4136 6450
545 360 611 424 31
1744 351 2228 433 TESTIMo'NIA
2258 352 2654 430 V'E'rsnun.
3755 360 3826 424 32

538 471 762 536 direxit.
796 476 1125 547 agnovimus
1149 462 1499 533 dilectiOiieni
1532 483 1687 530 tuam
1718 482 1971 547 ‘sdperno
2009 476 2285 546 adjittorio
2306 477 2594 533 nobiscum
2632 484 2743 532 tam
2774 476 3112 533 Nestor-inme
3143 474 3440 546 impietatis
3467 488 3631 544 quam
3656 471 3825 541 Euty-
3900 522 3907 527 .

538 565 749 623 chiana:
778 568 1014 625 vesaniae
1042 569 1322 627 exstitisse
1342 570 1643 626 victricem.
1679 568 1747 623 Et
1782 580 1898 640 post
1929 570 2059 624 alia.
2096 568 2203 626 Sed
2230 571 2547 628 benedictus
2575 571 2719 627 Deus
2756 582 2961 638 noster,
2987 573 3147 642 cujus
3170 569 3503 626 invincihilis
3534 567 3735 622 veritas
3759 567 3827 620 ab

537 659 688 718 omni
717 659 993 717 hmreseos
1015 661 1230 717 macula
1263 661 1531 717 mundum
1556 671 1608 716 te
1638 660 1943 715 secundum
1981 660 2130 716 sedis
2159 663 2474 731 apbstolicne
2494 662 2703 732 judicia
2732 662 3152 716 demonstravit.
3176 660 3276 716 Cui
3300 659 3521 731 dignam
3557 657 3824 712 retribues

536 771 639 829 pro
656 757 1031 813 totlaboribus
1061 759 1316 831 gratiam,
1349 756 1395 814 si
1420 758 1583 812 talem
1609 769 1680 822 te,
1708 752 1926 828 qualem
1951 757 2307 827 probavimus
2330 765 2393 813 ac
2414 760 2732 830 probamus,
2760 766 2858 828 pro
2884 757 3211 812 universalis
3231 755 3487 810 Ecclesiae
3504 753 3824 808 defensioue

537 850 867 905 servaveris.
911 848 1047 904 Nam
1075 850 1218 920 quod
1247 850 1395 906 Deus
1432 850 1683 906 omnium
1736 849 2210 905 calumniosorum
2253 849 2500 907 fallacias
2528 838 2713 915 solvit,
2750 850 3048 904 maximam
3089 847 3393 903 beatissimi
3434 844 3581 900 Petri
3630 860 3819 899 curam

535 959 637 1014 pro
670 942 830 998 nobis
874 944 1087 998 cunctis
1123 942 1496 1013 agnoscimus,
1540 941 1635 1012 qui
1676 952 1968 1012 postquam
2000 946 2117 995 sua:
2153 942 2302 999 sedis
2329 943 2595 1013 judicium
2636 943 2689 997 in
2739 941 2860 997 lldei
2894 940 3213 997 defensione
3243 939 3500 1004 lirmavit,
3532 954 3631 993 nec
3672 936 3819 993 circa

536 1033 863 1104 cujusquam
896 1043 1161 1099 vestrum,
1187 1034 1280 1104 qui
1317 1034 1604 1090 nobiscum
1638 1050 1740 1105 pro
1758 1034 2029 1090 catholica
2049 1033 2153 1089 ﬁde
2175 1036 2489 1100 laberastis,
2519 1041 2814 1106 personam
2850 1034 3155 1105 quidquam
3180 1035 3470 1103 reprobnm
3498 1032 3666 1087 videri
3703 1045 3824 1098 pcr-

536 1128 688 1183 misit
718 1144 733 1181 :
765 1128 896 1199 quia
925 1142 1027 1182 nec
1049 1137 1265 1197 p0terat
1286 1125 1491 1198 Spiritu
1514 1134 1711 1183 sancto
1740 1125 2022 1195 indicante
2050 1122 2343 1197 quisquam
2365 1141 2434 1182 ex
2459 1126 2540 1181 eis
2570 1138 2678 1180 non
2696 1124 2879 1180 victor
2910 1124 3194 1188 exsistere,
3223 1138 3457 1193 quorum
3483 1121 3600 1191 jam
3628 1121 3817 1173 vicerit

539 1220 694 1278 fides.

1289 1469 1552 1527 Germadii
1583 1462 1899 1541 presbyteri,
1930 1471 1985 1524 in
2001 1460 2147 1524 "libro
2186 1464 2262 1521 De
2312 1464 2441 1521 siris
2475 1454 2799 1531 illustribus,
2825 1470 2954 1536 ἐσμ.
2984 1463 3076 1519 89.

612 1579 1000 1640 Tbeodoretns
1042 1583 1338 1655 episcopus
1362 1584 1492 1657 Cyri
1527 1584 1764 1641 civitatis
1794 1584 1847 1656 (a
1871 1584 2014 1657 Cyro
2032 1583 2182 1639 enim
2210 1597 2336 1653 rege
2355 1581 2650 1641 Persarum
2677 1581 2899 1637 condita
2923 1586 3106 1638 servat
3129 1578 3401 1649 hodieque
3429 1576 3572 1648 apud
3604 1577 3822 1649 Syriam

537 1677 1061 1747 nomen'aucloris),
1098 1676 1390 1748 scripsisse
1415 1677 1619 1733 dicitur
1642 1679 1812 1734 multa
1843 1694 1857 1732 :
1890 1679 1959 1734 ad
1992 1692 2170 1734 meam
2193 1677 2386 1733 tamen
2419 1676 2673 1733 notitiam
2702 1674 2804 1730 ista
2836 1684 2968 1731 sunt
2993 1690 3118 1745 qua:
3145 1682 3435 1730 venerunt.
3462 1672 3536 1728 De
3564 1674 3821 1728 incarna-

535 1766 681 1823 tione
722 1766 939 1824 Domini
990 1770 1257 1827 advcrsus
1300 1769 1599 1843 Eutychem
1632 1772 2039 1844 presbyterum,
2069 1781 2124 1829 et
2152 1769 2478 1828 Dioscorum
2512 1768 2859 1826 Alexandriae
2909 1770 3255 1840 episcopum,
3297 1768 3392 1838 qui
3428 1768 3725 1823 humanam
3765 1766 3817 1819 in

534 1857 759 1917 Christo
789 1875 1012 1916 carnem
1036 1860 1209 1917 fuisse
1233 1871 1453 1933 negant,
1479 1862 1687 1933 scripta
1711 1862 1896 1928 fortia,
1923 1874 2021 1934 per
2043 1879 2167 1934 qua:
2197 1865 2488 1919 confirmat
2514 1869 2570 1917 et
2598 1860 2809 1915 ratione
2835 1862 2890 1917 et
2912 1859 3243 1916 testimoniis
3275 1858 3711 1930 Scripturarum,
3748 1858 3820 1912 ita

538 1951 690 2005 illum
731 1967 914 2008 veram
950 1961 1210 2010 maternae
1238 1954 1564 2010 substantia
1604 1971 1829 2012 carnem
1871 1956 2157 2021 habuisse,
2194 1970 2361 2025 quam
2401 1970 2470 2009 ex
2511 1961 2687 2010 matre
2722 1952 2949 2024 Virgine
2980 1960 3316 2022 sumpserat,
3352 1952 3498 2008 sicut
3532 1958 3588 2005 et
3631 1966 3817 2004 veram

538 2044 827 2113 Deitatem,
857 2062 1023 2118 quam
1052 2055 1258 2103 aeterna
1295 2049 1667 2105 nascibilitate
1694 2064 1727 2104 a
1763 2048 1876 2105 Deo
1909 2049 2073 2106 Patre
2105 2048 2365 2121 gignente
2390 2047 2507 2116 ipse
2536 2046 2815 2103 nascendo
2834 2044 3103 2116 suscepit.
3135 2046 3205 2101 Et
3231 2045 3417 2101 decem
3450 2043 3704 2098 Historia:
3729 2059 3820 2096 ec-

535 2138 849 2195 clesiasticae
886 2139 1030 2207 libri,
1058 2154 1199 2212 quos
1229 2141 1473 2198 imitatus
1503 2141 1807 2208 Eusebium
1845 2141 2240 2199 Caesariensem
2279 2139 2524 2211 scripsit,
2560 2139 2830 2210 incipiens
2862 2140 3032 2195 a'line
3066 2139 3335 2194 librorum
3371 2139 3617 2206 Eusebii,
3646 2153 3822 2207 usque

537 2231 603 2286 ad
661 2246 823 2287 suum
861 2240 1101 2304 tempus,
1142 2233 1197 2291 id
1224 2244 1329 2305 est,
1354 2250 1387 2291 a
1417 2234 2181 2293 Vicennaliltns‘Constantini
2202 2248 2383 2307 usque
2402 2234 2472 2291 ad
2496 2232 2790 2306 imperium
2810 2231 3022 2290 Leonis
3051 2232 3306 2301 senioris,
3334 2232 3438 2290 sub
3456 2249 3565 2305 quo
3590 2241 3645 2289 et
3668 2249 3819 2287 mor-

538 2332 665 2379 lllUS
690 2331 797 2379 est.

1217 2574 1475 2631 Theodori
1496 2575 1713 2632 abbatis
1754 2585 1805 2631 et
1840 2575 2138 2646 philosophi
2156 2577 2221 2631 "in
2251 2580 2578 2650 Argumenta
2606 2580 2798 2653 synodi
2827 2580 3125 2653 Ephesium.

606 2708 822 2782 Εὑρὲοη
849 2709 907 2764 δὲ
947 2709 1088 2783 μετὰ
1123 2711 1375 2768 Ἰωάννου
1403 2710 1752 2785 Θεοδώρητός
1776 2728 1883 2779 τις,
1916 2711 2126 2780 ἐλλογι-

520 2800 788 2874 μώτατος
811 2803 1033 2877 Κύρρου
1066 2804 1372 2871 ἐπίσκοπος
1392 2806 1605 2871 πόλεως
1633 2804 1981 2874 ἀνατολικῆς.
2022 2796 2128 2859 Οὗ-

513 2895 626 2960 7:0;
672 2894 813 2949 κατὰ
862 2894 1136 2967 Κυρίλλου
1185 2895 1389 2966 λέγων,
1434 2895 1853 2968 ἐπελαμϐάνετο
1888 2894 2127 2949 καὶτῶν

511 2972 741 3040 ῖδώδεκα
767 2986 1101 3054 κεφαλαίων,
1131 2978 1207 3041 ὧν
1229 2984 1472 3059 ἔγραψεν
1505 2987 1565 3039 ἐν
1591 2988 1659 3057 τῇ
1680 2984 1841 3057 τρίτῃ
1865 2984 2122 3056 ἐπιστολῇ

514 3079 599 3150 ’τῇ
634 3077 772 3149 πρὸς
807 3077 1128 3149 Νεστόριον.
1163 3078 1275 3132 Καὶ
1306 3077 1609 3148 ἁνέτρεπεν
1644 3077 1806 3142 αὐτὰ,
1840 3075 2016 3146 λέγων
2040 3076 2126 3131 ὅτι

528 3162 823 3241 ”Δρειανὸς
853 3170 1003 3225 ἐστιν
1034 3170 1064 3225 ὁ
1107 3169 1266 3241 ἆγιος
1302 3168 1596 3243 Κύριλλος,
1625 3169 1723 3224 καὶ
1750 3168 1821 3223 τὰ
1844 3162 2123 3241 Ἐύνομίου

531 3262 628 3317 καὶ
668 3258 1048 3334 ’Δπολιναρῑου
1079 3264 1287 3332 φρονεῖ.
1328 3261 1387 3316 '0
1416 3262 1524 3334 γὰρ
1546 3259 1816 3333 Κύριλλος
1839 3261 2124 3333 Νεστορίῳ

511 3353 955 3424 εάπομαχόμενος
1005 3353 1083 3426 τῷ
1136 3352 1433 3425 διαιροῦντι
1481 3355 1582 3425 τὴν
1626 3355 1963 3425 οἰκονομίαν,
2020 3354 2122 3425 τῆς

518 3428 779 3509 ’ἑνὼσεως
805 3445 1007 3517 μᾶλλον
1037 3446 1299 3531 φροντίδα
1326 3446 1651 3517 πεποίηται·
1676 3444 1799 3500 ὅθεν
1822 3447 1915 3500 καὶ
1944 3446 2123 3501 ἐδόκει

2302 2715 2440 2771 Cum
2475 2716 2686 2774 Joanne
2714 2718 2890 2773 adfuit
2915 2716 3295 2774 Theodoretus
3328 2715 3817 2787 eloquentissimus

2234 2809 2527 2882 episcopus
2568 2811 2696 2884 Cyri
2736 2810 2979 2867 civitatis
3008 2809 3313 2865 orientalis.
3355 2806 3459 2864 Hic
3488 2815 3681 2863 contra
3711 2806 3817 2879 Cy-

2234 2904 2416 2960 rillum
2441 2904 2937 2974 agens,duodecim
2963 2903 3085 2974 ejus
3107 2900 3343 2973 capitula
3369 2900 3817 2970 reprehendebat.

2232 3006 2355 3066 Quae
2387 2997 2440 3052 in
2474 2998 2633 3053 tertia
2662 2997 2730 3053 ad
2758 2996 3072 3053 Nestorium
3098 2992 3328 3065 epistola
3350 2991 3700 3061 conscripsit;
3730 3005 3819 3044 re-

2232 3086 2559 3158 fcllebatque
2596 3087 2710 3151 illa,
2740 3086 2932 3142 dicens
2964 3085 3231 3140 Arianum
3263 3098 3386 3140 esse
3418 3090 3670 3137 sanctum
3713 3080 3820 3152 Cy-

2232 3178 2440 3248 rillum,
2487 3187 2544 3235 et
2592 3194 2719 3234 cum
2775 3176 3048 3232 Eunomia
3109 3184 3165 3232 et
3225 3172 3532 3246 Apollinari
3590 3170 3816 3228 sentire.

2229 3272 2467 3343 Cyrillus
2510 3272 2715 3343 quippe
2767 3269 3021 3325 Nestorio
3078 3269 3339 3324 resistens
3386 3265 3816 3322 incarnationem

2228 3364 2515 3430 dividenti,
2537 3363 2801 3435 majorem
2826 3363 3049 3419 unionis
3067 3377 3257 3418 curam
3281 3374 3392 3431 prae
3414 3375 3476 3415 se
3499 3357 3653 3413 tulit:
3676 3353 3820 3413 unde

2229 3462 2285 3511 et
2317 3448 2664 3510 'l'heodoreto
2709 3452 2929 3509 unicam
2976 3460 3226 3507 naturam
3272 3452 3469 3505 docere
3505 3447 3816 3513 videbatur,

532 3555 651 3603 πως
691 3537 771 3610 τῷ
810 3538 1142 3609 Θεοδωρήτῳ
1196 3537 1273 3601 ὡς
1308 3536 1437 3609 μξαν
1468 3537 1633 3608 φύσιν
1658 3536 1921 3604 δοξάζων,
1952 3538 2030 3603 ὡς
2068 3539 2120 3592 οι

2229 3547 2372 3604 sicut
2392 3546 2581 3602 Ariani
2611 3556 2666 3603 et
2698 3545 3049 3617 Apollinaris.
3085 3543 3190 3600 Sed
3220 3555 3398 3614 neque
3441 3540 3819 3601 Theodoretus

542 3631 814 3701 ’Ᾱρειανοὶ
864 3631 958 3686 καὶ⁸
988 3632 1038 3685 οἱ
1069 3630 1197 3705 περὶ
1224 3630 1318 3684 τὸν
1363 3631 1759 3703 Ἀπολινάριον.
1802 3631 1948 3704 Πλὴν
1993 3629 2120 3686 οὗτε

511 3709 879 3795 Ὃεοδὼρητος
905 3710 1156 3793 auinam
1185 3722 1407 3777 πώποτε
1450 3722 1546 3778 τὸν
1594 3724 1894 3795 Νεστόριον
1942 3723 2119 3794 ὅπερ·

517 3812 863 3882 ἰμαχόμενος,
891 3811 1029 3867 ἀλλὰ
1055 3812 1217 3883 μόνον
1239 3812 1330 3866 τὸν
1354 3812 1627 3886 Κύριλλον
1650 3814 1832 3886 ἀῆτομε
1842 3815 2121 3887 μφόμενος

512 3888 622 3960 ‘sa
650 3905 751 3977 τὴν
790 3904 1081 3977 συμεᾶσαν
1112 3906 1193 3969 εἰς
1221 3905 1480 3976 Ἰωάννην
1507 3905 1759 3977 ἀτιμλαν.
1796 3904 1860 3960 Et
1898 3906 1957 3961 δὲ
1990 3904 2121 3979 βού-

518 3986 683 4054 λεταί
721 3998 807 4063 τίς
840 3998 1066 4068 γνῶναι,
1100 3998 1185 4052 ὅτι
1233 3998 1582 4070 Θεοδώρητος
1624 3989 1721 4054 xiii.
1768 3998 1888 4054 λίαν
1930 4000 2118 4072 ἐμίσει

515 4076 847 4163 ῖΝεστὸριον,
881 4090 1105 4162 ἀναγνῷ
1130 4090 1192 4145 τὸ
1221 4090 1351 4162 περὶ
1375 4091 1486 4147 τῶν
1514 4092 1783 4164 αἱρέσεων
1807 4093 1959 4167 αὐτῷ
1986 4094 2120 4150 Osco

511 4174 762 4257 δδωρήτῳ
780 4184 1174 4258 γεγραμμένον
1212 4184 1438 4257 βιϐλίον.

2227 3636 2539 3697 Nestorium
2589 3639 2885 3696 defendere
2927 3651 3171 3708 unquam
3208 3636 3362 3692 visus
3393 3643 3499 3699 est,
3526 3633 3621 3691 sed
3647 3631 3821 3704 Cyvil-

2228 3733 2342 3789 lum
2374 3734 2637 3789 duntaxat
2676 3747 2943 3790 accusare
2971 3731 3044 3787 ob
3068 3731 3274 3786 illatam
3303 3726 3503 3784 Joanni
3527 3735 3815 3783 contume-

2228 3826 2378 3882 liam.
2409 3826 2567 3894 Quod
2613 3827 2660 3883 si
2702 3825 2827 3897 quis
2865 3840 3028 3882 nosse
3057 3823 3187 3879 velit
3209 3836 3440 3878 exosum
3466 3822 3820 3875 vehementer

2226 3915 2574 3974 Theodoreto
2607 3916 2777 3973 fuisse
2824 3914 3158 3979 Nestorium,
3207 3914 3412 3968 librum
3466 3911 3609 3982 legat
3649 3922 3818 3980 quem

2226 3998 2607 4068 Theodoreus
2632 4010 2750 4082 ipse
2780 4009 3045 4066 Adversus
3076 4007 3302 4063 ltwreses
3325 4001 3657 4076 composuit.

1275 4412 1506 4471 Joannis
1546 4414 1824 4474 Eucliaita:
1863 4418 1918 4474 in
1952 4417 2159 4494 Elogiis
2201 4421 2524 4491 scriptorum
2558 4418 3065 4474 ecclesiasticarum.

666 4542 1074 4629 (‘EVI'O’fOpﬁO’ag
1098 4557 1229 4622 τοὺς
1254 4562 1456 4629 σοφοὺς
1483 4561 1837 4628 διδασκάλους

658 4644 786 4704 ’Καὶ
816 4649 909 4703 τὸν
943 4648 1290 4721 Θεοὸὠρητον
1328 4652 1512 4717 αὐτοῖς
1546 4655 1832 4726 ἐγγράφω,

594 4794 599 4797 _
688 4739 777 4804 Ὧς
806 4740 978 4811 ἄνδρα
1010 4740 1176 4809 θετον,
1213 4741 1291 4806 ὡς
1319 4741 1640 4798 διδάσκαλον
1672 4745 1867 4816 μέγαν,

681 4824 772 4898 Ὦς
835 4818 1175 4904 ἀκρᾶδαντον
1202 4834 1514 4903 ὁρθοδοξίας
1548 4836 1760 4893 στύλον.

674 4925 773 4977 Ἂν
802 4922 848 4978 δ’
878 4923 1142 4995 ἐκλονήθη
1178 4926 1375 4997 μικρὸν
1400 4926 1463 4980 ἐκ
1490 4944 1638 4991 τινος
1666 4928 1860 5000 τύχης,

676 5008 1113 5085 ,Λνοριιῖποςῆνο
1145 5015 1419 5084 ἆνθρωπε,
1456 5018 1530 5088 μὴ
1567 5020 1902 5094 κατακρίνῃς
1923 5038 1937 5052 ο

655 5103 751 5163 ’οὑ
782 5108 890 5178 γὰρ
918 5106 1475 5182 το²σοῦτοεγδυσσε6ὴς
1508 5107 1576 5183 ἦν
1603 5112 1632 5164 ὁ
1666 5113 1876 5179 κλόνος,

672 5187 843 5253 δ’οσον
867 5201 1087 5271 μετεῖχε
1114 5202 1216 5272 τῆς
1249 5202 1535 5272 ἐριστικῆς
1564 5204 1706 5274 βίας.

670 5278 743 5344 ’Τί
774 5292 925 5362 γάρ-ς
968 5292 1235 5361 Κύριλλον
1269 5295 1551 5366 πανταχοῦ
1576 5300 1733 5367 νικᾷν
1762 5298 1890 5361 ἔδει,

664 5385 790 5437 ’Καὶ
812 5385 1181 5458 δογματιστὴν
1220 5387 1369 5455 ὅντα,
1408 5391 1501 5443 καὶ
1536 5390 1901 5461 λογογράφον.

677 5476 868 5547 Ὅμως
894 5478 951 5532 δὲ
984 5479 1159 5547 τούτῳ
1189 5482 1281 5534 καὶ
1306 5482 1615 5552 διώροωται
1655 5484 1837 5538 πάλιν.

677 5567 760 5619 Τὰ
793 5567 837 5621 δ’
859 5567 995 5621 ἄλλα
1031 5571 1206 5623 πάντα
1235 5570 1345 5623 τῶν
1378 5571 1653 5640 μεγίστων
1686 5572 1963 5641 ποιμένων

684 5658 907 5712 Βλεπων
936 5660 1026 5713 τὸν
1053 5662 1223 5733 ἄνδρα
1258 5663 1484 5733 μηδενὸς
1505 5662 1886 5735 λελειμμένον·

694 5748 955 5807 Ἐνταῦθα
983 5753 1200 5819 τούτοις
1223 5754 1450 5819 εἰκὰτως
1482 5755 1867 5828 συνεγγράφω.

2224 4568 2424 4621 doctos
2455 4566 2752 4635 magistros
2777 4562 2972 4619 litteris
3011 4562 3140 4618 dum
3164 4577 3493 4633 prosequor,

2219 4654 2353 4712 .lnre
2377 4655 2757 4712 Theodoretus
2790 4657 2929 4711 inter
2961 4655 3064 4711 hos
3087 4656 3398 4710 censendus
3423 4660 3527 4720 est,

2224 4748 2451 4805 Divinus
2479 4759 2539 4803 ut
2567 4749 2668 4815 vir,
2694 4758 2752 4803 ut
2779 4748 3039 4819 magister
3069 4746 3333 4817 optimus,

2221 4839 2372 4896 Fidei
2403 4840 2721 4895 orthodoxae
2746 4855 2845 4896 ceu
2877 4839 3133 4894 columna
3167 4838 3487 4893 immobilis.

2222 4931 2430 4999 Quodsi
2465 4944 2761 5001 parumper
2787 4929 2927 4986 forte
2960 4929 3199 5001 quadam
3243 4940 3425 4985 motus
3458 4938 3562 4995 est,

2222 5024 2398 5079 llomo
2423 5033 2562 5089 erat,
2597 5023 2691 5094 qui
2719 5023 2881 5077 homo
2903 5039 2983 5087 es,
3007 5038 3077 5078 ne
3101 5023 3309 5078 crimen
3336 5022 3561 5087 inferas,
3586 5037 3735 5076 cave.

2222 5115 2340 5172 Non
2375 5126 2482 5172 tam
2510 5117 2751 5174 sinistra:
2789 5126 2975 5172 motus
3012 5115 3102 5172 hic
3127 5115 3437 5181 sentcntiae,

2222 5212 2395 5277 Quam
2423 5210 2717 5281 pertinacis
2744 5211 2982 5279 impetus
3005 5225 3199 5280 pugna:
3225 5208 3358 5265 fuit.-

2221 5303 2365 5370 Quid
2403 5302 2590 5358 enim?
2617 5302 2882 5375 Cyrillum
2921 5304 3124 5374 ubique
3156 5302 3374 5356 vincere
3399 5315 3497 5371 par
3530 5310 3668 5365 erat,

2224 5394 2466 5449 Summa:
2492 5396 2668 5450 virum
2696 5396 2961 5450 doctrinm
2983 5404 3037 5449 et
3064 5394 3416 5463 eloquentia).

2224 5486 2331 5540 Sed
2366 5497 2553 5554 postea
2584 5489 2688 5540 hoc
2724 5484 2903 5554 ipsum
2939 5484 3056 5553 ipse
3084 5483 3326 5539 correxit
3357 5492 3541 5536 tamen

2225 5571 2383 5627 llunc
2415 5587 2545 5643 ergo
2580 5588 2811 5628 cernens
2836 5571 3050 5627 ca‘teris
3079 5573 3132 5626 in
3168 5573 3427 5627 omnibus

2227 5663 2342 5719 Non
2374 5665 2640 5733 imparem
2662 5680 2785 5721 esse
2816 5663 3070 5717 maximis
3098 5665 3433 5733 pastoribus,

2228 5757 2420 5813 Merito
2446 5758 2586 5813 inter
2619 5757 2745 5813 illos
2784 5758 2889 5812 hoc
2920 5757 3041 5813 loco
3070 5757 3343 5815 rcccnsui.

2306 5902 2343 5921 Ι
