4136 6448
467 393 537 459 35
1421 389 1521 449 DE
1556 386 1729 447 VITA
1774 386 1869 445 ET
1906 384 2253 445 SCRIPTIS
2286 384 2778 445 THEODORETI
3671 380 3741 442 35

644 503 791 559 Idem
822 504 875 558 in
910 501 1109 557 librum
1145 500 1209 558 II
1238 494 1460 573 Regum,
1483 512 1676 573 (μείρει.
1706 499 1924 566 XLIII,
1963 501 2025 555 de
2058 502 2251 571 hymno
2284 505 2525 573 loquens.
2566 518 2655 555 seu
2681 502 2891 558 cantico
2930 497 3148 553 Doridis
3176 497 3237 550 ab
3267 496 3560 550 rirtorimn.

541 623 821 675 Consonat
850 626 1033 672 autem
1071 617 1285 687 psalmo
1312 632 1443 680 xvn,
1477 616 1559 668 vel
1590 615 1769 684 potius
1799 614 1938 667 idem
1959 622 2064 679 est,

469 726 669 781 paucas
716 708 924 762 habens
981 709 1267 762 nominum
1320 708 1669 759 mutationes.
1716 705 1828 774 Ego
1880 715 2061 759 autent

467 819 592 857 cum
618 802 744 857 aliis
769 800 1001 856 Psalmis
1025 801 1174 856 hunc
1196 814 1418 870 quoque
1441 799 1851 869 interpretatus,
1877 814 2066 867 super.

468 909 775 963 vaeaneum
826 893 1138 949 existimavi
1184 891 1483 947 secundam
1521 905 1851 961 componere
1889 890 2055 944 inter-

471 986 854 1057 pretationem.

2055 1189 2126 1207 ρ.

2233 615 2391 668 Ἐστι
2416 615 2473 668 δὲ
2497 613 2789 684 σύμφωνος
2816 610 2897 682 τῷ
2928 609 2993 675 ιζ’
3014 609 3237 680 ψαλμῷ,
3270 608 3469 679 μᾶλὶον
3497 609 3553 661 δὲ
3583 609 3744 675 αὐτός

2161 709 2333 772 ἐστιν,
2379 706 2567 775 ὀλίγας
2616 705 2757 783 εχῳν
2800 703 3080 773 ὀνομάτων
3125 699 3449 783 ὲνᾳξ.ὶ.ᾳγάς.
3505 700 3646 783 Ἰξγῲ
3687 700 3745 753 δὲ

2162 801 2303 874 μετὰ
2347 799 2455 852 τῶν
2501 798 2679 853 ἄλλων
2704 796 2952 867 Ψαλμῶν
2994 794 3089 848 καὶ
3136 775 3743 874 τοῧίεὸνὲρμηνιὲᾷσας,

2160 889 2416 963 περιττὸν
2480 888 2754 942 ὑπέλαὸον
2783 876 3082 958 ’δευτέραν
3142 883 3443 957 ἑρμηνείαν
3511 868 3745 956 forﬁcu-

2162 981 2309 1047 σθαι.

1235 1314 1564 1386 ΝἱερμΙιυνυε
1590 1316 1685 1371 lib.
1717 1332 1823 1380 vtv,
1861 1332 1974 1385 mp.
2005 1314 2095 1378 5i,
2128 1312 2440 1367 Theodoreti
2469 1328 2628 1379 Opera
2666 1327 3003 1366 enumerans.

544 1426 809 1485 Similiter
834 1437 888 1484 et
912 1429 967 1486 in
992 1429 1228 1486 Psaltcm
1257 1429 1404 1484 aliud
1426 1444 1568 1499 opus
1599 1429 1841 1500 reliquit.

2245 1425 2523 1490 Ὡσαύτως
2553 1425 2648 1480 καὶ
2672 1427 2751 1491 εἰς
2779 1425 2871 1480 τὸν
2899 1423 3171 1496 Ψαλτῆρα
3196 1422 3282 1478 ’ἐτε
3295 1440 3386 1496 ρον
3410 1421 3750 1495 σύγγραμμα

2161 1522 2476 1576 κατέλιπεν.

1550 1875 2675 2017 ΠΙΒΞΕΒΤΑΤΙΟ

981 2122 1131 2215 DE
1218 2122 1507 2224 VITA
1589 2120 1741 2227 ΕΤ
1806 2119 2343 2222 SCRIPTIS
2405 2120 3236 2219 THEODORETI.

2079 2337 2155 2367 θ’.

541 2465 624 2542 [ὃ]
658 2467 988 2540 Dignissima
1027 2477 1112 2524 est
1142 2482 1266 2539 quae
1311 2475 1600 2529 enarratur
1638 2464 1756 2523 Vita
1804 2467 2058 2523 Theodo—
2089 2479 2134 2538 Α
2163 2468 2297 2537 Qum
2326 2485 2451 2527 cum
2488 2471 2563 2527 ita
2594 2472 2727 2538 sint,
2758 2489 2981 2549 auream
3032 2477 3466 2547 mediocritatem
3524 2494 3751 2550 servare

471 2561 598 2628 reti,
629 2561 745 2615 sive
793 2560 1152 2631 multiplicem
1194 2560 1294 2615 viri
1333 2560 1659 2627 doctrinam,
1692 2560 1807 2615 sive
1853 2561 2058 2615 variam

470 2654 594 2725 eius
627 2653 904 2709 fortunam
934 2661 1271 2723 spectemus.
1346 2653 1464 2720 Illa,
1525 2662 1587 2708 ut
1642 2652 2056 2708 admirationem

470 2745 621 2801 omni
652 2746 1055 2817 jnremerctur,
1088 2745 1163 2799 ita
1196 2759 1418 2815 quoque
1443 2745 1673 2799 multam
1707 2760 1806 2800 nos
1836 2745 1902 2799 ad
1935 2743 2062 2799 imi-

471 2839 732 2894 tationem
764 2836 1039 2892 excitandi
1071 2838 1180 2891 vim
1218 2838 1414 2905 habet;
1450 2836 1566 2892 hmc
1597 2852 1748 2900 vero,
1780 2838 1880 2892 etsi
1912 2847 2062 2892 tanto

476 2930 605 2987 Viro
638 2931 825 2986 minus
855 2930 1014 3001 digna
1055 2930 1225 2986 videri
1244 2930 1439 3001 possit,
1470 2914 1649 2984 tamen
1680 2945 1933 2999 magnam
1965 2938 2063 2984 tto-

472 3024 557 3080 bis
585 3033 815 3096 praestat
841 3025 1158 3079 utilitatem.
1209 3022 1417 3104 Illustri
1477 3022 1622 3095 enim
1657 3022 1908 3092 exemplo
1952 3038 2062 3087 suo

473 3132 575 3172 nos
604 3113 1204 3183 docuitheodoretus,
1239 3125 1354 3170 tum
1372 3130 1496 3184 qua:
1526 3114 1683 3170 nobis
1713 3113 2060 3185 ingredienda

473 3209 546 3265 sit
584 3208 695 3276 via,
736 3208 782 3263 si
839 3208 908 3263 de
937 3215 1086 3264 metu
1126 3206 1444 3263 Christiano
1479 3205 1617 3262 bene
1657 3206 1853 3261 mereri
1903 3208 2062 3261 volu-

472 3318 619 3371 mus,
654 3312 767 3357 tum
801 3310 1004 3371 quanta
1039 3316 1179 3373 opus
1208 3300 1280 3357 sit
1306 3300 1819 3371 circumspectione,
1852 3316 1916 3356 ne
1941 3301 2063 3355 vine

473 3412 597 3452 cum
663 3395 823 3450 laude
871 3404 1008 3450 actae
1063 3402 1119 3449 et
1188 3394 1429 3449 nominis
1492 3393 1682 3464 gloriae
1760 3393 1842 3448 vel
1924 3392 2060 3449 levis

476 3498 805 3558 aspergatur
836 3486 1071 3541 macula.
1095 3471 1329 3555 Norant,
1359 3491 1626 3554 quotquot
1656 3482 1838 3538 smeuli
1867 3498 1896 3535 v
1923 3495 1977 3537 et
2007 3498 2060 3539 vt

443 3593 541 3634 iac
572 3579 932 3649 synodorum,
981 3591 1215 3654 quarum
1245 3576 1510 3630 memoria
1560 3575 1614 3630 in
1654 3576 1768 3631 bazc
1816 3586 2059 3654 tempora

474 3670 689 3746 incidit,
726 3660 1015 3744 historiam
1061 3650 1485 3746 consuluerunt,
1529 3683 1695 3739 quam
1723 3667 1926 3722 variam
1951 3650 2060 3722 tor-

475 3745 664 3825 tunam
715 3769 973 3832 expertus
1030 3760 1102 3816 sit
1157 3757 1559 3827 Theudor-etus,
1635 3759 1795 3830 cujus
1844 3761 2054 3824 eadem,

472 3870 595 3928 quae
628 3855 759 3910 olim
790 3853 1011 3910 Eusebii
1074 3853 1453 3918 Caesariensis,
1509 3868 1631 3908 sors
1704 3853 1825 3908 fuit.
1883 3850 2055 3919 Quem

472 3949 620 4005 enim
652 3947 872 4018 plurimi
906 3948 1143 4003 summis
1191 3956 1534 4002 exornarunt
1577 3946 1853 4009 laudibus,
1899 3960 2059 4000 eum-

472 4042 598 4097 dem
633 4041 727 4096 alii
762 4040 833 4095 de
858 4039 963 4094 ﬁde
991 4049 1307 4111 suspectum
1360 4039 1690 4104 habuerunt,
1756 4052 1855 4092 sua
1911 4053 2060 4093 com-

474 4136 737 4191 munione
775 4133 866 4187 vix
896 4132 1118 4202 dignum
1150 4141 1436 4203 putarunt,
1467 4141 1523 4187 et
1549 4146 1671 4201 quae
1702 4146 1891 4185 eorum
1933 4140 2060 4184 tetu-

473 4243 669 4300 porum
709 4225 815 4281 fuit
843 4225 1124 4296 iniquitas,
1163 4224 1512 4279 anathemate
1562 4223 1847 4279 fererunt.
1904 4222 2057 4279 Haud

475 4318 648 4403 multo
680 4314 1055 4403 14]?quiores
1085 4323 1277 4370 nostro
1302 4314 1466 4369 etiam
1511 4322 1757 4384 tempore
1789 4314 2056 4385 quosdam

475 4414 686 4488 invenit
707 4413 941 4499 judiees,
983 4430 1176 4503 contra
1201 4437 1339 4492 qttos
1373 4419 1593 4476 diﬂicile
1628 4430 1714 4475 est
1738 4421 2057 4494 Apologiam

475 4532 585 4571 non
616 4493 881 4569 sctibcre.
915 4493 1009 4569 llis
1042 4493 1270 4591 omnino
1295 4511 1701 4568 accensendum
1730 4528 1853 4568 esse
1904 4493 2061 4584 puta-

474 4623 598 4662 mus
645 4606 1002 4669 Garneriutn,
1050 4596 1145 4674 qui
1197 4605 1404 4675 passim
1463 4603 1517 4658 in
1570 4603 2060 4663 Dissertationibns

473 4717 613 4770 qttas
645 4698 907 4754 Anetario
937 4712 1039 4753 suo
1071 4700 1391 4768 complexus
1419 4706 1523 4763 est,
1556 4697 1814 4752 acerbum
1866 4699 2062 4754 adver-

474 4809 570 4849 sus
592 4793 911 4862 scriptorem
944 4799 1190 4873 nostrum
1215 4790 1323 4872 egit
1356 4790 1618 4867 judicent,
1641 4790 1728 4845 cui
1761 4801 1938 4846 tamen
1963 4806 2060 4861 po-

475 4889 583 4941 li'us
613 4902 772 4956 quam
793 4885 1138 4940 'l‘beoJoreto
1175 4883 1443 4957 accidisse
1472 4883 1883 4956 cristimamus,
1909 4883 2057 4953 quod

475 4981 511 5034 ι.
537 4995 587 5033 c.
619 4994 673 5048 p.
708 4977 831 5042 H5,
867 4976 935 5031 de
981 4973 1178 5030 Nostro
1209 4975 1362 5057 dicit,
1404 4995 1422 5050 ᾳ
1457 4976 1509 5031 Id
1545 4992 1741 5047 passus
1774 4984 1877 5032 est.
1912 4976 2059 5046 quod

473 5071 654 5125 solent
685 5067 827 5124 oculi
873 5067 1221 5123 vehementer
1250 5068 1464 5124 affet-ti:
1517 5070 1669 5142 visus
1729 5078 1815 5124 est
1866 5084 2060 5139 nempe

2164 2562 2529 2632 studebimus,
2583 2580 2651 2620 ne
2712 2566 2795 2622 vel
2848 2567 3051 2649 iniquis
3108 2570 3557 2648 accusationibus
3616 2570 3750 2629 Viro

2160 2656 2373 2727 Optimo
2412 2670 2620 2729 partem
2668 2659 2847 2717 laudis
2890 2663 3200 2729 detrahere,
3256 2666 3336 2719 vel
3399 2666 3570 2721 nimio
3631 2667 3751 2723 lau-

2163 2749 2355 2813 dandi,
2377 2762 2469 2805 aut
2493 2751 2539 2807 si
2570 2753 2699 2823 quid
2738 2752 2959 2808 humani
2993 2771 3188 2825 passus
3215 2768 3296 2812 est
3320 2756 3540 2824 Noster,
3584 2758 3750 2815 dissi—

2166 2842 2411 2908 mulandi
2455 2843 2658 2918 studio,
2693 2861 2725 2902 a
2770 2848 2997 2904 veritate
3050 2849 3232 2905 aliena
3294 2852 3512 2907 tradere
3563 2852 3749 2908 videa-

2167 2953 2310 2990 Illlll‘.

2234 3026 2313 3082 Ne
2336 3029 2532 3106 ordine
2558 3039 2744 3114 careat
2774 3031 2892 3088 haec
2915 3034 3099 3089 omnis
3127 3032 3452 3106 Disputatio,
3484 3046 3592 3094 tres
3618 3053 3753 3094 con-

2167 3119 2461 3176 stituemus
2501 3132 2685 3193 partes
2720 3121 2857 3179 Vita;
2886 3122 3240 3181 Theodoreti.
3272 3129 3456 3184 Prima
3505 3132 3750 3186 narrabit

2164 3210 2285 3279 ejus
2317 3212 2640 3282 primordia,
2678 3230 2970 3271 successus
2999 3231 3064 3271 ac
3095 3218 3274 3273 studia
3309 3236 3486 3291 usque
3529 3223 3596 3277 ad
3646 3239 3749 3278 au-

2166 3317 2297 3356 num
2329 3302 2492 3358 istum
2528 3319 2639 3373 quo
2662 3305 2731 3360 ad
2779 3306 3145 3378 episcopalem
3176 3310 3497 3381 dignitatem
3527 3323 3749 3371 evectus

2163 3405 2264 3473 est.
2306 3395 2557 3475 secunda
2585 3408 2825 3468 exponet
2874 3400 2941 3455 de
2969 3390 3135 3465 rebus
3172 3382 3343 3475 'gestis
3397 3406 3519 3476 ejus
3576 3423 3751 3476 usque
3775 3409 3787 3420 '

2164 3487 2230 3541 ad
2258 3488 2549 3566 concilium
2576 3488 3038 3567 Clualcedqnense,
3056 3509 3153 3549 seu
3171 3498 3574 3555 (ecumcnicum
3593 3516 3751 3569 quar-

2162 3587 2304 3660 tum.
2343 3579 2527 3653 Tertia
2554 3582 2792 3654 denique
2825 3587 3130 3654 recensebit
3169 3590 3360 3663 ultima
3391 3592 3510 3662 ejus
3543 3594 3651 3648 fata
3693 3604 3752 3650 et

2163 3682 2349 3746 motus
2380 3685 2504 3744 post
2530 3677 2741 3731 obitum
2783 3678 2930 3736 illius
2987 3691 3157 3747 ortos,
3213 3683 3416 3753 quibus
3479 3684 3641 3740 tinem
3698 3685 3750 3741 si

2167 3780 2274 3819 non
2322 3766 2468 3839 fecit,
2504 3766 2684 3850 facere
2710 3769 2903 3825 saltem
2932 3770 3121 3835 debuit
3147 3775 3445 3831 concilium
3477 3777 3751 3834 Cerretan-

2166 3858 2588 3928 tin0p0litanum
2620 3874 2715 3916 seu
2767 3864 3169 3919 (acumenicum
3197 3866 3473 3937 quintum.

2232 3949 2408 4016 Quam
2461 3954 2720 4009 nascendi
2778 3966 2981 4010 sortem
3039 3954 3289 4013 habuerit
3344 3958 3748 4031 Theodorctus,

2162 4042 2564 4115 ignoraremus“,
2594 4046 2697 4100 nisi
2735 4047 2851 4117 ipse
2884 4047 3054 4118 (Hist.
3107 4051 3255 4122 relig.
3291 4067 3411 4124 cap.
3448 4053 3538 4124 15)
3572 4070 3747 4125 pauca

2161 4139 2451 4209 attigisset,
2485 4154 2514 4195 e
2535 4141 2735 4211 quibus
2766 4143 3064 4214 colligitur,
3108 4159 3234 4200 eum
3257 4145 3565 4203 Antiochia:
3598 4150 3747 4205 circa

2162 4231 2226 4285 A.
2263 4232 2325 4287 Ο.
2360 4231 2487 4299 586,
2525 4233 2578 4286 in
2611 4234 2788 4290 lucem
2847 4235 3056 4290 editum
3098 4252 3245 4302 esse,
3276 4240 3378 4294 etsi
3428 4240 3508 4313 [5]
3548 4241 3750 4317 Fabri-

2162 4325 2283 4381 cius
2316 4324 2599 4396 (Biblioth.
2630 4324 2725 4380 Gr.
2758 4327 2869 4382 vol.
2902 4327 3015 4393 VII,
3048 4345 3098 4400 p.
3130 4330 3255 4401 450)
3290 4309 3506 4389 natales
3529 4309 3746 4405 ejusad

2160 4418 2229 4473 A.
2254 4417 2317 4472 C.
2344 4419 2450 4473 595
2479 4420 2683 4474 referre
2720 4421 2995 4478 maluerit.
3021 4422 3139 4479 Non
3188 4401 3611 4482 immorabimur
3639 4401 3749 4483 mi.-

2161 4510 2366 4564 raculis
2404 4511 2753 4568 recensendis
2800 4529 2924 4583 qua:
2950 4513 3066 4584 ipse
3116 4516 3238 4571 loco
3293 4516 3405 4585 jam
3463 4518 3631 4573 citato
3679 4520 3751 4573 de

2163 4601 2483 4657 Macedonio
2512 4603 2708 4659 Aseeta
2739 4604 2924 4672 refert,
2955 4607 3116 4677 cujus
3151 4610 3406 4679 precibus
3437 4626 3593 4666 suam
3651 4627 3751 4666 na-

2162 4693 2429 4749 tivitatcm
2456 4695 2669 4751 tribuit.
2702 4694 2830 4754 llaec
2889 4698 3011 4754 ideo
3043 4709 3256 4757 tantum
3318 4703 3624 4772 attigimus,
3690 4714 3750 4758 ut

2161 4798 2446 4858 appareat,
2505 4803 2632 4843 eum
2687 4790 2896 4847 dictum
2945 4790 3122 4846 fuisse
3164 4791 3553 4865 ’Θεοδὼρητον,
3615 4796 3744 4865 quia

2163 4880 2486 4947 parentibus
2524 4896 2556 4935 a
2590 4881 2702 4936 Deo
2732 4882 2891 4953 quasi
2941 4883 3180 4940 donatus
3213 4895 3355 4940 erat.
3382 4884 3508 4942 ‘Non
3548 4887 3747 4941 ialluu-

2162 4981 2252 5024 tur
2283 4972 2467 5041 itaque
2495 4972 2590 5044 qui
2625 4990 2820 5029 nomen
2881 4976 3003 5045 ejus
3050 4974 3238 5033 Gratce
3278 4993 3375 5049 per
3430 4996 3466 5051 η
3506 4980 3747 5055 scribere

2157 5063 2371 5132 jubent,
2398 5071 2544 5136 quod
2581 5067 2633 5121 in
2661 5069 2947 5125 codicibus
2978 5071 3145 5125 etiam
3179 5070 3294 5129 ﬁeri
3321 5058 3746 5134 observavimus

472 5165 577 5220 sibi
614 5164 799 5218 videre
829 5173 996 5218 totam
1028 5178 1086 5217 re
1108 5163 1227 5233 ipsa
1283 5165 1537 5225 Ineresiu,
1594 5165 1908 5233 ubicunque
1973 5166 2053 5218 vel
2083 5171 2125 5225 C
2162 5169 2449 5228 postquam
2500 5162 2713 5229 primus
2747 5162 2851 5217 hoc
2903 5177 3004 5218 nos
3052 5163 3242 5219 docuit
3282 5162 3404 5219 λοι.
3466 5165 3627 5222 Piens
3688 5147 3742 5253 in

472 5258 702 5312 minima
734 5258 947 5327 species
977 5256 1284 5326 umbraque
1333 5264 1673 5312 orem-teret.
1723 5275 1741 5308 ι
1813 5255 2057 5321 Fuerunt

471 5359 654 5404 autem
691 5350 841 5404 omni
874 5361 1137 5421 tempore,
1170 5350 1264 5420 qui
1295 5365 1517 5407 causam
1571 5345 1898 5403 Theodoreti
1960 5350 2057 5403 de-

473 5443 755 5498 fendentes
781 5442 883 5513 ipsi
919 5443 1130 5497 veritati
1165 5441 1491 5511 patrocinati
1527 5448 1677 5505 sunt,
1736 5441 1841 5497 etsi
1911 5441 2057 5496 Cou-

471 5536 652 5601 siuus,
687 5538 779 5606 qtti
817 5535 871 5590 in
904 5533 1230 5590 Praefationc
1263 5533 1330 5588 ad
1373 5534 1875 5604 interpretationem
1926 5532 2056 5588 Gal‘

470 5628 632 5684 licam
685 5628 944 5684 Historia!
977 5628 1163 5683 eccles.
1197 5626 1521 5683 Theodoreti
1557 5642 1755 5698 magno
1785 5642 1909 5682 cum
1966 5643 2055 5682 ar-

469 5720 602 5774 dore
630 5737 727 5789 pro
761 5722 852 5774 illo
874 5720 1152 5791 pugnavit,
1181 5729 1233 5775 et
1264 5719 1489 5774 forsitan
1514 5718 1759 5774 nonnulli
1791 5719 1880 5773 alii
1908 5718 2051 5791 haud

474 5811 750 5892 itnttterito
782 5812 962 5867 nimia:
1014 5812 1066 5866 itt
1104 5810 1254 5866 illum
1284 5809 1580 5866 voluntatis
1616 5811 1690 5867 rei
1721 5804 2049 5865 habeantur.

2164 5251 2333 5311 l’rarL.
2362 5254 2429 5309 ad
2464 5252 2796 5309 Theodoreti
2835 5255 3178 5322 Quaemimtes
3210 5256 3264 5310 in
3320 5251 3742 5329 (lcuteuchnm,

2161 5360 2301 5413 quas
2324 5345 2511 5401 Grtece
2539 5347 2711 5401 edidit
2738 5346 2913 5404 Paris.
2945 5362 2997 5401 a.
3033 5348 3194 5403 1558.
3229 5348 3369 5402 Idem
3405 5366 3627 5421 quoque
3651 5354 3745 5407 de-

2162 5434 2385 5491 fendere
2447 5439 2662 5492 videtur
2697 5436 2919 5504 Suidas,
2977 5440 3071 5509 qui
3127 5437 3460 5512 Θεοδὼριτος
3524 5444 3742 5514 quidem

2163 5543 2360 5583 nnmen
2396 5528 2681 5599 proprium
2714 5544 2838 5584 esse
2868 5531 3153 5600 observat,
3186 5533 3412 5603 alteram
3451 5549 3579 5589 vero
3607 5535 3745 5591 seri-

2161 5619 2319 5676 bendi
2348 5622 2613 5674 tationem
2655 5621 2939 5675 meliorem
2983 5636 3104 5677 esse
3129 5623 3273 5678 haud
3315 5623 3554 5683 obscure
3600 5624 3755 5703 indit

2160 5720 2270 5780 cat,
2307 5715 2487 5768 verbis
2514 5714 2634 5769 istis
2659 5730 2782 5784 qua:
2825 5716 3075 5786 proxima
3105 5728 3257 5785 sunt,
3290 5718 3639 5790 Θεοεὼρητος
3679 5722 3736 5776 δὲ

2156 5807 2248 5862 διὰ
2280 5808 2373 5862 τοῦ
2410 5826 2443 5879 η
2469 5810 2502 5881 ἡ
2532 5809 2710 5880 δωρεὰ
2740 5810 2833 5863 toi)
2863 5809 3023 5864 Θεοῦ.
3080 5809 3349 5870 Nolumus
3406 5823 3588 5873 tamen
3632 5811 3744 5869 illis
