4136 6444
329 393 378 455 3i

1801 405 1999 465 DlSSE

2104 405 2220 464 L‘AT
2231 405 2327 464 10.
3619 403 3691 467 38

335 523 660 580 magnopere
683 511 1037 581 adversari,
1074 515 1184 588 qui
1207 530 1402 570 nomen
1436 517 1567 571 illud
1599 533 1730 587 per:
1754 519 1998 574 scribere
2032 530 2069 581 Α
2103 521 2343 586 cogitur,
2379 516 2504 573 talia
2541 519 2773 574 subinde
2797 527 2850 574 tn
2885 519 3110 574 Catenis
3143 518 3244 588 legi
3276 535 3339 572 cx
3399 516 3691 574 Theodoro

341 601 567 665 malunt,
619 603 766 668 quia
818 605 912 659 sic
946 623 1202 678 quoque
1239 608 1292 661 in
1338 609 1624 676 codicibus
1676 612 1990 680 frequentrr

343 694 622 759 scribitur,
666 696 985 768 imprimis
1027 700 1091 754 in
1125 701 1506 768 Acrostichidc
1539 702 1782 756 Canonis
1835 713 1988 756 cata-

347 789 533 858 nyctici
569 789 642 843 ad
699 790 1124 860 Servatorcm,
1164 796 1309 864 apud
1366 795 1618 850 Lambcc.
1678 796 1774 849 lib.
1826 812 1880 862 v,
1935 813 1988 864 p.

347 881 467 934 268.
511 882 623 936 Sed
659 885 962 950 mittimus
996 886 1145 952 lucc,
1205 897 1260 941 et
1314 887 1380 940 ad
1453 888 1766 952 historiam,
1797 904 1826 942 a
1882 905 1990 958 qua

354 977 632 1047 paulu!qu
666 978 928 1050 digressi
957 996 1220 1049 eramus,
1257 981 1609 1036 revertimur.
1649 979 1908 1045 Liberali,
1934 993 1996 1037 ut

367 1080 590 1136 tempora
631 1068 932 1138 [eri-bant,
993 1073 1351 1127 institutione
1383 1074 1486 1126 frui
1543 1075 1693 1128 licuit
1743 1075 1995 1129 Theodo-

379 1175 494 1216 reto.
524 1167 564 1215 Λ
604 1164 792 1232 prima
836 1164 995 1216 enim
1027 1165 1320 1234 jnventnte
1367 1167 1533 1219 vitam
1568 1167 1674 1235 egit
1707 1168 1759 1220 in
1805 1184 1995 1222 mona-

377 1255 525 1308 sterio
568 1256 842 1326 l'Lupt-cpii
884 1273 1063 1325 prope
1109 1258 1484 1324 Autichiatn,
1534 1258 1620 1310 ubi
1653 1275 1828 1327 pluma
1868 1275 1994 1312 cru-

374 1346 580 1397 ditiuuis
612 1349 812 1423 posuit
865 1348 1262 1415 fundamenta.
1325 1349 1554 1423 adjutus
1622 1351 1808 1409 favore
1865 1348 1996 1404 Por-

372 1439 564 1508 phyrii,
599 1439 703 1507 qui
741 1455 813 1492 eo
842 1450 1104 1508 tempore
1139 1439 1402 1495 Ecclesim
1444 1441 1802 1509 Antiochi-na:
1859 1458 2000 1511 pra:—

368 1541 494 1581 erat.
525 1528 864 1584 Monasﬁcze
918 1532 1047 1585 vitae
1083 1547 1112 1584 a
1151 1535 1474 1602 parentibus
1534 1535 1661 1589 inde
1713 1550 1742 1588 a
1797 1537 1997 1589 nativi-

367 1633 470 1675 tatc
502 1638 908 1689 consecratus,
947 1641 1045 1708 per
1080 1626 1384 1695 trigintaad
1423 1627 1711 1694 tttiltiltltlltt
1741 1645 1918 1683 annos
1943 1629 1996 1684 in

367 1715 706 1779 trionasterio
731 1714 830 1780 illo
863 1725 1122 1777 versatus
1146 1724 1252 1778 est,
1276 1732 1376 1770 nec
1408 1714 1534 1770 inde
1564 1716 1851 1772 discedere
1904 1733 2000 1771 vo-

366 1806 482 1868 luit,
503 1823 631 1860 cum
656 1806 779 1874 jam
822 1807 1050 1861 lectoris
1071 1808 1357 1863 ctdiaconi
1391 1810 1623 1864 honores
1644 1809 1696 1864 in
1730 1825 1856 1863 eum
1887 1809 1998 1864 col-

2095 612 2202 663 isto
2238 611 2290 662 in
2329 608 2600 672 Psalinos,
2633 626 2755 679 (pne
2782 613 3097 678 ostendant,
3131 611 3201 664 ab
3248 611 3366 685 ipso
3405 611 3690 684 liqtteraletu

2096 717 2322 754 sensum
2358 700 2590 754 feliciter
2620 703 2928 771 expositum
2966 703 3154 758 fuisse.
3193 704 3316 773 lliec
3373 703 3495 756 licet
3547 701 3690 772 haud

2096 791 2231 841 adeo
2281 790 2510 843 nmltum
2547 789 2614 843 ad
2672 791 2928 846 tuendam
2957 791 3228 847 Theodori
3259 808 3481 848 causam
3513 792 3694 856 facere

2097 885 2402 948 vidcantur,
2433 895 2638 952 tamen,
2674 891 2802 957 quia
2828 890 2896 942 ab
2941 889 3260 945 adversario
3317 907 3494 960 eoque
3551 891 3692 945 alias

2096 975 2232 1028 satis
2265 975 2456 1045 iniquo
2487 977 2940 1048 proficiscuntur,
2971 981 3236 1049 majorem
3265 981 3330 1034 ad
3367 995 3492 1034 eum
3527 995 3684 1035 com-

2099 1068 2468 1122 mendandum
2527 1070 2639 1123 vim
2677 1070 2978 1134 habebunt,
3011 1087 3175 1141 quam
3215 1089 3338 1141 quae
3395 1071 3690 1128 Facundos

2099 1157 2287 1212 multis
2319 1159 2638 1228 complexus
2691 1169 2774 1214 est
2837 1162 3011 1216 libris.
3071 1162 3347 1232 Quidquid
3408 1179 3537 1218 Vero
3597 1167 3688 1232 sit,

2099 1266 2290 1320 parum
2322 1253 2562 1317 prolicua
2598 1253 2700 1306 fuit
2725 1253 3073 1309 'l‘heodoreto
3117 1255 3486 1319 fatniliiritas,
3523 1271 3690 1325 quant

2099 1358 2223 1396 cum
2277 1343 2370 1396 illo
2419 1355 2794 1406 contraxerat.

2099 1435 2343 1490 satisdin
2375 1436 2589 1496 itinesta
2623 1439 2688 1492 de
2724 1438 2901 1493 tribus
2933 1438 3202 1508 Capitulis
3232 1442 3432 1511 agitata
3462 1451 3577 1495 erat
3605 1441 3690 1506 lis,

2868 1345 3108 1416 Uterque
3163 1349 3334 1414 cnim,
3403 1358 3690 1417 postquam

2103 1529 2154 1581 in
2203 1529 2420 1598 synodo
2452 1545 2480 1582 ν
2516 1521 3130 1601 ConsktntinOpOIitana
3168 1534 3232 1587 A.
3263 1535 3324 1589 (ἶ.
3362 1535 3488 1600 555,
3537 1537 3692 1588 dam-

2102 1629 2266 1673 natus
2294 1629 2398 1675 est.
2436 1621 2509 1674 De
2536 1619 2796 1679 Nestorio
2836 1633 3018 1677 autent
3055 1626 3185 1699 quid
3221 1627 3517 1701 diiainus?
3580 1627 3691 1696 0p-

2104 1712 2331 1766 tandum
2367 1729 2499 1768 sane
2534 1725 2708 1778 chet,
2766 1718 2972 1770 tmllam
3005 1715 3204 1772 Nostro
3239 1735 3363 1789 cum
3395 1719 3487 1794 illo
3519 1712 3692 1791 inter-

2107 1807 2340 1860 cessisse
2375 1808 2854 1864 consuetudinem.
2894 1808 3086 1880 Magna
3115 1824 3294 1874 autem
3325 1812 3541 1886 pietatis
3571 1828 3695 1881 spe-

369 1899 459 1954 lati
485 1883 697 1950 essent.
730 1897 894 1950 Haud
923 1897 1064 1952 male
1093 1915 1222 1952 vero
1239 1900 1309 1953 ab
1340 1901 1430 1952 illo
1461 1901 1790 1954 collocatum
1829 1901 1998 1956 fuisse
2032 1871 2074 1928 Β
2102 1897 2234 1958 (είυεν
2272 1909 2435 1964 quam
2470 1911 2536 1950 00
2569 1907 2832 1968 lelltpore.
2878 1915 2990 1969 (Ιιιυ
3042 1899 3422 1955 ’ῙΙιυοιΙοιέιιιε
3477 1903 3530 1956 ill
3576 1917 3694 1954 ηιθ-

367 1999 583 2060 tempus
639 1991 796 2059 quod
851 1992 926 2043 ibi
976 1993 1268 2062 transegit,
1323 2001 1598 2046 testantur
1631 1995 1848 2065 egregia
1910 1995 2001 2049 illa

368 2082 574 2151 ingenii
629 2083 752 2135 fere
816 2082 996 2135 divini
1031 2091 1086 2136 et
1135 2083 1350 2136 subat-ti
1417 2083 1606 2152 judicii
1678 2083 1999 2153 spccimina,

365 2190 486 2243 quin
512 2173 744 2237 deinde,
797 2189 932 2227 cum
982 2175 1050 2227 ad
1124 2189 1330 2227 munus
1389 2175 1700 2245 episcopale
1778 2185 2002 2231 evectus

365 2277 532 2326 esset,
568 2266 772 2335 edidit.
823 2265 1011 2334 Libris
1043 2265 1125 2339 [6]
1172 2268 1320 2324 istis.
1359 2269 1450 2337 qui
1514 2284 1712 2338 magno
1773 2285 2002 2325 numero

365 2368 698 2428 supersunt,
739 2351 1130 2421 elaborandis,
1167 2359 1624 2429 gravissimisque
1656 2361 1762 2415 illis
1827 2376 1996 2431 nego-

368 2451 462 2504 tiis
511 2467 640 2518 quae
669 2459 868 2518 postea
922 2450 1117 2513 subiit,
1153 2467 1238 2512 se,
1277 2466 1402 2504 cum
1437 2452 1490 2504 in
1530 2450 1631 2504 hoc
1659 2452 1849 2506 lateret
1883 2467 2002 2505 mo-

370 2546 644 2606 nasteiio,
679 2525 974 2604 idoneum
1023 2543 1281 2597 reddidit.
1330 2542 1440 2597 Nec
1474 2543 1763 2608 miramur,
1819 2553 2001 2600 tantos

373 2637 529 2690 illum
565 2639 622 2701 in
655 2652 948 2701 sacrarum
983 2634 1328 2689 Litterarum
1386 2635 1566 2689 studio
1627 2635 1820 2688 fecisse
1877 2651 2000 2704 pro-

375 2743 626 2795 gressus,
699 2743 825 2792 cum
901 2727 1128 2793 licuerit
1177 2727 1254 2780 illi
1305 2727 1720 2796 exoptatissima
1771 2725 2001 2780 Joannis

383 2822 768 2890 Chrysostomi
793 2820 1093 2890 disciplina
1144 2829 1200 2888 et
1255 2819 1607 2874 institutione
1664 2820 1766 2873 uti.
1817 2819 1994 2885 Quam

396 2913 516 2965 sint
551 2914 763 2976 icliccs,
797 2914 996 2982 quibus
1029 2913 1332 2986 contingit,
1395 2913 1584 2981 probis
1654 2914 1999 2967 innoti-sCere

404 3005 564 3065 viris,
598 3005 667 3055 ab
710 3020 886 3056 eorum
921 3019 1026 3059 ore
1076 3005 1338 3073 pendere,
1371 3021 1635 3075 suamque
1666 3006 1731 3060 :td
1779 3006 1995 3059 iilorttnt

399 3097 704 3163 exemplum
743 3111 1086 3164 componere
1118 3095 1310 3160 vitam,
1346 3095 1448 3150 nisi
1481 3097 1728 3150 omnium
1786 3107 1996 3166 tempo-

2104 1990 2347 2042 nasterio
2391 1989 2736 2055 versabatur,
2774 2007 2885 2060 prae
2918 2007 2977 2046 se
3035 1991 3247 2046 ferebat
3280 1992 3564 2050 Nestorius
3609 1994 3683 2048 ef-

2104 2076 2254 2142 fecit,
2299 2088 2356 2133 ut
2396 2082 2706 2135 ari-tissima
2747 2082 2887 2136 inter
2919 2093 3218 2154 utrumque
3269 2087 3690 2139 contraheretur

2103 2173 2364 2239 amicitia,
2393 2190 2513 2244 quae
2547 2175 2805 2230 maximis
2833 2175 3258 2232 adversitatibus
3290 2193 3436 2247 a'gre
3465 2177 3692 2232 dissolvi

2104 2268 2300 2335 putuit.
2346 2265 2730 2322 TitCOtiOl‘t'lllS
2760 2268 2906 2321 enim
2943 2269 3248 2324 amicorum
3289 2285 3515 2324 suorum
3573 2279 3693 2325 erat

2102 2360 2546 2416 studiosissimus
2573 2369 2629 2415 et
2664 2360 2714 2413 in
2748 2361 3106 2415 deft-inlendis
3153 2363 3260 2418 illis
3308 2363 3692 2429 constantissif

2104 2465 2248 2502 mus.
2281 2448 2580 2504 Multorum
2616 2450 2732 2505 lia-c
2784 2452 2883 2522 ipsi
2919 2454 3020 2507 fuit
3051 2468 3217 2508 causa
3273 2454 3564 2521 malormn,
3627 2456 3695 2510 de

2101 2543 2302 2612 quibus
2332 2545 2384 2596 in
2419 2544 2668 2612 proxima
2699 2545 2864 2613 hujus
2893 2545 3034 2600 Dissr
3056 2547 3307 2602 rtationis
3338 2556 3490 2616 parte
3515 2547 3694 2617 aptior

2101 2635 2204 2686 erit
2232 2633 2449 2688 dicendi
2485 2635 2658 2690 locus.
2696 2634 2810 2689 lloc
2841 2639 3066 2690 unicqu
3127 2654 3274 2694 nunc
3322 2639 3691 2708 adjiciendum

2103 2727 2241 2790 crit,
2285 2743 2502 2790 errores
2558 2728 2684 2798 viri,
2725 2728 2884 2797 cujus
2932 2744 3226 2798 personam
3278 2731 3512 2798 colebat,
3574 2749 3691 2786 ma-

2103 2834 2338 2888 gttopre
2391 2819 2720 2896 detestatum
2749 2835 2873 2876 esse
2915 2817 3346 2882 Theodoretum,
3377 2833 3436 2876 ut
3489 2823 3693 2893 scripta

2101 2910 2222 2979 ejus
2257 2920 2307 2976 et
2341 2911 2472 2965 Acta
2523 2913 2741 2966 concilii
2773 2913 3240 2976 (.Zlialcedonensis
3271 2923 3563 2969 testantur.

2174 3003 2306 3072 Quae
2347 3000 2554 3070 fuerint
2577 3003 2866 3073 scriptoris
2900 3008 3070 3060 nostri
3102 3005 3426 3075 primordia,
3451 3023 3562 3077 quo
3599 3009 3693 3063 de-

2103 3095 2338 3166 lectatus
2368 3095 2438 3148 sit
2465 3095 2774 3170 studiorum
2815 3113 3034 3166 genere,
3064 3113 3206 3166 quos
3239 3098 3491 3152 habuerit
3555 3115 3688 3169 pra:-

394 3203 512 3240 rum
559 3188 784 3241 doceret
813 3187 1080 3253 historia,
1113 3186 1219 3241 boc
1278 3187 1442 3242 unico
1487 3189 1737 3258 exemplo
1780 3189 1997 3242 abunde
2025 3216 2068 3276 ϐ
2104 3197 2377 3256 ceptores,
2417 3203 2668 3256 quosque
2699 3189 2936 3247 coluerit
2969 3189 3197 3268 amicos,
3232 3190 3497 3244 hactenus
3558 3191 3690 3245 vidi-

380 3288 573 3348 posset
607 3277 994 3347 comprobari.
1041 3275 1416 3332 Coucedimus
1449 3277 1695 3348 quidem,
1728 3279 1793 3332 ad
1847 3294 1997 3332 smn-

381 3389 532 3425 mum
559 3372 697 3424 illud
730 3371 785 3424 in
835 3381 958 3425 arte
1009 3370 1153 3425 bene
1204 3369 1423 3424 dicendi
1482 3370 1789 3440 fastigium,
1852 3372 1997 3441 quod

379 3466 524 3518 inter
554 3465 813 3519 rhetores
843 3479 1041 3519 sacros
1085 3479 1230 3518 unus
1283 3461 1397 3516 fere
1447 3465 1623 3517 tenuit
1671 3463 2002 3533 Cltrysosto-

383 3575 533 3620 mus,
583 3572 697 3611 non
727 3557 1120 3611 assurrexisse
1143 3555 1575 3621 Tlteodorctum,
1607 3557 1658 3609 id
1687 3565 1866 3610 tann-u
1910 3571 2002 3610 as-

387 3665 719 3703 serereuon
784 3647 1139 3710 dubitamus,
1175 3646 1229 3701 in
1299 3646 1529 3702 scicntia
1583 3643 1685 3701 is‘ta
1747 3646 2002 3716 tltcologo

384 3742 639 3809 appi'ime
681 3740 878 3808 digna,
909 3753 1039 3807 qua:
1095 3747 1308 3806 spectat
1361 3738 1428 3790 ad
1489 3735 1998 3806 interpretationem

384 3846 673 3885 sacrarum
722 3828 1097 3897 Litterarum,
1153 3844 1262 3881 non
1313 3829 1601 3898 mysticam
1654 3827 1830 3891 illam,
1902 3827 1996 3882 sed

382 3924 629 3993 planam,
663 3921 1025 3991 perspicuam
1073 3927 1128 3987 ct
1173 3919 1610 3989 uniuscujusque
1664 3920 1844 3990 captui
1908 3935 2003 3974 ae-

382 4012 829 4078 commodatam,
863 4011 954 4063 vix
1003 4024 1129 4064 esse
1187 4024 1526 4079 quemquam
1603 4012 1697 4079 qui
1764 4011 2004 4082 Chryso-

384 4117 569 4159 stomo
609 4107 684 4157 sit
708 4103 970 4156 similior.
1016 4102 1076 4157 ltt
1112 4093 1218 4166 hoc
1271 4101 1538 4156 imitando
1570 4102 1708 4172 adeo
1755 4101 1882 4156 felix
1904 4103 2005 4156 fuit

386 4197 808 4255 'lhemloretus,
862 4205 923 4248 ut
951 4195 997 4249 si
1032 4193 1480 4263 Commentarios
1523 4193 1643 4262 ejus
1699 4194 1753 4265 in
1815 4210 2005 4268 sacros

385 4293 560 4344 Mirus
611 4289 752 4342 Novi
805 4288 1166 4357 potissimum
1224 4269 1568 4345 Testatnenti
1629 4287 2001 4359 consulimus,

383 4382 530 4435 haud
551 4382 886 4448 raroipsum
911 4381 1367 4450 Chrysnstomum
1399 4380 1575 4449 legere
1605 4389 1876 4452 putemus.
1900 4378 2004 4432 Sed

385 4494 497 4530 non
531 4477 762 4528 rmicuru
793 4475 941 4526 hunc
970 4472 1166 4542 habuit
1199 4472 1336 4526 artis
1369 4487 1482 4526 sua:
1509 4455 1854 4542 titagistrutu.
1896 4469 2006 4522 lla-

2106 3296 2248 3334 mus.
2286 3280 2594 3334 Vcrendnm
2631 3289 2815 3340 autem
2843 3291 2949 3344 est,
2979 3298 3068 3345 ne,
3106 3291 3164 3336 ut
3186 3282 3338 3351 justo
3370 3283 3576 3337 diutius
3621 3283 3687 3347 il-_

2105 3373 2215 3425 ιιιιιι
2272 3371 2326 3424 in
2368 3371 2622 3424 cmunbio
2673 3370 2858 3424 Sainti
2897 3370 3152 3440 Ettpt't'pii
3206 3353 3487 3440 delituisse
3555 3384 3693 3448 npu-

2105 3464 2240 3518 nnlli
2308 3471 2520 3532 putant,
2569 3463 2640 3515 ita
2695 3479 2915 3531 qunque
2971 3480 3069 3517 nos
3117 3463 3230 3532 jam
3264 3464 3397 3517 satis
3460 3463 3551 3516 diu
3608 3463 3693 3528 his

2105 3555 2230 3609 vita:
2288 3557 2410 3624 ejus
2459 3554 2632 3609 initiis
2683 3556 3010 3608 itnmoratos
3067 3571 3188 3609 esse
3241 3555 3576 3609 existiment.
3612 3551 3692 3626 [8]

2104 3645 2443 3699 Comitemur
2495 3643 2677 3714 itaque
2706 3658 2852 3699 nunc
2883 3643 3288 3698 'l'lteodorctutn
3319 3661 3382 3698 ex
3441 3644 3694 3713 angustis

2105 3734 2426 3790 monasterii
2465 3734 2610 3788 illius
2647 3736 2909 3790 cancellis
2947 3736 3000 3789 in
3048 3736 3371 3806 ampliorem
3435 3746 3488 3789 et
3541 3744 3694 3789 tanto

2106 3830 2226 3883 viro
2264 3827 2568 3897 digniorem
2631 3843 2851 3882 scenam
2925 3828 3310 3897 prodeuntem.
3376 3825 3694 3894 Videamus,

2107 3936 2270 3991 quam
2302 3919 2499 3974 deinde
2530 3933 2816 3987 personam
2859 3921 3052 3989 egerit,
3086 3922 3298 3989 ct'qua:
3353 3919 3518 3973 fuerit
3574 3923 3698 3989 ejus

2109 4014 2163 4067 in
2207 4010 2644 4066 administramlo
2666 4025 2890 4064 munere
2903 4010 3199 4080 episcopali
3221 4026 3344 4065 rara
3373 4011 3694 4066 assiduitas.

2106 4106 2393 4161 Publicnm
2432 4104 2690 4160 Ecclesiae
2718 4105 2997 4158 doctorem
3053 4103 3168 4173 jam
3209 4119 3372 4174 agere
3425 4114 3690 4174 coeperat,

2108 4214 2234 4252 cum
2276 4199 2344 4252 ab
2374 4197 2683 4251 Alexandro
2713 4196 3132 4271 Antiocbimltoc
3161 4206 3406 4265 tempore
3435 4199 3699 4267 episcopo

2109 4289 2378 4356 diaconus
2437 4287 2772 4362 constitutus
2820 4296 2986 4340 esset.
3027 4285 3142 4340 lloc
3193 4301 3444 4352 munere,
3499 4285 3604 4340 etsi
3665 4303 3696 4340 e

2109 4381 2443 4450 tttiiitastet'io
2462 4396 2562 4446 suo
2589 4378 2824 4432 nondum
2851 4393 3126 4448 egressus,
3153 4393 3365 4433 summa
3385 4394 3508 4432 cum
3536 4379 3697 4434 laude

2111 4471 2332 4544 functus
2365 4479 2470 4532 est,
2500 4485 2625 4524 cum
2665 4469 2721 4522 in
2761 4469 3134 4533 sermonibus,
3165 4484 3306 4538 quos
3333 4484 3516 4522 euram
3549 4479 3693 4524 cmtu

389 4570 505 4621 buit
530 4569 705 4618 etiam
726 4563 1108 4642 Theodorum,
1137 4561 1754 4634 quemaiopsuestenum
1781 4563 1996 4627 dicunt,
2108 4580 2266 4638 sacro
2298 4564 2584 4629 recitabat,
2631 4563 3164 4633 Apollinaristarum,
3195 4563 3524 4616 Arianorum
3559 4563 3698 4614 aliu-

384 4664 456 4715 de
507 4674 625 4729 quo
664 4656 952 4710 nescimus
981 4669 1049 4708 an
1080 4655 1218 4710 satis
1249 4665 1396 4709 recte
1419 4653 1689 4724 judicent,
1725 4655 1819 4724 qtti
1876 4671 2000 4711 cum

388 4753 661 4806 l‘atrihus
692 4747 893 4821 synodi
937 4749 1147 4817 quinta:
1167 4763 1389 4820 omnem
1417 4736 1548 4817 ejus
1595 4747 1861 4819 damnant
1892 4763 2007 4802 me-

390 4847 662 4898 moriam.
709 4839 1058 4894 l’aucissima
1093 4839 1242 4893 illius
1295 4838 1361 4906 ad
1409 4853 1510 4909 nos
1547 4848 1814 4892 venerunt
1869 4837 2008 4892 seri-

400 4950 502 5004 pta,
533 4938 743 4990 Gch
787 4931 1050 4986 idiomate
1106 4929 1451 4999 consignata,
1503 4930 1660 5000 plura
1736 4944 1884 4992 vero,
1945 4939 2005 4983 ut

407 5031 533 5081 bene
567 5035 776 5082 contra
807 5022 1108 5094 lmpinium
1145 5024 1360 5078 monuit
1409 5022 1568 5077 liich.
1615 5020 1805 5077 Simon
1863 5021 2002 5076 Crit.

397 5131 523 5174 tom.
562 5120 606 5186 I,
644 5116 872 5188 p.107,
937 5115 1082 5171 inter
1132 5115 1303 5186 Syros
1361 5114 1659 5185 qumrenda
1716 5123 1862 5169 sunt.
1927 5113 2004 5168 Ex

386 5216 583 5286 paucis
631 5211 770 5268 illis,
809 5222 935 5277 qua:
959 5209 1072 5262 sive
1107 5207 1373 5277 temporis
1401 5207 1518 5260 sive
1557 5206 2001 5260 adversariorum

383 5310 508 5377 ejus
544 5303 846 5374 iniquitate
877 5301 1038 5356 nobis
1067 5302 1255 5355 relicta
1291 5310 1444 5363 sunt,
1475 5303 1560 5352 vix
1595 5300 1730 5354 satis
1754 5298 2006 5368 judicare

383 5401 685 5468 licet,qua:
714 5395 885 5449 fuerit
907 5395 1012 5448 viri
1045 5392 1286 5448 illiussic
1303 5393 1446 5446 dicta
1467 5393 1806 5462 improbitas.
1839 5392 2004 5444 Stltit-

383 5511 537 5548 mam
556 5503 746 5546 tamen
770 5489 896 5558 ejus
939 5487 993 5541 in
1021 5495 1136 5541 toto
1174 5485 1400 5539 Oriente
1432 5485 2002 5539 fuisseauetoritatcm

386 5587 676 5650 novimus,
705 5590 762 5638 et
791 5581 842 5636 si
872 5595 941 5637 ea.
979 5577 1354 5648 Fragmentis,
1386 5594 1509 5648 qnse
1537 5579 1590 5631 in
1626 5577 1848 5632 Catenis
1881 5595 2006 5644 pas-

388 5680 492 5734 sim
546 5677 712 5731 obvia
739 5684 893 5737 sunt,
927 5672 1093 5744 doj'ij
1133 5672 1239 5726 hoc
1270 5669 1835 5738 Scriptorcjudicium
1864 5669 2005 5723 ferre

396 5771 635 5835 licuerit,
674 5769 839 5823 laude
888 5766 1076 5836 potius
1125 5779 1293 5834 quam
1349 5761 1750 5831 vituperatione
1805 5760 2004 5829 dignus

401 5863 687 5919 videbitur.
721 5861 846 5931 Ipse
870 5855 1186 5913 Carnarius
1221 5855 1489 5916 Auctarii,
1537 5870 1588 5922 p.
1655 5852 1774 5917 tsi,
1843 5853 1999 5906 fateri

2112 4674 2346 4726 rumque
2373 4673 2588 4711 errores
2622 4655 2822 4709 acriter
2855 4657 3270 4726 perstringeret.
3303 4655 3491 4708 Sacris
3525 4656 3694 4715 hisce,

2108 4751 2154 4807 si
2189 4753 2263 4823 ita
2294 4753 2474 4807 dicere
2507 4751 2591 4805 fas
2616 4753 2712 4814 sit,
2747 4750 2965 4818 prasliis,
3009 4752 3355 4821 gravioribus
3389 4768 3510 4820 qua:
3549 4762 3697 4819 post-

2107 4858 2170 4897 ca
2222 4842 2414 4906 subiit,
2451 4842 2850 4897 certaminibus
2882 4844 3038 4912 quasi
3075 4843 3373 4912 pra-ludere
3410 4844 3560 4897 visus
3590 4853 3693 4909 est,

2109 4942 2428 5002 tantamque
2454 4934 2518 4986 de
2554 4947 2612 4986 se
2642 4947 2793 5001 spem
2846 4932 2994 4997 fecit,
3050 4941 3111 4986 ut
3152 4948 3274 4986 cuni
3308 4932 3455 5003 Cyri,
3526 4930 3698 5003 Syria:

2109 5024 2482 5094 l‘luphratesiie
2512 5023 2684 5086 ttrbis,
2713 5040 2877 5094 quam
2911 5024 2998 5077 alii
3029 5025 3296 5096 Chyrrum
3329 5024 3542 5088 dcunt,
3576 5027 3695 5096 cpi-

2115 5132 2318 5186 SCtiplIS
2359 5115 2466 5169 vita
2499 5115 2794 5172 delunctns
2864 5129 3028 5181 esset,
3066 5116 3382 5170 Theodotus
3438 5134 3503 5171 co
3559 5127 3698 5171 tcm-

2111 5225 2241 5279 poie
2273 5208 2579 5262 Antiochia:
2614 5209 2834 5278 priesul,
2879 5208 3135 5264 Nostrum
3173 5208 3556 5276 dignissimum
3597 5225 3696 5276 pu-

2112 5310 2272 5367 taret,
2305 5299 2396 5370 qui
2431 5301 2542 5354 sedi
2593 5300 2722 5354 huic
2777 5299 3072 5370 episcopali
3130 5301 3535 5354 adllitn‘cl’t'illl‘.
3595 5297 3696 5351 Fa-

2109 5406 2256 5450 ctum
2295 5396 2395 5449 hoc
2421 5410 2542 5449 esse
2596 5403 2790 5464 putant
2821 5394 3089 5450 Baronius
3133 5403 3186 5446 et
3217 5391 3506 5445 'l'illemont
3534 5392 3570 5443 Α
3629 5389 3691 5444 C.

2107 5486 2234 5540 ΗΞ.
2271 5485 2564 5538 Sententia:
2600 5500 2712 5539 Sua:
2743 5484 2836 5538 fun
2860 5484 3157 5538 lamcntnm
3198 5492 3478 5554 petuntex
3517 5480 3696 5533 Theo-

2108 5576 2284 5630 doreti
2316 5575 2382 5627 ad
2410 5574 2646 5628 Leonem
2699 5573 3017 5644 episcopum
3091 5573 3400 5627 Romanum
3441 5569 3693 5638 cpistola,

2108 5683 2232 5737 ane
2259 5676 2343 5721 est
2373 5666 2673 5720 centesima
2697 5665 2906 5719 decima
2943 5666 3120 5719 tertia.
3158 5661 3211 5715 In
3242 5661 3331 5713 illa
3366 5659 3510 5712 enim
3540 5659 3694 5723 dicit,

2109 5775 2168 5814 se
2196 5775 2287 5814 sex
2330 5769 2385 5813 et
2415 5757 2605 5828 viginti
2659 5757 2822 5812 annis
2859 5772 2888 5809 a
2927 5755 3035 5810 Deo
3072 5754 3171 5812 sibi
3220 5752 3533 5806 commissa:
3591 5752 3693 5804 lic-

2109 5853 2289 5906 elcsim
2355 5850 2655 5921 praefuisse.
2733 5848 2997 5903 Eumdem
3054 5845 3381 5916 episcopalis
3446 5845 3694 5898 muneris
