4136 6468
460 422 535 488 36
1435 410 1534 471 DE
1573 409 1751 471 VITA
1789 407 1886 467 ΕΤ
1920 402 2267 482 SCRIPTIS
2296 400 2788 485 IHEODORETI
3694 407 3769 471 ω

465 541 673 585 annum
716 523 871 596 ponit
896 523 952 578 in
985 522 1149 593 epist.
1193 518 1315 587 116,
1351 535 1475 590 qua:
1501 518 1710 573 lteuato
1744 516 2065 587 presbytero
2102 525 2139 577 Α
2173 526 2294 566 rum
2327 511 2610 566 erroribus
2642 527 2771 582 grex
2805 517 2991 564 noster
3023 523 3245 581 ereptus
3298 518 3399 563 est.
3451 508 3611 565 Novit
3666 516 3766 595 qui

467 617 729 688 inscripta
777 623 883 671 est.
920 613 1042 669 Jan]
1085 627 1218 667 vero
1247 623 1479 681 utraque
1510 610 1626 664 btec
1655 609 1889 677 epistola
1951 622 2061 661 non

467 709 643 778 potuit
674 708 842 764 scribi
875 717 1003 763 ante
1048 706 1116 772 Λ.
1154 704 1218 759 C.
1251 704 1377 773 419,
1407 705 1460 757 iu
1491 719 1658 777 quam
1736 701 1924 756 incidit
1976 715 2066 770 sy:

470 803 645 857 nodus
676 799 971 873 λῃστρικὴ,
1001 801 1069 855 de
1096 814 1203 869 qua
1238 801 1291 852 in
1320 798 1407 852 his
1426 796 1622 859 litteris
1634 796 1759 867 jure
1789 794 2061 866 queritur.

472 891 635 947 Recte
664 893 851 961 itaque
885 907 946 948 sc
980 891 1147 946 habet
1196 888 1467 955 calculus,
1511 888 1559 943 si
1603 901 1835 942 smnnue
1887 900 2065 949 anno:

470 1001 593 1040 l‘tllll
624 984 729 1040 449
760 985 1127 1043 detrahuntur
1155 982 1226 1045 26
1273 983 1427 1049 anni.
1457 982 1634 1046 Aliam
1670 989 1855 1037 tamen
1908 993 2063 1041 com-

470 1078 697 1148 putandi
730 1079 999 1133 rationem
1063 1083 1395 1145 sequuntur,
1446 1074 1540 1143 qui
1592 1088 1802 1128 annum
1853 1082 2066 1143 ponunt

468 1172 596 1245 49.0.
623 1170 763 1227 Huic
802 1167 1088 1225 sententiis
1118 1181 1220 1222 nos
1243 1165 1410 1227 etiam
1439 1163 1867 1231 subscribimus,
1943 1173 2060 1218 tum

467 1265 595 1334 quia
643 1252 959 1317 continuari
1015 1259 1234 1315 videtur
1304 1274 1405 1330 per.
1459 1258 1753 1330 epistolam
1800 1258 1872 1313 8'5
1941 1272 2065 1329 qum

468 1356 669 1425 scripta
702 1362 787 1409 est
817 1354 885 1407 ad
938 1350 1265 1408 Dioscorum
1320 1351 1644 1422 episcopum
1694 1350 2061 1417 Alexandriae,

470 1456 584 1500 tum
628 1445 756 1515 quia
784 1444 892 1499 alio
923 1442 1127 1514 duplici
1176 1442 1463 1513 scriptoris
1512 1442 1690 1498 nostri
1738 1442 2061 1503 testimonio

469 1535 605 1592 satis
641 1532 721 1608 [9]
756 1533 1022 1588 munitur.
1047 1532 1139 1608 Ad
1198 1532 1555 1595 Eutrecbium
1605 1532 1752 1587 enim
1815 1532 2064 1596 scribens

470 1623 760 1693 (Epistula
804 1630 888 1677 est
913 1624 1249 1694 octogesima
1299 1622 1579 1691 numero)
1625 1621 2065 1687 Pontilicem'se

468 1714 721 1769 nominat
749 1712 843 1783 qui
877 1712 1256 1784 episcopatum
1311 1728 1411 1783 per
1447 1712 1521 1767 ‘25
1573 1726 1754 1769 annos
1807 1712 2060 1784 gesserit.

469 1806 734 1861 Eumdem
770 1821 1063 1880 numerum
1101 1806 1251 1877 ponit
1290 1805 1344 1867 in
1387 1805 1588 1864 litteris
1614 1821 1755 1876 quas
1820 1808 1888 1861 ad
1946 1806 2061 1879 Np-

469 1912 620 1951 mum
667 1897 951 1953 consulem
983 1898 1134 1953 dedit
1187 1896 1436 1969 (epistola
1467 1905 1553 1952 est
1585 1897 1700 1967 81).
1731 1896 1876 1953 'Jam
1929 1913 2061 1955 vero
2094 1881 2135 1938 Β

467 1988 677 2046 Nonius
704 1990 897 2046 consul
927 1988 1032 2044 fuit
1061 2004 1193 2045 ann.
1223 1988 1352 2045 445.
1391 1988 1449 2044 Si
1475 1989 1663 2060 itaque
1683 1989 2062 2047 demasannos

469 2083 563 2150 25,
593 2082 790 2139 incidit
820 2083 1039 2138 initium
1071 2082 1358 2154 dignitatis
1377 2084 1710 2155 episcopalis
1729 2082 2062 2140 Theodoreti

470 2181 524 2235 iu
555 2195 687 2235 ann.
727 2177 793 2235 C.
830 2179 958 2235 49.0.
990 2179 1049 2235 in
1081 2179 1273 2246 eadem
1296 2179 1362 2235 ad
1402 2179 1639 2245 Nomum
1696 2180 1928 2251 epistola
1983 2189 2065 2237 te-

468 2284 669 2339 statur,
689 2289 748 2329 se
774 2274 1006 2328 invitum
1034 2272 1350 2330 ordinatum
1384 2290 1531 2331 esse.
1557 2275 1716 2343 Quod
1744 2291 1812 2331 ne
1832 2275 2065 2331 miretur

468 2367 785 2437 quisiptam,
821 2366 932 2420 duo
963 2367 1449 2422 commemoranda
1462 2380 1644 2435 erunt,
1672 2368 1795 2438 quae
1815 2369 1870 2422 in
1895 2381 2060 2424 causa

471 2460 643 2515 fuisse
697 2459 977 2525 videntur,
1004 2473 1106 2514 cur
1140 2459 1347 2517 invitus
1377 2461 1519 2516 hanc
1544 2463 1882 2532 provinciam
1916 2463 1970 2517 in
2003 2478 2063 2519 se

470 2552 795 2622 susceperit.
829 2550 998 2621 Regio
1025 2552 1335 2622 Cyrestica,
1370 2553 1497 2609 licet
1532 2556 1881 2626 octingentos
1910 2555 2061 2612 vicos

471 2643 982 2715 comprehenderet,
1032 2653 1093 2699 ut
1141 2660 1208 2700 ex
1248 2646 1482 2715 epistola
1512 2648 1581 2701 ad
1634 2646 1873 2703 Leonem
1931 2648 2060 2712 data

471 2738 615 2810 (qua:
644 2745 731 2791 est
779 2735 903 2807 “3)
937 2747 1107 2806 patet,
1138 2738 1243 2794 soli
1272 2746 1455 2795 tamen
1491 2742 1783 2797 sterilitate
1832 2758 2059 2813 magno-

470 2844 599 2899 pere
627 2827 1001 2905 premebatur,
1031 2830 1445 2900 montibusque,
1481 2839 1542 2884 ut
1588 2830 1786 2889 Noster
1821 2832 1887 2887 ad
1917 2831 2061 2891 Con-~

470 2924 737 2977 stantium
775 2920 1094 2990 pmfectum
1121 2923 1313 2979 scribit
1344 2923 1526 2994 (epist.
1549 2922 1663 2993 42),
1706 2924 1915 2980 inclusa
1940 2934 2062 2980 erat

472 3015 664 3070 multis
699 3023 755 3069 et
786 3015 1023 3085 magnis,
1063 3016 1265 3087 partim
1298 3016 1462 3087 plane
1495 3018 1678 3083 nudis,
1722 3020 1919 3088 partim
1975 3018 2063 3074 iu-

471 3107 774 3163 t‘ructuosis
799 3107 1094 3164 arboribus
1126 3109 1379 3166 consitis.
1409 3108 1661 3165 Miseram
1690 3125 1914 3183 quoque
1940 3127 2061 3168 eam

2166 601 2350 656 omnia
2401 600 2566 663 videt.
2601 608 2738 670 quot
2774 598 2979 668 lapides
3017 614 3047 652 ιι
3100 598 3351 652 nefandis
3382 596 3651 651 lucreticis
3703 597 3759 659 in

2166 710 2256 749 me
2281 695 2563 765 etmjectos
2594 672 2928 763 exCeperim,
2981 708 3148 761 quam
3200 691 3389 747 multis
3433 691 3487 745 in
3535 690 3761 745 urbibus

2167 787 2411 843 Orientis
2443 786 2748 842 certamina
2780 786 2914 839 mihi
2949 784 3236 841 subeunda
3296 783 3502 840 fuerint
3564 786 3760 840 adver-

2166 900 2264 941 sus
2301 884 2558 956 gentiles.
2588 884 2852 949 adversus
2883 880 3109 937 Jndaeos
3143 891 3200 937 et
3251 881 3517 936 adversus
3567 893 3759 935 omnes

2166 976 2551 1036 luereticorum
2583 990 2823 1031 errores.
2857 994 2877 1026 ι
2912 973 3037 1031 Ηιεε
3062 984 3243 1029 autem
3306 988 3374 1030 ne
3428 973 3555 1045 quis
3607 972 3759 1043 justo

2166 1068 2521 1145 ambitiosius
2552 1083 2583 1135 a
2622 1067 2825 1123 Nostro
2851 1068 2995 1123 dicta
3032 1082 3157 1122 esse
3196 1076 3367 1139 putet,
3424 1065 3763 1146 monendum

2162 1160 2288 1227 erit,
2344 1161 2542 1217 acerba
2592 1161 2693 1215 viri
2736 1160 2922 1225 multis
2947 1160 3353 1216 calamitatibus
3388 1174 3454 1214 eo
3516 1167 3762 1235 tempore

2163 1254 2411 1324 oppressi
2453 1253 2719 1309 fatabanc
2739 1254 2864 1308 vitae
2882 1253 3040 1323 quasi
3069 1252 3361 1322 imaginem
3393 1260 3447 1306 et
3474 1250 3756 1306 defensio-

2166 1361 2291 1402 nem
2322 1345 2672 1424 etilagitasse.
2709 1334 2863 1402 Alias
2896 1345 3116 1425 enimiu
3134 1345 3389 1400 laudibus
3418 1343 3534 1399 suis
3562 1342 3761 1414 praedi-

2164 1440 2376 1517 candis,
2401 1440 2547 1511 quod
2569 1441 2831 1496 modestis
2854 1439 3137 1510 proprium
3152 1453 3274 1494 esse
3298 1437 3455 1503 solet,
3471 1449 3554 1493 est
3567 1438 3761 1491 admo-

2166 1532 2298 1588 dum
2333 1548 2554 1616 parcus.
2615 1533 3031 1604 Ecquisitaque
3048 1541 3151 1599 est,
3176 1531 3268 1602 qui
3303 1547 3409 1587 non
3443 1530 3758 1603 perspiciat,

2164 1641 2385 1687 summo
2416 1628 2602 1695 studio
2631 1626 2891 1686 Nostrum
2954 1629 3007 1683 in
3054 1638 3121 1683 eo
3168 1628 3472 1692 laborasse,
3542 1636 3603 1681 ιιι
3657 1641 3761 1695 pu-

2164 1720 2366 1775 riorem
2411 1721 2528 1777 suis
2589 1721 2832 1776 traderet
2896 1720 3224 1786 doctrinam,
3283 1733 3515 1789 eamque
3570 1726 3762 1807 contra

2165 1812 2393 1883 quosvis
2426 1827 2649 1868 errores
2681 1813 2927 1868 mascule
2959 1811 3323 1868 defenderet?
3360 1809 3425 1866 Et
3463 1808 3592 1881 quis
3648 1824 3756 1889 non

2166 1905 2463 1961 mirabitur
2495 1906 2878 1969 assiduitatem
2905 1915 2959 1962 et
2989 1906 3326 1961 indefessum
3360 1892 3597 1977 studium
3632 1901 3761 1993 viri,

2165 1998 2259 2069 qui
2289 2014 2415 2053 cum
2447 2000 2795 2071 octingentas
2843 2015 2992 2054 curae
3026 2015 3141 2055 sure
3172 1995 3502 2053 commissas
3539 1996 3761 2075 haberet

2165 2091 2465 2158 Ecclesias,
2520 2094 2759 2149 aliorum
2807 2109 3031 2167 quoque
3060 2094 3359 2149 multorum
3407 2091 3569 2148 saluti
3630 2105 3765 2167 pro-I

2166 2183 2384 2257 spexit?
2443 2186 2556 2244 Hoc
2607 2189 2711 2245 sibi
2762 2189 2950 2251 datum
3004 2204 3129 2246 esse
3206 2189 3484 2258 negOtium
3538 2184 3762 2257 .putavit

2166 2280 2568 2355 Theodoretus,
2608 2293 2667 2337 ut
2722 2299 2831 2337 non
2891 2281 3186 2355 Cyresticm
3225 2282 3389 2345 modo
3440 2279 3757 2351 provinciae,

2165 2376 2259 2435 sed
2288 2376 2641 2433 Antiocheuis
2659 2391 2896 2447 quoque,
2918 2374 3373 2451 Berrhmensibus
3390 2374 3623 2445 aliisque
3639 2373 3763 2449 plu:

2168 2472 2321 2526 ribus
2352 2472 2596 2535 etelestis
2638 2472 2907 2545 doctrinm
2940 2470 3204 2547 veritates
3267 2471 3571 2526 occasione
3597 2480 3758 2546 enata

2166 2575 2517 2635 proponeret.
2555 2564 2666 2618 Nec
2694 2563 2856 2631 laude
2885 2572 3034 2619 caret
3064 2562 3387 2629 liberalitas,
3434 2578 3542 2633 qua
3589 2577 3771 2637 egenf

2167 2657 2316 2729 tibus
2362 2657 2641 2714 distribuit
2672 2658 2838 2720 bona,
2871 2671 2993 2726 quae
3024 2670 3053 2709 a
3085 2655 3407 2726 parentibus
3447 2664 3759 2725 acceperat.

2164 2753 2372 2821 omnia,
2398 2764 2450 2808 et
2483 2752 2689 2828 reditus
2713 2767 2840 2806 suos
2871 2750 3102 2821 publica;
3130 2750 3354 2805 utilitati
3381 2748 3499 2822 111]
3565 2764 3759 2817 εοιιεετ

2166 2847 2359 2903 cravit.
2409 2845 2622 2913 Quibus
2654 2856 2712 2900 ut
2742 2843 2904 2899 ﬁdem
2940 2843 3230 2908 faciamus,
3263 2843 3431 2899 verba
3478 2832 3653 2914 ipsius
3689 2858 3756 2920 ex

2168 2942 2411 3013 Epistula
2444 2941 2511 2996 ad
2557 2939 2796 3010 Leonem
2828 2938 3207 2993 Romanorum
3238 2939 3553 3009 episcopum
3585 2953 3759 3011 appo-

2166 3035 2374 3090 nimus.
2412 3053 2428 3087 t
2466 3032 2796 3104 Episc0patu
2849 3032 3050 3103 inquit,
3090 3039 3172 3085 tot
3230 3032 3392 3086 annis
3445 3042 3600 3102 gesto
3647 3046 3759 3088 non

2166 3126 2392 3191 domum
2446 3122 2741 3194 acquisivi,
2777 3137 2885 3177 non
2912 3136 3126 3190 agrum,
3183 3135 3291 3174 non
3350 3118 3594 3186 obolum,
3649 3132 3777 3200 non,

472 3210 634 3256 vocat
660 3200 937 3271 regionem
968 3201 1023 3256 iu
1059 3202 1255 3259 litteris
1286 3203 1353 3260 ad
1381 3202 1726 3260 Pulcheriam
1754 3205 2057 3277 Augustam
2089 3227 2135 3289 ρ
2166 3217 2501 3288 sepulcrum,
2534 3215 2627 3270 sed
2662 3221 2855 3285 Sponte
2877 3218 3254 3289 paupertatem
3289 3209 3575 3280 amplexus
3608 3223 3759 3289 sum,

475 3295 623 3349 datis
655 3293 839 3364 (epist.
873 3294 986 3364 45).
1020 3293 1192 3367 Magis
1216 3307 1399 3352 autem
1440 3298 1719 3354 deterrere
1747 3313 1873 3354 eum
1906 3310 2063 3370 pote-

474 3399 561 3443 rat
587 3387 1035 3444 Marcienitarum
1054 3390 1497 3462 Arianorumque
1526 3392 1763 3449 nefanda
1797 3393 2057 3466 haeresis,

472 3498 597 3552 quae
624 3492 732 3537 tam
770 3483 910 3543 altas
942 3482 1015 3537 ibi
1045 3491 1229 3555 egerat
1265 3485 1501 3552 radices,
1537 3497 1595 3542 ιιι
1621 3502 1731 3542 non
1773 3487 1894 3544 sine
1914 3503 2068 3543 sum-

473 3577 581 3650 ptis
633 3576 1046 3633 diliicultatibus
1102 3579 1391 3650 exstirpari
1443 3581 1702 3652 potuerit.
1778 3580 1886 3637 Sed
1945 3595 2069 3653 qua)

472 3686 575 3747 per
603 3680 847 3726 extrema
887 3671 1133 3741 pericula
1172 3680 1226 3728 et
1257 3689 1508 3731 summas
1540 3675 1884 3731 calamitates
1934 3675 2065 3729 illu-

482 3763 655 3818 strior
684 3773 930 3833 apparet,
972 3764 1159 3820 divina
1192 3767 1387 3838 gratia,
1420 3778 1619 3840 prasto
1651 3768 1757 3824 fuit
1796 3767 1858 3823 B.
1888 3767 2069 3835 Theo.-

477 3859 693 3923 doreto,
718 3857 1078 3930 animumque
1107 3858 1185 3915 illi
1217 3861 1450 3928 addidit,
1488 3872 1549 3918 ut
1581 3863 1797 3934 abiecto
1823 3865 1974 3918 omni
1996 3861 2067 3917 ti-

476 3967 630 4007 more
659 3952 836 4008 adiret
862 3953 1225 4024 provinciam,
1260 3971 1404 4028 quae,
1442 3957 1489 4013 si
1548 3957 1654 4011 ulla
1684 3956 1815 4023 alia,
1857 3956 1966 4012 ﬁdo
2013 3963 2071 4011 et

475 4043 653 4113 perito
685 4059 822 4115 opus
855 4046 1091 4102 habebat
1125 4048 1392 4105 antistite.
1427 4046 1538 4104 Nec
1569 4064 1830 4105 successu
1875 4063 2069 4105 carne-.-

475 4144 608 4190 runt
638 4146 872 4194 conatus
898 4138 1039 4210 ejus,
1071 4141 1277 4213 quibus
1308 4156 1374 4199 eo
1409 4141 1588 4212 major
1637 4141 1865 4197 debetur
1928 4140 2067 4206 laus,

476 4246 589 4303 quo
622 4233 859 4303 majores
891 4236 1217 4306 superandte
1277 4235 1505 4293 fuerunt
1532 4234 1901 4291 difﬁcultates.
1959 4233 2070 4290 llas

478 4326 652 4396 ipsius
682 4329 1125 4396 praestantissimi
1190 4330 1295 4386 viri
1328 4328 1515 4385 verbis
1538 4345 1604 4385 ex
1656 4329 1815 4398 epist.
1850 4329 1910 4384 8|
1972 4330 2069 4387 dc.-

477 4422 715 4491 sumptis
744 4423 941 4479 Latino
965 4410 1224 4481 sermone
1254 4438 1544 4480 recensere
1566 4422 1799 4491 juvabit.
1848 4442 1865 4475 ι
1910 4421 2066 4489 Octo,

480 4514 681 4584 inquit,
739 4516 893 4573 vicos
938 4516 1202 4574 Marciani
1254 4515 1448 4572 hmresi
1498 4513 1751 4580 infectos,
1785 4531 1939 4586 teque
2003 4531 2068 4571 ac

479 4605 631 4675 locos
668 4608 899 4674 vicinos,
925 4609 993 4664 ad
1014 4609 1293 4664 veritatem
1321 4606 1564 4661 volentes
1590 4606 1836 4676 perduxi.
1873 4605 2062 4678 vicum

478 4696 648 4751 alium
686 4696 1068 4765 Eunomiauis,
1105 4698 1273 4753 alium
1307 4697 1526 4752 Arianis
1558 4695 1841 4763 refertum,
1872 4698 1938 4753 ad
1981 4699 2065 4753 di-

478 4791 620 4847 vinae
644 4793 975 4864 cognitionis
1030 4791 1208 4847 lucem
1262 4790 1490 4857 adduxi,
1560 4790 1884 4861 nullumque
1947 4789 2067 4865 [l0]

480 4883 624 4953 apud
657 4898 781 4950 nos,
817 4883 909 4939 Dei
939 4881 1225 4948 beneﬂcio,
1260 4882 1643 4942 ltmretieorum
1697 4883 1963 4952 reliquum
1986 4892 2071 4938 est

482 4977 694 5038 lolium.
748 4976 866 5030 Non
925 4977 1046 5031 sine
1089 4970 1347 5045 periculis
1400 4984 1583 5031 autem
1643 4975 1759 5031 lucc
1818 4977 2070 5045 przestiti,

484 5071 578 5127 sed
612 5072 786 5126 eli‘uso
817 5070 1017 5140 szepius
1031 5069 1295 5142 sanguine
1324 5084 1466 5133 meo,
1494 5069 1640 5126 baud
1664 5071 2073 5142 rarolapidibus

483 5163 712 5233 aliipsis
743 5164 969 5233 petitus,
1005 5172 1060 5218 et
1095 5163 1252 5233 quasi
1312 5163 1378 5217 ad
1438 5163 1585 5233 ipsas
1639 5162 1831 5218 inferni
1886 5176 2072 5234 portas

484 5257 717 5311 delatus.
759 5274 778 5307 ι
816 5254 910 5309 llis
937 5254 1290 5333 respondent,
1311 5271 1434 5327 quae
1459 5256 1599 5311 idem
1618 5256 1783 5311 Leoni
1815 5257 2074 5326 episcopo

485 5348 738 5414 Romano
796 5347 1193 5420 scribit(epist.
1227 5347 1371 5419 11⁵5),
1410 5367 1430 5401 ι
1470 5347 1658 5403 Divina
1685 5349 2075 5409 mibisuccur-

488 5450 640 5494 rente
670 5442 845 5511 gratia
880 5455 1044 5510 supra
1075 5441 1223 5497 mille
1250 5442 1465 5498 animas
1494 5456 1523 5495 a
1559 5441 1852 5504 Marcionis
1883 5443 2076 5498 morbo

488 5533 738 5603 tiberavi,
801 5533 1112 5605 multasque
1136 5533 1273 5590 alias
1302 5550 1424 5607 qua:
1447 5534 1559 5590 Arii
1585 5543 1641 5592 et
1663 5533 1915 5591 Eunamii
1947 5551 2076 5606 par-

489 5628 638 5688 tibus
668 5626 1013 5684 adhaeserant
1050 5629 1119 5685 ad
1146 5629 1430 5687 Christum
1465 5626 1756 5705 Dominum
1820 5630 2075 5702 perduxi.

492 5717 559 5771 Et
608 5720 1049 5793 octingentarum
1102 5722 1464 5780 ecclesiarum
1527 5734 1715 5795 pastor
1751 5724 2081 5780 constitutus

489 5823 607 5863 sunt
654 5813 756 5882 (tot
793 5814 939 5870 enim
974 5815 1151 5888 Cyrus
1191 5816 1356 5873 habet
1406 5816 1722 5888 parochias)
1766 5818 1819 5872 in
1880 5819 2081 5890 quibus

491 5899 682 5960 lolium
723 5908 932 5964 nullum
977 5907 1225 5965 relictum
1252 5917 1359 5976 est,
1393 5908 1489 5965 sed
1516 5909 1772 5965 omnibus
1796 5909 2081 5967 haeretico-

2169 3318 2224 3366 et
2248 3325 2334 3375 ea,
2371 3324 2493 3378 qua:
2520 3323 2551 3361 a
2579 3304 2900 3377 parentibus
2925 3317 3271 3374 acceperam,
3336 3310 3463 3371 post
3531 3299 3757 3354 illorum

2170 3411 2404 3469 mortem
2441 3399 2626 3456 statim
2652 3397 2930 3471 distribui,
2964 3403 3027 3451 ut
3066 3395 3252 3451 sciunt
3284 3409 3476 3450 omnes
3515 3393 3609 3463 qui
3664 3391 3766 3446 ha-

2170 3492 2347 3565 bitant
2378 3490 2432 3544 in
2461 3489 2701 3543 Oriente.
2736 3508 2758 3539 ι
2791 3484 2992 3541 Eadem
3030 3480 3144 3540 fere
3190 3494 3324 3540 sunt
3368 3500 3492 3554 quin
3525 3482 3594 3538 ad
3649 3480 3763 3537 No—

2171 3600 2324 3641 mum
2356 3582 2641 3639 consulem
2698 3578 2914 3645 scribit,
2964 3593 3089 3649 qum
3129 3593 3197 3634 ne
3247 3577 3528 3649 longiores
3587 3576 3764 3631 simus

2167 3678 2281 3755 jam
2346 3676 2678 3741 omittimus,
2725 3683 2781 3730 et
2831 3674 2934 3729 ista
2990 3681 3206 3728 tantum
3258 3689 3325 3728 ex
3376 3670 3480 3726 hac
3533 3669 3765 3743 epistola

2172 3773 2319 3843 (quae
2348 3780 2432 3827 est
2459 3769 2799 3840 octogesima
2849 3768 3051 3840 prima)
3097 3767 3155 3822 in
3198 3767 3277 3822 rei
3331 3765 3491 3822 tidem
3536 3764 3766 3843 adduci-

2172 3880 2337 3931 mus,
2389 3878 2512 3935 quae
2570 3860 2853 3933 providam
2913 3861 3031 3932 ejus
3079 3858 3148 3916 de
3191 3860 3374 3938 salute
3451 3857 3602 3933 urbis
3649 3872 3768 3935 sum

2172 3973 2363 4013 curam
2428 3963 2721 4012 testantur.
2759 3973 2779 4006 ι
2818 3954 3093 4023 Publicas,
3152 3951 3348 4023 inquit,
3407 3951 3676 4023 porticus,
3729 3965 3762 4007 ε

2171 4048 2481 4107 redditibus
2510 4047 2906 4103 ecclesiasticis
2936 4044 3108 4111 erexi,
3155 4054 3349 4115 pontes
3396 4043 3535 4100 duos
3589 4043 3766 4099 maxi-

2171 4156 2292 4196 mos
2309 4139 2574 4201 exstruxi,
2608 4138 2928 4193 balneorum
2960 4134 3338 4198 communium
3370 4148 3559 4189 curam
3592 4133 3759 4206 gessi,

2172 4248 2407 4304 eumque
2434 4249 2500 4287 ex
2532 4231 2771 4288 alluente
2800 4228 2969 4300 ﬂuvio
2993 4243 3191 4298 aquam
3223 4228 3278 4283 in
3303 4227 3494 4284 urbem
3517 4236 3763 4285 nostram

2171 4308 2374 4403 deferri
2407 4324 2735 4387 invenirem,
2789 4323 3173 4394 aquanluctum
3203 4321 3386 4392 parari
3443 4320 3653 4386 curavi,
3711 4329 3768 4375 et

2173 4423 2364 4491 urbem
2396 4434 2536 4492 aqua
2570 4427 2843 4472 carentem
2877 4415 3036 4486 aquis
3065 4414 3325 4485 replevi.»
3363 4412 3491 4471 llaec
3522 4413 3765 4484 insignia

2174 4515 2228 4569 iu
2260 4515 2409 4570 cives
2440 4510 2756 4582 urbis'Cyri
2790 4510 2989 4565 collata
3048 4509 3315 4585 beneﬁcia
3370 4518 3768 4579 commemorat

2173 4620 2392 4679 quo-(uc
2423 4607 2476 4659 iu
2508 4604 2733 4674 epistola
2766 4602 2834 4657 ad
2864 4592 3177 4659 Anatolium
3199 4600 3488 4672 patricium
3522 4602 3667 4674 (quae
3681 4608 3770 4656 est

2174 4700 2582 4772 septuagesima
2616 4714 2763 4753 noua
2797 4696 3050 4772 numero)
3109 4697 3260 4751 data.
3320 4694 3613 4760 Mirentur,
3670 4693 3768 4764 qui

2174 4770 2292 4846 inec
2324 4770 2530 4862 legunt,
2569 4804 2749 4847 raram
2807 4770 2993 4844 Nostri
3042 4787 3096 4842 in
3157 4785 3359 4857 opibus
3413 4784 3770 4855 disponendis

2174 4887 2625 4956 collocandisque
2657 4885 3115 4948 moderationem,
3148 4891 3421 4956 quantum
3458 4883 3699 4940 abfuerit
3734 4900 3767 4939 a

2176 4979 2318 5036 lucri
2369 4979 2628 5049 cupidine
2687 4978 3165 5048 imtuoderatoque
3209 4978 3484 5033 bonorum
3542 4977 3773 5033 saecula-

2179 5075 2320 5128 rium
2383 5088 2511 5142 usu,
2563 5080 2618 5131 et
2696 5086 2864 5141 quam
2953 5072 3180 5142 dignum
3239 5085 3474 5139 persona
3530 5070 3772 5141 episcopi

2181 5167 2474 5238 putaverit,
2532 5180 2642 5220 non
2694 5165 2860 5222 modo
2916 5180 3105 5221 curam
3180 5165 3492 5241 animarum
3561 5177 3772 5234 gerere,

2179 5263 2272 5319 sed
2307 5263 2471 5319 saluti
2503 5277 2725 5333 quoque
2752 5271 2996 5317 externa:
3026 5276 3285 5336 suorum,
3315 5273 3621 5331 eorumque
3676 5273 3774 5314 ne-

2178 5358 2528 5413 cessitatibus
2559 5356 2866 5427 invigilare.
2927 5354 3107 5411 Studii
3165 5353 3330 5424 hujus
3379 5353 3524 5424 quod
3556 5353 3772 5410 laudem

2179 5467 2315 5506 sane
2342 5459 2603 5514 meretur,
2633 5458 2688 5504 et
2717 5449 2769 5502 in
2792 5463 2904 5519 quo
2934 5447 3021 5503 vix
3053 5446 3154 5502 sibi
3169 5461 3353 5516 parem
3386 5446 3581 5505 habuit
3596 5447 3778 5517 Theo-

2181 5541 2430 5608 dorctus,
2466 5554 2639 5594 unum
2673 5538 2980 5593 alterumve
3009 5537 3193 5592 adhuc
3239 5550 3677 5604 commemorare
3706 5534 3774 5591 li-

2182 5640 2306 5686 ceat
2337 5630 2739 5687 testimonium.
2772 5628 3197 5699 Euphratesiam
3252 5629 3488 5700 ejusque
3540 5628 3773 5699 primam

2183 5718 2373 5773 urbem
2417 5719 2642 5790 Cyrum,
2675 5718 2982 5789 ingressus,
3042 5734 3165 5774 cum
3224 5734 3363 5791 opus
3391 5734 3515 5777 esse
3567 5719 3778 5785 videret

2183 5816 2435 5880 medicis,
2468 5831 2688 5872 onmem
2738 5816 2890 5874 dedit
2942 5833 3186 5890 operam,
3246 5829 3308 5876 ut
3354 5820 3491 5877 artis
3518 5817 3777 5875 salutaris

2186 5909 2504 5966 exercendae
2535 5907 2741 5978 peritos
2771 5910 2838 5966 ad
2868 5910 3014 5969 hanc
3042 5913 3387 5984 provinciam
3430 5911 3773 5980 incolendam
