4136 6480
383 436 442 503 ιι
1778 442 1994 502 DlSSE

2104 444 2299 504 ΑΤΙΟ.
3608 435 3680 501 42

391 553 647 626 precibus
722 555 1062 621 adduceret,
1132 574 1366 626 quorum
1429 575 1598 612 unum
1676 575 2003 629 magnopere
2033 567 2078 621 Α
2110 559 2231 614 foro
2263 560 2408 614 civili
2442 575 2616 629 paena:
2664 569 3001 625 statuuntur,
3058 574 3166 612 non
3207 568 3390 614 autem
3422 559 3491 613 de
3548 574 3681 612 con-

390 646 801 704 commcndavit
848 647 1066 717 Apella:
1098 649 1151 703 iu
1183 651 1412 719 epistola
1461 666 1584 721 quae
1612 661 1697 706 est
1738 651 1844 705 115
1895 668 2000 706 nn-

392 756 573 794 mero.
607 738 717 794 Nec
768 737 893 812 [Ιὲ]
924 742 1122 798 minus
1169 751 1479 812 paternum,
1515 760 1626 813 quo
1681 760 1814 800 suos
1847 744 1994 800 fove-

391 834 505 894 bat,
537 848 789 887 amorem
820 842 1065 889 testatus
1093 842 1201 898 est,
1232 852 1356 890 cum
1389 835 1666 907 Cyrestica
1701 846 1844 892 terra
1870 854 2001 893 one-

389 927 546 979 ribus
593 926 834 995 publicis
866 941 1212 998 magnopere
1241 939 1601 996 premeretur.
1636 930 1788 986 Adeo
1818 931 1997 1001 ipsum

386 1018 632 1088 angebat
662 1033 858 1074 eorum
912 1035 1060 1090 quos
1108 1036 1259 1075 cura:
1288 1036 1402 1077 suae
1447 1020 1777 1079 commissos
1830 1024 2000 1078 babe-

392 1112 489 1165 bat
515 1111 771 1176 miseria,
806 1121 866 1165 ut
896 1127 1001 1181 pro
1057 1113 1303 1167 lcvandis
1354 1113 1615 1168 oneribus
1674 1115 1794 1170 istis
1854 1117 1996 1186 apud

388 1205 753 1261 Pulcheriam
786 1208 1095 1277 Augustam
1127 1215 1184 1262 et
1227 1207 1616 1263 Constantium
1677 1208 1996 1287 prtefectnm

390 1297 805 1352 intercederet:
839 1314 963 1368 qua:
994 1308 1233 1368 utraque
1267 1299 1498 1368 epistola
1558 1300 1650 1371 (4?.
1678 1309 1733 1354 et
1763 1300 1878 1372 45),
1941 1314 2002 1356 ut

391 1397 756 1458 argumento,
801 1388 883 1443 sic
914 1404 1139 1460 quoque
1176 1404 1410 1443 numero
1440 1399 1522 1446 cst
1576 1400 1827 1462 cognata.
1887 1389 2001 1447 Nec

388 1477 615 1533 silentio
652 1481 1040 1549 praetereunda
1072 1489 1157 1535 est
1187 1480 1391 1534 eximia
1443 1481 1533 1536 illa
1598 1481 1998 1545 munificentia,

385 1586 493 1640 qua
529 1582 658 1637 post
687 1582 1063 1641 expugnatam
1115 1588 1148 1627 a
1181 1572 1443 1629 Vaudalis
1501 1583 1558 1628 et
1583 1573 1852 1645 direptam
1874 1574 2002 1629 Car-

388 1663 673 1732 thaginem
717 1664 864 1717 haud
897 1680 1126 1733 paucos,
1144 1666 1240 1735 qui
1264 1680 1387 1720 cum
1409 1675 1652 1720 extren‘a
1685 1675 2002 1736 paupertate

387 1754 870 1817 colluctabantur,
904 1755 1209 1811 liberaliter
1249 1757 1489 1827 hospitio
1520 1758 1755 1826 excepit,
1787 1767 1842 1813 et
1871 1775 1997 1829 pro-

390 1846 513 1898 vida
566 1860 669 1899 sua
698 1861 838 1900 cura
867 1846 1128 1916 dignatus
1156 1857 1266 1911 est,
1299 1849 1352 1901 in
1380 1849 1573 1918 primis
1604 1848 1997 1915 Celestiacum,

387 1950 556 2002 quem
594 1943 790 2004 postea
822 1936 1019 1991 amicis
1070 1937 1187 1993 suis
1220 1937 1405 2006 (epist.
1437 1938 1634 2010 29-56)
1694 1939 1763 1994 de
1792 1940 2000 1994 meliori
2039 1920 2079 1973 Β

386 2025 841 2079 commendavit.
878 2024 1157 2080 Hactenus
1188 2026 1243 2080 in
1279 2029 1634 2082 recensendis
1665 2027 2001 2084 Theodoreti

387 2118 719 2178 virtutibus,
758 2127 818 2171 ut
849 2132 949 2187 par
978 2127 1120 2183 erat,
1153 2119 1408 2187 occupati
1442 2117 1670 2185 fuimus,
1704 2136 1828 2191 quas
1881 2138 2003 2175 om-

386 2226 506 2272 nes,
556 2210 604 2263 si
638 2209 963 2275 conjuncta:
1003 2219 1351 2281 spectantur,
1413 2212 1702 2269 amabilem
1767 2214 1879 2268 veri
1919 2215 2005 2269 di-

384 2302 598 2373 gnique
646 2303 922 2358 antistitis
965 2303 1231 2361 exhibent
1289 2304 1604 2375 imaginem.
1671 2304 1811 2360 lluic
1869 2307 2002 2377 quid

384 2392 615 2463 adjungi
675 2393 857 2462 possit
919 2393 1005 2449 vel
1066 2394 1284 2459 debeat,
1325 2410 1432 2448 non
1504 2395 1778 2451 videmus.
1833 2395 1998 2462 Num,

384 2500 605 2553 (μείρεο.
656 2483 758 2554 qui
804 2484 926 2538 hzec
954 2480 1141 2538 oinnia
1180 2483 1396 2554 legerit,
1428 2484 1590 2545 tidem
1624 2495 1868 2541 nostram
1893 2488 1998 2541 du-

388 2577 535 2631 biam
572 2576 790 2641 reddet,
825 2577 873 2630 si
908 2576 1239 2643 dixerimus,
1290 2591 1416 2631 eum
1471 2578 1566 2647 qui
1625 2579 1694 2633 de
1746 2580 2002 2636 omnibus

388 2669 529 2723 bene
560 2670 791 2732 mereri,
832 2678 890 2722 et
924 2684 1036 2722 non
1081 2668 1202 2723 suis
1255 2668 1441 2735 modo,
1472 2669 1567 2724 sed
1598 2669 1801 2723 exteris
1833 2671 2000 2726 etiam

384 2762 693 2832 benignum
712 2803 725 2826 ,
758 2762 1044 2817 liberalem
1081 2776 1148 2816 ac
1178 2761 1503 2816 muniticum
1535 2777 1594 2817 se
1612 2763 1868 2819 exhibere
1891 2775 2003 2821 stuc

392 2856 543 2917 duit,
581 2870 782 2925 pacem
807 2871 1035 2925 quoque
1087 2855 1352 2920 coluisse,
1410 2857 1484 2910 ita
1546 2865 1605 2911 ut
1660 2873 1762 2913 nec
1815 2859 1883 2914 de
1946 2859 2000 2914 vi

401 2956 600 3016 aperta
643 2947 737 2998 ulli
772 2946 934 3009 illata,
971 2962 1076 3003 nec
1104 2946 1175 3001 de
1204 2946 1333 3002 dolo
1365 2946 1491 3001 aliis
1521 2955 1733 3002 structo
1756 2965 1997 3018 unquam

405 3039 692 3101 accusari,
723 3040 834 3091 sive
854 3040 903 3094 in
932 3041 1028 3109 jus
1060 3040 1253 3095 vocari
1285 3040 1561 3110 potuerit?
1591 3041 1669 3096 lta
1700 3032 1849 3096 omni
1871 3043 1999 3112 jure

400 3134 469 3187 de
498 3131 701 3189 Nostro
728 3133 1111 3201 statuendum,
1148 3151 1252 3192 nec
1288 3136 1399 3190 ullo
1430 3135 1670 3206 amplius
1701 3150 1843 3206 opus
1873 3150 1999 3191 esse

390 3236 656 3298 potamus
704 3228 1059 3283 testimonio.
1107 3226 1339 3291 Tamen,
1373 3244 1441 3282 ne
1475 3228 1562 3283 vel
1627 3228 1731 3283 levi
1812 3228 1998 3297 suspi-

382 3320 529 3374 cioni
562 3321 921 3390 relinquatur
947 3320 1130 3385 locus,
1166 3328 1363 3375 testem
1397 3319 1764 3376 excitabimus
1792 3318 2001 3390 episto-

380 3413 488 3467 lam
575 3429 750 3484 quam
801 3413 959 3469 dedit
1007 3414 1077 3468 ad
1122 3410 1361 3468 Nomum
1425 3412 1733 3470 consulem.
1791 3411 1850 3467 ln
1897 3412 2001 3467 hac

377 3510 526 3579 (qua
545 3509 748 3564 ordine
798 3518 888 3564 est
912 3507 1009 3577 81)
1077 3506 1276 3609 scribit
1306 3527 1318 3562 :
1361 3526 1381 3559 ε
1410 3506 1600 3564 Annos
1630 3504 1821 3577 viginti
1840 3505 2003 3609 qujn-

376 3619 488 3673 que
517 3604 598 3659 ita
648 3603 787 3668 vixi,
842 3611 906 3679 ut
939 3616 1129 3672 neque
1174 3600 1230 3655 in
1265 3601 1360 3671 jus
1394 3610 1622 3657 vocatus
1670 3601 1773 3658 sim
1803 3618 1835 3657 a
1866 3600 2002 3670 quo-

376 3710 569 3765 quam,
601 3710 792 3766 neque
824 3695 948 3764 ipse
996 3708 1338 3764 quemquam
1391 3696 1792 3751 accusaverim.
1843 3696 1998 3753 Toti-

378 3785 504 3839 dem
566 3785 735 3840 annis
794 3783 989 3839 nullus
1037 3782 1583 3853 religiosissimorum
1647 3786 1995 3855 clericorum,

378 3877 586 3946 quibus
618 3890 920 3947 praeeram,
958 3872 1262 3928 tribunalia
1288 3871 1677 3944 frequentavit.
1709 3873 1827 3931 Non
1862 3878 1995 3933 obo-

377 3970 515 4032 lum,
551 3983 663 4023 non
696 3978 917 4023 vestem
950 3982 983 4021 a
1007 3980 1292 4037 quoquam
1350 3966 1563 4037 sumpsi
1599 3987 1613 4021 :
1672 3983 1741 4022 ne
1770 3970 1996 4025 unicum

376 4063 605 4133 quidem
658 4076 889 4131 panem,
928 4069 1028 4114 aut
1085 4073 1251 4113 ovum
1303 4057 1419 4131 [151
1468 4061 1615 4117 ullus
1665 4062 2000 4120 domestico-

379 4172 502 4210 rum
564 4169 828 4209 meorum
859 4153 1082 4223 accepit
1115 4167 1383 4221 unquam.
1414 4153 1619 4209 Praeter
1672 4155 2000 4226 panniculos

378 4249 585 4316 quibus
622 4247 882 4301 amictus
912 4260 1066 4309 sum,
1101 4244 1239 4298 nihil
1297 4245 1577 4314 possidere
1630 4248 1801 4302 volui.
1841 4268 1860 4302 ›
1925 4251 1999 4306 Ita

378 4353 606 4407 quoque
635 4338 708 4390 ad
744 4335 1111 4390 Eutrechium
1145 4333 1484 4404 prafectum,
1516 4337 1733 4403 eodem,
1771 4347 1831 4393 ut
1885 4339 1998 4410 jam

377 4428 511 4483 alibi
544 4428 905 4495 notavimus,
944 4437 1218 4496 tempore,
1269 4427 1520 4483 scribens
1554 4429 1738 4500 (epist.
1769 4430 1860 4500 80)
1922 4441 2003 4486 te-

377 4530 584 4585 statur,
620 4536 687 4575 se
717 4534 822 4574 nec
854 4518 1037 4573 l'orum
1059 4518 1320 4589 judiciale
1341 4520 1720 4591 interpellasse
1737 4539 2000 4595 unquam,

2070 692 2075 697 .
2106 651 2390 706 troversiis
2426 666 2549 721 qua:
2577 650 2645 705 dc
2670 652 2939 719 capitibus
2972 650 3094 704 fidei
3139 650 3434 720 agitantur,
3491 649 3684 718 quales

2104 745 2207 813 ipsi
2261 759 2387 799 cum
2418 745 2622 814 Cyrillo
2651 745 3110 798 intercesserunt.
3179 744 3433 814 Longiori
3491 753 3680 796 contra

2102 834 2376 891 Oudinum
2433 851 2541 891 non
2596 851 2736 907 opus
2770 837 2879 891 erit
2936 837 3328 907 disputatione,
3378 850 3569 905 quam,
3618 850 3685 888 ne

2102 930 2388 1000 scriptoris
2413 930 2585 984 nostri
2617 945 2841 983 causam
2877 931 3130 1002 deserere
3160 929 3489 993 videremur,
3519 928 3685 981 omit-
3740 936 3745 941 ‘

2102 1032 2217 1077 tere
2266 1022 2485 1090 quidem
2517 1035 2624 1075 non
2659 1022 2960 1091 potuimus,
2996 1022 3319 1090 protrahere
3351 1030 3530 1074 tamen
3586 1033 3687 1072 no-

2101 1110 2304 1177 lumus,
2335 1111 2462 1181 quia
2492 1111 2558 1164 de
2581 1112 2971 1172 controversia,
2996 1126 3116 1180 quae.
3145 1111 3284 1165 inter
3310 1109 3569 1171 Nostrum
3603 1119 3687 1162 at-

2101 1217 2208 1271 que
2236 1201 2499 1272 Cyrillum
2533 1202 2737 1273 agitata
2763 1211 2866 1266 est,
2903 1204 2957 1255 in
2990 1203 3238 1271 proxima
3275 1201 3437 1270 hujus
3471 1200 3685 1255 Disser-

2105 1295 2329 1349 tationis
2367 1303 2541 1363 parte,
2574 1294 2641 1349 ad
2673 1310 2838 1365 quam
2888 1295 3292 1365 progredimur,
3330 1309 3510 1348 sermo
3540 1310 3686 1347 nunc

2104 1387 2445 1440 instituetur.
2662 1440 2675 1445 _
2842 1429 2845 1431 .
3012 1452 3015 1457 ⁴

2174 1476 2379 1548 Viginti
2404 1487 2461 1533 et
2488 1478 2629 1550 quod
2660 1477 2901 1533 excurrit
2926 1493 3193 1532 annorum
3238 1479 3465 1533 historia
3502 1488 3687 1532 texen-

2103 1570 2171 1624 da
2205 1579 2289 1626 est
2324 1572 2503 1634 nobis,
2554 1587 2679 1626 cum
2714 1572 2767 1625 in
2822 1572 2994 1626 altera
3042 1570 3179 1625 Vitae
3215 1570 3374 1638 hujus
3426 1578 3577 1640 parte
3621 1572 3688 1622 de

2103 1662 2268 1717 rebus
2298 1663 2468 1733 gestis
2499 1661 2823 1719 Theodoreti
2873 1679 3045 1732 usque
3078 1663 3144 1716 ad
3198 1661 3488 1717 concilium
3522 1661 3687 1714 Chal-

2106 1753 2411 1809 cedonense
2441 1770 2717 1824 exponere
2745 1755 3101 1809 constitutum
3135 1754 3226 1807 sit.
3266 1752 3473 1808 Rerum
3501 1751 3690 1806 dicen-

2106 1849 2299 1904 darum
2330 1850 2467 1906 ordo
2491 1851 2649 1921 jubet
2699 1858 2760 1906 ut
2792 1851 3004 1905 initium
3044 1849 3308 1905 faciamus
3344 1850 3412 1903 ab
3440 1848 3542 1901 illis
3567 1863 3689 1916 quae

2106 1942 2398 1998 concilium
2426 1941 2543 2016 [14]
2564 1943 2891 2013 Ephesinum
2913 1943 3083 2012 prius.
3110 1943 3252 2011 quod
3279 1941 3332 1994 in
3354 1956 3483 1994 ann.
3502 1938 3685 1994 451C.

2106 2034 2318 2098 incidit,
2351 2043 2768 2103 praecesserunt.
2821 2033 2967 2089 Lites
3007 2051 3153 2089 nunc
3193 2033 3515 2087 enarranda:
3562 2041 3728 2086 sunt.

2105 2125 2515 2191 funestissimae,
2540 2144 2665 2198 quae
2692 2128 2745 2181 in
2773 2143 2937 2182 causa
2966 2127 3222 2192 Nestorii,
3252 2127 3403 2197 impii
3429 2126 3687 2187 hominis.

2106 2234 2213 2273 non
2249 2219 2368 2274 sine
2401 2220 2639 2274 maxima
2662 2221 2976 2275 animorum
3009 2221 3379 2285 contentione,
3411 2221 3464 2274 in
3495 2220 3690 2275 Orien-

2105 2309 2194 2363 tali
2225 2318 2278 2363 ct
2308 2309 2646 2365 Occidentali
2692 2309 2937 2366 Ecclesia
2968 2326 3034 2365 eo
3072 2320 3314 2380 tempore
3352 2311 3547 2381 agitari
3577 2326 3692 2364 cce-

2105 2408 2318 2470 perunt.
2348 2398 2442 2455 His
2473 2401 2617 2455 enim
2654 2403 2840 2458 litibus
2873 2403 3011 2457 adeo
3046 2404 3293 2458 involuta
3318 2413 3402 2458 est
3432 2402 3691 2459 Theodo-

2106 2492 2205 2544 reti
2248 2493 2381 2559 vita,
2419 2501 2498 2556 ut,
2539 2494 2633 2562 qui
2686 2493 2829 2548 hanc
2860 2493 3171 2548 describere
3201 2494 3533 2564 aggreditur,
3569 2494 3692 2548 illas

2104 2581 2335 2652 attingat
2365 2598 2590 2639 necesse
2617 2584 2710 2637 sit.
2737 2580 2817 2637 Ne
2847 2591 3031 2637 autem
3058 2584 3388 2652 quibusdam
3423 2583 3692 2637 lectorum

2104 2674 2403 2729 obscurum
2454 2676 2547 2736 sit,
2594 2675 2741 2729 unde
2787 2686 2907 2730 orta
2964 2676 3129 2729 fuerit
3180 2676 3359 2729 acrior
3411 2675 3501 2728 illa
3549 2675 3694 2729 inter

2103 2766 2366 2839 Cyrillum
2401 2777 2456 2822 et
2487 2766 2892 2822 Theodorctum
2945 2767 3265 2836 disputatio,
3320 2768 3482 2836 paulo
3530 2768 3694 2822 altius

2103 2863 2409 2929 repetendae
2441 2870 2604 2914 erunt
2654 2860 2774 2927 ejus
2814 2859 3073 2931 origines.
3110 2859 3466 2914 Notissimum
3511 2861 3694 2914 omni—

2103 2952 2207 3007 bus
2239 2967 2362 3006 esse
2395 2951 2576 3017 debet,
2630 2952 2814 3006 minus
2855 2961 3004 3006 recte
3046 2953 3113 3005 de
3148 2952 3331 3006 divina
3358 2950 3564 3007 Christi
3595 2969 3694 3007 na-

2104 3053 2225 3099 tura
2255 3053 2310 3099 et
2338 3044 2405 3098 de
2436 3044 2811 3099 incarnatione
2842 3046 3080 3099 sensisse
3123 3043 3458 3108 Nestorium,
3505 3044 3598 3114 qui
3628 3060 3693 3098 co

2105 3146 2350 3207 tempore
2389 3136 3019 3201 Constantinopolitanae
3069 3134 3328 3191 Ecclesiae
3382 3146 3501 3191 erat
3554 3152 3696 3207 prae-

2108 3227 2302 3283 fectus.
2344 3226 2447 3282 Per
2477 3227 2801 3295 discipulos,
2839 3236 2899 3281 ut
2927 3226 3049 3280 ﬁeri.
3081 3228 3240 3289 solet,
3270 3228 3436 3297 impia
3472 3242 3695 3297 sparge-

2108 3319 2203 3374 bat
2229 3322 2483 3389 dogmata
2509 3334 2631 3383 sua,
2680 3318 2733 3373 in
2766 3319 2956 3389 primis
2994 3334 3088 3388 per
3118 3317 3492 3386 Anastasium,
3529 3336 3695 3390 quem

2106 3413 2343 3470 habebat
2374 3414 2772 3482 presbyterum,
2810 3412 2901 3479 qui
2947 3428 3045 3482 pro
3083 3413 3349 3468 concione
3399 3413 3697 3483 aliquando

2108 3505 2362 3571 dixerat,
2432 3505 2715 3575 Deiparam
2778 3503 3054 3576 Virginem
3107 3504 3367 3559 Θεοτόκον
3420 3504 3527 3561 dici
3582 3521 3696 3561 non

2105 3613 2287 3668 posse.
2329 3597 2637 3654 Accusatus
2668 3613 2698 3652 a
2734 3598 2881 3653 clero
2931 3596 3558 3664 Constantinopolitano,
3595 3598 3698 3653 de-

2105 3689 2294 3749 fensus
2334 3699 2513 3746 autem
2557 3699 2643 3745 cst
2689 3706 2719 3744 a
2749 3688 3022 3746 Nestor-io.
3067 3687 3206 3744 Hinc
3244 3689 3352 3743 illae
3415 3689 3689 3761 lacrymm.

2105 3782 2269 3852 ignis,
2305 3782 2399 3849 qui
2433 3780 2669 3849 primum
2697 3781 2749 3834 in
2779 3782 2916 3837 urbe
2944 3781 3086 3850 regia
3117 3780 3352 3850 gliscere
3382 3781 3692 3847 videbatur,

2106 3889 2234 3929 mox
2266 3874 2321 3927 iu
2367 3871 2620 3927 ﬂammas
2654 3873 2996 3941 erumpebat,
3047 3882 3103 3926 et
3147 3887 3255 3927 non
3307 3873 3468 3927 modo
3518 3881 3694 3928 totum

2104 3964 2380 4020 Orientem
2416 3956 2763 4032 pervadebat,
2806 3961 2905 4019 sed
2944 3956 3175 4016 Romam
3218 3977 3438 4032 quoque
3478 3962 3699 4019 delere-

2107 4057 2286 4111 batur.
2333 4053 2686 4117 Ccelestinus,
2733 4053 2989 4110 Ecclesiae
3022 4052 3279 4110 Romana:
3313 4054 3418 4108 hoc
3447 4063 3698 4125 tempore

2107 4150 2358 4213 antistes,
2407 4164 2438 4203 a
2471 4148 2674 4219 Cyrillo
2724 4147 2778 4202 in
2835 4147 3141 4203 subsidium
3189 4156 3442 4213 vocatus,
3499 4148 3695 4214 primis

2107 4242 2234 4296 mali
2266 4240 2430 4310 hujus
2459 4240 2650 4307 initiis,
2681 4255 2749 4295 ne
2798 4256 2954 4295 mora
2994 4240 3407 4297 diuturnitatem
3448 4241 3696 4297 attrahe-

2106 4344 2208 4401 ret,
2240 4333 2458 4389 obviam
2491 4333 2732 4388 eundum
2764 4348 2886 4389 esse
2934 4332 3161 4401 putavit,
3196 4332 3306 4402 igni
3345 4346 3477 4386 vero
3508 4333 3696 4388 oleum

2106 4426 2390 4484 all‘nndere
2438 4428 2587 4483 visus
2630 4436 2736 4482 est.
2792 4425 3135 4481 Severiorem
3181 4425 3327 4479 enim
3369 4425 3533 4480 istam
3569 4426 3697 4481 tulit

2110 4526 2460 4590 sententiam,
2506 4540 2615 4595 qua
2645 4522 2898 4579 Nestorio
2929 4522 3336 4592 injungebatur,
3371 4522 3514 4575 intra
3543 4520 3695 4576 deci-

378 4628 485 4669 nec
513 4614 586 4669 ab
616 4613 738 4667 ullo
770 4612 1031 4668 criminis
1064 4626 1221 4667 reum
1252 4628 1374 4668 esse
1402 4623 1610 4670 actum.
1645 4614 1779 4682 Quis
1812 4617 1997 4686 itaque
2032 4634 2074 4688 ο
2101 4636 2252 4676 mum
2298 4636 2329 4674 a
2381 4618 2656 4689 publicata
2709 4615 2980 4672 sententia
3027 4614 3194 4679 diem,
3247 4614 3531 4670 erroribus
3573 4614 3695 4670 suis

376 4708 449 4762 de
510 4706 620 4760 viri
654 4706 910 4771 lenitate,
940 4704 1205 4773 aequitate
1235 4712 1290 4758 et
1318 4719 1448 4776 erga
1484 4705 1624 4760 alios
1647 4706 2000 4777 justitiajure

378 4800 785 4855 dubitaverit?
817 4797 1155 4869 Magnopere
1186 4798 1373 4867 itaque
1431 4800 1724 4866 miramur,
1782 4799 2000 4857 Oudino

386 4895 552 4949 verba
588 4894 705 4949 ista
738 4892 999 4963 potuisse
1051 4891 1329 4957 excidere,
1361 4907 1491 4961 qua:
1520 4902 1738 4948 exstant
1769 4904 1925 4949 tomo
1974 4895 1998 4951 Ι

394 4984 462 5039 De
487 4986 689 5055 script.
723 4983 948 5048 eccles.,
976 4999 1030 5052 ῃ.
1066 4981 1229 5037 1056.
1267 5000 1287 5033 ι
1325 4982 1461 5039 Cum
1520 4984 1830 5039 exercuerit
1887 4994 1998 5040 tam

398 5080 620 5145 grandes
689 5075 1019 5129 inimicitias
1080 5073 1348 5129 adversus
1404 5072 1677 5144 Cyrillum
1723 5075 1880 5130 Alex.
1946 5084 2002 5130 et

391 5181 508 5226 ante
534 5170 827 5241 synodum
862 5166 1217 5234 Ephesinam,
1247 5180 1372 5236 qua:
1422 5178 1568 5220 anno
1596 5167 1695 5221 451
1730 5166 1871 5221 facta
1892 5176 1997 5231 est,

383 5272 434 5316 et
487 5271 618 5332 post
646 5260 958 5331 synodum,
990 5258 1353 5314 amarulentis
1388 5258 1442 5312 in
1495 5274 1616 5314 eam
1666 5261 1999 5330 conscriptis

384 5354 539 5410 libris
575 5371 591 5406 :
626 5353 833 5418 miror,
864 5367 976 5422 qua
1009 5351 1227 5406 ratione
1285 5348 1671 5406 Theodoretus
1713 5351 1994 5421 glorietur,

378 5447 605 5516 sibique
654 5445 1023 5515 potissimum
1079 5443 1149 5498 de
1206 5442 1445 5498 militate
1501 5442 1891 5498 abblandiatur
1943 5444 1999 5499 in

375 5540 625 5611 epistola
654 5538 723 5594 81
764 5538 835 5592 ad
866 5537 1129 5592 Nomum.
1172 5554 1193 5589 ι
1230 5534 1510 5591 Haacsatis
1534 5548 1725 5606 aperte
1757 5535 2000 5605 produnt

377 5631 913 5703 interpretationem
947 5644 978 5684 a
1011 5644 1182 5685 sensu
1228 5628 1520 5697 scriptoris
1573 5628 1995 5685 alienissimam.

379 5723 523 5781 Cum
546 5726 704 5782 enim
726 5726 931 5780 Noster
958 5724 1026 5778 ad
1057 5721 1298 5779 Nomum
1323 5732 1381 5778 et
1409 5720 1764 5777 Eutrechium
1785 5721 1994 5787 scribit,

382 5832 491 5873 nec
523 5834 588 5873 se
616 5833 724 5875 nec
755 5830 989 5872 suorum
1038 5830 1374 5885 quamquam
1427 5812 1807 5884 [requeutasse
1832 5812 2000 5867 δικα-

389 5912 640 5983 στήριον,
671 5911 743 5963 de
773 5907 1108 5962 criminibus
1152 5905 1381 5977 intelligi
1441 5906 1630 5971 voluit,
1688 5904 1891 5975 quibus
1942 5902 1999 5957 in

623 6002 906 6065 Parum.
952 6001 1070 6062 Gn.
1109 5999 1346 6059 LXXX.

378 6057 417 6073 α

2104 4711 2225 4766 vale
2252 4710 2455 4774 dicere,
2506 4718 2559 4763 et
2590 4708 2879 4762 duodecim
2926 4706 3180 4776 capitulis
3212 4706 3327 4761 sive
3367 4706 3695 4761 anathema-

2104 4802 2286 4859 tismis
2332 4815 2363 4854 a
2398 4799 2604 4871 Cyrillo
2630 4799 2950 4869 compositis
2976 4797 3343 4861 subscribere,
3383 4796 3590 4860 addita,
3631 4806 3696 4851 ut

2103 4895 2147 4950 si
2178 4907 2341 4948 secus
2372 4891 2593 4956 faceret,
2625 4889 2925 4959 episeOpali
2960 4890 3090 4946 sede
3118 4889 3429 4960 ejiceretur,
3461 4887 3695 4941 commi-

2105 4986 2345 5041 natione.
2370 4983 2494 5037 Alia
2523 4990 2705 5036 autem
2741 4982 2992 5037 medendi
3026 4981 3260 5045 ratione,
3290 4987 3346 5035 et
3374 4978 3572 5048 majori
3604 4978 3694 5034 in-

2106 5076 2303 5147 primis
2335 5076 2555 5130 lenitate
2602 5089 2743 5143 opus
2795 5073 3009 5129 fuisset.
3061 5071 3346 5129 Nestorius
3373 5071 3543 5137 enim,
3576 5072 3694 5129 sive

2102 5167 2305 5239 ingenii
2349 5182 2462 5237 quo
2509 5166 2746 5236 pollebat
2777 5166 3056 5244 acumine,
3110 5174 3166 5221 et
3216 5164 3526 5235 eloquentia
3582 5180 3692 5234 qua

2103 5262 2308 5321 multos
2332 5276 2436 5316 suo
2466 5259 2585 5333 [15]
2615 5270 2858 5330 tempore
2887 5258 3203 5329 superabat,
3233 5256 3423 5321 fretus,
3451 5255 3565 5312 sive
3593 5272 3694 5311 au-

2103 5354 2336 5409 licorum
2359 5366 2500 5422 quos
2519 5351 2574 5407 in
2600 5351 2735 5406 urbe
2766 5351 2913 5421 regia
2940 5349 3178 5404 habebat
3211 5347 3475 5412 fautores,
3503 5346 3694 5402 amici-

2105 5444 2200 5509 tia,
2219 5457 2395 5513 eaque
2411 5457 2519 5513 qua
2536 5444 2588 5497 in
2607 5441 2831 5497 Oriente
2846 5440 3180 5510 conspicuus
3196 5447 3317 5494 erat
3343 5438 3689 5503 auctoritate,

2103 5537 2218 5592 sive
2244 5534 2482 5605 denique
2516 5535 2751 5597 aliorum
2784 5532 3151 5603 quorumdam
3185 5531 3567 5599 episcoporum
3603 5543 3694 5583 as-

2103 5641 2292 5688 sensu,
2335 5625 2598 5680 audacior
2646 5623 2856 5691 factus,
2906 5624 3112 5694 sprevit
3157 5621 3439 5678 Coelestini
3489 5620 3691 5676 minas.

2104 5715 2197 5772 Sic
2228 5731 2314 5772 res
2342 5716 2523 5771 delata
2553 5723 2638 5771 est
2682 5716 2750 5769 ad
2782 5714 3079 5770 concilium
3134 5713 3468 5781 Ephesiuum
3514 5710 3691 5779 prius,

2103 5822 2201 5864 seu
2241 5807 2642 5863 (ecumenieum
2695 5805 2949 5871 tertium,
3002 5804 3092 5860 cui
3136 5800 3392 5872 praesedit
3432 5798 3693 5871 Cyrillus,

2105 5901 2222 5972 qui,
2253 5900 2577 5971 priusquam
2623 5900 2919 5956 haberetur
2948 5894 3245 5952 concilium
3284 5892 3441 5959 illud,
3483 5892 3696 5948 litteras

3263 5983 3299 6074 2
