4136 6476
523 352 594 415 £3
1471 349 1567 407 DE
1610 350 1782 409 VITA
1839 350 1934 408 ΕΤ
1991 350 2333 409 SCRIPTIS
2372 352 2862 413 THEODORETI
3730 355 3801 419 44

525 464 807 524 leestini
834 463 983 519 misit
1011 462 1076 518 ad
1105 461 1394 534 episcopos
1424 460 1730 516 Antiochiae
1761 471 1815 516 et
1858 461 2114 516 llicroso-
2143 465 2188 521 Α
2218 469 2399 515 autem
2452 473 2605 529 parte
2638 464 3015 521 Theodoretus
3068 467 3272 522 litteras
3312 477 3501 522 contra
3537 466 3800 540 Cyrillum

526 560 705 629 lymar,
737 566 793 611 ut
822 554 923 609 hos
953 569 982 607 a
1014 552 1276 608 societate
1308 567 1432 605 cum
1461 549 1717 605 Nestorio
1748 550 1985 605 incunda
2014 550 2109 603 de-

528 657 775 705 terreret.
831 645 926 700 His
975 643 1171 699 litteris
1200 651 1507 698 commotus
1534 639 1775 694 Joannes
1805 638 2111 694 Antioehim

522 744 813 813 cpiscopus
846 738 1067 809 scripsit
1115 735 1181 789 ad
1214 734 1550 799 Nestorium,
1602 747 1759 802 quem
1802 731 2105 797 admonuit,

525 850 587 891 nt
614 837 681 891 ad
709 835 981 891 saniorem
1019 832 1175 886 tidem.
1207 832 1429 895 rediret,
1462 837 1753 895 motusque
1779 827 1832 880 in
1866 825 2109 883 Ecclesia

523 931 787 985 excitatos
842 927 1073 982 sedaret.
1138 924 1287 978 Hauc
1349 920 1635 997 epistolam
1690 921 1849 975 boum
1913 922 2110 976 mentis

522 1036 712 1077 testem
762 1020 1160 1087 charitatisquc
1211 1018 1425 1083 plenam
1460 1012 1709 1068 nonnulli
1760 1011 2110 1068 Theodoreto

524 1126 710 1171 nostro
737 1114 1005 1176 tribuunt,
1060 1124 1224 1179 quam
1275 1106 1600 1160 sententiam
1637 1121 1744 1159 non
1777 1106 1895 1160 sine
1939 1108 2109 1160 multa

522 1210 718 1263 ﬁducia
745 1202 1000 1276 proponit
1029 1200 1328 1257 Garnerius
1354 1202 1506 1254 Auct.
1542 1215 1593 1269 p.
1641 1198 1708 1253 59
1734 1209 1787 1254 et
1815 1215 1867 1269 p.
1906 1199 2025 1260 H9,
2052 1200 2107 1252 in

518 1301 685 1355 dubio
733 1310 913 1353 autem
967 1296 1196 1365 positam
1251 1308 1373 1348 esse
1422 1292 1559 1347 dicit
1614 1292 1742 1347 ibid.
1807 1308 1859 1362 p.
1910 1291 2014 1345 469
2058 1302 2111 1345 et

520 1412 572 1463 p.
609 1393 733 1446 474.
779 1387 1054 1458 Quidquid
1104 1387 1196 1451 sit,
1234 1386 1439 1440 sciente
1502 1397 1556 1439 et
1605 1386 1867 1440 suadente
1911 1383 2110 1438 Nostro

520 1481 823 1550 composita
850 1495 973 1534 esse
1006 1479 1220 1531 videtur
1245 1476 1473 1546 epistola
1504 1475 1593 1530 illa
1620 1518 1636 1543 ,
1659 1491 1782 1546 quae
1811 1477 2101 1531 obtinendt

520 1575 612 1627 lini
652 1588 753 1626 suo
801 1572 1026 1625 omnino
1065 1580 1181 1624 erat
1224 1569 1532 1639 aptissima,
1573 1570 1619 1623 si
1651 1584 1805 1624 mens
1837 1586 1942 1623 non
1976 1571 2110 1624 laeva

520 1666 712 1721 fuisset
742 1663 1017 1718 Nestorio.
1048 1661 1146 1717 llic
1178 1677 1326 1727 vero,
1358 1670 1416 1715 ut
1445 1662 1623 1717 solent
1652 1663 1742 1732 qui
1774 1663 2109 1732 pertinacius

520 1756 1069 1814 azlbmrentconsiliis
1103 1756 1238 1820 suis,
1272 1756 1449 1809 locum
1481 1770 1589 1808 non
1625 1754 1775 1809 dedit
1802 1755 2105 1809 amicorum

521 1849 924 1914 adhortatio'ui,
977 1848 1069 1903 sed
1126 1846 1322 1902 horum
1383 1848 1588 1903 abusus
1636 1847 1844 1917 judicio
1894 1848 2105 1918 rogavit

518 1941 804 2005 Joannem,
856 1950 916 1995 ut
952 1938 1367 1995 refutandornm
1410 1938 1696 1993 duodecim
1730 1937 1914 2009 Cyrilli
1974 1953 2104 1992 ana-

523 2032 994 2086 thematismorum
1021 2044 1269 2100 operam,
1293 2028 1519 2100 periculi
1560 2038 1690 2084 tunc
1710 2029 1970 2099 temporis
1992 2029 2105 2099 plc-

520 2140 666 2189 nam,
703 2123 938 2179 deferret
964 2123 1096 2176 viris
1123 2122 1333 2193 peritis.
1364 2121 1497 2176 Sors
1521 2122 1621 2177 ista
1655 2121 1885 2176 Andreae
1913 2121 2106 2176 Samo~

518 2226 732 2280 sateno,
774 2225 849 2280 et,
883 2214 1028 2284 quod
1072 2213 1345 2275 dolemus,
1374 2210 1720 2267 Thcodoreto
1763 2211 1973 2282 obtigit.
2027 2212 2103 2266 lta

517 2309 722 2361 factum
751 2315 855 2368 est,
891 2314 949 2359 ut
978 2305 1071 2375 qui
1115 2305 1181 2359 ad
1212 2320 1273 2359 ea
1304 2319 1481 2374 usque
1516 2312 1757 2373 tempora
1790 2303 1930 2358 bene
1958 2304 2104 2372 apud

516 2415 707 2453 omnes
737 2399 1040 2461 audiverat,
1074 2398 1216 2452 male
1245 2398 1385 2466 apud
1416 2396 1617 2450 multos
1646 2397 1877 2461 audiret,
1912 2406 1967 2451 et
1995 2396 2104 2450 liti-

519 2490 622 2543 bus
657 2504 779 2543 sese
810 2488 1104 2556 ingereret,
1139 2501 1278 2557 quas
1313 2486 1621 2541 declinasse
1648 2485 1846 2539 melius
1876 2486 2104 2540 omnino

519 2581 736 2636 fuisset.
774 2580 841 2633 At
885 2595 1012 2634 vero
1050 2580 1218 2633 multa
1269 2589 1416 2641 sunt,
1456 2593 1577 2647 qua:
1609 2578 1821 2631 tuendze
1852 2576 2103 2631 Theodo-

518 2671 624 2724 reti
677 2684 857 2724 causae
906 2669 1233 2723 inserviunt.
1277 2669 1400 2723 llme
1433 2668 1682 2723 Garncrii
1726 2668 1907 2739 potius
1937 2685 2101 2738 quam

521 2773 712 2817 nostro
748 2762 972 2817 nomine
1007 2777 1295 2818 recensere
1328 2762 1569 2832 juvabit,
1619 2771 1677 2815 ut
1707 2771 1981 2831 appareat,
2020 2763 2101 2814 vel

518 2858 651 2926 ipsis
678 2857 812 2909 adeo
843 2854 1173 2911 adversariis
1203 2856 1468 2924 patuisse,
1502 2856 1679 2909 virum
1711 2853 2102 2924 priestantissi—

521 2965 693 3012 mum,
726 2946 830 3002 etsi
876 2947 1099 2999 humani
1133 2946 1337 3014 aliquid
1388 2960 1583 3014 passus
1616 2942 1735 3016 {l6}
1788 2945 1878 3008 sit,
1922 2953 2100 2999 tamen

517 3055 628 3093 non
665 3039 783 3093 sine
832 3037 990 3091 laude
1023 3052 1257 3107 pugnam
1300 3052 1425 3091 cum
1484 3035 1688 3106 (Iyrillo
1733 3035 1978 3090 inivisse.
2027 3034 2101 3089 Ita

502 3141 699 3186 autem
752 3130 1054 3185 Garuerins
1105 3131 1263 3183 Auct.
1318 3144 1370 3198 p.
1419 3127 1572 3182 12οε
1625 3127 1954 3197 «Ingerebat
1986 3142 2103 3183 sese

516 3223 736 3277 occasio
766 3220 1111 3291 optatissima
1145 3219 1493 3275 conserendas
1520 3234 1713 3290 pugnae
1738 3235 1863 3274 cum
1901 3218 2102 3290 (Iyrillo

506 3316 814 3370 multarum
849 3312 1154 3382 palmarum
1199 3312 1358 3373 duce,
1392 3325 1566 3380 eoque
1594 3309 1761 3366 totius
1804 3310 1917 3365 fere
1955 3310 2103 3366 orbis

515 3405 856 3470 doctissimo,
903 3413 954 3457 et
998 3412 1178 3458 tamen
1216 3412 1506 3472 opportuno
1543 3402 1866 3465 vulneribus,
1906 3409 1967 3456 ut
2000 3402 2101 3471 ipsi

514 3500 740 3569 quidem
770 3496 1075 3551 videbatur.
1120 3493 1368 3550 Audendi
1401 3509 1569 3549 causa
1600 3509 1710 3549 non
1755 3501 1965 3548 tantum
2007 3494 2100 3546 ho-

518 3601 689 3653 nesta,
730 3589 906 3643 amico
934 3586 1203 3641 laboranti
1238 3601 1394 3655 opem
1432 3584 1613 3651 ferre;
1658 3585 1753 3641 sed
1783 3584 1945 3638 etiam
1982 3582 2103 3636 reli-

504 3684 688 3753 giosa,
721 3679 967 3733 obsistere
995 3677 1195 3732 homini
1237 3686 1415 3747 partes
1444 3676 1764 3747 Apollinarii
1798 3677 1854 3729 in
1882 3675 2103 3742 speciem

519 3775 709 3828 tuenti.
766 3772 1063 3825 Pulchrum
1106 3778 1223 3823 erat
1265 3768 1518 3823 auxiliari
1549 3766 1801 3823 Nestorio
1827 3766 1978 3820 urbis
2015 3780 2101 3820 re-

518 3865 620 3935 gia:
669 3863 922 3925 antistiti,
981 3859 1117 3914 aula:
1161 3859 1420 3929 gratioso,
1471 3868 1525 3913 et
1578 3857 1745 3914 simul
1790 3869 2105 3926 oppugnare

516 3953 800 4027 Cyrillum,
838 3954 996 4023 cujus
1042 3940 1307 4021 potentia,
1342 3965 1454 4021 quo
1484 3950 1660 4019 major
1699 3948 1769 4003 ab
1793 3946 2104 4002 Occidentis

519 4047 724 4109 favore.
755 4061 822 4101 eo
848 4043 1169 4099 invidiosior
1203 4041 1416 4096 Orienti
1447 4050 1614 4111 atque
1644 4039 1779 4110 ipsis
1809 4038 2101 4107 imperato-

518 4138 672 4193 ribus
703 4134 1101 4191 l‘ormidabilior
1136 4153 1148 4189 :
1190 4133 1421 4203 urgebat
1461 4131 1713 4202 praesulis
1756 4128 2100 4195 mandatum,

519 4228 606 4283 cui
656 4242 846 4297 parere
898 4227 1080 4296 pium,
1130 4224 1402 4280 obsistere
1448 4223 1708 4278 intutum.
1769 4219 2105 4275 Anathema-

522 4323 714 4377 tismos
742 4334 991 4389 arguere,
1022 4317 1149 4388 quid
1180 4315 1449 4371 aliud.....
1483 4312 1782 4378 videretur,
1821 4328 1982 4382 quam
2024 4313 2105 4366 la-

520 4428 737 4469 cessere
762 4426 1021 4483 pugnam,
1051 4425 1171 4479 qua:
1193 4410 1326 4463 orbe
1347 4419 1461 4462 toto
1492 4415 1773 4478 spectante
1796 4404 2102 4476 peragenda

2215 551 2360 605 dedit
2400 554 2465 605 ad
2512 556 2812 609 monachos
2857 556 3256 626 Euphratesiae,
3290 557 3481 629 Syriae,
3514 557 3801 616 Phoenices

2214 653 2268 699 et
2298 643 2519 710 Cilicia),
2556 662 2691 715 quas
2725 649 2965 718 integras
2994 649 3181 704 Graece
3211 660 3258 704 et
3301 649 3496 705 Latine
3528 666 3630 706 suo
3660 660 3800 706 tem-

2214 753 2367 808 pore,
2402 737 2448 793 si
2490 738 2634 793 Deus
2668 741 2831 793 vitam
2866 739 2981 812 [l7]
3023 742 3280 812 viresque
3312 743 3666 810 concesserit,
3701 760 3800 799 ex-

2216 831 2545 885 hibebimus.
2595 831 2738 885 Inter
2766 832 3030 887 ἀνέκδοτα
3064 835 3169 888 huc
3204 850 3378 904 usque
3407 835 3588 890 locum
3627 836 3799 891 tenuit

2212 923 2456 993 Epistula
2508 925 2632 987 illa,
2696 924 2855 994 cujus
2903 926 3155 995 exiguam
3208 936 3417 982 tantum
3477 937 3686 998 partem
3733 945 3796 984 cx

2213 1016 2366 1070 Actis
2411 1016 2602 1086 synodi
2657 1033 2689 1069 v
2741 1017 2888 1071 dedit
2917 1014 3238 1085 Garnerius,
3282 1020 3441 1074 Auct.
3492 1036 3545 1090 p.
3578 1020 3666 1085 62,
3705 1021 3798 1076 sed

2211 1117 2421 1163 tantum
2474 1107 2685 1174 Latine,
2744 1110 2870 1178 quia
2922 1111 3237 1180 apographo
3292 1112 3534 1181 epistola:
3581 1130 3703 1183 quae
3745 1115 3797 1169 in

2212 1197 2333 1253 cod.
2367 1199 2601 1267 quodam
2646 1199 2906 1267 Augustzn
2940 1199 3286 1254 bibliothecae
3330 1199 3560 1257 Vindob.
3595 1212 3794 1269 exstat,

2214 1293 2413 1353 caruit,
2444 1308 2551 1358 quo
2582 1290 2743 1346 nobis
2767 1291 2878 1361 jam
2919 1292 3024 1345 frui
3058 1293 3224 1348 licuit.

2283 1383 2468 1438 Rebus
2495 1384 2567 1436 ita
2596 1384 2876 1453 dispositis
2900 1384 3161 1438 indictum
3190 1397 3274 1440 est
3297 1386 3594 1456 imperante
3619 1387 3796 1443 Theo-

2213 1476 2372 1531 dosio
2426 1477 2719 1531 concilium
2765 1474 2964 1546 Ephesi
3012 1479 3473 1546 congreganduni.
3510 1478 3794 1533 Converte.

2208 1579 2343 1622 runt
2370 1583 2568 1639 magno
2599 1584 2827 1623 numero
2854 1567 3062 1632 Patres,
3097 1571 3301 1640 primas
3333 1571 3507 1626 tenuit
3536 1569 3795 1643 Cyrillus,

2209 1661 2301 1730 qni
2336 1662 2580 1723 absente,
2628 1676 2745 1724 seu,
2770 1669 2830 1713 ut
2878 1660 3157 1717 nonnullis
3189 1664 3368 1717 visum
3404 1671 3508 1727 est,
3546 1664 3799 1718 consulto

2210 1768 2394 1808 moras
2422 1754 2670 1809 trahente
2693 1752 2904 1809 Joanne
2933 1755 3237 1811 Antiochire
3259 1759 3538 1827 episcopo,
3577 1758 3795 1812 feralem

2211 1853 2401 1899 contra
2432 1842 2744 1899 Nestorium
2776 1843 2914 1898 dixit
2945 1846 3292 1899 sententiam.
3333 1846 3437 1901 Sed
3467 1847 3794 1916 animisjam

2212 1935 2500 1992 concitatis
2533 1935 2718 1990 multa:
2755 1936 2959 1990 obortae
3003 1948 3131 1991 sunt
3156 1938 3349 1993 turbte.
3381 1936 3617 1993 Joannes
3650 1940 3796 1994 enim

2211 2030 2587 2085 Antiochenus
2643 2045 2767 2084 cum
2836 2029 3177 2095 advenisset,
3233 2031 3466 2101 Cyrillo,
3523 2031 3798 2086 Memnoni

2213 2123 2414 2193 Ephesi
2444 2123 2724 2193 episcopo,
2753 2131 2807 2176 et
2834 2124 2927 2177 toti
2954 2122 3190 2176 concilio
3214 2138 3542 2192 magnopere
3575 2139 3801 2178 succen-

2212 2215 2345 2280 suit,
2392 2214 2621 2283 aliisque
2664 2214 2718 2267 in
2753 2214 3069 2268 societatem
3116 2228 3274 2269 suam
3312 2214 3498 2269 ascitis
3532 2213 3797 2286 Cyrillum

2212 2306 2619 2367 exauctoravit,
2673 2306 3018 2375 graviterque
3063 2304 3118 2358 in
3171 2320 3365 2360 omnes
3414 2305 3800 2360 animadvertit

2211 2398 2303 2468 qui
2360 2398 2427 2451 ab
2480 2397 2627 2451 illius
2657 2396 2907 2466 partibus
2953 2403 3238 2463 atetcrant.
3275 2394 3480 2466 Majora
3517 2396 3596 2451 rei
3627 2412 3799 2451 sacrae

2212 2488 2503 2542 metuenda
2532 2487 2763 2542 fuissent
2786 2487 2950 2552 mala,
2974 2487 3079 2542 nisi
3112 2487 3409 2558 imperator
3431 2486 3797 2553 Theodosius,

2210 2581 2279 2637 de
2304 2580 2619 2651 perturbato
2665 2578 2922 2635 Ecclesia:
2951 2587 3098 2634 statu
3139 2579 3343 2635 certior
3380 2578 3581 2646 factus,
3615 2580 3801 2649 provi-

2212 2673 2397 2736 disset,
2434 2688 2502 2725 ne
2534 2670 2665 2742 quid
2701 2671 2769 2726 ab
2817 2679 3045 2741 utraque
3100 2682 3254 2742 parte
3303 2685 3581 2745 ageretur,
3626 2675 3802 2731 donec

2211 2780 2374 2820 causa
2402 2772 2546 2819 essu
2568 2765 2804 2835 cognita.
2836 2763 3016 2820 Variis
3046 2773 3227 2819 tamen
3252 2766 3482 2832 artibus,
3506 2768 3800 2822 comitum-

2211 2871 2338 2925 que,
2377 2855 2576 2925 quibus
2617 2856 2693 2911 rei
2745 2855 3139 2927 cognoscendm
3184 2870 3317 2911 cura
3370 2856 3437 2912 ab
3467 2857 3798 2927 imperatore

2211 2947 2503 3008 commissa
2554 2956 2692 3014 erat,
2746 2947 2990 3004 consiliis
3020 2947 3269 3002 eﬂectum
3309 2956 3413 3012 est,
3466 2957 3527 3004 ut
3577 2951 3794 3006 tandem

2210 3037 2454 3092 dimissis
2490 3037 2743 3093 Patribns
2782 3037 2895 3094 fere
2939 3050 3137 3092 cuncta
3188 3039 3241 3093 in
3276 3040 3506 3109 pristino
3534 3049 3676 3097 statu
3706 3059 3797 3098 rc-

2211 3138 2516 3195 mancrent,
2566 3128 2888 3185 confirmata
2938 3137 3121 3184 tamen
3163 3131 3434 3186 sententia
3469 3141 3657 3188 contra
3686 3132 3794 3189 Ne-

2212 3221 2444 3274 storium
2491 3222 2871 3290 pronuntiata.
2911 3222 3169 3279 Proximo
3205 3236 3330 3295 post
3362 3225 3467 3280 hoc
3503 3226 3795 3282 concilium

2211 3322 2454 3382 tempore
2489 3312 2699 3375 odium,
2733 3314 2873 3382 quod
2908 3314 3149 3370 nondum
3179 3318 3416 3387 sopitum
3446 3329 3586 3383 erat,
3626 3335 3796 3376 novas

2209 3406 2367 3476 quasi
2395 3405 2602 3475 recepit
2630 3405 2798 3471 vires,
2840 3415 2891 3461 et
2921 3408 3268 3462 occa'sionem
3304 3408 3453 3464 dedit
3481 3411 3796 3467 celebratis-

2209 3497 2365 3557 simis
2396 3497 2504 3553 illis
2533 3497 2777 3567 quinquc
2807 3498 2981 3564 libris,
3016 3514 3157 3568 quos
3183 3497 3561 3557 Theodoretus
3605 3514 3794 3558 contra

2205 3588 2465 3660 Cyrillum
2498 3597 2553 3643 et
2580 3589 2874 3644 concilium
2917 3589 3251 3659 Ephesinum
3292 3594 3670 3662 composuisse
3706 3593 3797 3648 di-

2208 3681 2368 3735 citur.
2408 3680 2473 3734 lli
2504 3695 2831 3749 magnopere
2859 3680 3256 3751 displicuerunt
3284 3681 3470 3753 Cyrilli
3504 3683 3795 3738 sectatori-

2208 3774 2333 3835 bus,
2360 3783 2413 3827 ct
2441 3771 2615 3827 Mario
2637 3771 2920 3827 Mercatori
2957 3774 3090 3828 adeo
3119 3775 3485 3830 exsccrabiles
3512 3775 3614 3829 visi
3640 3786 3792 3841 sunt,

2207 3873 2269 3919 ut
2299 3864 2539 3920 scribere
2572 3879 2681 3917 non
2709 3863 2987 3918 erubuerit
3027 3863 3295 3935 (Operum
3328 3875 3370 3937 _t.
3400 3863 3465 3930 ll,
3498 3865 3584 3920 ed.
3619 3864 3792 3921 Garn.

2208 3971 2263 4025 p.
2298 3955 2427 4025 265)
2461 3953 2721 4009 Nostrum
2784 3955 3079 4026 instigante
3107 3955 3323 4011 diabolo
3352 3956 3475 4012 illos
3510 3971 3793 4012 exarasse.

2206 4046 2318 4102 Nec
2338 4047 2522 4100 minus
2543 4046 2848 4102 Garnerius
2871 4047 2941 4100 ob
2971 4047 3140 4101 libros
3169 4045 3283 4118 [18]
3318 4047 3451 4103 istos
3478 4048 3800 4103 succensuit

2208 4139 2553 4195 Theodoreto
2580 4157 2593 4192 :
2620 4139 2823 4193 erravit
2850 4150 3054 4204 autem,
3091 4156 3213 4195 cum
3247 4142 3405 4195 Auct.
3435 4156 3489 4211 p.
3528 4140 3629 4195 ηδ
3654 4142 3799 4195 scri-

2207 4231 2304 4295 bit,
2355 4231 2475 4287 illos
2520 4232 2680 4302 jussu
2735 4232 3026 4289 Theodosii
3082 4235 3425 4303 imperatoris
3479 4235 3799 4290 combustos

2206 4338 2347 4390 esse,
2378 4324 2522 4393 quod
2548 4333 2725 4379 tamen
2754 4340 2808 4395 p.
2841 4325 2967 4385 259,
2994 4323 3231 4396 Dialogis
3252 4325 3370 4380 istis
3398 4325 3490 4395 qui
3516 4323 3797 4378 Eranistes

2207 4431 2303 4471 seu
2343 4413 2733 4486 Polymorpltus
2773 4402 3017 4484 inscripti
3049 4425 3196 4483 sunt,
3230 4416 3495 4473 accidisse
3521 4416 3799 4488 perhibet,

520 4515 780 4560 esset.....
821 4502 962 4569 Quid
997 4501 1207 4555 multa?
1255 4499 1636 4554 illecebrosum
1669 4504 1806 4563 erat,
1838 4496 1947 4552 dici
1982 4497 2104 4552 ubi-
2138 4530 2182 4587 ι)
2212 4517 2427 4562 notatus
2458 4507 2578 4561 ideo
2614 4508 2684 4562 ab
2711 4506 2924 4563 oudino
2949 4508 2991 4573 ι,
3026 4524 3077 4577 ρ,
3112 4507 3271 4562 “0|.

518 4613 627 4668 que
654 4606 943 4659 terrarum,
975 4594 1120 4664 quod
1173 4591 1380 4647 solebat
1423 4588 1750 4652 Antiochiae,
1783 4589 2108 4659 eloquentiae

521 4689 849 4744 miraculum
889 4699 944 4741 et
972 4686 1243 4740 doctrina:
1284 4682 1615 4752 prodigium.
1649 4700 1665 4732 ι
1713 4680 1879 4736 Multa
1909 4681 1997 4736 his
2025 4682 2107 4734 iu-

522 4790 670 4846 sunt,
720 4794 843 4851 quae
875 4789 1018 4832 recte
1048 4786 1103 4831 et
1147 4776 1403 4844 praiclare
1453 4773 1587 4827 dixit
1613 4771 1944 4840 Garnerius;
1982 4782 2111 4828 sunt

521 4890 650 4930 vero
684 4875 870 4935 etiam,
901 4885 1021 4941 qua:
1050 4866 1321 4922 infensam
1349 4880 1476 4936 erga
1512 4863 1917 4922 Tlieodoretum
1950 4881 2109 4920 men-

518 4980 628 5024 tem
658 4979 829 5022 ιθειειιι
838 4972 892 5019 ιιι
901 4979 924 5017 Γ
933 5003 946 5016 .

595 5059 779 5129 Signis
809 5054 1068 5122 utrinque
1102 5050 1246 5107 dalis
1299 5049 1457 5117 quasi
1494 5049 1897 5106 concurrebant
1935 5050 2106 5105 acies.

519 5149 601 5206 Ne
628 5163 757 5203 vero
784 5147 970 5215 dispar
987 5155 1131 5198 esset
1154 5158 1351 5213 pugna:
1379 5143 1537 5207 ratio,
1568 5142 1821 5213 quisquis
1847 5142 2110 5197 dimican-

524 5246 658 5299 tium
690 5254 911 5311 operam
967 5236 1133 5291 dabat
1183 5244 1241 5290 ut
1287 5250 1449 5304 quam
1493 5234 1761 5304 plurimos
1806 5235 1873 5290 ad
1927 5244 2110 5304 partes

523 5349 654 5392 suas
681 5331 944 5386 alliceret.
980 5326 1093 5381 llac
1117 5336 1299 5382 mente
1325 5326 1561 5396 Cyrillus
1587 5326 1872 5396 epistolam
1897 5326 1967 5381 ad
1996 5342 2112 5381 mo-

512 5425 732 5480 nachus
771 5419 990 5489 .Egypli
1038 5419 1281 5489 scripsit,
1327 5433 1530 5488 eosque
1582 5418 1833 5473 hortatus
1888 5428 1992 5485 est,
2043 5434 2112 5472 ne

524 5514 757 5572 Nestorii
793 5511 1023 5567 fallaciis
1058 5509 1286 5566 insidias
1314 5510 1418 5565 sibi
1449 5511 1586 5564 strui
1618 5519 1954 5580 paterentur.
1991 5509 2109 5564 Lit-

528 5607 659 5663 teris
689 5605 859 5670 hisce,
910 5618 976 5656 ne
1019 5616 1279 5667 successu
1310 5611 1577 5667 carerent,
1624 5602 1871 5671 :uljnnxit
1907 5603 2112 5655 duode-

526 5700 635 5758 cim
682 5696 941 5769 capitula,
990 5697 1211 5766 suisque
1250 5694 1428 5750 ell'ecit
1476 5695 1712 5759 artibus,
1768 5708 1830 5749 ut
1883 5695 1936 5748 in
1995 5694 2109 5765 ipsa

527 5796 662 5849 adeo
693 5791 826 5848 urbe
862 5790 1007 5863 regia
1045 5788 1231 5846 multis
1260 5796 1464 5845 metum
1501 5789 1790 5846 incuteret.
1825 5789 1902 5842 Es
1934 5788 2103 5844 altera

2280 4599 2537 4670 Cyrillus,
2577 4599 2669 4669 qui
2705 4599 2758 4653 in
2789 4599 3000 4671 synodo
3036 4599 3306 4669 Ephesina
3348 4613 3415 4653 ex
3442 4597 3667 4653 arbitrio
3692 4610 3806 4653 suo

2210 4691 2392 4745 omnia
2413 4691 2703 4760 disponere
2719 4696 2984 4761 'cceperat,
3006 4692 3288 4746 adversam
3312 4699 3493 4745 autem
3519 4688 3806 4746 fortunam

2209 4782 2405 4837 deinde
2435 4791 2694 4851 expertus
2721 4791 2859 4845 erat,
2888 4790 3096 4836 mutata
3122 4797 3306 4835 rerum
3335 4780 3474 4836 facie
3504 4779 3654 4851 pacis
3681 4779 3810 4849 agi-

2212 4872 2361 4927 tabat
2404 4872 2652 4927 consilia.
2711 4874 2913 4927 Parum
2971 4874 3118 4928 enim
3170 4870 3413 4941 proficua
3463 4871 3569 4941 ipsi
3618 4868 3811 4925 fuerat

2211 4964 2582 5034 controversia
2620 4963 2721 5018 ista
2766 4979 2888 5018 cum
2937 4962 3328 5027 Orientalibus,
3374 4972 3430 5017 et
3474 4959 3809 5032 gravissime

2211 5055 2562 5125 premebatur
2631 5053 2852 5122 scriptis
2920 5068 2951 5108 a
3017 5051 3218 5107 Nostro
3279 5051 3618 5122 compositis.
3683 5047 3811 5107 Nec

2210 5144 2449 5199 Joannes
2480 5144 2786 5199 Antiochiae
2816 5146 3106 5214 episcopus
3130 5160 3159 5198 e
3191 5159 3246 5198 re
3271 5159 3367 5199 sua
3394 5158 3515 5197 esse
3541 5141 3804 5210 ducebat,

2215 5237 2400 5291 litibus
2433 5236 2584 5290 hisce
2615 5237 2819 5290 diutius
2848 5236 3134 5299 inluererc,
3187 5250 3310 5289 cum
3356 5235 3504 5289 nulla
3548 5249 3672 5304 spes
3716 5232 3807 5290 illi

2213 5326 2420 5395 reliqua
2451 5334 2618 5391 esset,
2649 5325 2766 5381 fore
2801 5335 2859 5381 ut
2887 5340 3011 5396 quae
3032 5334 3223 5380 contra
3246 5323 3560 5381 Nestorium
3594 5324 3808 5395 Ephesi

2214 5418 2429 5471 decreta
2453 5426 2629 5483 erant,
2663 5418 3125 5474 rescinderentur.
3154 5416 3230 5472 lta
3253 5418 3574 5487 praeparatis
3598 5416 3807 5473 animis

2212 5524 2277 5562 ex
2306 5517 2433 5563 voto
2464 5510 2696 5564 accessit
2732 5509 3079 5580 imperatoris
3112 5511 3454 5572 mandatum,
3482 5519 3540 5561 ut
3560 5507 3808 5578 Cyrillus

2215 5617 2403 5657 omnes
2447 5602 2767 5657 inimicitias
2802 5603 3097 5672 deponeret
3143 5610 3200 5657 et
3228 5617 3418 5658 eorum
3448 5615 3570 5671 qua:
3599 5599 3803 5669 Ephesi

2214 5704 2469 5763 expertus
2497 5692 2674 5749 fuerat
2695 5695 3015 5749 memoriam
3041 5693 3322 5763 abjiceret,
3346 5694 3584 5749 Joannes
3613 5700 3802 5745 autem

2216 5788 2498 5846 sententia:
2524 5799 2718 5845 contra
2745 5787 3056 5845 Nestorium
3089 5790 3212 5845 lata:
3237 5786 3622 5846 subscriberet.
3658 5785 3803 5839 Pace
