4136 6430
381 353 452 422 ιδ
1805 354 2318 416 [ηδδιειιίῐκτίο.

389 473 475 527 his
508 466 919 525 conditionibus
951 467 1246 541 restituta,
1282 467 1452 521 otium
1485 483 1701 536 quoque
1738 466 1988 519 Tlteozlo-
2024 466 2067 519 Α
2095 467 2197 518 cia.
2229 468 2370 518 lalem
2397 482 2612 535 quoque
2643 466 2887 519 vitlem-ut
2915 464 3264 529 Possevinus,
3291 467 3492 537 Lupus,
3527 471 3670 522 .llla-

389 574 506 615 reto
547 559 824 613 redditum
857 572 984 612 esse
1007 558 1332 611 ivitlebatur.
1377 558 1460 612 Ab
1486 575 1552 612 eo
1578 558 1721 612 enim
1753 569 1993 624 tempore

386 652 686 706 amicitiam
734 665 862 703 cum
907 649 1121 719 Cyrillo
1160 650 1350 712 coluit,
1383 659 1441 702 ut
1469 650 1661 704 littera:
1691 651 1867 705 adhuc
1898 668 1993 704 su»-

387 745 645 814 perstites
698 752 998 805 testantur,
1052 757 1196 810 quas
1243 741 1326 796 vel
1365 742 1570 810 accepit
1605 743 1687 795 vel
1738 742 1802 794 ad
1843 744 1991 795 illum

386 837 559 890 dedit.
619 834 869 886 Fuerunt
913 832 1161 902 quidem.
1207 835 1300 902 qui
1329 849 1394 888 ex
1427 832 1683 902 Epistolis
1723 851 1860 904 quas
1892 836 1994 888 hoc

387 939 645 996 tempore
690 926 756 978 ad
807 923 1114 979 llimerium
1152 933 1206 978 et
1251 925 1522 979 Andream
1575 926 1990 979 Samosatenum

386 1021 564 1079 misit.
601 1019 861 1088 colligi-re
892 1019 1210 1079 voluerunt,
1247 1017 1556 1071 simulatam
1606 1018 1770 1073 fuisse
1815 1018 1994 1071 Theo-

384 1111 570 1163 doreti
595 1110 932 1173 amicitiam;
963 1109 1058 1163 sed
1088 1111 1142 1162 hi
1174 1126 1283 1162 non
1307 1108 1614 1179 cogitarunt
1661 1110 1800 1163 hanc
1825 1109 1993 1162 fuisse

386 1202 687 1268 scriptoris
718 1201 892 1254 nostri
931 1208 1161 1264 sortem,
1195 1210 1252 1253 ut
1275 1201 1341 1254 ab
1377 1202 1633 1254 munibus
1660 1203 1753 1270 qui
1779 1217 1843 1254 eo
1866 1213 1992 1254 tem-

387 1311 524 1363 pore
561 1293 708 1346 male
741 1293 1038 1361 cupiebant
1074 1291 1300 1361 Cyrillo,
1345 1291 1475 1345 ﬁdes
1509 1292 1626 1360 ejus
1672 1302 1985 1346 tentaretur.

392 1384 539 1439 Fieri
594 1387 789 1451 itaque
848 1400 954 1437 non
1009 1385 1207 1453 potuit,
1245 1387 1376 1451 quin
1415 1385 1478 1438 ad
1513 1394 1692 1438 castra
1731 1400 1759 1437 e
1794 1387 1906 1454 quil
1931 1403 1994 1438 us

387 1495 654 1546 egressus
696 1487 836 1539 erat,
885 1478 1163 1530 nonnullis
1187 1476 1416 1532 rediisse
1459 1478 1753 1532 videretur.
1794 1477 1864 1530 Ea
1897 1496 1993 1546 au-

388 1545 498 1624 tem
535 1570 641 1623 fuit
694 1568 797 1622 viri
846 1569 1168 1634 moderatio,
1224 1580 1283 1625 ut
1335 1578 1455 1640 post
1501 1586 1688 1639 pacem
1738 1545 1993 1626 Ecclesia:

390 1664 666 1716 redditam
710 1661 850 1715 nihil
884 1660 1006 1714 novi
1043 1661 1352 1727 moliretur,
1383 1662 1484 1718 etsi
1516 1680 1545 1716 a
1579 1663 1765 1717 multis
1791 1663 1993 1719 solliei-

387 1765 536 1809 tatus
576 1755 780 1808 amicis
813 1754 931 1808 suis
964 1754 1131 1807 libere
1173 1754 1342 1807 animi
1386 1769 1578 1809 sensus
1626 1765 1986 1824 expromeret.

387 1847 629 1901 Unicum
661 1854 852 1898 tamen
880 1855 986 1907 est,
1022 1843 1164 1912 quod
1209 1854 1400 1899 contra
1440 1845 1810 1900 sinceritatem
1845 1845 1981 1899 inita:

384 1937 530 1990 inter
563 1944 873 2002 utrumque
909 1933 1032 2004 [l9]
1072 1934 1327 1988 amicitia:
1368 1950 1475 1988 non
1507 1935 1624 1988 sine
1658 1936 1838 2002 spceie
1874 1951 1987 1988 tuo-

385 2030 501 2084 neri
547 2038 765 2095 posset.
819 2025 1077 2088 Scilicet,
1125 2042 1250 2080 cum
1305 2027 1470 2097 impia
1517 2024 1754 2082 Nestorii
1789 2027 1980 2096 script;

383 2121 708 2174 vindicibus
734 2118 976 2172 llanuuis
1002 2119 1156 2186 jussu
1183 2119 1527 2188 imperatoris
1559 2118 1754 2173 tradita
1785 2129 1986 2181 essent,

382 2212 435 2266 iu
467 2213 658 2266 locum
709 2226 908 2264 eorum
959 2209 1256 2264 substituta
1306 2219 1434 2264 sunt
1480 2209 1747 2280 Excerpta
1778 2227 1807 2264 e
1841 2210 1989 2283 libris

380 2302 666 2356 Theodori
723 2298 1101 2369 Mopsuestcni
1136 2309 1190 2354 et
1239 2297 1460 2354 Diodori
1493 2297 1815 2360 Tarsensis.
1868 2315 1989 2368 qme

379 2407 504 2444 cum
555 2389 754 2442 multis
793 2387 1179 2457 displicerent,
1231 2386 1466 2442 refulata
1514 2397 1643 2442 sunt
1695 2403 1725 2441 a
1765 2388 1986 2458 Cyrillo,

379 2481 610 2535 defensa
664 2497 692 2532 a
732 2479 1110 2533 Theodoreto.
1160 2478 1239 2532 lta
1274 2481 1324 2533 in
1355 2481 1536 2534 varias
1570 2487 1750 2548 partes
1792 2481 1987 2536 iterum

381 2575 532 2628 abire
571 2574 672 2626 visi
712 2582 868 2636 sunt,
925 2572 1023 2639 qui
1057 2571 1144 2624 vix
1181 2572 1235 2624 in
1277 2571 1503 2640 gratiam
1555 2573 1783 2628 rediisse
1832 2583 1990 2642 puta-

383 2669 609 2719 bantur.
641 2665 922 2719 Incertum
966 2673 1150 2717 autem
1181 2675 1286 2728 est,
1321 2681 1450 2718 nttm
1481 2665 1686 2736 Cyrillo
1718 2667 1990 2722 contradi-

385 2758 545 2809 cetuli
593 2758 864 2820 studium,
903 2774 976 2810 an
1028 2759 1212 2826 potius
1259 2761 1534 2816 veneratio
1577 2778 1738 2830 quam
1774 2763 1988 2833 utrique

393 2848 476 2899 illi
531 2851 780 2917 scriptori
834 2850 1036 2903 deberi
1089 2851 1453 2915 existimavit,
1511 2854 1653 2924 apud
1701 2853 1984 2919 Nostrum,

404 2955 570 3007 quem
615 2941 807 2994 scimus
845 2943 902 2995 in
955 2942 1154 2996 amicis
1197 2942 1554 3001 defendendis
1603 2950 1985 3003 constantissi-

406 3047 552 3083 mum
587 3032 766 3093 fuisse,
812 3034 941 3102 plus
976 3034 1233 3088 valuerit.
1271 3035 1544 3106 Quidquid
1589 3039 1682 3104 sit,
1736 3040 1987 3109 querelas

2097 559 2242 623 tius,
2295 558 2568 613 Aubertus
2615 559 2868 620 Μίνωας,
2909 569 2962 613 et
3020 569 3284 630 quotquot
3339 564 3672 618 acutioribus

2100 650 2270 705 oeulis
2318 650 2522 717 przediti
2579 661 2754 704 erant.
2803 651 2932 716 Quis
2985 653 3127 705 enim
3179 653 3438 718 crederet,
3465 670 3669 722 quaeso,

2129 743 2358 794 snuinas
2379 757 2498 795 esse
2521 742 2728 796 litteras
2753 742 2904 805 istas,
2930 760 3050 796 cum
3079 746 3421 799 notissimqu
3447 755 3498 799 et
3521 756 3698 801 extra.—

2119 848 2256 886 tune
2285 833 2509 886 dubium
2553 835 2787 902 positum
2831 837 2918 898 sit,
2960 837 3166 905 aliquot
3195 839 3356 892 annis
3401 847 3526 892 ante
3569 840 3668 910 Cy-

2095 922 2272 975 rillmn
2308 923 2433 978 fatis
2457 923 2570 992 jam
2605 923 2919 979 defunctum
2947 943 3064 980 esse
3090 926 3351 982 Joannem
3383 930 3673 983 Antioche-

2096 1015 2266 1067 num?
2318 1015 2421 1069 Sed
2472 1032 2535 1070 ea
2588 1016 2686 1070 fuit
2729 1016 2999 1079 Garuerii,
3048 1019 3156 1072 imo
3208 1037 3422 1089 quoque
3473 1020 3672 1074 Oudiui

2095 1105 2193 1174 (De
2224 1108 2406 1176 script.
2445 1109 2573 1161 εει-Ι.
2606 1119 2643 1161 t.
2680 1107 2719 1170 l,
2766 1127 2816 1178 p.
2849 1110 3031 1176 1056),
3080 1111 3172 1179 qui
3214 1112 3362 1165 illum
3391 1127 3535 1166 caeco
3572 1113 3674 1165 itu-

2093 1207 2216 1264 petu
2251 1197 2302 1250 in
2337 1198 2607 1267 plerisque
2638 1199 2907 1266 sequitur,
2935 1199 3224 1269 iniquitas,
3261 1212 3316 1276 ut
3346 1203 3394 1255 in
3430 1201 3670 1257 favorem

2096 1289 2249 1342 mula:
2277 1305 2479 1354 causae,
2507 1306 2746 1346 errorem
2777 1293 2828 1344 in
2859 1293 3100 1361 epistolae
3128 1293 3289 1363 hujus
3321 1295 3673 1364 inscriptione

2097 1389 2255 1433 latere
2285 1382 2594 1443 statuerint,
2629 1382 2782 1450 quasi
2819 1399 2915 1452 pro
2945 1382 3171 1437 Joannis
3213 1384 3429 1439 nomine
3464 1402 3672 1454 ponen-

2094 1475 2222 1530 dum
2257 1478 2327 1531 sit
2358 1493 2554 1531 nomen
2598 1478 2811 1543 Domni,
2849 1496 3011 1548 quem
3054 1496 3426 1535 successorem
3459 1482 3667 1536 habuit.
3736 1475 3741 1484 ’

2094 1567 2404 1638 Opportune
2427 1580 2604 1625 autem
2638 1571 2762 1624 huic
2794 1572 2893 1624 levi
2915 1571 3215 1627 defensioni
3247 1581 3426 1642 posset
3448 1575 3669 1642 opponi,

2094 1665 2238 1731 quod
2267 1663 2405 1732 apud
2435 1663 2611 1731 ipsmn
2644 1663 2968 1718 Garnerium
2999 1665 3118 1719 loco
3149 1667 3386 1733 quodam
3417 1667 3507 1720 ubi
3542 1681 3672 1719 con-

2094 1763 2174 1807 tra
2201 1754 2496 1808 Cousinum
2521 1755 2792 1818 acerbius,
2827 1765 2880 1809 ut
2907 1758 3062 1816 solet,
3093 1759 3354 1826 disputat,
3387 1775 3468 1811 me
3497 1761 3673 1829 legere

2095 1843 2350 1906 tuemini,
2409 1862 2427 1894 ι
2473 1844 2582 1898 Aut
2625 1844 2704 1900 sic
2760 1854 2853 1898 aut
2909 1861 3016 1898 non
3067 1847 3294 1900 debebat
3348 1849 3598 1917 pugnari.
3649 1869 3666 1899 ι

2091 1933 2257 1999 Quasi
2295 1948 2420 1988 vero
2452 1936 2687 1988 nondum
2721 1937 2854 1991 satis
2891 1937 3124 2004 iujurius
3167 1939 3216 1990 in
3253 1939 3376 1991 boui
3419 1939 3516 1992 viri
3564 1956 3672 1991 mn-

2093 2027 2320 2080 moriam
2378 2026 2539 2081 fuerit
2589 2028 2910 2091 Garum-ius,
2966 2031 3191 2098 protulit
3242 2046 3460 2101 quoque
3510 2033 3668 2085 Auct.

2093 2135 2143 2186 [ι.
2177 2119 2264 2183 '58,
2301 2119 2663 2190 fragmentum
2699 2105 2759 2174 ei:
2798 2120 3060 2176 Sermone
3105 2138 3262 2192 quem
3293 2113 3671 2179 Theodoretus

2091 2212 2389 2266 Antiochize
2431 2223 2553 2281 post
2586 2196 2772 2284 Cyr-illi
2809 2223 3035 2269 mortem
3084 2230 3267 2270 coram
3317 2215 3524 2270 Donmo
3577 2218 3673 2270 lia-

2091 2304 2276 2360 buisse
2305 2306 2522 2360 dicitur.
2576 2306 2709 2372 Hoc,
2759 2318 2816 2363 ut
2859 2310 2961 2362 alia
3008 2309 3254 2378 ejusdem
3293 2311 3525 2378 generis,
3572 2310 3669 2363 de-

2094 2399 2323 2467 sumpsit
2357 2415 2422 2452 ex
2460 2400 2609 2454 Actis
2638 2401 2828 2471 synodi
2863 2419 2914 2466 v,
2949 2413 3001 2456 et
3031 2403 3144 2457 sola
3177 2403 3326 2456 Marii
3357 2402 3667 2459 Mercatoris

2095 2491 2277 2546 minus
2320 2493 2471 2546 tirma
2513 2495 2832 2548 auctoritate
2873 2497 3054 2559 nixus,
3088 2513 3185 2565 pro
3216 2497 3450 2566 genuino
3479 2497 3669 2550 vendi-

2091 2584 2242 2637 tavit.
2287 2583 2405 2649 Quo
2430 2585 2610 2638 minus
2640 2594 2816 2640 autem
2853 2588 3130 2642 credulum
3164 2589 3285 2653 viri,
3317 2589 3580 2657 alioquin,
3623 2589 3665 2641 si

2092 2690 2120 2728 a
2158 2675 2482 2729 Theodoreti
2535 2675 2759 2730 historia
2801 2677 3145 2740 discesseris,
3189 2680 3513 2743 acutissimi,
3553 2681 3670 2733 ani-

2093 2784 2240 2822 mum
2285 2769 2469 2822 multis
2505 2784 2850 2834 accusemus,
2889 2770 3108 2838 impedit
3138 2771 3417 2840 diligentia
3450 2781 3502 2826 et
3534 2771 3672 2825 iule-

2093 2861 2262 2932 gritas
2293 2861 2540 2925 Causini,
2573 2872 2760 2916 contra
2789 2878 2951 2932 quem
2987 2865 3245 2933 pugnavit
3277 2863 3494 2932 quidem
3529 2865 3670 2916 Car--

2092 2957 2278 3009 uerius
2307 2955 2360 3008 in
2397 2955 2549 3010 Notis
2585 2954 2698 3028 [2|]
2727 2957 2841 3010 suis
2875 2957 2910 3008 1.
2937 2972 3009 3020 c.,
3044 2957 3136 3011 sed
3163 2957 3450 3012 levissimis
3479 2957 3666 3020 armis,

2093 3062 2214 3116 qua:
2254 3063 2448 3100 novum
2513 3064 2646 3101 sane
2688 3047 2960 3102 sustinere
2993 3065 3097 3102 non
3132 3060 3352 3118 possent
3388 3050 3666 3118 impetum.

396 3139 524 3176 suas
562 3124 630 3176 ad
674 3123 945 3179 Joannem
1027 3126 1434 3182 Antiochenam
1498 3129 1692 3185 detulit
1736 3133 1991 3202 (Zyrillus,
2023 3137 2065 3192 C
2099 3139 2233 3193 Cum
2273 3140 2413 3193 ineo
2443 3139 2556 3208 jam
2588 3136 3068 3204 elaboraverimus,
3107 3151 3163 3193 ut
3195 3141 3372 3194 varias
3405 3143 3668 3205 maculas,

389 3217 545 3283 cujus
599 3216 701 3271 hac
750 3217 819 3270 de
872 3234 934 3271 re
993 3219 1282 3287 epistolam
1322 3235 1353 3275 θ
1396 3223 1516 3276 cod.
1552 3223 1727 3280 Va'tie.
1765 3225 1986 3292 editam,

387 3308 655 3364 νίψεως
696 3312 898 3382 synodi
937 3311 1165 3380 Ephes,
1197 3323 1328 3380 etc.,
1358 3332 1408 3384 p.
1447 3317 1542 3370 Ml
1566 3360 1582 3384 ,
1612 3319 1843 3374 inseruit
1882 3320 1990 3374 Leo

380 3401 647 3467 Allatius,
695 3419 914 3458 necnon
944 3404 1180 3460 Carner.
1227 3407 1388 3462 Auct.
1433 3424 1488 3478 p.
1531 3408 1618 3464 97.
1678 3409 1848 3466 Valde
1883 3413 1988 3466 ini-

377 3509 549 3563 quum
600 3505 787 3548 autem
832 3511 966 3565 erga
997 3495 1404 3552 Theodoretum
1453 3514 1512 3555 se
1549 3502 1797 3556 exhibuit
1831 3501 1990 3557 Libe-

379 3600 556 3654 ratus,
590 3592 687 3661 qui
723 3593 778 3645 in
818 3590 1103 3646 Breviario
1133 3610 1255 3661 suo,
1293 3612 1413 3666 cap.
1453 3595 1506 3664 9,
1551 3601 1761 3664 statuit,
1793 3617 1986 3656 novam

381 3683 682 3738 factionem
702 3684 1058 3739 Theodoreto
1091 3697 1317 3742 auctore
1351 3699 1554 3754 ortam,
1579 3692 1984 3760 Acephalorum

380 3791 583 3829 nomen
620 3777 931 3845 accepisse,
978 3779 1109 3846 quia
1142 3795 1241 3858 nec
1279 3778 1483 3849 Cyrillo
1516 3797 1616 3836 nec
1654 3779 1851 3838 Joanni
1892 3787 1988 3839 ad-

379 3867 622 3920 haeserit.
685 3865 832 3921 Cum
883 3867 1160 3936 Liberalo,
1191 3879 1252 3924 ut
1284 3871 1442 3936 solet,
1488 3871 1620 3927 facit
1665 3871 1983 3940 Garuerius,

374 3959 470 4026 qui
504 3958 559 4010 in
586 3957 863 4011 Auctario
890 3974 992 4012 suo
1021 3962 1224 4028 passim
1254 3961 1416 4029 hujus
1440 3963 1518 4017 sic
1545 3964 1703 4019 dicta:
1732 3965 1986 4022 factionis

373 4049 657 4102 meminit.
711 4048 783 4102 At
812 4065 944 4104 vero
968 4051 1296 4120 jamdudum
1335 4068 1363 4105 a
1410 4053 1703 4119 Cotelerio,
1751 4055 1984 4126 Dupinio

371 4142 618 4208 aliisque
667 4142 902 4209 explosa
957 4154 1039 4196 est
1086 4143 1268 4197 fabula
1323 4144 1390 4198 de
1436 4145 1541 4199 hac
1583 4146 1982 4216 Acephalorum

371 4232 557 4285 classe
590 4241 647 4285 et
686 4233 922 4300 origine,
953 4249 1077 4287 cum
1112 4243 1301 4288 notum
1339 4236 1429 4300 sit,
1465 4247 1586 4302 post
1623 4239 1735 4292 haec
1762 4239 1980 4294 demum

370 4332 628 4392 trinpora
668 4322 1033 4393 Eutvehianis
1079 4327 1360 4382 nonnullis
1397 4343 1593 4382 nomen
1635 4330 1766 4383 illud
1818 4332 1986 4386 fuisse

369 4414 731 4482 impositum.
787 4413 898 4469 Nec
935 4415 1070 4470 fides
1115 4417 1225 4471 ulla
1283 4418 1510 4472 debetur
1562 4421 1805 4489 epistolis
1850 4423 1977 4486 illis,

368 4520 496 4570 qua:
529 4505 639 4557 sub
681 4503 1019 4560 Theodoreti
1057 4522 1119 4562 ac
1167 4506 1401 4562 Nestorii
1436 4510 1654 4564 nomine
1687 4512 1980 4566 circumfe-

369 4604 600 4647 runtur.
655 4592 774 4646 llas
806 4593 953 4648 enim
984 4611 1178 4651 onmes
1206 4612 1235 4651 a
1275 4595 1617 4654 Nestorianis
1669 4603 1980 4670 suppositas

363 4703 512 4750 esse,
564 4697 626 4738 ut
675 4687 893 4756 synodo
949 4685 1239 4756 Ephesium
1289 4690 1562 4744 maculam
1610 4677 1975 4762 aspergeret".

357 4777 475 4844 jam
533 4777 903 4831 observatum
957 4789 1041 4833 est
1083 4796 1112 4832 a
1159 4779 1386 4834 Leontio
1431 4782 1486 4835 in
1537 4781 1677 4836 libro
1715 4782 1793 4836 De
1825 4786 1978 4837 sectis

367 4868 661 4934 (Biblioth.
701 4867 808 4923 PP.
844 4878 883 4923 t.
919 4866 962 4934 l,
998 4885 1051 4938 p.
1088 4869 1236 4940 509),
1271 4871 1469 4927 Allatio
1498 4872 1557 4942 (l.
1597 4887 1646 4926 c.
1684 4888 1737 4941 p.
1767 4873 1890 4944 151)
1923 4884 1978 4929 et

369 4961 504 5014 aliis.
559 4959 780 5013 Eadem
811 4968 896 5013 est
923 4961 1066 5014 ratio
1098 4961 1342 5029 epistolae
1373 4961 1543 5028 illius,
1568 4978 1691 5032 qua:
1721 4978 1751 5015 a
1780 4962 1976 5017 Nostro

371 5053 553 5104 statim
586 5060 721 5118 post
755 5049 967 5104 obitum
1007 5049 1197 5120 Cyrilli
1231 5051 1435 5121 scripta
1472 5051 1678 5107 dicitur
1706 5053 1771 5105 ad
1815 5052 1976 5108 Joan-

366 5157 488 5194 nem
543 5141 1000 5206 Antiochenum,
1053 5143 1214 5212 cujus
1267 5142 1384 5215 [20]
1434 5144 1539 5198 hoc
1583 5153 1671 5199 est
1709 5144 1969 5199 initium:

368 5251 387 5281 ι
423 5234 567 5288 Sero
608 5234 836 5287 tandem
871 5245 924 5288 et
951 5235 1041 5289 vix
1087 5236 1267 5291 malus
1292 5236 1460 5291 homo
1489 5235 1780 5291 defunctus
1809 5247 1911 5292 est.
1949 5258 1967 5288 ι

365 5323 658 5389 Miramur,
707 5324 1044 5380 Garnerium
1097 5325 1186 5380 his
1235 5326 1612 5397 spurcissimis
1661 5327 1860 5382 litteris
1905 5343 1970 5382 ex

361 5417 515 5471 Actis
544 5419 741 5489 synodi
775 5435 804 5471 ν
841 5419 1157 5488 desmnptis
1194 5433 1300 5473 non
1330 5419 1495 5474 modo
1535 5419 1714 5473 locum
1743 5433 1972 5474 emices--

362 5507 506 5561 sisse
558 5508 721 5564 Auct.
772 5527 828 5580 p.
885 5509 980 5574 98,
1034 5510 1131 5565 sed
1167 5510 1332 5564 etiam
1365 5509 1736 5567 defensionem
1781 5527 1969 5565 eorum

362 5599 453 5666 qui
483 5597 681 5658 Nostro
716 5604 844 5658 illas
872 5610 1222 5672 praepostero
1251 5600 1437 5655 studio
1475 5601 1774 5664 vindicant,
1811 5603 1863 5654 in
1912 5619 1970 5657 se

361 5696 679 5764 suscepisse,
719 5711 854 5750 cum
883 5693 1007 5763 jam
1041 5691 1336 5756 Baronius,
1374 5693 1564 5746 Annal.
1601 5701 1639 5746 t.
1675 5691 1762 5755 Vl,
1812 5709 1863 5760 p.
1899 5695 1970 5747 25

356 5795 517 5858 seqq,
553 5788 839 5846 docuerit.
883 5801 1060 5855 quam
1100 5796 1287 5853 aperta
1331 5784 1564 5840 habeant
1590 5785 1799 5847 νοθείας
1832 5785 1969 5839 indi-

2093 3247 2214 3300 quze
2237 3231 2669 3300 pralstantissimi
2696 3231 2797 3286 viri
2831 3231 3104 3286 lllElllOl‘ltB
3133 3249 3196 3286 ac
3229 3235 3432 3287 nomini
3464 3233 3673 3303 injectm

2091 3327 2263 3384 erant,
2307 3321 2775 3390 abstergeremus,
2825 3321 2966 3375 haud
3023 3338 3049 3374 a
3101 3338 3158 3376 re
3208 3338 3388 3376 nostra
3433 3323 3668 3377 alienum

2092 3427 2211 3465 esse
2271 3411 2514 3473 videtur,
2569 3411 2708 3466 hanc
2762 3411 3170 3468 Dissertationis
3221 3425 3419 3469 nostra:
3461 3424 3667 3482 partem

2091 3501 2212 3555 loco
2257 3503 2361 3556 isto
2393 3510 2581 3555 notatu
2610 3502 2930 3573 dignissimo
2961 3504 3136 3570 finire,
3184 3521 3344 3574 quem
3381 3507 3488 3560 Leo
3518 3507 3668 3560 Alla-

2092 3594 2220 3659 tius,
2251 3593 2288 3646 l.
2321 3608 2368 3647 e.
2405 3609 2458 3661 p.
2490 3593 2611 3658 151,
2643 3609 2709 3648 ex
2737 3595 2919 3664 Cyl-illi
2957 3596 3022 3648 ad
3061 3595 3406 3651 Valerianum
3439 3598 3667 3668 cpistola

2091 3683 2328 3738 exhibet.
2386 3683 2559 3738 Verba
2617 3685 2686 3738 ita
2735 3701 2793 3739 se
2836 3687 3034 3742 habent
3081 3705 3092 3738 :
3136 3689 3261 3740 Ἐὰν
3291 3689 3469 3741 τοίνυν
3500 3707 3668 3743 κατα-

2089 3773 2408 3843 ψευδόμενοί
2451 3792 2594 3836 τινες
2637 3776 2872 3843 λέγωσιν
2917 3779 3078 3848 ἕτερὰ
3126 3797 3248 3832 τινα
3299 3781 3448 3851 παρὰ
3495 3781 3667 3834 ταῦτα

2091 3867 2310 3934 φρονεῖν
2341 3865 2558 3927 αὐτοὺς,
2614 3865 2687 3935 μὴ
2720 3867 3161 3922 πιστευέσοωσαν
3182 3910 3194 3931 ,
3255 3870 3370 3923 ἀλλ’
3403 3872 3478 3934 ὡς
3523 3872 3668 3925 ἀπα-

2087 3957 2283 4019 τεῶνες
2313 3957 2405 4010 καὶ
2429 3956 2658 4026 ψεῦσται
2694 3957 2835 4010 κατὰ
2866 3959 2956 4011 τὸν
2985 3959 3165 4012 αὐτῶν
3195 3963 3407 4031 πατέρα
3438 3963 3528 4016 τὸν
3552 3964 3666 4016 διά-

2089 4047 2244 4100 ϐολον
2297 4048 2858 4116 ἀποπεμπὲσθωσαν,
2911 4050 2997 4102 ἵνα
3052 4053 3126 4121 μὴ
3178 4053 3487 4122 ταράττωσι
3519 4049 3666 4118 ’τοὺς

2087 4138 2370 4202 ἐθέλοντας
2392 4137 2725 4210 ὀρθοποδεῖν.
2770 4141 2894 4193 Ἐὰν
2924 4140 2980 4193 δὲ
3008 4142 3104 4194 καὶ
3131 4144 3421 4208 ἐπιστολὰς
3448 4147 3662 4210 ἑαυτοῖς

2089 4231 2429 4293 συντιθέντες
2477 4233 2628 4294 τινὲς
2672 4235 3077 4303 περιφέρωσιν,
3130 4235 3204 4297 ὡς
3253 4238 3316 4288 ὲκ
3364 4235 3660 4306 προσώπου

2086 4321 2388 4392 γραφείσας
2434 4323 2642 4393 ἀνδρῶν
2695 4325 3170 4394 ὲπιφανεστὲρων,
3228 4329 3326 4380 οὐκ
3385 4330 3660 4398 ὀφείλουσι

2088 4413 2425 4484 Θαρσεῖσθαι.
2465 4416 2525 4468 Οἱ
2556 4416 2664 4485 γὰρ
2698 4417 2847 4480 ama
2891 4418 3183 4488 ἐγγράφως
3227 4420 3661 4493 ὁμολογήσαντες

2084 4505 2184 4574 τὴν
2219 4505 2423 4566 πίστιν,
2471 4505 2586 4568 πῶς
2625 4505 2790 4577 ἕτερα
2819 4508 3052 4577 γράφειν
3093 4510 3365 4573 δύνανται,
3405 4514 3660 4584 καθάπερ

2083 4598 2146 4649 ἐκ
2186 4596 2472 4665 μετανοίας
2509 4599 2588 4660 εἰς
2614 4598 2672 4649 τὸ
2705 4600 2901 4668 μηκέτι
2933 4600 3216 4669 βούλεσθαι
3242 4608 3458 4674 φρονεῖν
3483 4606 3660 4678 ὀρθῶς

2083 4687 2589 4756 παρενηνεγμένοι;
2630 4686 2690 4740 Si
2717 4691 2808 4751 qui
2830 4689 2991 4759 igitur
3019 4693 3146 4758 sint,
3171 4695 3260 4763 qui
3293 4695 3414 4748 illos
3444 4695 3660 4764 (Orien-

2081 4780 2215 4834 tales
2246 4779 2470 4849 scilicet)
2513 4779 2576 4832 ab
2609 4780 2690 4833 his
2724 4781 2931 4834 diversa
2959 4785 3151 4837 sentire
3182 4785 3319 4854 falso
3349 4787 3656 4856 afﬁrmave—

2080 4870 2206 4932 rint,
2243 4869 2390 4923 nulla
2422 4887 2602 4922 eorum
2632 4871 2786 4924 dictis
2817 4873 2948 4939 ﬁdes
2976 4875 3307 4942 adhibeatur,
3338 4879 3428 4931 sed
3469 4889 3524 4932 ut
3556 4882 3658 4934 im-

2075 4969 2310 5026 postores
2333 4971 2380 5013 et
2407 4963 2674 5015 mendaces
2701 4962 2872 5018 instar
2891 4967 3062 5032 patris
3092 4967 3177 5020 sui
3215 4954 3432 5036 diaboli,
3469 4989 3657 5027 antan-

2077 5053 2286 5118 dentur,
2332 5069 2393 5105 ne
2429 5052 2550 5105 illos
2581 5055 2672 5122 qui
2711 5069 2847 5110 recte
2874 5058 3107 5112 incedere
3149 5062 3390 5129 cupiunt,
3438 5076 3656 5120 contur-

2079 5143 2219 5196 bent.
2256 5142 2409 5207 Quod
2437 5150 2677 5200 siautem
2714 5147 2931 5216 fuerint,
2963 5150 3055 5218 qui
3078 5151 3328 5220 epistolas
3366 5171 3398 5206 τι
3436 5173 3492 5210 se
3529 5173 3654 5210 con-

2075 5239 2317 5290 cinnatas
2345 5238 2741 5307 circumferunt,
2768 5250 3019 5310 tanquam
3041 5259 3156 5312 qua’
3185 5262 3216 5296 a
3249 5247 3376 5299 viris
3405 5252 3653 5315 spectatis

2073 5326 2229 5378 edita:
2273 5327 2402 5388 sint,
2450 5343 2630 5380 eorum
2669 5328 2898 5381 audacia
2945 5330 3091 5382 nullo
3137 5332 3290 5386 modo
3329 5345 3405 5388 est
3457 5337 3652 5387 admit-

2075 5418 2255 5470 tenda.
2319 5417 2423 5482 Qui
2461 5421 2597 5472 enim
2653 5419 2810 5472 semel
2862 5421 3020 5488 ﬁdem
3074 5440 3224 5476 suam
3269 5441 3360 5493 per
3399 5427 3651 5493 scripturn

2074 5509 2290 5578 aliquod
2332 5510 2556 5578 professi
2592 5519 2736 5574 sunt,
2775 5513 2865 5580 qui
2907 5513 3024 5580 ﬁeri
3053 5525 3241 5583 potest,
3287 5527 3341 5568 ut
3367 5518 3485 5584 jam
3525 5532 3652 5569 con-

2077 5602 2244 5653 traria
2287 5601 2540 5665 scribant,
2574 5603 2728 5670 quasi
2765 5604 3070 5670 paenitentia
3112 5607 3258 5658 ducti
3291 5622 3350 5657 eo
3372 5606 3488 5673 jam
3529 5623 3654 5674 pro-

2072 5693 2211 5758 lapsi
2235 5693 2361 5755 sint,
2391 5704 2439 5746 et
2473 5703 2615 5746 recta
2651 5709 2830 5762 sapere
2856 5698 3057 5751 diutius
3083 5695 3290 5749 nolint?
3319 5695 3375 5749 Si
3406 5696 3652 5751 licuisset

2073 5782 2274 5849 Cyrillo
2307 5797 2367 5836 ca
2397 5781 2576 5838 videre
2605 5799 2725 5852 quze
2751 5796 2874 5853 post
2910 5785 3014 5840 fata
3045 5786 3162 5856 ejus
3189 5785 3257 5840 ab
3289 5777 3649 5856 impudentis-
