  <div class='ocr_page' id='page_1' title='image "/cluster/home/n/w/nwhite01/storage/ocr_20150623/80:no.1/coo.31924054869817/031.png"; bbox 0 0 4136 6416; ppageno 0'>
   <div class='ocr_carea' id='block_1_1' title="bbox 510 252 3786 357">
    <p class='ocr_par' dir='ltr' id='par_1_1' title="bbox 510 252 3786 357">
     <span class='ocr_line' id='line_1_1' title="bbox 510 252 3786 357; baseline -0.002 -11"><span class='ocrx_word' id='word_1_1' title='bbox 510 292 580 357; x_wconf 81' lang='lat' dir='ltr'><strong>u</strong></span> <span class='ocrx_word' id='word_1_2' title='bbox 1434 284 1533 344; x_wconf 91' lang='lat' dir='ltr'><strong>DE</strong></span> <span class='ocrx_word' id='word_1_3' title='bbox 1594 285 1771 345; x_wconf 87' lang='lat' dir='ltr'><strong>VlTA</strong></span> <span class='ocrx_word' id='word_1_4' title='bbox 1816 283 1910 342; x_wconf 86' lang='lat' dir='ltr'><strong>ET</strong></span> <span class='ocrx_word' id='word_1_5' title='bbox 1950 277 2291 342; x_wconf 81' lang='lat' dir='ltr'><strong>SCRIPTIS</strong></span> <span class='ocrx_word' id='word_1_6' title='bbox 2321 252 2807 343; x_wconf 73' lang='lat' dir='ltr'><strong>TlIEODORETI</strong></span> <span class='ocrx_word' id='word_1_7' title='bbox 3715 284 3786 350; x_wconf 65' lang='lat' dir='ltr'><strong>is</strong></span> 
     </span>
    </p>
   </div>
   <div class='ocr_carea' id='block_1_2' title="bbox 512 397 3786 473">
    <p class='ocr_par' dir='ltr' id='par_1_2' title="bbox 512 397 3786 473">
     <span class='ocr_line' id='line_1_2' title="bbox 512 397 3786 473; baseline -0.001 -12"><span class='ocrx_word' id='word_1_8' title='bbox 512 406 669 462; x_wconf 80' lang='lat' dir='ltr'><strong>simis</strong></span> <span class='ocrx_word' id='word_1_9' title='bbox 700 400 1015 458; x_wconf 88' lang='lat' dir='ltr'><strong>hominibus</strong></span> <span class='ocrx_word' id='word_1_10' title='bbox 1049 399 1152 457; x_wconf 90' lang='lat' dir='ltr'><strong>sub</strong></span> <span class='ocrx_word' id='word_1_11' title='bbox 1182 398 1512 455; x_wconf 89' lang='lat' dir='ltr'><strong>Theodoreti</strong></span> <span class='ocrx_word' id='word_1_12' title='bbox 1547 398 1769 453; x_wconf 87' lang='lat' dir='ltr'><strong>nomine</strong></span> <span class='ocrx_word' id='word_1_13' title='bbox 1796 397 1917 451; x_wconf 81' lang='lat' dir='ltr'><strong>ficta</strong></span> <span class='ocrx_word' id='word_1_14' title='bbox 1949 406 2096 459; x_wconf 91' lang='lat' dir='ltr'><strong>sunt,</strong></span> <span class='ocrx_word' id='word_1_15' title='bbox 2128 397 2169 448; x_wconf 77' lang='grc' dir='ltr'><strong>Δ</strong></span> <span class='ocrx_word' id='word_1_16' title='bbox 2202 408 2353 452; x_wconf 85' lang='lat' dir='ltr'><strong>t‘cttlr</strong></span> <span class='ocrx_word' id='word_1_17' title='bbox 2387 403 2653 473; x_wconf 75' lang='lat' dir='ltr'><strong>synodus,</strong></span> <span class='ocrx_word' id='word_1_18' title='bbox 2700 402 2752 455; x_wconf 82' lang='lat' dir='ltr'><strong>in</strong></span> <span class='ocrx_word' id='word_1_19' title='bbox 2787 416 2892 471; x_wconf 85' lang='lat' dir='ltr'><strong>qua</strong></span> <span class='ocrx_word' id='word_1_20' title='bbox 2925 399 3030 471; x_wconf 88' lang='lat' dir='ltr'><strong>egit</strong></span> <span class='ocrx_word' id='word_1_21' title='bbox 3066 400 3371 469; x_wconf 72' lang='lat' dir='ltr'><strong>prmsidem,</strong></span> <span class='ocrx_word' id='word_1_22' title='bbox 3416 401 3786 473; x_wconf 83' lang='lat' dir='ltr'><strong>Eutychisque</strong></span> 
     </span>
    </p>
   </div>
   <div class='ocr_carea' id='block_1_3' title="bbox 514 486 2101 570">
    <p class='ocr_par' dir='ltr' id='par_1_3' title="bbox 514 486 2101 570">
     <span class='ocr_line' id='line_1_3' title="bbox 514 486 2101 570; baseline -0.006 -17"><span class='ocrx_word' id='word_1_23' title='bbox 514 496 725 570; x_wconf 82' lang='lat' dir='ltr'><strong>quales,</strong></span> <span class='ocrx_word' id='word_1_24' title='bbox 747 509 951 567; x_wconf 67' lang='lat' dir='ltr'><strong>quaeso,</strong></span> <span class='ocrx_word' id='word_1_25' title='bbox 974 492 1095 548; x_wconf 92' lang='lat' dir='ltr'><strong>illos</strong></span> <span class='ocrx_word' id='word_1_26' title='bbox 1117 499 1475 561; x_wconf 88' lang='lat' dir='ltr'><strong>reputaturus</strong></span> <span class='ocrx_word' id='word_1_27' title='bbox 1498 489 1709 557; x_wconf 88' lang='lat' dir='ltr'><strong>fuisset,</strong></span> <span class='ocrx_word' id='word_1_28' title='bbox 1728 488 1927 561; x_wconf 86' lang='lat' dir='ltr'><strong>quibus</strong></span> <span class='ocrx_word' id='word_1_29' title='bbox 1949 486 2101 543; x_wconf 83' lang='lat' dir='ltr'><strong>fraus</strong></span> 
     </span>
    </p>
   </div>
   <div class='ocr_carea' id='block_1_4' title="bbox 515 584 1294 659">
    <p class='ocr_par' dir='ltr' id='par_1_4' title="bbox 515 584 1294 659">
     <span class='ocr_line' id='line_1_4' title="bbox 515 584 1294 659; baseline -0.01 -12"><span class='ocrx_word' id='word_1_30' title='bbox 515 606 623 647; x_wconf 91' lang='lat' dir='ltr'><strong>non</strong></span> <span class='ocrx_word' id='word_1_31' title='bbox 662 591 841 659; x_wconf 90' lang='lat' dir='ltr'><strong>primo</strong></span> <span class='ocrx_word' id='word_1_32' title='bbox 876 585 1071 642; x_wconf 92' lang='lat' dir='ltr'><strong>intuitu</strong></span> <span class='ocrx_word' id='word_1_33' title='bbox 1107 584 1294 655; x_wconf 81' lang='lat' dir='ltr'><strong>patet?</strong></span> 
     </span>
    </p>
   </div>
   <div class='ocr_carea' id='block_1_5' title="bbox 587 674 2101 756">
    <p class='ocr_par' dir='ltr' id='par_1_5' title="bbox 587 674 2101 756">
     <span class='ocr_line' id='line_1_5' title="bbox 587 674 2101 756; baseline -0.007 -20"><span class='ocrx_word' id='word_1_34' title='bbox 587 682 703 756; x_wconf 70' lang='lat'><strong>[9.2]</strong></span> <span class='ocrx_word' id='word_1_35' title='bbox 735 682 1028 737; x_wconf 86' lang='lat' dir='ltr'><strong>Acerbiora</strong></span> <span class='ocrx_word' id='word_1_36' title='bbox 1051 687 1207 733; x_wconf 89' lang='lat' dir='ltr'><strong>erant</strong></span> <span class='ocrx_word' id='word_1_37' title='bbox 1233 677 1365 744; x_wconf 87' lang='lat' dir='ltr'><strong>fata,</strong></span> <span class='ocrx_word' id='word_1_38' title='bbox 1397 674 1918 746; x_wconf 69' lang='lat' dir='ltr'><strong>qute&#39;t&#39;heodoretus</strong></span> <span class='ocrx_word' id='word_1_39' title='bbox 1946 674 2101 728; x_wconf 85' lang='lat' dir='ltr'><strong>deiu-</strong></span> 
     </span>
    </p>
   </div>
   <div class='ocr_carea' id='block_1_6' title="bbox 514 765 2104 842">
    <p class='ocr_par' dir='ltr' id='par_1_6' title="bbox 514 765 2104 842">
     <span class='ocr_line' id='line_1_6' title="bbox 514 765 2104 842; baseline -0.005 -15"><span class='ocrx_word' id='word_1_40' title='bbox 514 772 581 828; x_wconf 87' lang='lat' dir='ltr'><strong>de</strong></span> <span class='ocrx_word' id='word_1_41' title='bbox 603 781 859 842; x_wconf 80' lang='lat' dir='ltr'><strong>expertus</strong></span> <span class='ocrx_word' id='word_1_42' title='bbox 886 778 987 824; x_wconf 85' lang='lat' dir='ltr'><strong>est.</strong></span> <span class='ocrx_word' id='word_1_43' title='bbox 1024 768 1225 840; x_wconf 83' lang='lat' dir='ltr'><strong>Cyrillo</strong></span> <span class='ocrx_word' id='word_1_44' title='bbox 1255 767 1306 820; x_wconf 94' lang='lat' dir='ltr'><strong>in</strong></span> <span class='ocrx_word' id='word_1_45' title='bbox 1339 767 1466 821; x_wconf 85' lang='lat' dir='ltr'><strong>sede</strong></span> <span class='ocrx_word' id='word_1_46' title='bbox 1493 765 1858 819; x_wconf 78' lang='lat' dir='ltr'><strong>Alexandrina</strong></span> <span class='ocrx_word' id='word_1_47' title='bbox 1888 780 2104 819; x_wconf 84' lang='lat' dir='ltr'><strong>succes-</strong></span> 
     </span>
    </p>
   </div>
   <div class='ocr_carea' id='block_1_7' title="bbox 514 859 2099 931">
    <p class='ocr_par' dir='ltr' id='par_1_7' title="bbox 514 859 2099 931">
     <span class='ocr_line' id='line_1_7' title="bbox 514 859 2099 931; baseline -0.004 -11"><span class='ocrx_word' id='word_1_48' title='bbox 514 865 585 920; x_wconf 87' lang='lat' dir='ltr'><strong>sit</strong></span> <span class='ocrx_word' id='word_1_49' title='bbox 616 863 933 926; x_wconf 86' lang='lat' dir='ltr'><strong>Dioscorus,</strong></span> <span class='ocrx_word' id='word_1_50' title='bbox 984 862 1073 916; x_wconf 78' lang='lat' dir='ltr'><strong>vix</strong></span> <span class='ocrx_word' id='word_1_51' title='bbox 1129 861 1326 931; x_wconf 86' lang='lat' dir='ltr'><strong>dignus</strong></span> <span class='ocrx_word' id='word_1_52' title='bbox 1376 860 1427 914; x_wconf 93' lang='lat' dir='ltr'><strong>in</strong></span> <span class='ocrx_word' id='word_1_53' title='bbox 1477 874 1636 929; x_wconf 88' lang='lat' dir='ltr'><strong>quem</strong></span> <span class='ocrx_word' id='word_1_54' title='bbox 1680 859 1813 913; x_wconf 84' lang='lat' dir='ltr'><strong>tanti</strong></span> <span class='ocrx_word' id='word_1_55' title='bbox 1864 859 2099 913; x_wconf 82' lang='lat' dir='ltr'><strong>honores</strong></span> 
     </span>
    </p>
   </div>
   <div class='ocr_carea' id='block_1_8' title="bbox 512 952 2098 1021">
    <p class='ocr_par' dir='ltr' id='par_1_8' title="bbox 512 952 2098 1021">
     <span class='ocr_line' id='line_1_8' title="bbox 512 952 2098 1021; baseline -0.005 -9"><span class='ocrx_word' id='word_1_56' title='bbox 512 956 912 1012; x_wconf 90' lang='lat' dir='ltr'><strong>conferrentur.</strong></span> <span class='ocrx_word' id='word_1_57' title='bbox 944 955 1183 1009; x_wconf 83' lang='lat' dir='ltr'><strong>Ambitio</strong></span> <span class='ocrx_word' id='word_1_58' title='bbox 1217 952 1355 1021; x_wconf 84' lang='lat' dir='ltr'><strong>ejus,</strong></span> <span class='ocrx_word' id='word_1_59' title='bbox 1386 968 1452 1007; x_wconf 89' lang='lat' dir='ltr'><strong>ne</strong></span> <span class='ocrx_word' id='word_1_60' title='bbox 1481 953 1546 1005; x_wconf 88' lang='lat' dir='ltr'><strong>de</strong></span> <span class='ocrx_word' id='word_1_61' title='bbox 1578 967 1846 1021; x_wconf 86' lang='lat' dir='ltr'><strong>prOpensa</strong></span> <span class='ocrx_word' id='word_1_62' title='bbox 1876 952 2021 1007; x_wconf 88' lang='lat' dir='ltr'><strong>illius</strong></span> <span class='ocrx_word' id='word_1_63' title='bbox 2047 954 2098 1006; x_wconf 92' lang='lat' dir='ltr'><strong>in</strong></span> 
     </span>
    </p>
   </div>
   <div class='ocr_carea' id='block_1_9' title="bbox 512 1043 2097 1119">
    <p class='ocr_par' dir='ltr' id='par_1_9' title="bbox 512 1043 2097 1119">
     <span class='ocr_line' id='line_1_9' title="bbox 512 1043 2097 1119; baseline -0.005 -16"><span class='ocrx_word' id='word_1_64' title='bbox 512 1048 882 1119; x_wconf 84' lang='lat' dir='ltr'><strong>Eutychianos</strong></span> <span class='ocrx_word' id='word_1_65' title='bbox 933 1048 1212 1100; x_wconf 80' lang='lat' dir='ltr'><strong>voluntate</strong></span> <span class='ocrx_word' id='word_1_66' title='bbox 1264 1059 1409 1098; x_wconf 90' lang='lat' dir='ltr'><strong>nunc</strong></span> <span class='ocrx_word' id='word_1_67' title='bbox 1474 1043 1769 1113; x_wconf 88' lang='lat' dir='ltr'><strong>quidquam</strong></span> <span class='ocrx_word' id='word_1_68' title='bbox 1830 1043 2097 1105; x_wconf 88' lang='lat' dir='ltr'><strong>dicamus,</strong></span> 
     </span>
    </p>
   </div>
   <div class='ocr_carea' id='block_1_10' title="bbox 513 1136 2099 1200">
    <p class='ocr_par' dir='ltr' id='par_1_10' title="bbox 513 1136 2099 1200">
     <span class='ocr_line' id='line_1_10' title="bbox 513 1136 2099 1200; baseline -0.006 -3"><span class='ocrx_word' id='word_1_69' title='bbox 513 1143 681 1197; x_wconf 88' lang='lat' dir='ltr'><strong>nullis</strong></span> <span class='ocrx_word' id='word_1_70' title='bbox 738 1141 1115 1197; x_wconf 89' lang='lat' dir='ltr'><strong>continebatur</strong></span> <span class='ocrx_word' id='word_1_71' title='bbox 1174 1137 1478 1200; x_wconf 81' lang='lat' dir='ltr'><strong>limitibus,</strong></span> <span class='ocrx_word' id='word_1_72' title='bbox 1533 1136 1666 1190; x_wconf 84' lang='lat' dir='ltr'><strong>adeo</strong></span> <span class='ocrx_word' id='word_1_73' title='bbox 1713 1143 1770 1190; x_wconf 92' lang='lat' dir='ltr'><strong>ut</strong></span> <span class='ocrx_word' id='word_1_74' title='bbox 1820 1137 1872 1189; x_wconf 92' lang='lat' dir='ltr'><strong>in</strong></span> <span class='ocrx_word' id='word_1_75' title='bbox 1923 1136 2099 1190; x_wconf 90' lang='lat' dir='ltr'><strong>aliena</strong></span> 
     </span>
    </p>
   </div>
   <div class='ocr_carea' id='block_1_11' title="bbox 514 1228 2103 1304">
    <p class='ocr_par' dir='ltr' id='par_1_11' title="bbox 514 1228 2103 1304">
     <span class='ocr_line' id='line_1_11' title="bbox 514 1228 2103 1304; baseline -0.005 -15"><span class='ocrx_word' id='word_1_76' title='bbox 514 1250 733 1304; x_wconf 89' lang='lat' dir='ltr'><strong>quoque</strong></span> <span class='ocrx_word' id='word_1_77' title='bbox 764 1228 983 1288; x_wconf 65' lang='lat' dir='ltr'><strong>dioec&#39;esi</strong></span> <span class='ocrx_word' id='word_1_78' title='bbox 1020 1231 1110 1299; x_wconf 88' lang='lat' dir='ltr'><strong>jus</strong></span> <span class='ocrx_word' id='word_1_79' title='bbox 1145 1246 1398 1284; x_wconf 80' lang='lat' dir='ltr'><strong>exercere</strong></span> <span class='ocrx_word' id='word_1_80' title='bbox 1443 1230 1684 1295; x_wconf 79' lang='lat' dir='ltr'><strong>auderet,</strong></span> <span class='ocrx_word' id='word_1_81' title='bbox 1721 1238 1777 1282; x_wconf 92' lang='lat' dir='ltr'><strong>ut</strong></span> <span class='ocrx_word' id='word_1_82' title='bbox 1807 1245 1837 1283; x_wconf 94' lang='lat' dir='ltr'><strong>e</strong></span> <span class='ocrx_word' id='word_1_83' title='bbox 1868 1245 2103 1299; x_wconf 90' lang='lat' dir='ltr'><strong>sequen-</strong></span> 
     </span>
    </p>
   </div>
   <div class='ocr_carea' id='block_1_12' title="bbox 514 1321 2101 1394">
    <p class='ocr_par' dir='ltr' id='par_1_12' title="bbox 514 1321 2101 1394">
     <span class='ocr_line' id='line_1_12' title="bbox 514 1321 2101 1394; baseline -0.004 -15"><span class='ocrx_word' id='word_1_84' title='bbox 514 1327 661 1381; x_wconf 85' lang='lat' dir='ltr'><strong>tibus</strong></span> <span class='ocrx_word' id='word_1_85' title='bbox 693 1326 990 1394; x_wconf 72' lang='lat' dir='ltr'><strong>apparebit.</strong></span> <span class='ocrx_word' id='word_1_86' title='bbox 1036 1322 1377 1377; x_wconf 80' lang='lat' dir='ltr'><strong>Tbeodoreto</strong></span> <span class='ocrx_word' id='word_1_87' title='bbox 1420 1332 1605 1376; x_wconf 89' lang='lat' dir='ltr'><strong>nostro</strong></span> <span class='ocrx_word' id='word_1_88' title='bbox 1638 1322 1692 1375; x_wconf 91' lang='lat' dir='ltr'><strong>in</strong></span> <span class='ocrx_word' id='word_1_89' title='bbox 1733 1322 1923 1390; x_wconf 85' lang='lat' dir='ltr'><strong>primis</strong></span> <span class='ocrx_word' id='word_1_90' title='bbox 1954 1321 2101 1375; x_wconf 89' lang='lat' dir='ltr'><strong>mul-</strong></span> 
     </span>
    </p>
   </div>
   <div class='ocr_carea' id='block_1_13' title="bbox 512 1411 2100 1482">
    <p class='ocr_par' dir='ltr' id='par_1_13' title="bbox 512 1411 2100 1482">
     <span class='ocr_line' id='line_1_13' title="bbox 512 1411 2100 1482; baseline -0.001 -14"><span class='ocrx_word' id='word_1_91' title='bbox 512 1427 693 1470; x_wconf 86' lang='lat' dir='ltr'><strong>tarum</strong></span> <span class='ocrx_word' id='word_1_92' title='bbox 727 1415 1096 1469; x_wconf 71' lang='lat' dir='ltr'><strong>calamitatum</strong></span> <span class='ocrx_word' id='word_1_93' title='bbox 1139 1420 1329 1466; x_wconf 85' lang='lat' dir='ltr'><strong>auctor</strong></span> <span class='ocrx_word' id='word_1_94' title='bbox 1362 1411 1483 1477; x_wconf 91' lang='lat' dir='ltr'><strong>fuit,</strong></span> <span class='ocrx_word' id='word_1_95' title='bbox 1524 1429 1633 1469; x_wconf 89' lang='lat' dir='ltr'><strong>non</strong></span> <span class='ocrx_word' id='word_1_96' title='bbox 1668 1412 1827 1482; x_wconf 85' lang='lat' dir='ltr'><strong>quasi</strong></span> <span class='ocrx_word' id='word_1_97' title='bbox 1876 1412 1943 1468; x_wconf 89' lang='lat' dir='ltr'><strong>de</strong></span> <span class='ocrx_word' id='word_1_98' title='bbox 1977 1412 2100 1467; x_wconf 86' lang='lat' dir='ltr'><strong>fidei</strong></span> 
     </span>
    </p>
   </div>
   <div class='ocr_carea' id='block_1_14' title="bbox 515 1505 2097 1576">
    <p class='ocr_par' dir='ltr' id='par_1_14' title="bbox 515 1505 2097 1576">
     <span class='ocr_line' id='line_1_14' title="bbox 515 1505 2097 1576; baseline -0.003 -12"><span class='ocrx_word' id='word_1_99' title='bbox 515 1507 787 1576; x_wconf 75' lang='lat' dir='ltr'><strong>capitibus</strong></span> <span class='ocrx_word' id='word_1_100' title='bbox 822 1523 945 1560; x_wconf 90' lang='lat' dir='ltr'><strong>cum</strong></span> <span class='ocrx_word' id='word_1_101' title='bbox 979 1522 1043 1560; x_wconf 81' lang='lat' dir='ltr'><strong>eo</strong></span> <span class='ocrx_word' id='word_1_102' title='bbox 1077 1507 1439 1572; x_wconf 76' lang='lat' dir='ltr'><strong>deecrtassct,</strong></span> <span class='ocrx_word' id='word_1_103' title='bbox 1469 1506 1518 1559; x_wconf 91' lang='lat' dir='ltr'><strong>id</strong></span> <span class='ocrx_word' id='word_1_104' title='bbox 1552 1506 1695 1559; x_wconf 89' lang='lat' dir='ltr'><strong>enim</strong></span> <span class='ocrx_word' id='word_1_105' title='bbox 1732 1505 2097 1559; x_wconf 78' lang='lat' dir='ltr'><strong>honorificum</strong></span> 
     </span>
    </p>
   </div>
   <div class='ocr_carea' id='block_1_15' title="bbox 517 1597 2100 1670">
    <p class='ocr_par' dir='ltr' id='par_1_15' title="bbox 517 1597 2100 1670">
     <span class='ocr_line' id='line_1_15' title="bbox 517 1597 2100 1670; baseline -0.002 -16"><span class='ocrx_word' id='word_1_106' title='bbox 517 1602 684 1657; x_wconf 79' lang='lat' dir='ltr'><strong>videri</strong></span> <span class='ocrx_word' id='word_1_107' title='bbox 722 1609 951 1670; x_wconf 80' lang='lat' dir='ltr'><strong>poterat,</strong></span> <span class='ocrx_word' id='word_1_108' title='bbox 1000 1600 1091 1653; x_wconf 88' lang='lat' dir='ltr'><strong>sed</strong></span> <span class='ocrx_word' id='word_1_109' title='bbox 1122 1598 1245 1667; x_wconf 74' lang='lat' dir='ltr'><strong>quia</strong></span> <span class='ocrx_word' id='word_1_110' title='bbox 1282 1597 1540 1655; x_wconf 91' lang='lat' dir='ltr'><strong>Nostrum</strong></span> <span class='ocrx_word' id='word_1_111' title='bbox 1588 1597 1964 1653; x_wconf 83' lang='lat' dir='ltr'><strong>adversarium</strong></span> <span class='ocrx_word' id='word_1_112' title='bbox 2002 1598 2100 1651; x_wconf 87' lang='lat' dir='ltr'><strong>ha—</strong></span> 
     </span>
    </p>
   </div>
   <div class='ocr_carea' id='block_1_16' title="bbox 516 1688 2176 1788">
    <p class='ocr_par' dir='ltr' id='par_1_16' title="bbox 516 1688 2176 1788">
     <span class='ocr_line' id='line_1_16' title="bbox 516 1688 2176 1788; baseline -0.005 -39"><span class='ocrx_word' id='word_1_113' title='bbox 516 1694 726 1758; x_wconf 86' lang='lat' dir='ltr'><strong>buerat,</strong></span> <span class='ocrx_word' id='word_1_114' title='bbox 762 1706 884 1746; x_wconf 92' lang='lat' dir='ltr'><strong>cum</strong></span> <span class='ocrx_word' id='word_1_115' title='bbox 917 1690 984 1745; x_wconf 86' lang='lat' dir='ltr'><strong>de</strong></span> <span class='ocrx_word' id='word_1_116' title='bbox 1015 1691 1251 1761; x_wconf 79' lang='lat' dir='ltr'><strong>primatu</strong></span> <span class='ocrx_word' id='word_1_117' title='bbox 1285 1690 1423 1744; x_wconf 90' lang='lat' dir='ltr'><strong>inter</strong></span> <span class='ocrx_word' id='word_1_118' title='bbox 1449 1688 1700 1744; x_wconf 90' lang='lat' dir='ltr'><strong>Proclum</strong></span> <span class='ocrx_word' id='word_1_119' title='bbox 1733 1697 1788 1743; x_wconf 88' lang='lat' dir='ltr'><strong>et</strong></span> <span class='ocrx_word' id='word_1_120' title='bbox 1811 1688 2097 1761; x_wconf 86' lang='lat' dir='ltr'><strong>Cyrillum,</strong></span> <span class='ocrx_word' id='word_1_121' title='bbox 2130 1731 2176 1788; x_wconf 71' lang='grc' dir='ltr'><strong>Β</strong></span> 
     </span>
    </p>
   </div>
   <div class='ocr_carea' id='block_1_17' title="bbox 515 1779 2097 1852">
    <p class='ocr_par' dir='ltr' id='par_1_17' title="bbox 515 1779 2097 1852">
     <span class='ocr_line' id='line_1_17' title="bbox 515 1779 2097 1852; baseline -0.003 -13"><span class='ocrx_word' id='word_1_122' title='bbox 515 1800 609 1839; x_wconf 71' lang='grc' dir='ltr'><strong>δίῚΙ</strong></span> <span class='ocrx_word' id='word_1_123' title='bbox 686 1784 868 1852; x_wconf 87' lang='lat' dir='ltr'><strong>potius</strong></span> <span class='ocrx_word' id='word_1_124' title='bbox 940 1783 1084 1836; x_wconf 87' lang='lat' dir='ltr'><strong>hunc</strong></span> <span class='ocrx_word' id='word_1_125' title='bbox 1154 1783 1333 1852; x_wconf 86' lang='lat' dir='ltr'><strong>ipsum</strong></span> <span class='ocrx_word' id='word_1_126' title='bbox 1404 1782 1762 1848; x_wconf 87' lang='lat' dir='ltr'><strong>Dioscorum,</strong></span> <span class='ocrx_word' id='word_1_127' title='bbox 1841 1779 2097 1836; x_wconf 64' lang='lat' dir='ltr'><strong>Ecclesiae</strong></span> 
     </span>
    </p>
   </div>
   <div class='ocr_carea' id='block_1_18' title="bbox 513 1873 2096 1946">
    <p class='ocr_par' dir='ltr' id='par_1_18' title="bbox 513 1873 2096 1946">
     <span class='ocr_line' id='line_1_18' title="bbox 513 1873 2096 1946; baseline -0.001 -15"><span class='ocrx_word' id='word_1_128' title='bbox 513 1876 894 1931; x_wconf 74' lang='lat' dir='ltr'><strong>Alexandrina:</strong></span> <span class='ocrx_word' id='word_1_129' title='bbox 947 1890 1012 1929; x_wconf 91' lang='lat' dir='ltr'><strong>eo</strong></span> <span class='ocrx_word' id='word_1_130' title='bbox 1064 1887 1309 1945; x_wconf 89' lang='lat' dir='ltr'><strong>tempore</strong></span> <span class='ocrx_word' id='word_1_131' title='bbox 1356 1874 1808 1946; x_wconf 88' lang='lat' dir='ltr'><strong>apocrisiarium,</strong></span> <span class='ocrx_word' id='word_1_132' title='bbox 1858 1873 1927 1929; x_wconf 91' lang='lat' dir='ltr'><strong>lis</strong></span> <span class='ocrx_word' id='word_1_133' title='bbox 1977 1885 2096 1929; x_wconf 91' lang='lat' dir='ltr'><strong>orta</strong></span> 
     </span>
    </p>
   </div>
   <div class='ocr_carea' id='block_1_19' title="bbox 514 1967 2097 2040">
    <p class='ocr_par' dir='ltr' id='par_1_19' title="bbox 514 1967 2097 2040">
     <span class='ocr_line' id='line_1_19' title="bbox 514 1967 2097 2040; baseline -0.001 -17"><span class='ocrx_word' id='word_1_134' title='bbox 514 1977 681 2023; x_wconf 82' lang='lat' dir='ltr'><strong>esset.</strong></span> <span class='ocrx_word' id='word_1_135' title='bbox 719 1968 1063 2039; x_wconf 86' lang='lat' dir='ltr'><strong>Episcopatui</strong></span> <span class='ocrx_word' id='word_1_136' title='bbox 1116 1968 1369 2024; x_wconf 86' lang='lat' dir='ltr'><strong>admotus</strong></span> <span class='ocrx_word' id='word_1_137' title='bbox 1405 1969 1705 2040; x_wconf 89' lang='lat' dir='ltr'><strong>arripiehat</strong></span> <span class='ocrx_word' id='word_1_138' title='bbox 1745 1967 2097 2024; x_wconf 87' lang='lat' dir='ltr'><strong>occasionem</strong></span> 
     </span>
    </p>
   </div>
   <div class='ocr_carea' id='block_1_20' title="bbox 515 2059 2099 2131">
    <p class='ocr_par' dir='ltr' id='par_1_20' title="bbox 515 2059 2099 2131">
     <span class='ocr_line' id='line_1_20' title="bbox 515 2059 2099 2131; baseline 0 -18"><span class='ocrx_word' id='word_1_139' title='bbox 515 2077 677 2130; x_wconf 85' lang='lat' dir='ltr'><strong>quam</strong></span> <span class='ocrx_word' id='word_1_140' title='bbox 711 2061 811 2116; x_wconf 88' lang='lat' dir='ltr'><strong>sibi</strong></span> <span class='ocrx_word' id='word_1_141' title='bbox 845 2060 1026 2116; x_wconf 82' lang='lat' dir='ltr'><strong>datam</strong></span> <span class='ocrx_word' id='word_1_142' title='bbox 1058 2077 1178 2117; x_wconf 90' lang='lat' dir='ltr'><strong>esse</strong></span> <span class='ocrx_word' id='word_1_143' title='bbox 1210 2061 1452 2131; x_wconf 85' lang='lat' dir='ltr'><strong>putabat,</strong></span> <span class='ocrx_word' id='word_1_144' title='bbox 1502 2069 1559 2115; x_wconf 91' lang='lat' dir='ltr'><strong>ut</strong></span> <span class='ocrx_word' id='word_1_145' title='bbox 1590 2059 1931 2115; x_wconf 83' lang='lat' dir='ltr'><strong>calamitates</strong></span> <span class='ocrx_word' id='word_1_146' title='bbox 1976 2060 2099 2131; x_wconf 88' lang='lat' dir='ltr'><strong>qui-</strong></span> 
     </span>
    </p>
   </div>
   <div class='ocr_carea' id='block_1_21' title="bbox 516 2150 2097 2220">
    <p class='ocr_par' dir='ltr' id='par_1_21' title="bbox 516 2150 2097 2220">
     <span class='ocr_line' id='line_1_21' title="bbox 516 2150 2097 2220; baseline -0.001 -17"><span class='ocrx_word' id='word_1_147' title='bbox 516 2150 617 2205; x_wconf 91' lang='lat' dir='ltr'><strong>bus</strong></span> <span class='ocrx_word' id='word_1_148' title='bbox 662 2150 1036 2206; x_wconf 87' lang='lat' dir='ltr'><strong>Theodoretus</strong></span> <span class='ocrx_word' id='word_1_149' title='bbox 1094 2151 1195 2205; x_wconf 93' lang='lat' dir='ltr'><strong>hoc</strong></span> <span class='ocrx_word' id='word_1_150' title='bbox 1243 2158 1493 2220; x_wconf 84' lang='lat' dir='ltr'><strong>tempore</strong></span> <span class='ocrx_word' id='word_1_151' title='bbox 1526 2150 1893 2220; x_wconf 87' lang='lat' dir='ltr'><strong>premebatur,</strong></span> <span class='ocrx_word' id='word_1_152' title='bbox 1949 2164 2097 2205; x_wconf 61' lang='lat' dir='ltr'><strong>acer.</strong></span> 
     </span>
    </p>
   </div>
   <div class='ocr_carea' id='block_1_22' title="bbox 514 2241 2101 2312">
    <p class='ocr_par' dir='ltr' id='par_1_22' title="bbox 514 2241 2101 2312">
     <span class='ocr_line' id='line_1_22' title="bbox 514 2241 2101 2312; baseline 0 -17"><span class='ocrx_word' id='word_1_153' title='bbox 514 2242 695 2297; x_wconf 86' lang='lat' dir='ltr'><strong>biores</strong></span> <span class='ocrx_word' id='word_1_154' title='bbox 726 2241 992 2296; x_wconf 71' lang='lat' dir='ltr'><strong>redderet.</strong></span> <span class='ocrx_word' id='word_1_155' title='bbox 1029 2242 1332 2297; x_wconf 81' lang='lat' dir='ltr'><strong>Accusatus</strong></span> <span class='ocrx_word' id='word_1_156' title='bbox 1371 2244 1515 2297; x_wconf 90' lang='lat' dir='ltr'><strong>enim</strong></span> <span class='ocrx_word' id='word_1_157' title='bbox 1550 2251 1667 2296; x_wconf 88' lang='lat' dir='ltr'><strong>erat</strong></span> <span class='ocrx_word' id='word_1_158' title='bbox 1698 2243 1785 2296; x_wconf 90' lang='lat' dir='ltr'><strong>ille</strong></span> <span class='ocrx_word' id='word_1_159' title='bbox 1813 2242 1955 2312; x_wconf 91' lang='lat' dir='ltr'><strong>apud</strong></span> <span class='ocrx_word' id='word_1_160' title='bbox 1998 2242 2101 2295; x_wconf 87' lang='lat' dir='ltr'><strong>im-</strong></span> 
     </span>
    </p>
   </div>
   <div class='ocr_carea' id='block_1_23' title="bbox 514 2331 2100 2406">
    <p class='ocr_par' dir='ltr' id='par_1_23' title="bbox 514 2331 2100 2406">
     <span class='ocr_line' id='line_1_23' title="bbox 514 2331 2100 2406; baseline 0.001 -20"><span class='ocrx_word' id='word_1_161' title='bbox 514 2344 820 2402; x_wconf 86' lang='lat' dir='ltr'><strong>peratorem</strong></span> <span class='ocrx_word' id='word_1_162' title='bbox 855 2331 1244 2395; x_wconf 76' lang='lat' dir='ltr'><strong>Theodosium,</strong></span> <span class='ocrx_word' id='word_1_163' title='bbox 1296 2350 1358 2388; x_wconf 91' lang='lat' dir='ltr'><strong>ac</strong></span> <span class='ocrx_word' id='word_1_164' title='bbox 1404 2335 1448 2388; x_wconf 93' lang='lat' dir='ltr'><strong>si</strong></span> <span class='ocrx_word' id='word_1_165' title='bbox 1502 2332 1815 2403; x_wconf 72' lang='lat' dir='ltr'><strong>frequentes</strong></span> <span class='ocrx_word' id='word_1_166' title='bbox 1856 2333 2100 2406; x_wconf 82' lang='lat' dir='ltr'><strong>synodos</strong></span> 
     </span>
    </p>
   </div>
   <div class='ocr_carea' id='block_1_24' title="bbox 513 2424 2100 2496">
    <p class='ocr_par' dir='ltr' id='par_1_24' title="bbox 513 2424 2100 2496">
     <span class='ocr_line' id='line_1_24' title="bbox 513 2424 2100 2496; baseline 0.001 -20"><span class='ocrx_word' id='word_1_167' title='bbox 513 2439 679 2493; x_wconf 87' lang='lat' dir='ltr'><strong>prope</strong></span> <span class='ocrx_word' id='word_1_168' title='bbox 725 2424 1065 2478; x_wconf 78' lang='lat' dir='ltr'><strong>Antiochiam</strong></span> <span class='ocrx_word' id='word_1_169' title='bbox 1112 2435 1520 2496; x_wconf 77' lang='lat' dir='ltr'><strong>congregasset,</strong></span> <span class='ocrx_word' id='word_1_170' title='bbox 1568 2434 1622 2479; x_wconf 86' lang='lat' dir='ltr'><strong>et</strong></span> <span class='ocrx_word' id='word_1_171' title='bbox 1654 2426 1706 2478; x_wconf 90' lang='lat' dir='ltr'><strong>in</strong></span> <span class='ocrx_word' id='word_1_172' title='bbox 1739 2424 2100 2480; x_wconf 90' lang='lat' dir='ltr'><strong>concionibus</strong></span> 
     </span>
    </p>
   </div>
   <div class='ocr_carea' id='block_1_25' title="bbox 513 2516 2097 2587">
    <p class='ocr_par' dir='ltr' id='par_1_25' title="bbox 513 2516 2097 2587">
     <span class='ocr_line' id='line_1_25' title="bbox 513 2516 2097 2587; baseline -0.001 -18"><span class='ocrx_word' id='word_1_173' title='bbox 513 2531 697 2569; x_wconf 88' lang='lat' dir='ltr'><strong>coram</strong></span> <span class='ocrx_word' id='word_1_174' title='bbox 748 2518 948 2586; x_wconf 75' lang='lat' dir='ltr'><strong>populo</strong></span> <span class='ocrx_word' id='word_1_175' title='bbox 999 2517 1235 2571; x_wconf 83' lang='lat' dir='ltr'><strong>recitatis</strong></span> <span class='ocrx_word' id='word_1_176' title='bbox 1299 2516 1530 2571; x_wconf 89' lang='lat' dir='ltr'><strong>nefanda</strong></span> <span class='ocrx_word' id='word_1_177' title='bbox 1591 2518 1847 2587; x_wconf 85' lang='lat' dir='ltr'><strong>dogmata</strong></span> <span class='ocrx_word' id='word_1_178' title='bbox 1894 2532 2097 2587; x_wconf 82' lang='lat' dir='ltr'><strong>propo-</strong></span> 
     </span>
    </p>
   </div>
   <div class='ocr_carea' id='block_1_26' title="bbox 517 2609 2102 2679">
    <p class='ocr_par' dir='ltr' id='par_1_26' title="bbox 517 2609 2102 2679">
     <span class='ocr_line' id='line_1_26' title="bbox 517 2609 2102 2679; baseline 0.001 -18"><span class='ocrx_word' id='word_1_179' title='bbox 517 2611 739 2663; x_wconf 85' lang='lat' dir='ltr'><strong>suisset.</strong></span> <span class='ocrx_word' id='word_1_180' title='bbox 791 2609 1021 2663; x_wconf 87' lang='lat' dir='ltr'><strong>Tantum</strong></span> <span class='ocrx_word' id='word_1_181' title='bbox 1064 2611 1205 2679; x_wconf 91' lang='lat' dir='ltr'><strong>apud</strong></span> <span class='ocrx_word' id='word_1_182' title='bbox 1252 2610 1634 2679; x_wconf 86' lang='lat' dir='ltr'><strong>imperatorem</strong></span> <span class='ocrx_word' id='word_1_183' title='bbox 1683 2610 1968 2662; x_wconf 86' lang='lat' dir='ltr'><strong>valuerant</strong></span> <span class='ocrx_word' id='word_1_184' title='bbox 2018 2609 2102 2663; x_wconf 66' lang='lat' dir='ltr'><strong>hae</strong></span> 
     </span>
    </p>
   </div>
   <div class='ocr_carea' id='block_1_27' title="bbox 518 2696 2101 2768">
    <p class='ocr_par' dir='ltr' id='par_1_27' title="bbox 518 2696 2101 2768">
     <span class='ocr_line' id='line_1_27' title="bbox 518 2696 2101 2768; baseline 0.003 -19"><span class='ocrx_word' id='word_1_185' title='bbox 518 2696 719 2766; x_wconf 72' lang='lat' dir='ltr'><strong>iniqua-</strong></span> <span class='ocrx_word' id='word_1_186' title='bbox 742 2697 1136 2763; x_wconf 84' lang='lat' dir='ltr'><strong>accusationes,</strong></span> <span class='ocrx_word' id='word_1_187' title='bbox 1173 2708 1229 2752; x_wconf 91' lang='lat' dir='ltr'><strong>ut</strong></span> <span class='ocrx_word' id='word_1_188' title='bbox 1257 2697 1692 2753; x_wconf 87' lang='lat' dir='ltr'><strong>Commonitorio</strong></span> <span class='ocrx_word' id='word_1_189' title='bbox 1726 2697 1898 2768; x_wconf 89' lang='lat' dir='ltr'><strong>ipsius</strong></span> <span class='ocrx_word' id='word_1_190' title='bbox 1922 2696 2101 2753; x_wconf 87' lang='lat' dir='ltr'><strong>Theo-</strong></span> 
     </span>
    </p>
   </div>
   <div class='ocr_carea' id='block_1_28' title="bbox 513 2788 2101 2861">
    <p class='ocr_par' dir='ltr' id='par_1_28' title="bbox 513 2788 2101 2861">
     <span class='ocr_line' id='line_1_28' title="bbox 513 2788 2101 2861; baseline 0.002 -20"><span class='ocrx_word' id='word_1_191' title='bbox 513 2788 651 2843; x_wconf 85' lang='lat' dir='ltr'><strong>dosii</strong></span> <span class='ocrx_word' id='word_1_192' title='bbox 687 2804 846 2842; x_wconf 90' lang='lat' dir='ltr'><strong>manu</strong></span> <span class='ocrx_word' id='word_1_193' title='bbox 887 2789 1088 2859; x_wconf 90' lang='lat' dir='ltr'><strong>scripto</strong></span> <span class='ocrx_word' id='word_1_194' title='bbox 1120 2788 1315 2843; x_wconf 85' lang='lat' dir='ltr'><strong>Noster</strong></span> <span class='ocrx_word' id='word_1_195' title='bbox 1346 2789 1749 2859; x_wconf 87' lang='lat' dir='ltr'><strong>prohiberetur,</strong></span> <span class='ocrx_word' id='word_1_196' title='bbox 1800 2792 1932 2843; x_wconf 86' lang='lat' dir='ltr'><strong>urbe.</strong></span> <span class='ocrx_word' id='word_1_197' title='bbox 1958 2789 2101 2861; x_wconf 78' lang='lat' dir='ltr'><strong>Cyro</strong></span> 
     </span>
    </p>
   </div>
   <div class='ocr_carea' id='block_1_29' title="bbox 512 2879 2100 2952">
    <p class='ocr_par' dir='ltr' id='par_1_29' title="bbox 512 2879 2100 2952">
     <span class='ocr_line' id='line_1_29' title="bbox 512 2879 2100 2952; baseline 0.001 -18"><span class='ocrx_word' id='word_1_198' title='bbox 512 2880 713 2950; x_wconf 78' lang='lat' dir='ltr'><strong>egredi.</strong></span> <span class='ocrx_word' id='word_1_199' title='bbox 759 2879 890 2935; x_wconf 84' lang='lat' dir='ltr'><strong>Rem</strong></span> <span class='ocrx_word' id='word_1_200' title='bbox 925 2882 1145 2952; x_wconf 76' lang='lat' dir='ltr'><strong>exponit</strong></span> <span class='ocrx_word' id='word_1_201' title='bbox 1183 2882 1236 2934; x_wconf 91' lang='lat' dir='ltr'><strong>in</strong></span> <span class='ocrx_word' id='word_1_202' title='bbox 1269 2881 1386 2935; x_wconf 87' lang='lat' dir='ltr'><strong>suis</strong></span> <span class='ocrx_word' id='word_1_203' title='bbox 1423 2883 1488 2935; x_wconf 89' lang='lat' dir='ltr'><strong>ad</strong></span> <span class='ocrx_word' id='word_1_204' title='bbox 1518 2880 1870 2935; x_wconf 88' lang='lat' dir='ltr'><strong>Eutrechium</strong></span> <span class='ocrx_word' id='word_1_205' title='bbox 1910 2881 2100 2952; x_wconf 64' lang='lat' dir='ltr'><strong>praefe-</strong></span> 
     </span>
    </p>
   </div>
   <div class='ocr_carea' id='block_1_30' title="bbox 512 2972 2103 3044">
    <p class='ocr_par' dir='ltr' id='par_1_30' title="bbox 512 2972 2103 3044">
     <span class='ocr_line' id='line_1_30' title="bbox 512 2972 2103 3044; baseline 0.001 -19"><span class='ocrx_word' id='word_1_206' title='bbox 512 2982 681 3037; x_wconf 86' lang='lat' dir='ltr'><strong>ctum,</strong></span> <span class='ocrx_word' id='word_1_207' title='bbox 728 2972 1038 3026; x_wconf 79' lang='lat' dir='ltr'><strong>Anatolium</strong></span> <span class='ocrx_word' id='word_1_208' title='bbox 1096 2973 1383 3041; x_wconf 90' lang='lat' dir='ltr'><strong>patricium</strong></span> <span class='ocrx_word' id='word_1_209' title='bbox 1433 2982 1487 3027; x_wconf 91' lang='lat' dir='ltr'><strong>et</strong></span> <span class='ocrx_word' id='word_1_210' title='bbox 1536 2972 1832 3027; x_wconf 82' lang='lat' dir='ltr'><strong>Eusebium</strong></span> <span class='ocrx_word' id='word_1_211' title='bbox 1872 2973 2103 3044; x_wconf 74' lang='lat' dir='ltr'><strong>Ancyra:</strong></span> 
     </span>
    </p>
   </div>
   <div class='ocr_carea' id='block_1_31' title="bbox 2210 491 3787 565">
    <p class='ocr_par' dir='ltr' id='par_1_31' title="bbox 2210 491 3787 565">
     <span class='ocr_line' id='line_1_31' title="bbox 2210 491 3787 565; baseline 0.003 -20"><span class='ocrx_word' id='word_1_212' title='bbox 2210 506 2429 545; x_wconf 87' lang='lat' dir='ltr'><strong>causam</strong></span> <span class='ocrx_word' id='word_1_213' title='bbox 2481 505 2689 547; x_wconf 86' lang='lat' dir='ltr'><strong>armata</strong></span> <span class='ocrx_word' id='word_1_214' title='bbox 2730 508 2893 546; x_wconf 86' lang='lat' dir='ltr'><strong>manu</strong></span> <span class='ocrx_word' id='word_1_215' title='bbox 2942 493 3078 547; x_wconf 87' lang='lat' dir='ltr'><strong>adeo</strong></span> <span class='ocrx_word' id='word_1_216' title='bbox 3126 491 3387 558; x_wconf 80' lang='lat' dir='ltr'><strong>defendit,</strong></span> <span class='ocrx_word' id='word_1_217' title='bbox 3434 502 3492 547; x_wconf 93' lang='lat' dir='ltr'><strong>ut</strong></span> <span class='ocrx_word' id='word_1_218' title='bbox 3540 493 3641 548; x_wconf 91' lang='lat' dir='ltr'><strong>iste</strong></span> <span class='ocrx_word' id='word_1_219' title='bbox 3689 509 3787 565; x_wconf 93' lang='lat' dir='ltr'><strong>pro</strong></span> 
     </span>
    </p>
   </div>
   <div class='ocr_carea' id='block_1_32' title="bbox 2208 584 3785 655">
    <p class='ocr_par' dir='ltr' id='par_1_32' title="bbox 2208 584 3785 655">
     <span class='ocr_line' id='line_1_32' title="bbox 2208 584 3785 655; baseline 0.004 -19"><span class='ocrx_word' id='word_1_220' title='bbox 2208 585 2419 637; x_wconf 85' lang='lat' dir='ltr'><strong>insonte</strong></span> <span class='ocrx_word' id='word_1_221' title='bbox 2470 584 2777 642; x_wconf 75' lang='lat' dir='ltr'><strong>declaratus</strong></span> <span class='ocrx_word' id='word_1_222' title='bbox 2830 585 2883 638; x_wconf 93' lang='lat' dir='ltr'><strong>in</strong></span> <span class='ocrx_word' id='word_1_223' title='bbox 2932 585 3218 655; x_wconf 89' lang='lat' dir='ltr'><strong>pristinam</strong></span> <span class='ocrx_word' id='word_1_224' title='bbox 3262 586 3575 655; x_wconf 87' lang='lat' dir='ltr'><strong>dignitatem</strong></span> <span class='ocrx_word' id='word_1_225' title='bbox 3623 588 3785 643; x_wconf 86' lang='lat' dir='ltr'><strong>resti-</strong></span> 
     </span>
    </p>
   </div>
   <div class='ocr_carea' id='block_1_33' title="bbox 2207 672 3785 751">
    <p class='ocr_par' dir='ltr' id='par_1_33' title="bbox 2207 672 3785 751">
     <span class='ocr_line' id='line_1_33' title="bbox 2207 672 3785 751; baseline 0.003 -20"><span class='ocrx_word' id='word_1_226' title='bbox 2207 672 2470 732; x_wconf 70' lang='lat' dir='ltr'><strong>ttlerctur.</strong></span> <span class='ocrx_word' id='word_1_227' title='bbox 2507 677 2589 731; x_wconf 85' lang='lat' dir='ltr'><strong>Ab</strong></span> <span class='ocrx_word' id='word_1_228' title='bbox 2616 679 2717 732; x_wconf 89' lang='lat' dir='ltr'><strong>hac</strong></span> <span class='ocrx_word' id='word_1_229' title='bbox 2747 678 2955 749; x_wconf 82' lang='lat' dir='ltr'><strong>synodo</strong></span> <span class='ocrx_word' id='word_1_230' title='bbox 2986 677 3256 746; x_wconf 85' lang='lat' dir='ltr'><strong>Ephesina</strong></span> <span class='ocrx_word' id='word_1_231' title='bbox 3288 679 3597 748; x_wconf 85' lang='lat' dir='ltr'><strong>posteriori,</strong></span> <span class='ocrx_word' id='word_1_232' title='bbox 3620 697 3785 751; x_wconf 90' lang='lat' dir='ltr'><strong>quam</strong></span> 
     </span>
    </p>
   </div>
   <div class='ocr_carea' id='block_1_34' title="bbox 2205 768 3787 839">
    <p class='ocr_par' dir='ltr' id='par_1_34' title="bbox 2205 768 3787 839">
     <span class='ocr_line' id='line_1_34' title="bbox 2205 768 3787 839; baseline 0.004 -20"><span class='ocrx_word' id='word_1_233' title='bbox 2205 769 2275 823; x_wconf 84' lang='lat' dir='ltr'><strong>ob</strong></span> <span class='ocrx_word' id='word_1_234' title='bbox 2306 769 2540 823; x_wconf 89' lang='lat' dir='ltr'><strong>nefanda</strong></span> <span class='ocrx_word' id='word_1_235' title='bbox 2573 771 2626 823; x_wconf 90' lang='lat' dir='ltr'><strong>in</strong></span> <span class='ocrx_word' id='word_1_236' title='bbox 2654 768 2971 824; x_wconf 78' lang='lat' dir='ltr'><strong>Flavianum</strong></span> <span class='ocrx_word' id='word_1_237' title='bbox 2996 770 3239 839; x_wconf 79' lang='lat' dir='ltr'><strong>aliosque</strong></span> <span class='ocrx_word' id='word_1_238' title='bbox 3269 770 3503 839; x_wconf 84' lang='lat' dir='ltr'><strong>purioris</strong></span> <span class='ocrx_word' id='word_1_239' title='bbox 3527 772 3787 827; x_wconf 74' lang='lat' dir='ltr'><strong>doctrinae</strong></span> 
     </span>
    </p>
   </div>
   <div class='ocr_carea' id='block_1_35' title="bbox 2204 861 3785 935">
    <p class='ocr_par' dir='ltr' id='par_1_35' title="bbox 2204 861 3785 935">
     <span class='ocr_line' id='line_1_35' title="bbox 2204 861 3785 935; baseline 0.001 -19"><span class='ocrx_word' id='word_1_240' title='bbox 2204 862 2518 917; x_wconf 82' lang='lat' dir='ltr'><strong>defensores</strong></span> <span class='ocrx_word' id='word_1_241' title='bbox 2566 861 2858 917; x_wconf 86' lang='lat' dir='ltr'><strong>commissa</strong></span> <span class='ocrx_word' id='word_1_242' title='bbox 2909 861 3174 926; x_wconf 86' lang='lat' dir='ltr'><strong>facinora,</strong></span> <span class='ocrx_word' id='word_1_243' title='bbox 3227 863 3529 935; x_wconf 73' lang='grc' dir='ltr'><strong>λῃςτρικὴν</strong></span> <span class='ocrx_word' id='word_1_244' title='bbox 3575 865 3785 928; x_wconf 83' lang='lat' dir='ltr'><strong>dicunt,</strong></span> 
     </span>
    </p>
   </div>
   <div class='ocr_carea' id='block_1_36' title="bbox 2205 957 3787 1027">
    <p class='ocr_par' dir='ltr' id='par_1_36' title="bbox 2205 957 3787 1027">
     <span class='ocr_line' id='line_1_36' title="bbox 2205 957 3787 1027; baseline 0.003 -18"><span class='ocrx_word' id='word_1_245' title='bbox 2205 957 2462 1010; x_wconf 89' lang='lat' dir='ltr'><strong>mandato</strong></span> <span class='ocrx_word' id='word_1_246' title='bbox 2509 957 2853 1025; x_wconf 84' lang='lat' dir='ltr'><strong>imperatoris</strong></span> <span class='ocrx_word' id='word_1_247' title='bbox 2889 957 3184 1011; x_wconf 85' lang='lat' dir='ltr'><strong>Theodosii</strong></span> <span class='ocrx_word' id='word_1_248' title='bbox 3236 957 3427 1011; x_wconf 89' lang='lat' dir='ltr'><strong>abesse</strong></span> <span class='ocrx_word' id='word_1_249' title='bbox 3470 957 3662 1027; x_wconf 86' lang='lat' dir='ltr'><strong>jussus</strong></span> <span class='ocrx_word' id='word_1_250' title='bbox 3706 968 3787 1013; x_wconf 90' lang='lat' dir='ltr'><strong>est</strong></span> 
     </span>
    </p>
   </div>
   <div class='ocr_carea' id='block_1_37' title="bbox 2205 1049 3787 1120">
    <p class='ocr_par' dir='ltr' id='par_1_37' title="bbox 2205 1049 3787 1120">
     <span class='ocr_line' id='line_1_37' title="bbox 2205 1049 3787 1120; baseline 0.003 -18"><span class='ocrx_word' id='word_1_251' title='bbox 2205 1049 2356 1103; x_wconf 85' lang='lat' dir='ltr'><strong>Theo</strong></span> <span class='ocrx_word' id='word_1_252' title='bbox 2380 1052 2600 1104; x_wconf 78' lang='lat' dir='ltr'><strong>lor-etus.</strong></span> <span class='ocrx_word' id='word_1_253' title='bbox 2641 1049 2778 1103; x_wconf 85' lang='lat' dir='ltr'><strong>Mala</strong></span> <span class='ocrx_word' id='word_1_254' title='bbox 2812 1050 2914 1104; x_wconf 87' lang='lat' dir='ltr'><strong>sibi</strong></span> <span class='ocrx_word' id='word_1_255' title='bbox 2953 1049 3295 1104; x_wconf 87' lang='lat' dir='ltr'><strong>imminentia</strong></span> <span class='ocrx_word' id='word_1_256' title='bbox 3341 1050 3689 1120; x_wconf 68' lang='lat' dir='ltr'><strong>prazv-idebat,</strong></span> <span class='ocrx_word' id='word_1_257' title='bbox 3729 1059 3787 1106; x_wconf 89' lang='lat' dir='ltr'><strong>ut</strong></span> 
     </span>
    </p>
   </div>
   <div class='ocr_carea' id='block_1_38' title="bbox 2205 1138 3788 1210">
    <p class='ocr_par' dir='ltr' id='par_1_38' title="bbox 2205 1138 3788 1210">
     <span class='ocr_line' id='line_1_38' title="bbox 2205 1138 3788 1210; baseline 0 -16"><span class='ocrx_word' id='word_1_258' title='bbox 2205 1152 2269 1194; x_wconf 80' lang='lat' dir='ltr'><strong>ex</strong></span> <span class='ocrx_word' id='word_1_259' title='bbox 2296 1140 2526 1209; x_wconf 89' lang='lat' dir='ltr'><strong>epistola</strong></span> <span class='ocrx_word' id='word_1_260' title='bbox 2555 1138 2702 1209; x_wconf 70' lang='grc' dir='ltr'>(ΗΞ)</span> <span class='ocrx_word' id='word_1_261' title='bbox 2736 1155 2900 1209; x_wconf 88' lang='lat' dir='ltr'><strong>quam</strong></span> <span class='ocrx_word' id='word_1_262' title='bbox 2930 1139 2995 1193; x_wconf 89' lang='lat' dir='ltr'><strong>ad</strong></span> <span class='ocrx_word' id='word_1_263' title='bbox 3034 1139 3304 1193; x_wconf 90' lang='lat' dir='ltr'><strong>Domnum</strong></span> <span class='ocrx_word' id='word_1_264' title='bbox 3338 1141 3638 1195; x_wconf 67' lang='lat' dir='ltr'><strong>Antiocbim</strong></span> <span class='ocrx_word' id='word_1_265' title='bbox 3670 1141 3788 1210; x_wconf 87' lang='lat' dir='ltr'><strong>epi-</strong></span> 
     </span>
    </p>
   </div>
   <div class='ocr_carea' id='block_1_39' title="bbox 2204 1228 3786 1298">
    <p class='ocr_par' dir='ltr' id='par_1_39' title="bbox 2204 1228 3786 1298">
     <span class='ocr_line' id='line_1_39' title="bbox 2204 1228 3786 1298; baseline 0.003 -15"><span class='ocrx_word' id='word_1_266' title='bbox 2204 1244 2430 1297; x_wconf 89' lang='lat' dir='ltr'><strong>scopum</strong></span> <span class='ocrx_word' id='word_1_267' title='bbox 2465 1228 2631 1294; x_wconf 86' lang='lat' dir='ltr'><strong>dedit,</strong></span> <span class='ocrx_word' id='word_1_268' title='bbox 2675 1229 3001 1298; x_wconf 91' lang='lat' dir='ltr'><strong>colligimus.</strong></span> <span class='ocrx_word' id='word_1_269' title='bbox 3050 1228 3160 1285; x_wconf 86' lang='lat' dir='ltr'><strong>Nec</strong></span> <span class='ocrx_word' id='word_1_270' title='bbox 3200 1246 3374 1285; x_wconf 83' lang='lat' dir='ltr'><strong>vanus</strong></span> <span class='ocrx_word' id='word_1_271' title='bbox 3409 1241 3527 1286; x_wconf 91' lang='lat' dir='ltr'><strong>erat</strong></span> <span class='ocrx_word' id='word_1_272' title='bbox 3566 1240 3786 1293; x_wconf 82' lang='lat' dir='ltr'><strong>metus;</strong></span> 
     </span>
    </p>
   </div>
   <div class='ocr_carea' id='block_1_40' title="bbox 2204 1320 3789 1392">
    <p class='ocr_par' dir='ltr' id='par_1_40' title="bbox 2204 1320 3789 1392">
     <span class='ocr_line' id='line_1_40' title="bbox 2204 1320 3789 1392; baseline 0.003 -19"><span class='ocrx_word' id='word_1_273' title='bbox 2204 1336 2329 1373; x_wconf 88' lang='lat' dir='ltr'><strong>nam</strong></span> <span class='ocrx_word' id='word_1_274' title='bbox 2359 1335 2480 1374; x_wconf 87' lang='lat' dir='ltr'><strong>cmn</strong></span> <span class='ocrx_word' id='word_1_275' title='bbox 2514 1320 2699 1375; x_wconf 89' lang='lat' dir='ltr'><strong>multis</strong></span> <span class='ocrx_word' id='word_1_276' title='bbox 2731 1320 2873 1386; x_wconf 90' lang='lat' dir='ltr'><strong>aliis,</strong></span> <span class='ocrx_word' id='word_1_277' title='bbox 2905 1336 3045 1390; x_wconf 90' lang='lat' dir='ltr'><strong>quos</strong></span> <span class='ocrx_word' id='word_1_278' title='bbox 3075 1321 3251 1375; x_wconf 78' lang='lat' dir='ltr'><strong>laudis</strong></span> <span class='ocrx_word' id='word_1_279' title='bbox 3271 1323 3453 1392; x_wconf 88' lang='lat' dir='ltr'><strong>potius</strong></span> <span class='ocrx_word' id='word_1_280' title='bbox 3478 1336 3642 1390; x_wconf 87' lang='lat' dir='ltr'><strong>quam</strong></span> <span class='ocrx_word' id='word_1_281' title='bbox 3679 1338 3789 1378; x_wconf 87' lang='lat' dir='ltr'><strong>ma-</strong></span> 
     </span>
    </p>
   </div>
   <div class='ocr_carea' id='block_1_41' title="bbox 2204 1409 3790 1485">
    <p class='ocr_par' dir='ltr' id='par_1_41' title="bbox 2204 1409 3790 1485">
     <span class='ocr_line' id='line_1_41' title="bbox 2204 1409 3790 1485; baseline 0.006 -23"><span class='ocrx_word' id='word_1_282' title='bbox 2204 1409 2379 1464; x_wconf 89' lang='lat' dir='ltr'><strong>lorum</strong></span> <span class='ocrx_word' id='word_1_283' title='bbox 2414 1409 2594 1466; x_wconf 92' lang='lat' dir='ltr'><strong>socios</strong></span> <span class='ocrx_word' id='word_1_284' title='bbox 2619 1409 2789 1467; x_wconf 88' lang='lat' dir='ltr'><strong>fuisse</strong></span> <span class='ocrx_word' id='word_1_285' title='bbox 2820 1412 3046 1479; x_wconf 76' lang='lat' dir='ltr'><strong>dixeris,</strong></span> <span class='ocrx_word' id='word_1_286' title='bbox 3079 1413 3203 1467; x_wconf 85' lang='lat' dir='ltr'><strong>sedc</strong></span> <span class='ocrx_word' id='word_1_287' title='bbox 3224 1414 3517 1484; x_wconf 88' lang='lat' dir='ltr'><strong>episcopali</strong></span> <span class='ocrx_word' id='word_1_288' title='bbox 3544 1413 3790 1485; x_wconf 80' lang='lat' dir='ltr'><strong>dejectus</strong></span> 
     </span>
    </p>
   </div>
   <div class='ocr_carea' id='block_1_42' title="bbox 2203 1501 3790 1573">
    <p class='ocr_par' dir='ltr' id='par_1_42' title="bbox 2203 1501 3790 1573">
     <span class='ocr_line' id='line_1_42' title="bbox 2203 1501 3790 1573; baseline 0.004 -18"><span class='ocrx_word' id='word_1_289' title='bbox 2203 1509 2304 1557; x_wconf 88' lang='lat' dir='ltr'><strong>est.</strong></span> <span class='ocrx_word' id='word_1_290' title='bbox 2347 1501 2452 1556; x_wconf 91' lang='lat' dir='ltr'><strong>Sed</strong></span> <span class='ocrx_word' id='word_1_291' title='bbox 2497 1503 2796 1571; x_wconf 86' lang='lat' dir='ltr'><strong>gloriosum</strong></span> <span class='ocrx_word' id='word_1_292' title='bbox 2827 1504 3050 1559; x_wconf 89' lang='lat' dir='ltr'><strong>omnino</strong></span> <span class='ocrx_word' id='word_1_293' title='bbox 3081 1516 3209 1561; x_wconf 90' lang='lat' dir='ltr'><strong>tunc</strong></span> <span class='ocrx_word' id='word_1_294' title='bbox 3242 1515 3380 1573; x_wconf 88' lang='lat' dir='ltr'><strong>erat,</strong></span> <span class='ocrx_word' id='word_1_295' title='bbox 3431 1507 3497 1561; x_wconf 91' lang='lat' dir='ltr'><strong>iis</strong></span> <span class='ocrx_word' id='word_1_296' title='bbox 3527 1508 3790 1562; x_wconf 87' lang='lat' dir='ltr'><strong>adnume-</strong></span> 
     </span>
    </p>
   </div>
   <div class='ocr_carea' id='block_1_43' title="bbox 2204 1591 3790 1664">
    <p class='ocr_par' dir='ltr' id='par_1_43' title="bbox 2204 1591 3790 1664">
     <span class='ocr_line' id='line_1_43' title="bbox 2204 1591 3790 1664; baseline 0.004 -21"><span class='ocrx_word' id='word_1_297' title='bbox 2204 1591 2311 1644; x_wconf 91' lang='lat' dir='ltr'><strong>rari</strong></span> <span class='ocrx_word' id='word_1_298' title='bbox 2343 1592 2435 1662; x_wconf 90' lang='lat' dir='ltr'><strong>qui</strong></span> <span class='ocrx_word' id='word_1_299' title='bbox 2479 1609 2584 1647; x_wconf 91' lang='lat' dir='ltr'><strong>non</strong></span> <span class='ocrx_word' id='word_1_300' title='bbox 2631 1591 2890 1647; x_wconf 87' lang='lat' dir='ltr'><strong>sederunt</strong></span> <span class='ocrx_word' id='word_1_301' title='bbox 2925 1593 2979 1646; x_wconf 91' lang='lat' dir='ltr'><strong>in</strong></span> <span class='ocrx_word' id='word_1_302' title='bbox 3014 1593 3253 1649; x_wconf 90' lang='lat' dir='ltr'><strong>concilio</strong></span> <span class='ocrx_word' id='word_1_303' title='bbox 3287 1594 3601 1664; x_wconf 89' lang='lat' dir='ltr'><strong>impiorum.</strong></span> <span class='ocrx_word' id='word_1_304' title='bbox 3639 1594 3790 1649; x_wconf 84' lang='lat' dir='ltr'><strong>Adeo</strong></span> 
     </span>
    </p>
   </div>
   <div class='ocr_carea' id='block_1_44' title="bbox 2205 1684 3788 1755">
    <p class='ocr_par' dir='ltr' id='par_1_44' title="bbox 2205 1684 3788 1755">
     <span class='ocr_line' id='line_1_44' title="bbox 2205 1684 3788 1755; baseline 0.001 -18"><span class='ocrx_word' id='word_1_305' title='bbox 2205 1684 2347 1738; x_wconf 89' lang='lat' dir='ltr'><strong>enim</strong></span> <span class='ocrx_word' id='word_1_306' title='bbox 2375 1685 2450 1738; x_wconf 92' lang='lat' dir='ltr'><strong>illi</strong></span> <span class='ocrx_word' id='word_1_307' title='bbox 2477 1692 2726 1755; x_wconf 74' lang='lat' dir='ltr'><strong>proterva</strong></span> <span class='ocrx_word' id='word_1_308' title='bbox 2754 1685 2978 1741; x_wconf 86' lang='lat' dir='ltr'><strong>audacia</strong></span> <span class='ocrx_word' id='word_1_309' title='bbox 3006 1686 3352 1741; x_wconf 90' lang='lat' dir='ltr'><strong>macularunt</strong></span> <span class='ocrx_word' id='word_1_310' title='bbox 3381 1685 3580 1740; x_wconf 89' lang='lat' dir='ltr'><strong>famam</strong></span> <span class='ocrx_word' id='word_1_311' title='bbox 3608 1700 3788 1749; x_wconf 87' lang='lat' dir='ltr'><strong>suam,</strong></span> 
     </span>
    </p>
   </div>
   <div class='ocr_carea' id='block_1_45' title="bbox 2206 1777 3792 1849">
    <p class='ocr_par' dir='ltr' id='par_1_45' title="bbox 2206 1777 3792 1849">
     <span class='ocr_line' id='line_1_45' title="bbox 2206 1777 3792 1849; baseline 0.002 -19"><span class='ocrx_word' id='word_1_312' title='bbox 2206 1777 2298 1848; x_wconf 85' lang='lat' dir='ltr'><strong>qui</strong></span> <span class='ocrx_word' id='word_1_313' title='bbox 2335 1794 2364 1831; x_wconf 89' lang='lat' dir='ltr'><strong>a</strong></span> <span class='ocrx_word' id='word_1_314' title='bbox 2401 1777 2647 1832; x_wconf 90' lang='lat' dir='ltr'><strong>Dioscori</strong></span> <span class='ocrx_word' id='word_1_315' title='bbox 2675 1778 2920 1849; x_wconf 87' lang='lat' dir='ltr'><strong>partibus</strong></span> <span class='ocrx_word' id='word_1_316' title='bbox 2946 1778 2998 1832; x_wconf 93' lang='lat' dir='ltr'><strong>in</strong></span> <span class='ocrx_word' id='word_1_317' title='bbox 3025 1779 3129 1835; x_wconf 89' lang='lat' dir='ltr'><strong>hac</strong></span> <span class='ocrx_word' id='word_1_318' title='bbox 3164 1778 3374 1849; x_wconf 84' lang='lat' dir='ltr'><strong>synodo</strong></span> <span class='ocrx_word' id='word_1_319' title='bbox 3409 1787 3697 1843; x_wconf 87' lang='lat' dir='ltr'><strong>steterunt,</strong></span> <span class='ocrx_word' id='word_1_320' title='bbox 3731 1786 3792 1833; x_wconf 89' lang='lat' dir='ltr'><strong>ut</strong></span> 
     </span>
    </p>
   </div>
   <div class='ocr_carea' id='block_1_46' title="bbox 2207 1869 3790 1944">
    <p class='ocr_par' dir='ltr' id='par_1_46' title="bbox 2207 1869 3790 1944">
     <span class='ocr_line' id='line_1_46' title="bbox 2207 1869 3790 1944; baseline 0.001 -21"><span class='ocrx_word' id='word_1_321' title='bbox 2207 1870 2419 1939; x_wconf 80' lang='lat' dir='ltr'><strong>tarpius</strong></span> <span class='ocrx_word' id='word_1_322' title='bbox 2454 1869 2572 1944; x_wconf 66' lang='grc'><strong>[24]</strong></span> <span class='ocrx_word' id='word_1_323' title='bbox 2605 1869 2768 1925; x_wconf 87' lang='lat' dir='ltr'><strong>fuerit</strong></span> <span class='ocrx_word' id='word_1_324' title='bbox 2802 1869 3019 1924; x_wconf 90' lang='lat' dir='ltr'><strong>immitti</strong></span> <span class='ocrx_word' id='word_1_325' title='bbox 3049 1885 3213 1941; x_wconf 89' lang='lat' dir='ltr'><strong>quam</strong></span> <span class='ocrx_word' id='word_1_326' title='bbox 3243 1869 3388 1941; x_wconf 88' lang='lat' dir='ltr'><strong>ejici.</strong></span> <span class='ocrx_word' id='word_1_327' title='bbox 3437 1870 3572 1924; x_wconf 83' lang='lat' dir='ltr'><strong>Acta</strong></span> <span class='ocrx_word' id='word_1_328' title='bbox 3606 1878 3790 1925; x_wconf 90' lang='lat' dir='ltr'><strong>autem</strong></span> 
     </span>
    </p>
   </div>
   <div class='ocr_carea' id='block_1_47' title="bbox 2210 1962 3791 2035">
    <p class='ocr_par' dir='ltr' id='par_1_47' title="bbox 2210 1962 3791 2035">
     <span class='ocr_line' id='line_1_47' title="bbox 2210 1962 3791 2035; baseline -0.001 -18"><span class='ocrx_word' id='word_1_329' title='bbox 2210 1963 2373 2033; x_wconf 87' lang='lat' dir='ltr'><strong>hujus</strong></span> <span class='ocrx_word' id='word_1_330' title='bbox 2406 1963 2598 2035; x_wconf 81' lang='lat' dir='ltr'><strong>synodi</strong></span> <span class='ocrx_word' id='word_1_331' title='bbox 2644 1964 2874 2019; x_wconf 81' lang='lat' dir='ltr'><strong>rescissa</strong></span> <span class='ocrx_word' id='word_1_332' title='bbox 2906 1972 3033 2018; x_wconf 91' lang='lat' dir='ltr'><strong>sunt</strong></span> <span class='ocrx_word' id='word_1_333' title='bbox 3064 1963 3271 2026; x_wconf 90' lang='lat' dir='ltr'><strong>omnia,</strong></span> <span class='ocrx_word' id='word_1_334' title='bbox 3305 1962 3630 2017; x_wconf 86' lang='lat' dir='ltr'><strong>auctoritate</strong></span> <span class='ocrx_word' id='word_1_335' title='bbox 3662 1977 3791 2018; x_wconf 77' lang='lat' dir='ltr'><strong>cau-</strong></span> 
     </span>
    </p>
   </div>
   <div class='ocr_carea' id='block_1_48' title="bbox 2205 2053 3790 2125">
    <p class='ocr_par' dir='ltr' id='par_1_48' title="bbox 2205 2053 3790 2125">
     <span class='ocr_line' id='line_1_48' title="bbox 2205 2053 3790 2125; baseline -0.004 -11"><span class='ocrx_word' id='word_1_336' title='bbox 2205 2058 2317 2114; x_wconf 90' lang='lat' dir='ltr'><strong>cilii</strong></span> <span class='ocrx_word' id='word_1_337' title='bbox 2366 2056 2828 2113; x_wconf 88' lang='lat' dir='ltr'><strong>Chalcedonensis</strong></span> <span class='ocrx_word' id='word_1_338' title='bbox 2879 2073 2972 2111; x_wconf 89' lang='lat' dir='ltr'><strong>seu</strong></span> <span class='ocrx_word' id='word_1_339' title='bbox 3020 2055 3342 2111; x_wconf 73' lang='lat' dir='ltr'><strong>mcumenici</strong></span> <span class='ocrx_word' id='word_1_340' title='bbox 3386 2054 3585 2124; x_wconf 84' lang='lat' dir='ltr'><strong>quarti,</strong></span> <span class='ocrx_word' id='word_1_341' title='bbox 3643 2053 3790 2125; x_wconf 91' lang='lat' dir='ltr'><strong>quod</strong></span> 
     </span>
    </p>
   </div>
   <div class='ocr_carea' id='block_1_49' title="bbox 2207 2147 3793 2223">
    <p class='ocr_par' dir='ltr' id='par_1_49' title="bbox 2207 2147 3793 2223">
     <span class='ocr_line' id='line_1_49' title="bbox 2207 2147 3793 2223; baseline -0.001 -20"><span class='ocrx_word' id='word_1_342' title='bbox 2207 2152 2461 2221; x_wconf 88' lang='lat' dir='ltr'><strong>precibus</strong></span> <span class='ocrx_word' id='word_1_343' title='bbox 2501 2149 2616 2204; x_wconf 89' lang='lat' dir='ltr'><strong>suis</strong></span> <span class='ocrx_word' id='word_1_344' title='bbox 2669 2149 2737 2203; x_wconf 86' lang='lat' dir='ltr'><strong>ab</strong></span> <span class='ocrx_word' id='word_1_345' title='bbox 2788 2149 3117 2223; x_wconf 88' lang='lat' dir='ltr'><strong>imperatore</strong></span> <span class='ocrx_word' id='word_1_346' title='bbox 3164 2147 3440 2201; x_wconf 82' lang='lat' dir='ltr'><strong>Marciano</strong></span> <span class='ocrx_word' id='word_1_347' title='bbox 3481 2147 3793 2217; x_wconf 77' lang='lat' dir='ltr'><strong>impetravit</strong></span> 
     </span>
    </p>
   </div>
   <div class='ocr_carea' id='block_1_50' title="bbox 2204 2239 3793 2310">
    <p class='ocr_par' dir='ltr' id='par_1_50' title="bbox 2204 2239 3793 2310">
     <span class='ocr_line' id='line_1_50' title="bbox 2204 2239 3793 2310; baseline 0.001 -17"><span class='ocrx_word' id='word_1_348' title='bbox 2204 2240 2315 2296; x_wconf 87' lang='lat' dir='ltr'><strong>Leo</strong></span> <span class='ocrx_word' id='word_1_349' title='bbox 2364 2241 2435 2294; x_wconf 86' lang='lat' dir='ltr'><strong>M.</strong></span> <span class='ocrx_word' id='word_1_350' title='bbox 2486 2240 2856 2295; x_wconf 85' lang='lat' dir='ltr'><strong>Romanorum</strong></span> <span class='ocrx_word' id='word_1_351' title='bbox 2913 2240 3224 2310; x_wconf 87' lang='lat' dir='ltr'><strong>cpiscopus.</strong></span> <span class='ocrx_word' id='word_1_352' title='bbox 3287 2239 3633 2294; x_wconf 86' lang='lat' dir='ltr'><strong>Celebratum</strong></span> <span class='ocrx_word' id='word_1_353' title='bbox 3689 2239 3793 2294; x_wconf 90' lang='lat' dir='ltr'><strong>fuit</strong></span> 
     </span>
    </p>
   </div>
   <div class='ocr_carea' id='block_1_51' title="bbox 2205 2332 3791 2403">
    <p class='ocr_par' dir='ltr' id='par_1_51' title="bbox 2205 2332 3791 2403">
     <span class='ocr_line' id='line_1_51' title="bbox 2205 2332 3791 2403; baseline -0.003 -14"><span class='ocrx_word' id='word_1_354' title='bbox 2205 2335 2497 2390; x_wconf 89' lang='lat' dir='ltr'><strong>concilium</strong></span> <span class='ocrx_word' id='word_1_355' title='bbox 2533 2335 2661 2389; x_wconf 92' lang='lat' dir='ltr'><strong>illud</strong></span> <span class='ocrx_word' id='word_1_356' title='bbox 2697 2349 2825 2388; x_wconf 90' lang='lat' dir='ltr'><strong>ann.</strong></span> <span class='ocrx_word' id='word_1_357' title='bbox 2868 2332 2928 2388; x_wconf 91' lang='lat' dir='ltr'><strong>C.</strong></span> <span class='ocrx_word' id='word_1_358' title='bbox 2964 2333 3091 2397; x_wconf 70' lang='grc'><strong>451,</strong></span> <span class='ocrx_word' id='word_1_359' title='bbox 3127 2332 3411 2402; x_wconf 84' lang='lat' dir='ltr'><strong>praesidem</strong></span> <span class='ocrx_word' id='word_1_360' title='bbox 3459 2340 3653 2403; x_wconf 88' lang='lat' dir='ltr'><strong>agente</strong></span> <span class='ocrx_word' id='word_1_361' title='bbox 3696 2346 3791 2401; x_wconf 88' lang='lat' dir='ltr'><strong>per</strong></span> 
     </span>
    </p>
   </div>
   <div class='ocr_carea' id='block_1_52' title="bbox 2204 2423 3829 2498">
    <p class='ocr_par' dir='ltr' id='par_1_52' title="bbox 2204 2423 3829 2498">
     <span class='ocr_line' id='line_1_52' title="bbox 2204 2423 3829 2498; baseline -0.003 -16"><span class='ocrx_word' id='word_1_362' title='bbox 2204 2428 2448 2498; x_wconf 88' lang='lat' dir='ltr'><strong>quinque</strong></span> <span class='ocrx_word' id='word_1_363' title='bbox 2478 2427 2684 2497; x_wconf 80' lang='lat' dir='ltr'><strong>legatos</strong></span> <span class='ocrx_word' id='word_1_364' title='bbox 2715 2426 2898 2479; x_wconf 85' lang='lat' dir='ltr'><strong>Leone</strong></span> <span class='ocrx_word' id='word_1_365' title='bbox 2942 2424 3013 2478; x_wconf 82' lang='lat' dir='ltr'><strong>M.</strong></span> <span class='ocrx_word' id='word_1_366' title='bbox 3060 2424 3323 2479; x_wconf 63' lang='lat' dir='ltr'><strong>Prteclara</strong></span> <span class='ocrx_word' id='word_1_367' title='bbox 3366 2423 3538 2478; x_wconf 88' lang='lat' dir='ltr'><strong>multa</strong></span> <span class='ocrx_word' id='word_1_368' title='bbox 3570 2436 3791 2492; x_wconf 76' lang='lat' dir='ltr'><strong>perege~</strong></span> <span class='ocrx_word' id='word_1_369' title='bbox 3824 2434 3829 2439; x_wconf 88' lang='lat'><em>‘</em></span> 
     </span>
    </p>
   </div>
   <div class='ocr_carea' id='block_1_53' title="bbox 2204 2515 3791 2587">
    <p class='ocr_par' dir='ltr' id='par_1_53' title="bbox 2204 2515 3791 2587">
     <span class='ocr_line' id='line_1_53' title="bbox 2204 2515 3791 2587; baseline -0.003 -14"><span class='ocrx_word' id='word_1_370' title='bbox 2204 2529 2334 2574; x_wconf 89' lang='lat' dir='ltr'><strong>runt</strong></span> <span class='ocrx_word' id='word_1_371' title='bbox 2381 2519 2570 2575; x_wconf 86' lang='lat' dir='ltr'><strong>Patres</strong></span> <span class='ocrx_word' id='word_1_372' title='bbox 2623 2518 2969 2573; x_wconf 89' lang='lat' dir='ltr'><strong>Chalcedone</strong></span> <span class='ocrx_word' id='word_1_373' title='bbox 3022 2519 3356 2585; x_wconf 77' lang='lat' dir='ltr'><strong>congregati,</strong></span> <span class='ocrx_word' id='word_1_374' title='bbox 3403 2531 3636 2587; x_wconf 88' lang='lat' dir='ltr'><strong>quorum</strong></span> <span class='ocrx_word' id='word_1_375' title='bbox 3679 2515 3791 2570; x_wconf 88' lang='lat' dir='ltr'><strong>fre-</strong></span> 
     </span>
    </p>
   </div>
   <div class='ocr_carea' id='block_1_54' title="bbox 2205 2607 3787 2681">
    <p class='ocr_par' dir='ltr' id='par_1_54' title="bbox 2205 2607 3787 2681">
     <span class='ocr_line' id='line_1_54' title="bbox 2205 2607 3787 2681; baseline 0 -17"><span class='ocrx_word' id='word_1_376' title='bbox 2205 2610 2426 2681; x_wconf 87' lang='lat' dir='ltr'><strong>quentia</strong></span> <span class='ocrx_word' id='word_1_377' title='bbox 2474 2610 2742 2679; x_wconf 80' lang='lat' dir='ltr'><strong>insignem</strong></span> <span class='ocrx_word' id='word_1_378' title='bbox 2798 2609 3030 2663; x_wconf 86' lang='lat' dir='ltr'><strong>concilio</strong></span> <span class='ocrx_word' id='word_1_379' title='bbox 3084 2609 3158 2662; x_wconf 93' lang='lat' dir='ltr'><strong>illi</strong></span> <span class='ocrx_word' id='word_1_380' title='bbox 3216 2607 3366 2663; x_wconf 86' lang='lat' dir='ltr'><strong>dedit</strong></span> <span class='ocrx_word' id='word_1_381' title='bbox 3419 2608 3787 2677; x_wconf 86' lang='lat' dir='ltr'><strong>splendorem.</strong></span> 
     </span>
    </p>
   </div>
   <div class='ocr_carea' id='block_1_55' title="bbox 2200 2699 3793 2769">
    <p class='ocr_par' dir='ltr' id='par_1_55' title="bbox 2200 2699 3793 2769">
     <span class='ocr_line' id='line_1_55' title="bbox 2200 2699 3793 2769; baseline -0.003 -13"><span class='ocrx_word' id='word_1_382' title='bbox 2200 2701 2313 2756; x_wconf 88' lang='lat' dir='ltr'><strong>Nos</strong></span> <span class='ocrx_word' id='word_1_383' title='bbox 2345 2712 2522 2755; x_wconf 88' lang='lat' dir='ltr'><strong>autem</strong></span> <span class='ocrx_word' id='word_1_384' title='bbox 2552 2702 2735 2757; x_wconf 90' lang='lat' dir='ltr'><strong>missis</strong></span> <span class='ocrx_word' id='word_1_385' title='bbox 2758 2700 3006 2769; x_wconf 90' lang='lat' dir='ltr'><strong>reliquis,</strong></span> <span class='ocrx_word' id='word_1_386' title='bbox 3034 2700 3141 2753; x_wconf 89' lang='lat' dir='ltr'><strong>illis</strong></span> <span class='ocrx_word' id='word_1_387' title='bbox 3175 2710 3381 2753; x_wconf 90' lang='lat' dir='ltr'><strong>tantum</strong></span> <span class='ocrx_word' id='word_1_388' title='bbox 3408 2716 3531 2769; x_wconf 72' lang='lat' dir='ltr'><strong>qua:</strong></span> <span class='ocrx_word' id='word_1_389' title='bbox 3559 2699 3625 2753; x_wconf 88' lang='lat' dir='ltr'><strong>ad</strong></span> <span class='ocrx_word' id='word_1_390' title='bbox 3655 2699 3793 2753; x_wconf 87' lang='lat' dir='ltr'><strong>scri-</strong></span> 
     </span>
    </p>
   </div>
   <div class='ocr_carea' id='block_1_56' title="bbox 2206 2786 3789 2862">
    <p class='ocr_par' dir='ltr' id='par_1_56' title="bbox 2206 2786 3789 2862">
     <span class='ocr_line' id='line_1_56' title="bbox 2206 2786 3789 2862; baseline -0.002 -17"><span class='ocrx_word' id='word_1_391' title='bbox 2206 2803 2416 2862; x_wconf 90' lang='lat' dir='ltr'><strong>ptorem</strong></span> <span class='ocrx_word' id='word_1_392' title='bbox 2451 2802 2700 2846; x_wconf 79' lang='lat' dir='ltr'><strong>nostrum</strong></span> <span class='ocrx_word' id='word_1_393' title='bbox 2738 2799 3008 2861; x_wconf 90' lang='lat' dir='ltr'><strong>spectant,</strong></span> <span class='ocrx_word' id='word_1_394' title='bbox 3045 2787 3480 2843; x_wconf 91' lang='lat' dir='ltr'><strong>immorabimur.</strong></span> <span class='ocrx_word' id='word_1_395' title='bbox 3514 2786 3669 2854; x_wconf 90' lang='lat' dir='ltr'><strong>Sunt,</strong></span> <span class='ocrx_word' id='word_1_396' title='bbox 3696 2788 3789 2859; x_wconf 90' lang='lat' dir='ltr'><strong>qui</strong></span> 
     </span>
    </p>
   </div>
   <div class='ocr_carea' id='block_1_57' title="bbox 2207 2880 3790 2953">
    <p class='ocr_par' dir='ltr' id='par_1_57' title="bbox 2207 2880 3790 2953">
     <span class='ocr_line' id='line_1_57' title="bbox 2207 2880 3790 2953; baseline 0.001 -20"><span class='ocrx_word' id='word_1_397' title='bbox 2207 2894 2418 2953; x_wconf 78' lang='lat' dir='ltr'><strong>putant,</strong></span> <span class='ocrx_word' id='word_1_398' title='bbox 2470 2882 2875 2938; x_wconf 85' lang='lat' dir='ltr'><strong>Thcodoretum</strong></span> <span class='ocrx_word' id='word_1_399' title='bbox 2912 2880 3128 2936; x_wconf 92' lang='lat' dir='ltr'><strong>nonnisi</strong></span> <span class='ocrx_word' id='word_1_400' title='bbox 3180 2889 3369 2934; x_wconf 89' lang='lat' dir='ltr'><strong>octava</strong></span> <span class='ocrx_word' id='word_1_401' title='bbox 3404 2880 3683 2947; x_wconf 84' lang='lat' dir='ltr'><strong>sessione,</strong></span> <span class='ocrx_word' id='word_1_402' title='bbox 3735 2880 3790 2935; x_wconf 92' lang='lat' dir='ltr'><strong>in</strong></span> 
     </span>
    </p>
   </div>
   <div class='ocr_carea' id='block_1_58' title="bbox 2207 2972 3792 3048">
    <p class='ocr_par' dir='ltr' id='par_1_58' title="bbox 2207 2972 3792 3048">
     <span class='ocr_line' id='line_1_58' title="bbox 2207 2972 3792 3048; baseline -0.001 -19"><span class='ocrx_word' id='word_1_403' title='bbox 2207 2994 2311 3046; x_wconf 87' lang='lat' dir='ltr'><strong>qua</strong></span> <span class='ocrx_word' id='word_1_404' title='bbox 2338 2988 2531 3048; x_wconf 64' lang='lat' dir='ltr'><strong>printer</strong></span> <span class='ocrx_word' id='word_1_405' title='bbox 2556 2991 2779 3031; x_wconf 85' lang='lat' dir='ltr'><strong>causam</strong></span> <span class='ocrx_word' id='word_1_406' title='bbox 2810 2974 2929 3045; x_wconf 84' lang='lat' dir='ltr'><strong>ejus</strong></span> <span class='ocrx_word' id='word_1_407' title='bbox 2956 2972 3070 3029; x_wconf 87' lang='lat' dir='ltr'><strong>fere</strong></span> <span class='ocrx_word' id='word_1_408' title='bbox 3106 2973 3240 3028; x_wconf 91' lang='lat' dir='ltr'><strong>nihil</strong></span> <span class='ocrx_word' id='word_1_409' title='bbox 3264 2973 3591 3044; x_wconf 85' lang='lat' dir='ltr'><strong>agitabatur,</strong></span> <span class='ocrx_word' id='word_1_410' title='bbox 3622 2972 3792 3028; x_wconf 88' lang='lat' dir='ltr'><strong>fuisse</strong></span> 
     </span>
    </p>
   </div>
   <div class='ocr_carea' id='block_1_59' title="bbox 510 3063 3791 3151">
    <p class='ocr_par' dir='ltr' id='par_1_59' title="bbox 510 3063 3791 3151">
     <span class='ocr_line' id='line_1_59' title="bbox 510 3063 3791 3151; baseline 0.001 -34"><span class='ocrx_word' id='word_1_411' title='bbox 510 3065 825 3133; x_wconf 86' lang='lat' dir='ltr'><strong>episcopum</strong></span> <span class='ocrx_word' id='word_1_412' title='bbox 861 3064 1052 3117; x_wconf 91' lang='lat' dir='ltr'><strong>litteris</strong></span> <span class='ocrx_word' id='word_1_413' title='bbox 1082 3065 1261 3133; x_wconf 85' lang='lat' dir='ltr'><strong>(epist.</strong></span> <span class='ocrx_word' id='word_1_414' title='bbox 1291 3064 1380 3126; x_wconf 89' lang='lat'><strong>78,</strong></span> <span class='ocrx_word' id='word_1_415' title='bbox 1410 3063 1497 3129; x_wconf 91' lang='lat'><strong>80,</strong></span> <span class='ocrx_word' id='word_1_416' title='bbox 1527 3064 1639 3128; x_wconf 70' lang='lat'><strong>82),</strong></span> <span class='ocrx_word' id='word_1_417' title='bbox 1677 3073 1731 3121; x_wconf 90' lang='lat' dir='ltr'><strong>et</strong></span> <span class='ocrx_word' id='word_1_418' title='bbox 1763 3064 1887 3135; x_wconf 86' lang='lat' dir='ltr'><strong>jure</strong></span> <span class='ocrx_word' id='word_1_419' title='bbox 1918 3066 1983 3120; x_wconf 87' lang='lat' dir='ltr'><strong>de</strong></span> <span class='ocrx_word' id='word_1_420' title='bbox 2018 3076 2103 3121; x_wconf 91' lang='lat' dir='ltr'><strong>tu-</strong></span> <span class='ocrx_word' id='word_1_421' title='bbox 2130 3091 2174 3151; x_wconf 68' lang='grc' dir='ltr'>α</span> <span class='ocrx_word' id='word_1_422' title='bbox 2210 3072 2532 3127; x_wconf 88' lang='lat' dir='ltr'><strong>admissum.</strong></span> <span class='ocrx_word' id='word_1_423' title='bbox 2575 3067 2867 3125; x_wconf 74' lang='lat' dir='ltr'><strong>Facundos</strong></span> <span class='ocrx_word' id='word_1_424' title='bbox 2900 3081 3103 3134; x_wconf 89' lang='lat' dir='ltr'><strong>autem,</strong></span> <span class='ocrx_word' id='word_1_425' title='bbox 3152 3084 3313 3139; x_wconf 90' lang='lat' dir='ltr'><strong>quem</strong></span> <span class='ocrx_word' id='word_1_426' title='bbox 3345 3068 3437 3122; x_wconf 90' lang='lat' dir='ltr'><strong>alii</strong></span> <span class='ocrx_word' id='word_1_427' title='bbox 3467 3076 3791 3137; x_wconf 86' lang='lat' dir='ltr'><strong>sequuntur,</strong></span> 
     </span>
    </p>
   </div>
   <div class='ocr_carea' id='block_1_60' title="bbox 514 3154 2101 3227">
    <p class='ocr_par' dir='ltr' id='par_1_60' title="bbox 514 3154 2101 3227">
     <span class='ocr_line' id='line_1_60' title="bbox 514 3154 2101 3227; baseline 0.003 -21"><span class='ocrx_word' id='word_1_428' title='bbox 514 3154 810 3208; x_wconf 89' lang='lat' dir='ltr'><strong>multuario</strong></span> <span class='ocrx_word' id='word_1_429' title='bbox 839 3155 940 3209; x_wconf 90' lang='lat' dir='ltr'><strong>hoc</strong></span> <span class='ocrx_word' id='word_1_430' title='bbox 963 3155 1171 3225; x_wconf 85' lang='lat' dir='ltr'><strong>judicio</strong></span> <span class='ocrx_word' id='word_1_431' title='bbox 1199 3170 1262 3210; x_wconf 89' lang='lat' dir='ltr'><strong>ac</strong></span> <span class='ocrx_word' id='word_1_432' title='bbox 1295 3154 1490 3225; x_wconf 87' lang='lat' dir='ltr'><strong>injuria</strong></span> <span class='ocrx_word' id='word_1_433' title='bbox 1520 3155 1626 3211; x_wconf 90' lang='lat' dir='ltr'><strong>sibi</strong></span> <span class='ocrx_word' id='word_1_434' title='bbox 1661 3154 1806 3210; x_wconf 89' lang='lat' dir='ltr'><strong>facta</strong></span> <span class='ocrx_word' id='word_1_435' title='bbox 1834 3158 2101 3227; x_wconf 89' lang='lat' dir='ltr'><strong>queritur.</strong></span> 
     </span>
    </p>
   </div>
   <div class='ocr_carea' id='block_1_61' title="bbox 514 3244 2104 3317">
    <p class='ocr_par' dir='ltr' id='par_1_61' title="bbox 514 3244 2104 3317">
     <span class='ocr_line' id='line_1_61' title="bbox 514 3244 2104 3317; baseline 0.004 -18"><span class='ocrx_word' id='word_1_436' title='bbox 514 3244 712 3300; x_wconf 89' lang='lat' dir='ltr'><strong>Nolatn</strong></span> <span class='ocrx_word' id='word_1_437' title='bbox 748 3247 801 3298; x_wconf 94' lang='lat' dir='ltr'><strong>in</strong></span> <span class='ocrx_word' id='word_1_438' title='bbox 831 3247 1023 3316; x_wconf 88' lang='lat' dir='ltr'><strong>primis</strong></span> <span class='ocrx_word' id='word_1_439' title='bbox 1054 3245 1215 3317; x_wconf 86' lang='lat' dir='ltr'><strong>digna</strong></span> <span class='ocrx_word' id='word_1_440' title='bbox 1248 3257 1301 3301; x_wconf 91' lang='lat' dir='ltr'><strong>et</strong></span> <span class='ocrx_word' id='word_1_441' title='bbox 1331 3248 1664 3302; x_wconf 66' lang='lat' dir='ltr'><strong>illustrandae</strong></span> <span class='ocrx_word' id='word_1_442' title='bbox 1715 3248 1953 3304; x_wconf 69' lang='lat' dir='ltr'><strong>historiae</strong></span> <span class='ocrx_word' id='word_1_443' title='bbox 1982 3261 2104 3315; x_wconf 89' lang='lat' dir='ltr'><strong>apta</strong></span> 
     </span>
    </p>
   </div>
   <div class='ocr_carea' id='block_1_62' title="bbox 512 3339 2105 3413">
    <p class='ocr_par' dir='ltr' id='par_1_62' title="bbox 512 3339 2105 3413">
     <span class='ocr_line' id='line_1_62' title="bbox 512 3339 2105 3413; baseline 0.002 -19"><span class='ocrx_word' id='word_1_444' title='bbox 512 3347 644 3394; x_wconf 88' lang='lat' dir='ltr'><strong>sunt</strong></span> <span class='ocrx_word' id='word_1_445' title='bbox 685 3339 845 3393; x_wconf 89' lang='lat' dir='ltr'><strong>verba</strong></span> <span class='ocrx_word' id='word_1_446' title='bbox 882 3340 984 3394; x_wconf 89' lang='lat' dir='ltr'><strong>ista</strong></span> <span class='ocrx_word' id='word_1_447' title='bbox 1017 3356 1078 3393; x_wconf 85' lang='lat' dir='ltr'><strong>ex</strong></span> <span class='ocrx_word' id='word_1_448' title='bbox 1107 3341 1337 3410; x_wconf 83' lang='lat' dir='ltr'><strong>epistola</strong></span> <span class='ocrx_word' id='word_1_449' title='bbox 1366 3342 1433 3396; x_wconf 89' lang='lat' dir='ltr'><strong>ad</strong></span> <span class='ocrx_word' id='word_1_450' title='bbox 1465 3342 1840 3396; x_wconf 86' lang='lat' dir='ltr'><strong>Eutrechium.</strong></span> <span class='ocrx_word' id='word_1_451' title='bbox 1904 3360 1923 3393; x_wconf 76' lang='grc' dir='ltr'><strong>ι</strong></span> <span class='ocrx_word' id='word_1_452' title='bbox 1954 3341 2105 3413; x_wconf 91' lang='lat' dir='ltr'><strong>lnju-</strong></span> 
     </span>
    </p>
   </div>
   <div class='ocr_carea' id='block_1_63' title="bbox 512 3430 2106 3505">
    <p class='ocr_par' dir='ltr' id='par_1_63' title="bbox 512 3430 2106 3505">
     <span class='ocr_line' id='line_1_63' title="bbox 512 3430 2106 3505; baseline 0.003 -20"><span class='ocrx_word' id='word_1_453' title='bbox 512 3430 619 3496; x_wconf 76' lang='lat' dir='ltr'><strong>ria,</strong></span> <span class='ocrx_word' id='word_1_454' title='bbox 651 3431 848 3501; x_wconf 88' lang='lat' dir='ltr'><strong>inquit,</strong></span> <span class='ocrx_word' id='word_1_455' title='bbox 884 3432 1073 3501; x_wconf 91' lang='lat' dir='ltr'><strong>procul</strong></span> <span class='ocrx_word' id='word_1_456' title='bbox 1108 3432 1275 3487; x_wconf 90' lang='lat' dir='ltr'><strong>dubio</strong></span> <span class='ocrx_word' id='word_1_457' title='bbox 1315 3449 1401 3488; x_wconf 92' lang='lat' dir='ltr'><strong>me</strong></span> <span class='ocrx_word' id='word_1_458' title='bbox 1430 3434 1748 3499; x_wconf 76' lang='lat' dir='ltr'><strong>affecerunt,</strong></span> <span class='ocrx_word' id='word_1_459' title='bbox 1794 3435 1886 3505; x_wconf 91' lang='lat' dir='ltr'><strong>qui</strong></span> <span class='ocrx_word' id='word_1_460' title='bbox 1915 3436 2106 3490; x_wconf 88' lang='lat' dir='ltr'><strong>ambas</strong></span> 
     </span>
    </p>
   </div>
   <div class='ocr_carea' id='block_1_64' title="bbox 516 3523 2105 3594">
    <p class='ocr_par' dir='ltr' id='par_1_64' title="bbox 516 3523 2105 3594">
     <span class='ocr_line' id='line_1_64' title="bbox 516 3523 2105 3594; baseline 0.004 -17"><span class='ocrx_word' id='word_1_461' title='bbox 516 3538 677 3579; x_wconf 88' lang='lat' dir='ltr'><strong>aures</strong></span> <span class='ocrx_word' id='word_1_462' title='bbox 708 3523 1200 3581; x_wconf 90' lang='lat' dir='ltr'><strong>calumniatoribus</strong></span> <span class='ocrx_word' id='word_1_463' title='bbox 1242 3525 1527 3594; x_wconf 86' lang='lat' dir='ltr'><strong>dederunt,</strong></span> <span class='ocrx_word' id='word_1_464' title='bbox 1557 3542 1656 3582; x_wconf 92' lang='lat' dir='ltr'><strong>nec</strong></span> <span class='ocrx_word' id='word_1_465' title='bbox 1683 3528 1909 3583; x_wconf 90' lang='lat' dir='ltr'><strong>alteram</strong></span> <span class='ocrx_word' id='word_1_466' title='bbox 1946 3529 2105 3583; x_wconf 91' lang='lat' dir='ltr'><strong>nobis</strong></span> 
     </span>
    </p>
   </div>
   <div class='ocr_carea' id='block_1_65' title="bbox 516 3615 2103 3677">
    <p class='ocr_par' dir='ltr' id='par_1_65' title="bbox 516 3615 2103 3677">
     <span class='ocr_line' id='line_1_65' title="bbox 516 3615 2103 3677; baseline 0.004 -6"><span class='ocrx_word' id='word_1_467' title='bbox 516 3625 823 3673; x_wconf 87' lang='lat' dir='ltr'><strong>servarunt.</strong></span> <span class='ocrx_word' id='word_1_468' title='bbox 854 3615 989 3672; x_wconf 88' lang='lat' dir='ltr'><strong>Nam</strong></span> <span class='ocrx_word' id='word_1_469' title='bbox 1018 3627 1068 3672; x_wconf 90' lang='lat' dir='ltr'><strong>ct</strong></span> <span class='ocrx_word' id='word_1_470' title='bbox 1095 3618 1382 3674; x_wconf 90' lang='lat' dir='ltr'><strong>homicidis</strong></span> <span class='ocrx_word' id='word_1_471' title='bbox 1404 3634 1468 3673; x_wconf 90' lang='lat' dir='ltr'><strong>ac</strong></span> <span class='ocrx_word' id='word_1_472' title='bbox 1490 3618 1749 3674; x_wconf 85' lang='lat' dir='ltr'><strong>adulteris</strong></span> <span class='ocrx_word' id='word_1_473' title='bbox 1769 3621 2103 3677; x_wconf 88' lang='lat' dir='ltr'><strong>defensionis</strong></span> 
     </span>
    </p>
   </div>
   <div class='ocr_carea' id='block_1_66' title="bbox 515 3707 2102 3779">
    <p class='ocr_par' dir='ltr' id='par_1_66' title="bbox 515 3707 2102 3779">
     <span class='ocr_line' id='line_1_66' title="bbox 515 3707 2102 3779; baseline 0.004 -18"><span class='ocrx_word' id='word_1_474' title='bbox 515 3707 668 3763; x_wconf 90' lang='lat' dir='ltr'><strong>locus</strong></span> <span class='ocrx_word' id='word_1_475' title='bbox 695 3709 1011 3763; x_wconf 89' lang='lat' dir='ltr'><strong>conceditur</strong></span> <span class='ocrx_word' id='word_1_476' title='bbox 1049 3727 1063 3762; x_wconf 87' lang='lat'><strong>:</strong></span> <span class='ocrx_word' id='word_1_477' title='bbox 1099 3723 1199 3763; x_wconf 91' lang='lat' dir='ltr'><strong>nec</strong></span> <span class='ocrx_word' id='word_1_478' title='bbox 1246 3710 1394 3779; x_wconf 89' lang='lat' dir='ltr'><strong>prius</strong></span> <span class='ocrx_word' id='word_1_479' title='bbox 1437 3710 1705 3764; x_wconf 88' lang='lat' dir='ltr'><strong>sententia</strong></span> <span class='ocrx_word' id='word_1_480' title='bbox 1749 3723 1939 3767; x_wconf 89' lang='lat' dir='ltr'><strong>contra</strong></span> <span class='ocrx_word' id='word_1_481' title='bbox 1982 3712 2102 3767; x_wconf 89' lang='lat' dir='ltr'><strong>illos</strong></span> 
     </span>
    </p>
   </div>
   <div class='ocr_carea' id='block_1_67' title="bbox 517 3799 2101 3869">
    <p class='ocr_par' dir='ltr' id='par_1_67' title="bbox 517 3799 2101 3869">
     <span class='ocr_line' id='line_1_67' title="bbox 517 3799 2101 3869; baseline -0.001 -15"><span class='ocrx_word' id='word_1_482' title='bbox 517 3799 740 3867; x_wconf 90' lang='lat' dir='ltr'><strong>dicitur,</strong></span> <span class='ocrx_word' id='word_1_483' title='bbox 772 3815 935 3869; x_wconf 90' lang='lat' dir='ltr'><strong>quam</strong></span> <span class='ocrx_word' id='word_1_484' title='bbox 981 3809 1276 3869; x_wconf 69' lang='lat' dir='ltr'><strong>prmsentcs</strong></span> <span class='ocrx_word' id='word_1_485' title='bbox 1307 3800 1542 3855; x_wconf 81' lang='lat' dir='ltr'><strong>convicti</strong></span> <span class='ocrx_word' id='word_1_486' title='bbox 1588 3800 1809 3867; x_wconf 91' lang='lat' dir='ltr'><strong>fuerint,</strong></span> <span class='ocrx_word' id='word_1_487' title='bbox 1850 3802 1935 3855; x_wconf 87' lang='lat' dir='ltr'><strong>vel</strong></span> <span class='ocrx_word' id='word_1_488' title='bbox 1967 3816 2101 3855; x_wconf 87' lang='lat' dir='ltr'><strong>con-</strong></span> 
     </span>
    </p>
   </div>
   <div class='ocr_carea' id='block_1_68' title="bbox 518 3891 2101 3966">
    <p class='ocr_par' dir='ltr' id='par_1_68' title="bbox 518 3891 2101 3966">
     <span class='ocr_line' id='line_1_68' title="bbox 518 3891 2101 3966; baseline 0.003 -20"><span class='ocrx_word' id='word_1_489' title='bbox 518 3892 671 3960; x_wconf 88' lang='lat' dir='ltr'><strong>fessi,</strong></span> <span class='ocrx_word' id='word_1_490' title='bbox 715 3909 899 3948; x_wconf 89' lang='lat' dir='ltr'><strong>veram</strong></span> <span class='ocrx_word' id='word_1_491' title='bbox 947 3891 1060 3965; x_wconf 77' lang='grc'><strong>[25]</strong></span> <span class='ocrx_word' id='word_1_492' title='bbox 1102 3908 1222 3948; x_wconf 89' lang='lat' dir='ltr'><strong>esse</strong></span> <span class='ocrx_word' id='word_1_493' title='bbox 1266 3894 1695 3949; x_wconf 87' lang='lat' dir='ltr'><strong>accusationem.</strong></span> <span class='ocrx_word' id='word_1_494' title='bbox 1742 3895 1812 3950; x_wconf 91' lang='lat' dir='ltr'><strong>At</strong></span> <span class='ocrx_word' id='word_1_495' title='bbox 1860 3895 2101 3966; x_wconf 84' lang='lat' dir='ltr'><strong>pontifex</strong></span> 
     </span>
    </p>
   </div>
   <div class='ocr_carea' id='block_1_69' title="bbox 516 3982 2100 4057">
    <p class='ocr_par' dir='ltr' id='par_1_69' title="bbox 516 3982 2100 4057">
     <span class='ocr_line' id='line_1_69' title="bbox 516 3982 2100 4057; baseline 0.003 -20"><span class='ocrx_word' id='word_1_496' title='bbox 516 3984 807 4039; x_wconf 73' lang='lat' dir='ltr'><strong>calumnia:</strong></span> <span class='ocrx_word' id='word_1_497' title='bbox 843 3984 1020 4038; x_wconf 88' lang='lat' dir='ltr'><strong>factus</strong></span> <span class='ocrx_word' id='word_1_498' title='bbox 1049 3992 1133 4039; x_wconf 88' lang='lat' dir='ltr'><strong>est</strong></span> <span class='ocrx_word' id='word_1_499' title='bbox 1164 3982 1486 4049; x_wconf 90' lang='lat' dir='ltr'><strong>ludibrium,</strong></span> <span class='ocrx_word' id='word_1_500' title='bbox 1515 4000 1583 4039; x_wconf 89' lang='lat' dir='ltr'><strong>ne</strong></span> <span class='ocrx_word' id='word_1_501' title='bbox 1618 3983 1669 4038; x_wconf 89' lang='lat' dir='ltr'><strong>id</strong></span> <span class='ocrx_word' id='word_1_502' title='bbox 1703 3985 1923 4055; x_wconf 82' lang='lat' dir='ltr'><strong>quidem</strong></span> <span class='ocrx_word' id='word_1_503' title='bbox 1952 3985 2100 4057; x_wconf 89' lang='lat' dir='ltr'><strong>quod</strong></span> 
     </span>
    </p>
   </div>
   <div class='ocr_carea' id='block_1_70' title="bbox 517 4072 2101 4143">
    <p class='ocr_par' dir='ltr' id='par_1_70' title="bbox 517 4072 2101 4143">
     <span class='ocr_line' id='line_1_70' title="bbox 517 4072 2101 4143; baseline 0.003 -16"><span class='ocrx_word' id='word_1_504' title='bbox 517 4074 891 4143; x_wconf 85' lang='lat' dir='ltr'><strong>sepulcrorum</strong></span> <span class='ocrx_word' id='word_1_505' title='bbox 925 4072 1241 4129; x_wconf 79' lang='lat' dir='ltr'><strong>eﬂ‘ractores</strong></span> <span class='ocrx_word' id='word_1_506' title='bbox 1288 4074 1487 4140; x_wconf 90' lang='lat' dir='ltr'><strong>solent,</strong></span> <span class='ocrx_word' id='word_1_507' title='bbox 1525 4085 1877 4141; x_wconf 88' lang='lat' dir='ltr'><strong>consecutus,</strong></span> <span class='ocrx_word' id='word_1_508' title='bbox 1923 4087 1983 4131; x_wconf 92' lang='lat' dir='ltr'><strong>ut</strong></span> <span class='ocrx_word' id='word_1_509' title='bbox 2020 4078 2101 4131; x_wconf 90' lang='lat' dir='ltr'><strong>in-</strong></span> 
     </span>
    </p>
   </div>
   <div class='ocr_carea' id='block_1_71' title="bbox 516 4166 2092 4238">
    <p class='ocr_par' dir='ltr' id='par_1_71' title="bbox 516 4166 2092 4238">
     <span class='ocr_line' id='line_1_71' title="bbox 516 4166 2092 4238; baseline 0.001 -18"><span class='ocrx_word' id='word_1_510' title='bbox 516 4175 909 4238; x_wconf 85' lang='lat' dir='ltr'><strong>terrogaretur,</strong></span> <span class='ocrx_word' id='word_1_511' title='bbox 943 4182 1009 4220; x_wconf 92' lang='lat' dir='ltr'><strong>an</strong></span> <span class='ocrx_word' id='word_1_512' title='bbox 1040 4183 1168 4221; x_wconf 82' lang='lat' dir='ltr'><strong>vera</strong></span> <span class='ocrx_word' id='word_1_513' title='bbox 1193 4167 1324 4231; x_wconf 86' lang='lat' dir='ltr'><strong>sint,</strong></span> <span class='ocrx_word' id='word_1_514' title='bbox 1358 4166 1425 4220; x_wconf 90' lang='lat' dir='ltr'><strong>de</strong></span> <span class='ocrx_word' id='word_1_515' title='bbox 1454 4166 1656 4237; x_wconf 89' lang='lat' dir='ltr'><strong>quibus</strong></span> <span class='ocrx_word' id='word_1_516' title='bbox 1678 4168 2045 4223; x_wconf 85' lang='lat' dir='ltr'><strong>insimulatur.</strong></span> <span class='ocrx_word' id='word_1_517' title='bbox 2073 4188 2092 4222; x_wconf 76' lang='grc' dir='ltr'><strong>ι</strong></span> 
     </span>
    </p>
   </div>
   <div class='ocr_carea' id='block_1_72' title="bbox 517 4257 2099 4332">
    <p class='ocr_par' dir='ltr' id='par_1_72' title="bbox 517 4257 2099 4332">
     <span class='ocr_line' id='line_1_72' title="bbox 517 4257 2099 4332; baseline 0.004 -21"><span class='ocrx_word' id='word_1_518' title='bbox 517 4257 667 4312; x_wconf 84' lang='lat' dir='ltr'><strong>lianc</strong></span> <span class='ocrx_word' id='word_1_519' title='bbox 698 4274 888 4327; x_wconf 90' lang='lat' dir='ltr'><strong>parum</strong></span> <span class='ocrx_word' id='word_1_520' title='bbox 914 4274 1125 4327; x_wconf 60' lang='lat' dir='ltr'><strong>a‘quam</strong></span> <span class='ocrx_word' id='word_1_521' title='bbox 1157 4257 1351 4327; x_wconf 83' lang='lat' dir='ltr'><strong>agendi</strong></span> <span class='ocrx_word' id='word_1_522' title='bbox 1384 4258 1650 4313; x_wconf 89' lang='lat' dir='ltr'><strong>rationem</strong></span> <span class='ocrx_word' id='word_1_523' title='bbox 1681 4259 1854 4315; x_wconf 90' lang='lat' dir='ltr'><strong>tenuit</strong></span> <span class='ocrx_word' id='word_1_524' title='bbox 1881 4276 2099 4332; x_wconf 87' lang='lat' dir='ltr'><strong>quoque</strong></span> 
     </span>
    </p>
   </div>
   <div class='ocr_carea' id='block_1_73' title="bbox 518 4347 2097 4424">
    <p class='ocr_par' dir='ltr' id='par_1_73' title="bbox 518 4347 2097 4424">
     <span class='ocr_line' id='line_1_73' title="bbox 518 4347 2097 4424; baseline 0.005 -23"><span class='ocrx_word' id='word_1_525' title='bbox 518 4347 834 4403; x_wconf 83' lang='lat' dir='ltr'><strong>Dioscorus.</strong></span> <span class='ocrx_word' id='word_1_526' title='bbox 886 4349 1023 4404; x_wconf 93' lang='lat' dir='ltr'><strong>Cum</strong></span> <span class='ocrx_word' id='word_1_527' title='bbox 1059 4351 1203 4404; x_wconf 91' lang='lat' dir='ltr'><strong>enim</strong></span> <span class='ocrx_word' id='word_1_528' title='bbox 1252 4347 1661 4404; x_wconf 86' lang='lat' dir='ltr'><strong>Theodorelum</strong></span> <span class='ocrx_word' id='word_1_529' title='bbox 1710 4350 1811 4407; x_wconf 91' lang='lat' dir='ltr'><strong>hoc</strong></span> <span class='ocrx_word' id='word_1_530' title='bbox 1855 4362 2097 4424; x_wconf 89' lang='lat' dir='ltr'><strong>tempore</strong></span> 
     </span>
    </p>
   </div>
   <div class='ocr_carea' id='block_1_74' title="bbox 2210 3159 3791 3231">
    <p class='ocr_par' dir='ltr' id='par_1_74' title="bbox 2210 3159 3791 3231">
     <span class='ocr_line' id='line_1_74' title="bbox 2210 3159 3791 3231; baseline -0.004 -11"><span class='ocrx_word' id='word_1_531' title='bbox 2210 3182 2274 3220; x_wconf 81' lang='lat' dir='ltr'><strong>ex</strong></span> <span class='ocrx_word' id='word_1_532' title='bbox 2313 3165 2462 3221; x_wconf 85' lang='lat' dir='ltr'><strong>Actis</strong></span> <span class='ocrx_word' id='word_1_533' title='bbox 2491 3164 2705 3221; x_wconf 78' lang='lat' dir='ltr'><strong>concilii</strong></span> <span class='ocrx_word' id='word_1_534' title='bbox 2744 3164 2979 3218; x_wconf 87' lang='lat' dir='ltr'><strong>evictum</strong></span> <span class='ocrx_word' id='word_1_535' title='bbox 3012 3161 3179 3228; x_wconf 87' lang='lat' dir='ltr'><strong>dedit,</strong></span> <span class='ocrx_word' id='word_1_536' title='bbox 3224 3177 3348 3217; x_wconf 92' lang='lat' dir='ltr'><strong>eum</strong></span> <span class='ocrx_word' id='word_1_537' title='bbox 3385 3177 3415 3214; x_wconf 92' lang='lat' dir='ltr'><strong>a</strong></span> <span class='ocrx_word' id='word_1_538' title='bbox 3450 3160 3628 3231; x_wconf 88' lang='lat' dir='ltr'><strong>primo</strong></span> <span class='ocrx_word' id='word_1_539' title='bbox 3669 3159 3791 3214; x_wconf 87' lang='lat' dir='ltr'><strong>inde</strong></span> 
     </span>
    </p>
   </div>
   <div class='ocr_carea' id='block_1_75' title="bbox 2211 3250 3789 3327">
    <p class='ocr_par' dir='ltr' id='par_1_75' title="bbox 2211 3250 3789 3327">
     <span class='ocr_line' id='line_1_75' title="bbox 2211 3250 3789 3327; baseline -0.004 -16"><span class='ocrx_word' id='word_1_540' title='bbox 2211 3257 2369 3311; x_wconf 92' lang='lat' dir='ltr'><strong>initio</strong></span> <span class='ocrx_word' id='word_1_541' title='bbox 2392 3254 2711 3311; x_wconf 88' lang='lat' dir='ltr'><strong>interfuisse</strong></span> <span class='ocrx_word' id='word_1_542' title='bbox 2742 3255 2971 3327; x_wconf 76' lang='lat' dir='ltr'><strong>synodo,</strong></span> <span class='ocrx_word' id='word_1_543' title='bbox 3005 3252 3207 3308; x_wconf 86' lang='lat' dir='ltr'><strong>frustra</strong></span> <span class='ocrx_word' id='word_1_544' title='bbox 3241 3252 3598 3307; x_wconf 88' lang='lat' dir='ltr'><strong>renitentibus</strong></span> <span class='ocrx_word' id='word_1_545' title='bbox 3629 3250 3789 3322; x_wconf 61' lang='lat' dir='ltr'><strong>IEgyo</strong></span> 
     </span>
    </p>
   </div>
   <div class='ocr_carea' id='block_1_76' title="bbox 2209 3344 3789 3418">
    <p class='ocr_par' dir='ltr' id='par_1_76' title="bbox 2209 3344 3789 3418">
     <span class='ocr_line' id='line_1_76' title="bbox 2209 3344 3789 3418; baseline -0.003 -16"><span class='ocrx_word' id='word_1_546' title='bbox 2209 3349 2335 3418; x_wconf 89' lang='lat' dir='ltr'><strong>ptiis</strong></span> <span class='ocrx_word' id='word_1_547' title='bbox 2363 3348 2595 3417; x_wconf 88' lang='lat' dir='ltr'><strong>aliisque</strong></span> <span class='ocrx_word' id='word_1_548' title='bbox 2627 3346 2835 3401; x_wconf 89' lang='lat' dir='ltr'><strong>multis.</strong></span> <span class='ocrx_word' id='word_1_549' title='bbox 2856 3346 2996 3413; x_wconf 85' lang='lat' dir='ltr'><strong>Quid</strong></span> <span class='ocrx_word' id='word_1_550' title='bbox 3023 3358 3205 3399; x_wconf 89' lang='lat' dir='ltr'><strong>actum</strong></span> <span class='ocrx_word' id='word_1_551' title='bbox 3235 3344 3305 3399; x_wconf 91' lang='lat' dir='ltr'><strong>sit</strong></span> <span class='ocrx_word' id='word_1_552' title='bbox 3336 3345 3582 3399; x_wconf 86' lang='lat' dir='ltr'><strong>sessione</strong></span> <span class='ocrx_word' id='word_1_553' title='bbox 3603 3354 3789 3398; x_wconf 88' lang='lat' dir='ltr'><strong>octava</strong></span> 
     </span>
    </p>
   </div>
   <div class='ocr_carea' id='block_1_77' title="bbox 2209 3433 3789 3507">
    <p class='ocr_par' dir='ltr' id='par_1_77' title="bbox 2209 3433 3789 3507">
     <span class='ocr_line' id='line_1_77' title="bbox 2209 3433 3789 3507; baseline -0.004 -13"><span class='ocrx_word' id='word_1_554' title='bbox 2209 3440 2261 3494; x_wconf 93' lang='lat' dir='ltr'><strong>in</strong></span> <span class='ocrx_word' id='word_1_555' title='bbox 2296 3456 2463 3495; x_wconf 91' lang='lat' dir='ltr'><strong>causa</strong></span> <span class='ocrx_word' id='word_1_556' title='bbox 2510 3437 2863 3502; x_wconf 84' lang='lat' dir='ltr'><strong>Theodoreti,</strong></span> <span class='ocrx_word' id='word_1_557' title='bbox 2914 3445 2965 3494; x_wconf 88' lang='lat' dir='ltr'><strong>et</strong></span> <span class='ocrx_word' id='word_1_558' title='bbox 3009 3437 3208 3507; x_wconf 88' lang='lat' dir='ltr'><strong>quibus</strong></span> <span class='ocrx_word' id='word_1_559' title='bbox 3241 3434 3647 3490; x_wconf 91' lang='lat' dir='ltr'><strong>conditionibus</strong></span> <span class='ocrx_word' id='word_1_560' title='bbox 3678 3433 3789 3489; x_wconf 92' lang='lat' dir='ltr'><strong>sedi</strong></span> 
     </span>
    </p>
   </div>
   <div class='ocr_carea' id='block_1_78' title="bbox 2208 3526 3791 3598">
    <p class='ocr_par' dir='ltr' id='par_1_78' title="bbox 2208 3526 3791 3598">
     <span class='ocr_line' id='line_1_78' title="bbox 2208 3526 3791 3598; baseline -0.002 -13"><span class='ocrx_word' id='word_1_561' title='bbox 2208 3547 2320 3585; x_wconf 75' lang='lat' dir='ltr'><strong>sua:</strong></span> <span class='ocrx_word' id='word_1_562' title='bbox 2355 3531 2641 3586; x_wconf 90' lang='lat' dir='ltr'><strong>restitutus</strong></span> <span class='ocrx_word' id='word_1_563' title='bbox 2672 3530 2763 3594; x_wconf 91' lang='lat' dir='ltr'><strong>sit,</strong></span> <span class='ocrx_word' id='word_1_564' title='bbox 2795 3530 2941 3585; x_wconf 84' lang='lat' dir='ltr'><strong>hami</strong></span> <span class='ocrx_word' id='word_1_565' title='bbox 2970 3529 3165 3583; x_wconf 87' lang='lat' dir='ltr'><strong>melius</strong></span> <span class='ocrx_word' id='word_1_566' title='bbox 3197 3543 3359 3597; x_wconf 90' lang='lat' dir='ltr'><strong>quam</strong></span> <span class='ocrx_word' id='word_1_567' title='bbox 3391 3543 3456 3583; x_wconf 80' lang='lat' dir='ltr'><strong>ex</strong></span> <span class='ocrx_word' id='word_1_568' title='bbox 3488 3527 3622 3598; x_wconf 89' lang='lat' dir='ltr'><strong>ipsis</strong></span> <span class='ocrx_word' id='word_1_569' title='bbox 3642 3526 3791 3582; x_wconf 84' lang='lat' dir='ltr'><strong>Actis</strong></span> 
     </span>
    </p>
   </div>
   <div class='ocr_carea' id='block_1_79' title="bbox 2208 3620 3790 3693">
    <p class='ocr_par' dir='ltr' id='par_1_79' title="bbox 2208 3620 3790 3693">
     <span class='ocr_line' id='line_1_79' title="bbox 2208 3620 3790 3693; baseline 0 -16"><span class='ocrx_word' id='word_1_570' title='bbox 2208 3623 2373 3693; x_wconf 88' lang='lat' dir='ltr'><strong>hujus</strong></span> <span class='ocrx_word' id='word_1_571' title='bbox 2403 3624 2618 3679; x_wconf 84' lang='lat' dir='ltr'><strong>concilii</strong></span> <span class='ocrx_word' id='word_1_572' title='bbox 2665 3622 2939 3679; x_wconf 90' lang='lat' dir='ltr'><strong>recenseri</strong></span> <span class='ocrx_word' id='word_1_573' title='bbox 2972 3622 3192 3692; x_wconf 91' lang='lat' dir='ltr'><strong>poterit.</strong></span> <span class='ocrx_word' id='word_1_574' title='bbox 3239 3620 3365 3676; x_wconf 56' lang='lat' dir='ltr'><strong>ﬂare</strong></span> <span class='ocrx_word' id='word_1_575' title='bbox 3396 3629 3575 3676; x_wconf 88' lang='lat' dir='ltr'><strong>autem</strong></span> <span class='ocrx_word' id='word_1_576' title='bbox 3621 3620 3693 3675; x_wconf 93' lang='lat' dir='ltr'><strong>ita</strong></span> <span class='ocrx_word' id='word_1_577' title='bbox 3732 3637 3790 3677; x_wconf 88' lang='lat' dir='ltr'><strong>se</strong></span> 
     </span>
    </p>
   </div>
   <div class='ocr_carea' id='block_1_80' title="bbox 2208 3713 3791 3788">
    <p class='ocr_par' dir='ltr' id='par_1_80' title="bbox 2208 3713 3791 3788">
     <span class='ocr_line' id='line_1_80' title="bbox 2208 3713 3791 3788; baseline -0.003 -16"><span class='ocrx_word' id='word_1_578' title='bbox 2208 3718 2410 3772; x_wconf 85' lang='lat' dir='ltr'><strong>habent</strong></span> <span class='ocrx_word' id='word_1_579' title='bbox 2453 3716 2593 3788; x_wconf 87' lang='lat' dir='ltr'><strong>apud</strong></span> <span class='ocrx_word' id='word_1_580' title='bbox 2649 3715 2990 3771; x_wconf 86' lang='lat' dir='ltr'><strong>llarduinum</strong></span> <span class='ocrx_word' id='word_1_581' title='bbox 3044 3714 3095 3768; x_wconf 92' lang='lat' dir='ltr'><strong>in</strong></span> <span class='ocrx_word' id='word_1_582' title='bbox 3141 3713 3367 3769; x_wconf 89' lang='lat' dir='ltr'><strong>Collect.</strong></span> <span class='ocrx_word' id='word_1_583' title='bbox 3404 3713 3602 3769; x_wconf 90' lang='lat' dir='ltr'><strong>concil.</strong></span> <span class='ocrx_word' id='word_1_584' title='bbox 3649 3723 3686 3769; x_wconf 91' lang='lat' dir='ltr'><strong>t.</strong></span> <span class='ocrx_word' id='word_1_585' title='bbox 3719 3713 3791 3783; x_wconf 86' lang='grc' dir='ltr'>ιι,</span> 
     </span>
    </p>
   </div>
   <div class='ocr_carea' id='block_1_81' title="bbox 2205 3808 2541 3880">
    <p class='ocr_par' dir='ltr' id='par_1_81' title="bbox 2205 3808 2541 3880">
     <span class='ocr_line' id='line_1_81' title="bbox 2205 3808 2541 3880; baseline 0 -18"><span class='ocrx_word' id='word_1_586' title='bbox 2205 3825 2258 3879; x_wconf 92' lang='lat' dir='ltr'><strong>p.</strong></span> <span class='ocrx_word' id='word_1_587' title='bbox 2288 3808 2393 3864; x_wconf 67' lang='lat'><strong>498</strong></span> <span class='ocrx_word' id='word_1_588' title='bbox 2425 3825 2541 3880; x_wconf 87' lang='lat' dir='ltr'><strong>seq.</strong></span> 
     </span>
    </p>
   </div>
   <div class='ocr_carea' id='block_1_82' title="bbox 2282 3900 3789 3958">
    <p class='ocr_par' dir='ltr' id='par_1_82' title="bbox 2282 3900 3789 3958">
     <span class='ocr_line' id='line_1_82' title="bbox 2282 3900 3789 3958; baseline 0 -3"><span class='ocrx_word' id='word_1_589' title='bbox 2282 3922 2298 3949; x_wconf 74' lang='grc' dir='ltr'><strong><em>ο</em></strong></span> <span class='ocrx_word' id='word_1_590' title='bbox 2336 3901 2723 3958; x_wconf 78' lang='lat' dir='ltr'><strong>Residentibus</strong></span> <span class='ocrx_word' id='word_1_591' title='bbox 2748 3901 3005 3957; x_wconf 90' lang='lat' dir='ltr'><strong>omnibus</strong></span> <span class='ocrx_word' id='word_1_592' title='bbox 3037 3911 3161 3958; x_wconf 85' lang='lat' dir='ltr'><strong>ante</strong></span> <span class='ocrx_word' id='word_1_593' title='bbox 3198 3902 3469 3957; x_wconf 85' lang='lat' dir='ltr'><strong>cancellos</strong></span> <span class='ocrx_word' id='word_1_594' title='bbox 3500 3900 3789 3957; x_wconf 79' lang='lat' dir='ltr'><strong>sanctissi-</strong></span> 
     </span>
    </p>
   </div>
   <div class='ocr_carea' id='block_1_83' title="bbox 2205 3993 3790 4066">
    <p class='ocr_par' dir='ltr' id='par_1_83' title="bbox 2205 3993 3790 4066">
     <span class='ocr_line' id='line_1_83' title="bbox 2205 3993 3790 4066; baseline 0.003 -20"><span class='ocrx_word' id='word_1_595' title='bbox 2205 3994 2275 4047; x_wconf 90' lang='lat' dir='ltr'><strong>mi</strong></span> <span class='ocrx_word' id='word_1_596' title='bbox 2330 3995 2520 4049; x_wconf 90' lang='lat' dir='ltr'><strong>altaris</strong></span> <span class='ocrx_word' id='word_1_597' title='bbox 2566 3993 3008 4049; x_wconf 89' lang='lat' dir='ltr'><strong>reverendissimi</strong></span> <span class='ocrx_word' id='word_1_598' title='bbox 3058 3995 3298 4066; x_wconf 89' lang='lat' dir='ltr'><strong>episcopi</strong></span> <span class='ocrx_word' id='word_1_599' title='bbox 3358 3995 3735 4050; x_wconf 84' lang='lat' dir='ltr'><strong>clamaverunt</strong></span> <span class='ocrx_word' id='word_1_600' title='bbox 3770 4009 3790 4050; x_wconf 86' lang='lat'><strong>:</strong></span> 
     </span>
    </p>
   </div>
   <div class='ocr_carea' id='block_1_84' title="bbox 2205 4085 3605 4143">
    <p class='ocr_par' dir='ltr' id='par_1_84' title="bbox 2205 4085 3605 4143">
     <span class='ocr_line' id='line_1_84' title="bbox 2205 4085 3605 4143; baseline 0.001 -3"><span class='ocrx_word' id='word_1_601' title='bbox 2205 4086 2585 4143; x_wconf 82' lang='lat' dir='ltr'><strong>Theodoretus</strong></span> <span class='ocrx_word' id='word_1_602' title='bbox 2620 4086 2782 4142; x_wconf 90' lang='lat' dir='ltr'><strong>modo</strong></span> <span class='ocrx_word' id='word_1_603' title='bbox 2816 4086 3241 4143; x_wconf 85' lang='lat' dir='ltr'><strong>anathematizet</strong></span> <span class='ocrx_word' id='word_1_604' title='bbox 3268 4085 3605 4143; x_wconf 83' lang='lat' dir='ltr'><strong>Nestorium.</strong></span> 
     </span>
    </p>
   </div>
   <div class='ocr_carea' id='block_1_85' title="bbox 2281 4176 3789 4249">
    <p class='ocr_par' dir='ltr' id='par_1_85' title="bbox 2281 4176 3789 4249">
     <span class='ocr_line' id='line_1_85' title="bbox 2281 4176 3789 4249; baseline 0.003 -20"><span class='ocrx_word' id='word_1_605' title='bbox 2281 4196 2298 4229; x_wconf 81' lang='grc' dir='ltr'><strong>ι</strong></span> <span class='ocrx_word' id='word_1_606' title='bbox 2331 4176 2712 4235; x_wconf 82' lang='lat' dir='ltr'><strong>Theodoretus</strong></span> <span class='ocrx_word' id='word_1_607' title='bbox 2747 4179 3238 4235; x_wconf 84' lang='lat' dir='ltr'><strong>reverendissimus</strong></span> <span class='ocrx_word' id='word_1_608' title='bbox 3269 4179 3560 4249; x_wconf 89' lang='lat' dir='ltr'><strong>episcopus</strong></span> <span class='ocrx_word' id='word_1_609' title='bbox 3605 4186 3789 4234; x_wconf 80' lang='lat' dir='ltr'><strong>trans-</strong></span> 
     </span>
    </p>
   </div>
   <div class='ocr_carea' id='block_1_86' title="bbox 2203 4270 3790 4342">
    <p class='ocr_par' dir='ltr' id='par_1_86' title="bbox 2203 4270 3790 4342">
     <span class='ocr_line' id='line_1_86' title="bbox 2203 4270 3790 4342; baseline -0.001 -15"><span class='ocrx_word' id='word_1_610' title='bbox 2203 4271 2322 4327; x_wconf 89' lang='lat' dir='ltr'><strong>iens</strong></span> <span class='ocrx_word' id='word_1_611' title='bbox 2355 4270 2407 4324; x_wconf 93' lang='lat' dir='ltr'><strong>in</strong></span> <span class='ocrx_word' id='word_1_612' title='bbox 2440 4272 2679 4325; x_wconf 84' lang='lat' dir='ltr'><strong>medium</strong></span> <span class='ocrx_word' id='word_1_613' title='bbox 2712 4270 2850 4325; x_wconf 75' lang='lat' dir='ltr'><strong>dixit</strong></span> <span class='ocrx_word' id='word_1_614' title='bbox 2883 4287 2898 4325; x_wconf 90' lang='lat'><strong>:</strong></span> <span class='ocrx_word' id='word_1_615' title='bbox 2930 4271 2992 4325; x_wconf 86' lang='lat' dir='ltr'><strong>Et</strong></span> <span class='ocrx_word' id='word_1_616' title='bbox 3016 4287 3208 4342; x_wconf 89' lang='lat' dir='ltr'><strong>preces</strong></span> <span class='ocrx_word' id='word_1_617' title='bbox 3236 4272 3411 4326; x_wconf 92' lang='lat' dir='ltr'><strong>obtuli</strong></span> <span class='ocrx_word' id='word_1_618' title='bbox 3444 4271 3790 4327; x_wconf 85' lang='lat' dir='ltr'><strong>divinissimo</strong></span> 
     </span>
    </p>
   </div>
   <div class='ocr_carea' id='block_1_87' title="bbox 2203 4363 3785 4435">
    <p class='ocr_par' dir='ltr' id='par_1_87' title="bbox 2203 4363 3785 4435">
     <span class='ocr_line' id='line_1_87' title="bbox 2203 4363 3785 4435; baseline 0.001 -17"><span class='ocrx_word' id='word_1_619' title='bbox 2203 4378 2266 4419; x_wconf 88' lang='lat' dir='ltr'><strong>ac</strong></span> <span class='ocrx_word' id='word_1_620' title='bbox 2297 4365 2547 4435; x_wconf 89' lang='lat' dir='ltr'><strong>piissimo</strong></span> <span class='ocrx_word' id='word_1_621' title='bbox 2578 4364 2893 4434; x_wconf 87' lang='lat' dir='ltr'><strong>imperatori</strong></span> <span class='ocrx_word' id='word_1_622' title='bbox 2921 4374 2976 4418; x_wconf 91' lang='lat' dir='ltr'><strong>et</strong></span> <span class='ocrx_word' id='word_1_623' title='bbox 3004 4365 3214 4421; x_wconf 89' lang='lat' dir='ltr'><strong>libellos</strong></span> <span class='ocrx_word' id='word_1_624' title='bbox 3238 4364 3410 4421; x_wconf 89' lang='lat' dir='ltr'><strong>obtuli</strong></span> <span class='ocrx_word' id='word_1_625' title='bbox 3445 4363 3785 4421; x_wconf 85' lang='lat' dir='ltr'><strong>reverendis-</strong></span> 
     </span>
    </p>
   </div>
   <div class='ocr_carea' id='block_1_88' title="bbox 520 4432 3791 4527">
    <p class='ocr_par' dir='ltr' id='par_1_88' title="bbox 520 4432 3791 4527">
     <span class='ocr_line' id='line_1_88' title="bbox 520 4432 3791 4527; baseline 0.002 -34"><span class='ocrx_word' id='word_1_626' title='bbox 520 4442 749 4496; x_wconf 88' lang='lat' dir='ltr'><strong>honcsto</strong></span> <span class='ocrx_word' id='word_1_627' title='bbox 789 4442 991 4496; x_wconf 89' lang='lat' dir='ltr'><strong>carceri</strong></span> <span class='ocrx_word' id='word_1_628' title='bbox 1026 4442 1182 4512; x_wconf 85' lang='lat' dir='ltr'><strong>quasi</strong></span> <span class='ocrx_word' id='word_1_629' title='bbox 1217 4442 1487 4498; x_wconf 89' lang='lat' dir='ltr'><strong>inclusum</strong></span> <span class='ocrx_word' id='word_1_630' title='bbox 1521 4445 1705 4509; x_wconf 83' lang='lat' dir='ltr'><strong>sciret,</strong></span> <span class='ocrx_word' id='word_1_631' title='bbox 1751 4447 1933 4500; x_wconf 88' lang='lat' dir='ltr'><strong>statim</strong></span> <span class='ocrx_word' id='word_1_632' title='bbox 1975 4457 2097 4516; x_wconf 90' lang='lat' dir='ltr'><strong>post</strong></span> <span class='ocrx_word' id='word_1_633' title='bbox 2127 4432 2177 4491; x_wconf 77' lang='grc' dir='ltr'><strong>Ῐ)</strong></span> <span class='ocrx_word' id='word_1_634' title='bbox 2212 4432 2369 4511; x_wconf 71' lang='lat' dir='ltr'><strong>simis</strong></span> <span class='ocrx_word' id='word_1_635' title='bbox 2396 4432 2673 4527; x_wconf 86' lang='lat' dir='ltr'><strong>episcopis</strong></span> <span class='ocrx_word' id='word_1_636' title='bbox 2705 4457 2996 4526; x_wconf 86' lang='lat' dir='ltr'><strong>agentibus</strong></span> <span class='ocrx_word' id='word_1_637' title='bbox 3021 4458 3201 4515; x_wconf 88' lang='lat' dir='ltr'><strong>locum</strong></span> <span class='ocrx_word' id='word_1_638' title='bbox 3229 4456 3666 4513; x_wconf 77' lang='lat' dir='ltr'><strong>reverendissimi</strong></span> <span class='ocrx_word' id='word_1_639' title='bbox 3696 4472 3791 4512; x_wconf 69' lang='grc' dir='ltr'><strong>π-</strong></span> 
     </span>
    </p>
   </div>
   <div class='ocr_carea' id='block_1_89' title="bbox 516 4533 2100 4596">
    <p class='ocr_par' dir='ltr' id='par_1_89' title="bbox 516 4533 2100 4596">
     <span class='ocr_line' id='line_1_89' title="bbox 516 4533 2100 4596; baseline 0.007 -11"><span class='ocrx_word' id='word_1_640' title='bbox 516 4534 918 4588; x_wconf 87' lang='lat' dir='ltr'><strong>accusationem</strong></span> <span class='ocrx_word' id='word_1_641' title='bbox 948 4549 978 4587; x_wconf 90' lang='lat' dir='ltr'><strong>a</strong></span> <span class='ocrx_word' id='word_1_642' title='bbox 1008 4535 1221 4590; x_wconf 90' lang='lat' dir='ltr'><strong>clericis</strong></span> <span class='ocrx_word' id='word_1_643' title='bbox 1250 4533 1509 4591; x_wconf 89' lang='lat' dir='ltr'><strong>Osroenis</strong></span> <span class='ocrx_word' id='word_1_644' title='bbox 1546 4538 1847 4594; x_wconf 87' lang='lat' dir='ltr'><strong>institutam</strong></span> <span class='ocrx_word' id='word_1_645' title='bbox 1879 4542 2100 4596; x_wconf 90' lang='lat' dir='ltr'><strong>anathe-</strong></span> 
     </span>
    </p>
   </div>
   <div class='ocr_carea' id='block_1_90' title="bbox 516 4624 2098 4697">
    <p class='ocr_par' dir='ltr' id='par_1_90' title="bbox 516 4624 2098 4697">
     <span class='ocr_line' id='line_1_90' title="bbox 516 4624 2098 4697; baseline 0.009 -21"><span class='ocrx_word' id='word_1_646' title='bbox 516 4634 663 4680; x_wconf 89' lang='lat' dir='ltr'><strong>mate</strong></span> <span class='ocrx_word' id='word_1_647' title='bbox 699 4624 958 4681; x_wconf 90' lang='lat' dir='ltr'><strong>Nostrum</strong></span> <span class='ocrx_word' id='word_1_648' title='bbox 989 4641 1278 4697; x_wconf 86' lang='lat' dir='ltr'><strong>aggressus</strong></span> <span class='ocrx_word' id='word_1_649' title='bbox 1307 4640 1409 4694; x_wconf 85' lang='lat' dir='ltr'><strong>est,</strong></span> <span class='ocrx_word' id='word_1_650' title='bbox 1446 4634 1546 4686; x_wconf 91' lang='lat' dir='ltr'><strong>etsi</strong></span> <span class='ocrx_word' id='word_1_651' title='bbox 1577 4633 1786 4688; x_wconf 91' lang='lat' dir='ltr'><strong>nullum</strong></span> <span class='ocrx_word' id='word_1_652' title='bbox 1822 4635 1873 4688; x_wconf 91' lang='lat' dir='ltr'><strong>in</strong></span> <span class='ocrx_word' id='word_1_653' title='bbox 1908 4636 2098 4693; x_wconf 75' lang='lat' dir='ltr'><strong>alien-.e</strong></span> 
     </span>
    </p>
   </div>
   <div class='ocr_carea' id='block_1_91' title="bbox 517 4718 2100 4794">
    <p class='ocr_par' dir='ltr' id='par_1_91' title="bbox 517 4718 2100 4794">
     <span class='ocr_line' id='line_1_91' title="bbox 517 4718 2100 4794; baseline 0.006 -23"><span class='ocrx_word' id='word_1_654' title='bbox 517 4718 756 4790; x_wconf 88' lang='lat' dir='ltr'><strong>regionis</strong></span> <span class='ocrx_word' id='word_1_655' title='bbox 795 4719 1090 4773; x_wconf 88' lang='lat' dir='ltr'><strong>antistitem</strong></span> <span class='ocrx_word' id='word_1_656' title='bbox 1126 4720 1218 4789; x_wconf 89' lang='lat' dir='ltr'><strong>jus</strong></span> <span class='ocrx_word' id='word_1_657' title='bbox 1265 4722 1336 4775; x_wconf 88' lang='lat' dir='ltr'><strong>illi</strong></span> <span class='ocrx_word' id='word_1_658' title='bbox 1378 4735 1729 4794; x_wconf 86' lang='lat' dir='ltr'><strong>competeret,</strong></span> <span class='ocrx_word' id='word_1_659' title='bbox 1764 4736 1819 4782; x_wconf 88' lang='lat' dir='ltr'><strong>et</strong></span> <span class='ocrx_word' id='word_1_660' title='bbox 1850 4725 2100 4781; x_wconf 86' lang='lat' dir='ltr'><strong>Theodo-</strong></span> 
     </span>
    </p>
   </div>
   <div class='ocr_carea' id='block_1_92' title="bbox 519 4809 2096 4887">
    <p class='ocr_par' dir='ltr' id='par_1_92' title="bbox 519 4809 2096 4887">
     <span class='ocr_line' id='line_1_92' title="bbox 519 4809 2096 4887; baseline 0.005 -24"><span class='ocrx_word' id='word_1_661' title='bbox 519 4819 668 4864; x_wconf 91' lang='lat' dir='ltr'><strong>retus</strong></span> <span class='ocrx_word' id='word_1_662' title='bbox 707 4820 897 4865; x_wconf 87' lang='lat' dir='ltr'><strong>contra</strong></span> <span class='ocrx_word' id='word_1_663' title='bbox 946 4809 1177 4880; x_wconf 84' lang='lat' dir='ltr'><strong>injustas</strong></span> <span class='ocrx_word' id='word_1_664' title='bbox 1200 4812 1609 4871; x_wconf 87' lang='lat' dir='ltr'><strong>criminationes</strong></span> <span class='ocrx_word' id='word_1_665' title='bbox 1650 4832 1709 4872; x_wconf 88' lang='lat' dir='ltr'><strong>se</strong></span> <span class='ocrx_word' id='word_1_666' title='bbox 1747 4817 1799 4870; x_wconf 94' lang='lat' dir='ltr'><strong>in</strong></span> <span class='ocrx_word' id='word_1_667' title='bbox 1834 4816 2096 4887; x_wconf 83' lang='lat' dir='ltr'><strong>Epistola,</strong></span> 
     </span>
    </p>
   </div>
   <div class='ocr_carea' id='block_1_93' title="bbox 518 4905 2102 4979">
    <p class='ocr_par' dir='ltr' id='par_1_93' title="bbox 518 4905 2102 4979">
     <span class='ocr_line' id='line_1_93' title="bbox 518 4905 2102 4979; baseline 0.004 -22"><span class='ocrx_word' id='word_1_668' title='bbox 518 4921 641 4973; x_wconf 75' lang='lat' dir='ltr'><strong>qua:</strong></span> <span class='ocrx_word' id='word_1_669' title='bbox 677 4920 908 4959; x_wconf 90' lang='lat' dir='ltr'><strong>numero</strong></span> <span class='ocrx_word' id='word_1_670' title='bbox 943 4913 1026 4959; x_wconf 85' lang='lat' dir='ltr'><strong>est</strong></span> <span class='ocrx_word' id='word_1_671' title='bbox 1069 4905 1401 4975; x_wconf 82' lang='lat' dir='ltr'><strong>octogesima</strong></span> <span class='ocrx_word' id='word_1_672' title='bbox 1448 4908 1625 4973; x_wconf 88' lang='lat' dir='ltr'><strong>tertia,</strong></span> <span class='ocrx_word' id='word_1_673' title='bbox 1661 4908 1879 4979; x_wconf 87' lang='lat' dir='ltr'><strong>egregie</strong></span> <span class='ocrx_word' id='word_1_674' title='bbox 1916 4909 2102 4964; x_wconf 87' lang='lat' dir='ltr'><strong>defen-</strong></span> 
     </span>
    </p>
   </div>
   <div class='ocr_carea' id='block_1_94' title="bbox 518 4997 2103 5069">
    <p class='ocr_par' dir='ltr' id='par_1_94' title="bbox 518 4997 2103 5069">
     <span class='ocr_line' id='line_1_94' title="bbox 518 4997 2103 5069; baseline 0.004 -18"><span class='ocrx_word' id='word_1_675' title='bbox 518 4998 709 5053; x_wconf 88' lang='lat' dir='ltr'><strong>disset.</strong></span> <span class='ocrx_word' id='word_1_676' title='bbox 757 4997 830 5053; x_wconf 88' lang='lat' dir='ltr'><strong>Ita</strong></span> <span class='ocrx_word' id='word_1_677' title='bbox 876 5014 1130 5069; x_wconf 86' lang='lat' dir='ltr'><strong>magnum</strong></span> <span class='ocrx_word' id='word_1_678' title='bbox 1175 4998 1621 5068; x_wconf 85' lang='lat' dir='ltr'><strong>impedimentum</strong></span> <span class='ocrx_word' id='word_1_679' title='bbox 1665 5010 1933 5056; x_wconf 87' lang='lat' dir='ltr'><strong>remotum</strong></span> <span class='ocrx_word' id='word_1_680' title='bbox 1983 5017 2103 5058; x_wconf 85' lang='lat' dir='ltr'><strong>esse</strong></span> 
     </span>
    </p>
   </div>
   <div class='ocr_carea' id='block_1_95' title="bbox 520 5088 2100 5167">
    <p class='ocr_par' dir='ltr' id='par_1_95' title="bbox 520 5088 2100 5167">
     <span class='ocr_line' id='line_1_95' title="bbox 520 5088 2100 5167; baseline 0.003 -24"><span class='ocrx_word' id='word_1_681' title='bbox 520 5090 746 5160; x_wconf 74' lang='lat' dir='ltr'><strong>putabat</strong></span> <span class='ocrx_word' id='word_1_682' title='bbox 782 5088 1094 5154; x_wconf 81' lang='lat' dir='ltr'><strong>Dioscorus,</strong></span> <span class='ocrx_word' id='word_1_683' title='bbox 1138 5092 1281 5162; x_wconf 87' lang='lat' dir='ltr'><strong>quod</strong></span> <span class='ocrx_word' id='word_1_684' title='bbox 1319 5092 1688 5163; x_wconf 81' lang='lat' dir='ltr'><strong>promovendo</strong></span> <span class='ocrx_word' id='word_1_685' title='bbox 1722 5091 1983 5167; x_wconf 78' lang='lat' dir='ltr'><strong>Eutychis</strong></span> <span class='ocrx_word' id='word_1_686' title='bbox 2012 5111 2100 5147; x_wconf 89' lang='lat' dir='ltr'><strong>er-</strong></span> 
     </span>
    </p>
   </div>
   <div class='ocr_carea' id='block_1_96' title="bbox 521 5183 2104 5257">
    <p class='ocr_par' dir='ltr' id='par_1_96' title="bbox 521 5183 2104 5257">
     <span class='ocr_line' id='line_1_96' title="bbox 521 5183 2104 5257; baseline -0.003 -9"><span class='ocrx_word' id='word_1_687' title='bbox 521 5183 657 5248; x_wconf 72' lang='lat' dir='ltr'><strong>t‘OI‘i.</strong></span> <span class='ocrx_word' id='word_1_688' title='bbox 697 5185 782 5239; x_wconf 85' lang='lat' dir='ltr'><strong>cui</strong></span> <span class='ocrx_word' id='word_1_689' title='bbox 816 5185 929 5251; x_wconf 84' lang='lat' dir='ltr'><strong>ipse</strong></span> <span class='ocrx_word' id='word_1_690' title='bbox 971 5202 1296 5256; x_wconf 81' lang='lat' dir='ltr'><strong>magnopere</strong></span> <span class='ocrx_word' id='word_1_691' title='bbox 1324 5185 1557 5251; x_wconf 81' lang='lat' dir='ltr'><strong>favebat,</strong></span> <span class='ocrx_word' id='word_1_692' title='bbox 1590 5187 1857 5241; x_wconf 86' lang='lat' dir='ltr'><strong>obsistere</strong></span> <span class='ocrx_word' id='word_1_693' title='bbox 1890 5190 2104 5257; x_wconf 73' lang='lat' dir='ltr'><strong>potuis-</strong></span> 
     </span>
    </p>
   </div>
   <div class='ocr_carea' id='block_1_97' title="bbox 521 5278 2103 5347">
    <p class='ocr_par' dir='ltr' id='par_1_97' title="bbox 521 5278 2103 5347">
     <span class='ocr_line' id='line_1_97' title="bbox 521 5278 2103 5347; baseline 0.002 -14"><span class='ocrx_word' id='word_1_694' title='bbox 521 5285 622 5333; x_wconf 89' lang='lat' dir='ltr'><strong>set.</strong></span> <span class='ocrx_word' id='word_1_695' title='bbox 662 5278 957 5333; x_wconf 87' lang='lat' dir='ltr'><strong>Damnatus</strong></span> <span class='ocrx_word' id='word_1_696' title='bbox 988 5279 1206 5347; x_wconf 84' lang='lat' dir='ltr'><strong>quidem</strong></span> <span class='ocrx_word' id='word_1_697' title='bbox 1236 5287 1290 5333; x_wconf 89' lang='lat' dir='ltr'><strong>et</strong></span> <span class='ocrx_word' id='word_1_698' title='bbox 1330 5279 1398 5332; x_wconf 93' lang='lat' dir='ltr'><strong>ab</strong></span> <span class='ocrx_word' id='word_1_699' title='bbox 1435 5279 1614 5334; x_wconf 84' lang='lat' dir='ltr'><strong>oliicio</strong></span> <span class='ocrx_word' id='word_1_700' title='bbox 1654 5279 1976 5338; x_wconf 83' lang='lat' dir='ltr'><strong>sacerdotali</strong></span> <span class='ocrx_word' id='word_1_701' title='bbox 2011 5282 2103 5336; x_wconf 85' lang='lat' dir='ltr'><strong>de-</strong></span> 
     </span>
    </p>
   </div>
   <div class='ocr_carea' id='block_1_98' title="bbox 519 5369 2100 5443">
    <p class='ocr_par' dir='ltr' id='par_1_98' title="bbox 519 5369 2100 5443">
     <span class='ocr_line' id='line_1_98' title="bbox 519 5369 2100 5443; baseline 0.002 -20"><span class='ocrx_word' id='word_1_702' title='bbox 519 5371 709 5441; x_wconf 89' lang='lat' dir='ltr'><strong>pulsus</strong></span> <span class='ocrx_word' id='word_1_703' title='bbox 735 5380 818 5426; x_wconf 90' lang='lat' dir='ltr'><strong>est</strong></span> <span class='ocrx_word' id='word_1_704' title='bbox 840 5370 1113 5443; x_wconf 82' lang='lat' dir='ltr'><strong>Eutyches</strong></span> <span class='ocrx_word' id='word_1_705' title='bbox 1139 5371 1192 5424; x_wconf 92' lang='lat' dir='ltr'><strong>in</strong></span> <span class='ocrx_word' id='word_1_706' title='bbox 1220 5371 1452 5425; x_wconf 89' lang='lat' dir='ltr'><strong>concilio</strong></span> <span class='ocrx_word' id='word_1_707' title='bbox 1475 5369 2100 5443; x_wconf 83' lang='lat' dir='ltr'><strong>Constantinopolitano,</strong></span> 
     </span>
    </p>
   </div>
   <div class='ocr_carea' id='block_1_99' title="bbox 520 5463 2103 5534">
    <p class='ocr_par' dir='ltr' id='par_1_99' title="bbox 520 5463 2103 5534">
     <span class='ocr_line' id='line_1_99' title="bbox 520 5463 2103 5534; baseline 0.004 -17"><span class='ocrx_word' id='word_1_708' title='bbox 520 5463 663 5533; x_wconf 76' lang='lat' dir='ltr'><strong>quod</strong></span> <span class='ocrx_word' id='word_1_709' title='bbox 689 5464 837 5519; x_wconf 82' lang='lat' dir='ltr'><strong>brevi</strong></span> <span class='ocrx_word' id='word_1_710' title='bbox 857 5473 981 5534; x_wconf 91' lang='lat' dir='ltr'><strong>post</strong></span> <span class='ocrx_word' id='word_1_711' title='bbox 995 5464 1108 5520; x_wconf 68' lang='lat' dir='ltr'><strong>ha‘c</strong></span> <span class='ocrx_word' id='word_1_712' title='bbox 1130 5473 1373 5533; x_wconf 83' lang='lat' dir='ltr'><strong>tempore</strong></span> <span class='ocrx_word' id='word_1_713' title='bbox 1393 5478 1523 5530; x_wconf 84' lang='lat' dir='ltr'><strong>ann.</strong></span> <span class='ocrx_word' id='word_1_714' title='bbox 1552 5464 1611 5518; x_wconf 89' lang='lat' dir='ltr'><strong>C.</strong></span> <span class='ocrx_word' id='word_1_715' title='bbox 1632 5464 1757 5529; x_wconf 68' lang='lat'><strong>«588,</strong></span> <span class='ocrx_word' id='word_1_716' title='bbox 1779 5470 2103 5524; x_wconf 87' lang='lat' dir='ltr'><strong>auctoritate</strong></span> 
     </span>
    </p>
   </div>
   <div class='ocr_carea' id='block_1_100' title="bbox 519 5546 2099 5628">
    <p class='ocr_par' dir='ltr' id='par_1_100' title="bbox 519 5546 2099 5628">
     <span class='ocr_line' id='line_1_100' title="bbox 519 5546 2099 5628; baseline 0.003 -19"><span class='ocrx_word' id='word_1_717' title='bbox 519 5556 763 5612; x_wconf 80' lang='lat' dir='ltr'><strong>Flaviani</strong></span> <span class='ocrx_word' id='word_1_718' title='bbox 796 5559 948 5613; x_wconf 88' lang='lat' dir='ltr'><strong>urbis</strong></span> <span class='ocrx_word' id='word_1_719' title='bbox 978 5558 1139 5628; x_wconf 73' lang='lat' dir='ltr'><strong>regiae</strong></span> <span class='ocrx_word' id='word_1_720' title='bbox 1160 5546 1398 5624; x_wconf 78' lang='lat' dir='ltr'><strong>episcopi</strong></span> <span class='ocrx_word' id='word_1_721' title='bbox 1437 5556 1837 5626; x_wconf 87' lang='lat' dir='ltr'><strong>frequentatum</strong></span> <span class='ocrx_word' id='word_1_722' title='bbox 1866 5569 1968 5623; x_wconf 85' lang='lat' dir='ltr'><strong>est.</strong></span> <span class='ocrx_word' id='word_1_723' title='bbox 2007 5562 2099 5616; x_wconf 87' lang='lat' dir='ltr'><strong>sed</strong></span> 
     </span>
    </p>
   </div>
   <div class='ocr_carea' id='block_1_101' title="bbox 520 5646 2099 5719">
    <p class='ocr_par' dir='ltr' id='par_1_101' title="bbox 520 5646 2099 5719">
     <span class='ocr_line' id='line_1_101' title="bbox 520 5646 2099 5719; baseline 0.005 -17"><span class='ocrx_word' id='word_1_724' title='bbox 520 5647 779 5706; x_wconf 76' lang='lat' dir='ltr'><strong>Eudoxia:</strong></span> <span class='ocrx_word' id='word_1_725' title='bbox 828 5650 1086 5719; x_wconf 62' lang='lat' dir='ltr'><strong>Augustae</strong></span> <span class='ocrx_word' id='word_1_726' title='bbox 1130 5655 1182 5702; x_wconf 90' lang='lat' dir='ltr'><strong>et</strong></span> <span class='ocrx_word' id='word_1_727' title='bbox 1226 5646 1549 5719; x_wconf 88' lang='lat' dir='ltr'><strong>Chrysaphii</strong></span> <span class='ocrx_word' id='word_1_728' title='bbox 1611 5652 1847 5706; x_wconf 80' lang='lat' dir='ltr'><strong>eunuchi</strong></span> <span class='ocrx_word' id='word_1_729' title='bbox 1888 5654 2099 5710; x_wconf 82' lang='lat' dir='ltr'><strong>artibus</strong></span> 
     </span>
    </p>
   </div>
   <div class='ocr_carea' id='block_1_102' title="bbox 519 5738 2096 5810">
    <p class='ocr_par' dir='ltr' id='par_1_102' title="bbox 519 5738 2096 5810">
     <span class='ocr_line' id='line_1_102' title="bbox 519 5738 2096 5810; baseline 0.007 -16"><span class='ocrx_word' id='word_1_730' title='bbox 519 5738 693 5797; x_wconf 70' lang='lat' dir='ltr'><strong>effecit</strong></span> <span class='ocrx_word' id='word_1_731' title='bbox 718 5740 1037 5806; x_wconf 86' lang='lat' dir='ltr'><strong>Dioscorus,</strong></span> <span class='ocrx_word' id='word_1_732' title='bbox 1080 5746 1137 5795; x_wconf 93' lang='lat' dir='ltr'><strong>ut</strong></span> <span class='ocrx_word' id='word_1_733' title='bbox 1174 5739 1422 5810; x_wconf 73' lang='lat' dir='ltr'><strong>proximo</strong></span> <span class='ocrx_word' id='word_1_734' title='bbox 1475 5757 1619 5798; x_wconf 89' lang='lat' dir='ltr'><strong>anno</strong></span> <span class='ocrx_word' id='word_1_735' title='bbox 1659 5760 1797 5801; x_wconf 85' lang='lat' dir='ltr'><strong>nova</strong></span> <span class='ocrx_word' id='word_1_736' title='bbox 1827 5760 2096 5805; x_wconf 77' lang='lat' dir='ltr'><strong>convoca-</strong></span> 
     </span>
    </p>
   </div>
   <div class='ocr_carea' id='block_1_103' title="bbox 2204 4548 3790 4625">
    <p class='ocr_par' dir='ltr' id='par_1_103' title="bbox 2204 4548 3790 4625">
     <span class='ocr_line' id='line_1_103' title="bbox 2204 4548 3790 4625; baseline -0.001 -20"><span class='ocrx_word' id='word_1_737' title='bbox 2204 4549 2534 4621; x_wconf 86' lang='lat' dir='ltr'><strong>chiepiscopi</strong></span> <span class='ocrx_word' id='word_1_738' title='bbox 2564 4548 2791 4617; x_wconf 87' lang='lat' dir='ltr'><strong>Leonis;</strong></span> <span class='ocrx_word' id='word_1_739' title='bbox 2826 4560 2879 4606; x_wconf 89' lang='lat' dir='ltr'><strong>et</strong></span> <span class='ocrx_word' id='word_1_740' title='bbox 2913 4552 2960 4607; x_wconf 92' lang='lat' dir='ltr'><strong>si</strong></span> <span class='ocrx_word' id='word_1_741' title='bbox 2986 4550 3139 4608; x_wconf 83' lang='lat' dir='ltr'><strong>vobis</strong></span> <span class='ocrx_word' id='word_1_742' title='bbox 3171 4551 3668 4625; x_wconf 86' lang='lat' dir='ltr'><strong>videtur,legantur</strong></span> <span class='ocrx_word' id='word_1_743' title='bbox 3695 4565 3790 4606; x_wconf 65' lang='lat' dir='ltr'><strong>eoo</strong></span> 
     </span>
    </p>
   </div>
   <div class='ocr_carea' id='block_1_104' title="bbox 2205 4639 3389 4712">
    <p class='ocr_par' dir='ltr' id='par_1_104' title="bbox 2205 4639 3389 4712">
     <span class='ocr_line' id='line_1_104' title="bbox 2205 4639 3389 4712; baseline 0.003 -19"><span class='ocrx_word' id='word_1_744' title='bbox 2205 4655 2321 4694; x_wconf 89' lang='lat' dir='ltr'><strong>ram</strong></span> <span class='ocrx_word' id='word_1_745' title='bbox 2355 4639 2527 4705; x_wconf 80' lang='lat' dir='ltr'><strong>vobis,</strong></span> <span class='ocrx_word' id='word_1_746' title='bbox 2561 4648 2621 4695; x_wconf 91' lang='lat' dir='ltr'><strong>ut</strong></span> <span class='ocrx_word' id='word_1_747' title='bbox 2648 4640 2790 4695; x_wconf 89' lang='lat' dir='ltr'><strong>sicut</strong></span> <span class='ocrx_word' id='word_1_748' title='bbox 2820 4641 3005 4711; x_wconf 87' lang='lat' dir='ltr'><strong>sapio,’</strong></span> <span class='ocrx_word' id='word_1_749' title='bbox 3023 4641 3389 4712; x_wconf 81' lang='lat' dir='ltr'><strong>cognoscatis.</strong></span> 
     </span>
    </p>
   </div>
   <div class='ocr_carea' id='block_1_105' title="bbox 2280 4731 3791 4805">
    <p class='ocr_par' dir='ltr' id='par_1_105' title="bbox 2280 4731 3791 4805">
     <span class='ocr_line' id='line_1_105' title="bbox 2280 4731 3791 4805; baseline 0.003 -21"><span class='ocrx_word' id='word_1_750' title='bbox 2280 4752 2299 4784; x_wconf 75' lang='grc' dir='ltr'><strong>ι</strong></span> <span class='ocrx_word' id='word_1_751' title='bbox 2329 4731 2792 4788; x_wconf 81' lang='lat' dir='ltr'><strong>Reverendissimi</strong></span> <span class='ocrx_word' id='word_1_752' title='bbox 2814 4734 3051 4805; x_wconf 76' lang='lat' dir='ltr'><strong>episcopi</strong></span> <span class='ocrx_word' id='word_1_753' title='bbox 3088 4735 3458 4788; x_wconf 86' lang='lat' dir='ltr'><strong>clamaverunt</strong></span> <span class='ocrx_word' id='word_1_754' title='bbox 3486 4752 3501 4787; x_wconf 89' lang='lat'><strong>:</strong></span> <span class='ocrx_word' id='word_1_755' title='bbox 3527 4732 3672 4788; x_wconf 84' lang='lat' dir='ltr'><strong>Nihil</strong></span> <span class='ocrx_word' id='word_1_756' title='bbox 3704 4748 3791 4789; x_wconf 85' lang='lat' dir='ltr'><strong>re-</strong></span> 
     </span>
    </p>
   </div>
   <div class='ocr_carea' id='block_1_106' title="bbox 2204 4820 3622 4895">
    <p class='ocr_par' dir='ltr' id='par_1_106' title="bbox 2204 4820 3622 4895">
     <span class='ocr_line' id='line_1_106' title="bbox 2204 4820 3622 4895; baseline 0.001 -16"><span class='ocrx_word' id='word_1_757' title='bbox 2204 4824 2306 4895; x_wconf 90' lang='lat' dir='ltr'><strong>legi</strong></span> <span class='ocrx_word' id='word_1_758' title='bbox 2342 4820 2625 4891; x_wconf 74' lang='lat' dir='ltr'><strong>volumu&#39;s;</strong></span> <span class='ocrx_word' id='word_1_759' title='bbox 2662 4826 2827 4881; x_wconf 90' lang='lat' dir='ltr'><strong>modo</strong></span> <span class='ocrx_word' id='word_1_760' title='bbox 2856 4826 3254 4882; x_wconf 85' lang='lat' dir='ltr'><strong>anathematiza</strong></span> <span class='ocrx_word' id='word_1_761' title='bbox 3287 4824 3622 4881; x_wconf 88' lang='lat' dir='ltr'><strong>Nestorium.</strong></span> 
     </span>
    </p>
   </div>
   <div class='ocr_carea' id='block_1_107' title="bbox 2281 4916 3786 4989">
    <p class='ocr_par' dir='ltr' id='par_1_107' title="bbox 2281 4916 3786 4989">
     <span class='ocr_line' id='line_1_107' title="bbox 2281 4916 3786 4989; baseline 0.002 -19"><span class='ocrx_word' id='word_1_762' title='bbox 2281 4938 2298 4971; x_wconf 77' lang='grc' dir='ltr'><strong>ι</strong></span> <span class='ocrx_word' id='word_1_763' title='bbox 2331 4916 2705 4974; x_wconf 89' lang='lat' dir='ltr'><strong>Theodoretus</strong></span> <span class='ocrx_word' id='word_1_764' title='bbox 2743 4918 3239 4974; x_wconf 85' lang='lat' dir='ltr'><strong>reverendissimus</strong></span> <span class='ocrx_word' id='word_1_765' title='bbox 3273 4918 3563 4989; x_wconf 87' lang='lat' dir='ltr'><strong>episcopus</strong></span> <span class='ocrx_word' id='word_1_766' title='bbox 3604 4916 3786 4973; x_wconf 84' lang='lat' dir='ltr'><strong>dixit:</strong></span> 
     </span>
    </p>
   </div>
   <div class='ocr_carea' id='block_1_108' title="bbox 2206 5010 3785 5082">
    <p class='ocr_par' dir='ltr' id='par_1_108' title="bbox 2206 5010 3785 5082">
     <span class='ocr_line' id='line_1_108' title="bbox 2206 5010 3785 5082; baseline -0.001 -17"><span class='ocrx_word' id='word_1_767' title='bbox 2206 5010 2318 5082; x_wconf 82' lang='lat' dir='ltr'><strong>Ego</strong></span> <span class='ocrx_word' id='word_1_768' title='bbox 2349 5027 2442 5080; x_wconf 90' lang='lat' dir='ltr'><strong>per</strong></span> <span class='ocrx_word' id='word_1_769' title='bbox 2477 5011 2570 5067; x_wconf 86' lang='lat' dir='ltr'><strong>Dei</strong></span> <span class='ocrx_word' id='word_1_770' title='bbox 2603 5010 2831 5082; x_wconf 86' lang='lat' dir='ltr'><strong>gratiam</strong></span> <span class='ocrx_word' id='word_1_771' title='bbox 2880 5010 2949 5067; x_wconf 89' lang='lat' dir='ltr'><strong>ab</strong></span> <span class='ocrx_word' id='word_1_772' title='bbox 2980 5010 3302 5067; x_wconf 79' lang='lat' dir='ltr'><strong>orthodoxis</strong></span> <span class='ocrx_word' id='word_1_773' title='bbox 3348 5026 3471 5066; x_wconf 85' lang='lat' dir='ltr'><strong>sunt</strong></span> <span class='ocrx_word' id='word_1_774' title='bbox 3524 5010 3785 5077; x_wconf 88' lang='lat' dir='ltr'><strong>nutritus,</strong></span> 
     </span>
    </p>
   </div>
   <div class='ocr_carea' id='block_1_109' title="bbox 2203 5101 3788 5172">
    <p class='ocr_par' dir='ltr' id='par_1_109' title="bbox 2203 5101 3788 5172">
     <span class='ocr_line' id='line_1_109' title="bbox 2203 5101 3788 5172; baseline -0.001 -15"><span class='ocrx_word' id='word_1_775' title='bbox 2203 5116 2256 5157; x_wconf 82' lang='lat' dir='ltr'><strong>et</strong></span> <span class='ocrx_word' id='word_1_776' title='bbox 2282 5105 2585 5159; x_wconf 79' lang='lat' dir='ltr'><strong>orthodoxe</strong></span> <span class='ocrx_word' id='word_1_777' title='bbox 2624 5120 2746 5158; x_wconf 82' lang='lat' dir='ltr'><strong>sum</strong></span> <span class='ocrx_word' id='word_1_778' title='bbox 2778 5104 3005 5159; x_wconf 85' lang='lat' dir='ltr'><strong>edoctus</strong></span> <span class='ocrx_word' id='word_1_779' title='bbox 3033 5112 3087 5160; x_wconf 89' lang='lat' dir='ltr'><strong>et</strong></span> <span class='ocrx_word' id='word_1_780' title='bbox 3128 5104 3431 5158; x_wconf 81' lang='lat' dir='ltr'><strong>orthodoxe</strong></span> <span class='ocrx_word' id='word_1_781' title='bbox 3461 5101 3788 5172; x_wconf 71' lang='grc' dir='ltr'>[ινςωίειινὶς</span> 
     </span>
    </p>
   </div>
   <div class='ocr_carea' id='block_1_110' title="bbox 2203 5193 3794 5267">
    <p class='ocr_par' dir='ltr' id='par_1_110' title="bbox 2203 5193 3794 5267">
     <span class='ocr_line' id='line_1_110' title="bbox 2203 5193 3794 5267; baseline 0 -17"><span class='ocrx_word' id='word_1_782' title='bbox 2203 5207 2256 5251; x_wconf 84' lang='lat' dir='ltr'><strong>et</strong></span> <span class='ocrx_word' id='word_1_783' title='bbox 2289 5212 2396 5251; x_wconf 90' lang='lat' dir='ltr'><strong>non</strong></span> <span class='ocrx_word' id='word_1_784' title='bbox 2435 5196 2610 5252; x_wconf 89' lang='lat' dir='ltr'><strong>solum</strong></span> <span class='ocrx_word' id='word_1_785' title='bbox 2646 5194 2956 5254; x_wconf 85' lang='lat' dir='ltr'><strong>Nestorium</strong></span> <span class='ocrx_word' id='word_1_786' title='bbox 3004 5205 3057 5250; x_wconf 91' lang='lat' dir='ltr'><strong>et</strong></span> <span class='ocrx_word' id='word_1_787' title='bbox 3097 5194 3214 5267; x_wconf 69' lang='grc'><strong>[25]</strong></span> <span class='ocrx_word' id='word_1_788' title='bbox 3258 5195 3574 5265; x_wconf 67' lang='lat' dir='ltr'><strong>Eutychen),</strong></span> <span class='ocrx_word' id='word_1_789' title='bbox 3611 5193 3704 5250; x_wconf 88' lang='lat' dir='ltr'><strong>sed</strong></span> <span class='ocrx_word' id='word_1_790' title='bbox 3736 5206 3794 5250; x_wconf 87' lang='lat' dir='ltr'><strong>et</strong></span> 
     </span>
    </p>
   </div>
   <div class='ocr_carea' id='block_1_111' title="bbox 2203 5288 3792 5359">
    <p class='ocr_par' dir='ltr' id='par_1_111' title="bbox 2203 5288 3792 5359">
     <span class='ocr_line' id='line_1_111' title="bbox 2203 5288 3792 5359; baseline 0.001 -16"><span class='ocrx_word' id='word_1_791' title='bbox 2203 5304 2422 5343; x_wconf 87' lang='lat' dir='ltr'><strong>omnem</strong></span> <span class='ocrx_word' id='word_1_792' title='bbox 2475 5290 2771 5356; x_wconf 89' lang='lat' dir='ltr'><strong>hominem,</strong></span> <span class='ocrx_word' id='word_1_793' title='bbox 2814 5292 2909 5359; x_wconf 91' lang='lat' dir='ltr'><strong>qui</strong></span> <span class='ocrx_word' id='word_1_794' title='bbox 2947 5298 3091 5344; x_wconf 87' lang='lat' dir='ltr'><strong>recte</strong></span> <span class='ocrx_word' id='word_1_795' title='bbox 3119 5303 3225 5342; x_wconf 91' lang='lat' dir='ltr'><strong>non</strong></span> <span class='ocrx_word' id='word_1_796' title='bbox 3262 5288 3425 5357; x_wconf 83' lang='lat' dir='ltr'><strong>sapit,</strong></span> <span class='ocrx_word' id='word_1_797' title='bbox 3460 5303 3701 5355; x_wconf 80' lang='lat' dir='ltr'><strong>aversor,</strong></span> <span class='ocrx_word' id='word_1_798' title='bbox 3733 5299 3792 5345; x_wconf 85' lang='lat' dir='ltr'><strong>et</strong></span> 
     </span>
    </p>
   </div>
   <div class='ocr_carea' id='block_1_112' title="bbox 2203 5383 2750 5453">
    <p class='ocr_par' dir='ltr' id='par_1_112' title="bbox 2203 5383 2750 5453">
     <span class='ocr_line' id='line_1_112' title="bbox 2203 5383 2750 5453; baseline -0.002 -15"><span class='ocrx_word' id='word_1_799' title='bbox 2203 5383 2439 5438; x_wconf 84' lang='lat' dir='ltr'><strong>ahenum</strong></span> <span class='ocrx_word' id='word_1_800' title='bbox 2466 5383 2750 5453; x_wconf 81' lang='lat' dir='ltr'><strong>existimo.</strong></span> 
     </span>
    </p>
   </div>
   <div class='ocr_carea' id='block_1_113' title="bbox 2280 5473 3791 5543">
    <p class='ocr_par' dir='ltr' id='par_1_113' title="bbox 2280 5473 3791 5543">
     <span class='ocr_line' id='line_1_113' title="bbox 2280 5473 3791 5543; baseline 0.003 -18"><span class='ocrx_word' id='word_1_801' title='bbox 2280 5493 2299 5525; x_wconf 74' lang='grc' dir='ltr'><strong>ι</strong></span> <span class='ocrx_word' id='word_1_802' title='bbox 2341 5474 2404 5527; x_wconf 82' lang='lat' dir='ltr'><strong>Et</strong></span> <span class='ocrx_word' id='word_1_803' title='bbox 2442 5473 2573 5529; x_wconf 89' lang='lat' dir='ltr'><strong>dum</strong></span> <span class='ocrx_word' id='word_1_804' title='bbox 2624 5474 2829 5529; x_wconf 80' lang='lat' dir='ltr'><strong>diceret</strong></span> <span class='ocrx_word' id='word_1_805' title='bbox 2880 5475 3017 5537; x_wconf 69' lang='lat' dir='ltr'><strong>haec,</strong></span> <span class='ocrx_word' id='word_1_806' title='bbox 3065 5473 3507 5529; x_wconf 86' lang='lat' dir='ltr'><strong>reverendissimi</strong></span> <span class='ocrx_word' id='word_1_807' title='bbox 3547 5473 3791 5543; x_wconf 85' lang='lat' dir='ltr'><strong>episcopi</strong></span> 
     </span>
    </p>
   </div>
   <div class='ocr_carea' id='block_1_114' title="bbox 2202 5564 3790 5627">
    <p class='ocr_par' dir='ltr' id='par_1_114' title="bbox 2202 5564 3790 5627">
     <span class='ocr_line' id='line_1_114' title="bbox 2202 5564 3790 5627; baseline 0 -6"><span class='ocrx_word' id='word_1_808' title='bbox 2202 5567 2579 5621; x_wconf 81' lang='lat' dir='ltr'><strong>clamaverttnt</strong></span> <span class='ocrx_word' id='word_1_809' title='bbox 2626 5585 2642 5619; x_wconf 89' lang='lat'><strong>:</strong></span> <span class='ocrx_word' id='word_1_810' title='bbox 2674 5565 2834 5621; x_wconf 87' lang='lat' dir='ltr'><strong>Clare</strong></span> <span class='ocrx_word' id='word_1_811' title='bbox 2872 5566 2959 5621; x_wconf 88' lang='lat' dir='ltr'><strong>die</strong></span> <span class='ocrx_word' id='word_1_812' title='bbox 2991 5565 3279 5627; x_wconf 85' lang='lat' dir='ltr'><strong>anathema</strong></span> <span class='ocrx_word' id='word_1_813' title='bbox 3305 5564 3556 5622; x_wconf 83' lang='lat' dir='ltr'><strong>Nestorio</strong></span> <span class='ocrx_word' id='word_1_814' title='bbox 3601 5576 3657 5621; x_wconf 86' lang='lat' dir='ltr'><strong>et</strong></span> <span class='ocrx_word' id='word_1_815' title='bbox 3697 5565 3790 5621; x_wconf 85' lang='lat' dir='ltr'><strong>do-</strong></span> 
     </span>
    </p>
   </div>
   <div class='ocr_carea' id='block_1_115' title="bbox 2206 5657 3788 5731">
    <p class='ocr_par' dir='ltr' id='par_1_115' title="bbox 2206 5657 3788 5731">
     <span class='ocr_line' id='line_1_115' title="bbox 2206 5657 3788 5731; baseline 0 -18"><span class='ocrx_word' id='word_1_816' title='bbox 2206 5660 2478 5731; x_wconf 87' lang='lat' dir='ltr'><strong>gmatibus</strong></span> <span class='ocrx_word' id='word_1_817' title='bbox 2494 5660 2613 5729; x_wconf 85' lang='lat' dir='ltr'><strong>ejus</strong></span> <span class='ocrx_word' id='word_1_818' title='bbox 2632 5674 2647 5723; x_wconf 88' lang='lat'><strong>;</strong></span> <span class='ocrx_word' id='word_1_819' title='bbox 2667 5660 2957 5713; x_wconf 85' lang='lat' dir='ltr'><strong>anathema</strong></span> <span class='ocrx_word' id='word_1_820' title='bbox 2969 5657 3220 5717; x_wconf 84' lang='lat' dir='ltr'><strong>Nestorio</strong></span> <span class='ocrx_word' id='word_1_821' title='bbox 3242 5669 3296 5715; x_wconf 92' lang='lat' dir='ltr'><strong>ct</strong></span> <span class='ocrx_word' id='word_1_822' title='bbox 3311 5661 3621 5716; x_wconf 86' lang='lat' dir='ltr'><strong>amantibus</strong></span> <span class='ocrx_word' id='word_1_823' title='bbox 3640 5675 3788 5727; x_wconf 79' lang='lat' dir='ltr'><strong>etim,</strong></span> 
     </span>
    </p>
   </div>
   <div class='ocr_carea' id='block_1_116' title="bbox 2278 5751 3787 5824">
    <p class='ocr_par' dir='ltr' id='par_1_116' title="bbox 2278 5751 3787 5824">
     <span class='ocr_line' id='line_1_116' title="bbox 2278 5751 3787 5824; baseline 0.002 -20"><span class='ocrx_word' id='word_1_824' title='bbox 2278 5772 2294 5804; x_wconf 83' lang='grc' dir='ltr'><strong>ι</strong></span> <span class='ocrx_word' id='word_1_825' title='bbox 2331 5751 2707 5807; x_wconf 82' lang='lat' dir='ltr'><strong>Theodoretus</strong></span> <span class='ocrx_word' id='word_1_826' title='bbox 2737 5752 3230 5808; x_wconf 78' lang='lat' dir='ltr'><strong>reverendissimus</strong></span> <span class='ocrx_word' id='word_1_827' title='bbox 3274 5753 3565 5824; x_wconf 69' lang='lat' dir='ltr'><strong>episcolms</strong></span> <span class='ocrx_word' id='word_1_828' title='bbox 3599 5752 3736 5808; x_wconf 81' lang='lat' dir='ltr'><strong>dixit</strong></span> <span class='ocrx_word' id='word_1_829' title='bbox 3772 5770 3787 5808; x_wconf 91' lang='lat'><strong>:</strong></span> 
     </span>
    </p>
   </div>
  </div>
