4136 6460
335 457 400 521 \9
1782 470 1962 527 DlSSJ

2070 471 2196 528 [ΛΤ
2209 472 2302 529 [0.
3611 477 3678 537 50

343 578 478 638 Vere
530 598 655 637 non
706 582 874 651 dico,
935 586 1062 641 nisi
1102 584 1373 656 quomodo
1436 586 1561 639 novi
1621 585 1727 639 Deo
1755 586 1989 655 placere.
2025 605 2066 656 Α
2100 588 2311 640 mittere
2371 589 2620 652 nolebat,
2672 589 2764 644 sed
2829 590 3212 657 mandaverat,
3275 607 3379 644 non
3431 604 3680 661 oportere

354 678 508 735 Prius
522 676 828 732 satisiacio
852 678 1055 744 vobis,
1081 680 1216 749 quia
1242 694 1414 747 neque
1433 680 1498 734 de
1520 678 1741 732 civitate
1775 679 1973 748 cogito,
2104 678 2380 733 Christum
2410 678 2590 733 dicere
2618 679 2710 733 sed
2759 677 3103 749 Unigenitum
3136 680 3459 751 gloriﬁcare.
3492 681 3560 737 Ut
3594 684 3679 737 his

370 788 540 842 neque
565 772 790 825 honore
818 786 975 840 opus
1007 772 1214 835 habeo,
1274 785 1447 840 neque.
1494 770 1564 824 ob
1597 771 1701 824 hoc
1740 771 1936 825 adveni
1981 803 1997 854 ς

371 866 463 921 sed
497 864 628 936 quia
658 864 1016 918 calumniam
1058 879 1257 933 passus
1306 879 1445 928 sunt,
1484 863 1603 916 veni
1657 862 1995 925 satisfacere,

381 973 474 1012 me
532 972 655 1011 esse
700 956 1138 1022 orthodoxum;
1189 963 1244 1010 et
1268 970 1481 1009 omnem
1534 955 1854 1009 baeretieum
1900 954 1994 1024 qui

375 1051 622 1106 converti
677 1049 966 1115 noluerit,
1013 1049 1455 1113 anathematizo,
1499 1057 1551 1101 et
1581 1046 1892 1101 Nestorium
1939 1058 1993 1102 ct

376 1141 708 1213 Eutychern,
741 1153 798 1197 ct
824 1156 1052 1196 omnem
1085 1141 1364 1195 hominem
1413 1139 1681 1193 dicentem
1738 1139 1812 1193 vel
1864 1139 1985 1196 oni-

377 1246 604 1288 nantem
641 1232 786 1288 duos
820 1233 990 1296 ﬁlios,
1022 1232 1452 1287 anathematizo.

453 1344 473 1376 ι
511 1323 581 1378 Et
603 1340 736 1378 cum
769 1324 997 1387 diceret,
1027 1321 1466 1377 reverendissimi
1495 1320 1738 1391 episcopi
1770 1320 1979 1373 clama-

375 1425 613 1470 verunt:
648 1413 748 1469 Dic
786 1425 979 1483 aperte
1015 1414 1307 1467 anathema
1353 1411 1607 1467 Nestorio
1646 1422 1697 1467 et
1753 1411 1841 1475 iis,
1889 1411 1980 1479 qui

373 1525 435 1563 ea
460 1523 587 1576 quae.
618 1507 745 1576 ejus
776 1515 929 1572 sunt,
961 1507 1201 1575 sapiunt.

452 1620 473 1652 ι
509 1599 905 1654 Theodoretus
935 1597 1428 1653 reverendissimus
1462 1597 1749 1666 cpisc0pus
1798 1595 1976 1649 dixit:

372 1691 487 1761 Ego
515 1691 628 1747 nisi
654 1705 970 1761 exposuero
988 1689 1266 1758 quomodo
1291 1688 1476 1753 credo,
1508 1704 1613 1743 non
1637 1687 1777 1742 dico.
1803 1685 1980 1741 Credo

374 1793 586 1836 autem.
631 1819 649 1836 ο
690 1820 706 1833 .
747 1818 765 1834 ο
805 1819 822 1834 υ
867 1819 884 1833 .

440 1893 460 1924 ι
503 1872 728 1927 Etcum
760 1872 994 1934 diceret,
1025 1869 1466 1925 reverendissimi
1500 1866 1743 1938 episcopi
1783 1866 1979 1920 clama-

2104 771 2440 839 tempm-ibus
2472 787 2682 840 magna:
2710 772 2775 825 de
2803 772 2981 827 verbis
3013 773 3203 843 agitari
3257 775 3504 828 solebant
3529 776 3672 842 lites,

2100 862 2174 916 ita
2222 879 2441 932 quoque
2482 865 2582 918 sub
2630 865 2730 920 hac
2770 867 3055 920 verborum
3105 866 3269 921 nimia
3327 867 3676 923 distinctione

2103 953 2343 1008 ha‘retici
2378 954 2579 1024 aliquid
2626 955 2789 1009 latere
2819 958 3080 1025 putabant
3122 957 3309 1027 aliqui,
3346 976 3440 1013 nec
3470 961 3674 1029 absque

2098 1045 2309 1099 ratione
2338 1046 2626 1101 verebatur
2650 1046 3045 1112 Theodoretus,
3081 1066 3147 1103 ne
3195 1051 3333 1104 idem
3370 1052 3514 1120 quod
3558 1052 3673 1120 ipse

2094 1134 2220 1187 olim
2254 1145 2510 1204 expertus
2542 1146 2682 1200 erat,
2717 1138 2986 1194 accideret
3010 1140 3186 1205 Aetio,
3220 1151 3274 1193 ut
3296 1143 3503 1196 scilicet
3534 1143 3670 1196 duos

2091 1221 2143 1274 in
2203 1222 2344 1277 ﬁlios
2380 1224 2621 1281 dividere
2668 1224 2783 1299 [9.7]
2834 1236 3113 1297 putaretur
3163 1246 3329 1283 unum
3380 1231 3666 1284 Dominum

2089 1322 2340 1369 nostrum
2390 1314 2573 1370 Jesum
2610 1318 2909 1384 Christum,
2963 1330 3017 1374 et
3052 1320 3398 1391 Uuigcnitum
3447 1323 3663 1392 quidem

2088 1406 2393 1477 legitituum
2435 1410 2657 1464 credere
2700 1410 2867 1465 tilium
2921 1428 2984 1465 ac
3031 1416 3353 1478 naturalem,
3386 1414 3665 1468 Christum

2092 1511 2222 1551 vero
2280 1498 2591 1567 adoptivum
2642 1516 2705 1553 ac.
2743 1501 2993 1567 nothum,
3050 1503 3234 1571 sicque
3279 1504 3667 1574 glorilicatione

2086 1587 2393 1658 indignum.
2412 1588 2487 1643 Ita
2514 1589 2587 1644 rei
2622 1601 2821 1644 statum
2849 1592 3090 1661 depingit
3112 1591 3308 1646 Noster
3337 1594 3389 1646 in
3425 1594 3663 1662 Epistola

2087 1694 2252 1748 quam
2291 1682 2452 1735 modo
2490 1683 2868 1751 allegavimus,
2900 1684 3016 1753 ipse
3053 1700 3179 1738 vero
3204 1686 3348 1754 quod
3383 1688 3663 1755 prudentis

2083 1780 2203 1826 erat
2256 1772 2642 1841 moderatoris,
2689 1777 2863 1831 multo
2892 1792 3015 1831 cum
3047 1778 3229 1831 studio
3268 1781 3489 1851 peregit,
3537 1795 3660 1835 cum

2084 1878 2189 1917 non
2222 1863 2385 1917 modo
2416 1864 2469 1917 in
2496 1864 2596 1920 hac
2624 1865 2863 1936 Epistola
2901 1869 3078 1923 locum
3114 1870 3282 1924 istum
3318 1871 3383 1925 de
3411 1870 3663 1926 incarna-

368 1977 568 2022 verunt
603 1985 618 2020 :
654 1964 764 2019 Iste
810 1964 1105 2019 haereticus
1150 1973 1257 2027 est,
1304 1964 1408 2017 istc
1460 1960 1820 2030 Nestorianus
1869 1969 1971 2023 est,
2013 1942 2051 1996 Β
2082 1954 2249 2021 tione,
2282 1958 2345 2009 de
2376 1972 2483 2026 quo
2519 1969 2647 2013 tunc
2678 1961 2939 2029 temporis
2964 1978 3088 2014 cum
3122 1977 3314 2029 magna
3349 1963 3655 2017 animorum

367 2059 696 2114 bereticum
734 2056 891 2110 foras
919 2057 1098 2110 mitte.

436 2171 458 2204 ι
496 2152 894 2208 Theodoretus
925 2148 1423 2205 reverendissimus
1464 2150 1755 2219 episcopus
1794 2150 1969 2206 dixit:

360 2244 681 2297 Anathema
718 2241 985 2297 Nestorio
1009 2251 1064 2298 et
1091 2244 1138 2296 ei
1164 2243 1257 2310 qui
1286 2256 1394 2296 non
1438 2242 1570 2297 dicit
1604 2242 1698 2297 Dei
1737 2243 1975 2300 Genitri-

359 2351 479 2389 cem
517 2335 805 2404 Virginem
849 2333 1105 2400 Mariam,
1139 2345 1194 2389 et
1237 2334 1329 2403 qui
1366 2335 1420 2388 in
1452 2335 1591 2390 duos
1639 2334 1777 2391 ﬁlios
1808 2336 1976 2406 parti-

358 2439 451 2483 tur
480 2442 657 2484 unum
691 2426 900 2481 Filium
944 2426 1313 2496 unigenitum.
1369 2425 1479 2496 Ego
1523 2438 1702 2481 autem
1754 2436 1810 2481 et
1844 2428 1969 2481 ﬁdei

360 2522 674 2578 deﬁnitioni
738 2519 1093 2587 subscripsi,
1136 2527 1189 2572 et
1243 2518 1486 2586 epistolae
1549 2518 1876 2573 sanctissimi
1919 2529 1972 2573 et

360 2615 475 2669 Deo
524 2611 906 2669 amantissimi
964 2608 1364 2678 archiepiscopi
1396 2608 1603 2663 domini
1651 2609 1871 2676 Leonis,
1918 2620 1971 2665 et

359 2707 443 2761 sic
474 2706 656 2774 sapio.
690 2703 758 2758 Et
796 2711 925 2771 post
954 2701 1143 2755 omnia
1173 2701 1288 2754 haec
1322 2700 1475 2765 dixit,
1508 2700 1741 2757 Salvete.

446 2815 467 2848 ι
525 2794 923 2851 Clariosissimi
978 2793 1200 2861 jndices
1247 2792 1505 2846 dixerunt
1548 2811 1562 2847 :
1613 2791 1807 2848 Omnis
1853 2793 1965 2861 jam

374 2885 657 2938 dubitatio
695 2886 758 2936 de
799 2882 1164 2936 Theodoreto
1217 2880 1671 2937 reverendissimo
1709 2884 1973 2952 episcopo

380 2987 469 3031 est
504 2975 707 3041 solata;
742 2977 938 3044 quippe
986 2986 1043 3027 et
1072 2972 1377 3027 Nestorium
1426 2989 1609 3027 coram
1650 2974 1803 3028 vobis
1828 2990 1963 3029 ana—

385 3066 766 3128 tbcmatizavil,
805 3076 857 3120 et
896 3081 927 3120 a
971 3065 1326 3119 sanctissimo
1355 3075 1407 3119 et
1458 3063 1552 3120 Dei
1586 3066 1966 3122 amantissimo

371 3158 605 3212 senioris
641 3159 792 3211 urbis
829 3157 1023 3211 Romae
1069 3156 1250 3210 Leone
1302 3167 1587 3227 susceptus
1609 3169 1710 3221 est,
1753 3170 1804 3212 et
1835 3158 1965 3212 deﬁ-

360 3244 623 3299 nitionem
649 3246 774 3299 ﬁdei
794 3261 823 3298 a
851 3244 1218 3314 religiositate
1256 3255 1432 3298 vestra
1454 3246 1714 3315 prolatam
1739 3247 1965 3302 libenter

354 3334 648 3404 suscepit,
692 3333 814 3405 [26]
846 3345 904 3389 et
944 3336 1173 3402 insuper
1226 3334 1470 3402 epistolae
1518 3336 1800 3389 memorati
1833 3352 1961 3390 sau-

353 3426 586 3481 ctissimi
608 3426 1023 3495 archiepiscopi
1065 3413 1265 3479 Leonis
1302 3426 1642 3496 subscripsit.
1672 3426 1828 3481 Deest
1861 3428 1963 3498 igi-

356 3528 469 3583 tur,
511 3528 573 3570 ut
604 3517 885 3572 sententia
913 3518 1231 3587 proferatur
1258 3533 1287 3571 a
1333 3519 1636 3571 reverentia
1671 3529 1873 3585 vestra,
1904 3529 1962 3573 ut

353 3609 666 3664 Ecclesiam
697 3625 859 3663 suam
894 3609 1150 3679 recipiat,
1181 3610 1325 3665 sicut
1351 3618 1407 3665 et
1435 3610 1820 3666 sanctissimus
1849 3609 1959 3665 Leo

351 3703 647 3771 cpiscopus
677 3704 976 3772 judicavit.

438 3814 456 3845 ι
511 3796 724 3850 Otnnes
761 3796 1212 3850 reverendissimi
1243 3795 1483 3865 episcopi
1532 3797 1907 3850 clamaveruut
1940 3813 1954 3848 :

353 3887 746 3942 'l'heodoretus
784 3887 990 3957 dignus
1048 3899 1134 3942 est
1183 3889 1333 3948 sede.
1390 3886 1629 3942 Ecclesia
1689 3896 1955 3956 pastorem

352 3980 583 4047 recipiat
620 3998 636 4032 :
672 3979 1050 4033 orthodoxam
1096 3980 1373 4035 doctorem
1410 3978 1655 4035 Ecclesia
1706 3981 1954 4050 recipiat,

351 4069 750 4126 Theodorctus
788 4073 992 4142 dignus
1026 4082 1112 4126 est
1139 4075 1264 4127 sede
1288 4092 1299 4126 :
1327 4074 1745 4144 archiepiscopo
1786 4073 1954 4127 Leoni

351 4165 555 4217 multos
577 4180 782 4218 annos.
834 4163 965 4218 Post
1000 4164 1168 4219 Deum
1210 4164 1318 4219 Leo
1354 4166 1620 4232 judicavit
1670 4183 1683 4217 :
1722 4164 1957 4234 pepulus

349 4256 732 4310 orthodoxam
763 4256 996 4325 recipiat
1038 4258 1261 4326 dignum
1295 4273 1395 4311 sua
1425 4258 1573 4312 sede.
1613 4256 1957 4312 'l'hcodoreto

349 4346 634 4400 catholico
657 4346 877 4400 doctori
920 4347 1181 4400 reddatur
1231 4346 1491 4402 Ecclesia.
1540 4368 1558 4400 ο

410 4438 495 4492 Ad
554 4439 782 4492 tertiam
818 4436 954 4492 Vit-.e
989 4438 1153 4508 hujus
1206 4450 1415 4509 partem
1460 4440 1794 4508 accedirnus,
1837 4457 1957 4512 qua:

349 4531 545 4585 ultima
568 4530 761 4585 Nostri
793 4530 923 4597 fata,
952 4541 1007 4585 et
1038 4541 1219 4585 motus
1246 4543 1367 4600 post
1397 4543 1625 4587 mortem
1650 4534 1771 4603 ejus
1805 4545 1959 4591 ortos

2081 2051 2432 2105 contentione
2469 2052 2871 2122 disputabatur,
2902 2064 3158 2110 accurate
3200 2066 3513 2124 exponeret,
3565 2055 3657 2110 sed

2081 2144 2405 2212 peculiarem
2435 2163 2654 2217 quoque
2681 2147 2748 2203 de
2780 2149 2884 2204 hoc
2913 2160 3234 2221 argumento
3259 2151 3459 2205 librum
3496 2166 3653 2206 com-

2080 2243 2324 2303 poneret,
2360 2236 2517 2306 cujus
2541 2249 2720 2292 autem
2756 2256 2861 2294 non
2892 2241 2993 2295 nisi
3041 2240 3366 2311 Fragmenta
3408 2242 3653 2310 qmedam

2078 2335 2305 2380 aetatem
2326 2328 2584 2383 tulerunt.
2613 2329 2807 2386 Plures
2849 2333 2966 2388 sine
3000 2333 3165 2388 dubio
3210 2335 3429 2404 scripsit
3466 2334 3653 2400 libros,

2079 2431 2203 2471 cum
2229 2418 2470 2488 jucundo
2506 2421 2611 2477 hoc
2637 2423 2748 2478 otio
2782 2424 3101 2480 abundaret.
3139 2424 3278 2481 Sunt
3325 2427 3470 2481 enim
3515 2427 3656 2481 inter

2082 2511 2284 2565 multos
2318 2512 2439 2567 illos
2471 2530 2609 2584 quos
2659 2516 2898 2586 reliquit,
2934 2518 3204 2581 nonnulli,
3236 2518 3303 2574 de
3334 2520 3535 2589 quibus
3563 2534 3654 2573 sa-

2080 2598 2147 2652 tis
2178 2609 2327 2653 certo
2379 2611 2614 2669 constat,
2666 2620 2761 2659 eos
2790 2622 2899 2660 non
2932 2615 3057 2661 ante
3106 2610 3322 2664 concilii
3355 2610 3652 2665 Chalcedo-

2075 2690 2260 2744 nensis
2290 2699 2550 2761 tempora,
2576 2708 2702 2759 seu,
2725 2697 2869 2765 quod
2911 2697 3049 2751 idem
3081 2708 3182 2766 est,
3211 2710 3335 2755 ante
3370 2716 3556 2770 pacem
3597 2709 3653 2757 et

2074 2780 2309 2848 quietem
2331 2781 2527 2837 Nostro
2549 2789 2762 2840 tandem
2790 2789 3116 2855 restitutam,
3145 2807 3265 2845 esse
3295 2795 3646 2862 compositos.

2074 2869 2355 2925 Falluntur
2380 2874 2560 2942 itaque
2584 2874 2852 2933 Baronius
2882 2887 2934 2932 et
2963 2878 3307 2943 Sirmondus,
3355 2884 3446 2949 qui
3488 2893 3643 2950 puta-

2075 2969 2222 3025 runt,
2255 2960 2654 3017 Thcodoretum
2688 2965 2835 3019 brevi
2867 2980 2988 3035 post
3020 2968 3309 3022 concilium
3344 2970 3472 3024 illud
3507 2981 3647 3026 tem-

2074 3067 2203 3120 pore
2254 3068 2383 3106 ann.
2417 3052 2481 3107 (Σ.
2514 3054 2618 3108 455
2654 3054 2775 3111 fatis
2825 3055 3071 3111 functum
3122 3075 3261 3114 esse.
3297 3059 3501 3115 Contra
3546 3062 3650 3116 hos

2074 3150 2277 3213 pugnat
2308 3144 2360 3197 iu
2393 3145 2583 3213 primis
2612 3146 2945 3213 Gennadius,
2981 3150 3067 3219 qui
3101 3159 3351 3217 testatur,
3389 3150 3644 3207 Nostrqu

2072 3235 2125 3289 in
2155 3238 2262 3291 vita
2290 3238 2466 3291 adhuc
2491 3241 2836 3308 superstitem
2862 3240 3025 3299 fuisse.
3052 3256 3177 3297 cum
3199 3259 3421 3313 regnum
3453 3260 3646 3315 capes-

2047 3332 2209 3385 seret
2243 3331 2351 3386 Leo
2378 3333 2696 3401 imperator,
2725 3335 2912 3403 sicque
2934 3351 3061 3389 anu.
3093 3335 3154 3390 C.
3179 3337 3302 3392 457.
3335 3339 3643 3408 Argumen-

2066 3434 2174 3478 tum
2206 3426 2351 3494 quod
2390 3443 2453 3479 ex
2506 3427 2778 3483 Chronico
2814 3427 3108 3484 Marcellini
3162 3431 3315 3486 duxit
3370 3433 3639 3492 Lahbeus.

2062 3517 2245 3572 minus
2295 3526 2471 3572 tutum
2514 3536 2635 3575 esse
2664 3521 2897 3587 videtur,
2943 3524 3071 3592 quia
3126 3523 3178 3575 in
3221 3522 3491 3579 Chronico
3538 3526 3643 3579 isto

2061 3609 2320 3678 temporis
2345 3619 2472 3664 nota
2505 3610 2645 3664 haud
2677 3612 2810 3667 satis
2834 3612 3189 3667 dctcrtninata
3212 3622 3314 3667 est.
3345 3615 3516 3667 Multo
3540 3616 3640 3667 rui-

2062 3715 2168 3753 nus
2197 3699 2560 3755 insistendum
2601 3716 2725 3757 esse
2765 3702 2978 3757 videtur
3017 3704 3125 3761 illis
3156 3722 3274 3774 qua:
3303 3723 3332 3760 e
3365 3704 3638 3760 Theodori

2060 3790 2305 3847 Lectoris
2339 3791 2700 3848 Collectaneis
2727 3794 3022 3849 Garnerius
3060 3795 3218 3849 Auct.
3254 3814 3305 3866 p.
3346 3798 3465 3863 148,
3493 3808 3639 3852 attu-

2060 3883 2140 3946 lit,
2174 3893 2233 3936 ιιι
2262 3883 2534 3952 probaret,
2564 3882 2821 3937 Nostrum
2879 3900 3010 3938 ann.
3058 3889 3119 3940 (Σ.
3149 3888 3253 3942 458
3284 3905 3345 3941 ex
3397 3889 3496 3941 hac
3530 3891 3636 3943 vita

2059 3976 2379 4031 discessisse
2415 3995 2427 4030 τ
2463 3991 2583 4045 qua:
2649 3976 2792 4029 enim
2846 3975 2913 4030 de
2976 3976 3179 4032 δειροὺο
3233 3977 3639 4050 'l'haumaturgo

2060 4083 2189 4120 ann.
2218 4068 2278 4121 C.
2319 4067 2425 4122 458
2452 4068 2627 4122 adlmc
2661 4069 2949 4138 superstite
2988 4079 3299 4136 narrantur,
3338 4085 3472 4139 vago
3498 4070 3638 4125 Eva-

2037 4158 2160 4227 ,grii
2209 4158 2522 4212 testimonio
2570 4160 2836 4214 nituntur.
2882 4161 3240 4215 Tutissimum
3298 4163 3481 4231 itaque
3517 4180 3638 4219 esse

2058 4259 2339 4319 putamus,
2393 4251 2604 4306 obitum
2651 4252 2977 4323 Theodoreti
3021 4270 3149 4307 ann.
3182 4255 3244 4308 C.
3281 4255 3382 4309 457
3436 4254 3637 4310 referre

2060 4355 2187 4394 cum
2229 4339 2580 4399 Tillemontio
2606 4354 2660 4400 et
2682 4345 2823 4400 aliis.

2132 4432 2267 4500 Hoc,
2299 4444 2362 4489 ut
2387 4446 2665 4505 putamus,
2698 4452 2865 4501 anno,
2896 4438 2949 4492 in
2979 4454 3112 4508 pace
3144 4438 3399 4493 Ecclesire
3433 4440 3633 4496 obdor-

2060 4525 2234 4589 mivit,
2267 4535 2315 4581 et
2355 4527 2576 4582 charam
2608 4529 2690 4584 sui
2743 4530 3064 4585 memoriam
3094 4530 3314 4601 reliquit
3358 4533 3629 4599 omnibus,

349 4630 620 4691 exponet,
682 4623 881 4689 sicque
936 4622 1316 4691 progredietur
1364 4638 1539 4691 usque
1585 4624 1650 4677 ad
1708 4633 1950 4694 tempora
1987 4622 2029 4675 ι)
2057 4617 2150 4686 qni
2176 4617 2346 4671 libero
2370 4633 2401 4671 a
2438 4619 2765 4689 praejudiciis
2802 4620 2985 4674 animo
3017 4620 3239 4689 dignum
3270 4621 3386 4693 [28]
3423 4623 3632 4677 meritis

348 4715 545 4783 synodi
584 4714 827 4783 qttitttze.
858 4711 988 4767 Post
1009 4714 1300 4767 concilium
1323 4713 1777 4771 Chalcedonense
1825 4719 1949 4787 plu-

347 4806 553 4860 rimum
617 4806 849 4875 quidem
909 4808 1169 4875 temporis
1223 4809 1457 4875 spatium
1509 4810 1563 4861 in
1618 4810 1953 4865 monasterio

348 4908 516 4963 prope
544 4894 763 4965 Cyrum
812 4895 994 4962 posito
1028 4896 1371 4965 consumpsit
1423 4896 1820 4963 Theodoretus,
1874 4900 1950 4954 ita

354 4994 526 5040 tamen
554 4996 621 5039 ut
661 4985 923 5040 Ecclesia:
953 5002 1065 5041 sua:
1092 4987 1255 5041 saluti
1300 5003 1514 5043 sununa
1539 5005 1669 5044 cura
1706 4989 1950 5060 invigila-

350 5091 444 5135 ret.
500 5081 1005 5151 Exoptatissimam
1048 5078 1217 5135 fuisse
1263 5081 1403 5134 hanc
1450 5091 1776 5150 postremam
1831 5086 1951 5139 vita:

270 5174 277 5179 '
344 5171 459 5239 ejus
516 5183 769 5241 partem,
822 5171 1135 5240 colligimus
1177 5187 1242 5225 ex
1301 5172 1531 5242 epistola
1568 5174 1636 5229 ad
1682 5171 1946 5230 Joannem

340 5262 731 5316 tlicouomum
766 5259 893 5313 data
923 5260 1068 5330 (HG)
1098 5301 1113 5325 ,
1154 5260 1209 5313 in
1257 5275 1365 5330 qua
1411 5270 1664 5327 testatur,
1699 5277 1757 5318 se
1803 5263 1949 5316 dele-

336 5352 475 5404 (tari
506 5351 705 5421 quiete
743 5359 801 5404 et
831 5349 942 5403 vita
974 5368 1002 5403 a
1030 5350 1181 5405 curis
1212 5350 1401 5404 libera.
1432 5350 1507 5404 Ex
1538 5352 1726 5406 eadem
1765 5363 1946 5407 autem

335 5444 575 5511 cpistola
608 5441 968 5511 perspicitur,
997 5456 1173 5495 novos
1207 5456 1273 5493 eo
1300 5452 1542 5508 tempore
1573 5452 1755 5497 motus
1793 5455 1944 5498 Ortos

335 5548 465 5586 esse
512 5533 681 5602 culpa
722 5532 866 5585 Aetii
898 5531 1300 5595 archidiaconi,
1335 5532 1426 5600 qui
1457 5543 1774 5587 consuetam
1824 5548 1949 5587 ora.

338 5624 555 5676 tioaum
581 5631 640 5677 ct
680 5639 903 5693 precum
932 5623 1263 5689 clausulam,
1301 5624 1427 5693 quia
1457 5633 1505 5676 le
1533 5623 1675 5677 decet
1699 5625 1872 5695 gloria
1898 5636 1947 5679 et

336 5710 623 5767 Christum
666 5722 816 5767 tuum
855 5724 904 5767 et
934 5725 1184 5767 sanctum
1228 5722 1377 5765 tuum
1408 5712 1673 5782 Spiritum
1701 5715 1841 5784 (seu,
1885 5724 1944 5768 ut

337 5801 437 5857 alii
464 5803 653 5860 dicere
684 5804 953 5868 solebant,
980 5804 1162 5875 gratia
1185 5810 1237 5857 et
1289 5802 1583 5873 benignitas
1618 5804 1816 5859 Christi
1840 5807 1941 5869 tui,

339 5906 462 5945 cum
491 5906 665 5964 quote
696 5896 839 5949 decet
862 5895 1038 5966 glnria
1087 5909 1209 5947 cum
1242 5901 1425 5946 sancto
1468 5904 1556 5948 tua
1590 5895 1819 5965 Spiritu)
1849 5897 1943 5951 ad-

2057 4708 2643 4777 statuebantpretium.
2672 4708 2928 4763 Eamdem
2962 4717 3143 4765 tamen
3182 4720 3304 4781 post
3328 4711 3436 4765 fata
3463 4712 3626 4765 etiam

2054 4812 2313 4870 expertus
2356 4814 2437 4857 cst
2476 4813 2699 4870 sortem,
2741 4820 2905 4874 quam
2962 4806 3092 4859 dum
3152 4806 3392 4870 viveret,
3443 4805 3632 4859 habuit

2054 4893 2210 4947 valde
2243 4894 2506 4963 iniquam.
2556 4895 2755 4951 Ultima
2805 4898 3024 4966 quidem
3067 4911 3247 4952 rerum
3299 4896 3435 4951 linea
3482 4912 3630 4951 mors

2054 4984 2274 5049 dicitur,
2310 4986 2453 5039 etde
2487 4988 2718 5040 mortuis
2756 5003 2860 5042 non
2896 4988 3000 5041 nisi
3036 4987 3171 5042 bene
3192 4986 3478 5041 dicendum
3510 5002 3631 5041 e5>c

2054 5077 2331 5145 sapienter
2366 5090 2737 5147 praeceperunt
2772 5079 3029 5148 majores,
3061 5080 3154 5135 sed
3193 5078 3392 5134 Nostro
3423 5094 3530 5131 non
3564 5080 3630 5132 Ii-

2053 5166 2168 5221 cuit
2199 5182 2323 5221 esse
2347 5167 2480 5222 adeo
2507 5168 2670 5233 felici,
2705 5182 2761 5223 ut
2799 5170 2963 5225 illmsa
3002 5178 3120 5234 post
3147 5179 3376 5223 tuortem
3423 5169 3631 5223 fruere-

2054 5265 2142 5312 tur
2173 5256 2338 5312 fama.
2389 5258 2751 5315 Redeundum
2788 5261 2973 5328 itaque
3021 5261 3178 5314 nobis
3209 5270 3290 5315 est
3340 5260 3406 5314 ad
3456 5262 3628 5315 histo-

2050 5348 2188 5402 riam
2220 5350 2378 5419 cujus
2423 5351 2582 5405 ﬁnem
2623 5351 2735 5421 jam
2784 5351 3034 5416 attigisse
3070 5351 3406 5405 videbamur.
3452 5352 3625 5417 Quam

2058 5437 2170 5492 ﬁeri
2202 5449 2399 5508 potest,
2431 5441 2778 5509 paucissimis
2807 5443 2985 5496 adhuc
3023 5444 3314 5496 enarrandi
3344 5452 3472 5496 sunt
3511 5460 3626 5495 mo-

2051 5539 2160 5594 tus,
2196 5532 2287 5600 qui
2332 5547 2427 5600 per
2463 5533 2732 5603 integrum
2783 5543 2840 5590 et
2893 5536 3037 5600 quod
3077 5536 3319 5588 excurrit
3364 5535 3622 5589 saeculum

2052 5623 2340 5678 turbarunt
2364 5619 2659 5679 Orientem.
2695 5624 2825 5691 Qua:
2852 5627 2990 5680 solet
3026 5640 3148 5681 esse
3178 5640 3494 5695 magnorum
3543 5626 3623 5677 vi—

2050 5730 2235 5769 rorum
2270 5715 2532 5784 conditio,
2562 5726 2622 5770 ut
2647 5718 2691 5769 si
2725 5717 2831 5770 vita
2868 5726 3245 5776 excesserunt.
3282 5697 3396 5783 piis.
3431 5730 3620 5769 eorum

2049 5805 2303 5861 manibus
2343 5805 2489 5861 haud
2527 5822 2653 5862 raro
2703 5807 2965 5861 insultent
3020 5807 3133 5869 illi,
3181 5805 3382 5873 quibus
3433 5821 3527 5860 ora
3567 5818 3623 5859 et

2050 5895 2261 5965 lirguas
2312 5896 2539 5952 solvisse
2590 5898 2802 5951 videtur
2849 5895 3085 5952 defuncti
3150 5895 3331 5951 obitus
3363 5935 3376 5959 ,
3432 5897 3617 5952 eadem
