4136 6508
513 416 539 453 Ε

511 411 575 479 fil
1453 425 1550 485 DE
1604 429 1781 489 VITA
1822 430 1918 489 ΕΤ
1973 432 2316 493 SCRIPTIS
2372 437 2859 499 TIIEODORETI
3720 448 3790 507 52

509 549 728 604 quoque
756 534 861 589 fuit
887 552 1005 591 sors
1029 536 1376 592 Theodoreti.
1406 540 1501 594 Vix
1523 544 1667 597 enim
1700 561 1729 599 e
1759 546 1865 599 vita
1896 547 2099 602 disces-
2130 555 2175 610 Α
2204 550 2331 617 quis
2363 565 2466 604 non
2499 552 2727 605 miretur
2758 568 3030 607 summam
3067 554 3163 606 viri
3191 555 3636 619 inconstantiam,
3662 571 3786 624 quae

510 638 676 693 serat,
713 645 837 682 cum
870 629 1214 702 Entychiani,
1250 633 1341 703 qui
1369 648 1512 705 ψει-ο
1552 634 1799 692 ferebant
1834 656 1938 692 non
1990 641 2098 695 Eu-

511 720 688 790 tychis
713 731 924 776 tantum
957 724 1048 778 sed
1078 722 1325 781 Dioscori
1358 742 1576 798 quoque
1601 730 1897 799 j'acturam,
1937 749 2092 788 acer-

512 813 752 870 bissimis
779 816 1070 873 calumniis
1131 818 1231 872 viri
1280 820 1499 890 optimi,
1528 823 1640 877 imo
1669 825 1836 880 totius
1879 827 2092 896 synodi,

509 905 977 963 Chalcedonensis
1016 912 1336 965 memoriam
1375 913 1515 967 male
1565 914 1631 968 ad
1666 926 1915 985 posteros
1943 932 2098 970 emn-

511 999 769 1053 nicndare
799 1002 1197 1056 anniterentur.
1228 1002 1506 1060 SiVictori
1540 1005 1853 1062 Tunonensi
1887 1019 1937 1062 et
1960 1010 2097 1064 Eva-

509 1091 651 1157 grio,
687 1108 849 1161 quem
891 1105 1183 1165 utrumque
1209 1104 1614 1168 tamenparum
1646 1100 1809 1154 ﬁdum
1843 1116 1965 1156 esse
1990 1119 2094 1157 no-

506 1182 708 1247 vimus,
752 1184 1088 1239 credendum
1136 1187 1227 1249 sit,
1276 1188 1569 1244 Anastasio
1621 1190 1925 1259 imperante
1974 1193 2096 1247 duae

510 1286 862 1346 congregatae
911 1290 1044 1332 sunt
1071 1282 1284 1350 synodi,
1320 1282 1788 1352 Constantinopoli
1825 1300 1956 1350 una,
2007 1284 2093 1340 Si-

510 1367 656 1421 done
690 1368 743 1421 in
795 1368 1085 1424 Palaestina
1129 1371 1333 1434 altera,
1380 1372 1432 1424 in
1462 1372 1665 1441 quibus
1714 1375 1970 1429 damnata
2014 1387 2099 1431 est

511 1458 693 1513 Nostri
728 1462 1013 1515 memoria.
1053 1462 1159 1516 Sed
1183 1477 1306 1516 eum
1347 1464 1481 1518 satis
1507 1464 1742 1523 obscura
1782 1468 1853 1521 sit
1885 1470 2093 1523 utrius-

508 1568 618 1624 que
652 1554 843 1624 synodi
877 1554 1033 1608 istius
1064 1554 1308 1621 historia,
1351 1556 1538 1610 utilius
1587 1571 1809 1626 operam
1847 1569 2091 1614 nostrain

507 1646 925 1711 c-ollocabimus,
948 1647 992 1699 si
1032 1647 1137 1702 illis
1172 1648 1517 1716 potissimum
1563 1649 1915 1717 inlueremus,
1972 1669 2093 1721 qua:

507 1740 574 1792 ad
632 1738 954 1793 invidiosam
998 1739 1063 1792 de
1113 1739 1290 1794 tribus
1340 1739 1605 1808 Capitulis
1656 1745 2089 1799 controversiam

509 1830 799 1898 pertinent.
837 1827 1143 1884 Turbarum
1174 1846 1308 1900 quas
1342 1831 1666 1904 Eutychiani
1719 1833 2092 1891 excitaverant
2127 1862 2164 1914 υ

509 1930 777 1988 pertaesus
809 1920 1156 1977 Justinianus
1190 1924 1508 1993 imperator,
1540 1925 1635 1993 qui
1664 1924 1788 1980 fidei
1815 1942 1917 1980 suo
1947 1936 2087 1981 tem-

506 2031 638 2084 pore
669 2017 970 2069 acerrimus
999 2027 1117 2069 erat
1143 2025 1516 2085 propugnator
1537 2058 1552 2082 ,
1600 2032 1788 2086 pacem
1831 2017 2091 2078 Ecclesia:

511 2107 734 2161 reddere
766 2108 937 2161 voluit
979 2108 1183 2177 scripto
1212 2117 1401 2163 contra
1442 2109 1745 2177 Acepbalos
1778 2110 1890 2164 sive
1922 2111 2090 2185 Euty-

505 2199 737 2254 cbianos
768 2200 999 2254 directo.
1031 2198 1145 2255 IIoc
1175 2214 1298 2254 cum
1328 2200 1702 2266 meditaretur,
1737 2217 1766 2255 a
1802 2200 2090 2261 Theodoro

504 2292 891 2347 (Zzesareathoc
924 2303 1163 2362 tempore
1201 2292 1595 2362 episeopo,sibi
1627 2295 1939 2363 persuaderi
1968 2315 2093 2368 pas-

504 2402 600 2439 sus
650 2394 754 2451 est,
808 2393 865 2439 ut
899 2384 1167 2441 calamum
1212 2383 1396 2452 potius
1445 2393 1636 2439 contra
1680 2387 1760 2441 sic
1807 2388 1949 2443 dicta
1990 2392 2090 2444 tria

502 2474 777 2543 capitula,
825 2476 927 2530 hoc
972 2484 1088 2539 est,
1130 2483 1322 2529 contra
1377 2474 1646 2531 Theodori
1699 2477 2088 2550 Mopsuesteni,

503 2565 829 2621 Theodoreti
879 2565 1082 2631 nostri,
1134 2564 1250 2639 [:29]
1298 2576 1352 2621 et
1396 2567 1498 2623 Iba:
1555 2568 1814 2625 Edesscni
1867 2577 2091 2644 scripta,

506 2669 760 2733 verteret.
780 2660 853 2713 Ita
878 2660 1023 2714 enim
1055 2675 1112 2714 se
1134 2657 1452 2715 effecturum
1476 2678 1595 2718 esse
1614 2665 1887 2734 Sperabat,
1914 2666 2093 2723 utEu-

505 2751 743 2825 tycbiani
777 2751 842 2804 ad
886 2749 1184 2806 Ecclesiam
1232 2752 1554 2809 catholicam
1586 2758 1844 2817 redirent.
1874 2770 1930 2814 et
1957 2776 2091 2831 syn-

504 2843 667 2896 odum
718 2839 1217 2897 Chalcedonensem
1263 2844 1743 2913 amplecterentur.
1768 2845 2089 2916 Imperator,

504 2938 604 2989 etsi
673 2948 1001 3004 magnopere
1075 2935 1202 2988 huic
1261 2936 1497 2991 concilio
1561 2936 1807 3003 faveret,
1863 2950 2039 2995 tamen
2075 2984 2091 3008 ,

504 3029 632 3098 quia
690 3042 796 3080 non
841 3027 950 3080 alio
978 3029 1143 3082 modo
1189 3043 1377 3097 pacem
1430 3029 1688 3083 Ecclesia:
1737 3031 1885 3085 reddi
1937 3048 2094 3102 posse

503 3121 890 3185 existimabat,
945 3120 1309 3191 promulgavit
1350 3120 1650 3186 decretum,
1693 3139 1801 3191 quo
1843 3126 1940 3179 tria
1992 3127 2093 3181 ista

2203 651 2348 696 tanta
2390 642 2586 706 fuit,nt
2616 643 2763 697 hrexi
2786 653 2904 712 post
2925 644 3126 698 cditttm
3152 642 3511 698 Constitutum
3544 654 3785 714 tempore

2204 734 2306 788 hoc
2335 734 2531 788 iterum
2562 745 2863 798 revocaret,
2916 751 3024 789 non
3047 751 3175 805 erga
3231 735 3356 791 illos
3402 745 3610 790 tantum
3651 752 3785 805 quo-

2201 842 2319 880 rum
2351 841 2518 881 causa
2551 827 2836 898 agebatur,
2875 828 2967 882 sed
3004 844 3131 898 erga
3168 830 3411 899 seipsum
3463 845 3684 898 quoque
3727 839 3782 885 et

2200 916 2402 972 famam
2440 935 2596 973 suam
2635 921 2871 975 maxime
2908 921 3165 991 injurius.
3219 920 3433 976 Testem
3488 921 3653 991 hujus
3702 922 3781 975 rei

2199 1011 2465 1065 habemus
2496 1013 2783 1081 epistolam
2818 1029 2981 1083 quam
3013 1014 3129 1083 ipse
3162 1012 3309 1069 dedit
3343 1014 3407 1068 ad
3456 1014 3778 1084 Eutychium

2194 1092 2351 1154 lii-bis
2386 1102 2547 1171 regiae
2579 1103 2920 1172 episcopum,
2954 1118 3076 1173 quae
3099 1112 3278 1158 exstat
3317 1105 3370 1156 in
3396 1101 3543 1157 Artis
3589 1104 3777 1173 synodi

2196 1186 2674 1260 Constantinopol.
2702 1192 2843 1260 apud
2878 1191 3242 1257 Ilarduiuum,
3286 1203 3418 1246 tom.
3456 1193 3543 1254 III,
3597 1209 3647 1261 p.
3672 1192 3780 1246 215

2197 1296 2350 1351 seqq.
2372 1281 2638 1337 Garuerio
2669 1293 2849 1337 autem
2884 1286 3019 1338 adeo
3044 1284 3320 1352 displicuit
3358 1284 3469 1345 illa,
3495 1285 3629 1338 utin
3665 1285 3780 1337 suis

2196 1373 2261 1425 ad
2294 1375 2541 1443 quintam
2579 1374 2846 1445 synodum
2876 1376 3351 1430 observationibus
3382 1374 3618 1429 Liberali
3651 1375 3779 1428 Bre-

2200 1466 2370 1516 viai-io
2399 1466 2729 1535 subjunctts.
2762 1464 2877 1537 [50]
2908 1482 3106 1538 magno
3131 1468 3349 1536 quidem
3379 1467 3473 1521 sed
3508 1469 3662 1520 irrito
3685 1483 3781 1521 co-

2199 1565 2347 1617 natu,
2372 1555 2491 1625 ejus
2518 1556 2730 1609 νοθείαν
2777 1559 2934 1611 nobis
2960 1563 3281 1627 persuadere
3316 1559 3621 1611 teutaverit.
3660 1557 3777 1613 Vita

2196 1661 2324 1699 ann.
2368 1643 2430 1699 C.
2458 1646 2566 1700 555
2594 1646 2884 1702 defunctus
2916 1646 3146 1718 Vigilius
3190 1649 3338 1702 litem
3374 1651 3529 1704 istam
3560 1663 3779 1703 succes-

2196 1742 2415 1795 soribus
2465 1744 2899 1813 prosequendam
2946 1745 3198 1813 reliquit,
3243 1745 3312 1799 de
3355 1746 3549 1799 borum
3593 1755 3775 1799 autem

2196 1835 2543 1889 successibus
2560 1835 2673 1904 jam
2704 1837 2886 1892 dicere
2916 1837 3051 1891 nihil
3081 1838 3294 1891 attinet.

2265 1925 2548 1996 Reliquum
2581 1939 2682 1988 est.
2720 1938 2777 1984 ut
2819 1932 2887 1986 de
2929 1932 3164 2001 scriptis,
3218 1946 3340 2001 qua}
3396 1929 3775 1985 Theodoretus

2193 2035 2389 2090 magno
2430 2038 2660 2076 numero
2707 2024 2958 2094 reliquit,
3014 2024 3317 2093 generatim
3363 2024 3614 2077 dicamus
3659 2039 3674 2076 :
3717 2022 3771 2074 in

2191 2109 2396 2180 quibus
2456 2113 2802 2168 recensendis
2850 2114 3103 2167 eumdem
3144 2114 3447 2168 tenebimus
3505 2113 3772 2177 ordinem,

2195 2217 2305 2271 quo
2335 2212 2447 2257 tum
2479 2203 2530 2255 in
2565 2202 2974 2269 Sirmondiana,
3005 2215 3118 2259 tum
3150 2206 3201 2257 in
3236 2214 3422 2259 nostra
3451 2204 3689 2259 editione
3715 2219 3775 2259 se

2193 2294 2492 2362 excipiunt.
2520 2294 2757 2349 Primam
2790 2312 3022 2364 eamque
3056 2296 3345 2350 maximam
3376 2298 3569 2350 borum
3601 2297 3771 2350 libo-

2194 2398 2312 2435 rum
2340 2394 2548 2452 partem
2594 2386 2937 2438 constituunt
2963 2384 3377 2448 Commentarii,
3421 2387 3635 2456 quosin
3682 2403 3773 2440 sa-

2194 2491 2341 2531 cram
2374 2476 2711 2546 Seripturam
2740 2489 2853 2532 tum
2888 2476 3097 2533 Veteris
3129 2488 3242 2532 tum
3274 2480 3400 2533 novi
3430 2478 3767 2534 'I‘estamenti

2195 2568 2459 2623 exaravit.
2496 2566 2553 2620 In
2594 2569 2699 2623 hoc
2729 2569 3032 2623 litterarum
3070 2586 3265 2639 genere
3303 2584 3630 2639 magnopere
3679 2585 3774 2623 ex-

2194 2660 2379 2714 celluit
2410 2658 2624 2723 Noster,
2661 2662 2861 2732 quippe
2886 2663 3000 2733 qui,
3019 2664 3202 2732 judice
3228 2664 3443 2728 Photio,
3472 2671 3526 2715 at
3569 2671 3773 2731 quanto

2196 2751 2313 2804 viro
2342 2752 2354 2804 !
2391 2751 2535 2824 (cod.
2566 2752 2693 2826 205)
2718 2755 2955 2825 palmam
2992 2756 3271 2825 prteripuit
3305 2755 3591 2826 Hippolyto
3628 2755 3775 2808 aliis-

2193 2859 2301 2915 que
2342 2845 2618 2914 plurimis,
2649 2847 2767 2903 sive
2814 2848 2879 2902 ad
2922 2850 3219 2905 dictionem
3268 2850 3388 2916 ejus
3442 2847 3770 2918 respexeris,

2194 2954 2316 3004 quae
2340 2940 2489 3008 puris
2514 2949 2569 2995 et
2594 2940 3033 3011 significantibus
3065 2944 3291 2999 vocibus
3333 2942 3511 2995 abdita
3547 2953 3774 3009 qumque

2197 3029 2399 3083 revelat
2445 3039 2499 3085 et.
2536 3031 2880 3101 jucunditate
2946 3033 3223 3100 deleCtat,
3274 3032 3390 3087 sive
3459 3030 3773 3084 methodum

2196 3115 2316 3187 ejus
2357 3121 2711 3188 spectaveris,
2753 3122 2913 3191 cujus
2964 3122 3078 3176 haec
3123 3132 3207 3177 est
3236 3123 3504 3191 praecipua
3535 3119 3673 3180 laus,
3714 3124 3776 3171 ut

504 3212 754 3283 Capitula
787 3221 847 3266 ut
874 3212 1037 3281 impia
1083 3221 1137 3267 ct
1168 3212 1485 3282 blasphema
1518 3214 1947 3270 damnabantur.
1985 3215 2086 3272 Vo-
2117 3204 2159 3258 (ἶ
2195 3206 2314 3262 Sine
2340 3210 2601 3266 omnibus
2626 3212 2947 3282 ambagibus
2966 3229 3028 3267 ea
3060 3229 3182 3282 quae
3211 3212 3353 3267 scire
3379 3212 3594 3274 attinet,
3651 3223 3773 3278 per—

508 3316 686 3358 torum
713 3321 771 3360 se
803 3311 1084 3374 compotes
1107 3301 1280 3359 factos
1312 3320 1435 3360 esse
1462 3305 1624 3361 thati
1656 3318 1783 3361 sunt
1806 3307 2092 3379 Eutychia—

508 3395 584 3456 ni,
621 3404 674 3449 ct
706 3392 994 3449 Thcodora
1018 3393 1265 3463 Augusta
1310 3410 1433 3465 qua:
1460 3393 1570 3449 illis
1596 3394 1825 3450 nimium
1851 3394 2088 3451 favebat.

507 3486 629 3552 Quo
667 3487 850 3541 minus
898 3495 1075 3541 tamen
1110 3500 1175 3540 ex
1198 3486 1340 3541 votis
1371 3487 1585 3541 cederet
1632 3487 1947 3553 consilium,
1991 3488 2090 3542 ob-

509 3578 646 3633 stitit
702 3576 1138 3634 Occidentalium
1186 3588 1246 3633 et
1272 3579 1539 3649 praecipue
1566 3578 1768 3650 Vigilii,
1813 3579 2092 3635 Romano-

510 3686 630 3723 rum
669 3680 799 3723 tunc
847 3670 1112 3739 episc0pi,
1156 3671 1461 3727 dissensus.
1512 3672 1579 3726 Et
1618 3672 1914 3730 dolendum
1962 3689 2094 3729 sane

506 3771 614 3824 est,
675 3761 930 3834 Vigilium
966 3763 1171 3831 justam
1220 3765 1435 3821 tandem
1491 3766 1801 3823 deseruisse
1831 3781 2052 3821 causam
2077 3806 2091 3828 ,

510 3870 673 3924 quam
709 3856 849 3910 tueri
895 3857 1121 3933 omnino
1155 3858 1438 3927 potuisset.
1490 3858 1918 3914 Inconstantiam
1951 3858 2092 3928 ejus.

511 3949 579 4000 de
608 3962 715 4015 qua
741 3947 962 4017 legenda
993 3957 1076 4003 est
1100 3947 1424 4005 Dissertatio
1446 3950 1770 4021 theologica,
1800 3966 1922 4020 qua:
1949 3950 2093 4004 haud

515 4042 588 4091 ita
623 4041 826 4108 pridem
854 4039 1019 4095 Prars.
1059 4040 1116 4095 S.
1150 4041 1213 4096 V.
1249 4042 1557 4097 Scbuberto
1596 4058 1726 4097 ann.
1778 4043 1916 4098 I766
1958 4043 2096 4113 Gry-

516 4132 851 4200 phiswal'lim
899 4133 1116 4202 prodiit,
1150 4134 1285 4188 satis
1314 4142 1547 4188 testatur
1593 4131 1830 4188 Historia
1882 4134 1962 4189 sic
2013 4135 2094 4186 di-

512 4236 611 4281 cta:
645 4227 837 4297 synodi
864 4228 1089 4296 quintae,
1135 4241 1232 4281 seu
1271 4226 1489 4280 concilii
1535 4227 1859 4281 mettmenici
1895 4228 2093 4296 quinti,

512 4318 657 4385 quod
690 4318 741 4369 in
799 4318 899 4372 hac
932 4320 1204 4387 praecipue
1254 4333 1420 4373 causa
1446 4316 1921 4387 ConstantinOpoli
1960 4334 2094 4373 cou-

513 4418 765 4463 vocatum
809 4418 913 4464 est.
944 4410 1058 4465 Etsi
1092 4409 1322 4480 Vigilius
1347 4411 1412 4466 de
1444 4411 1586 4465 bona
1611 4425 1775 4465 causa
1806 4428 1971 4481 quam
2005 4413 2096 4467 dc-

2192 3300 2380 3369 spicue
2426 3309 2482 3355 et
2529 3311 2722 3358 ornate
2758 3313 3043 3374 proponat,
3091 3305 3157 3358 iis
3207 3313 3515 3357 tamennon
3552 3310 3774 3371 praster-

2193 3388 2381 3444 missis
2406 3405 2529 3459 quae
2547 3391 2612 3443 ad
2634 3391 2893 3449 lectorem
2919 3391 3321 3446 informandum
3349 3390 3524 3444 facere
3544 3391 3773 3460 possint.

2192 3472 2269 3532 Ita
2302 3477 2639 3549 ferejudicat
2657 3480 2909 3545 Pbotius,
2936 3484 2973 3536 I.
2993 3501 3063 3547 r.,
3093 3484 3180 3538 tibi
3212 3483 3390 3537 Nostri
3422 3482 3776 3535 Commenta—

2193 3577 2308 3631 rios
2343 3579 2399 3631 in
2428 3572 2704 3632 Daniclem
2732 3575 2800 3632 iis
2828 3587 3058 3632 exornat
3095 3579 3368 3641 laudibus,
3401 3591 3523 3644 quae.
3552 3574 3617 3629 ad
3657 3587 3776 3627 om-

2197 3684 2295 3724 nes
2318 3668 2563 3738 ejusdem
2599 3670 2818 3742 generis
2850 3671 3017 3726 libros
3044 3671 3113 3726 ab
3145 3672 3247 3725 hoc
3278 3677 3505 3725 auctore
3532 3664 3778 3722 conscri—

2195 3771 2321 3832 ptos
2361 3761 2561 3816 merito
2591 3763 2851 3832 applicari
2907 3763 3158 3818 debeant.
3188 3760 3305 3835 [51]
3334 3763 3581 3815 Primum
3635 3759 3780 3811 inter

2196 3857 2319 3911 illos
2369 3856 2548 3910 locum
2582 3863 2851 3924 occupant
2909 3854 3236 3919 Question“
3283 3855 3341 3907 in
3393 3850 3777 3908 Octateuchum

2197 3947 2314 4002 sive
2352 3946 2402 3998 in
2438 3945 2477 3998 γ
2506 3946 2676 4000 libros
2713 3944 2901 4009 Mosis,
2957 3944 3009 3998 in
3050 3946 3248 3998 librum
3293 3942 3492 4007 Josuzc,
3522 3940 3777 3994 Judicum

2195 4049 2250 4095 ct
2295 4039 2460 4093 Ruth.
2500 4037 2595 4093 His
2639 4039 2820 4093 statim
2867 4038 3219 4135 adiungimus
3260 4036 3609 4103 Qtttestiones,
3655 4047 3782 4101 qua:

2196 4132 2501 4199 proximum
2557 4139 2741 4186 tenent
2791 4128 2990 4195 locum,
3034 4132 3086 4184 in
3128 4129 3288 4183 libros
3316 4128 3513 4197 Regum
3540 4128 3779 4195 (notum,

2198 4224 2250 4276 in
2300 4222 2487 4279 Bibliis
2536 4224 2739 4279 Gracis
2784 4223 2952 4277 libros
2984 4221 3255 4277 Samuelis
3286 4220 3566 4276 acccnseri
3623 4215 3782 4271 libris

2199 4314 2446 4386 Regum)
2480 4330 2542 4367 ac
2600 4312 3045 4382 Paralipomenon
3091 4328 3110 4366 :
3153 4315 3234 4367 ba:
3293 4312 3439 4366 enim
3489 4325 3612 4364 cum
3672 4307 3784 4361 illis

2198 4408 2505 4478 conjunctae
2543 4406 2670 4459 olim
2731 4405 2901 4460 fuisse
2961 4405 3230 4471 videntur,
3273 4420 3303 4458 a
3341 4403 3538 4457 Photio
3584 4400 3783 4457 saltem

515 4498 840 4554 fendendam
871 4501 1122 4569 habebat,
1158 4502 1385 4571 ipsemet
1422 4501 1725 4562 convictus.
1756 4503 1902 4558 etab
1924 4502 2093 4568 Afris,
2129 4540 2170 4594 ι)
2200 4500 2254 4553 in
2302 4514 2412 4554 uno
2459 4499 2645 4555 codice
2692 4496 2838 4568 (205)
2875 4497 3025 4550 lecta:
3065 4505 3191 4550 sunt
3244 4495 3588 4594 Quaestioncs
3609 4492 3786 4594 priqri

516 4592 726 4658 Sardis,
761 4590 1100 4663 Illyricisque
1136 4609 1469 4664 magnopere
1495 4603 1718 4664 rogatus
1749 4607 1914 4657 esset.
1942 4612 2007 4651 ne
2040 4597 2092 4649 in

518 4685 680 4739 trium
725 4683 1101 4754 Capitulorum
1144 4686 1555 4741 damnationem
1601 4680 1959 4750 consentiret,
2011 4697 2094 4743 ta-

514 4793 635 4831 men
657 4777 869 4832 I'amoso
898 4778 1011 4843 illo,
1039 4776 1338 4840 utdicitur,
1372 4776 1629 4831 ludicato
1653 4793 1938 4833 assensum
1967 4795 2095 4848 pro-

514 4869 693 4926 fessus
712 4881 813 4925 est.
851 4869 960 4926 Nec
983 4869 1351 4925 Orientalibus
1380 4886 1476 4926 nec
1523 4869 1962 4926 Occidentalibus
1992 4873 2094 4926 hoc

518 4963 799 5032 indignum
829 4978 888 5017 se
915 4963 1218 5033 approbare
1246 4964 1419 5032 potuit
1451 4962 1685 5028 facinus,
1714 4964 1858 5032 quod
1909 4964 2097 5032 impri-

518 5056 623 5109 mis
648 5055 1012 5126 Illyricorum,
1049 5056 1414 5124 Afrorumque
1443 5068 1631 5111 contra
1658 5054 1916 5127 Vigiliqu
1948 5040 2099 5109 exci-

520 5149 656 5203 tavit
686 5149 833 5211 odia,
864 5165 930 5204 ne
972 5150 1039 5203 de
1068 5148 1308 5203 Facundi
1333 5149 1639 5218 justissima
1672 5149 1748 5202 ira
1797 5148 2097 5218 quidquam

518 5242 787 5297 dicamus.
822 5240 1043 5295 Utinam
1068 5256 1285 5296 omnem
1314 5242 1391 5297 rei
1426 5241 1749 5296 memoriam
1781 5241 1965 5295 delere
1998 5254 2098 5306 po-

517 5336 715 5390 tuissct
742 5334 1067 5398 Constituto,
1100 5335 1242 5404 quod
1275 5336 1470 5390 deinde
1507 5335 1697 5399 edidit,
1728 5349 1792 5388 cx
1840 5348 1948 5401 quo
1986 5331 2101 5385 haec

521 5441 693 5493 pauca
726 5434 935 5481 tantum
972 5428 1075 5482 hoc
1109 5427 1229 5482 loco
1257 5426 1546 5482 inserenda
1579 5434 1708 5481 sunt
1739 5424 1927 5487 verba,
1979 5437 2101 5491 quae

520 5517 587 5571 ad
623 5514 879 5570 Nostrum
917 5533 976 5572 se
1006 5519 1267 5579 referunt.
1289 5529 1339 5572 et
1370 5518 1444 5571 ita
1479 5533 1539 5572 se
1567 5517 1768 5570 habent
1796 5533 1808 5568 :
1838 5534 1854 5565 ι
1892 5513 2098 5568 Statui-

521 5618 644 5658 mus
678 5614 839 5673 atque
867 5606 1232 5671 decernimus,
1268 5606 1403 5660 nihil
1437 5606 1489 5658 in
1520 5606 1774 5673 injuriam
1802 5614 1964 5674 atque
1994 5604 2096 5658 ob-

520 5696 892 5751 trectationem
924 5697 1288 5767 probatissimi
1335 5697 1387 5748 in
1422 5694 1850 5749 Cbalcedoncnsi
1891 5695 2101 5764 synodo

522 5785 647 5852 viri,
691 5789 746 5843 h.
777 5808 824 5842 e.
880 5791 1209 5845 Theodoreti
1241 5789 1481 5858 episcopi
1509 5788 1653 5857 Cyri,
1697 5789 1800 5842 sub
1829 5787 2102 5841 taxatione

525 5881 763 5936 nominis
807 5884 922 5953 ejus
957 5899 981 5935 τι
1024 5896 1296 5956 quoqttam
1340 5881 1455 5933 fieri
1518 5879 1594 5932 vel
1639 5879 1889 5949 proferri.
1931 5896 1949 5929 ι
1997 5878 2099 5934 Sed

2201 4593 2318 4648 loco
2374 4602 2828 4647 commemoratas
2882 4589 3163 4658 inscripsit
3203 4589 3282 4652 εἰς
3332 4587 3401 4640 τὰ
3454 4585 3635 4657 ἄπορα
3676 4584 3787 4654 τῆς

2204 4683 2353 4747 θείας
2388 4683 2630 4753 Γραφῆς,
2663 4696 2823 4751 quem
2861 4680 3075 4733 titulum
3107 4688 3165 4732 ut
3193 4678 3342 4748 operi
3393 4676 3605 4747 egregie
3642 4689 3788 4730 con—

2198 4785 2479 4847 gruentem
2531 4775 2715 4829 laudat
2761 4774 3012 4828 Photius.
3066 4771 3325 4826 Eumdem
3371 4786 3592 4841 quoque
3650 4784 3781 4822 cum

2200 4870 2364 4923 modo
2394 4867 2647 4937 loquendi
2693 4867 2855 4936 hujus
2898 4865 3183 4935 scriptoris
3207 4864 3521 4929 convenire,
3564 4862 3786 4917 ostendi

2201 4969 2381 5031 potest
2427 4978 2457 5014 e
2500 4967 2696 5028 quaest.
2745 4959 2816 5012 ‘28
2854 4958 2907 5010 in
2952 4959 3150 5012 librum
3201 4955 3476 5022 Judieum,
3520 4954 3611 5009 ubi
3674 4952 3786 5005 πᾶ-

2201 5068 2292 5122 ρον
2342 5050 2618 5119 εὑρίσκειν
2651 5050 2708 5101 ἐν
2754 5049 2981 5119 ἀπόροις
3023 5046 3223 5102 Nostro
3258 5045 3399 5101 idem
3445 5055 3526 5101 est
3556 5045 3791 5115 quodin

2201 5157 2256 5193 re
2308 5141 2474 5194 dubia
2537 5142 2737 5194 exitum
2768 5141 3015 5193 invenire.
3062 5138 3225 5195 Docet
3259 5140 3443 5209 itaque
3474 5139 3650 5208 primo
3693 5137 3789 5189 in-

2203 5233 2339 5285 tuitu
2375 5233 2680 5302 inscriptio,
2711 5232 2809 5288 bas
2852 5231 3195 5297 Quzrstioncs
3248 5247 3352 5286 non
3391 5231 3458 5285 ad
3496 5231 3789 5284 universos

2204 5331 2369 5378 hosce
2402 5324 2593 5389 libros,
2632 5324 2725 5378 sed
2756 5324 2821 5378 ad
2852 5324 3175 5378 obscuriora
3204 5323 3473 5377 duntaxat
3512 5323 3627 5376 loca
3663 5335 3791 5390 per—

2202 5417 2397 5471 tinere.
2449 5415 2516 5469 Et
2563 5415 2615 5470 in
2653 5417 2758 5472 hoc
2793 5416 3011 5487 quidem
3048 5416 3285 5486 positum
3339 5425 3424 5470 est
3461 5415 3787 5478 discrimen,

2203 5510 2345 5577 quod
2379 5511 2517 5564 inter
2544 5510 2646 5565 bos
2676 5523 2729 5565 et
2782 5510 3023 5579 reliquos
3062 5509 3391 5563 Theodoreti
3431 5508 3792 5562 Commenta-

2204 5602 2317 5656 rios
2348 5617 2535 5656 sacros
2569 5601 2875 5656 intercedit.
2903 5599 2981 5653 Illi
3001 5601 3143 5655 enim
3170 5602 3264 5672 qui
3292 5609 3616 5670 sequuntur,
3650 5613 3790 5652 con-

2204 5695 2414 5747 tinuum
2452 5694 2504 5746 in
2539 5693 2826 5747 universos
2856 5692 3022 5746 libros
3052 5692 3169 5747 sive
3199 5691 3318 5747 Vel.
3345 5693 3458 5747 sive
3492 5690 3556 5745 N.
3580 5690 3642 5743 Τ.
3688 5706 3793 5743 ex-

2207 5785 2390 5839 hibent
2412 5785 2904 5849 Columentarium,
2924 5784 2979 5836 hi
2998 5784 3209 5853 priores
3226 5794 3403 5840 autem
3430 5800 3536 5838 non
3562 5783 3662 5837 nisi
3684 5782 3792 5836 ob-

2207 5878 2515 5934 scuriorum
2539 5880 2780 5934 locorum
2804 5880 3297 5948 interpretationem
3321 5877 3783 5947 complectuntur.
