4136 6430
334 357 396 419 53
1751 355 1962 415 le’SE

2067 357 2268 415 'ATIO.
3571 359 3640 421 δέ

340 455 636 526 Singularis
667 470 806 511 vero
834 467 897 514 et
934 474 1081 531 qua:
1113 479 1225 519 non
1244 465 1499 520 omnibus
1530 481 1588 518 se
1618 466 1955 534 approbavit,
1988 472 2029 525 Α
2063 467 2241 521 machi
2280 475 2334 520 et
2374 467 2768 525 Theodotionis
2823 469 3126 536 versiones,
3181 485 3413 541 quarum
3469 475 3639 528 multa

344 556 424 601 est
444 546 756 611 methodus,
784 565 965 619 quam
1008 554 1069 606 in
1092 554 1250 609 hisce
1290 556 1439 609 libris
1461 556 1707 609 adhibuit
1737 568 1951 621 auctor,
2061 558 2364 628 fragmenta
2411 575 2474 615 ex
2514 562 2616 616 hoc
2676 563 2728 616 in
2778 563 2973 631 primis
3025 562 3435 617 Commentario
3490 566 3642 631 petiit

344 660 443 714 per
467 643 804 712 quaestiones
822 660 1155 717 earumque
1200 649 1502 704 solutiones
1545 650 1804 705 lectorem
1864 651 1952 704 in-
2057 649 2519 717 Montfaueouius,
2555 655 2646 723 qui
2682 657 2844 708 etiam
2879 671 2997 726 pag.
3035 656 3102 709 l0
3130 655 3364 710 Praelim.
3409 657 3474 709 ad
3518 656 3645 708 (Inl-

351 748 590 793 struens.
625 735 734 791 Sed
780 738 1066 794 rationem
1110 743 1235 810 ejus
1291 742 1344 795 in
1379 742 1624 813 Prologis
1673 744 1956 811 aperuisse

347 830 586 893 videtur,
619 830 710 884 ubi
736 829 1067 901 Hypatium,
1099 835 1188 888 cui
1221 844 1448 905 uterque
1480 836 1617 889 liber
1656 836 1955 906 inscriptus

348 932 458 985 est,
506 936 656 975 nunc
704 923 920 975 παίδων
972 925 1278 993 φίλτατον.
1329 943 1477 982 nunc
1525 943 1654 981 vero
1674 928 1956 999 ἐρασμιώ-

345 1030 513 1067 cursv
567 1022 748 1077 vocat,
814 1025 1010 1083 utpote
1090 1032 1204 1086 quo
1257 1016 1603 1073 familiariter
1668 1021 1958 1083 utebatur,

347 1120 634 1175 quemque
656 1107 869 1161 ultimis
903 1108 1029 1161 vita:
1061 1123 1176 1162 suae
1215 1110 1395 1174 annis,
1438 1110 1491 1162 in
1522 1127 1660 1180 quos
1697 1128 1803 1166 tera
1859 1113 1959 1164 lto-

348 1214 477 1252 rum
514 1198 788 1251 librorum
829 1198 1050 1263 incidit,
1082 1198 1240 1252 lateri
1267 1215 1367 1252 suo
1391 1202 1781 1261 adluerentem,
1822 1213 1872 1256 et
1904 1204 1956 1256 in

349 1306 597 1343 munere
628 1290 933 1359 episcopali
960 1292 1211 1345 laborum
1235 1292 1447 1346 socium
1480 1295 1730 1348 habebat.
1759 1293 1955 1348 Senem

346 1397 600 1449 quoque,
639 1390 697 1435 et
722 1383 952 1436 assiduo
977 1383 1030 1434 in
1061 1383 1375 1438 scrutandis
1413 1386 1585 1438 sacris
1617 1384 1835 1439 Litteris
1858 1402 1959 1454 po-

347 1472 461 1522 sito
495 1470 689 1523 studio
725 1470 1252 1526 exercitatissimum
1284 1474 1563 1527 doctorem
1595 1474 1821 1529 decebat
1853 1476 1955 1530 ista

348 1561 674 1614 methodus.
699 1559 939 1617 Ultimos
972 1571 1155 1617 autem
1191 1564 1291 1620 hos
1316 1580 1439 1619 esse
1473 1566 1738 1619 librorum
1773 1582 1804 1621 a
1848 1567 1961 1622 No~

346 1663 466 1707 stro
519 1651 643 1723 [521
690 1653 1102 1709 claboratorum
1164 1657 1307 1709 haud
1350 1672 1509 1721 vana,
1581 1667 1638 1711 ttt
1679 1668 1956 1728 putamus,

346 1746 681 1814 ceujectura
719 1746 1009 1812 statuitur,
1052 1749 1180 1818 quia
1209 1766 1310 1805 nec
1346 1751 1398 1804 in
1436 1753 1546 1805 ullo
1582 1753 1726 1815 alio,
1770 1769 1871 1809 nec
1903 1756 1955 1807 in

349 1838 605 1906 epistolis
631 1840 776 1905 suis,
814 1840 1035 1894 illorum
1061 1843 1392 1898 mentionem
1428 1845 1571 1911 fecit,
1600 1847 1743 1913 quod
1776 1854 1955 1901 tamen
1994 1820 2011 1873 ί

350 1934 403 1985 in
432 1930 712 1998 Epistola,
743 1948 912 2002 quam
938 1933 1005 1986 ad
1026 1932 1264 1990 Leonem
1316 1936 1691 1991 Retuanorum
1745 1941 1957 2008 episeo-

351 2041 482 2095 pum
519 2042 658 2080 ann.
697 2025 763 2084 (ἶ.
798 2027 929 2092 449,
971 2038 1032 2082 ιιι
1060 2045 1225 2098 supra
1252 2032 1488 2085 evictum
1518 2031 1789 2097 dedimus,
1822 2034 1961 2088 scri-

2058 741 2347 795 lectiouem
2386 758 2579 797 novam
2624 745 2846 799 Patrum
2893 746 3170 808 observat,
3219 745 3503 810 Nostrum,
3539 747 3642 800 etsi

2059 834 2128 888 ab
2152 833 2477 888 Eusebiauia
2517 835 2855 890 Psalmorum
2894 837 3340 907 interpretatione
3400 838 3646 907 plerum-

2058 939 2164 993 quc
2195 922 2464 983 deﬂectat,
2492 934 2670 978 tamen
2709 926 2944 980 subinde
2974 926 3119 979 illam
3156 926 3267 980 fere
3316 928 3385 979 ah
3415 926 3642 981 verbum

2074 1015 2385 1079 xprimere,
2422 1018 2524 1069 etsi
2563 1016 2824 1078 breviori,
2854 1024 2915 1070 ttt
2946 1017 3267 1085 plurimum,
3308 1019 3457 1072 stilo.
3497 1017 3641 1072 Idem

2060 1103 2260 1159 t‘iostro
2318 1109 2496 1175 quoad
2557 1107 3010 1179 Chrysostomum
3077 1109 3280 1178 objecit
3342 1110 3645 1163 Gai-uerius

2062 1199 2223 1251 Auct.
2264 1214 2315 1265 p.
2354 1197 2475 1251 185.
2512 1198 2616 1251 Sed
2666 1209 2962 1266 utrumque
3009 1213 3116 1253 non
3164 1200 3301 1253 adeo
3352 1200 3643 1262 miramur,

2061 1305 2185 1343 cum
2222 1290 2356 1344 satis
2395 1299 2607 1344 constet
2651 1301 2854 1360 quanta
2900 1291 2954 1344 iu
3014 1290 3235 1345 Catenis
3266 1290 3405 1344 facta
3440 1291 3509 1342 sit
3543 1306 3648 1343 no-

2065 1381 2270 1435 minum
2306 1384 2651 1450 permutatio,
2681 1399 2804 1452 qua:
2836 1399 2902 1435 eo
2934 1383 3149 1438 facilius
3184 1383 3364 1436 locum
3403 1384 3646 1435 iitVL‘llilC

2064 1475 2255 1542 potuit,
2297 1489 2406 1543 quo
2438 1476 2627 1543 magis,
2649 1482 2790 1527 teste
2821 1473 3129 1543 Nicephoro
3166 1473 3201 1527 l.
3235 1472 3647 1537 c.,'l‘bemlore—

2064 1574 2151 1618 tus
2196 1566 2380 1618 stilum
2430 1581 2593 1619 suum
2647 1566 2713 1619 ad
2753 1566 3135 1636 Chrysostmni
3175 1566 3486 1633 exemplum
3550 1563 3661 1616 for-

2064 1670 2213 1708 mare
2266 1655 2507 1721 studuit;
2545 1670 2656 1724 quo
2704 1654 2906 1708 factum
2946 1665 3049 1720 est,
3095 1664 3155 1709 ut
3191 1655 3236 1708 si
3281 1654 3334 1708 in
3367 1654 3650 1708 codicibus

2065 1747 2266 1816 passim
2315 1761 2511 1800 nomen
2578 1749 2823 1801 auctoris
2875 1748 2995 1800 loco
3044 1747 3281 1816 quodam
3336 1747 3643 1815 neglertum

2065 1848 2231 1903 esset,
2264 1854 2332 1893 ne
2361 1840 2675 1908 peritissimi
2705 1840 2922 1909 quidem
2955 1840 3168 1894 librarii
3201 1841 3337 1896 satis
3363 1843 3495 1893 certi
3528 1840 3648 1892 fue-

2066 1933 2199 1998 rint,
2236 1934 2377 1987 sitne
2404 1934 2470 1987 ad
2508 1934 2651 1987 hunc
2673 1949 2740 1986 an
2759 1933 2826 1987 ad
2847 1934 2998 1987 illum
3020 1934 3359 1987 referendus.
3410 1931 3475 1985 Et
3500 1936 3649 2001 quod

2070 2027 2126 2081 in
2178 2028 2373 2099 primis
2407 2028 2471 2082 ad
2515 2028 2691 2081 locum
2744 2029 2884 2099 psal.
2917 2044 2969 2094 L,
3002 2029 3057 2094 7,
3092 2044 3121 2082 a
3150 2026 3418 2083 Garuerio
3471 2026 3651 2095 prola-

346 2119 482 2187 psit,
523 2117 644 2173 imo
685 2118 855 2172 etiam
895 2120 950 2173 in
979 2136 1042 2174 ea
1082 2137 1206 2191 quae
1255 2124 1320 2176 ad
1372 2122 1668 2179 Ellst‘ilium
1718 2129 1959 2197 Ancyra-

345 2226 477 2263 uum
504 2210 718 2264 directa
743 2220 851 2276 est,
885 2211 953 2266 ad
978 2212 1063 2266 sui
1106 2213 1486 2271 defensionem
1525 2216 1706 2272 facere
1736 2218 1950 2287 potuis-

341 2310 446 2355 ςιιι.
469 2300 636 2366 Quod
670 2303 954 2373 reliquum
975 2314 1078 2369 est,
1105 2306 1158 2358 in
1187 2306 1273 2361 his
1300 2316 1356 2360 ut
1388 2308 1440 2360 in
1462 2292 1591 2362 aliis
1629 2308 1959 2364 Theodoreti

345 2393 505 2447 libris
553 2396 814 2462 quaedam
869 2407 1216 2463 occurrunt,
1263 2414 1386 2468 quae
1444 2399 1790 2456 Theodorum
1844 2401 1960 2458 Mo-

347 2497 712 2555 psuestenum
740 2499 1029 2544 auctorem
1056 2491 1278 2554 habent,
1305 2494 1406 2547 alia
1424 2510 1546 2563 qua:
1566 2495 1628 2548 ad
1646 2495 1959 2566 Origenem,

346 2580 451 2630 aiia
480 2595 606 2646 quae
634 2581 702 2632 ad
757 2579 1061 2635 Diodorum
1109 2581 1438 2640 Tarsensem
1461 2585 1584 2655 jure
1622 2585 1815 2640 referri
1865 2588 1959 2641 de-

2068 2129 2189 2174 tum
2243 2121 2459 2187 attinet,
2499 2136 2688 2174 verum
2724 2121 2944 2190 quidem
2982 2133 3085 2185 est,
3128 2136 3266 2190 pene
3306 2124 3497 2175 eadem
3545 2120 3650 2189 legi

2067 2212 2209 2281 apud
2236 2212 2686 2283 Chrysostomum
2722 2211 3077 2280 (edit.Savilii
3106 2223 3145 2266 t.
3178 2212 3222 2275 l,
3254 2227 3310 2282 p.
3334 2211 3441 2265 709
3468 2213 3647 2280 scq.):

2068 2305 2347 2358 noluimus
2398 2313 2578 2357 tamen
2628 2305 2681 2358 in
2731 2302 3077 2359 Variantibus
3134 2304 3308 2359 textui
3385 2303 3649 2371 subjectis

2067 2394 2365 2464 quidquam
2396 2394 2462 2451 de
2493 2395 2595 2447 hoc
2621 2393 2743 2448 loco
2783 2409 3022 2458 monere,
3063 2394 3190 2462 quia
3222 2394 3275 2448 in
3318 2395 3507 2448 codice
3543 2396 3655 2447 Au—

2067 2493 2304 2558 gustam)
2336 2503 2497 2555 quem
2534 2488 2755 2541 tertium
2798 2487 2979 2542 dicere
3016 2488 3432 2550 consuevimus,
3471 2499 3524 2541 et
3557 2488 3650 2556 qul

2068 2578 2329 2632 Catenam
2378 2577 2432 2631 in
2478 2578 2749 2643 Psalmos,
2794 2587 2852 2633 ut
2907 2579 2961 2631 in
3013 2578 3350 2636 Pt-telatione
3400 2582 3652 2651 pluribus

350 2670 500 2724 bent.
533 2670 695 2724 Haud
738 2674 1050 2750 raro_enim
1084 2675 1245 2746 culpa
1293 2692 1481 2733 eorum
1540 2679 1635 2750 qui
1667 2678 1902 2735 Catenas
1932 2696 1963 2735 e

353 2762 580 2829 scriptis
632 2763 833 2817 horum
870 2748 1112 2820 'Patrum
1169 2748 1588 2838 congesserunt,
1636 2771 1854 2835 accidit,
1904 2781 1963 2827 ut

365 2868 494 2920 quae
523 2854 687 2907 unius
714 2865 863 2920 sunt,
906 2857 1068 2912 alteri
1106 2858 1441 2927 tribuantur,
1487 2863 1633 2933 quod
1680 2863 1734 2916 in
1771 2864 1963 2933 primis

373 2943 443 2995 de
469 2944 565 2996 illo
596 2960 753 3014 quem
778 2949 945 3017 priori
980 2953 1104 3005 loco
1155 2953 1587 3019 nominavimus,
1642 2971 1854 3010 necnon
1897 2958 1963 3010 de

375 3030 666 3089 Theodoro
686 3035 1006 3095 Heracleota
1046 3042 1212 3108 valet,
1257 3052 1318 3097 ut
1352 3044 1465 3113 jam
1505 3046 1851 3101 observatum
1883 3058 1965 3102 est

367 3139 398 3177 a
422 3123 834 3183 Hontfauconio
862 3129 1135 3203 Palaeogr.
1168 3132 1264 3188 Gr.
1294 3150 1346 3203 p.
1389 3135 1515 3189 547.

430 3219 833 3276 Commentarii
861 3223 917 3277 in
945 3223 1200 3281 Psalmos
1234 3227 1382 3282 nulla
1412 3227 1629 3298 quidem
1655 3231 1800 3300 apud
1820 3229 1966 3284 Pho-

357 3312 497 3365 tium
530 3312 592 3367 ﬁt
629 3316 885 3369 mentio:
935 3324 1143 3382 tamen,
1182 3320 1309 3387 quia
1352 3321 1504 3389 plura
1553 3329 1684 3377 sunt
1711 3321 1961 3377 Theodo-

353 3403 456 3457 reti
503 3406 715 3474 scripta
744 3446 761 3469 ,
798 3422 1043 3475 quorum
1094 3409 1185 3463 ille
1222 3425 1329 3463 non
1383 3413 1654 3479 meminit,
1692 3414 1969 3484 hujusque

352 3498 814 3564 praestantissimi
858 3499 1047 3567 operis
1084 3500 1137 3554 in
1174 3501 1300 3555 aliis
1334 3503 1486 3558 libris
1514 3520 1655 3574 quos
1684 3506 1799 3576 ipse
1828 3504 1970 3559 Pho-

354 3588 469 3640 tius
500 3602 935 3655 commemorat,
971 3590 1176 3646 diserte
1208 3594 1450 3662 injicitur
1480 3597 1706 3663 mentio,
1729 3613 1834 3650 non
1866 3598 1969 3652 du-

355 3681 648 3735 bitandum
678 3694 788 3749 est,
823 3685 961 3754 quin
999 3687 1064 3741 ad
1097 3686 1356 3742 Nostrum
1391 3690 1515 3759 jure
1563 3692 1852 3760 pertineat,
1881 3694 1967 3747 cui

356 3773 520 3826 etiam
564 3789 597 3827 a
638 3772 964 3844 Nicephoro
1015 3777 1162 3833 Hist.
1200 3780 1380 3839 eccles.
1416 3782 1509 3838 lib.
1565 3800 1654 3838 xw
1685 3785 1965 3840 tribuitur.

358 3862 480 3929 Ipse
510 3875 715 3919 auctor
739 3882 843 3935 pro
878 3884 983 3923 suo
1015 3872 1266 3940 agnoscit
1296 3873 1443 3928 hunc
1474 3876 1675 3930 librum
1714 3876 1769 3930 in
1802 3880 1966 3947 epiSt.

354 3954 428 4007 82
458 3972 584 4023 qua:
613 3958 687 4010 ad
727 3956 1034 4013 Eusebium
1078 3962 1429 4033 Ancyranum
1468 3967 1665 4036 scripta
1706 3976 1808 4032 est,
1842 3985 1970 4025 nec-

357 4062 467 4100 non
499 4050 820 4117 quaastione
844 4051 918 4106 45
948 4053 1004 4106 in
1041 4053 1242 4109 librum
1285 4058 1584 4112 secundum
1640 4057 1871 4128 Regum.
1910 4060 1967 4114 In

356 4136 646 4195 Prommio
697 4143 883 4207 docet,
939 4161 1048 4214 qua
1111 4147 1505 4216 interpretandi
1566 4152 1782 4206 ratione
1836 4170 1969 4210 usus

355 4232 453 4297 sit,
512 4242 577 4286 ut
624 4248 931 4289 censuram
983 4235 1266 4308 effugeret,
1299 4255 1462 4308 quam
1499 4241 1589 4294 alii
1624 4256 1960 4298 meruerant.

352 4321 486 4376 Tria
519 4324 577 4375 in
606 4324 812 4392 primis
846 4325 1005 4381 abeo
1051 4336 1313 4384 notantur
1351 4330 1504 4397 vitia,
1534 4333 1848 4401 suppressis
1884 4345 1966 4388 ta-

353 4427 509 4477 men,
531 4429 605 4469 ne
625 4416 954 4471 modestiam
980 4416 1096 4489 [55]
1115 4420 1353 4487 lzederet,
1375 4423 1703 4493 scriptorum
1732 4429 1965 4481 nomini-

2072 2669 2373 2723 iudicatum
2404 2678 2509 2732 est,
2544 2669 2807 2731 continet,
2849 2684 2956 2722 non
2986 2671 3372 2740 Cbrysostomi
3419 2674 3511 2727 sed
3541 2672 3654 2725 Nu-

2069 2759 2165 2814 stri
2202 2773 2399 2814 nomen
2429 2760 2728 2828 ascriptum
2756 2760 3009 2814 vidimus.
3030 2759 3149 2831 [34]
3180 2760 3274 2816 His
3305 2771 3514 2817 tantum
3551 2765 3652 2816 ad-

2065 2855 2311 2924 jicimus,
2340 2870 2407 2910 ex
2453 2854 2681 2924 epistola
2712 2854 2782 2908 82
2811 2854 2876 2909 ad
2925 2854 3222 2911 Eusebium
3266 2858 3469 2927 scripta
3509 2869 3657 2913 recte

2071 2949 2251 3019 colligi
2299 2963 2480 3018 posse,
2543 2947 2690 3001 hunc
2746 2946 2943 3002 librum
3009 2949 3319 3003 inclmatum
3364 2965 3484 3005 esse
3519 2966 3650 3004 ann.

2070 3041 2132 3097 C.
2162 3043 2267 3096 455

2145 3134 2348 3189 Ordine
2380 3135 2663 3204 proximus
2688 3144 2773 3191 est
2808 3134 3241 3189 Commentarius
3274 3135 3329 3187 in
3370 3133 3654 3189 Canticum

2072 3228 2421 3280 canticorum.
2454 3226 2638 3282 Talem
2700 3242 2728 3280 a
2794 3241 2852 3281 se
2907 3226 3169 3295 scriptum
3199 3240 3341 3290 esse,
3379 3226 3498 3294 ipse
3526 3227 3654 3296 qui-

2071 3321 2192 3375 dem
2254 3319 2632 3375 Theodorettts
2687 3320 2740 3373 itt
2788 3320 3025 3388 Prologo
3053 3334 3213 3388 quem
3250 3317 3484 3372 Psalmis
3510 3334 3655 3387 prem
3696 3322 3697 3325 “

2073 3412 2252 3472 misit.
2288 3421 2545 3477 testatur;
2575 3426 2704 3465 nmn
2730 3425 2859 3465 vero
2889 3411 2933 3464 is
2963 3426 3073 3479 qtto
3100 3427 3247 3464 nune
3284 3412 3658 3480 utimur,jure

2071 3505 2140 3559 ad
2187 3505 2338 3557 illum
2386 3504 2676 3573 pertineat,
2708 3502 2901 3559 multis
2942 3502 3280 3572 disputatum
3314 3513 3413 3557 est.
3444 3502 3655 3558 Reeen-

2072 3596 2317 3651 sebimus
2345 3596 2530 3665 itaque
2554 3597 2745 3666 paucis
2777 3603 3124 3666 argumenta,
3155 3610 3277 3666 quae
3313 3596 3379 3649 ab
3414 3604 3652 3665 utraque

2071 3696 2227 3758 parte
2260 3690 2319 3743 in
2341 3703 2562 3744 scenam
2586 3688 2851 3759 producta
2872 3696 3021 3744 sunt.
3054 3686 3159 3755 Qui
3183 3688 3478 3756 genuinum
3507 3689 3656 3743 hunc

2054 3784 2238 3840 letum
2288 3797 2409 3836 esse
2467 3782 2973 3851 negant,objicere
3021 3782 3219 3844 solent,
3270 3790 3551 3835 auctorem
3597 3780 3655 3833 in

2072 3876 2346 3931 Prommio
2376 3875 2440 3928 de
2459 3873 2853 3945 Chrysostomo
2873 3882 2934 3928 ut
2961 3874 3083 3926 vivo
3118 3873 3290 3941 loqui,
3316 3873 3369 3925 in
3404 3871 3657 3926 Theodo-

2075 3981 2195 4019 rum
2228 3963 2670 4032 Mopsuestenum
2695 3961 2915 4032 gravius
2947 3960 3152 4024 invehi,
3191 3962 3259 4015 de
3289 3974 3349 4015 se
3382 3961 3523 4015 utde
3557 3961 3657 4014 ho-

2073 4058 2221 4111 mine
2274 4056 2527 4111 civilibus
2583 4071 2647 4110 ac
2705 4054 3036 4108 militaribus
3083 4052 3318 4122 negotiis
3359 4053 3655 4107 admodum

2072 4150 2333 4202 distracto
2366 4147 2537 4216 loqui,
2565 4154 2619 4200 et
2652 4145 2721 4201 de
2749 4144 3000 4199 Manasse
3032 4144 3283 4213 quaedam
3318 4143 3552 4204 tradere.
3590 4145 3657 4198 de

2071 4239 2272 4308 quibus
2313 4254 2379 4293 ne
2423 4239 2529 4309 γρὺ
2582 4238 2801 4309 quidem
2847 4237 2988 4308 apud
3024 4233 3284 4290 Nostrum
3329 4242 3525 4289 exstet.
3562 4234 3657 4287 llis

2071 4331 2281 4384 addunt
2338 4341 2451 4384 tum
2507 4330 2871 4398 prolixitatem
2915 4326 3258 4391 indicendo,
3306 4335 3419 4380 tum
3471 4324 3654 4380 Nostri

2071 4423 2138 4478 de
2181 4423 2286 4477 hoc
2320 4439 2484 4492 opere
2515 4422 2817 4487 silentium,
2847 4421 2937 4475 ubi
2980 4421 3046 4474 de
3075 4420 3294 4489 scriptis
3335 4418 3573 4487 loquitur
3601 4418 3654 4471 in

352 4506 482 4560 bus.
520 4504 720 4561 Primo
743 4510 1094 4577 reprehendit
1123 4512 1357 4567 nimium
1385 4515 1659 4585 allegoriae
1680 4519 1951 4583 studium,
1993 4515 2034 4571 C
2071 4515 2273 4585 quibus
2320 4529 2474 4570 suam
2509 4514 2577 4569 de
2626 4514 3002 4568 incarnatione
3054 4512 3211 4567 fidem
3272 4520 3504 4566 testatus
3548 4522 3654 4576 est,

352 4599 505 4666 quod
542 4599 600 4651 in
628 4598 1039 4669 Apollinarium
1078 4604 1286 4659 dictum
1328 4621 1451 4663 esse
1476 4617 1671 4678 putant
1698 4610 1963 4680 Dupinitts
2077 4616 2188 4662 tum
2245 4607 2481 4677 denique
2533 4608 2861 4662 Catenarum
2910 4605 3314 4660 auctoritatem.
3356 4606 3427 4657 ita
3470 4603 3657 4674 paucis

351 4707 420 4744 ac
449 4691 796 4746 Garnerius.
843 4690 1049 4748 Deinde
1081 4694 1368 4765 impugnat
1405 4715 1502 4753 eos
1533 4701 1627 4769 qui
1660 4703 1846 4757 omnia
1877 4719 1970 4758 ra-
2072 4699 2489 4769 complectimur
2533 4700 2799 4769 quidquid
2830 4706 3022 4753 contra
3053 4698 3200 4752 hunc
3224 4697 3425 4749 librum
3448 4696 3655 4750 dictum

351 4785 551 4839 ticinia
600 4785 671 4837 ad
723 4782 949 4839 Judazos
988 4787 1256 4852 referunt,
1284 4805 1451 4858 quam
1490 4793 1710 4861 quidem
1743 4810 1969 4850 accusa-
2073 4806 2194 4847 esse
2250 4794 2525 4847 novimus.
2564 4790 2691 4846 Haec
2741 4798 3090 4861 argumenta,
3134 4789 3235 4845 etsi
3272 4789 3451 4842 tniuus
3500 4790 3653 4841 ﬁrma

354 4879 567 4932 tionem
595 4877 668 4931 ad
693 4876 1050 4933 Theodorum
1105 4880 1562 4951 Mopsuesteuum
1608 4898 1855 4955 spectare
1878 4905 1970 4944 sa-
2073 4883 2203 4949 sint,
2235 4890 2417 4937 tamen
2452 4882 2592 4952 apud
2617 4881 2856 4937 Caveum
2876 4897 2939 4935 ac
2969 4880 3295 4935 Garnerium
3319 4889 3529 4933 tantum
3562 4895 3657 4932 ra-

360 4970 429 5023 tis
448 4979 652 5040 aperte
678 4972 987 5040 loquuntur
1009 4987 1072 5027 ea
1089 4988 1214 5043 quae
1235 4974 1289 5028 in
1322 4976 1461 5031 actis
1481 4979 1676 5047 synodi
1700 4995 1752 5045 ν,
1783 4981 1965 5036 collat,
2075 4974 2319 5040 luerunt,
2347 4983 2405 5028 ut
2439 4989 2599 5028 suum
2633 4973 2742 5028 illis
2771 4973 3075 5042 adjecerint
3105 4972 3401 5025 calculum.
3422 4972 3536 5023 lino
3561 4987 3656 5039 pa-

356 5058 410 5120 5.
444 5076 512 5113 ex
553 5057 847 5130 llesychio
881 5058 1154 5116 llierosol.
1191 5061 1450 5131 leguntur
1472 5063 1614 5133 apud
1645 5064 1815 5120 Hard.
1845 5066 1883 5120 Ι.
1915 5081 1967 5121 e.
2076 5082 2196 5120 rum
2254 5064 2427 5120 abfuit
2482 5065 2615 5135 quin
2646 5063 2947 5120 Garnerius
2990 5065 3045 5118 in
3095 5064 3274 5118 locum
3321 5064 3488 5131 hujus
3532 5065 3657 5118 libri

351 5162 489 5205 tom.
527 5150 627 5214 Ill,
676 5166 737 5220 p.
784 5150 914 5206 104.
946 5150 1191 5223 Denique
1246 5154 1474 5209 nimiam
1520 5157 1754 5211 aliorum
1797 5159 1970 5226 proli-
2074 5164 2242 5216 alium
2281 5161 2637 5217 substitueret
2675 5159 2866 5224 fetum,
2914 5174 3077 5230 quem
3120 5157 3380 5213 Auctario
3436 5173 3539 5212 suo
3574 5159 3658 5211 iu-

354 5245 591 5298 xitatem
632 5244 846 5314 arguit,
873 5244 940 5297 ad
971 5244 1434 5315 Chrysostomum
1493 5248 1614 5301 sine
1669 5248 1837 5303 dubio
1887 5253 1980 5303 re-'-
2073 5268 2257 5307 serere
2310 5252 2583 5321 promisit,
2625 5267 2747 5322 pag.
2798 5250 2947 5317 258;
3000 5265 3191 5303 verum
3229 5248 3315 5302 his
3366 5247 3656 5318 promissis

352 5338 626 5407 spiciens,
670 5353 837 5407 quem
870 5338 924 5392 in
970 5339 1098 5404 hoc,
1132 5348 1195 5393 ut
1237 5339 1292 5393 in
1328 5340 1608 5409 plerisque
1653 5341 1774 5396 aliis
1815 5342 1972 5396 libris
2075 5362 2181 5398 non
2238 5347 2409 5410 stetit,
2455 5345 2535 5399 vel
2566 5354 2713 5399 stare
2750 5344 2949 5408 noluit,
2983 5342 3076 5413 qui
3108 5343 3292 5412 operis
3335 5339 3652 5410 perﬁciendi

356 5444 474 5498 pra:
494 5429 733 5499 reliquis
758 5438 985 5485 secutus
1005 5437 1113 5497 est,
1134 5431 1207 5485 ita
1233 5439 1416 5486 tamen
1438 5441 1497 5487 ut
1528 5431 1775 5487 brevitati
1804 5446 1967 5500 quam
2073 5452 2261 5491 curam
2300 5446 2422 5505 post
2457 5435 2707 5491 Garnerii
2748 5436 2959 5492 obitum
2989 5435 3043 5490 in
3071 5450 3131 5491 se
3162 5437 3423 5504 suscepit.
3462 5429 3656 5485 Videa-

354 5522 606 5577 maximc
644 5523 914 5578 studeret.
942 5521 1061 5579 Hac
1090 5524 1179 5578 via
1212 5523 1498 5594 ingressus
1529 5524 1672 5579 felici
1707 5538 1969 5579 successu
2075 5543 2199 5583 nms
2230 5537 2435 5593 autem,
2469 5543 2579 5598 qua
2610 5527 2821 5582 ratione
2858 5527 3041 5582 omnis
3099 5526 3202 5581 ista
3244 5521 3653 5593 argumentatio

354 5613 550 5669 iabore
612 5617 718 5670 hoc
778 5615 1083 5673 defunctus
1127 5626 1233 5683 est,
1269 5616 1545 5686 simulque
1581 5616 1724 5671 hanc
1750 5616 1967 5671 laudem
2076 5618 2322 5683 refutari,
2345 5629 2399 5675 et
2427 5620 2670 5690 genuina
2691 5618 2815 5675 libri
2852 5618 3062 5674 indoles
3103 5617 3321 5673 delendi
3352 5613 3546 5683 possit.
3580 5610 3656 5664 De

358 5706 586 5771 meruit,
638 5714 699 5760 ut
727 5708 921 5764 critica
951 5707 1245 5779 diligentia
1290 5708 1431 5764 alios
1471 5709 1554 5765 sui
1598 5708 1859 5780 temporis
1889 5710 1972 5764 in-
2072 5710 2487 5784 Cbrysostomo,
2516 5712 2620 5769 etsi
2641 5711 2878 5784 vitajam
2899 5711 3190 5768 defunctus
3211 5717 3374 5769 esset,
3397 5705 3522 5776 jure
3544 5704 3654 5758 dici

363 5805 639 5864 terpretes
673 5801 1048 5871 superaverit.
1092 5799 1356 5857 Adhibuit
1370 5801 1518 5858 enim
1546 5801 1780 5872 Aquilae,
1804 5800 1962 5873 Sym-

2074 5813 2305 5874 poterat,
2336 5807 2364 5859 ὀ
2398 5808 2513 5869 τοῖς
2544 5804 2780 5877 ῥεύμασι
2825 5804 2923 5875 τῆς
2960 5797 3306 5862 διδασκαλίας
3358 5797 3526 5869 μέχρι
3558 5795 3657 5849 καὶ

2990 5936 3023 5961 δ
