4136 6472
503 333 574 397 55
1097 379 1102 383 -
1479 336 1577 395 DE
1607 337 1783 422 VTTA
1814 336 1910 396 ET
1942 337 2284 398 SCRIPTIS
2327 341 2817 403 THEODORETI
3701 345 3769 408 55

495 445 742 515 ⁸τήμερον
789 446 972 500 πᾶσαν
1020 446 1121 516 τὴν
1175 449 1507 520 οἰκουμένην
1563 449 1842 522 ἀρδεὺων·
1870 450 2060 506 viveba

2194 454 2329 507 ritur
2355 456 2571 524 peritia,
2609 458 2776 510 mtdta
2811 457 3002 527 paucis
3030 458 3269 514 dicendi.
3314 459 3469 526 Quod
3507 474 3636 512 vero
3665 461 3754 512 hu-

499 535 638 590 enim
681 537 734 590 in
764 539 986 608 scriptis
1019 541 1136 594 suis
1165 555 1404 610 quorum
1429 541 1574 596 fama
1605 552 1735 596 tunc
1757 544 2078 597 universum

490 623 610 699 [35]
643 630 833 683 orbem
856 629 1193 700 impleverat.
1225 629 1281 684 Si
1313 647 1502 686 verum
1527 642 1612 688 est
1647 634 1903 692 alterum.
1930 634 2080 704 quod

497 721 546 774 in
599 721 946 776 'l‘hcodormn
979 722 1450 794 Mopsuestenum,
1495 741 1657 796 quem
1689 726 1932 795 alioquin
1958 743 2078 781 ma-

494 815 582 880 gni
609 813 860 881 faciebat,
901 816 1210 876 invehatur.
1235 818 1340 872 hoc
1383 833 1516 872 sane
1551 817 1795 873 veritatis
1832 833 2075 872 amorem

491 916 544 960 rt
569 923 598 960 a
631 911 870 977 partium
894 910 1078 965 studio
1101 909 1331 964 liberum
1362 919 1596 964 testatur
1618 911 1861 964 animum
1891 929 1906 964 :
1931 911 2074 965 idem

487 999 658 1065 enim,
695 1010 753 1054 ut
793 1001 906 1069 jam
975 1001 1232 1066 vidimus,
1289 1000 1417 1056 fecit
1475 1002 1528 1055 in
1563 1016 1667 1056 suo
1701 1003 1766 1055 ad
1817 1001 2070 1058 Psalmos

489 1089 784 1146 Prommio.
825 1092 930 1147 Sed
974 1096 1216 1147 nondum
1241 1094 1379 1148 satis
1410 1093 1580 1164 liquet
1613 1094 1692 1148 rei
1729 1095 1954 1150 veritas.
1984 1095 2076 1148 Ni-

488 1183 620 1236 titur
653 1184 864 1238 scilicet
907 1193 1018 1238 tota
1058 1184 1340 1240 accusatio
1383 1185 1714 1239 auctoritate
1763 1185 1963 1254 Pelagii
2007 1187 2070 1247 ll,

485 1285 580 1328 aut
607 1277 790 1344 potius
807 1276 1055 1346 Gregovii
1083 1277 1176 1341 Μ..
1199 1277 1362 1347 quiin
1382 1279 1608 1340 cpistola
1633 1278 1790 1332 tertia
1813 1279 1878 1332 ad
1898 1278 2070 1332 Etiam

483 1369 886 1438 Aquileiensem
904 1381 958 1424 et
973 1370 1261 1440 episcopos
1279 1369 1447 1424 lstrize
1465 1369 1679 1424 scribit.
1703 1389 1721 1421 ι
1743 1369 1878 1424 Cum
1895 1369 2073 1424 Theo-

479 1460 650 1514 dorus
695 1460 1155 1531 (Mopsuestenus)
1194 1461 1480 1517 Canticum
1535 1461 1876 1516 canticorum
1911 1463 2071 1517 vellet

479 1569 774 1622 exponere,
805 1554 1156 1610 Salomonem
1187 1555 1448 1625 perhunc
1477 1554 1679 1610 librum
1709 1553 2068 1622 IEtbiopissae

475 1645 679 1716 reginae
710 1648 1016 1702 blamlitum
1059 1663 1184 1704 esse
1226 1648 1514 1720 professus
1557 1657 1646 1705 est
1671 1667 1683 1701 :
1712 1649 1858 1718 quod
1888 1646 2069 1702 Theo-

477 1739 703 1792 doretus
731 1741 1136 1808 reprehendens
1163 1755 1361 1795 nomen
1393 1740 1612 1809 quidem
1632 1738 1904 1794 Theodori
1928 1754 2064 1808 sup-

476 1829 701 1896 pressit,
735 1834 830 1886 sed
885 1842 1064 1886 tamen
1114 1831 1393 1887 vesaniam
1433 1829 1712 1900 patefecit.
1743 1849 1763 1882 ι
1795 1829 1926 1886 Tale
1961 1845 2062 1885 au-

475 1931 586 1975 tem
621 1922 768 1991 apud
817 1921 1222 1978 Theodoretnm
1264 1923 1298 1977 Ι.
1335 1939 1386 1977 c.
1423 1938 1532 1976 nou
1579 1921 1834 1992 legimus.
1882 1919 1940 1975 In
1969 1935 2064 1976 eos

476 2023 684 2068 tantum
724 2015 1020 2079 invehitur,
1049 2016 1143 2085 qui
1183 2017 1268 2070 vel
1309 2026 1590 2086 putarunt,
1617 2015 1970 2070 Salomonem
1997 2016 2067 2070 de

475 2119 534 2158 se
561 2104 680 2172 ipso
709 2115 764 2158 ct.
813 2105 1119 2161 Pharaonis
1157 2105 1267 2160 tilia
1312 2107 1365 2159 in
1408 2107 1512 2160 hoc
1560 2105 1703 2160 libro
1758 2103 1932 2174 loqui,
1976 2102 2065 2158 vel

475 2215 575 2266 pro
607 2197 913 2256 Pharaonis
950 2200 1060 2255 lilia
1101 2200 1290 2255 Abisai
1324 2197 1725 2255 Sunamitidem
1757 2197 2060 2253 substitue-

474 2300 622 2344 runt.
669 2288 818 2344 Nihil
856 2291 1040 2361 itaque
1077 2292 1143 2347 de
1189 2291 1535 2362 Ethiopissa
1582 2289 1771 2360 regina
1803 2289 1910 2343 hoc
1939 2287 2064 2342 loco

473 2382 684 2438 dietum
742 2383 1245 2455 deprehendimus;
1275 2401 1400 2456 quae
1433 2395 1614 2439 tamen
1645 2383 1856 2454 opinio,
1889 2380 1936 2436 si
1968 2379 2062 2434 illa

475 2471 748 2530 Theodori
793 2477 886 2542 sit,
917 2477 1020 2532 sub
1054 2478 1296 2548 generali
1330 2477 1640 2546 fabularum
1689 2474 1918 2528 anilium
1956 2486 2060 2526 no-

479 2565 649 2632 mine,
692 2583 802 2637 quo
832 2565 1029 2624 Noster
1057 2571 1114 2622 h.
1143 2568 1177 2622 l.
1209 2569 1405 2634 utitur,
1448 2564 1837 2637 comprehendi
1861 2563 2056 2634 potuit.

473 2660 616 2715 Sunt
649 2660 795 2714 enim
836 2661 1064 2715 omnino
1095 2661 1262 2714 anilia
1294 2669 1350 2714 et
1376 2659 1697 2714 Christiano
1718 2658 1944 2712 doctore
1976 2655 2061 2708 in-

471 2750 659 2822 digna,
686 2765 807 2820 qua:
833 2765 900 2805 ex
923 2748 1198 2804 Theodori
1231 2750 1380 2804 illius
1408 2750 1464 2802 in
1495 2749 1642 2802 hunc
1671 2748 1872 2802 librum
1897 2747 2061 2802 Corn-

472 2841 756 2898 mentariis
772 2851 990 2898 exstant
1019 2841 1370 2913 Fragmenta,
1390 2841 1533 2910 apud
1562 2840 1904 2897 Harduinum
1931 2842 1966 2901 l.
2005 2863 2057 2903 c.

469 2953 526 3006 p.
561 2935 631 2992 88
664 2953 781 3008 seq.
818 2937 926 2992 Sed
973 2937 1039 2992 ad
1092 2953 1156 2992 ea
1211 2936 1648 3008 progrediamu:,
1705 2954 1832 3007 (piae
1891 2941 2052 2997 tertio

468 3029 589 3085 loco
643 3030 1001 3099 objiciuntur.
1037 3026 1095 3082 Si
1131 3037 1322 3084 auctor
1375 3031 1570 3083 horum
1608 3028 2058 3088 Commentario-

2179 544 2270 611 jus
2319 545 2444 600 libri
2490 549 2696 602 nullam
2729 549 2920 604 fecerit
2951 552 3310 610 mentionem.
3345 551 3437 604 ubi
3472 566 3610 620 opus
3643 567 3764 606 esse

2183 633 2468 690 videbatur
2516 640 2581 692 ad
2630 639 3028 693 defendendam
3069 656 3225 696 suam
3271 643 3338 696 de
3385 644 3763 699 incarnatione

2180 725 2510 791 doctrinun,
2546 746 2736 798 parum
2787 731 3001 784 ellicict.
3043 731 3171 786 Sive
3216 734 3361 788 enim
3406 749 3472 789 eo
3517 745 3763 805 tempore

2180 817 2468 874 Theodoro
2531 824 2887 891 parcendum,
2941 843 3056 881 srve
3105 827 3209 880 hoc
3267 827 3388 880 fidei
3425 843 3538 882 suae
3592 828 3762 882 docu-

2179 921 2362 965 mento
2427 913 2570 968 haud
2627 932 2767 982 opus
2827 935 2950 974 esse
3005 919 3425 984 existimaverit,
3462 920 3630 974 libera
3685 921 3761 973 illi

2178 1006 2404 1059 otnuiuo
2439 1006 2543 1060 fuit
2571 1011 2718 1078 optio
2750 1011 2996 1066 locorum
3017 1013 3223 1082 quibus
3249 1013 3382 1066 lides
3417 1010 3757 1065 defendenda

2176 1107 2338 1150 esset.
2365 1098 2696 1155 Catenarum
2728 1103 2966 1173 denique
2991 1106 3130 1159 adeo
3157 1120 3256 1160 nos
3286 1122 3393 1160 non
3444 1115 3627 1158 movet
3663 1120 3761 1157 au-

2179 1190 2420 1255 ctoritas,
2471 1201 2528 1246 ut
2569 1209 2762 1262 parum
2813 1195 2882 1248 ah
2912 1195 3019 1250 hoc
3053 1208 3378 1264 argumento
3405 1198 3756 1249 itu-tuendum

2175 1281 2247 1334 sit
2292 1298 2474 1338 causa:
2525 1295 2748 1340 nostrae.
2775 1285 2988 1344 Parvus
3017 1297 3102 1344 est
3131 1291 3460 1343 Caleltul'tltll
3486 1289 3538 1341 in
3573 1287 3760 1340 Canti-

2171 1391 2295 1430 cum
2322 1377 2663 1431 canticorum
2705 1394 2988 1446 numerus,
3024 1397 3125 1435 nec
3173 1383 3315 1435 inter
3346 1381 3464 1434 illas
3499 1389 3584 1432 est
3608 1395 3754 1448 qua:-

2171 1465 2294 1520 dam
2335 1466 2494 1535 cujus
2536 1469 2801 1523 memoria
2842 1475 2914 1525 sit
2949 1471 3090 1525 adeo
3124 1472 3383 1536 obscura,
3420 1486 3584 1537 quam
3612 1471 3754 1538 ejus.

2170 1569 2292 1623 qua:
2320 1571 2351 1609 a
2377 1555 2640 1612 Garnerio
2665 1559 2977 1626 adducitur,
3009 1569 3064 1614 et
3093 1559 3379 1630 Neophyto
3405 1559 3626 1614 cuidam
3653 1560 3755 1612 tri-

2172 1645 2380 1701 buitur.
2415 1646 2626 1702 D.mtur
2662 1659 2842 1704 tamen
2869 1651 3142 1720 quaedam,
3176 1651 3230 1704 in
3258 1650 3463 1720 quibus
3492 1649 3750 1720 frequen-

2175 1747 2257 1790 ter
2287 1747 2414 1792 sunt
2443 1741 2694 1810 Origenis
2729 1742 3078 1811 aliorumque
3112 1759 3234 1797 cum
3267 1743 3470 1812 quibus
3491 1741 3750 1796 Nostrum

2171 1829 2286 1903 [57]
2318 1834 2518 1900 sacpius
2551 1843 2918 1902 permutatum
2955 1851 3078 1890 esse
3119 1835 3393 1898 novimus,
3437 1835 3752 1897 citationes,

2171 1921 2306 1974 utin
2342 1921 2432 1974 illa
2457 1939 2620 1992 quam
2655 1922 2928 1978 Meursius
2967 1923 3138 1976 edidit
3172 1922 3342 1992 Lugd.
3371 1920 3491 1974 Bat.
3522 1937 3552 1974 a
3593 1920 3682 1973 ΜΗ
3699 1920 3750 1974 7.

2167 2011 2447 2067 Facillime
2479 2015 2664 2084 itaque
2704 2015 2884 2084 potuit
2937 2016 3074 2077 fieri,
3123 2025 3182 2068 ut
3215 2015 3269 2068 in
3312 2015 3465 2068 hisce
3506 2013 3750 2076 Catenis,

2165 2121 2396 2176 quarum
2419 2121 2621 2176 parvus
2641 2117 2724 2161 est
2755 2122 3041 2170 munerus,
3063 2104 3245 2185 Nostri
3269 2105 3617 2160 desideretur
3639 2119 3752 2156 mc-

2167 2199 2364 2264 moria,
2410 2199 2525 2254 sive
2561 2199 2826 2268 temporis
2877 2200 2984 2254 hoc
3022 2197 3226 2253 factum
3275 2198 3348 2254 sit
3388 2198 3589 2266 injuria
3636 2197 3751 2250 sive

2165 2290 2514 2346 librariorum
2545 2291 2894 2362 negligentia.
2924 2293 3051 2347 Haec
3076 2291 3261 2346 omnia
3284 2291 3470 2360 itaque
3506 2303 3608 2342 nos
3639 2302 3749 2340 non

2165 2387 2482 2456 impedient,
2513 2389 2816 2459 quominus
2877 2388 3028 2445 hunc
3054 2387 3522 2444 Commentarium
3548 2383 3750 2438 Nostro

2163 2477 2526 2533 vindicemus.
2551 2478 2626 2533 ita
2642 2478 2787 2533 enim
2807 2479 2963 2549 jubet
2996 2479 3301 2533 auctoritas
3326 2475 3602 2542 codicum,
3627 2474 3750 2543 qui-

2163 2569 2267 2625 bus
2295 2571 2428 2624 olim
2465 2569 2579 2641 jam
2614 2571 2696 2624 usi
2730 2580 2862 2624 sunt
2884 2569 3054 2626 Zinus
3077 2586 3142 2626 ac
3177 2569 3530 2630 Sirmondus,
3556 2577 3610 2620 et
3632 2583 3751 2619 ma—

2163 2678 2268 2734 gna
2295 2679 2418 2732 qua:
2445 2663 2586 2718 inter
2620 2663 2766 2718 hunc
2802 2665 3050 2734 aliosque
3093 2661 3422 2717 Theodoreti
3468 2660 3637 2714 libros
3668 2661 3752 2714 in-

2165 2755 2392 2810 tercedit
2446 2754 2702 2812 affinitas.
2732 2755 2951 2810 lllustre
2978 2757 3100 2825 ejus
3127 2755 3436 2824 exemplum
3470 2755 3563 2807 dat
3597 2753 3749 2807 locus

2163 2847 2254 2902 illc
2276 2847 2602 2914 Ezechielis,
2635 2849 2728 2918 qui
2764 2850 2816 2901 in
2847 2846 3130 2902 Protemio
3159 2847 3225 2902 ad
3261 2847 3406 2901 hunc
3433 2845 3629 2900 librum
3655 2859 3751 2900 eo-

2161 2938 2285 2992 dem
2320 2939 2506 3003 modo,
2532 2949 2591 2994 ut
2627 2939 2680 2993 in
2711 2937 2894 2994 Nostri
2937 2939 3005 2993 ad
3040 2939 3191 2992 hunc
3230 2937 3549 3008 prophetam
3581 2935 3749 2990 Com-

2163 3031 2435 3084 mentario
2458 3031 2788 3100 explicatur.

467 3138 590 3176 rum
627 3123 813 3176 multis
864 3137 975 3176 non
1017 3124 1180 3176 modo
1213 3121 1636 3184 ecclesiasticis,
1669 3123 1762 3177 sed
1801 3123 2055 3180 civilibus
2083 3131 2130 3193 ο
2232 3126 2550 3182 Proximum
2593 3127 2773 3182 locum
2811 3137 2996 3182 tenent
3027 3127 3496 3197 lnterpretatimm
3525 3127 3749 3181 sedecim

468 3229 691 3284 quoque
725 3230 790 3269 ac
815 3213 1148 3269 militaribus
1178 3214 1330 3269 curis
1354 3230 1414 3269 se
1433 3215 1666 3272 distrahi
1693 3225 1922 3286 questus
1948 3225 2053 3282 est,

467 3326 576 3365 non
611 3311 982 3375 mirabuntur,
1021 3311 1115 3382 qui
1161 3327 1192 3366 e
1223 3312 1416 3368 litteris
1455 3312 1784 3369 Theodoreti
1819 3315 1930 3385 jam
1962 3331 2058 3371 su-

465 3417 564 3470 pra
603 3401 853 3470 allegatis
908 3403 1182 3468 noverint,
1212 3413 1452 3472 quantos
1487 3404 1706 3458 labores
1737 3413 2059 3475 quantaque

467 3495 712 3564 pericula
735 3495 1082 3560 sustinuerit,
1105 3505 1164 3550 ut
1186 3496 1432 3566 perditos
1453 3513 1635 3553 mores
1653 3513 1845 3552 eorum
1869 3513 2058 3552 emcn-

467 3589 644 3653 daret,
697 3603 934 3656 quorum
990 3603 1179 3643 curam
1225 3588 1332 3644 sibi
1383 3589 1771 3644 demandatam
1845 3589 2054 3645 habuit.

467 3679 708 3734 Gravius
743 3681 931 3750 itaque
962 3679 1090 3742 sibi,
1125 3695 1292 3750 quam
1332 3682 1565 3737 militum
1586 3684 1842 3748 ducibus,
1877 3665 2057 3750 impo—

466 3773 634 3826 situm
675 3786 818 3827 onus
855 3786 1002 3840 aegre
1043 3771 1283 3826 ferebat:
1315 3773 1464 3826 omni
1511 3773 1657 3828 enim
1700 3773 1948 3828 adhibita
1976 3771 2074 3839 di-g

467 3863 692 3932 ligentia
749 3864 836 3916 vix
888 3863 1243 3932 petulantiam
1309 3863 1428 3937 [56]
1476 3866 1765 3920 hominum
1823 3867 2056 3920 istorum

467 3972 722 4012 coercere
751 3967 984 4028 poterat.
1011 3956 1089 4012 lta
1113 3974 1226 4014 rem
1249 3960 1527 4028 echdire,
1553 3971 1626 4027 et,
1657 3959 1702 4015 si
1729 3975 1868 4029 opus
1889 3968 2056 4024 esset,

461 4049 729 4120 tropicam
767 4051 1061 4122 quamdam
1105 4052 1320 4108 dicendi
1355 4053 1623 4107 rationem
1663 4052 1716 4105 in
1754 4052 1840 4108 his
1866 4063 2058 4108 aucto-

466 4149 546 4201 ris
573 4147 750 4202 nostri
779 4147 961 4202 verbis
995 4147 1289 4203 admittere
1323 4148 1632 4213 mallemus,
1659 4162 1824 4216 quam
1851 4146 2058 4219 absque

469 4239 710 4294 historia:
766 4238 870 4294 ﬁde
902 4255 1028 4295 eum
1084 4240 1364 4295 nonnullis
1405 4255 1654 4296 asserere
1679 4281 1692 4300 .
1719 4239 2055 4310 Cyresticam

467 4333 746 4402 regionem
773 4348 838 4388 eo
859 4341 1102 4403 tempore
1123 4332 1590 4403 pnesidiariorum
1622 4332 1857 4386 militum
1883 4332 2056 4388 effusa

467 4421 685 4476 licentia
737 4423 936 4479 misere
995 4425 1268 4478 turbatam
1310 4422 1503 4478 fuisse.
1540 4421 1734 4488 Porro,
1765 4423 1912 4492 quod
1941 4423 2054 4478 Ma-

469 4528 678 4576 nasses,
729 4531 824 4570 rex
869 4515 1090 4584 impius,
1143 4529 1396 4585 magnam
1453 4529 1738 4568 sacrorum
1764 4515 2051 4572 Librorum

467 4612 678 4672 partem
711 4605 1100 4669 combusserit,
1136 4604 1269 4657 utin
1304 4605 1581 4660 Prommio
1607 4607 1673 4659 ad
1709 4605 1854 4660 hunc
1889 4607 2055 4661 Con.-

468 4696 798 4750 mentarium
827 4695 1052 4759 dicitur,
1094 4695 1246 4749 nullo
1278 4696 1500 4765 quidem
1541 4698 1592 4750 in
1625 4697 1745 4753 loco
1789 4715 1819 4752 a
1852 4698 2053 4754 Nostro

465 4785 592 4840 alibi
631 4789 920 4853 asseritur,
953 4785 1048 4840 sed
1077 4801 1208 4838 num
1231 4787 1416 4840 omnia
1451 4802 1561 4840 uno
1597 4789 1904 4858 eodemque
1928 4791 2052 4846 loco

463 4878 646 4932 dicere
673 4892 900 4933 necesse
943 4877 1100 4931 erat?
1133 4875 1301 4932 Multa
1347 4879 1404 4932 in
1433 4879 1550 4934 suis
1585 4881 1651 4934 ad
1688 4881 1856 4937 libros
1882 4881 2052 4936 Para-

464 4969 1240 5039 lipomenonCommentariis
1272 4972 1564 5040 supplevit,
1594 4990 1717 5043 qua:
1749 4975 1806 5028 in
1841 4975 1949 5030 illis
1983 4978 2050 5030 ad

462 5063 634 5120 'libros
681 5063 894 5134 Regum
935 5063 1128 5116 eodem
1171 5064 1297 5132 jure
1337 5066 1518 5120 dicere
1550 5067 1839 5136 potuisset,
1874 5071 1918 5123 si
1951 5086 2050 5123 te-

462 5159 694 5212 ccssitas
723 5157 866 5211 hanc
916 5157 1086 5224 legem
1129 5157 1205 5210 illi
1253 5159 1629 5228 imposuisset.
1671 5159 1828 5226 Quod
1875 5147 2114 5233 proli-fi.

463 5251 588 5306 xius
613 5249 666 5303 in
719 5250 821 5304 hoc
869 5263 1034 5318 quam
1080 5248 1309 5304 forsitan
1357 5252 1408 5306 iu
1454 5252 1578 5308 aliis
1616 5253 1776 5308 libris
1819 5256 2052 5309 medita-

461 5342 642 5397 tiones
669 5357 800 5396 suas
827 5343 1160 5410 exposuerit,
1187 5343 1429 5398 dmdum
1465 5346 1549 5400 est
1593 5361 1702 5400 non
1740 5348 2050 5416 argumenti

463 5444 696 5496 tantum,
735 5434 878 5504 quod
909 5435 1140 5489 Inultum
1179 5436 1518 5492 difﬁcultatis
1551 5438 1806 5504 habebat,
1855 5439 2049 5495 condi-

461 5526 618 5585 tioni.
652 5526 748 5582 sed
787 5527 1017 5597 !empori
1045 5527 1207 5582 etiam
1248 5545 1360 5600 quo
1399 5530 1640 5600 scripsit.
1679 5530 1851 5585 .Haud
1906 5532 2049 5586 male

463 5619 610 5672 enim
638 5635 704 5674 ex
738 5620 858 5690 ipso
895 5622 994 5677 hoc
1021 5624 1331 5692 pauluimn'
1353 5623 1558 5678 diffuso
1589 5623 1808 5679 diccmli
1848 5639 2048 5694 genere

461 5709 759 5782 colligitur,
796 5717 940 5770 hunc
969 5715 1168 5770 librum
1195 5731 1317 5774 esse
1364 5731 1533 5770 unum
1566 5732 1632 5772 ex
1678 5717 1873 5785 primis
1907 5733 2047 5787 quos

461 5798 658 5858 Noster
687 5807 1016 5877 composuit.
1058 5805 1168 5866 Usu
1208 5809 1376 5874 enim,
1416 5820 1474 5863 ut
1507 5808 1618 5863 ﬁeri
1659 5808 1814 5863 solet.
1860 5811 2044 5878 acqui-

2160 3220 2559 3290 prophetarum,
2589 3219 2743 3275 Isaiae
2781 3221 3018 3286 scilicet,
3052 3219 3302 3274 .Ieremia:
3337 3219 3446 3288 (cui
3473 3217 3746 3288 suhjnucti

2161 3322 2289 3368 sunt
2327 3312 2528 3366 Threni
2569 3321 2622 3366 et
2671 3312 2808 3367 liber
2865 3310 3122 3381 Baruch),
3151 3309 3475 3374 Ezechielis,
3513 3309 3749 3364 Danielis

2159 3411 2214 3457 et
2235 3402 2522 3457 duodecim
2543 3402 2933 3474 prophetarum
2957 3418 3100 3472 quos
3128 3403 3368 3457 minores
3391 3403 3602 3456 dicunt.
3626 3399 3744 3454 Non

2160 3493 2354 3549 eodem
2395 3494 2590 3550 ordine
2615 3495 2808 3564 scripti
2835 3505 2963 3549 sunt
3001 3493 3390 3550 Comment-srii
3421 3495 3506 3548 isti
3542 3508 3652 3562 quo
3687 3508 3750 3546 se

2161 3587 2458 3656 excipiunt.
2494 3585 2768 3641 Danielem
2799 3587 3041 3657 primum
3077 3586 3248 3642 fuisse
3295 3603 3453 3656 quem
3496 3587 3750 3641 Theodo-

2161 3687 2314 3735 retus
2365 3679 2752 3748 interpretatus
2803 3689 2906 3742 est,
2955 3679 3072 3748 ipse
3118 3679 3170 3732 in
3209 3677 3534 3732 Pratl‘atione
3574 3677 3640 3730 ad
3681 3677 3750 3728 li-

2160 3773 2319 3829 brum
2351 3772 2503 3827 illum
2532 3772 2767 3838 monuit,
2801 3786 3138 3840 causamque
3169 3771 3411 3839 optionis
3445 3785 3559 3824 sua:
3581 3785 3610 3824 a
3645 3769 3751 3822 Ju-

2159 3867 2404 3922 dzeorum
2434 3882 2561 3935 erga
2589 3865 2735 3920 hunc
2754 3865 3075 3935 prophetam
3099 3863 3229 3917 odio
3257 3863 3431 3932 petiit.
3457 3861 3753 3918 Proximus

2161 3961 2334 4016 fuisse
2388 3961 2601 4016 videtur
2659 3959 2932 4025 Ezechiel,
2965 3959 3032 4014 de
3075 3973 3185 4029 quo
3219 3958 3411 4012 saltem
3444 3973 3507 4010 ex
3541 3955 3754 4010 Praefa-

2162 4054 2311 4111 tione
2339 4055 2405 4110 ad
2437 4053 2732 4110 Jcremiam
2761 4061 3002 4116 constat,
3031 4051 3085 4106 in
3116 4065 3243 4106 eum
3279 4051 3432 4118 prius
3463 4066 3754 4103 commen-

2160 4157 2336 4204 tatum
2365 4162 2488 4202 esse
2520 4143 2778 4200 Nostrum
2823 4159 2989 4214 quam
3021 4144 3088 4198 ad
3131 4141 3426 4196 Jeremiam
3473 4142 3756 4196 iiillSll‘.tll-

2159 4243 2288 4296 dum
2319 4255 2378 4295 se
2401 4239 2730 4308 accingeret.
2756 4236 2876 4304 Quo
2899 4237 3094 4291 ordine
3119 4234 3187 4290 ad
3219 4235 3460 4304 reliquos
3489 4250 3747 4305 progres-

2161 4349 2256 4388 sus
2297 4333 2390 4398 sit,
2426 4333 2568 4387 haud
2611 4332 2745 4388 satis
2793 4331 2998 4400 liquet:
3037 4331 3141 4384 hoc
3173 4339 3354 4384 tamen
3394 4344 3460 4382 ex
3495 4329 3616 4396 ipso
3650 4342 3756 4382 au-

2161 4424 2334 4479 ctoris
2377 4423 2695 4478 testimonio
2756 4433 3100 4492 perspectum
3155 4420 3442 4482 habemus,
3491 4419 3750 4473 ultimum

2164 4517 2359 4570 horum
2392 4516 2642 4570 laborun
2687 4513 2860 4570 fuisse
2885 4513 3356 4568 Commentarium
3387 4512 3441 4564 in
3471 4511 3750 4575 Threnos,

2159 4607 2247 4663 eui
2279 4607 2364 4662 his
2389 4607 2569 4660 verbis
2601 4608 2762 4660 linem
2798 4603 2925 4658 fecit
2948 4613 3140 4657 auctor
3167 4621 3181 4656 :
3217 4623 3234 4654 ε
3264 4601 3414 4656 lianc
3441 4601 3604 4655 etiam
3625 4599 3753 4654 aliis

2169 4699 2502 4771 propheticis
2533 4699 2688 4754 libris
2719 4697 3009 4767 adjicimus
3041 4695 3574 4764 interpretatiooem,
3608 4692 3753 4746 adeo

2165 4801 2224 4847 ut
2254 4807 2349 4861 per
2392 4789 2490 4844 Dei
2531 4790 2764 4861 gratiam
2798 4788 3004 4842 nullam
3037 4786 3376 4856 prephetiam
3419 4786 3751 4854 interpreta-

2161 4884 2328 4939 tionis
2384 4892 2662 4952 expcrtem
2711 4880 3119 4950 reliquerimus.
3153 4897 3172 4932 ι
3203 4877 3528 4949 Magnopcre
3555 4877 3752 4930 dolen-

2157 4978 2284 5031 dum
2305 4983 2410 5038 est,
2435 4975 2577 5029 haud
2601 4974 2870 5044 integrum
2895 4971 3016 5044 [581
3035 4971 3101 5026 ad
3125 4987 3228 5030 nos
3243 4971 3558 5040 pervenisse
3577 4967 3747 5022 Cum-

2159 5068 2486 5123 mentarium
2537 5068 2591 5121 in
2623 5065 2839 5127 Isaiam.
2875 5065 3036 5134 cujus
3088 5080 3196 5118 non
3231 5063 3335 5118 nisi
3389 5063 3618 5117 lacinias
3644 5062 3748 5116 ha-

2155 5162 2370 5217 bemus.
2422 5160 2555 5228 Qua:
2609 5159 2936 5214 Sirmondus
2967 5174 2996 5212 e
3042 5157 3264 5212 Catenis
3297 5157 3606 5228 congessit,
3636 5171 3748 5210 non

2155 5254 2339 5308 omnia
2374 5253 2441 5307 ad
2475 5251 2739 5306 Nostrum
2773 5251 3069 5320 pertinent,
3113 5249 3208 5305 sed
3248 5264 3444 5318 magna
3476 5263 3542 5302 ex
3587 5255 3744 5316 parte

2153 5345 2221 5398 ad
2250 5343 2595 5399 Theodorum
2624 5340 3092 5412 Mopsuestenum,
3124 5348 3200 5404 et,
3236 5349 3425 5394 nostra
3457 5339 3638 5392 adhuc.
3663 5347 3754 5392 est

2153 5436 2488 5506 conjectura,
2540 5435 2606 5489 ad
2658 5433 2955 5490 Eusebium
3015 5432 3410 5488 Caesariensem
3457 5430 3750 5486 referenda

2153 5545 2276 5584 esse
2305 5529 2576 5582 videntur.
2603 5527 2911 5596 Antequam
2940 5527 3007 5580 ad
3035 5527 3279 5594 reliquos
3319 5523 3492 5580 libros
3519 5539 3748 5593 progrem

2151 5622 2391 5685 diamur,
2423 5621 2614 5690 paucis
2644 5619 2975 5674 monendum
2994 5618 3122 5679 erit,
3148 5633 3362 5672 errasse
3382 5615 3742 5680 Garum-ium,

2151 5717 2199 5770 si
2245 5717 2407 5770 Auct.
2439 5730 2491 5784 p.
2525 5713 2651 5778 {88,
2689 5720 2926 5768 exeunte
2955 5712 3136 5782 capite
3176 5719 3376 5782 quarto
3408 5707 3596 5770 refert.
3623 5705 3742 5763 Νυ-

2157 5816 2331 5864 strum
2360 5807 2414 5862 in
2438 5807 2852 5864 Commentario
2893 5805 2962 5862 ad
3014 5815 3260 5859 extrema
3299 5802 3460 5859 verba
3491 5799 3742 5860 Jcremia:
