4136 6426
345 338 408 404 57
1788 366 2313 432 DISSERTATIU.
3583 395 3654 461 58

342 455 554 525 prolixe
606 457 886 515 adversus
938 462 1277 534 Apollinarii
1330 480 1549 526 errores
1615 474 1954 532 chiliasticos
1985 485 2028 538 Α
2063 482 2227 535 vctth
2276 482 2379 538 ista
2412 484 2737 552 praemittit:
2775 507 2793 540 ι
2837 488 2979 546 Sunt
3004 507 3128 562 quae
3167 498 3364 563 partim
3393 511 3519 559 ante
3551 520 3653 561 an-

341 548 683 618 disputasse.
737 551 847 607 Sed
903 555 1215 626 disputatio
1262 562 1363 616 ista
1399 579 1506 617 non
1545 565 1649 621 hoc
1680 568 1828 634 loco,
1864 570 1960 625 sed

340 643 393 695 in
425 641 534 695 line
556 643 968 703 Commentarii
1019 651 1091 705 ad
1123 652 1460 709 Ezechielem
1504 668 1701 727 exstat,
1738 662 1823 715 cui
1858 661 1961 717 ad—

338 731 619 800 jungenda
674 747 805 789 sunt
858 737 955 791 illa
1001 756 1130 810 qua:
1173 743 1239 797 ad
1279 744 1440 799 linem
1482 745 1877 807 Commentarii
1905 754 1956 808 in

337 819 602 887 Aggzeutu
642 821 927 891 leguntur.

411 908 593 967 Utiles
631 913 682 966 in
720 916 921 984 primis
957 929 1094 975 sunt
1135 920 1520 980 Comntentarii
1569 930 1624 982 in
1659 929 1799 985 XIl'
1832 931 1956 1004 Epi-

332 1013 509 1067 stolas
538 1019 719 1071 sancti
748 1018 983 1088 Paul£,a
1015 1022 1222 1082 Nostro
1255 1038 1401 1084 tanta
1446 1047 1572 1086 cum
1611 1035 1770 1091 laude
1806 1054 1956 1093 cont-

331 1107 526 1176 positi,
564 1119 627 1162 ut
672 1128 1014 1184 magnopere
1060 1118 1363 1175 dolendum
1412 1124 1505 1191 sit,
1541 1127 1783 1196 reliquos
1813 1128 1950 1186 Novi

337 1197 596 1253 Falleris
628 1202 806 1259 libros
846 1221 956 1260 non
1002 1212 1258 1265 eumdem
1297 1224 1495 1270 nactos
1524 1233 1644 1272 esse
1684 1220 1953 1291 interpre-

334 1299 461 1343 tem.
503 1291 749 1346 Exstant
780 1306 964 1350 autem
1028 1301 1247 1357 nonnisi
1297 1320 1468 1373 pauca
1514 1308 1950 1368 Commentariu-

332 1399 448 1435 tum
480 1383 540 1437 in
575 1399 827 1454 quatuor
875 1388 1173 1462 Evangelia
1230 1394 1559 1467 fragmenta.
1595 1418 1720 1470 quae
1752 1421 1944 1459 recen-

330 1476 436 1530 suit
474 1475 943 1536 Montl’auconius
991 1484 1043 1537 in
1079 1483 1415 1544 Bibliotheca
1459 1491 1698 1549 Coislin.
1734 1496 1943 1552 Horum

326 1567 432 1621 duo
463 1585 883 1627 conn-emerat
909 1575 960 1628 in
987 1574 1327 1647 Matthzeum,
1349 1599 1398 1652 p.
1430 1584 1499 1638 75
1519 1595 1572 1640 et
1595 1587 1724 1651 257,
1756 1606 1784 1643 c
1808 1588 1943 1646 Cod.

323 1658 493 1716 Coisl.
524 1663 597 1716 3.5
625 1674 684 1717 et
718 1664 846 1719 195.
875 1664 1150 1723 Nonnulla
1184 1671 1236 1725 in
1270 1673 1475 1729 Lucam
1515 1693 1568 1746 p.
1600 1678 1728 1744 251,
1752 1696 1782 1735 e
1807 1682 1939 1736 Cod.

323 1752 494 1808 Coisl.
554 1754 692 1823 20!,
744 1767 803 1812 et
846 1774 903 1828 p.
940 1759 1047 1814 576
1087 1767 1480 1833 seq.;n0nnisi
1533 1772 1758 1827 unicum
1814 1790 1943 1828 vero

2066 585 2169 624 nos
2220 571 2435 642 viginti,
2468 574 2664 644 partim
2709 588 2838 634 ante
2886 582 3214 653 octodecim,
3267 592 3466 658 partim
3527 610 3654 655 ante

2064 663 2402 732 quindecim,
2428 667 2629 736 partim
2672 680 2799 726 ante
2835 672 3130 732 duodecim
3162 682 3380 752 scripsi.
3421 704 3439 737 ι
3466 687 3652 745 lucer-

2066 765 2178 809 tum
2209 757 2396 828 itaque
2429 774 2551 813 esse
2574 759 2754 828 debet,
2778 766 2959 822 sintne
2985 770 3109 825 libri
3143 774 3236 842 qui
3266 778 3464 834 deinde
3498 797 3652 837 com-

2063 851 2817 916 memorantur,duodecimo
2868 860 2952 913 vel
2995 862 3261 921 vicesimo
3320 885 3469 925 anno
3522 885 3649 930 ante

2060 944 2215 999 datas
2252 944 2417 1000 hasce
2447 946 2678 1012 litteras,
2723 951 2804 1003 vel
2829 951 2971 1006 intra
3010 954 3175 1011 hosce
3205 975 3380 1017 antios
3414 966 3648 1034 scripti?

2063 1034 2181 1107 [40]
2220 1035 2329 1091 lloc
2353 1047 2534 1091 tamen
2570 1055 2635 1093 ex
2669 1040 2774 1094 ista
2805 1041 2874 1096 ad
2906 1040 3145 1101 Leonem
3174 1050 3485 1108 liornanum
3516 1057 3646 1126 Epi-

2057 1127 2218 1193 stula,
2245 1145 2390 1198 quat,
2437 1138 2495 1183 ut
2523 1145 2641 1197 jam
2671 1132 2880 1187 dictum
2918 1145 3024 1199 est,
3055 1139 3120 1192 ad
3148 1141 3211 1195 Α.
3239 1142 3300 1196 C.
3348 1145 3452 1200 449
3480 1150 3647 1216 perti-
3723 1164 3727 1170 ‘

2056 1227 2170 1286 net,
2221 1229 2374 1274 certo
2424 1222 2703 1292 colligitur
2738 1225 2856 1294 jam
2908 1237 3037 1282 ante
3090 1234 3360 1302 synodum
3416 1236 3643 1310 λῃστρι-

2053 1312 2157 1385 κὴν
2207 1316 2444 1384 scriptos
2489 1315 2663 1371 fuisse
2692 1317 2791 1373 hos
2834 1316 3297 1380 Commentarios.
3340 1328 3643 1387 Garuerius

2051 1406 2355 1472 existimat,
2384 1424 2547 1464 atram
2599 1409 2819 1464 illorum
2869 1411 3211 1470 referendam
3263 1434 3384 1473 esse
3414 1423 3481 1475 ad
3519 1439 3639 1477 eam

2051 1512 2324 1553 annorum
2369 1501 2593 1565 seriem,
2638 1518 2763 1572 quae
2800 1504 2943 1558 inter
2964 1508 3263 1563 concilium
3298 1511 3639 1580 Ephesinum

2051 1589 2249 1660 (prius)
2292 1601 2347 1646 et
2378 1608 2507 1647 ann.
2536 1594 2600 1648 C.
2629 1596 2737 1650 455
2786 1597 3118 1654 interceSsit.
3146 1600 3484 1671 Argumenta
3521 1607 3642 1675 ejus

2049 1683 2354 1737 attentione
2388 1685 2612 1753 quidem
2635 1685 2800 1757 digna
2835 1698 2987 1755 sunt,
3019 1691 3131 1745 alio
3168 1702 3352 1747 autem
3394 1694 3513 1750 loco
3545 1712 3643 1766 ap-

2051 1774 2157 1828 tior
2179 1775 2248 1830 de
2271 1776 2379 1831 illis
2409 1777 2726 1846 disputandi
2751 1780 2856 1835 erit
2888 1784 3137 1838 occasio.
3168 1782 3280 1839 Hoc
3318 1795 3500 1842 tatnen
3524 1788 3637 1857 jam

322 1847 374 1899 in
420 1845 732 1912 Joaum-m,
770 1866 831 1921 p.
882 1853 974 1915 68,
1004 1870 1035 1908 e
1064 1854 1202 1911 Cod.
1234 1856 1326 1911 23.
1362 1859 1417 1912 In
1448 1859 1765 1919 Matthazum
1789 1882 1942 1935 quae-
1978 1840 2018 1894 Β
2048 1868 2268 1923 silentio
2314 1840 2591 1938 praeterire
2653 1886 2763 1926 non
2814 1888 3136 1943 possumus,
3170 1878 3313 1933 male
3345 1894 3474 1950 erga
3524 1840 3639 1934 hoc

320 1940 445 1993 dam
478 1957 513 1993 e
552 1940 770 1997 Nostro
826 1948 1111 2014 congessit
1158 1949 1306 2007 Petr.
1350 1952 1621 2010 Pessinus
1649 1958 1700 2011 iu
1733 1959 1941 2015 Catena

322 2030 553 2087 Patrum
619 2034 954 2090 Graecorum
1006 2040 1062 2092 in
1119 2051 1370 2097 sanctum
1422 2045 1741 2104 Matthteum
1794 2052 1939 2107 edita

319 2123 535 2182 Tolosa:
587 2146 644 2181 ει.
699 2130 867 2185 16w.
916 2131 1154 2201 Exstant
1187 2136 1350 2191 etiam
1386 2143 1653 2197 nonnulla
1686 2141 1940 2200 Theodo-

316 2220 438 2285 reti,
471 2221 573 2275 sed
602 2219 809 2275 Latine
844 2231 1085 2289 tantum,
1117 2225 1170 2279 in
1190 2226 1438 2283 Corderii
1475 2233 1680 2287 Catena
1718 2234 1770 2287 in
1808 2251 1940 2290 san-

312 2321 458 2365 ctum
491 2312 708 2367 Lucam
739 2314 1066 2385 Autuerpiat
1089 2332 1222 2373 ann.
1265 2319 1401 2375 1628
1443 2323 1611 2377 edita.
1648 2323 1813 2380 Plura
1838 2344 1938 2382 au-

310 2411 417 2458 tem
446 2404 507 2457 in
540 2404 921 2460 Bibliothccis
956 2407 1103 2475 regis
1133 2407 1325 2466 Gallia:
1355 2404 1651 2483 superesse
1686 2417 1832 2472 haud
1862 2419 1937 2473 in-

308 2499 477 2555 certis
520 2499 751 2555 indiciis
801 2500 1089 2556 novimus.
1118 2500 1224 2568 Qui
1268 2519 1401 2558 vero
1447 2504 1591 2561 inter
1619 2522 1722 2563 nos
1747 2523 1936 2580 super-

311 2593 470 2647 stites
498 2602 638 2647 sunt
663 2593 723 2646 in
775 2591 1066 2662 Epistolas
1112 2596 1289 2651 sancti
1315 2595 1473 2652 Pauli
1513 2597 1934 2665 Commentarii,

313 2685 585 2754 integrant
634 2695 693 2741 et
734 2687 1069 2742 continuam
1106 2690 1370 2745 exhibent
1400 2693 1966 2765 interpretationem,.

318 2792 442 2842 qua:
466 2776 628 2829 unica
654 2777 708 2829 in
744 2793 803 2832 se
836 2778 1251 2847 complectitur,
1275 2781 1539 2851 quidquid
1573 2784 1852 2855 eleganter
1878 2797 1934 2843 et

326 2864 585 2932 apposite
636 2867 703 2919 ad
736 2866 1032 2923 litteralem
1066 2868 1266 2924 borum
1291 2871 1556 2926 librorum
1581 2888 1805 2931 sensum
1832 2895 1932 2933 ex-

333 2955 655 3024 plicandum
681 2956 782 3009 dici
810 2958 1029 3013 debuit.
1056 2959 1170 3015 Nec
1197 2962 1301 3016 alia
1328 2979 1357 3018 a
1385 2964 1589 3022 Nostro
1621 2972 1933 3039 exspectari

328 3056 649 3117 potuerunt,
695 3048 974 3123 {591mm
1034 3065 1375 3125 przeceptore
1418 3075 1556 3114 usus
1592 3061 1665 3116 sit
1688 3063 1932 3133 Chryso-

2047 1969 2221 2017 strum
2257 1962 2436 2018 allecti
2481 1964 2650 2018 animi
2701 1964 2915 2034 insigne
2963 1968 3241 2037 specimen
3297 1982 3443 2034 esse,
3488 1973 3635 2041 quod

2045 2051 2187 2106 idem
2220 2053 2400 2121 prodit
2427 2053 2462 2106 Ι.
2491 2069 2542 2108 c.
2571 2069 2625 2124 p.
2660 2052 2783 2120 190,
2811 2055 2903 2109 ubi
2932 2057 3232 2115 lectoribus
3256 2060 3374 2116 suis
3402 2077 3634 2131 persua-

2043 2143 2173 2199 dere
2203 2154 2459 2209 eonatur,
2482 2143 2894 2202 Theodoretum
2922 2149 2975 2202 in
3000 2157 3113 2204 toto
3135 2152 3240 2205 hoc
3266 2151 3408 2206 libro
3433 2168 3631 2222 quam-

2042 2252 2262 2306 cunque
2307 2237 2655 2292 occasionem
2702 2239 2963 2309 Cyrillum
3017 2242 3273 2311 carpendi
3308 2244 3466 2299 avide
3499 2245 3636 2299 arri-

2040 2330 2251 2400 puisse,
2305 2330 2436 2401 quia
2477 2339 2603 2400 post
2639 2334 2915 2402 synodum
2964 2332 3296 2404 Ephesinam
3331 2353 3633 2409 pacemque

2039 2424 2350 2477 restitutam
2408 2423 2512 2492 ipsi
2558 2439 2666 2477 non
2703 2424 2920 2480 licuerit
2958 2427 3177 2495 publice
3205 2436 3400 2484 contra
3435 2431 3632 2485 adver—

2040 2514 2247 2570 sarium
2307 2531 2470 2571 suum
2512 2532 2779 2588 pugnare.
2817 2518 3369 2578 Meminerintautem
3400 2524 3632 2582 lectores

2038 2621 2232 2661 eorum
2264 2623 2388 2677 qua:
2400 2609 2515 2677 jam
2540 2609 2764 2665 ineunte
2793 2610 2896 2665 bac
2920 2610 3325 2670 Dissertatione
3355 2616 3625 2680 diximus,

2039 2699 2251 2754 scilicet
2287 2701 2714 2769 retorquendam
2756 2716 2879 2757 esse
2923 2703 2977 2757 in
3009 2703 3362 2772 Garuerium,
3396 2709 3545 2777 quod
3580 2708 3630 2766 is

2037 2789 2240 2845 Nostro
2284 2780 2569 2862 perperam
2608 2792 2852 2862 objecit;
2886 2809 3015 2849 nam
3050 2796 3287 2853 haeresin
3339 2794 3508 2854 totam
3545 2801 3627 2856 vi-

2037 2884 2166 2939 dere
2199 2882 2306 2939 sibi
2338 2884 2492 2939 visus
2520 2893 2625 2951 est,
2654 2886 2746 2940 ubi
2779 2886 2864 2941 vel
2892 2887 3120 2943 minima
3164 2891 3377 2960 species
3406 2892 3627 2946 umbra.

2035 2990 2144 3044 que
2189 2985 2524 3030 occurreret.
2568 2974 2941 3042 Meminerint,
2975 2993 3258 3050 rogamus,
3285 2989 3341 3036 ct
3379 2980 3627 3051 veljudi-

2036 3077 2182 3134 cent,
2220 3069 2305 3122 vel
2351 3069 2694 3138 suspendant
2723 3070 3230 3139 judicium,-donec
3253 3087 3396 3127 novo
3426 3074 3631 3142 iniqui-

322 3152 521 3207 smnio,
552 3150 609 3196 et
636 3141 938 3199 Theodoro
978 3145 1396 3215 Mopsuesteno,
1430 3152 1526 3221 qui
1576 3156 1852 3223 posterior
1874 3157 1930 3211 in
1958 3199 2003 3257 ϐ
2038 3161 2167 3216 tatis
2193 3161 2399 3216 iudicio
2424 3163 2601 3232 magis
2633 3172 2840 3218 motam
2869 3178 2994 3219 esse
3029 3163 3191 3220 bilem
3223 3165 3484 3221 sentiant.
3522 3141 3628 3220 Sed

322 3234 733 3257 Δηὼ-φηρὶ,
784 3235 829 3257 η,
1079 3238 1102 3257 ,,
1322 3241 1345 3257 ,
1384 3243 1395 3254 .
1544 3246 1576 3257 ,,
1622 3246 1654 3257 ._
2266 3250 2279 3257 -
2358 3251 2393 3257 --
2934 3252 2948 3257 -
3133 3250 3145 3257 -
3248 3254 3257 3257 -
3480 3256 3489 3257 κ

312 3235 665 3304 explicandis
686 3234 756 3289 Ν.
784 3235 853 3290 Τ.
878 3237 1040 3293 libris
1076 3238 1289 3294 felicior
1320 3241 1496 3299 fuisse
1526 3246 1730 3301 dicitur
1758 3263 1926 3318 quam

306 3327 363 3383 in
422 3331 737 3384 scrutando
788 3345 965 3386 sensu
1004 3332 1277 3388 librorum
1319 3334 1380 3400 _V.
1422 3335 1485 3389 Τ.
1523 3334 1600 3393 Ad
1635 3349 1931 3412 utrumque

305 3425 587 3492 pertinere
632 3426 930 3489 videntur,
963 3441 1093 3495 qua:
1121 3425 1320 3483 Noster
1358 3429 1409 3484 in
1442 3431 1635 3488 limine
1669 3434 1928 3490 l’rommii

306 3516 455 3570 haud
497 3517 694 3572 minus
726 3520 988 3572 modeste
1024 3535 1191 3589 quam
1226 3521 1531 3579 bouoritice
1565 3529 1798 3592 monuit,
1832 3544 1928 3584 ve-

306 3611 542 3665 rendum
584 3627 740 3674 esse,
805 3626 878 3667 ne
928 3612 1063 3678 sint,
1096 3628 1125 3667 a
1153 3616 1357 3683 quibus
1404 3621 1732 3677 temeritatis
1762 3638 1929 3678 accu-

302 3714 480 3768 setur,
513 3706 664 3775 quod
700 3713 830 3773 post
855 3707 1001 3760 hunc
1039 3715 1090 3760 et
1120 3707 1275 3761 illum
1315 3711 1407 3779 qui
1444 3713 1609 3766 totius
1641 3714 1785 3769 orbis
1818 3718 1928 3771 sint

302 3795 534 3858 lumina,
574 3796 789 3851 audeat
834 3798 907 3852 ad
959 3799 1398 3868 apostolicorum
1456 3804 1789 3872 scriptorum
1838 3808 1926 3863 iu-

298 3891 776 3960 terpretationem
809 3893 1096 3947 accedere.
1127 3891 1167 3945 Ε
1217 3897 1494 3953 veteribus
1533 3900 1690 3954 solus
1711 3912 1795 3956 est
1828 3902 1926 3957 Ni-

298 3982 607 4051 eephorns,
635 3982 737 4051 qui
770 3981 808 4034 Ι.
841 3997 896 4035 c.
922 3981 1126 4052 egregii
1149 3982 1318 4053 bujus
1356 3987 1550 4056 scripti
1589 3991 1924 4047 ntentionem

300 4074 530 4143 injecit:
560 4074 690 4142 ipse
722 4086 860 4126 vero
889 4081 1087 4127 auctor
1121 4082 1235 4129 tum
1269 4075 1324 4130 in
1359 4076 1621 4148 Epistolis
1648 4081 1766 4137 suis
1798 4095 1927 4152 pas-

299 4167 428 4231 sim,
460 4175 587 4219 tum
636 4164 957 4233 quarstione
996 4165 1173 4233 prima
1218 4166 1272 4221 in
1319 4166 1625 4225 Leviticum
1663 4172 1784 4244 ejus
1811 4189 1927 4229 me-

297 4260 481 4314 minit.
511 4257 783 4313 Dubitari
814 4256 1004 4327 itaque
1034 4273 1143 4312 non
1164 4267 1363 4328 potest,
1391 4261 1593 4318 librum
1615 4264 1782 4319 istutn
1801 4266 1926 4336 jure

294 4358 363 4406 ad
396 4351 681 4407 Nostrum
736 4347 975 4404 referri:
1004 4365 1118 4420 quo
1144 4362 1328 4407 autem
1363 4369 1509 4411 anno
1553 4357 1794 4427 scriptus
1829 4360 1922 4426 sit,

295 4448 489 4502 niiuus
545 4454 774 4500 certum
827 4442 1066 4499 videtur.
1117 4444 1424 4501 Dolendum
1480 4458 1584 4514 est,
1629 4459 1922 4522 utramque

2037 3265 2161 3305 cum
2212 3250 2281 3304 ad
2322 3251 2430 3306 alia
2463 3262 2611 3306 nunc
2639 3252 3046 3323 properandum
3101 3250 3193 3321 sit,
3245 3254 3350 3309 hoc
3400 3256 3625 3310 unicum

2033 3342 2310 3404 addimus,
2358 3341 2614 3399 Graecum
2662 3340 2826 3412 hujus
2881 3344 3007 3399 libri
3059 3353 3268 3400 textum
3322 3346 3627 3401 Sirmondo

2035 3434 2245 3499 deberi,
2284 3434 2379 3504 qui
2408 3434 2623 3504 primus
2654 3435 2804 3489 illum
2847 3448 2879 3490 e
2899 3435 3200 3492 Codicibus
3227 3437 3347 3492 orbi
3380 3438 3625 3493 litterato

2032 3525 2204 3592 dedit,
2255 3525 2440 3580 addita
2468 3525 2691 3595 quidem
2744 3526 2942 3582 Latina
2976 3525 3201 3582 Herveti
3230 3527 3506 3595 versione,
3529 3529 3626 3584 sed

2031 3618 2218 3673 minus
2238 3626 2401 3673 caute
2432 3614 2701 3683 adhibita,
2732 3618 2881 3688 quod
2913 3618 3055 3673 bene
3087 3618 3304 3674 monuit
3339 3617 3501 3674 Rich.
3536 3616 3625 3674 Si-

2032 3725 2184 3765 mon.
2211 3709 2247 3762 l.
2290 3725 2341 3764 c.
2375 3723 2432 3777 p.
2464 3706 2588 3761 186.

2107 3804 2361 3859 Historia;
2389 3801 2765 3857 ecclesiasticae
2799 3800 2923 3855 libri
2979 3808 3108 3857 sunt
3160 3801 3429 3873 quinque,
3479 3818 3625 3873 quos

2031 3895 2414 3951 Theodoretus
2446 3908 2555 3947 non
2587 3891 2789 3946 minori
2820 3898 2945 3946 cum
2975 3892 3138 3946 laude
3160 3903 3327 3962 quam
3357 3894 3623 3962 elegantia

2029 4004 2096 4045 eo
2133 3986 2368 4042 consilio
2397 3982 2732 4054 composuit,
2760 3992 2821 4037 ut
2854 3982 3072 4038 Eusebii
3103 3983 3462 4040 Caesariensis
3493 4000 3626 4053 sup-

2029 4076 2604 4146 pleret“liistoriam.
2670 4074 2894 4129 Initium
2948 4073 3137 4142 itaque
3190 4072 3315 4128 fecit
3387 4074 3457 4128 ah
3517 4076 3625 4130 illis

2030 4169 2392 4240 temporibus,
2460 4183 2584 4237 qua:
2648 4167 2893 4221 ultimam
2957 4167 3304 4221 constituunt
3368 4166 3624 4223 Historia:

2027 4262 2352 4318 Eusebianos
2379 4261 2691 4333 periodum,
2736 4269 2791 4315 et
2839 4273 3169 4330 progressus
3216 4268 3301 4321 est
3331 4275 3506 4329 usque
3554 4262 3622 4317 ad

2029 4356 2191 4411 tinem
2248 4354 2467 4426 imperii
2513 4350 2809 4409 Theodosii
2869 4349 3134 4407 Junioris.
3189 4350 3305 4424 [4i]
3363 4350 3623 4409 Emulos

2028 4448 2223 4503 habuit
2272 4446 2559 4503 Socratem
2603 4453 2768 4515 atque
2820 4445 3225 4509 Sozomenum,
3283 4446 3381 4515 qui
3427 4447 3620 4501 eodem

294 4542 449 4594 illam
506 4536 844 4608 epistolam,
885 4551 1011 4606 qua:
1054 4537 1196 4595 inter
1222 4541 1471 4613 reliquas
1504 4540 1803 4612 Scriptoris
1828 4562 1929 4602 no-
1961 4556 2004 4611 υ
2033 4539 2268 4595 consilio
2303 4548 2435 4595 tunc
2466 4538 2729 4608 temporis
2758 4538 2823 4592 ad
2859 4535 3158 4591 Historiam
3194 4537 3621 4594 ecclesiasticam

293 4635 395 4686 διγί
435 4632 664 4686 litteras
697 4643 900 4697 agmen
951 4627 1125 4696 ducit,
1162 4648 1271 4687 non
1308 4633 1443 4688 satis
1473 4634 1801 4690 distinctam‘
1824 4637 1926 4691 ha-

294 4725 425 4778 »τε
461 4720 753 4792 temporis
794 4726 1007 4785 notam,
1038 4738 1164 4791 qua:
1193 4725 1238 4779 si
1261 4725 1424 4779 nobis
1440 4738 1776 4797 suppeteret.
1806 4733 1927 4783 nul-

296 4817 381 4872 ius
430 4814 853 4873 controversia:
909 4814 1317 4885 relinqueretur
1354 4817 1533 4874 locus.
1585 4817 1731 4874 Misit
1777 4823 1923 4876 enim

302 4910 476 4966 amico
511 4910 626 4974 illi,
673 4909 748 4963 ad
774 4924 942 4977 quem
984 4908 1193 4964 directa
1224 4918 1311 4964 est
1333 4910 1566 4979 epistola
1599 4914 1800 4982 prima,
1826 4916 1926 4970 hos

309 5014 431 5055 suos
474 5003 534 5056 in
604 5000 957 5070 apostolicas
1011 4999 1278 5069 epistolas
1327 4998 1796 5067 Commentarios,
1832 5020 1927 5057 ro-

302 5107 455 5157 gans,
492 5102 560 5148 ut
596 5097 855 5147 mentem
881 5090 951 5145 de
981 5089 1105 5145 istis
1136 5089 1309 5144 libere
1353 5091 1615 5159 aperiret.
1653 5091 1922 5149 Praeterea

296 5184 347 5238 iu
376 5186 500 5240 suis
529 5184 605 5239 ad
638 5182 950 5238 Eusebium
979 5181 1339 5254 Ancyranum
1365 5193 1419 5237 et
1451 5180 1690 5239 Leonem
1720 5182 1924 5239 Roma-

292 5294 495 5334 norunt
550 5278 894 5347 epist'opum
931 5275 1130 5330 litteris
1171 5274 1358 5346 (epist.
1391 5275 1462 5330 82
1497 5287 1551 5331 et
1599 5278 1724 5349 115)
1757 5279 1921 5348 hujus

290 5389 454 5441 teque
512 5388 581 5426 ac
630 5371 904 5429 aliorum,
937 5368 1035 5437 qui
1087 5383 1155 5422 eo
1184 5377 1427 5438 tempore
1456 5369 1569 5438 jam
1599 5372 1919 5437 exstabant,

290 5464 572 5519 librorum
607 5461 878 5519 metninit
911 5461 1162 5532 quidem,
1202 5461 1293 5516 scd
1329 5462 1494 5517 nimis
1520 5478 1688 5533 rage:
1725 5479 1920 5519 recen-

289 5565 379 5612 Sd
424 5556 580 5610 enim
631 5555 845 5624 scripta
909 5555 1098 5608 omnia
1140 5568 1265 5623 qua:
1300 5561 1415 5607 tum
1473 5562 1600 5608 ante
1642 5557 1915 5626 synodum

291 5648 661 5719 Ephesinam,
695 5657 818 5702 tum
851 5645 1053 5717 primis
1085 5654 1209 5715 post
1241 5646 1391 5701 illam
1433 5646 1726 5702 duodecim
1756 5649 1945 5705 anuis.

293 5748 723 5811 civmposucrat.
758 5736 819 5792 ln
871 5737 1069 5806 primis
1117 5736 1173 5789 in
1208 5736 1507 5806 posteriori
1534 5737 1655 5792 loco
1679 5737 1914 5793 obscura

297 5842 388 5889 est
417 5834 687 5905 temporis
721 5838 885 5895 nota,
917 5829 1049 5901 quia
1072 5828 1403 5901 generaliori
1434 5830 1700 5886 librorum
1747 5831 1913 5888 indici

2032 4630 2463 4700 componendam
2508 4629 2756 4683 animum
2803 4626 3164 4696 adjecerunt,
3214 4628 3384 4682 multa
3436 4636 3620 4682 tamen

2032 4723 2248 4787 Nostro,
2286 4735 2409 4791 quae
2440 4721 2559 4776 sive
2596 4720 2876 4789 suppleret
2906 4719 3021 4775 sive
3053 4719 3373 4790 corrigeret,
3407 4720 3621 4791 reliqua

2030 4816 2298 4870 iecerunt.
2333 4815 2413 4869 Ita
2444 4814 2665 4884 quidem
2702 4812 2898 4867 statuit
2923 4811 3155 4869 Photius
3191 4814 3355 4883 (cod.
3399 4814 3490 4880 51)
3524 4815 3619 4883 qui

2030 4923 2138 4962 non
2186 4908 2349 4962 modo
2387 4906 2602 4962 dicendi
2636 4920 2808 4975 genus
2844 4904 3090 4960 historiae
3120 4906 3487 4971 aptissimum,
3522 4906 3621 4961 sed

2026 5001 2187 5055 etiam
2225 4999 2528 5054 ubertatem
2582 5012 2767 5053 rerum
2813 5012 2844 5052 a
2875 4994 3078 5052 Nostro
3109 5005 3491 5052 enarratarum
3536 4997 3620 5053 di-

2026 5094 2150 5166 gnis
2183 5093 2397 5149 extollit
2429 5092 2703 5159 laudibus,
2737 5108 2974 5163 eumque
3004 5092 3256 5157 Socrati,
3306 5093 3622 5148 Sozomeno

2026 5201 2091 5240 ac
2128 5185 2357 5257 Evagrio
2389 5185 2548 5256 longe
2592 5176 3033 5253 anteponendum
3068 5198 3192 5239 esse
3216 5184 3448 5254 judicat.
3497 5183 3618 5240 Non

2026 5279 2204 5349 potuit
2237 5287 2420 5334 tamen
2450 5276 2772 5349 peritissimi
2806 5276 2862 5330 in
2898 5276 2982 5330 his
3015 5274 3182 5331 rebus
3203 5276 3396 5331 arbitri
3424 5278 3617 5330 oculos

2025 5366 2262 5436 effugere
2293 5367 2463 5421 nimia
2501 5366 2590 5420 illa
2623 5366 2678 5419 in
2709 5364 3048 5434 metaphoris
3079 5365 3329 5431 audacia,
3367 5379 3490 5434 quae
3512 5362 3615 5417 etsi

2023 5475 2132 5514 non
2167 5461 2395 5515 omnino
2442 5460 2684 5528 delendi,
2740 5471 2922 5516 tamen
2974 5462 3136 5532 genio
3192 5463 3377 5532 populi
3422 5471 3476 5517 et
3530 5476 3616 5515 re-

2023 5551 2202 5621 gionis
2234 5552 2287 5607 in
2323 5568 2431 5622 qua
2467 5553 2622 5619 vixit,
2658 5553 2913 5609 excusari
2948 5554 3358 5624 quodammodo
3391 5552 3610 5622 poterit.

2023 5644 2129 5698 Alii
2184 5656 2340 5709 vero,
2394 5660 2463 5700 ne
2509 5646 2641 5716 quid
2699 5646 3051 5701 dissimulare
3104 5645 3428 5709 videamur,
3483 5652 3615 5699 sunt

2021 5737 2157 5792 naevi
2197 5737 2363 5807 hujus
2397 5737 2545 5804 libri,
2576 5752 2721 5808 quos
2750 5739 2835 5794 vel
2871 5744 3265 5793 recensuerunt
3297 5735 3381 5791 vel
3418 5751 3608 5791 cmen-

2021 5830 2289 5883 davcrunt
2310 5828 2600 5895 Baronius,
2628 5826 2897 5900 Dupinius
2918 5869 2932 5895 ,
2962 5827 3229 5894 Valesius,
3249 5833 3303 5882 ct
3334 5826 3611 5884 centuria-
