4136 6438
520 404 589 468 59
1469 401 1566 461 DE
1590 402 1767 462 VITA
1811 402 1906 462 ET
1954 398 2292 461 SCIllP'I‘iS
2344 397 2833 481 TIIEODORETI
3706 393 3783 458 60

521 526 669 573 tores
708 513 1129 587 Magdeburgici,
1175 528 1242 568 ne
1295 512 1424 583 quid
1457 513 1523 569 de
1559 513 1806 569 Garnerii
1840 515 2008 569 nimia
2048 516 2102 568 in
2134 522 2173 572 Λ
2211 510 2553 576 NestOrium;
2605 510 2743 564 alios
2787 504 3019 561 Nestorii
3059 506 3265 562 amicos
3312 506 3368 561 in
3415 507 3539 563 aliis
3579 505 3776 562 aduma

521 606 785 675 scriptore
804 615 992 659 nostro
1014 603 1331 682 casdgando
1361 603 1638 674 diligentia
1670 620 1813 659 nunc
1835 605 2099 662 dicamus.

522 696 599 750 De
654 709 885 749 numero
937 695 1130 748 horum
1165 691 1421 749 Historia:
1449 694 1815 749 ecclesiastica:
1844 697 2102 750 librorum

522 786 911 841 dubitationem
964 785 1239 841 nonnullis
1279 784 1812 854 injecitGennadius,
1839 787 1932 857 qui
1957 802 2005 842 c.
2034 786 2104 842 89

521 875 641 929 libri
667 874 740 928 De
762 875 889 927 viris
909 873 1207 927 illustribus
1240 873 1425 937 refert,
1456 871 1710 927 Nostrum
1731 874 1917 927 deCem
1941 874 2104 942 hujus

523 967 828 1036 argumenti
885 966 1054 1020 libros
1105 965 1507 1034 composuisse.
1570 962 1773 1019 Unicus
1833 966 1923 1034 qui
1977 966 2103 1019 huic

522 1056 826 1110 narrationi
864 1054 1045 1109 favere
1079 1054 1316 1118 videtur,
1374 1061 1460 1108 est
1507 1052 1674 1108 Gerh.
1702 1053 1952 1119 Vossius,
1985 1057 2097 1124 qui,

524 1163 648 1201 cum
704 1148 770 1201 de
827 1145 1103 1200 historicis
1162 1143 1368 1199 Graecis
1423 1145 1745 1210 dissereret,
1807 1146 2102 1200 lectoribus

523 1226 1084 1304 persuadere'voluit,
1141 1234 1413 1302 duplicem
1444 1233 1574 1287 olim
1606 1234 1881 1290 exstitisse
1911 1233 2099 1287 Histo-

523 1327 618 1379 ritz
650 1324 1024 1377 ecclesiasticae
1055 1322 1382 1377 Theodoreti
1419 1325 1735 1388 editionem,
1784 1340 1946 1378 unam
1976 1339 2099 1393 quae

524 1429 630 1465 non
663 1412 769 1467 nisi
801 1427 893 1465 sex
946 1411 1181 1480 priores,
1231 1411 1459 1464 alteram
1514 1426 1641 1465 vero
1689 1427 1811 1480 quae
1857 1410 2099 1479 quinque

523 1505 858 1574 posteriores
891 1503 1174 1571 complexa
1207 1503 1279 1557 sit
1326 1503 1514 1566 libros,
1561 1503 1762 1572 quibus
1801 1501 2096 1557 llistoriatn

524 1610 699 1665 usque
738 1596 803 1648 ad
833 1595 1032 1649 Leonis
1068 1595 1415 1664 imperatoris
1461 1603 1703 1664 tempora
1738 1594 2094 1664 suppleverit.

525 1687 632 1741 Sed
684 1687 833 1741 nulla
864 1687 1089 1740 omnino
1126 1687 1258 1740 tides
1304 1687 1533 1741 debetur
1577 1687 1703 1741 huic
1752 1686 1969 1753 fabulir,
2007 1687 2096 1742 cui

523 1790 633 1829 non
666 1776 828 1830 modo
856 1774 1057 1842 Photii,
1092 1774 1408 1845 Nicephori,
1455 1774 1770 1830 Cassiodori
1797 1785 1852 1830 et
1878 1775 2093 1846 Evagrii

2205 603 2393 657 hratos
2417 617 2558 656 esse.
2606 601 2813 666 Quarto
2846 598 3082 669 denique
3120 598 3382 670 Cyrillum
3419 610 3473 652 et
3522 597 3773 653 Proelum

2206 694 2258 747 in
2317 694 2406 757 iis,
2445 691 2538 763 qui
2584 690 2880 747 Diodorum
2939 689 3263 746 Tarsensem
3317 699 3372 744 ct
3432 688 3773 744 Theodorum

2204 784 2643 853 Mopsuestenum
2696 783 2842 837 velut
2893 782 3178 837 haereticos
3245 781 3461 851 scriptis
3509 781 3778 849 factisque

2204 876 2594 942 traduxissent,
2626 876 2788 929 tacite
2823 890 2969 929 nunc
2992 872 3184 939 refelli,
3220 889 3343 929 cum
3376 886 3605 943 uterque
3632 874 3778 926 velut

2206 962 2326 1016 tidei
2375 962 2629 1018 defensor
2678 962 2971 1017 inducitur.
3017 982 3034 1014 ι
3092 962 3244 1016 Itane
3279 963 3498 1033 ingenio
3546 964 3776 1016 abuten-

2200 1050 2328 1104 dum
2361 1060 2482 1104 erat
2511 1091 2525 1116 ,
2574 1058 2651 1116 ut,
2679 1064 3009 1120 quacunque
3055 1049 3168 1104 fieri
3199 1058 3384 1118 posset
3423 1050 3651 1113 ratione,
3685 1064 3776 1103 su-

2202 1152 2388 1210 specta
2429 1142 2747 1196 redderetur
2802 1142 2904 1196 viri
2951 1141 3080 1195 boni
3126 1140 3446 1211 integritas?
3488 1139 3591 1194 Sed
3646 1139 3774 1208 quid

2204 1230 2410 1283 multa?
2442 1229 2518 1282 Ex
2566 1230 2947 1298 superioribus
2997 1229 3107 1298 jam
3162 1230 3294 1283 satis
3338 1240 3591 1283 constare
3631 1229 3774 1282 arbi-

2203 1332 2434 1379 tramur,
2468 1336 2630 1390 quam
2666 1321 2900 1389 injurius
2943 1322 2999 1374 in
3034 1319 3436 1374 Thcorloretum
3470 1320 3540 1374 sit
3569 1319 3776 1373 Garne-

2201 1414 2335 1465 rins.
2371 1411 2530 1465 Plura
2557 1412 2650 1480 qui
2684 1412 2853 1481 cupit,
2889 1412 3031 1481 legat
3061 1411 3298 1482 lttigium
3329 1412 3394 1465 de
3427 1411 3776 1464 Bibliothccis

2199 1515 2250 1556 et
2278 1502 2502 1557 Catenis
2537 1500 2787 1567 Patrum,
2839 1517 2892 1572 p.
2926 1502 3062 1566 729,
3113 1512 3167 1556 et
3202 1500 3445 1571 ejusdem
3492 1498 3773 1554 Praefatio-

2201 1611 2319 1649 netn
2372 1594 2437 1647 ad
2484 1592 2740 1648 Historia:
2788 1593 3157 1647 ecclesiasticae
3223 1593 3407 1647 saeculi
3477 1609 3513 1646 ιι
3565 1593 3768 1661 capita,

2200 1702 2250 1755 p.
2294 1685 2327 1738 8
2359 1700 2474 1755 seq.
2533 1686 2731 1739 Parnm
2764 1685 3059 1754 :equiorem
3092 1701 3151 1740 se
3199 1686 3429 1754 praebuit
3473 1684 3772 1741 Garnerius

2198 1772 2414 1826 erudito
2442 1772 2796 1841 Cousinoqui
2828 1772 3129 1826 Historiam
3153 1773 3568 1827 ecclesiasticam
3599 1773 3793 1829 Theo-4

523 1868 701 1922 obstat
752 1869 1088 1932 auctoritas,
1135 1868 1230 1922 sed
1280 1868 1454 1936 ipsius
1503 1882 1722 1936 quoque
1766 1868 2090 1922 Theodoreti
2123 1857 2171 1911 Β
2199 1865 2372 1919 doreti
2422 1866 2475 1918 in
2525 1864 2789 1919 Gallicam
2835 1866 3072 1935 linguam
3108 1866 3410 1933 transtulit,
3463 1882 3562 1922 nec
3594 1868 3774 1922 minus

525 1959 700 2013 nostri
735 1958 1132 2023 testimonium,
1159 1957 1305 2027 quod
1334 1967 1514 2012 exstat
1536 1958 1590 2010 in
1625 1958 1731 2011 line
1764 1958 1884 2011 libri
1919 1958 2095 2011 ultimi

522 2065 617 2109 seu
642 2049 837 2117 quinti.
865 2068 884 2100 ς
920 2048 1035 2120 Ego
1065 2065 1210 2112 vero,
1244 2050 1440 2119 inquit,
1492 2050 1733 2103 historiae
1777 2048 1893 2121 [42]
1933 2049 2096 2104 linem

522 2139 614 2192 hic
639 2136 868 2205 faciens,
898 2139 1130 2193 lectores
1159 2153 1311 2209 rogo,
1339 2147 1397 2191 ut
1425 2139 1676 2207 precibus
1699 2141 1817 2194 suis
1852 2140 2090 2193 laborem

524 2236 775 2281 nostrum
829 2237 1204 2298 eompensent.
1245 2228 1497 2297 Quinque
1552 2239 1731 2283 autem
1771 2239 1825 2283 ct
1873 2236 2089 2283 centum

520 2333 792 2373 annorum
848 2328 1063 2390 tempus
1116 2321 1232 2375 h'ec
1284 2318 1523 2375 Historia
1572 2322 1975 2391 complectitur,
2024 2322 2094 2376 ab

519 2409 634 2461 Arii
668 2410 891 2463 vesania
939 2410 1230 2478 incipiens,
1275 2419 1329 2463 et
1361 2425 1484 2464 cum
1517 2410 1668 2463 obitu
1701 2409 1861 2464 laude
1899 2410 2096 2479 digno-

522 2513 643 2552 rum
676 2499 918 2553 virorum
947 2499 1222 2554 Theodori
1257 2500 1369 2570 (se.
1397 2497 1802 2570 Mopsuesteni)
1835 2507 1892 2553 et
1915 2499 2094 2553 Theo-

520 2588 631 2644 doti
671 2590 1077 2661 (Antiocheni)
1112 2591 1389 2646 desinens.
1437 2610 1457 2642 ι
1507 2589 1575 2645 Et
1627 2592 1672 2646 si
1725 2592 1809 2646 vel
1860 2592 2094 2647 maxime

521 2683 670 2736 tilum
722 2681 973 2738 Historia:
1023 2683 1284 2738 voluisset
1333 2683 1613 2752 prosequi,
1657 2692 1840 2738 tamen
1881 2698 2095 2738 summa

519 2773 621 2827 viri
653 2774 943 2844 prudentis
973 2789 1037 2830 ac
1069 2774 1357 2839 modestia,
1391 2789 1555 2844 quam
1586 2783 1646 2826 ut
1678 2789 1778 2844 par
1804 2783 1890 2829 est
1917 2774 2096 2830 admi-

518 2865 623 2920 rati
662 2875 792 2920 sunt
823 2865 1071 2922 Valesius
1110 2875 1163 2920 et
1196 2865 1505 2922 Beausobre
1531 2865 1679 2921 Hist.
1714 2866 1952 2920 Manich.
1977 2875 2017 2921 t.
2050 2868 2093 2933 I,

517 2973 572 3026 p.
611 2957 737 3023 226,
795 2974 902 3013 non
955 2958 1318 3027 permisisset,
1371 2964 1431 3012 ut
1476 2967 1723 3028 tempora
1775 2961 1880 3015 ista
1930 2959 2097 3014 attin-

518 3057 687 3119 geret,
725 3048 780 3102 in
825 3063 948 3118 qua:
980 3048 1172 3102 incidit
1204 3047 1471 3103 invidiosa
1499 3046 1834 3105 Nestoriana:
1865 3058 2091 3105 contro-

520 3140 713 3195 versis:
760 3140 1008 3195 historia.
1060 3139 1386 3210 Magnopere
1428 3140 1575 3195 enim
1621 3151 1869 3210 erraret,
1920 3143 2013 3213 qui
2059 3158 2090 3198 e

520 3230 761 3293 silentio,
811 3245 920 3299 quo
967 3228 1344 3284 Theodoretns
1392 3228 1514 3285 lites
1549 3229 1682 3286 istas
1714 3246 1963 3301 premere
1995 3247 2093 3287 vo-

518 3320 641 3385 luit,
675 3320 917 3386 inferret,
969 3336 1096 3377 eum
1127 3331 1252 3377 ante
1284 3321 1478 3392 synodi
1518 3320 1804 3392 Ephesium
1848 3334 2095 3394 tempora

520 3413 591 3468 ad
642 3411 932 3469 Historiam
1000 3414 1143 3469 hanc
1211 3413 1553 3469 scribendam
1602 3417 1919 3473 accessisse.
1974 3416 2095 3484 Quo

520 3506 703 3560 minus
749 3506 894 3560 enim
942 3505 1057 3560 haec
1099 3506 1411 3574 conjectura
1440 3522 1498 3562 se
1539 3508 1679 3562 tueri
1709 3508 1916 3577 possit,
1989 3508 2095 3562 im-

521 3598 746 3666 pediunt
810 3612 929 3667 qua:
992 3613 1022 3651 a
1080 3596 1278 3654 Nostro
1344 3600 1413 3653 de
1450 3598 1695 3670 reliquiis
1727 3599 1902 3655 sancti
1924 3598 2093 3669 Chry-

521 3690 748 3743 sostomi
807 3688 1338 3760 Constantinopolim
1381 3691 1594 3758 delatis,
1653 3700 1709 3746 et
1765 3692 1834 3746 de
1892 3691 2096 3761 pietate

522 3778 819 3835 Theodosii
855 3795 921 3835 ae
952 3795 1204 3835 sororum
1232 3781 1353 3851 ejus
1382 3791 1675 3837 narrantur
1707 3782 1801 3837 lib.
1836 3797 1891 3848 v,
1920 3796 1972 3836 e.
2002 3779 2092 3835 '56.

518 3870 637 3927 Jam
663 3915 678 3940 ,
730 3888 855 3927 cum
896 3889 928 3927 e
974 3871 1216 3930 Socratis
1254 3873 1494 3931 Historia
1538 3884 1820 3945 appareat,
1862 3873 2098 3944 Chryso-

519 3966 685 4020 stomi
732 3981 932 4036 corpus
974 3966 1188 4021 decimo
1234 3977 1391 4023 sexto
1430 3965 1721 4023 Theodosii
1767 3967 2092 4033 consulatu,

519 4058 709 4126 sicque
741 4073 867 4113 ann.
894 4058 957 4114 C.
986 4058 1112 4123 458,
1143 4060 1194 4112 in
1226 4059 1413 4113 urbem
1446 4058 1649 4127 regiam
1679 4056 1916 4113 delatum
1950 4071 2092 4119 esse,

519 4149 745 4204 dubium
783 4163 890 4201 non
933 4157 1054 4213 est,
1097 4147 1356 4205 Nostrum
1408 4147 1702 4203 Historiam
1740 4162 1895 4203 suam
1931 4147 2093 4217 longo

519 4246 643 4305 post
669 4238 963 4294 concilium
1003 4237 1338 4307 Ephesinum
1379 4235 1667 4291 intervallo
1694 4233 2089 4301 composuisse.

521 4328 649 4383 Sola
685 4329 867 4398 itaque
915 4329 1019 4382 viri
1071 4327 1373 4383 moderatio
1431 4325 1634 4390 effecit,
1689 4333 1748 4379 ut
1803 4324 1870 4379 de
1902 4325 2092 4380 litibus

519 4419 726 4484 sileret,
759 4420 961 4488 quibus
1002 4416 1324 4473 enarrandis
1355 4416 1592 4469 maxime
1621 4414 1851 4470 idoneus
1876 4415 2089 4479 fuisset,

2198 1957 2412 2012 eximiae
2439 1957 2612 2012 laudis
2645 1958 2784 2024 viro,
2817 1957 2984 2012 llenr.
3026 1957 3267 2026 Valesio,
3310 1961 3403 2028 qui
3453 1961 3639 2016 multis
3673 1978 3773 2015 no-

2201 2047 2438 2103 minibus
2467 2047 2535 2102 de
2562 2047 2765 2102 Nostro
2794 2064 2948 2118 reque
2978 2064 3041 2103 ac
3071 2048 3140 2104 de
3168 2049 3289 2105 aliis
3321 2049 3569 2105 Historia:
3597 2051 3775 2106 eccle-

2198 2139 2430 2193 siastica;
2480 2139 2845 2209 scriptoribus
2903 2138 3239 2209 coniunctim
3293 2141 3490 2206 editis,
3540 2144 3771 2209 meruit,

2204 2231 2362 2296 cujus
2394 2230 2691 2284 novissima
2725 2229 2895 2283 editio
2941 2230 3199 2298 Augusta:
3239 2228 3605 2285 Taurinorum
3642 2248 3771 2287 ann.

2199 2318 2358 2381 1748,
2412 2317 2632 2387 prodiit,
2684 2317 2873 2371 multis
2915 2316 3254 2371 eruditorum
3298 2316 3773 2373 observationibus

2197 2419 2252 2463 et
2300 2408 2636 2463 variantibus
2692 2407 3020 2463 lectionibus
3067 2407 3293 2462 editioni
3335 2406 3771 2479 Cantabrigiensi

2199 2502 2348 2557 Guil.
2387 2501 2632 2573 Beading
2671 2502 2932 2572 aspersis,
2965 2503 3315 2573 locupletata.

2264 2590 2549 2647 Breviores
2576 2591 2781 2646 erimus
2798 2592 2853 2646 in
2880 2591 3211 2647 recensenda
3234 2590 3473 2646 Historia
3498 2591 3771 2662 religiosa,

2194 2699 2315 2753 quae
2343 2684 2662 2739 inscribitur
2689 2682 2935 2751 φιλόθεος
2978 2683 3188 2752 ἱστορία
3231 2683 3265 2754 ἢ
3313 2682 3587 2755 ἀσκητικὴ
3617 2684 3774 2737 πολι-

2192 2773 2333 2828 τεία.
2373 2773 2547 2829 Μὶηοι·
2574 2783 2661 2828 est
2696 2773 2930 2837 utilitas,
2960 2787 3083 2844 quae
3114 2787 3145 2828 e
3176 2773 3411 2827 lectione
3457 2773 3623 2843 hujus
3649 2773 3773 2827 libri

2194 2867 2511 2936 percipitur,
2545 2875 2733 2936 utpote
2756 2866 2852 2936 qui
2880 2874 3077 2936 praeter
3104 2868 3429 2921 Aseetarum
3465 2866 3604 2922 vitas
3634 2867 3768 2920 nihil

2192 2959 2434 3013 continet
2463 2957 2563 3029 (a),
2596 2959 2785 3028 sicque
2816 2959 3072 3015 curiosos
3104 2958 3278 3029 magis
3316 2975 3481 3028 quam
3517 2958 3769 3013 discendi

2194 3052 2423 3120 cupidos
2452 3051 2686 3105 lectores
2730 3051 2928 3119 poscit.
2980 3050 3286 3120 Singularia
3333 3050 3554 3119 quidem
3608 3059 3771 3114 sunt,

2194 3156 2317 3212 qua:
2340 3142 2394 3194 in
2428 3142 2530 3195 hoc
2558 3140 2699 3193 libro
2721 3148 3014 3193 narrantur
3036 3138 3346 3206 ;-no|lemus
3368 3148 3546 3192 tamen
3572 3138 3771 3201 dicere,

2198 3246 2431 3287 censura
2474 3230 2613 3286 adeo
2650 3230 2876 3300 dignum
2908 3244 3031 3285 esse
3061 3228 3488 3294 Theodoretum,
3539 3238 3593 3282 ut
3620 3227 3770 3281 Frid.
3804 3264 3807 3267 -

2199 3321 2531 3393 Spanhemio
2562 3321 2798 3391 aliisque
2827 3320 3002 3376 visum
3030 3328 3136 3375 est.
3169 3320 3281 3375 Etsi
3311 3320 3457 3374 enim
3502 3320 3642 3375 inter
3671 3333 3777 3376 nos

2199 3414 2359 3470 tidem
2397 3415 2485 3469 vix
2519 3413 2829 3468 invenirent
2858 3412 3021 3483 hujus
3056 3412 3271 3482 generis
3315 3413 3599 3477 homines,
3631 3422 3774 3466 tem-

2196 3520 2388 3576 porum
2430 3514 2610 3559 tamen
2648 3502 2901 3558 habenda
2931 3501 3046 3575 [44]
3078 3513 3163 3558 est
3191 3504 3355 3557 ratio.
3387 3502 3562 3572 llujus
3588 3501 3772 3571 operis

2195 3606 2405 3666 partem
2438 3596 2730 3666 quamdam
2763 3595 3050 3649 constituit
3078 3593 3263 3649 Oratio
3305 3594 3421 3649 sive
3452 3593 3773 3650 Dissertatio

2193 3686 2260 3741 de
2287 3685 2578 3750 charitate,
2628 3700 2790 3755 quam
2824 3683 3156 3738 Sirmondus
3184 3683 3484 3752 Appendici
3512 3681 3768 3744 inseruit,

2194 3780 2473 3835 llervetus
2496 3785 2674 3831 autem
2707 3776 2761 3829 in
2791 3774 3044 3830 versione
3064 3789 3166 3831 sua
3193 3772 3377 3828 Latina
3410 3772 3611 3829 rectius
3641 3770 3779 3826 huic

2194 3871 2334 3925 llhro
2364 3867 2666 3937 subjunxit.

2262 3961 2433 4017 Multo
2489 3958 2753 4028 majorem
2804 3958 3095 4012 utilitatem
3136 3956 3294 4012 nobis
3339 3965 3597 4027 praestant
3637 3954 3783 4026 Epi-

2192 4054 2347 4108 stolae
2389 4051 2736 4116 Theodoreti,
2762 4065 2884 4118 quae
2914 4048 3226 4119 proximum
3253 4048 3394 4102 inter
3427 4047 3599 4117 Opera
3625 4047 3775 4103 illius

2191 4143 2370 4197 locum
2402 4150 2609 4206 tenent,
2662 4154 2835 4210 eoque
2867 4139 3147 4194 ehariores
3187 4138 3347 4194 nobis
3385 4154 3506 4193 esse
3540 4139 3769 4205 debent,

2190 4250 2300 4305 quo
2371 4232 2629 4303 majorem
2695 4231 2937 4286 historia:
3000 4230 3283 4299 scriptoris
3353 4230 3526 4285 nostri
3586 4230 3767 4285 lucem

2190 4324 2512 4382 accendunt.
2569 4322 2809 4379 Numero
2846 4330 2978 4377 sunt
3033 4333 3256 4376 centum
3307 4330 3361 4377 et
3406 4321 3765 4391 quadraginta

2194 4426 2434 4488 septem,
2469 4430 2574 4470 una
2619 4424 2800 4469 autem
2848 4429 2971 4482 qua:
3019 4414 3221 4483 scripta
3266 4422 3351 4468 est
3390 4414 3457 4467 ad
3503 4411 3765 4468 Joannem

518 4510 567 4564 si
602 4510 721 4564 sine
749 4511 980 4565 aliorum
1012 4509 1311 4564 otl‘ensione
1340 4507 1456 4561 ﬁeri
1486 4506 1773 4575 potuisset.
1808 4505 1940 4572 Quae
1965 4521 2089 4560 eum
2122 4525 2167 4580 ι)
2193 4508 2519 4578 episcopum
2537 4506 2917 4573 Germaniciae,
2938 4506 3076 4575 apud
3101 4505 3473 4571 Sirmondum,
3502 4512 3651 4560 tomo
3676 4504 3764 4572 lll,

518 4604 593 4656 ita
629 4602 774 4667 sint,
823 4602 949 4673 quis
980 4615 1090 4655 non
1118 4599 1287 4664 videt,
1338 4598 1585 4666 iniquum
1619 4596 1802 4652 Nostri
1845 4596 2086 4667 judicem

514 4711 636 4751 esse
670 4694 1017 4761 Garnerium,
1046 4694 1206 4763 cujus
1239 4693 1357 4747 haec
1383 4702 1511 4747 sunt
1538 4691 1699 4746 verba
1732 4705 1786 4759 p.
1815 4689 1940 4756 192,
1966 4704 2083 4758 seq.

513 4788 779 4841 Auctarii.
821 4807 839 4838 ‹
878 4786 1106 4855 Opinor,
1141 4785 1402 4853 primum,
1457 4783 1562 4839 hoc
1596 4798 1732 4852 opus
1759 4780 2087 4836 Theodoreti

514 4880 661 4933 aliud
692 4878 826 4932 nihil
855 4892 978 4933 esse
1006 4885 1203 4946 praeter
1232 4875 1520 4930 historiam
1565 4875 1782 4928 Ariante
1816 4874 2088 4929 haereseos

513 4969 730 5037 (eadem
774 4968 885 5024 fere
933 4967 1066 5022 ibid.
1127 4965 1314 5036 p.19t
1366 4966 1632 5036 exstant),
1680 4965 1794 5019 sive
1822 4965 1875 5018 in
1907 4966 2085 5034 seipsa

512 5059 629 5113 sive
670 5059 724 5112 in
760 5056 1073 5127 propagine.
1115 5055 1339 5121 Deinde,
1396 5055 1567 5124 ipsam
1597 5070 1664 5109 eo
1693 5055 1924 5110 consilio
1951 5056 2088 5111 scri-

513 5160 657 5221 ptam
714 5150 906 5215 fuisse,
947 5157 1009 5203 ut
1056 5148 1477 5204 ostenderentur
1514 5146 1721 5212 fontes,
1770 5164 1835 5202 ex
1887 5148 2087 5217 quibus

513 5241 861 5295 Theodoreto
893 5238 1210 5294 viderentur
1241 5238 1346 5292 orti
1371 5252 1609 5304 errores,
1637 5253 1776 5308 quos
1799 5236 2087 5308 adiungebat

513 5330 832 5385 Catholieis.
894 5329 1099 5396 Tertio,
1142 5331 1195 5383 in
1232 5329 1476 5394 Arianis,
1511 5326 1624 5401 [45]
1658 5328 1879 5383 unionis
1918 5329 2086 5397 hypo-

514 5422 724 5476 staticaa
755 5420 1106 5487 defensores;
1145 5421 1198 5474 in
1234 5420 1470 5476 Eusebio
1508 5417 1930 5481 Nicomediensi,
1982 5417 2085 5489 Cy-

510 5512 733 5581 rillum;
770 5512 822 5566 in
857 5511 1156 5569 Athanasio
1184 5521 1350 5582 atque
1376 5512 1537 5568 etiam
1571 5513 1623 5567 in
1661 5512 2077 5583 Chrysostomo.

2194 4603 2558 4667 desideratur,
2605 4617 2727 4657 cum
2777 4602 2956 4655 locum
3004 4611 3160 4655 nacta
3209 4600 3279 4654 sit
3326 4600 3380 4654 in
3431 4601 3762 4670 Appenditze,

2194 4702 2232 4749 t.
2280 4692 2371 4759 1V,
2423 4709 2476 4762 p.
2527 4692 2649 4746 702.
2700 4693 2875 4762 Supra
2912 4693 3239 4762 quingentas
3278 4692 3465 4746 Nostri
3504 4692 3766 4760 epistolas

2192 4784 2321 4855 legit
2381 4784 2510 4837 olim
2564 4782 2931 4854 Nicephorus,
2976 4784 3134 4853 cujus
3186 4783 3289 4837 fide
3338 4784 3385 4838 si
3427 4784 3526 4837 niti
3583 4784 3765 4850 liceat,

2198 4876 2490 4932 dolendum
2533 4877 2758 4931 omnino
2805 4885 2921 4942 est,
2964 4886 3168 4931 tantam
3205 4892 3391 4932 earum
3432 4886 3639 4946 partem
3671 4893 3766 4947 pe-

2190 4970 2372 5023 riisse.
2410 4968 2563 5023 Ilane
2589 4969 2861 5039 jacturam
2901 4968 3082 5039 aliquo
3112 4971 3273 5025 modo
3302 4969 3571 5025 resarcire
3595 4970 3768 5025 voluit

2189 5056 2489 5113 Garnerins
2523 5066 2636 5112 ttnn
2676 5056 2935 5128 Epistolis
2964 5059 3075 5115 illis
3122 5075 3259 5129 quas
3310 5059 3377 5114 ad
3429 5060 3764 5131 locupletan-

2188 5149 2316 5203 dum
2381 5160 2585 5204 tomum
2652 5151 2871 5206 tertium
2935 5152 3187 5207 editionis
3247 5153 3645 5207 Sirmondianze
3695 5152 3767 5209 ab

2192 5240 2350 5294 initio
2400 5240 2645 5295 Auctarii
2674 5242 2760 5297 sui
2804 5243 3089 5310 exhibuit,
3123 5254 3235 5299 tum
3281 5243 3662 5299 dissertatione
3693 5241 3762 5310 5,

2190 5332 2388 5386 ibidem
2441 5333 2667 5398 inserta,
2725 5350 2847 5404 qua:
2880 5334 3200 5389 inscribitur
3234 5334 3308 5388 De
3341 5332 3652 5388 Theodoreti
3711 5345 3761 5388 et

2195 5416 2552 5473 Orientalium
2589 5437 2771 5475 causa.
2810 5420 2935 5476 Haec
2965 5432 3077 5475 tota
3124 5422 3459 5487 dissertatio,
3510 5437 3632 5491 quae
3670 5436 3764 5474 ex-

2190 5509 2580 5578 spectationem
2632 5512 2929 5567 multorum
2975 5510 3200 5576 fefellit,
3248 5511 3384 5567 nihil
3429 5518 3623 5581 praeter
3664 5524 3763 5566 va-

581 5678 784 5784 (._a)_Ex
825 5712 927 5768 hac
980 5722 1159 5768 tamen
1210 5713 1437 5784 historia
1487 5712 1640 5783 (cap.
1694 5709 1816 5779 l3),
1871 5719 1928 5766 et
1970 5726 2077 5767 non
2118 5711 2356 5780 aliunde,
2422 5730 2486 5770 ea
2544 5714 2873 5784 paucissima
2906 5711 3168 5768 habemus
3198 5727 3316 5781 quae
3344 5713 3410 5767 de
3440 5710 3621 5780 scipso
3652 5717 3764 5765 tra-

507 5774 650 5835 didit
670 5780 1056 5839 Thcodoretns.
1094 5785 1248 5840 EDIT.
1288 5783 1460 5838 Pam.
