4136 6440
1152 398 1250 457 DE
1287 400 1465 461 VlTA
1504 401 1601 460 ET
1651 397 1995 460 SCRIPTIS
2057 393 2549 459 THEODORETI
2592 402 3092 467 DISSERTATIO
3128 384 3146 414 ’“

3760 396 3832 462 64

535 506 696 561 brum
739 520 769 560 ι
801 504 998 561 Nostro
1029 510 1397 579 compositum
1429 527 1554 567 esse
1586 512 1730 565 haud
1761 508 2015 565 obscuris
2046 508 2130 560 in-
2162 511 2207 565 Α
2236 510 2463 565 ctandos
2510 527 2633 568 esse
2666 516 2903 585 fructus,
2957 522 3061 574 etsl
3115 521 3170 573 in
3230 518 3333 573 hac
3376 516 3485 571 vita
3550 515 3831 571 nonnullis

536 599 697 654 diciis
742 601 925 668 prodit
970 602 1230 671 cpistola,
1255 620 1378 674 quae
1428 604 1798 675 pt'tetttittitur,
1830 602 1897 656 ad
1930 601 2132 671 Spora-

537 684 683 740 cium
711 728 725 752 ,
781 686 940 754 cujus
987 690 1221 745 consilio
1266 702 1319 746 et
1364 693 1614 747 instituto
1671 692 1912 746 laborem
1963 691 2130 744 istum

537 779 799 848 suscepit.
835 778 943 833 llac
971 783 1231 851 temporis
1267 795 1393 837 nota
1423 801 1752 854 magnopere
1777 793 2127 854 premuntur,

538 870 631 938 qui
672 885 795 924 cum
844 870 1133 938 Garnerio,
1180 873 1379 940 Caveo,
1428 874 1646 930 Oudino
1687 877 1925 947 aliisque
1968 883 2133 944 caput

537 963 922 1018 duodeviinum
959 965 1082 1019 libri
1123 968 1302 1035 quarti
1356 954 1700 1038 suppositum
1750 986 1871 1025 esse
1918 976 2130 1037 putant,

538 1056 665 1124 quia
698 1058 750 1111 in
796 1058 889 1111 illo
918 1057 1205 1114 Nestorius
1254 1062 1410 1126 atris,
1446 1071 1505 1116 ut
1534 1078 1632 1132 par
1673 1073 1813 1129 erat,
1848 1062 2133 1117 coloribus

534 1147 863 1218 depingitur.
892 1150 1083 1217 Specie
1127 1152 1346 1219 quidem
1390 1169 1497 1207 non
1530 1170 1718 1209 carere
1761 1156 2014 1209 videntur
2046 1171 2135 1209 ar—

539 1251 815 1307 gumenta,
849 1242 1049 1308 quibus
1081 1259 1214 1298 usus
1244 1253 1329 1298 est
1362 1244 1682 1311 Carnerius,
1714 1256 1776 1301 ut
1805 1248 2132 1302 sententiain

537 1344 693 1383 suam
727 1342 969 1384 tueretur
995 1374 1011 1396 ,
1042 1336 1177 1389 satis
1207 1348 1387 1390 autem
1422 1338 1488 1392 ad
1521 1353 1582 1392 ea
1624 1338 1809 1392 omnia
1851 1337 2135 1405 re<poudit

540 1417 810 1487 Dupiuius
868 1420 1120 1476 Bibliolh.
1155 1426 1477 1493 scriptorum
1539 1426 1723 1481 εει-[εδ.
1757 1436 1796 1480 t.
1832 1426 1922 1480 Ill.
1962 1426 2135 1481 Unius

542 1510 814 1567 Theodori
873 1516 1110 1579 abbatis,
1169 1533 1235 1571 ne
1289 1518 1356 1572 de
1439 1517 1637 1571 Photio
1697 1519 1806 1585 iam
1864 1517 2131 1582 dicamus,

541 1605 938 1673 testimonium,
975 1610 1230 1664 omnibus
1256 1611 1669 1679 exceptionibus
1698 1610 1981 1665 diluendis
2011 1609 2121 1665 sub

541 1697 705 1753 liciet.
733 1697 857 1754 Ηιεῦ
880 1702 1023 1755 enim
1054 1714 1183 1756 sunt
1213 1707 1373 1758 verba
1398 1704 1519 1774 ejus
1550 1705 1603 1759 in
1645 1716 1973 1775 argumento
2001 1704 2161 1776 syn-'

539 1787 630 1841 odi
652 1788 940 1857 Ephesium
983 1809 996 1845 :
1048 1793 1111 1845 Et
1143 1793 1199 1845 δὲ
1229 1794 1479 1864 βούλεταί
1505 1811 1592 1859 τις
1622 1795 1861 1864 γνῶναι,
1895 1796 1978 1849 ὃτι
2008 1796 2137 1849 Θεο-

538 1880 779 1953 comm;
814 1885 909 1937 καὶ
937 1885 1056 1938 λίαν
1087 1856 1267 1956 ἐμίσει
1315 1856 1647 1961 Νεστόριον,
1666 1856 1887 1961 ἀναγνῷ
1917 1891 1978 1944 τὸ
2007 1890 2138 1962 περὶ
2169 1856 2210 1910 Β

542 1970 651 2024 τῶν
670 1975 935 2043 αἱρέσεων
964 1975 1113 2047 αὐτῷ
1134 1976 1471 2051 Θεοδωρήτῳ
1488 1981 1876 2051 γεγραμμένον
1909 1982 2136 2052 βιϐλίον.

542 2062 605 2119 Si
634 2066 750 2134 quis
791 2083 945 2122 nosse
978 2068 1121 2132 velit,
1167 2070 1319 2128 valde
1355 2086 1576 2125 exosum
1616 2070 1940 2127 Theodoreto
1974 2074 2139 2142 fuisse

545 2153 878 2223 Nestorium,
912 2156 1048 2227 legat
1077 2158 1271 2212 librum
1310 2160 1389 2213 De
1412 2162 1698 2215 ltwresibus
1726 2162 1792 2216 ab
1823 2163 1940 2231 ipso
1973 2162 2139 2217 Tlteo-

541 2246 724 2300 doreto
753 2251 1029 2317 scriptum.
1056 2248 1196 2305 Num
1219 2252 1287 2306 ad
1317 2252 1486 2306 alium
1517 2268 1687 2323 quam
1715 2254 1881 2318 hunc,
1913 2253 2135 2320 librum,

541 2338 772 2408 ejusque
810 2339 972 2393 aliam
1006 2349 1238 2410 partem,
1268 2358 1433 2413 quam
1472 2360 1597 2415 qua:
1626 2354 1807 2400 exstat
1834 2345 1871 2400 ι.
1906 2362 1979 2411 iv,
2012 2360 2134 2415 cap.

545 2430 631 2497 12,
658 2432 774 2486 lucc
806 2433 948 2487 trahi
977 2445 1225 2503 possunt,
1259 2437 1365 2491 nisi
1396 2436 1479 2492 vis
1508 2435 1792 2492 inferenda
1822 2438 1894 2493 sit
1921 2438 2139 2493 verbis?

541 2524 692 2578 Adeo
738 2536 921 2579 autem
975 2527 1029 2580 in
1086 2527 1201 2596 ipsa
1245 2527 1494 2583 veritatis
1539 2529 1661 2583 luce
1703 2531 1958 2585 ctecutire
1985 2530 2138 2586 visus

539 2623 627 2669 est
661 2614 984 2682 Garncrius,
1024 2627 1084 2671 ut
1113 2600 1221 2671 non
1256 2619 1398 2673 hanc
1438 2619 1597 2674 modo
1629 2620 1753 2674 libri
1793 2622 1972 2690 quarti
2005 2637 2134 2692 par-

540 2708 764 2763 ticulam
800 2706 998 2764 Nostro
1038 2709 1417 2781 denegandam
1454 2725 1598 2778 esse,
1641 2712 1736 2766 sed
1769 2720 1945 2766 totum
1991 2729 2145 2784 quo:

538 2814 647 2869 que
674 2799 743 2855 de
773 2801 1073 2857 hieresibus
1125 2801 1325 2857 librum
1377 2802 1634 2859 Nestorio
1678 2802 1896 2869 favere,
1931 2803 2136 2877 Cyrillo

536 2896 720 2943 autem
751 2889 1033 2945 adversari
1082 2892 1379 2959 putaverit.
1432 2893 1591 2959 Quod
1625 2910 1694 2949 ne
1722 2894 1850 2965 quis
1878 2898 2136 2953 acerbius

534 2996 701 3051 quam
750 2984 931 3037 verius
961 2998 991 3037 a
1038 2984 1199 3040 nobis
1226 2985 1437 3040 dictum
1475 3000 1598 3041 esse
1638 2997 1814 3056 putet,
1864 2989 1980 3059 ipsa
2006 2990 2135 3060 ejus

533 3074 701 3128 verba
735 3074 1012 3129 ascribere
1043 3075 1188 3131 haud
1219 3077 1384 3147 piget.
1416 3076 1531 3150 [49]
1562 3079 1642 3133 Ita
1672 3095 1804 3135 vero
1826 3081 1938 3147 ille,
1968 3081 2130 3138 Auct.

2237 615 2428 668 parum
2481 604 2630 661 utilis
2683 609 2853 663 videri
2906 619 3109 680 posset.
3165 609 3430 664 Homilias
3468 610 3603 663 istas
3633 608 3830 662 Antio-

2233 692 2371 747 chia:
2409 695 2541 750 olim
2585 713 2616 752 a
2666 698 2865 756 Nostro
2910 717 3031 758 esse
3074 703 3349 764 recitatas,
3401 701 3701 756 multorum
3747 708 3834 754 est

2233 785 2573 855 conjectura,
2630 789 2745 864 [50]
2802 796 2983 863 specie
3040 796 3184 851 haud
3241 810 3456 851 carens.
3495 793 3681 849 [Eram
3713 794 3833 847 illa-

2235 892 2357 932 rum
2403 880 2472 933 ad
2507 898 2634 939 ann.
2671 884 2733 940 C.
2788 886 2896 942 455
2932 888 3097 945 refert
3159 888 3426 960 Dupiuius
3529 886 3829 943 Gai-uerius

2234 980 2416 1026 autem
2448 974 2513 1027 ad
2546 990 2674 1030 ann.
2709 977 2770 1031 C.
2806 979 2910 1034 430
2944 981 3029 1034 vel
3066 981 3192 1036 451.

2307 1085 2453 1139 ldem
2495 1100 2878 1157 argumentum
2935 1093 3320 1149 illustrandum
3373 1094 3477 1149 sibi
3510 1092 3744 1162 sumpsit
3774 1091 3829 1145 in

2235 1176 2646 1246 elegantiSsimo
2681 1183 2772 1237 illo
2806 1200 2997 1254 opere,
3046 1188 3132 1241 cui
3169 1187 3388 1240 titulum
3425 1185 3573 1249 fecit,
3606 1181 3833 1237 Curatio

2238 1267 2546 1325 ercarnm
2578 1274 2940 1342 aﬂectionum,
2995 1279 3154 1346 cujus
3187 1280 3329 1334 liber
3375 1290 3565 1333 sextus
3611 1279 3725 1347 agit
3765 1275 3834 1331 de

2237 1357 2583 1418 Providentia
2616 1365 2819 1420 divina.
2852 1367 3014 1423 Plura
3046 1380 3229 1424 autem
3275 1372 3329 1425 in
3361 1371 3466 1424 isto
3506 1368 3669 1422 simul
3701 1382 3835 1429 prce-

2237 1453 2410 1509 stitit:
2446 1465 2613 1510 totam
2643 1458 2787 1512 enim
2817 1461 3101 1528 gentilium
3137 1462 3482 1533 religionem,
3521 1478 3616 1516 seu
3649 1461 3833 1530 potius

2237 1546 2706 1613 superstitionem,
2739 1549 2892 1607 libris
2925 1550 3215 1607 duodecim
3248 1555 3320 1608 ita
3360 1552 3576 1618 evertit,
3611 1562 3669 1606 ut
3698 1568 3832 1605 san-
3886 1582 3901 1589 -

2237 1634 2427 1690 ctioris
2457 1637 2579 1692 fidei
2612 1640 2902 1708 puritatem
2936 1657 3001 1696 ac
3024 1642 3288 1697 horrorem
3327 1643 3543 1712 egregie
3571 1640 3834 1696 defende-

2239 1727 2325 1781 rit.
2375 1727 2715 1799 lngeniosior
2752 1731 2979 1788 forsitan
3019 1751 3184 1805 quam
3235 1736 3413 1789 verior
3456 1743 3538 1789 est
3582 1732 3833 1789 Garnerii

2240 1818 2579 1888 conjectura,
2635 1822 2781 1878 hunc
2848 1825 3048 1879 librum
3091 1842 3121 1880 a
3159 1826 3506 1880 Theodoreti)
3568 1826 3831 1894 seriptum

2241 1925 2363 1964 esse
2389 1921 2581 1967 contra
2635 1914 3021 1983 imperatorem
3062 1915 3368 1971 lulianum.
3425 1916 3696 1986 Quidquid
3730 1931 3832 1970 au-

2245 2009 2352 2055 tem
2380 2001 2471 2069 sit,
2502 2018 2609 2057 non
2643 2004 2805 2073 hujus
2833 2014 3067 2071 tantum,
3097 2008 3191 2062 sed
3224 2007 3468 2061 omnium
3494 2006 3585 2077 qui
3609 2022 3674 2061 eo
3697 2014 3833 2058 tem-

2243 2107 2375 2162 pore
2406 2093 2611 2164 ingenii
2645 2105 2699 2151 et
2745 2098 2988 2155 nominis
3022 2099 3166 2153 fama
3213 2101 3605 2163 inclaruerunt,
3653 2098 3833 2168 genti—

2243 2183 2373 2237 lium
2416 2184 2641 2253 scripta,
2692 2186 2969 2243 indefesso
3005 2189 3251 2244 excussit
3280 2189 3484 2253 Studio,
3532 2198 3589 2242 ut
3632 2187 3683 2241 in
3726 2187 3835 2256 pri-

2244 2277 2347 2331 mis
2368 2277 2716 2333 observatum
2738 2289 2822 2335 est
2842 2300 2869 2334 a
2894 2279 3209 2353 Sylburgio,
3239 2283 3329 2338 cui
3366 2281 3831 2338 Graeco-Latinam

2241 2370 2427 2425 eximii
2483 2373 2647 2442 hujus
2701 2376 2883 2445 operis
2935 2377 3235 2432 editionem
3276 2377 3669 2446 lleidelbergre,
3702 2392 3832 2433 ann.

2242 2462 2402 2529 l592,
2464 2464 2519 2518 in
2578 2465 2753 2521 lucem
2818 2469 3112 2535 emissam,
3169 2484 3403 2540 eamque
3447 2468 3835 2541 praestantissi-

2241 2570 2385 2609 mam
2409 2595 2423 2621 ,
2451 2556 2733 2612 debemus.
2769 2557 2945 2614 Silent
2992 2561 3212 2630 quidem
3252 2563 3321 2616 de
3356 2562 3457 2616 hoc
3488 2576 3650 2630 opere
3690 2559 3837 2613 Pho-

2242 2649 2350 2703 tius
2388 2656 2443 2703 et
2479 2647 2851 2719 Nicephorus,
2887 2653 3137 2706 meminit
3202 2662 3387 2708 autem
3450 2652 3570 2723 ejus
3611 2651 3837 2706 Tzi-tzes

2238 2742 2382 2798 Cbil.
2452 2758 2530 2806 ix,
2589 2751 2643 2797 et
2700 2745 2814 2813 ipse
2856 2743 3235 2800 Theodoretus
3281 2747 3334 2798 in
3385 2748 3546 2815 epist.
3601 2745 3727 2807 H5,
3767 2742 3836 2799 ad

2237 2830 2475 2888 Leonem
2524 2834 2853 2904 Romanum,
2898 2845 2954 2892 et
3005 2838 3059 2891 iu
3103 2852 3167 2891 ea
3201 2836 3371 2907 (“6.)
3406 2838 3472 2891 ad
3524 2835 3832 2890 “enatum:

2240 2939 2451 2979 necnon
2487 2925 2799 2991 Quaestione
2858 2928 3033 2997 prima
3061 2927 3113 2981 in
3151 2926 3483 2982 Leviticum.
3512 2926 3833 2996 Maguopere

2239 3014 2424 3084 itaque
2466 3015 2729 3071 falluntur
2762 3017 2985 3072 Rivetus
3015 3025 3068 3072 et
3097 3018 3297 3079 Cocus,
3339 3016 3431 3086 qui
3460 3017 3602 3071 hunc
3630 3016 3831 3069 librum

2239 3106 2381 3161 alius
2422 3108 2707 3177 scriptoris
2738 3126 2858 3165 esse
2894 3119 3178 3180 putarunt.
3213 3108 3295 3163 Ad
3329 3110 3494 3163 istum
3552 3109 3604 3161 in
3642 3107 3833 3178 primis

536 3177 590 3275 ’ῖς
634 3162 847 3275 .“i‘f
886 3163 1285 3275 L3“?Tf‘f§“{"_t
1324 3166 1526 3275 Ϊ¹¹ξ¹¹1ίξν
1582 3176 1747 3275 “f9”
1775 3169 2132 3275 εἶτίίίίῖίίξὲυξη
2163 3192 2209 3249 c
2239 3200 2436 3255 librum
2468 3162 2717 3272 spectant
2752 3162 2865 3260 duo
2895 3162 3508 3275 [epigrammataquze
3558 3214 3617 3256 ut
3642 3162 3833 3255 .miuus

534 3251 647 3305 dixi
697 3266 857 3321 opus.
908 3251 1159 3319 Quantus
1199 3254 1346 3309 enim
1398 3256 1550 3310 labor
1597 3259 1885 3326 ponendus
1924 3258 2028 3316 fuit
2074 3263 2129 3316 iu

532 3344 849 3399 evolvendis
898 3346 1282 3414 scriptoribus,
1315 3347 1409 3418 qui
1460 3348 1515 3402 in
1563 3349 1717 3404 illum
1766 3366 1940 3422 usque
1985 3354 2129 3410 diem

534 3435 818 3490 catholicae
842 3436 966 3492 ﬁdei
999 3452 1221 3492 causam
1255 3448 1446 3494 contra
1480 3442 1714 3497 haereses
1738 3444 2132 3504 defenderant?

535 3527 628 3581 sed
659 3537 882 3596 quanta:
918 3530 1053 3587 artis
1083 3542 1221 3601 erat,
1249 3552 1527 3609 quamque
1556 3541 1787 3608 callidae,
1827 3545 1900 3598 ita
1923 3544 1988 3598 de
2018 3547 2131 3600 sin-

532 3615 678 3686 gulis
717 3617 978 3687 scribere,
1031 3631 1089 3677 ut
1139 3625 1233 3694 qui
1281 3628 1501 3699 legeret,
1538 3632 1744 3687 sensim
1802 3637 1923 3689 sine
1960 3651 2129 3692 sensu

533 3721 633 3775 per
660 3722 721 3763 se
743 3707 861 3778 ipse
899 3710 1100 3768 invidia
1133 3721 1518 3777 consensionis
1541 3738 1665 3777 cum
1700 3725 1969 3782 haereticis
2003 3741 2132 3782 one-

533 3809 680 3874 raret
736 3801 899 3859 unius
942 3815 1151 3862 natura:
1202 3808 1358 3866 Verbi
1428 3815 1727 3871 incantata:
1783 3819 2124 3886 defensores,

532 3894 788 3953 liberaret
828 3899 1061 3957 duarum
1110 3918 1584 3979 propugnatores;
1624 3914 1677 3969 id
1727 3925 1832 3978 est,
1884 3924 1944 3970 ut
1971 3925 2130 3972 erant

530 3994 801 4059 tempora,
827 4001 921 4048 aut
947 4007 1092 4052 certe.
1112 3999 1299 4067 opinio
1331 4003 1497 4071 vulgi,
1523 4016 1815 4062 accusaret
1833 4006 2124 4077 Cyrillum,

531 4076 840 4135 absolveret
864 4082 1195 4143 Nestorium.
1237 4109 1256 4141 ι
1306 4092 1462 4146 llaud
1503 4095 1791 4150 dissimilia
1824 4076 1974 4161 sunt,
2007 4116 2129 4169 quas

529 4170 705 4236 p.245
734 4172 768 4226 Ι.
804 4189 854 4229 c.
888 4176 1166 4247 leguntur,
1198 4197 1322 4251 quae
1351 4190 1534 4239 tamen
1584 4187 1848 4244 recitasse
1872 4198 1955 4245 est
1980 4192 2128 4248 reln-

530 4268 695 4317 tasse.
731 4264 922 4333 Adeat,
946 4270 1037 4324 cui
1066 4272 1351 4340 placuerit,
1383 4275 1548 4346 lttigii
1581 4278 2029 4339 Dissertationem
2058 4270 2153 4342 de.

529 4354 911 4414 haeresiarchis
954 4365 1267 4432 apostolicae
1303 4369 1504 4435 aetatis,
1536 4384 1591 4439 p.
1630 4371 1714 4427 l5.

604 4444 921 4516 Sequuntur
979 4450 1271 4511 Orationes
1337 4458 1452 4512 sive
1515 4460 1761 4517 Hetnilite
1823 4465 2007 4522 decem
2055 4468 2124 4524 de

484 4560 487 4563 -
529 4535 902 4630 Providentia,
938 4541 992 4596 in
1022 4546 1225 4614 quibus
1251 4548 1574 4607 exhausisse
1597 4553 1831 4623 videtur,
1854 4559 2118 4630 quidquid

529 4628 599 4684 de
628 4631 795 4686 nobili
829 4633 932 4688 hoc
960 4648 1283 4705 argumento
1309 4641 1415 4696 dici
1460 4653 1661 4713 potest.
1705 4649 1925 4707 Priores
1953 4628 2121 4722 quin-

529 4738 637 4794 que
665 4728 1109 4796 complectuntur
1147 4746 1210 4787 ea
1258 4749 1381 4804 quae
1431 4739 1496 4792 ad
1544 4741 1883 4810 probandam
1935 4744 2124 4800 Provi-

527 4813 770 4869 dentiam
797 4816 1037 4871 divinant
1070 4818 1318 4891 l'aciuut;
1374 4826 1487 4881 sive
1522 4830 1712 4884 mundi
1750 4830 1916 4901 hujus
1946 4833 2123 4889 admi-

526 4907 755 4963 rabilem
792 4919 1142 4979 structuram,
1190 4916 1304 4973 sive
1331 4923 1578 4990 corporis
1620 4926 1795 4980 nostri
1829 4926 2119 4994 fabricam,

528 4997 646 5052 sive
687 5014 778 5055 res
827 5012 1039 5060 creatas
1078 5020 1267 5063 omnes
1314 5026 1614 5084 earumque
1656 5017 2120 5087 sapientissimam

528 5090 979 5157 gubernationem
1011 5104 1376 5168 spectaveris:
1415 5115 1570 5161 sexta
1612 5117 1667 5162 et
1695 5109 1818 5165 duae
1859 5113 2124 5180 proxima:

526 5185 823 5271 versantur
841 5180 897 5236 in
924 5182 1198 5244 diluendis
1224 5191 1653 5262 objectionibus,
1686 5213 1807 5267 quae
1833 5198 1902 5252 ab
1933 5200 2120 5271 iniqua

524 5265 821 5324 multorum
843 5271 1127 5332 hominum
1151 5294 1296 5338 sorte
1327 5286 1433 5352 peti
1468 5265 1717 5354 possent.
1749 5286 1880 5344 Duae
1906 5265 2122 5360 postre-

528 5370 636 5412 ma:
665 5374 915 5431 magnam
951 5368 1017 5421 ad
1047 5371 1262 5427 virtutis
1297 5376 1541 5430 studium
1588 5378 1850 5435 incitandi
1881 5383 1990 5438 vim
2023 5384 2123 5441 ha—

532 5450 681 5505 bent.
739 5450 941 5511 Dncent
996 5461 1160 5523 enim,
1215 5463 1583 5523 Providentiae
1638 5469 1836 5527 divinae
1892 5474 2125 5533 illustria

527 5550 642 5592 non
680 5539 818 5598 inter
847 5543 1064 5605 Judzeos
1096 5553 1282 5619 modo,
1315 5557 1411 5610 sed
1461 5556 1607 5613 inter
1650 5573 1844 5618 omnes
1875 5565 2125 5622 homines

529 5637 744 5689 exstare
774 5650 1149 5710 monumenta,
1201 5644 1537 5718 pietatisque
1586 5652 1892 5711 certissime
1925 5673 2112 5729 exspe-

2234 3303 2361 3348 nota
2391 3294 2495 3351 hoc
2523 3294 2644 3350 loco
2674 3295 2915 3351 inserere
2940 3296 3007 3351 ab
3031 3296 3282 3349 instituto
3311 3305 3497 3351 nostro
3537 3295 3638 3347 hau
3664 3295 3674 3344 l
3701 3293 3834 3347 alie-

2234 3403 2364 3441 num
2401 3402 2523 3443 esse
2551 3398 2826 3459 putamus.
2855 3386 2971 3460 [5|]
3007 3387 3250 3443 Primum
3281 3404 3349 3443 ex
3379 3388 3568 3443 codice
3599 3387 3831 3456 quodam

2232 3481 2546 3553 Augustano
2606 3482 2942 3552 descriptum
3006 3492 3186 3539 exstat
3256 3484 3401 3554 apud
3474 3482 3832 3538 Posseviuum

2232 3573 2437 3644 Appar.
2482 3573 2626 3629 sacri
2658 3582 2792 3628 tom.
2836 3572 2903 3638 ll,
2936 3590 2989 3643 p.
3024 3574 3152 3640 457,
3184 3584 3236 3629 et
3272 3574 3347 3629 ita
3391 3589 3451 3630 se
3489 3573 3690 3628 habet:

2386 3709 2481 3774 Ὣς
2508 3710 2703 3775 Νεῖλος
2739 3709 2899 3773 ἄλλος
2924 3710 3029 3781 πλη
3039 3710 3271 3781 μμυρῶν
3300 3712 3414 3774 τοῖς
3453 3712 3565 3773 σοῖς
3584 3709 3764 3778 λόγοις

2373 3801 2688 3874 Θεοδώρητε
2713 3802 2822 3856 τῶν
2866 3802 3103 3873 Ἀχαιῶν
3135 3803 3234 3872 τὴν
3270 3802 3481 3873 πλάνην

2373 3896 2614 3964 Πνιγων,
2644 3898 2745 3968 τῆς
2775 3896 2941 3950 καλὸν
2966 3897 3204 3962 πίστεως
3223 3895 3408 3962 αὔξεις
3445 3896 3668 3967 σπόρον.

2229 4029 2471 4086 Alterum
2502 4030 2699 4102 legitur
2740 4031 2794 4084 in
2841 4030 3031 4085 codice
3060 4031 3297 4102 quodam
3340 4029 3691 4085 Bibliotheca:
3721 4029 3838 4082 And

2229 4135 2401 4195 gusta:
2442 4121 2678 4180 Viudob.
2722 4123 2888 4196 (apud
2926 4123 3181 4180 Lambec.
3214 4124 3312 4177 lib.
3356 4139 3429 4187 iv,
3484 4138 3536 4191 p.
3586 4120 3706 4190 l79)
3738 4119 3830 4188 qui

2229 4232 2260 4270 a
2287 4214 2451 4270 Petro
2481 4213 2723 4269 Patricio
2752 4231 2820 4269 ex
2859 4214 2970 4267 alio
3001 4214 3241 4282 quodam
3297 4221 3613 4283 pervetusto
3645 4211 3831 4265 codice

2227 4305 2560 4375 descriptus,
2606 4313 2661 4359 et
2693 4303 3013 4373 imperatori
3059 4302 3227 4357 Leoni
3272 4304 3377 4357 hoc
3426 4300 3831 4370 Epigrammate

2228 4397 2443 4452 dicatus
2481 4402 2584 4451 est.
2642 4394 2782 4461 Quia
2829 4403 3011 4449 autem
3041 4399 3054 4459 ῗ
3064 4396 3331 4464 prolixior
3373 4402 3459 4447 est
3496 4393 3678 4457 locus,
3717 4390 3830 4460 pri-

2235 4504 2354 4542 mos
2414 4496 2625 4541 tantum
2676 4486 2778 4540 bos
2826 4487 3155 4556 apponimus
3211 4487 3449 4556 στίχους,
3483 4485 3574 4554 qui
3618 4482 3687 4537 ad
3722 4479 3829 4535 No-

2234 4590 2407 4635 strum
2442 4586 2694 4650 spectant
2718 4597 2731 4633 :

2439 4735 2552 4789 Καὶ
2576 4734 2737 4789 τοῦτο
2760 4737 2864 4806 τῆς
2893 4736 2993 4807 σῆς
3030 4736 3181 4801 ἄξιον
3221 4734 3614 4808 μουσουργίας,

2435 4828 2791 4901 Αὐτοκράτορ
2817 4828 3064 4899 μέγιστε,
3097 4827 3321 4897 βιϐλίον,
3357 4825 3512 4879 Δέον.

2438 4921 2597 4992 Φέρει
2620 4923 2729 4994 γὰρ
2760 4922 2908 4975 ἔνδον
2935 4922 3045 4975 τῶν
3073 4922 3205 4992 πρὶν
3247 4919 3538 4991 Ἑλλήνων,
3571 4914 3726 4982 ἄναξ,

2440 5014 2552 5078 Τὰς
2583 5014 2655 5085 (ὁ)
2690 5009 3616 5085 σεμνοκομψοδζιευδομυθοπλαστίας

2452 5106 2892 5177 Ἀνατραπείσας
2926 5108 2991 5159 ὲκ
3017 5105 3185 5176 σοφοῦ
3221 5105 3546 5173 διδασκάλου

2441 5196 2553 5249 Καὶ
2578 5198 2685 5268 μήν
2710 5214 2773 5266 γε
2804 5199 3091 5268 χρησμοὺς
3124 5195 3361 5250 δεικνύει
3399 5194 3493 5248 τοῦ
3522 5192 3714 5260 Λοξίου

2436 5288 2664 5355 Νάοους,
2700 5290 2982 5361 βεϐήλους,
3017 5291 3315 5359 ἀγκύλους,
3342 5287 3706 5350 λαοπλάνους·

2454 5383 2545 5448 Ἐξ
2572 5377 2758 5454 ὧνπερ
2778 5383 2828 5437 οἱ
2862 5383 2993 5454 πρὶν
3018 5380 3314 5452 ὲξοφοῦντο
3337 5382 3404 5451 τῇ
3432 5379 3609 5451 πλάνῃ

2451 5476 2883 5546 Ἀποσφαλέντες
2910 5476 3112 5538 πάντες
3146 5474 3360 5536 εὐθείας
3389 5472 3603 5544 τρίϐου.

2454 5568 2667 5632 Ἀπλῶς
2695 5587 2755 5621 τε
2782 5568 2979 5629 κοινῶς
3006 5568 3118 5619 τῶν
3147 5565 3373 5619 ἐκείνων
3398 5564 3681 5633 δογμάτων
3779 5584 3789 5588 -

2438 5661 2666 5733 Τρανῶς
2696 5662 2911 5732 ἐλέγχει
2933 5659 3093 5713 τοῦτο
3119 5660 3221 5730 τὴν
3257 5657 3659 5728 γλωσσαλγιαν.

597 5802 672 5881 (ὁ)
711 5808 969 5871 Lambec.
1002 5814 1058 5870 in
1109 5818 1356 5887 margine
1401 5821 1545 5881 hanc
1578 5829 1825 5886 notulam
1866 5834 2102 5907 adjecit:
2151 5837 2405 5896 Notabile
2440 5841 2755 5896 vocabulum
2790 5839 3032 5895 undecim
3074 5840 3424 5910 syllabarum.
