4136 6434
1432 340 1925 406 THEODORETI
1965 336 2310 400 EPISCOPI
2345 334 2739 397 CYRENSIS.

602 484 609 487 -

1623 823 2146 883 ΕΠΙΣΚΟΠΟΥ
2205 822 2551 890 ΚΥΡΟΥ,-

901 1116 1103 1229 ΤΑ
1161 1109 1706 1228 ΑΠΟΡΑ
1759 1088 2065 1224 ΤΗΣ
2136 1106 2593 1223 ΘΕΙΑΣ
2670 1107 3276 1223 ΓΡΑΦΗΣ

1793 1325 1959 1382 ΚΑΤ
1991 1326 2374 1381 ΕΚΛΟΓΗΝ.

1056 1592 1637 1750 BEATI
1751 1467 3038 1748 THEODOBETI'

1731 1859 2046 1922 EPISCOPI
2087 1858 2456 1928 CYRENSIS,

446 2057 608 2182 IN
668 1944 1083 2182 LOCA
1180 2043 2046 2176 DIFFICILIA
2151 2039 3100 2175 SCRIPTUB/E
3164 2028 3741 2169 SACPu‘E

1334 2299 2140 2408 QUIESTIONES
2210 2297 2773 2389 SELECTJE

849 2531 853 2535 -
902 2495 1112 2550 Joanne
1142 2490 1273 2548 Pico
1306 2491 1531 2556 preside
1562 2490 1816 2545 classium
1833 2488 2297 2560 inquisitoriarum
2333 2484 2561 2541 Senatus
2594 2482 2918 2541 Parisicmis
2955 2485 3263 2556 interprete.

998 2718 1042 2788 1
1076 2713 1467 2773 PMFATIO.

511 2834 812 2907 Ambiguas
829 2831 1023 2888 divina:
1043 2830 1340 2903 Scriptura:
1371 2830 1707 2902 quaestiones
1736 2841 1790 2885 et
1807 2831 1898 2886 alii
1916 2833 2040 2902 qui-

439 2929 563 2984 dem
580 2926 807 2984 studiosi
830 2927 937 2983 viri
952 2923 1268 2981 enodandas
1285 2931 1677 2994 susceperunt,
1700 2923 1830 2980 utin
1851 2924 1935 2979 bis
1958 2922 2039 2979 vel

440 3035 661 3077 sensu
694 3018 989 3090 aperirent,
1011 3018 1090 3072 vel
1109 3032 1306 3073 causas
1327 3016 1701 3080 ostenderent,
1731 3017 1914 3071 omnia
1943 3016 2043 3073 de-

442 3130 591 3170 mum
636 3113 924 3184 perspicua
970 3109 1298 3178 redderent,
1349 3124 1472 3180 quae
1506 3109 1672 3180 vulgo
1699 3109 2037 3165 abstrusiora

440 3206 777 3261 viderentur.
806 3202 889 3259 Tu
913 3218 1043 3259 vero
1074 3217 1162 3258 me
1189 3217 1301 3273 prae
1316 3202 1547 3269 caeteris,
1568 3201 1801 3257 filiorum
1834 3201 2041 3257 charis-

442 3299 579 3353 sitne
608 3294 803 3370 ﬂypati
829 3337 845 3364 ,
877 3304 937 3352 ut
958 3296 1064 3353 hoc
1098 3304 1411 3366 praestarem
1438 3310 1765 3366 magnopere
1791 3295 2039 3349 hortatus

441 3405 533 3451 es.
573 3389 707 3445 utile
742 3390 795 3459 2
835 3388 1022 3451 multis
1044 3386 1151 3443 hoc
1185 3387 1348 3442 etiam
1374 3402 1515 3457 opus
1535 3386 1779 3442 futurum
1814 3386 2039 3442 omnino

443 3478 736 3536 allirmans.
752 3480 1120 3547 Quamobrem
1141 3478 1263 3545 licet
1279 3479 1492 3535 inﬁrma
1512 3494 1687 3536 essem
1705 3479 2036 3546 valetudine,

442 3573 723 3633 laborem‘
748 3574 895 3628 hunc
912 3587 1019 3626 non
1055 3572 1300 3627 recusavi
1328 3589 1340 3626 :
1373 3572 1517 3628 haud
1557 3571 1689 3626 mibi
1723 3586 1854 3627 sane
1877 3572 2039 3627 conli-

442 3668 613 3733 dens,
653 3665 747 3722 sed
788 3666 865 3720 illi
907 3665 1001 3735 qui
1049 3664 1167 3721 haec
1197 3664 1271 3718 ita
1321 3663 1593 3719 conscribi
1624 3663 1811 3734 jussit.
1860 3660 2036 3733 Ipsius

443 3755 589 3809 enim
634 3762 759 3821 est,
803 3752 1061 3808 latentem
1117 3752 1172 3806 in
1222 3754 1399 3808 littera
1443 3753 1773 3809 sententiam
1810 3751 2038 3807 demon-

444 3853 643 3901 strare.
669 3842 808 3898 Nam
842 3850 898 3897 et
938 3840 1207 3919 in‘sacrl‘s
1247 3840 1554 3913 Evangeliis
1603 3857 1698 3912 per
1743 3839 2034 3910 parabolas

442 3936 693 3998 docebat.
726 3943 780 3991 et
814 3950 1002 3991 eorum
1031 3949 1152 4005 quae
1181 3934 1492 4009 obscurius.
1520 3933 1665 3987 dicta
1703 3930 1919 3985 fuerant
1946 3930 2031 3984 in-

445 4030 887 4100 terpretationem
916 4026 1244 4099 proferebat.
1275 4026 1356 4082 Ab
1380 4040 1445 4080 eo
1473 4025 1638 4096 igitur
1662 4021 2032 4094 intelligentia:

2688 2717 3049 2771 ΠΡοΔοΓοΣ
3082 2715 3180 2788 (α).

2214 2830 2326 2885 Καὶ
2369 2829 2523 2886 ἄλλοι
2572 2829 2673 2901 μὲν
2715 2829 3040 2901 φιλομαθεῖς
3091 2828 3284 2900 ἄνδρες
3334 2827 3737 2898 ἐπηγγείλαντο

2139 2924 2388 2979 διαλῦσαι
2414 2924 2516 2994 τῆς
2541 2922 2694 2988 θείας
2732 2924 2958 2996 Γραφῆς
2993 2922 3061 2976 τὰ
3085 2922 3349 2978 δοκοῦντα
3391 2920 3532 2977 εἶναι
3562 2922 3734 2995 ζητή-

2143 3036 2288 3091 ματα
2308 3034 2322 3048 ’
2348 3018 2445 3072 καὶ
2468 3016 2579 3071 τῶν
2622 3017 2721 3089 μὲν
2759 3014 3066 3081 ἀναπτύξαι
3109 3016 3205 3069 τὸν
3241 3014 3398 3071 νοῦνσ
3424 3016 3532 3069 τῶν
3553 3016 3609 3069 δὲ
3634 3017 3736 3081 τὰς

2140 3109 2321 3173 αἰτίας
2347 3107 2588 3180 δηλῶσαι
2610 3123 2624 3137 ·
2664 3109 2761 3162 καὶ
2791 3105 3131 3173 ἁπαξαπλῶς
3158 3106 3440 3178 ἀποφῆναι
3479 3105 3627 3175 σαφῆ
3664 3108 3735 3161 τὰ

2138 3207 2252 3268 τοῖς
2286 3203 2504 3267 πολλοῖς
2542 3203 2604 3256 ού
2635 3201 2860 3256 τοιαῦτα
2895 3202 3220 3272 φαινόμενα.
3260 3201 3333 3254 Σὺ
3360 3201 3417 3255 δὲ
3448 3200 3738 3270 διαφερόν-

2141 3316 2274 3365 τως,
2298 3297 2524 3368 φίλτατε
2551 3298 2759 3351 παίδων
2790 3296 3044 3361 Ὑπάτιε,
3072 3295 3233 3349 τοῦτό
3258 3314 3327 3366 με
3353 3296 3563 3368 πρᾶξαι
3586 3311 3733 3366 παρ-

2142 3389 2421 3462 ώτρυναςς
2449 3388 2667 3452 πολλοῖς
2687 3388 2967 3460 ὠφέλιμον
2994 3387 3217 3442 ἔσεσθαι
3256 3390 3347 3442 καὶ
3375 3388 3495 3442 τόδε
3519 3388 3580 3442 τδ
3604 3389 3735 3458 σύγ-

2139 3499 2378 3555 γραμμα
2419 3480 2543 3535 λίαν
2597 3481 3043 3553 ίσχυρισάμενος.
3086 3474 3163 3534 Ού
3201 3480 3264 3551 δὴ
3312 3481 3499 3548 ἕνεκα,
3552 3482 3734 3536 καίτοι

2138 3575 2234 3629 τοῦ
2268 3574 2522 3644 σώματος
2552 3574 2654 3628 οὐκ
2676 3571 2737 3628 εὖ
2780 3591 2869 3646 μοι
2892 3574 3266 3647 διακειμένου,
3308 3575 3460 3629 τόνδε
3484 3576 3736 3647 προειλό-

2142 3681 2253 3735 μην
2294 3665 2387 3718 τὸν
2432 3665 2630 3719 πόνον’
2677 3665 2779 3718 οὐκ
2817 3664 3045 3737 ἐμαυτῷ
3084 3682 3149 3734 γε
3187 3664 3430 3738 θαρρῶν,
3465 3665 3606 3720 ἀλλὰ
3654 3667 3735 3736 τῷ

2137 3754 2295 3809 ταῦθ’
2328 3755 2475 3810 οὕτω
2508 3756 2900 3829 συγγραφῆναι
2946 3758 3365 3829 προστεταχότι.
3408 3757 3587 3811 Αὐτοῦ
3622 3758 3735 3829 γάρ

2138 3849 2291 3903 ἐστιν
2328 3848 2595 3916 ἐπιδεῖξαι
2643 3849 2745 3922 τὴν
2797 3852 2857 3905 ἐν
2891 3848 2969 3921 τῷ
3007 3848 3302 3921 γράμματι
3339 3849 3737 3922 κεκρυμμένην

2137 3940 2399 3996 διάνοιαν.
2426 3942 2597 4005 Αὐτὸς
2620 3942 2730 4013 γὰρ
2763 3942 2868 3996 κᾶν
2899 3942 3014 4007 τοῖς
3041 3944 3208 4015 ἱεροῖς
3230 3942 3608 4012 Εὑαγγελίοις,
3634 3946 3732 3997 καὶ

2138 4032 2534 4104 παραϐολικῶς
2571 4032 2674 4105 τὴν
2714 4034 3066 4088 διδασκαλίαν
3101 4034 3414 4106 προσέφερε
3437 4052 3452 4067 ·
3489 4036 3583 4089 καὶ
3623 4036 3734 4089 τῶν

443 4123 661 4178 radium
696 4122 1026 4194 implorans,
1071 4121 1309 4194 Spiritus
1335 4118 1510 4176 sancti
1552 4117 1711 4185 adyta
1748 4126 2036 4187 penetrare

2141 4127 2554 4198 αίνιγματωδῶς
2601 4108 2909 4199 εἰρημένων
2969 4128 3211 4181 ἐποιεῖτο
3267 4129 3375 4198 τὴν
3412 4128 3732 4200 ἑρμηνείαν.

443 4214 706 4270 conabor.
726 4214 1018 4270 Sciendum
1042 4224 1224 4269 autem
1248 4221 1330 4269 est
1355 4221 1482 4268 ante
1507 4210 1719 4275 omnia,
1751 4224 1858 4264 non
1887 4223 2037 4262 eum-

443 4308 570 4365 dem
616 4307 876 4363 omnibus
921 4305 1234 4378 inquirendi
1277 4318 1505 4375 scopum
1555 4317 1619 4359 ac
1675 4302 1836 4357 linem
1889 4282 2054 4358 esse}

447 4401 586 4456 Sunt
613 4400 759 4455 enim
786 4400 881 4471 qui
912 4399 1080 4472 impie
1112 4398 1493 4463 sciscitantur,
1522 4395 1763 4453 divinam
1797 4395 2037 4467 Scriptu-

447 4510 562 4550 ram
594 4507 741 4548 nunc
770 4502 1029 4564 tanquam
1065 4507 1176 4547 non
1214 4497 1365 4547 recta
1394 4489 1798 4561 praecipientem
1825 4530 1838 4553 ,
1888 4504 2036 4545 nunc

447 4587 614 4644 veluti
664 4586 941 4643 contraria
988 4586 1274 4641 docentem
1323 4584 1656 4655 redarguere
1702 4580 2030 4639 studentes:

447 4680 537 4735 alii
573 4694 701 4736 vero
729 4678 972 4734 discendi
1012 4676 1195 4732 studio
1226 4672 1520 4747 quaerunt,
1557 4683 1613 4731 et
1656 4674 1900 4730 invenire
1941 4689 2037 4730 cu-

330 4846 342 4856 ,
449 4773 604 4843 piunt
632 4769 780 4844 quod
811 4770 1096 4842 quaeritur.
1141 4764 1253 4824 Nos
1296 4782 1428 4840 ergo
1469 4777 1522 4824 et
1559 4767 1879 4840 blasphema
1916 4767 2052 4823 ΜΟ-.

450 4887 569 4927 rum
602 4886 699 4926 ora
729 4869 841 4925 Deo
869 4868 1084 4925 favente
1112 4868 1484 4936 obstruemus,
1514 4868 1714 4924 divinae
1740 4867 2035 4939 Scriptura:

451 4964 795 5020 ostendentes
828 4972 941 5018 tum
980 4969 1373 5018 consonantem
1400 5003 1413 5028 ,
1460 4970 1575 5017 tum
1608 4961 1873 5033 optimam
1913 4978 2037 5019 esse

449 5054 754 5110 doctrinam
779 5071 795 5122 ;
836 5059 893 5109 et
923 5051 1063 5119 istis,
1097 5050 1279 5122 quoad
1310 5052 1574 5122 consequi
1605 5051 1811 5118 licebit,
1842 5051 2038 5108 dubia-

450 5163 569 5202 rum
598 5146 963 5218 quaestionum
995 5141 1434 5214 explanationem
1466 5157 1802 5214 promemus.
1825 5143 2037 5199 Princi-

447 5243 597 5311 pium
626 5248 810 5295 autem
844 5237 1111 5293 ducentus
1144 5235 1215 5291 ab
1245 5235 1365 5307 ipso
1403 5235 1706 5293 creationis
1739 5238 2035 5308 principio.

452 5331 576 5394 Haec
601 5333 748 5388 enim
780 5330 1043 5387 divinitus
1070 5329 1347 5402 inspirata:
1375 5328 1674 5403 Scriptum
1701 5331 2036 5403 principium

453 5435 536 5485 est
578 5435 633 5483 et
664 5426 972 5481 exordium.

522 5633 601 5705 (α)
632 5631 798 5689 Abest
818 5649 848 5687 a
871 5632 1524 5705 codiceAugustano,qui
1552 5634 1897 5700 inscribitur,
1922 5633 2034 5690 Τοῦ

448 5707 744 5775 μακαρίου
810 5704 1193 5774 Θεοδωρήτου
1249 5709 1338 5771 είς
1371 5707 1445 5760 τὰ
1483 5704 1680 5775 ἄπορα
1723 5705 1836 5774 τῆς
1870 5707 2037 5771 θείας

453 5773 702 5847 Γωρῆς
724 5780 848 5831 κατ’
874 5773 1160 5849 ἐκλογήν.
1199 5775 1399 5846 Incipit
1431 5776 1517 5832 hic
1544 5773 1738 5841 codex,
1764 5773 1921 5845 cujus
1941 5791 2037 5830 va-

2146 4216 2284 4288 Παρ’
2321 4217 2490 4270 αὑτοῦ
2535 4218 2719 4271 τοίνυν
2751 4217 2852 4288 τῆς
2885 4218 3079 4289 νοερᾶς
3115 4218 3336 4282 ἀκτῖνος
3372 4216 3736 4290 ἀντιϐολήσας

2142 4308 2349 4380 τυχεῖν,
2372 4309 2483 4364 τῶν
2514 4308 2610 4363 τοῦ
2634 4311 2905 4379 παναγίου
2946 4310 3271 4381 Πνεύματος
3310 4310 3523 4367 ἀδύτων
3555 4329 3735 4365 κατα-

2143 4402 2419 4474 τολμῆσαι
2468 4404 2826 4475 πειράσομαι.
2875 4403 3073 4458 ’Ῑστέον
3123 4404 3181 4459 δὲ
3238 4404 3348 4477 πρὸ
3402 4404 3513 4458 τῶν
3557 4404 3737 4459 ἄλλων

2145 4494 2420 4559 ἁπάντων,
2452 4495 2529 4559 ὼς
2553 4496 2654 4565 οὐχ
2680 4496 2922 4561 ἅπαντες
2944 4495 3239 4567 σύμφωνον
3264 4495 3447 4567 ἔχουσι
3474 4497 3572 4568 τῆς
3600 4498 3736 4568 ἐρω-

2143 4586 2357 4664 τήσεως
2389 4590 2483 4645 τὸν
2515 4592 2739 4647 σκοπόν.
2780 4591 2922 4645 Ἀλλ’
2950 4594 2998 4646 οἱ
3033 4592 3131 4662 μὲν
3156 4590 3437 4655 δυσσεσῶς
3462 4591 3733 4663 ἐρωτῶσι,

2144 4683 2445 4755 διελέγχειν
2468 4683 2706 4753 οίόμενοι
2744 4684 2844 4755 τὴν
2868 4683 3021 4738 θείαν
3055 4683 3282 4754 Γραφήν
3309 4699 3322 4713 ο
3364 4681 3462 4737 νῦν
3502 4681 3623 4752 μὲν,
3659 4681 3735 4745 ὡς

2145 4777 2246 4831 οὐκ
2267 4775 2404 4848 ὀρθὰ
2433 4775 2802 4832 παιδεύουσαν
2825 4791 2837 4804 ·
2874 4775 2969 4831 νῦν
2991 4775 3070 4840 δὲ,
3103 4775 3180 4840 ὡς
3205 4774 3425 4829 ἐναντία
3448 4772 3733 4827 διδάσκου-

2149 4886 2270 4925 σαν.
2299 4870 2362 4923 Oi
2391 4869 2448 4924 δὲ
2486 4868 2803 4941 φιλομαθῶς
2836 4867 3086 4941 ζητοῦσι,
3124 4868 3222 4922 καὶ
3258 4866 3516 4921 ποθοῦσιν
3554 4867 3737 4938 εὑρεῖν

2147 4962 2209 5016 τὸ
2257 4961 2610 5033 ζητούμενον.
2663 4961 2953 5016 Κάκείνων
2996 4961 3177 5016 τοίνυν
3218 4962 3597 5034 ἐμφράξομεν,
3638 4959 3736 5014 σὺν

2143 5052 2265 5125 Θεῷ
2300 5052 2490 5123 φάναι,
2534 5053 2604 5106 τὰ
2640 5052 2940 5124 βλάσφημα
2975 5054 3243 5125 στόματα,
3288 5053 3389 5123 τῆς
3422 5052 3574 5116 Θείας
3613 5053 3735 5107 ἑπι-

2140 5145 2454 5211 δεικνύντες
2484 5145 2711 5216 Γραφῆς
2744 5146 2840 5200 καὶ
2867 5146 2966 5216 τὴν
3001 5146 3348 5217 συμφωνίαν,
3377 5145 3472 5201 καὶ
3492 5145 3590 5214 τὴν
3610 5143 3736 5216 cipi-

2148 5256 2282 5309 στην
2312 5237 2696 5293 διδασκαλίαν·
2728 5239 2824 5293 καὶ
2868 5237 3080 5302 τούτοις
3124 5238 3200 5302 ὡς
3240 5232 3350 5292 οἷόν
3388 5253 3446 5292 τε
3487 5236 3597 5290 τῶν
3634 5239 3736 5290 ἐπ-

2129 5328 2541 5404 ἀπορουμένων
2586 5331 2686 5401 τὴν
2730 5330 2885 5385 λύσιν
2952 5330 3339 5402 προσοίσομεν.
3405 5329 3608 5402 Ἀρχὴν
3679 5328 3735 5382 δὲ

2144 5425 2353 5478 τούτων
2398 5426 2699 5495 ποιήσομαι
2743 5424 2845 5495 τῆς
2901 5425 3136 5488 κτίσεως
3196 5427 3296 5497 τὴν
3339 5425 3539 5496 ἀρχήν.
3585 5422 3735 5494 Αὕτη

2148 5516 2258 5590 γὰρ
2296 5517 2441 5588 ἀρχὴ
2487 5517 2582 5570 καὶ
2628 5517 2913 5588 προοίμιον
2944 5517 3045 5589 τῆς
3082 5517 3441 5572 Θεοπνεύστου
3489 5514 3739 5590 Γραφῆς,

2145 5637 2355 5709 riantes
2393 5634 2900 5709 lectionesAnotatu
2958 5637 3239 5706 digniores
3293 5636 3524 5709 margini
3558 5635 3739 5709 subji-

2144 5706 2370 5788 ciendas
2398 5720 2521 5762 esse
2559 5706 2844 5773 duximus,
2880 5723 2909 5763 a
2949 5710 3254 5778 quaestione
3283 5706 3517 5766 secunda
3540 5709 3593 5763 in
3629 5707 3738 5764 Ge-

2145 5792 2327 5832 nesm.
