4136 6424
438 355 512 416 '13
1429 342 1527 400 Tll
1540 332 1921 398 EODORE’I‘I
1976 329 2054 389 ΕΙ

2157 323 2318 385 [ῑοιιι
2367 320 2740 383 crnexsxs
2836 400 2853 407 ἡ
3661 304 3729 366 se

444 477 456 519 ι
488 470 570 523 .iia
608 464 893 525 miracula,
920 460 1212 528 imaginem
1246 458 1398 511 vituli
1431 455 1600 508 Deum
1638 452 2035 507 salutavcrunt.

2157 439 2425 510 ἷὶαύματα,
2456 435 2554 507 τὴν
2589 434 2773 488 είκόνα
2802 428 2893 483 τοῦ
2921 424 3123 498 μόσχου
3157 422 3288 476 Θεὸν
3312 418 3689 490 ἀνηγόρευσαν
3713 432 3727 445 '

2726 526 2747 528 μ
2836 525 2846 528 ,
3186 519 3197 528 ,
3248 514 3293 528 Μ
3441 511 3462 526 ,,
3611 510 3636 528 Λ

443 561 599 629 Quod
624 560 670 616 si
704 570 815 614 tam
859 556 1017 609 facile
1066 553 1169 608 sibi
1218 551 1356 605 Deos
1387 556 1399 570 ‘
1434 552 1709 603 tinxerunt
1742 560 1773 598 e
1812 543 2027 613 jumen-

454 668 625 708 Iorum
655 649 997 711 simulacris,
1032 646 1160 716 quid
1208 661 1315 698 non
1362 638 1724 714 perpetraturi
1767 636 2030 695 fuissent,

454 743 743 801 Invisibilis
798 752 1008 796 natura:
1052 738 1302 793 notitiam
1353 732 1639 789 assecuti?
1676 728 1916 800 llnjusce
1957 725 2033 779 rei

2135 536 2183 587 οἱ
2221 534 2276 586 δὲ
2320 533 2388 585 τὰ
2424 530 2531 585 τῶν
2573 526 2789 599 κτηνῶν
2835 520 3134 591 ἰνδάλματα
3174 514 3371 587 ῥᾳδίως
3407 511 3581 574 οὕτως
3609 510 3729 562 θεο-

2135 628 2488 696 ποιήσαντες,
2516 622 2570 675 τί
2597 620 2698 674 οὐκ
2738 618 2803 672 ἂν
2841 615 3097 686 ἔδρασαν,
3130 611 3179 662 εί
3210 607 3318 660 τῶν
3344 605 3594 675 ἀοράτων
3631 602 3733 671 φύ-

2140 734 2281 771 σεων
2307 716 2405 784 τὴν
2435 712 2639 782 γνῶσιν
2676 709 2963 775 ὲδέξαντσς
3000 702 3205 756 Τούτου
3231 700 3392 771 χάριν
3438 696 3601 767 μέχρι
3633 694 3735 763 τῆς

450 839 616 905 μείξει
639 837 782 892 Deus
802 833 1172 890 universitatis
1199 829 1451 886 conditor
1492 826 1762 881 neminem
1792 830 2034 876 veterum

2157 808 2231 862 τοῦ
2265 806 2520 876 ’Λϐραὰμ
2552 802 2914 871 τελειότητος,
2948 796 3122 851 οὐδενὶ
3159 794 3269 846 τῶν
3308 791 3478 845 πάλαι
3518 786 3734 857 ἀνθρεῦ-

2302 899 2321 905 “
2351 900 2362 905 ⁸
2412 900 2421 905 ·
2525 896 2557 905 η
2698 897 2710 905 -
2794 892 2818 904 ··
2894 890 2934 904 κ·
3067 888 3090 905 δ
3127 886 3158 905 κε
3188 886 3201 905 ι
3245 884 3306 905 Λ.-
3357 881 3525 905 0-1-.
3556 880 3643 905 :_\
3681 877 3734 905 :3.

449 934 717 985 allocutus
748 937 832 984 est
871 943 963 998 per
987 926 1241 994 angelum
1265 966 1280 988 ,
1309 936 1484 991 usque
1511 920 1576 973 ad
1609 928 1854 987 tempora
1899 914 2037 967 inte-

446 1021 671 1091 gerrimi
702 1020 953 1074 Abrahze.
991 1018 1234 1071 Primum
1270 1013 1415 1068 enim
1450 1022 1692 1080 tempore
1723 1011 1868 1078 Agar
1902 1004 2039 1060 divi-

451 1131 553 1169 nus
598 1112 779 1167 Moses
825 1109 1075 1165 meminit
1124 1107 1344 1176 angeli,
1403 1104 1568 1173 idque
1613 1099 1919 1172 justissima
1974 1096 2040 1151 de

448 1220 636 1261 mitts-.1.
655 1202 790 1258 Nam
819 1202 965 1271 Agar
988 1210 1176 1271 typum
1209 1197 1428 1269 gerebat
1472 1195 1671 1251 veteris
1700 1187 2035 1255 testamenti,

452 1297 749 1350 u-cundum
773 1294 1019 1349 divinum
1038 1290 1360 1361 Apostolum
1383 1307 1393 1340 :
1428 1308 1446 1340 ι
1469 1287 1616 1358 Agar
1638 1285 1807 1349 enim,
1838 1280 2035 1352 inquit,

451 1389 578 1440 .‘Aina
612 1401 771 1440 mons
798 1394 881 1439 est
913 1383 963 1453 5
996 1384 1050 1436 in
1075 1382 1297 1445 Arabia,
1326 1379 1654 1449 conjunctus
1679 1376 1727 1430 ei
1752 1390 1870 1445 quae
1899 1386 2044 1426 nunc

454 1491 523 1532 ρει
550 1475 855 1532 Jerusalem
875 1474 925 1529 ι’.
950 1496 966 1528 ι
983 1474 1120 1532 Cum
1137 1470 1303 1544 igitur
1326 1482 1425 1538 per
1447 1468 1667 1537 angelos
1689 1466 1813 1521 data
1842 1464 1909 1520 sit
1935 1464 2042 1529 lex,

460 1590 472 1619 ι
516 1567 787 1636 υἰεροεὶιιι
815 1565 958 1619 enim
986 1604 999 1626 ,
1044 1563 1156 1625 ait,
1202 1576 1296 1631 per
1332 1557 1551 1629 angelos
1592 1572 1752 1610 manu
1782 1553 2046 1609 Mediato-

453 1661 528 1709 iis
560 1668 579 1693 υ
610 1674 623 1721 ;
656 1665 711 1712 et
746 1655 980 1710 iterum:
1022 1673 1040 1704 ι
1091 1653 1146 1708 Si
1194 1650 1287 1722 qui
1331 1666 1425 1720 per
1469 1647 1692 1719 angelos
1736 1646 1915 1700 dictus
1965 1651 2047 1697 est

454 1759 663 1809 sermo,
712 1742 888 1797 factus
925 1750 1009 1795 est
1064 1737 1303 1795 [irritusd
1336 1777 1354 1802 ,
1405 1755 1423 1788 ι
1474 1733 1759 1806 aptissime
1803 1732 2046 1803 profecto

2140 916 2258 953 πων
2298 899 2363 952 δι’
2400 896 2638 965 ἀγγέλου
2689 897 2717 949 ὁ
2751 892 2859 945 τῶν
2891 890 3028 943 ὅλων
3063 884 3311 956 διελέχθη
3356 881 3489 945 Θεός
3512 897 3525 911 ·
3555 880 3648 931 ἐπὶ
3679 877 3737 929 δὲ

2139 992 2239 1062 τῆς
2292 991 2475 1061 ’Ἅγαρ
2518 986 2738 1058 πρῶτον
2788 981 3025 1050 ἀγγέλου
3074 977 3296 1049 μνήμην
3359 975 3387 1027 ὁ
3446 970 3738 1032 Θεσπέσιος

2140 1085 2436 1154 ἐποιήσατο
2469 1079 2713 1148 Μωῦσῆς
2738 1094 2753 1107 ·
2788 1076 2884 1130 καὶ
2907 1073 3081 1144 μάλα
3118 1071 3341 1131 εἰκότως
3368 1083 3382 1096 ’
3417 1063 3585 1125 τύπος
3627 1063 3736 1130 γὰρ

2142 1178 2176 1248 ἡ
2209 1178 2392 1246 Ἀγαρ
2426 1175 2523 1244 τῆς
2557 1170 2795 1232 παλαιᾶς
2820 1168 3082 1237 διαθήκης
3111 1162 3254 1217 κατὰ
3284 1161 3375 1213 τὸν
3406 1158 3549 1212 θεῖον
3578 1157 3739 1210 Ἀπὶο

2146 1246 2353 1322 στολον.
2396 1285 2415 1316 ι
2447 1264 2520 1317 Τὸ
2555 1262 2665 1332 γὰρ
2702 1261 2907 1331 Ἅγαρ,
2941 1257 3096 1327 φησὶ,
3128 1253 3263 1307 Σινᾶ
3294 1250 3369 1321 (3)
3416 1249 3545 1318 ὅρος
3587 1246 3738 1298 ἐστιν

2145 1365 2204 1415 ὲν
2256 1365 2323 1432 τῇ
2362 1358 2611 1431 Ἀραϐία,
2640 1356 2912 1424 συστοιχεῖ
2948 1352 3005 1405 δὲ
3042 1354 3108 1421 τῇ
3151 1348 3246 1401 νῦν
3278 1341 3661 1416 Ἰερουσαλήμ.
3715 1357 3732 1388 ι

2159 1453 2381 1525 Ἐπειδὴ
2412 1450 2595 1505 τοίνυν
2629 1442 2695 1502 δι’
2728 1447 2975 1517 ἀγγέλων
3003 1446 3031 1496 ό
3062 1444 3225 1513 νόμος
3248 1440 3405 1508 ἐδόθη
3426 1449 3441 1465 ⁸
3480 1454 3497 1487 ι
3535 1437 3737 1487 Διατα-

2147 1547 2264 1615 γεῖς
2291 1547 2421 1617 γὰρ,
2457 1540 2613 1615 φησὶ,
2639 1541 2707 1595 δι’
2734 1539 2987 1609 ἀγγέλων
3017 1540 3074 1589 ὲν
3103 1535 3248 1606 χειρὶ
3287 1531 3510 1603 μεσίτου
3537 1544 3551 1558 ·
3590 1546 3608 1578 ι
3645 1525 3741 1579 καὶ

2149 1640 2332 1703 πάλιν,
2374 1656 2391 1687 ι
2429 1637 2492 1689 Εί
2524 1638 2552 1688 ὁ
2585 1634 2654 1688 δι’
2682 1631 2934 1703 ἀγγέλων
2987 1626 3247 1698 λαληθεὶς
3304 1624 3466 1691 λόγος
3524 1621 3743 1688 ἐγένετο

2155 1731 2401 1801 βέϐαιος·
2446 1748 2465 1781 ι
2510 1727 2607 1781 κιιλ⁵
2644 1726 2792 1798 μάλα
2832 1722 3160 1795 προσφόροις
3208 1722 3236 1772 ὁ
3280 1717 3391 1770 τῶν
3424 1715 3561 1768 ὅλων
3610 1709 3742 1772 Θεὸς

456 1837 600 1890 Dens
643 1836 888 1890 omnium
927 1849 1022 1904 per
1046 1833 1304 1905 angelum
1347 1841 1403 1885 et
1440 1828 1721 1885 servitutis
1752 1825 2042 1890 meminit,

2157 1821 2218 1874 δι’
2259 1817 2493 1887 ἀγγέλου
2531 1818 2551 1846 ⁹
2591 1816 2686 1869 καὶ
2735 1813 2836 1884 τῆς
2883 1811 3130 1873 δουλείας
3185 1807 3486 1877 ἀνέμνησε,
3527 1802 3624 1857 καὶ
3676 1801 3745 1852 τὰ

455 1941 507 1983 et
538 1945 659 1999 qua:
683 1929 750 1983 ad
784 1942 1016 1998 puerum
1045 1924 1448 1997 procreandum
1479 1921 1825 1993 pertinebant
1850 1918 2046 1975 eﬂ'atus

456 2021 737 2088 ηκουσα
769 2028 948 2075 autem
995 2027 1249 2072 naturam
1302 2023 1540 2070 creatam
1576 2014 1819 2069 habeant
1868 2011 2047 2083 angeli

456 2129 619 2185 atque
650 2112 1000 2183 archangeli,
1044 2120 1099 2166 ct
1126 2110 1171 2165 si
1197 2109 1325 2180 quid
1354 2108 1500 2164 aliud
1528 2115 1610 2162 est
1641 2108 2046 2176 incorporeum,

458 2214 686 2275 ncepta
717 2214 906 2259 sancta
932 2202 1218 2267 Trinitate,
1248 2200 1531 2271 Scriptura
1555 2198 1736 2253 divina
1759 2212 1863 2252 nos
1888 2194 2047 2251 docet

458 2305 675 2366 aperte.
704 2295 985 2366 Siquidem
1012 2294 1113 2349 hos
1142 2294 1307 2349 etiam
1337 2293 1402 2347 ad
1429 2291 1760 2346 laudandum
1798 2291 2048 2345 hortatur

462 2390 626 2444 David
656 2389 920 2460 propheta
954 2406 973 2457 :_
1027 2405 1046 2439 ‹
1083 2385 1327 2441 [ιιιιιίιιιιε
1351 2425 1367 2450 ,
1408 2385 1627 2455 inquit,
1675 2399 1825 2449 eum,
1856 2396 2048 2436 omnes

460 2484 636 2557 angeli
685 2487 804 2553 ejus
849 2493 898 2547 θ,
931 2501 949 2534 ι
998 2490 1055 2536 et
1081 2495 1305 2536 causam
1345 2479 1549 2534 docens
1572 2478 1769 2548 adjecit
1799 2495 1813 2531 :
1860 2495 1877 2527 ι
1909 2475 2047 2542 Quia

466 2578 573 2644 ipse
615 2574 782 2640 dixit,
835 2583 890 2629 et
937 2573 1077 2628 facta
1106 2582 1256 2640 sunt;
1296 2571 1411 2639 ipse
1459 2569 1756 2633 mandarit,
1795 2577 1846 2623 et
1895 2584 2053 2624 crea-

462 2680 513 2723 ta
559 2677 686 2722 sunt
714 2666 774 2735 ί,
804 2687 822 2721 ι
850 2675 903 2723 et
936 2683 1128 2723 rursus
1170 2666 1225 2721 in
1281 2666 1389 2722 alio
1430 2666 1639 2736 psalmo
1677 2684 1690 2719 :
1734 2683 1750 2715 ι
1783 2662 1884 2730 Qui
1928 2663 2056 2718 facit

464 2762 683 2832 angelos
738 2776 870 2818 suos
934 2762 1197 2831 Spiritus,
1253 2766 1308 2816 et
1354 2759 1639 2814 ministros
1703 2773 1835 2813 suos
1902 2755 2056 2810 "altl-

464 2871 605 2909 mam
637 2856 776 2927 ignis
796 2857 842 2910 Β.
864 2874 882 2908 ι
920 2854 985 2910 Et
1015 2855 1157 2910 beati
1181 2862 1291 2909 tres
1321 2854 1473 2923 pueri
1506 2852 1751 2907 divinum
1786 2852 2049 2923 hymnum

467 2958 705 3006 texentes
753 2948 808 3003 in
859 2947 1081 3003 fornace
1108 2987 1124 3014 ,
1154 2956 1274 3018 post
1298 2947 1614 3017 praeclarum
1659 2953 1714 3000 et
1743 2961 2052 3017 congruen-

473 3041 735 3100 tissimum
796 3038 929 3093 illud
980 3038 1262 3094 exordium
1307 3052 1322 3092 :
1382 3055 1401 3088 ι
1454 3037 1763 3092 Benedicite
1804 3076 1818 3101 ,
1873 3035 2056 3090 omnia

2155 1910 2285 1982 περὶ
2326 1907 2421 1962 τοῦ
2451 1905 2860 1978 τεχθησομένου
2907 1900 3100 1964 παιδὸς
3150 1897 3583 1969 προηγόρευσεν.
3623 1893 3744 1945 Ὅτι

2153 2002 2210 2055 δὲ
2244 1999 2472 2071 κτιστὴν
2507 1997 2694 2068 ἔχουσι
2739 1995 2902 2065 φύσιν
2950 1993 3045 2046 καὶ
3073 1988 3300 2060 ἄγγελοι
3346 1990 3438 2041 καὶ
3469 1984 3746 2057 ἀρχάγγε-

2155 2092 2260 2159 λοι,
2291 2091 2386 2145 καὶ
2416 2091 2468 2144 εἰ
2489 2107 2542 2143 τι
2564 2088 2753 2156 ἕτερόν
2780 2089 2929 2140 ἐστιν
2951 2082 3267 2151 ἀσώματον,
3290 2080 3433 2152 πλὴν
3459 2078 3560 2147 τῆς
3584 2076 3747 2145 ἁγίας

2160 2185 2415 2258 Τριάδος,
2476 2185 2513 2256 ή
2577 2181 2699 2236 θεία
2760 2179 2948 2248 σαφῶς
3012 2177 3163 2248 ἡμᾶς
3224 2174 3471 2228 διδάσκει
3531 2171 3570 2223 Γ
3579 2170 3745 2241 ραφή.

2163 2279 2387 2350 ’Υμνεῖν
2450 2276 2560 2347 γὰρ
2612 2274 2709 2329 καὶ
2742 2271 2956 2335 τούτοις
3014 2268 3182 2322 Δαδὶδ
3227 2265 3668 2338 παρακελεύεται
3716 2262 3748 2315 ὁ

2160 2373 2450 2445 προφήτης
2479 2372 2554 2440 (ί)
2575 2385 2589 2400 ⁸
2633 2388 2651 2421 ι
2677 2368 2892 2423 Αἰνεῖτε
2919 2364 3030 2435 γὰρ
3062 2362 3248 2425 αὐτὸν,
3277 2362 3434 2431 φησι,
3473 2359 3675 2420 πάντες
3699 2358 3747 2410 οἱ

2164 2463 2387 2535 ἄγγελοι
2411 2460 2577 2516 αὐτοῦ
2596 2477 2611 2491 ·
2642 2462 2844 2515 αίνεῖτε
2876 2457 3038 2512 αὑτὸν
3062 2458 3234 2511 πᾶσαι
3268 2454 3326 2509 αἱ
3358 2452 3623 2522 δυνάμεις
3651 2450 3748 2503 αὺ-

2155 2559 2273 2613 τοῦ.
2305 2577 2324 2611 ι
2366 2558 2475 2611 Καὶ
2503 2556 2604 2627 τὴν
2626 2554 2808 2609 αἰτίαν
2836 2552 3105 2606 διδάσκων
3142 2552 3424 2621 ἐπήγαγεν
3449 2548 3558 2619 (5)°
3598 2545 3754 2598 «Ὅτι

2159 2650 2322 2714 αὐτὸς
2356 2645 2498 2717 εἷπε,
2526 2649 2620 2701 καὶ
2651 2647 2993 2716 ἐγενήθησαν
3011 2642 3289 2709 (6),αὺτὸς
3309 2640 3636 2704 ἐνετείλατο,
3658 2635 3751 2692 καὶ

2159 2741 2517 2811 ἐκτίσθησαν.
2538 2759 2557 2793 ι
2591 2740 2704 2793 Καὶ
2734 2737 2899 2792 πάλιν
2932 2739 2989 2790 ὲν
3011 2737 3184 2807 ἑτέρῳ
3207 2733 3429 2805 ψαλμῷ,
3458 2752 3477 2785 ι
3502 2732 3562 2785 '0
3582 2728 3751 2784 ποιῶν

2159 2834 2287 2899 τοὺς
2329 2833 2600 2904 ἀγγέλους
2650 2831 2821 2885 αὐτοῦ
2874 2827 3186 2900 πνεύματα,
3214 2828 3310 2882 καὶ
3340 2826 3468 2890 τοὺς
3508 2824 3737 2894 λειτουρ-

2159 2929 2291 2996 γοὺς
2332 2925 2498 2980 αὑτοῦ
2534 2924 2707 2996 πυρὸς
2750 2922 2948 2993 φλόγα.
2991 2940 3009 2973 ι
3053 2921 3164 2974 Καὶ
3200 2921 3250 2976 οί
3292 2921 3443 2992 τρεῖς
3488 2917 3749 2989 μακάριοι

2166 3020 2354 3082 παῖδες
2404 3020 2462 3070 ὲν
2512 3020 2579 3088 τῇ
2633 3016 2852 3087 καμίνῳ
2884 3013 2977 3068 τὸν
3007 3014 3151 3067 θεῖον
3195 3012 3367 3084 ὕμνον
3412 3011 3749 3081 ὑφαίνοντες,

467 3147 627 3203 opera
679 3129 913 3203 Domini,
954 3129 1208 3195 Domino,
1241 3149 1259 3181 ι
1296 3144 1421 3183 mox
1482 3127 1729 3183 addunt:
1776 3146 1793 3178 ι
1833 3124 2054 3180 Benedi-

2171 3114 2267 3167 καὶ
2297 3112 2356 3166 τὸ
2387 3111 2721 3181 πανάριστον
2754 3109 2932 3161 ἐκεῖνο
2957 3106 3051 3160 καὶ⁵
3079 3106 3200 3160 λίαν
3238 3105 3496 3178 ἁρμόδιον
3530 3103 3747 3175 εἰρηκό-

464 3223 591 3287 cite,
640 3200 815 3293 angeli
876 3220 1115 3287 Domini,
1166 3219 1439 3287 Domino,
1511 3234 1701 3274 omnes
1769 3226 2054 3289 potestates

2171 3220 2262 3266 τες
2315 3200 2626 3272 προοίμιον·
2666 3219 2685 3250 ι
2716 3198 3003 3265 Εὐλογεῖτε
3041 3197 3220 3251 πάντα
3269 3198 3338 3250 τὰ
3373 3196 3509 3267 ἔργα
3548 3195 3750 3266 Κυρίον

468 3313 726 3380 Domini,
781 3310 1064 3367 Domino:
1128 3312 1455 3367 benedicile.
1515 3311 1622 3368 Sed
1662 3311 1730 3366 de
1783 3311 1867 3367 his
1902 3312 2061 3382 plura

466 3407 615 3478 loqui
648 3421 1117 3478 supervacaneum
1154 3405 1414 3461 existimo
1436 3446 1450 3470 ,
1494 3421 1619 3461 cum
1664 3405 1828 3473 hujus
1860 3404 2062 3457 doctri-

469 3519 551 3555 nae
614 3503 772 3572 plena
827 3500 899 3557 sit
951 3499 1215 3556 divinitus
1268 3499 1535 3570 inspirata
1599 3496 1881 3569 Scriptura
1938 3497 2061 3552 uni-

468 3610 649 3650 versa.

1074 3783 1357 3843 INTERR.
1405 3784 1490 3841 Ill.

476 3902 860 3958 l’rwceduntne
944 3898 1116 3968 angeli
1160 3903 1478 3956 creationem
1518 3900 1637 3955 caeli
1685 3909 1733 3954 et
1784 3908 1959 3967 terrm,
1992 3914 2063 3952 an

886 3988 993 4026 una
1026 3989 1147 4027 cum
1174 3975 1248 4027 eis
1279 3973 1445 4026 creati
1479 3971 1648 4026 sunt?

544 4061 864 4134 Superﬂuas
894 4064 1142 4134 equidem
1174 4063 1491 4133 hujusmodi
1522 4062 1855 4132 quaestiones
1875 4060 2066 4115 existi-

474 4152 637 4205 mavi.
678 4151 735 4223 6
771 4148 908 4205 Nam
957 4151 1087 4222 quid
1144 4151 1356 4221 juvabit
1397 4167 1560 4207 nosse
1608 4148 1830 4213 quando
1858 4148 2063 4203 conditi

475 4245 587 4299 sint
643 4244 869 4315 angeli?
910 4242 1044 4298 Novi
1087 4244 1287 4306 etiam,
1320 4243 1465 4313 quod
1511 4242 1731 4296 divinus
1774 4240 2066 4311 Apostolus

476 4339 757 4408 praecipiat
805 4339 1130 4394 admirando
1154 4338 1464 4399 Timotheo,
1500 4354 1517 4388 ι
1566 4336 1893 4391 denuntiare
1938 4334 2065 4404 qui-

476 4432 729 4497 husdam,
763 4446 830 4485 ne
857 4431 1017 4485 aliter
1045 4431 1279 4487 doceant
1305 4467 1320 4494 ,
1348 4443 1527 4497 neque
1554 4426 1833 4480 intendant
1867 4422 2065 4480 fabulis

473 4537 527 4579 et
558 4523 888 4593 genealogiis
928 4522 1297 4577 interminatis
1318 4522 1376 4575 ιι.
1410 4539 1430 4573 ι
1463 4518 1651 4574 Dicam
1689 4527 1891 4584 tamen,
1916 4517 2062 4587 quod

475 4619 675 4672 divina:
706 4616 1006 4687 Scriptura:
1041 4616 1293 4670 instituto
1327 4622 1760 4669 consentaneum
1804 4610 2061 4665 arbitror.

2170 3294 2261 3348 τὸν
2291 3293 2519 3364 Κύριον,
2562 3312 2579 3343 ι
2613 3291 2790 3355 Εὐθὺς
2819 3292 3123 3363 ἐπήγαγον,
3163 3309 3181 3342 ι
3210 3290 3500 3359 Εὑλογεῖτε
3533 3287 3751 3357 ἄγγελοι

2165 3386 2374 3456 Κυρίου
2407 3386 2500 3438 τὸν
2535 3387 2741 3457 Κύριον
2769 3387 2809 3453 ³,
2850 3387 3023 3440 πᾶσαι
3054 3386 3110 3438 αἱ
3142 3383 3402 3453 δυνάμεις
3433 3383 3640 3452 Κυρίου
3662 3380 3753 3434 τὸν

2166 3479 2394 3551 Κύριον.
2435 3499 2454 3532 ›
2506 3478 2669 3532 Ἀλλὰ
2715 3479 2824 3550 γὰρ
2858 3478 3133 3549 παρέλκον
3179 3476 3336 3548 οἶμαι
3377 3477 3506 3547 περὶ
3547 3476 3750 3528 τούτων

2170 3573 2549 3643 μακρηγορεῖν
2566 3589 2579 3602 ·
2612 3572 2762 3625 πᾶσα
2787 3571 2893 3644 γὰρ
2918 3571 2939 3602 ⁸
2973 3572 3006 3641 ή
3035 3569 3391 3633 θεόπνευστος
3413 3566 3607 3640 Γραςρὴ
3627 3566 3742 3636 τῆς·

2167 3663 2226 3717 δε
2256 3664 2355 3729 τῆς
2389 3662 2741 3726 διδασκαλίας
2770 3661 3076 3726 ἀνάπλεως.

2804 3775 2997 3830 ΕΡΩΤ.
3036 3774 3111 3829 Γ’.

2166 3891 2679 3963 Προῢπάρχουσιν
2708 3889 2969 3963 οὐρανοῦ
3003 3888 3102 3963 καί
3124 3888 3238 3959 γῆς
3276 3888 3538 3959 ἄγγελοι,
3566 3886 3603 3955 ἢ
3634 3885 3750 3939 σὺν

2631 3963 2840 4027 αὐτοῖς
2871 3961 2949 4032 (7)
2990 3960 3293 4030 ἐγένοντο.

2240 4055 2512 4127 Περιττὰς
2543 4054 2641 4125 μὲν
2674 4052 2787 4122 ἐγὼ
2816 4053 2916 4117 τὰς
2948 4052 3211 4116 τοιαύτας
3241 4050 3499 4122 ζητήσεις
3533 4049 3757 4119 ὑπείλη-

2171 4165 2267 4217 φα.
2304 4148 2401 4210 Τίς
2446 4148 2556 4218 γὰρ
2598 4146 2787 4216 ὄνησις
2833 4144 3273 4217 προσγενήσεται
3329 4146 3444 4207 τοῖς
3489 4144 3759 4211 ἐγνωκόσι

2170 4240 2263 4295 τὸν
2300 4241 2398 4311 τῆς
2426 4239 2536 4293 τῶν
2576 4239 2826 4308 ἀγγέλων
2867 4237 3232 4308 δημιουργίας
3266 4235 3498 4307 καιρόν;
3539 4232 3670 4289 Οἶδα
3701 4235 3753 4288 δὲ

2172 4335 2268 4387 καὶ⁵
2287 4333 2379 4386 τὸν
2403 4332 2551 4386 θεῖον
2581 4331 2907 4385 Ἀπόστολον
2926 4329 3004 4402 τῷ
3026 4329 3315 4401 θαυμασίῳ
3338 4328 3591 4400 Τιμοθέῳ
3617 4345 3751 4399 παρα

2172 4424 2479 4494 εγγυῶντα·
2511 4443 2529 4474 ι
2554 4423 2932 4495 Παραγγεϊλαί
2963 4423 2983 4455 ⁵
3018 4421 3162 4494 (8-9)
3189 4439 3320 4487 τισι,
3358 4420 3433 4493 μή
3454 4420 3746 4492 ἑτεροδιδα-

2175 4517 2415 4581 σκαλεῖν,
2439 4515 2574 4587 μηδὲ
2594 4514 2884 4587 προσέχειν
2906 4515 3097 4586 μύθοις
3115 4514 3210 4585 καὶ
3233 4513 3607 4583 γενεαλογίαις
3625 4514 3757 4566 ἀπε-

2179 4609 2411 4680 ρὰντοις.
2454 4626 2472 4659 ι
2518 4606 2659 4677 Ἑρῶ
2683 4605 2740 4659 δὲ
2769 4607 2921 4677 ὅμως
2951 4607 3089 4677 ὅπερ
3127 4604 3448 4676 συμϐαίνειν
3484 4604 3756 4674 ὑπείληφα

408 4744 419 4755 ι
476 4708 1014 4779 lneircumscriptam
1039 4706 1210 4762 solam
1238 4720 1361 4761 esse
1387 4702 1628 4759 divinant
1655 4713 1907 4757 naturam
1928 4701 2054 4757 didi-

2176 4699 2253 4771 τῷ
2307 4698 2495 4769 σκοπῷ
2535 4699 2634 4768 τῆς
2667 4697 2818 4762 θείας
2854 4697 3100 4769 Γραφῆς.
3146 4696 3553 4769 Ἀπερίγραφον
3588 4694 3759 4766 μόνην

549 4885 885 4946 bGalat.iv,
948 4883 1045 4939 25.
1121 4880 1352 4939 °Galat.
1408 4897 1493 4947 ιιι,
1545 4883 1632 4938 l9.
1708 4879 1933 4935 dHehr.
1995 4896 2054 4937 ιι.

2157 4917 2166 4930 .
2250 4888 2273 4917 ο
2321 4876 2467 4932 Psal.
2515 4890 2752 4941 CXLVIII,
2786 4874 2851 4944 2.
2937 4869 3124 4927 ίίιιὶά.
3171 4872 3226 4928 5.
3301 4870 3495 4927 IlPsal.
3538 4887 3673 4938 οιιι,
3701 4870 3732 4925 4

476 4961 503 5001 ιι
546 4956 563 5010 ι
603 4954 908 5022 Tim.i,5,
947 4954 1001 5009 4.

966 5145 1011 5165 ς
1347 5100 1585 5160 VARIIE
1630 5094 2016 5155 LECTIONES
2055 5093 2147 5148 EX
2186 5091 2467 5148 CATENA
2508 5090 2867 5147 LlPSlENSl.

564 5222 586 5252 ³
621 5220 742 5275 Cat.
769 5234 823 5292 p.
854 5218 910 5272 2.
952 5217 1020 5272 δι’
1053 5215 1324 5286 ἀγγέλων.
1416 5215 1437 5246 ³
1467 5214 1628 5276 εὐθὺς
1657 5243 1727 5253 -
1750 5211 1841 5266 τὸν
1871 5208 2077 5280 Κύριον
2111 5206 2227 5262 des.

482 5292 629 5359 γελε.

2324 5203 2347 5235 ⁸
2382 5203 2660 5275 παρέλκον
2690 5237 2759 5247 --
2783 5205 2934 5258 πᾶσα
2962 5205 3093 5277 γάρ.
3169 5205 3190 5237 ⁸
3227 5205 3347 5261 Cat.
3381 5219 3436 5276 p.
3464 5205 3500 5260 3
3547 5205 3760 5278 παράγ-

2004 5394 2244 5452 NOTIE.

558 5523 635 5591 (3)
664 5519 812 5577 Σινᾶ
836 5520 991 5575 abest
1017 5534 1046 5574 a
1082 5520 1218 5576 Cod.
1249 5520 1474 5591 August.

559 5593 634 5662 (τί)
663 5592 876 5662 ὑμνεῖν
896 5621 967 5632 -
993 5591 1328 5660 προφήτης.
1358 5593 1580 5649 Desunt.

556 5665 633 5735 (Si)
664 5664 767 5735 καί
792 5661 907 5735 τὴν
938 5689 1007 5735 mf
1024 5663 1367 5735 ξέπήγαγεν.
1408 5662 1528 5718 lies.

517 5801 526 5810 _
559 5734 634 5811 (6‘)
669 5734 774 5786 Καὶ
808 5733 1208 5811 ἐγενήθησαν.
1230 5733 1379 5811 __ll;ec
1422 5736 1582 5789 linem
1634 5735 1800 5807 hujus
1833 5749 2061 5811 respon-

483 5807 657 5860 sionis
687 5807 1029 5863 constituunt
1058 5808 1109 5859 in
1143 5807 1330 5860 codice
1368 5821 1577 5874 nostro,
1609 5817 1663 5863 et
1724 5814 1775 5862 in
1823 5809 2059 5862 cditiunc

2174 5513 2538 5655 ξέἓῗιηῗίιιιιω
2584 5530 2718 5571 cura
2751 5513 2983 5572 Joannis
3017 5514 3133 5573 Pici
3190 5516 3368 5574 Paris.
3419 5533 3471 5575 a.
3509 5519 3668 5582 l558,
3698 5520 3755 5587 4,

2243 5656 2319 5726 (7)
2362 5655 2498 5726 Cod.
2530 5654 2776 5720 τούτους.

2236 5726 2375 5799 (8-9)
2415 5725 2549 5781 Cod.
2578 5727 2947 5797 παράγγελλε.
