4136 6430
462 329 534 395 8'3
1460 338 1954 410 THEODORETI
1992 343 2341 407 EPISCOPI
2372 349 2743 412 CYRENSIS
3665 360 3738 426 84

453 447 834 501 universorum
880 446 1002 502 illos
1051 446 1437 517 pranlicatores
1473 467 1580 507 non
1633 452 1891 512 habebat.
1926 457 2041 513 Non

2148 463 2359 518 Οὖκοῦν
2394 466 2454 518 οὐ
2492 459 2662 519 δεῖται
2698 465 2806 521 τῶν
2838 466 3157 538 ὑμνούντων
3186 469 3214 524 ό
3242 469 3521 542 Δεσπότης
3560 470 3695 537 Θεός
3719 490 3733 505 ·

456 537 659 608 indiget
709 554 842 610 ergo
879 539 1144 595 Dominus
1196 540 1336 598 Deus
1389 544 1789 615 laudatoribus,
1840 551 2044 621 quippe

452 630 547 698 qui
571 639 763 685 natura
788 631 990 687 nullius
1014 632 1218 705 indiget
1245 654 1257 689 :
1288 637 1381 689 sed
1409 637 1526 692 sola
1554 640 1798 697 bonitate
1821 643 2039 711 ductus,

452 720 686 790 angelis,
723 721 1087 791 archangelis,
1117 730 1171 778 ct
1207 726 1473 783 universae
1500 739 1768 787 creaturae
1814 735 2043 805 largitus

450 819 535 864 est
571 820 629 866 ut
669 821 872 867 essent.
906 815 975 868 At
1016 830 1145 869 vero
1176 831 1286 886 quo
1318 818 1623 876 ministerio
1673 824 2045 896 fungebantur

451 904 650 972 angeli,
701 905 792 973 qui
845 907 1175 963 creationem
1226 914 1624 980 praecedebant,
1683 931 1807 971 cum
1859 919 2043 977 nullus

451 1003 617 1058 esset,
659 998 753 1067 qui
807 998 1077 1068 indigeret
1126 1016 1316 1058 eorum
1348 1006 1565 1076 Opera?
1604 1006 1761 1074 Quod
1790 1011 1936 1065 enim
1973 1013 2041 1069 ad

455 1087 811 1146 ministerium
862 1091 1147 1149 hominum
1198 1096 1306 1151 Deo
1343 1098 1733 1156 universorum
1768 1103 1827 1175 8
1864 1104 2045 1160 inser-

452 1177 622 1242 viant,
664 1180 895 1237 idoneus
924 1184 1004 1238 rei
1037 1186 1191 1243 testis
1219 1195 1303 1242 est
1329 1188 1545 1245 divinus
1577 1191 1898 1262 Apostolus,
1939 1197 2047 1251 cla-

450 1285 607 1325 mans
644 1291 657 1327 :
699 1292 716 1326 ι
750 1272 943 1330 Nonne
973 1291 1165 1335 omnes
1218 1291 1345 1337 sunt
1386 1282 1839 1344 administrator-ii
1875 1290 2040 1360 spiri-

454 1366 565 1422 tus,
598 1360 650 1414 in
683 1362 1047 1420 ministerium
1094 1368 1245 1424 missi
1283 1382 1498 1442 propter
1539 1390 1633 1432 eos
1668 1378 1760 1447 qui
1809 1378 2015 1437 baercdi

454 1463 613 1507 talem
646 1456 859 1524 rapicnt
888 1458 1079 1515 salutis
1101 1460 1167 1513 k?
1207 1482 1225 1513 ι
1263 1462 1492 1522 Constat
1524 1468 1688 1539 igitur
1738 1472 1882 1540 quod
1946 1488 2048 1530 nos

449 1545 666 1615 quidem
698 1548 915 1604 illorum
960 1567 1123 1623 opera
1164 1554 1498 1626 in'ligeznus,
1543 1559 1687 1618 Deus
1739 1580 1869 1621 vero
1921 1567 2045 1622 nul-

452 1637 559 1692 lius
595 1639 799 1712 indiget
827 1660 841 1697 :
874 1659 998 1698 cum
1045 1656 1224 1701 autem
1258 1649 1329 1703 sit
1368 1650 1630 1709 bonitatis
1660 1656 1911 1727 abyssus,
1945 1674 2045 1714 vo~

452 1730 553 1785 luit
586 1732 653 1788 iis
700 1734 793 1804 qui
826 1738 1054 1793 omnino
1084 1756 1192 1795 non
1218 1752 1404 1807 erant,
1450 1746 1671 1818 elargiri
1727 1749 2042 1806 facultatem

2152 556 2375 628 ἀνενδεῆ
2405 558 2513 631 γὰρ
2544 558 2657 630 ἔχει
2682 559 2780 621 τὴν
2809 560 2991 629 φύσιν.
3028 559 3107 614 Δι’
3136 559 3451 633 ἀγαθότητα
3474 561 3532 617 δὲ
3565 564 3735 636 μόνην

2152 652 2248 707 καὶ
2283 651 2558 721 ἀγγέλοις,
2605 654 2699 707 καὶ
2732 653 3117 725 ἀρχαγγέλοις,
3156 654 3250 707 καὶ
3277 654 3426 727 πάσῃ
3461 657 3526 726 τῇ
3560 656 3737 708 κτίσει

2150 743 2212 797 τὸ
2242 738 2382 798 εἶναι
2415 744 2749 815 δεδώρηται·
2785 745 2946 799 ποίαν
2992 745 3050 799 δὲ
3082 746 3176 801 καὶ
3200 744 3548 818 λειτουργίαν
3590 742 3738 818 εἶχον

2154 834 2259 908 πρὸ
2296 835 2396 905 τῆς
2436 837 2668 900 κτίσεως
2694 836 2882 901 ὄντες,
2914 835 3130 900 οὐδενὸς
3172 836 3329 900 ὄντος
3355 835 3450 890 τοῦ
3486 837 3588 907 τῆς
3616 837 3740 891 τού-

2150 944 2261 981 των
2303 926 2572 996 ὠφελείας
2605 927 3048 1000 προσδεομένου;
3094 927 3219 982 ’Ότι
3251 927 3361 999 γὰρ
3385 930 3464 994 εἰς
3500 929 3601 1001 τὴν
3629 929 3738 983 τῶν

2152 1019 2457 1091 ἀνθρώπων
2509 1020 2841 1092 κηδεμονίαν
2895 1019 3235 1093 ὑπουργοῦσι
3297 1020 3378 1092 τῷ
3429 1020 3539 1074 τῶν
3600 1022 3739 1076 ὅλων

2152 1112 2302 1182 Θεῷ,
2341 1114 2550 1184 μάρτυς
2572 1114 2600 1166 ὁ
2628 1112 2771 1177 θεῖος
2811 1112 3137 1176 Ἀπόστολος
3164 1112 3329 1184 βοῶν·
3367 1130 3385 1165 ι
3426 1113 3569 1187 Οὐχὶ
3602 1114 3738 1175 πάντ

2151 1222 2242 1269 τες
2287 1206 2392 1258 εἰσ).
2426 1204 2778 1276 λειτουργικὰ
2820 1204 3109 1276 πνεύματα
3153 1207 3235 1270 εἰς
3279 1206 3559 1273 διακονίαν
3597 1206 3736 1260 ἀπο-

2154 1297 2482 1369 στελλόμενα
2526 1297 2615 1352 διὰ
2649 1299 2773 1362 τοὺς
2817 1297 3112 1369 μέλλοντας
3158 1297 3521 1371 κληρονομεῖν
3560 1315 3737 1369 σωτη-

2154 1391 2307 1461 ρίαν;
2351 1409 2369 1443 ι
2414 1390 2624 1444 Οὐκοῦν
2649 1389 2893 1459 εὔδηλον,
2926 1390 3003 1456 ὡς
3047 1390 3208 1461 ἡμεῖς
3251 1389 3350 1461 μὲν
3384 1389 3483 1460 τῆς
3510 1389 3738 1455 ἐκείνων

2152 1483 2471 1556 ἐπικουρίας
2528 1483 2798 1554 δεόμεθα³
2853 1485 2882 1538 ό
2927 1484 2985 1538 δὲ
3033 1483 3167 1547 Θεὸς
3200 1483 3402 1553 ἣκιστα
3454 1481 3552 1555 μέν
3592 1498 3737 1552 τινος

2153 1576 2336 1648 ἐνδεής
2363 1594 2376 1608 ·
2415 1576 2652 1641 ἄϐυσσος
2696 1575 2753 1629 δὲ
2796 1575 2872 1631 ὢν
2912 1575 3284 1646 ἀγαθότητος,
3326 1573 3605 1645 ἠϐουλήθη
3642 1576 3734 1627 καὶ

2150 1674 2263 1735 τοῖς
2315 1669 2541 1741 μηδαμῆ
2597 1669 2711 1737 (17)
2767 1668 3034 1740 μηδαμῶς
3083 1663 3203 1723 οὖσι
3264 1666 3587 1738 μεταδοῦναι
3638 1666 3731 1720 τοῦ

2152 1760 2314 1819 εἷναι.
2357 1762 2520 1817 Ἀλλὰ
2550 1761 2660 1833 γὰρ
2692 1764 2741 1817 οἱ
2789 1764 3167 1833 προῦπάρχειν
3211 1760 3447 1831 οὐρανοῦ
3492 1761 3587 1815 καὶ
3632 1760 3735 1829 γῆς

454 1833 511 1876 ιιι
543 1837 747 1882 essent.
795 1828 1061 1886 Caeterum
1096 1834 1188 1904 qui
1220 1838 1444 1907 angelos
1498 1842 1806 1910 prazeedere
1838 1844 2038 1900 calum

2148 1858 2274 1921 τοὺς
2312 1827 2579 1926 ἀγγέλους
2623 1827 3082 1927 ίσχυριέόμενοι
3108 1853 3184 1919 ὡς
3227 1827 3446 1925 ίσγυρδν
3478 1853 3610 1923 ἡμῖν
3638 1827 3735 1904 καὶ

452 1924 506 1970 et
526 1930 722 1975 terram
745 1932 1017 1990 astruuut,
1051 1941 1147 1995 pro
1176 1929 1333 1985 lirmo
1363 1941 1415 1985 et
1450 1932 1652 1990 invicto
1677 1933 2040 1995 fundamento

457 2008 613 2063 nobis
644 2024 954 2082 proponunt
985 2016 1141 2083 illud,
1174 2020 1319 2087 quod
1351 2021 1450 2092 ipsi
1478 2021 1579 2085 Job
1614 2024 1758 2082 Deus
1784 2028 2036 2084 omnium

457 2102 709 2159 conditor
757 2106 931 2163 dixit:
997 2128 1015 2161 ι
1054 2109 1281 2177 Quando
1330 2115 1584 2170 creabam
1635 2127 1807 2188 astra,
1849 2122 2040 2179 lauda-

458 2190 585 2246 bant
622 2209 709 2248 me
738 2211 927 2254 omnes
966 2201 1144 2271 angeli
1196 2203 1297 2256 mei
1328 2201 1369 2258 ι.
1408 2224 1427 2258 ι
1467 2205 1533 2262 Ει
1563 2225 1672 2263 non
1722 2211 2035 2279 advertunt,

455 2285 543 2340 die
584 2297 775 2357 quarta
810 2306 913 2345 una
956 2307 1081 2347 cum
1130 2296 1245 2349 sole
1297 2305 1350 2351 et
1391 2297 1519 2353 luna
1579 2300 1747 2356 Deum
1795 2303 2040 2359 omnium

457 2387 603 2441 astra
636 2379 981 2448 produxisse.
1010 2382 1317 2442 Verisimile
1341 2397 1521 2444 autem
1554 2400 1638 2447 est
1693 2394 1913 2464 angelos
1935 2410 2041 2451 una

457 2484 583 2539 cum
618 2471 756 2541 caelo
780 2482 834 2528 et
867 2483 1007 2529 terra
1041 2485 1255 2534 creatos
1286 2495 1426 2545 esse,
1472 2491 1532 2537 ut
1559 2482 1736 2540 lucem
1771 2485 1839 2541 de
1868 2487 2043 2544 nihilo

460 2560 656 2625 factam
690 2573 1028 2632 contuentes,
1059 2576 1111 2623 et
1146 2570 1549 2629 ﬁrmamentum
1583 2575 1636 2630 in
1678 2577 1858 2635 medio
1887 2595 2043 2651 aquae

456 2664 825 2725 compactum,
885 2667 938 2711 et
995 2660 1272 2727 humidam
1360 2663 1720 2722 substantiam
1777 2672 1829 2732 fa
1899 2679 2042 2727 terra

456 2745 768 2812 discretam,
798 2762 861 2802 ac
901 2758 1098 2803 terram
1147 2754 1264 2807 solo
1301 2752 1392 2808 Dei
1429 2756 1594 2812 verbo
1629 2773 1890 2829 generum
1925 2776 2043 2821 om-

457 2837 606 2889 nium
659 2837 994 2907 germinibus
1049 2856 1393 2903 exornatam.
1435 2846 1653 2919 aliaque
1700 2851 1888 2906 omnia
1945 2851 2042 2907 Dei

457 2936 591 2984 nutu
622 2929 881 3000 perfecta,
914 2933 1126 3002 seipsos
1157 2936 1361 3005 pariter
1390 2952 1457 2993 ex
1496 2939 1567 2996 iis
1591 2956 1712 3010 qua:
1742 2943 2045 3000 cernebant

456 3022 825 3093 intelligerent
882 3037 1121 3082 creatam
1168 3028 1370 3086 habere
1421 3040 1698 3101 naturam,
1748 3044 1806 3091 et
1848 3050 1877 3089 a
1931 3035 2044 3092 Deo

455 3117 834 3173 exsistentiam
885 3120 1182 3189 accepisse.
1221 3119 1358 3177 Nam
1396 3133 1451 3178 et
1479 3122 1701 3181 divinus
1742 3125 2041 3198 Apostolus

455 3208 661 3264 mundo
713 3209 835 3266 illos
887 3210 1129 3283 adjungit
1164 3213 1386 3270 dicens:
1428 3233 1447 3267 ι
1482 3214 1869 3286 Spectaculum
1916 3220 2042 3275 facti
2072 3201 2113 3260 (ἶ

454 3318 648 3358 sumus
681 3304 885 3358 mundo
917 3312 971 3359 et
1014 3305 1220 3376 angelis
1271 3315 1325 3362 et
1370 3307 1688 3367 hominibus
1708 3320 1768 3367 ω.
1812 3333 1833 3368 ι
1871 3313 2047 3369 Caete-

456 3411 577 3450 rum
610 3395 724 3451 hac
771 3411 873 3467 ego
907 3412 1012 3452 non
1060 3408 1444 3456 asseveranter
1479 3402 1639 3459 dico:
1693 3408 2044 3461 temerarium

454 3486 599 3541 enim
654 3495 785 3558 puto
840 3487 908 3544 de
953 3487 1021 3546 iis
1069 3491 1443 3561 pronuntiare,
1497 3494 1564 3549 de
1619 3496 1824 3566 quibus
1890 3512 2048 3554 saera

458 3578 740 3649 Scriptura
783 3589 965 3650 aperte
1018 3582 1156 3637 nihil
1183 3584 1387 3653 tradit;
1419 3585 1511 3641 sed
1545 3588 1691 3657 quod
1737 3589 1842 3659 piis
1873 3591 2049 3646 sensi-

458 3671 643 3743 bu59
673 3687 975 3743 congruere
1024 3675 1200 3730 visum
1235 3685 1338 3742 est,
1387 3679 1639 3748 exposui.
1691 3680 1828 3736 Illud
1883 3697 2047 3753 porro

457 3764 597 3818 scire
633 3779 854 3820 necesse
886 3775 988 3832 est,
1011 3766 1203 3820 omnia
1258 3783 1599 3840 quaecunque
1654 3782 1891 3840 exstant,
1946 3787 2047 3827 ex-

456 3869 610 3926 cepta
657 3867 843 3912 sancta
893 3857 1189 3926 Trinitate,
1237 3869 1488 3916 naturam
1539 3863 1741 3919 habere
1784 3874 2043 3921 creatam.

460 3946 573 4013 lloc
596 3957 775 4003 autem
799 3956 1083 4019 cencesso,
1117 3952 1160 4007 si
1186 3952 1311 4024 quis
1347 3954 1665 4025 angelorum
1704 3955 1889 4012 turbas
1919 3966 2049 4013 ante

458 4040 655 4096 malum
698 4050 750 4098 et
790 4050 985 4097 terram
1008 4044 1258 4100 conditas
1278 4060 1399 4102 esse
1420 4046 1638 4113 dixerit,
1677 4062 1783 4101 non
1812 4048 2048 4105 offendet

459 4132 682 4187 verbum
746 4134 980 4204 pietatis.
1012 4135 1079 4189 At
1130 4137 1375 4193 verbosis
1430 4140 1870 4198 contentionibus
1912 4143 2040 4199 iusi-

461 4232 623 4291 stere,
647 4242 666 4276 ι
704 4224 837 4292 Qua:
879 4227 945 4282 ad
990 4227 1129 4282 nihil
1156 4228 1302 4283 aliud
1334 4238 1583 4299 prosunt,
1613 4246 1776 4301 quam
1813 4233 1881 4289 ad
1911 4236 2046 4290 sub~

462 4317 765 4373 versionem
810 4318 1148 4375 audientium
1170 4329 1217 4383 ιι,
1267 4338 1286 4372 ι
1324 4334 1580 4389 expresse
1612 4321 1865 4391 prohibet
1903 4323 2046 4379 divi-

461 4422 566 4461 nus
609 4408 933 4476 Apostolus.

1060 4524 1338 4580 INTERR.
1373 4524 1415 4580 V

460 4635 522 4692 Si
553 4645 695 4693 terra
724 4647 858 4706 erat,
884 4640 1144 4711 quomodo
1178 4648 1354 4711 creata
1380 4639 1501 4693 est?
1528 4640 1613 4694 Ait
1636 4642 1773 4694 enim
1798 4642 2046 4711 scriptor:

925 4730 944 4762 ι
988 4708 1152 4764 Terra
1180 4709 1354 4763 au'tem
1388 4719 1521 4765 erat.
1562 4729 1581 4764 ι

532 4818 691 4879 Levis
723 4823 952 4880 nimium
992 4831 1050 4879 et
1074 4824 1272 4879 stolida
1293 4823 1542 4894 quaestio.
1562 4822 1714 4914 'Nam
1744 4825 1836 4895 qui
1862 4825 1998 4882 dixit
2027 4843 2041 4881 :

2072 4546 2123 4606 D

2143 1948 2358 2020 ἄμαχον
2403 1946 2514 2021 (18)
2549 1947 2949 2020 προϐάλλονται
2983 1946 3095 2017 (19)
3126 1947 3308 2001 έκεῖνο
3354 1945 3416 2002 τὸ
3447 1944 3599 2017 παρὰ
3640 1942 3734 1996 τοῦ

2142 2038 2277 2093 Θεοῦ
2312 2038 2421 2092 τῶν
2452 2038 2590 2093 ὅλων
2634 2037 2771 2109 πρὸς
2819 2037 2911 2091 τὸν
2973 2036 3094 2091 Ἰὼϐ
3133 2035 3426 2111 είρημένον
3456 2051 3469 2066 ο
3531 2053 3550 2086 ι
3605 2033 3733 2089 Ὅτε

2144 2128 2363 2183 ἐποίουν
2403 2128 2519 2202 (20)
2555 2127 2754 2201 ἄστρα,
2797 2128 2999 2202 ᾔνεσάν
3030 2144 3097 2201 με
3128 2128 3333 2192 πάντες
3367 2126 3479 2195 (21)
3510 2122 3733 2197 ἄγγελοί

2149 2240 2271 2294 μου.
2334 2242 2355 2276 ι
2391 2223 2504 2291 Καὶ
2541 2223 2602 2277 οὐ
2645 2222 2981 2293 συνορῶσιν,
3029 2221 3106 2285 ὡς
3156 2222 3226 2292 τῇ
3277 2219 3516 2290 τετάρτῃ
3548 2217 3734 2289 ἡμέρα

2146 2312 2243 2366 σὺν
2280 2311 2359 2383 τῷ
2388 2311 2528 2385 ἡλίῳ
2572 2313 2665 2366 καὶ
2694 2314 2759 2382 τῇ
2797 2310 2998 2383 σελήνῃ
3029 2310 3097 2366 τὰ
3128 2310 3303 2381 ἄστρα
3347 2308 3674 2379 παρήγαγεν
3705 2307 3733 2359 ό

2143 2406 2254 2461 τῶν
2289 2405 2428 2461 ὅλων
2472 2404 2626 2468 Θεός.
2676 2404 2834 2469 Ιςίκὺς
2882 2404 2995 2474 (22)
3034 2404 3091 2457 δὲ
3141 2405 3267 2468 τοὺς
3310 2401 3582 2471 ἀγγέλους
3634 2398 3731 2451 σὺν

2142 2497 2361 2572 οὐρανῷ
2381 2496 2855 2570 δημιουργηθῆναι
2874 2498 2969 2551 καὶ
2989 2499 3084 2569 γῇ.
3107 2497 3194 2551 ἵνα
3219 2495 3311 2550 καὶ
3336 2495 3397 2548 τὸ
3426 2494 3541 2563 φῶς
3562 2491 3729 2563 ὀρῶν.

2144 2607 2236 2654 τες
2279 2589 2339 2655 ἐξ
2370 2589 2586 2652 οὐδενὸς
2633 2587 3001 2659 ὑποκειμένου
3056 2585 3599 2659 δημιουργούμενον,
3636 2582 3732 2637 καὶ

2144 2684 2206 2737 τὸ
2254 2682 2541 2755 στερέωμα
2571 2682 2629 2735 ὲν
2660 2681 2814 2754 μέσῳ
2845 2679 2939 2734 τοῦ
2988 2679 3182 2744 ὕδατος
3224 2676 3729 2751 συμπηγνύμενον,

2150 2777 2241 2831 καὶ
2270 2776 2365 2848 τὴν
2391 2774 2566 2847 ὑγρὰν
2592 2774 2783 2830 οὐσίαν
2817 2773 3200 2846 χωριζομένην
3226 2773 3323 2843 τῆς
3350 2773 3474 2841 γῆς,
3507 2769 3606 2826 καὶ
3632 2768 3732 2839 τὴν

2147 2870 2247 2939 γῆν
2275 2870 2390 2940 ἅμα
2419 2868 2498 2938 τῷ
2523 2867 2653 2940 Θείῳ
2687 2867 2833 2938 λόγῳ
2864 2865 3225 2931 παντοδαπῶς
3256 2862 3734 2935 διακοσμουμένην

2148 2959 2531 3032 βλαστήμασι,
2590 2958 2686 3012 καὶ
2735 2958 2805 3013 τὰ
2843 2956 2984 3012 ἄλλα
3042 2956 3222 3010 πάντα
3278 2955 3415 3025 πρὸς
3472 2953 3535 3007 τὸ
3587 2951 3733 3006 θεῖον

2145 3053 2407 3123 γινόμενα
2461 3049 2745 3121 βούλημα,
2790 3047 3065 3119 γνῶσι,δι’
3121 3041 3196 3102 ὧν
3227 3045 3429 3117 ὁρῶσιν
3455 3082 3469 3110 ,
3516 3043 3603 3113 ὅτι
3639 3042 3734 3096 καὶ

2146 3141 2299 3195 αὐτοὶ
2330 3140 2555 3213 κτιστὴν
2585 3138 2767 3210 έχουσι
2794 3138 2893 3210 τὴν
2925 3137 3088 3207 φύσιν
3122 3138 3252 3208 παρ’
3285 3134 3453 3190 αὑτοῦ
3487 3134 3550 3188 τὸ
3592 3129 3733 3187 εἶναι

2147 3231 2452 3300 δεξάμενοι.
2492 3229 2605 3281 Καὶ
2656 3226 2765 3299 γὰρ
2797 3228 2826 3279 ό
2866 3225 3014 3290 θεῖος
3076 3226 3402 3290 ’Δπόστολος
3428 3223 3507 3296 τῷ
3542 3222 3733 3293 κόσμῳ

2149 3323 2346 3385 αὐτοὺς
2394 3320 2740 3389 συζεύγνυσι,
2773 3318 2971 3388 λέγων,
3001 3321 3083 3374 ὅτι
3120 3338 3138 3371 ι
3178 3319 3421 3390 Θέατρον
3465 3316 3729 3387 ἐγενήθη-

2153 3434 2253 3487 μεν
2286 3414 2365 3485 τῷ
2392 3414 2585 3484 κόσμῳ
2610 3413 2705 3467 καὶ
2735 3413 2991 3482 ἀγγέλοις
3027 3413 3123 3466 κα).
3152 3409 3485 3482 ἀνθρώποις.
3520 3428 3540 3463 ι
3590 3408 3733 3477 Ἐγὼ

2148 3507 2203 3560 δὲ
2230 3505 2405 3558 ταῦτα
2456 3503 2556 3556 οὐκ
2608 3502 3044 3573 ἀποφαινόμενος
3076 3501 3260 3570 λέγω·
3304 3500 3577 3572 τολμηρὸν
3620 3499 3731 3569 γὰρ

2149 3593 2539 3665 ἀποφαντικῶς
2568 3589 2723 3664 οἶμαι
2766 3593 2967 3662 λέγειν,
3016 3594 3149 3665 περὶ
3175 3588 3250 3647 ὧν
3280 3596 3313 3665 ἠ
3349 3592 3468 3646 Θεία
3501 3592 3730 3664 διαρρή-

2147 3689 2244 3760 δην
2278 3688 2339 3742 θύ
2381 3686 2532 3756 λέγει
2566 3687 2757 3760 Γραφή
2778 3703 2791 3716 ·
2830 3687 2946 3741 ἀλλ’
2970 3688 3108 3758 ὅπερ
3138 3690 3253 3750 τοῖς
3296 3685 3547 3740 εὐσεϐέσι
3585 3685 3731 3753 λογι-

2151 3782 2306 3852 σμοῖς
2338 3779 2631 3853 ἁρμόττειν
2661 3777 2969 3844 ὑπέλαὸον,
3014 3778 3238 3850 εἴρηκα.
3294 3777 3502 3832 Ἐκεῖνο
3549 3777 3734 3848 μέντοι

2148 3873 2448 3939 ἀναγκαῖον
2499 3870 2723 3936 εἰδέναι,
2767 3870 2844 3933 ὡς
2896 3870 3077 3925 πάντα
3118 3869 3188 3923 τὰ
3238 3869 3388 3936 ὅντα,
3439 3868 3581 3940 πλὴν
3632 3868 3736 3938 τῆς

2149 3963 2311 4033 ἁγίας
2342 3963 2595 4035 Τριάδος,
2651 3963 2878 4034 κτιστὴν
2928 3962 3043 4034 ἔχει
3069 3962 3169 4035 τὴν
3202 3963 3384 4033 φύσιν.
3436 3961 3737 4032 Συνομο).ο-

2148 4055 2418 4126 γουμένου
2470 4055 2527 4109 δὲ
2559 4053 2778 4120 τούτου,
2814 4053 2893 4124 τῷ
2922 4055 3021 4125 τῆς
3056 4054 3339 4118 εὐσεϐείας
3376 4053 3437 4107 οὐ
3477 4053 3738 4123 λυμαίνε-

2146 4164 2237 4202 ται
2258 4148 2419 4219 λόγῳ.
2447 4147 2507 4201 τὸ
2537 4146 2644 4218 πρὸ
2668 4146 2900 4218 οὐρανοῦ
2930 4147 3024 4201 καὶ
3056 4148 3160 4217 γῆς
3188 4146 3518 4216 γεγενῆσθαι
3552 4145 3737 4214 λέγειν

2148 4241 2256 4295 τῶν
2293 4240 2544 4310 ἀγγέλων
2590 4240 2716 4304 τοὺς
2750 4240 2978 4311 δήμους.
3014 4238 3088 4292 Τὸ
3123 4238 3181 4292 δὲ
3223 4239 3556 4309 λογομαχεῖν
3592 4258 3611 4290 ι
3653 4239 3736 4300 ei;

2146 4331 2301 4386 οὐδὲν
2352 4331 2627 4403 χρήσιμον
2654 4330 2745 4382 ἐπὶ
2786 4332 3139 4401 καταστροφῇ
3170 4329 3280 4383 τῶν
3325 4328 3656 4395 ἀκουόντων,
3704 4346 3727 4381 ι

2147 4419 2481 4491 ἀπαγορεύει
2509 4419 2807 4493 διαρρήδην
2835 4422 2864 4474 ὁ
2894 4419 3040 4484 Θείος
3084 4420 3432 4485 Ἀπόστολος.

2774 4531 2972 4588 ΕΡΩΤ.
3018 4533 3094 4589 Ε’.

2152 4648 2223 4703 El
2254 4644 2335 4705 ἦν
2362 4647 2400 4703 13
2438 4645 2542 4717 γῆ,
2573 4645 2699 4720 πῶς
2727 4645 3004 4720 ἐγένετο]
3043 4648 3206 4720 ,λέγει
3247 4648 3360 4720 γὰρ
3397 4650 3432 4703 ὀ
3468 4663 3731 4719 συγγρα-

2579 4716 2805 4787 φεύς.ήι
2852 4718 2923 4774 Ἠ
2947 4719 3016 4773 δὲ
3042 4716 3301 4790 γῆήῆνίι

2233 4829 2468 4885 Ἦλίθιον
2505 4828 2646 4900 ἄγαν
2692 4829 2789 4884 καὶ
2816 4828 3046 4903 ἀνόητον
3080 4828 3192 4886 (εει
3227 4828 3287 4886 τὸ
3324 4830 3608 4904 ἐρώτημα.
3673 4829 3739 4885 '0

530 5051 559 5092 ¹ί
588 5048 753 5112 Hebr.
784 5069 819 5119 I,
856 5057 939 5111 Μ’.
1037 5055 1049 5094 ³
1090 5056 1194 5114 Job
1225 5073 1454 5123 xxxvut,
1490 5058 1545 5113 7.
1628 5069 1668 5102 ιη
1699 5055 1872 5114 lCor.
1910 5074 1985 5125 tv,
2025 5057 2044 5114 ξ

2155 5068 2181 5098 π
2219 5057 2267 5114 ιι
2301 5058 2454 5115 Tim..
2477 5074 2536 5126 tt,
2568 5057 2656 5115 14.

1942 5256 2177 5316 NOTAE.

542 5426 954 5501 (17)ιΜηδαμῆ.
990 5439 1159 5486 ueest.

568 5501 659 5570 18)
681 5500 818 5571 Cod.
847 5500 1147 5571 ἀμήχανον.

468 5570 469 5573 “
540 5570 564 5631 (
570 5571 660 5631 19)
685 5570 821 5627 Cod.
854 5570 1274 5631 προσίαλοῦνται.
1708 5603 1719 5611 α

568 5504 659 5570 18)
681 5504 818 5556 Cod.
847 5504 1147 5571 ἀμήχανον.

570 5571 638 5626 19
685 5570 821 5627 Cod.
854 5572 1274 5631 προῆαλοῦνται.
1708 5603 1719 5611 ~

689 5641 796 5719 P_r_o
816 5641 1031 5719 ἐποίουν
1066 5644 1407 5719 in_vcrsiou_e
1434 5645 1621 5704 Graeca
1664 5647 1817 5719 alias,
1848 5646 2048 5719 legitur

470 5711 818 5799 vel-tyevﬁon
846 5713 926 5769 vel
958 5716 1656 5799 Eyevﬁllqoav.~Ulrumque
1677 5718 1746 5772 ab
1776 5711 2046 5799 Hebraico

474 5791 629 5839 Extu
665 5783 921 5841 alienum.
956 5783 1061 5842 Pro
1090 5783 1288 5851 πάντες
1320 5787 1540 5857 ἄγγελοί
1567 5783 1695 5859 μου,
1714 5789 1855 5860 apud
1882 5787 2047 5863 Aqui-

2153 5434 2283 5516 tam-
2324 5443 2378 5490 et
2431 5432 2864 5489 Theodotionem
2920 5430 3126 5490 rectius
3184 5430 3386 5504 legitur
3442 5433 3560 5506 ἃμα
3625 5435 3733 5488 etot

2151 5504 2307 5561 Θεοῦ.

2220 5575 2332 5645 (21)
2365 5575 2614 5642 Πάντες.
2664 5574 2842 5630 Deest.

2242 5576 2332 5645 21)
2365 5575 2614 5642 Πάντες.
2664 5575 2842 5630 Deest.

2216 5575 2330 5717 ίὲἳ)
2356 5644 2537 5713 Εἰκὸς
2568 5676 2635 5688 -
2661 5646 2989 5712 ὑπέλαϐον,
3014 5645 3254 5716 almum.
3285 5644 3490 5703 Desunt
3513 5648 3567 5701 in
3598 5646 3721 5701 cod.

2145 5716 2343 5774 nostro
2371 5727 2425 5772 et
2453 5717 2595 5787 apud
2628 5716 2839 5772 Picum.

2214 5786 2326 5861 (‘23)
2351 5786 2567 5845 Cochet
2598 5787 2736 5845 l.’ic..
2770 5788 2863 5841 καὶ
2898 5786 3034 5854 ἄγαν
3067 5786 3339 5858 ἀνοήτων..
