4136 6418
487 358 558 420 8'1
1488 361 1981 423 THEODORETI
2035 362 2379 424 EPISCOPI
2433 360 2804 423 CYRENSIS
3696 361 3766 423 ’38

486 473 838 531 tenebrosum
890 474 1105 540 reddat,
1174 482 1459 529 externum
1514 476 1696 533 lumen
1752 480 2070 537 excludens.

2180 478 2379 544 ἔξωθεν
2426 479 2603 552 αὑγὴν
2647 479 2937 549 διακόψας.
2986 477 3125 550 Τρία
3175 477 3286 548 γὰρ
3321 476 3404 530 δεῖ
3445 474 3776 548 συνδραμεῖν

486 566 516 619 ’1
536 569 612 621 ria
638 566 783 622 enim
806 574 1140 623 concurrant
1174 567 1240 621 ad
1287 567 1387 637 ιι
1419 568 1668 623 umbram
1708 586 1932 628 necesse
1953 582 2072 629 est:

487 658 694 723 lumen,
730 672 951 729 corpus,
980 667 1028 713 et
1060 658 1213 715 locus
1259 659 1381 713 lucc
1412 673 1624 715 carens.
1676 659 1939 718 Tenebra:
1975 667 2079 719 ita-

484 765 613 820 que,
653 766 777 821 quae
809 759 938 806 sunt
975 751 1027 805 in
1064 750 1289 815 mundo,
1326 766 1431 805 uua
1474 766 1600 807 cum
1640 754 1829 808 umbra
1873 769 2067 826 corpo-

484 826 561 897 ris
597 842 838 898 caelestis
886 842 1236 898 exstiterunt.

1046 980 1327 1041 INTER“.
1374 980 1486 1035 Vll.

518 1090 581 1149 Si
611 1092 756 1149 Deus
805 1093 983 1148 lumen
1024 1092 1250 1158 creavit,
1302 1094 1562 1163 quomodo
1607 1093 1845 1148 tenebras
1898 1094 2038 1149 idem

733 1164 882 1233 fecit,
913 1179 1033 1217 cum
1064 1164 1173 1218 haec
1197 1164 1416 1217 invicem
1455 1163 1826 1219 adversentur?

558 1336 701 1395 Sunt
737 1338 957 1409 quidem
989 1338 1136 1394 inter
1179 1353 1239 1394 sc
1268 1340 1566 1403 contraria,
1601 1340 1696 1395 sed
1747 1342 2065 1399 hominibus

483 1429 648 1485 ambo
697 1429 1029 1485 necessaria.
1067 1429 1184 1485 Lux
1218 1431 1363 1486 enim
1402 1432 1685 1486 hominum
1724 1435 1981 1504 operibus
2021 1445 2076 1490 ct

484 1520 771 1577 laboribus
816 1520 1047 1588 confert,
1085 1531 1138 1578 et
1181 1538 1445 1594 apparere
1496 1522 1626 1579 facit
1665 1541 1728 1580 ea
1778 1542 1901 1596 quae
1938 1542 2073 1581 con-

484 1613 812 1683 spiciuntur,
846 1622 901 1669 et
932 1615 1089 1685 quasi
1129 1627 1401 1686 praeparat
1441 1632 1563 1681 nos,
1598 1626 1658 1672 ut
1698 1618 2076 1676 collaudemus

484 1706 681 1762 borum
734 1716 1036 1764 auctorem.
1073 1706 1338 1764 Tenebrae
1370 1724 1497 1765 vero
1536 1711 1823 1781 quiescere
1863 1710 2074 1767 faciunt

479 1806 535 1855 et
565 1808 832 1855 renovant
868 1799 1168 1866 hominem,
1202 1801 1386 1855 soluta
1422 1801 1769 1867 lassitudine,
1800 1819 1965 1873 quam
1998 1820 2065 1859 ex
2105 1837 2144 1892 Β

478 1891 667 1948 labore
699 1892 991 1949 contraxit.
1021 1891 1284 1948 Similiter
1309 1892 1563 1949 homines
1595 1894 1819 1949 domum
1840 1905 2066 1966 cogunt,

478 1983 668 2040 bestiis
718 1999 848 2039 vero
898 1984 1142 2054 praebent
1191 1984 1540 2041 securitatem
1596 1986 1800 2054 pabuli.
1856 1986 1921 2043 Et
1969 1988 2074 2045 hoc

478 2086 665 2147 aperte
691 2090 790 2131 nos
815 2076 972 2132 docet
995 2076 1215 2132 divinus
1251 2074 1419 2132 David
1451 2094 1464 2129 :
1513 2094 1533 2129 ι
1568 2075 1834 2143 Posuisti,
1870 2079 2068 2149 inquit,

478 2169 751 2231 tenebras,
782 2177 854 2223 “ct
901 2166 1041 2223 facta
1082 2176 1167 2223 est
1208 2184 1341 2222 nox.
1384 2166 1442 2222 In
1490 2168 1606 2239 ipsa
1661 2170 2074 2240 pertransibunt

477 2271 668 2313 omnes
705 2259 893 2314 bestia:
921 2260 1035 2331 agri
1063 2278 1076 2315 :
1123 2260 1293 2315 catuli
1323 2260 1543 2317 leonum
1576 2261 1851 2334 rugientes
1892 2271 1951 2317 ut
1983 2278 2072 2318 ra-

477 2351 649 2421 piant,
679 2361 733 2407 et
762 2360 1011 2423 quaram
1050 2367 1081 2406 a
1136 2352 1248 2407 Deo
1292 2366 1473 2408 escam
1522 2352 1650 2409 sibi.
1706 2352 1945 2410 Exortus
1980 2363 2065 2409 est

476 2443 579 2509 sol,
613 2453 667 2500 et
695 2442 1008 2514 congregati
1042 2450 1191 2510 sunt,
1240 2451 1295 2498 et
1339 2444 1394 2498 in
1425 2444 1700 2501 cubilibus
1747 2446 1865 2502 suis
1895 2444 2067 2500 collo-

476 2533 769 2590 cabuntur.
818 2533 1001 2590 Exibit
1050 2534 1215 2590 homo
1242 2534 1308 2589 ad
1346 2550 1485 2605 opus
1523 2550 1705 2599 suum,
1734 2545 1789 2591 et
1822 2536 1889 2591 ad
1923 2550 2059 2607 ope-

478 2627 745 2683 rationem
787 2642 943 2683 suam
985 2642 1159 2698 usque
1192 2628 1259 2683 ad
1303 2641 1585 2697 vesperam
1614 2628 1655 2680 ί.
1696 2646 1714 2680 ι
1758 2626 1826 2683 Ει
1863 2628 1946 2684 his
1992 2628 2065 2683 ita

476 2719 640 2776 dictis
703 2719 1007 2775 admiratur
1082 2718 1546 2790 magnificentiam
1604 2720 1906 2788 Creatoris,
1977 2722 2066 2777 in-

476 2812 670 2881 quiens
695 2828 708 2865 :
735 2830 755 2864 ι
776 2813 949 2880 Quam
968 2814 1310 2884 magnificata
1334 2822 1462 2871 sunt
1479 2828 1646 2886 opera
1664 2823 1776 2879 tua,
1804 2814 2030 2870 Domine
2050 2817 2064 2870 l

475 2901 669 2959 Omnia
727 2904 783 2958 in
850 2904 1119 2975 sapientia
1172 2904 1418 2961 fecisti“.
1460 2924 1479 2958 ι
1549 2903 1854 2963 Didicimus
1901 2907 2067 2977 igitur

476 3004 659 3065 aperte
720 2997 974 3053 tenebras
1058 3012 1182 3053 esse
1252 2999 1620 3054 necessarias.
1667 2998 1826 3066 Quod
1882 3008 2064 3055 autem

476 3104 584 3145 non
623 3087 735 3144 sint
763 3089 1087 3155 substantia,
1139 3089 1234 3146 sed
1270 3105 1358 3147 res
1386 3090 1636 3161 quaedam
1687 3092 2064 3155 accidentalis,

2178 572 2273 625 ἐπὶ
2301 572 2401 643 τῆς
2432 574 2611 636 σκιᾶς,
2638 572 2704 625 τὸ
2730 573 2869 641 φῶς,
2891 571 2954 625 τὸ
2982 571 3167 643 σῶμα,
3198 571 3292 624 τὸν
3317 568 3548 640 ἀλαμπῆ
3578 568 3765 624 τόπον.

2177 663 2253 716 Τὸ
2297 663 2484 719 τοίνυν
2516 665 2816 732 ὲγκόσμιον
2859 664 3051 728 σκότος
3094 665 3162 734 τῇ
3208 663 3339 734 σκιᾷ
3382 661 3478 716 τοῦ
3512 660 3766 733 οὐρανίου

2184 754 2436 827 σώματος
2473 756 2825 828 παρυπέστη.

2818 966 3016 1021 ΕΡΩΤ.
3056 968 3129 1020 Ζ’.

2176 1082 2243 1135 Et
2271 1081 2337 1134 τὸ
2368 1079 2494 1148 φῶς
2515 1082 2548 1150 ό
2575 1081 2720 1146 Θεὸς
2739 1077 3195 1150 ἐδημιούργησε,
3220 1079 3346 1145 πῶς
3362 1078 3545 1145 αὐτὸς
3564 1076 3680 1150 (27)
3699 1078 3764 1150 ea

2250 1152 2475 1276 Ξκότος
2519 1149 2846 1217 sucina-ar;
2904 1148 3151 1203 ἐναντία
3192 1150 3303 1221 τὰρ
3342 1150 3531 1205 ταῦτα
3573 1148 3761 1215 άλλη-

2293 1240 2405 1276 orc.

2293 1240 2405 1288 οις.

2260 1336 2511 1393 Ἐναντία
2542 1336 2640 1408 μὲν
2664 1336 2936 1407 ἀλλήλοις,
2963 1335 3081 1389 ἀλλ’
3106 1335 3379 1404 ἀναγκαῖα
3408 1339 3523 1400 τοῖς
3548 1333 3763 1408 ἀνθρὼ-

2178 1447 2300 1493 ποις
2329 1427 2633 1500 ἀμφότερα.
2682 1427 2756 1480 Τὸ
2788 1426 2887 1495 μὲν
2926 1426 3035 1497 γὰρ
3080 1427 3217 1497 πρὸς
3260 1426 3527 1497 ἐργασίαν
3562 1444 3623 1480 τε
3672 1428 3760 1482 καὶ

2178 1515 2496 1586 φιλοπονίαν
2522 1515 2778 1585 συνεργεῖ
2801 1517 2913 1578 τοῖς
2929 1512 3262 1587 ἀνθρώποις,
3290 1515 3386 1568 καὶ
3412 1516 3765 1570 ὑποδείκνυσι

2176 1604 2246 1659 τά
2274 1603 2550 1677 ὁρώμενα,
2583 1602 2790 1657 καὶτὸν
2827 1601 3035 1656 τούτων
3062 1604 3298 1676 ποιητὴν
3331 1603 3622 1675 ὑμνεῖσθαι
3657 1622 3761 1659 πα-

2178 1696 2531 1768 ρασκευάζει.
2564 1695 2637 1748 Τὸ
2665 1693 2722 1748 δὲ
2766 1693 3021 1749 διαπαύει
3063 1694 3177 1765 (Ξ8)
3219 1697 3317 1749 καὶ
3350 1701 3602 1769 νεουργεί
3640 1699 3763 1762 τοὺς

2176 1787 2497 1859 ἀνθρώπους
2524 1828 2539 1851 ,
2576 1787 2670 1840 καὶ
2709 1785 2799 1841 τὸν
2849 1790 2915 1841 ὲκ
2961 1787 3062 1857 τῆς
3095 1788 3360 1859 ἐργασίας
3410 1789 3764 1860 ἐγγινόμενον

2181 1880 2390 1936 διαλύει
2423 1880 2747 1964 πόνον..Κα“ι
2775 1881 2900 1944 τοὺς
2929 1878 3253 1951 ἀνθρώπους
3296 1882 3395 1953 μὲν
3420 1884 3603 1938 οἴκαδε
3639 1902 3763 1941 συν-

2182 1974 2425 2047 αγείρει,
2464 1976 2577 2037 τοῖς
2624 1973 2683 2026 δέ
2718 1990 2781 2044 γε
2816 1973 3027 2046 Θηρίοις
3081 1974 3266 2029 ἄδειαν
3302 1976 3536 2048 παρέχει
3570 1977 3762 2050 νομῆς.

2182 2068 2295 2123 Καὶ
2346 2066 2505 2125 τοῦτο
2559 2069 2747 2138 σαφῶς
2801 2070 2951 2139 ἡμᾶς
3007 2072 3035 2123 ὁ
3094 2070 3237 2135 θεῖος
3292 2070 3538 2126 διδάσκει
3578 2074 3761 2131 Δαϐίὸ.

2186 2181 2204 2214 ι
2250 2161 2414 2216 Ἕθου
2448 2163 2577 2232 γάρ,
2609 2163 2764 2233 φησὶ,
2796 2162 3007 2229 σκότος,
3036 2165 3129 2216 καὶ
3152 2164 3369 2233 ἐγένετο
3389 2167 3503 2231 νὺξ.
3532 2169 3591 2220 ὲν
3626 2168 3762 2242 αὑτῇ

2178 2253 2547 2309 διελεύσονται
2596 2256 2777 2309 πάντα
2824 2254 2894 2309 τὰ
2948 2254 3115 2327 θηρία
3152 2256 3247 2310 τοῦ
3288 2260 3480 2330 ἀγροῦ.
3523 2259 3762 2331 Σκύμνοι

2178 2347 2482 2419 ὠρυόμενοι
2512 2345 2607 2399 τοῦ
2638 2345 2908 2417 ἁρπάσαι.
2949 2349 3046 2401 καὶ
3072 2347 3307 2419 ζητῆσαι
3347 2351 3498 2422 παρά
3524 2350 3604 2422 τῷ
3644 2352 3765 2424 Θεῷ

2180 2438 2386 2510 βρῶσιν
2411 2439 2616 2502 αὑτοῖς.
2660 2438 2959 2492 Ἀνέτειλεν
2992 2442 3020 2493 ό
3051 2440 3225 2511 ἥλιος,
3257 2444 3353 2496 καὶ
3384 2444 3761 2514 συνήχθησαν,

2176 2530 2273 2585 καὶ
2322 2531 2403 2594 είς
2430 2531 2529 2595 τὰς
2566 2531 2805 2604 μάνδρας
2840 2531 3022 2586 αὑτῶν
3061 2534 3534 2605 κοιτασθήσονται.
3569 2552 3600 2588 ν
3640 2536 3762 2604 Ἐξ-

2176 2624 2458 2678 ελεὺσεται
2482 2623 2771 2694 ἄνθρωπος
2804 2626 2897 2679 ἐπὶ
2929 2625 2990 2679 τὸ
3014 2626 3174 2698 ἔργον
3203 2627 3391 2691 αὑτοῦ,
3420 2630 3515 2683 καὶ
3544 2630 3635 2682 ἐπὶ
3661 2632 3763 2701 τὴν

2176 2717 2442 2789 ἐργασίαν
2491 2716 2659 2771 αὑτοῦ
2704 2716 2808 2781 ἕως
2844 2717 3106 2789 ἑσπέρας.
3155 2718 3343 2783 Οὖτως
3375 2737 3549 2774 ταυτα
3589 2722 3764 2777 εἰπὼν

2175 2808 2274 2880 τὴν
2300 2808 2395 2862 τοῦ
2424 2807 2654 2877 ποιητοῦ
2685 2807 2958 2880 θαυμάζει
2983 2809 3415 2882 μεγαλουργίαν,
3450 2814 3544 2867 καί
3571 2832 3759 2885 φησιν,

2181 2921 2200 2955 ι
2252 2901 2340 2964 Ὠς
2388 2899 2737 2972 ὲμεγαλὺνθη
2790 2900 2859 2954 τά
2906 2901 3043 2972 ἔργα
3083 2919 3199 2966 σου,
3242 2902 3439 2976 Κύριε,
3488 2906 3663 2959 πάντα
3703 2908 3764 2960 ὲν

2176 2994 2341 3066 σοφίᾳ
2366 2993 2657 3063 ἐποίησας.
2688 3011 2707 3045 ι
2741 2994 2863 3047 Ὀτι
2897 2993 2995 3063 μὲν
3016 2990 3109 3048 οὖν
3136 2996 3437 3064 ἀναγκαῖον
3463 2999 3525 3051 τὸ
3547 3000 3758 3067 σκότος,

2174 3085 2422 3160 ἀκριϐῶς
2455 3086 2882 3157 μεμαθήκαμεν.
2922 3086 3046 3140 Ὀτι
3070 3087 3127 3142 δὲ
3157 3088 3256 3142 οὑκ
3281 3090 3439 3143 οὐσία
3467 3091 3552 3154 τίς
3584 3094 3757 3157 ἐστιν,

476 3177 638 3236 facile
702 3188 787 3236 est
851 3180 1195 3253 intelligere:
1253 3191 1381 3238 sunt
1433 3181 1581 3237 enim
1623 3183 1748 3239 οωιί
1800 3192 1856 3239 et
1911 3192 2068 3239 terra:

2177 3180 2312 3234 ἀλλά
2364 3181 2598 3250 πρᾶγμα
2652 3178 3044 3249 συμϐεϐηκὸς,
3105 3182 3451 3250 καταμαθεῖν
3506 3185 3758 3263 εὐπετές.

477 3271 846 3328 adumbratio.
914 3272 1281 3341 Quamobrem
1345 3278 1557 3330 oriente
1601 3275 1809 3332 lumine
1866 3292 2067 3331 evane-

478 3372 641 3420 scunt
674 3365 934 3421 tenebrae.
972 3367 1074 3437 12
1109 3365 1319 3422 Lumen
1358 3378 1539 3423 autem
1565 3367 1871 3423 substantia
1901 3376 1983 3424 est
2017 3375 2073 3421 et

478 3455 767 3512 subsistit:
798 3467 852 3512 et
878 3472 1004 3513 cum
1034 3458 1314 3525 occiderit,
1367 3473 1586 3513 rursum
1617 3458 1820 3514 oritur:
1856 3467 1911 3513 cl
1940 3474 2067 3513 cum

479 3547 692 3615 abierit,
765 3550 1074 3605 revertitur.
1149 3549 1625 3618 Quemadmodum
1675 3551 1821 3605 enim
1869 3566 2072 3620 corpus

481 3649 730 3697 nostrum
773 3650 857 3697 est
901 3643 1230 3710 substantia,
1286 3642 1481 3697 umbra
1528 3657 1681 3709 vero,
1718 3657 1882 3713 quam
1920 3641 2068 3707 facit,

479 3734 733 3790 accidens
760 3744 862 3801 est,
911 3749 1019 3789 non
1072 3736 1417 3791 substantia:
1461 3736 1537 3790 ita
1587 3734 1784 3791 caelum
1815 3744 1870 3790 et
1902 3744 2069 3797 terra,

479 3841 602 3896 quae
630 3826 867 3882 maxima
900 3835 1028 3883 sunt
1074 3842 1325 3898 corpora,
1379 3826 1699 3884 substantia:
1730 3835 1859 3883 sunt
1888 3828 2070 3882 diver-

480 3934 595 3973 sar:
642 3933 765 3988 qua:
797 3932 926 3973 vero
956 3919 1025 3975 ab
1068 3919 1154 3974 bis
1205 3926 1390 3974 manat
1436 3919 1655 3981 umbra,
1707 3918 1915 3972 lumine
1962 3933 2068 3970 non

480 4016 793 4078 apparente,
824 3996 1088 4064 vocantur
1119 4008 1375 4063 tenebrae.
1430 4007 1633 4062 Lumen
1667 4016 1847 4061 autem
1891 4022 2067 4061 emer-

480 4116 612 4173 gens
642 4100 895 4156 tenebras
941 4098 1106 4154 delct.
1141 4098 1256 4155 Hoc
1283 4109 1337 4155 et
1368 4099 1524 4154 aliter
1553 4113 1889 4168 cognoscere
1919 4098 2065 4153 licet.

482 4193 687 4249 Domus
730 4192 875 4248 enim
926 4190 1180 4246 fenestris
1222 4206 1416 4246 carens
1467 4189 1706 4245 tenebris
1756 4190 1911 4260 plena
1944 4200 2067 4245 est:

481 4283 692 4350 eadem,
746 4282 792 4339 si
838 4282 985 4337 illata
1017 4283 1227 4353 lampas
1260 4279 1442 4347 fuerit,
1486 4279 1813 4347 illustratur,
1848 4296 1954 4334 non
1988 4287 2067 4333 te-

482 4374 666 4431 nebris
712 4374 820 4431 alio
869 4374 1234 4446 migrantibus
1277 4374 1473 4445 (neque
1520 4371 1668 4427 enim
1722 4371 2063 4439 subsistunt,

481 4483 605 4524 cum
637 4466 958 4523 substantia:
988 4466 1096 4521 sint
1123 4470 1418 4536 expertes),
1451 4462 1549 4521 sed
1575 4463 1802 4519 luminis
1827 4463 2061 4519 adventu

2174 3269 2421 3342 Οὐρανοῦ
2476 3270 2585 3341 γάρ
2617 3271 2713 3323 καὶ
2759 3272 2863 3341 γῆς
2895 3272 3044 3324 ἐστιν
3093 3272 3455 3346 ἀποσκίασμα
3480 3293 3494 3309 ’
3546 3275 3635 3330 διά
3674 3294 3760 3330 τοι

2172 3363 2331 3417 τοῦτο
2362 3363 2591 3434 φροῦδον
2630 3366 2840 3432 γίνεται
2884 3362 2980 3417 τοῦ
3012 3364 3191 3433 φωτὸς
3228 3366 3566 3438 ἀνίσχοντος.
3599 3368 3674 3422 Τὸ
3703 3368 3759 3423 δὲ

2175 3454 2290 3523 φῶς
2315 3453 2473 3507 οὐσία
2501 3453 2620 3507 ἔστι
2646 3456 2743 3507 καὶ
2773 3454 3051 3526 ὑφέστηκε
3072 3473 3087 3489 ο
3122 3455 3216 3510 καὶ
3241 3456 3499 3528 δυόμενον
3524 3459 3756 3530 ἀνίσχει,

2174 3545 2270 3598 καὶ
2318 3546 2481 3599 ἀπιὸν
2531 3545 2914 3618 ἐπανέρχεται.
2975 3547 3185 3618 Ὠσπερ
3237 3549 3349 3620 γὰρ
3395 3550 3457 3603 τὸ
3503 3551 3664 3623 σῶμα
3698 3551 3758 3604 τὸ

2171 3640 2443 3713 ἡμέτερον
2472 3640 2628 3694 οὑσία
2652 3640 2737 3706 τίς
2768 3643 2942 3704 ἐστιν,
2975 3642 3007 3711 ή
3037 3642 3095 3695 δὲ
3127 3642 3216 3696 διά
3239 3642 3433 3697 τούτου
3461 3644 3758 3698 ἀποτελου-

2176 3734 2312 3805 μὲνη
2366 3731 2496 3786 σκιά
2550 3732 2900 3803 συμὸεσηκός
2956 3735 3124 3801 ἐστιν,
3159 3734 3261 3788 οὐκ
3296 3735 3487 3790 οὐσία·
3516 3735 3693 3801 οὕτως
3729 3740 3758 3792 ό

2172 3824 2401 3897 οὐρανὸς
2434 3825 2530 3879 καὶ
2565 3826 2598 3897 ἡ
2639 3825 2731 3894 γῆ,
2773 3825 2840 3879 τά
2874 3825 3105 3896 μέγιστα
3148 3827 3397 3896 σώματα,
3429 3827 3611 3881 οὑσίαι
3651 3829 3758 3881 εἰσὶ

2171 3919 2456 3990 διάφοροι·
2498 3920 2532 3989 ὴ
2582 3918 2640 3971 δὲ
2672 3920 2738 3971 ὲκ
2781 3917 2989 3972 τούτων
3032 3918 3444 3990 ἀποτελουμένη
3478 3919 3628 3986 σκιὰ,
3660 3919 3758 3974 τοῦ

2173 4009 2351 4081 φωτὸς
2390 4026 2439 4063 οι
2495 4007 2783 4080 παρόντος,
2814 4007 3141 4078 ὀνομάζεται
3177 4008 3369 4071 σκότος
3390 4025 3403 4039 ’
3433 4009 3675 4064 εἰσελθὸν
3699 4010 3759 4063 δὶ

2171 4102 2232 4156 τὸ
2267 4100 2382 4171 φῶς
2410 4100 2666 4171 ἀφανίζει
2701 4088 2775 4152 τό
2791 4100 3004 4164 σκότος.
3040 4100 3212 4154 Τοῦτο
3241 4101 3353 4173 (29)
3380 4100 3437 4155 δὲ
3478 4102 3635 4171 γνοίη
3673 4119 3757 4166 τις

2171 4194 2238 4248 ἂν
2282 4195 2376 4247 καὶ
2413 4192 2703 4264 ἑτέρωθεν.
2743 4186 2905 4256 Οἶκος
2933 4192 3043 4262 γὰρ
3079 4191 3180 4244 οὑκ
3215 4191 3355 4262 ἔχων
3384 4192 3757 4261 φωταγωγοὺς

2173 4286 2398 4349 σκότους
2426 4285 2575 4338 ὲστίν
2609 4283 2915 4347 ἀνάπλεως.
2953 4283 3419 4355 Εἰσκομισθείσης
3452 4284 3508 4337 δὲ
3542 4285 3758 4353 λαμπά-

2168 4380 2258 4444 δος
2292 4378 2586 4451 φωτίζεται
2612 4393 2626 4409 ο
2676 4378 2737 4431 οὑ
2783 4376 2878 4431 τοῦ
2911 4376 3139 4441 σκότους
3168 4377 3359 4431 ἄλλοσε
3404 4377 3747 4448 μεταϐαίνον-

2169 4490 2259 4537 τος
2279 4489 2292 4504 ο
2321 4471 2383 4524 οὑ
2408 4470 2515 4541 γάρ
2537 4467 2865 4537 ὑφέστηκεν,
2892 4469 3273 4522 ἀνυπόστατον
3293 4469 3349 4522 δὲ
3371 4468 3564 4540 χρῆμά
3584 4471 3756 4521 ἐστιν·

482 4559 856 4630 pereuntibus.
908 4557 1119 4629 Quippe
1184 4558 1377 4611 umbra
1428 4564 1578 4622 sunt,
1648 4572 1813 4626 quam
1865 4564 2065 4611 tectum

2176 4561 2313 4616 ἀλλά
2358 4562 2589 4631 πάμπαν
2617 4558 2965 4629 διολλυμένου
3013 4561 3077 4630 τῇ
3110 4558 3203 4612 τοῦ
3251 4559 3428 4626 φωτὸς
3456 4560 3757 4630 παρουσίᾳ.

481 4652 771 4724 solumque
812 4660 867 4709 et
890 4652 1125 4723 parietes
1143 4649 1399 4715 conflant,
1431 4649 1655 4706 luminis
1675 4650 1869 4705 deinde
1888 4651 2071 4719 splen-

482 4744 585 4801 dor
623 4743 892 4801 dissolvit.
925 4742 1081 4810 Quod
1113 4742 1290 4812 ipsum
1326 4741 1440 4797 fieri
1481 4740 1726 4812 quotidie
1769 4740 2070 4797 cernimus.

483 4839 619 4895 Nam
666 4837 956 4894 recedente
997 4835 1228 4899 lumine,
1260 4833 1384 4891 cmli
1415 4842 1469 4888 ct
1500 4842 1659 4888 terra:
1696 4832 1889 4887 umbra
1922 4839 2073 4887 tene-

484 4933 613 4989 bras
641 4930 895 5002 producit
924 4947 938 4984 :
988 4943 1111 4999 quae
1137 4928 1347 4982 oriente
1378 4926 1588 4981 lumine
1617 4940 1838 4981 rursum
1868 4925 2072 4981 dissol-

485 5031 707 5081 vuntur.
742 5022 857 5077 Non
888 5029 1011 5077 sunt
1043 5019 1207 5091 igitur
1230 5018 1464 5074 tenebrre
1490 5018 1795 5075 substantia
1820 5018 2070 5088 quaedam

486 5119 752 5180 iucreata,
782 5129 961 5186 neque
990 5113 1153 5169 etiam
1204 5112 1511 5168 substantia
1545 5120 1727 5167 creata
1756 5130 1771 5168 :
1806 5110 1902 5167 sed
1933 5125 2070 5167 usus

487 5209 709 5282 quidam
759 5205 1122 5271 necessarius,
1154 5206 1223 5260 ab
1254 5205 1340 5260 his
1368 5221 1489 5275 quae
1521 5204 1663 5263 facta
1693 5213 1822 5261 sunt
1869 5218 2065 5276 prove-

568 5391 586 5426 ι
626 5387 773 5443 Psal.
807 5401 924 5451 CIII,
956 5385 1127 5441 20-‘25
1243 5397 1269 5425 ιι
1303 5384 1440 5442 ibid.
1481 5384 1578 5441 24.

2170 4654 2307 4708 Σκιά
2338 4653 2447 4724 γάρ
2475 4652 2592 4705 ἔστι
2616 4650 2704 4703 διά
2731 4651 2830 4722 τῆς
2859 4650 3086 4722 ὀροφῆς,
3121 4653 3215 4703 καὶ
3245 4650 3339 4703 τοῦ
3376 4651 3629 4721 ἐδάφους,
3666 4652 3756 4706 καὶ

2168 4745 2279 4799 τῶν
2323 4744 2520 4815 τοίχων
2556 4741 2956 4812 συνισταμένη,
3003 4737 3125 4795 εἶτα
3151 4744 3272 4805 ταῖς
3313 4740 3406 4795 τοῦ
3440 4743 3617 4812 φωτὸς
3645 4742 3758 4795 δια-

2168 4838 2406 4909 λυομένη
2455 4837 2869 4907 μαρμαρυγαῖς.
2906 4833 3078 4887 Τοῦτο
3106 4834 3227 4887 καθ’
3272 4835 3511 4903 ἑκάστην
3539 4835 3757 4907 ἡμέραν

2168 4930 2387 5001 ὁρῶμεν
2416 4927 2858 4998 ἐπιτελούμενον.
2906 4924 3353 4996 ’Υποχωροῦντος
3383 4928 3493 4998 γὰρ
3522 4927 3616 4980 τοῦ
3645 4945 3745 4996 φωρ

2176 5022 2298 5086 τὸς,
2335 5017 2564 5092 οὐρανοῦ
2601 5017 2696 5071 καὶ
2740 5017 2839 5088 γῆς
2876 5020 2910 5086 ἡ
2954 5016 3086 5070 σκιά
3126 5017 3188 5069 τὺ
3225 5017 3417 5080 σκότος
3463 5018 3756 5071 ἀποτελεῖ·

2175 5112 2489 5183 ἀνίσχοντος
2508 5109 2565 5162 δὲ
2597 5109 2780 5175 πάλιν,
2812 5106 3085 5161 διαλύεται
3111 5106 3289 5163 τοῦτο.
3316 5109 3392 5161 Οὑ
3421 5108 3605 5162 τοίνυν
3626 5110 3749 5177 ἀγέ⁹

2176 5222 2334 5278 νητος
2365 5204 2525 5259 οὑσία
2548 5202 2608 5257 τὸ
2635 5202 2846 5267 σκότος,
2878 5199 3003 5256 οὑτε
3030 5194 3146 5273 ’μὴν
3168 5200 3374 5273 γενητή
3400 5218 3485 5265 τις
3518 5202 3750 5257 ὑπόστα.

2052 5534 2284 5593 NOTAE.

562 5726 673 5803 (9,7)
704 5728 840 5803 (Ξοίίο
877 5731 1046 5803 αὺτῷο

568 5800 681 5871 (28)
704 5800 836 5859 Cod.
866 5800 1209 5862 διαναπαύει.

3452 5640 3475 5669 ι

2248 5731 2362 5804 (‘29)
2395 5729 2567 5804 τοῦτο
2594 5730 2660 5784 δὲ
2693 5731 2863 5804 γνοίη
2898 5762 2966 5772 -
2994 5731 3447 5801 ἰκτρχιιφοῢντθς
3498 5727 3606 5797 γὰρ
3649 5729 3750 5783 to}

2069 5878 2073 5881 .
2180 5802 2395 5873 φωτός.
2426 5803 2649 5858 Desunt.
