4136 6416
337 384 400 445 8’3

1560 387 1846 458 ΟΗίΕΞΤ.
1882 385 1962 446 ΙΝ

2075 383 2261 445 ΞΝΕΞ.
2303 385 2460 444 CAP.
2504 385 2552 444 Ι.
3586 381 3660 445 90

347 507 423 554 σς
445 506 458 519 '
492 487 603 542 ἀλλ’
632 489 700 541 ὲκ
727 489 844 543 τῶν
871 496 1158 564 γενητῶν
1187 494 1551 565 συνισταμένη
1578 497 1776 566 χρῆσις
1800 497 1970 561 ἀναγ-

2077 492 2253 558 niens,
2303 499 2355 546 et
2399 489 2723 561 sapientiam
2773 489 2862 544 Dei
2929 487 3256 560 przedicans.
3324 488 3466 544 Ecce
3511 491 3654 542 enim

355 585 472 636 mia.
492 621 508 645 ,
533 583 631 636 καὶ
658 582 757 636 τοῦ
797 585 948 639 Θεοῦ
987 589 1098 658 τὴν
1135 588 1326 657 σοφίαν
1357 587 1722 658 κηρύττουσα.
1755 586 1966 638 Αὐτίκα

355 678 477 746 γοῦν
528 678 558 730 ὁ
598 678 900 747 προφήτης
950 679 1051 732 τὸν
1092 680 1207 734 τῶν
1253 679 1387 733 ὅλων
1418 679 1552 732 Θεὸν
1583 679 1678 731 καὶ
1714 677 1964 731 ἐντεῦθεν

357 769 538 840 ὑμνεῖ.
592 788 612 822 ι
668 769 730 821 '0
788 771 1040 841 ποιήσας
1094 773 1228 842 γὰρ,
1268 771 1421 840 φησὶ,
1473 769 1609 838 φῶς,
1658 770 1754 822 καὶ
1799 785 1966 821 κατα-

357 862 635 925 σκευάσας
666 861 892 925 σκότος.
934 882 954 915 ι
1003 861 1314 933 Ἀρμοδίως
1342 863 1400 916 δὲ
1440 863 1580 929 ἄγαν
1609 862 1847 928 ἑκάτερα
1881 859 1968 912 τέ-

357 951 538 1005 θεικεν
559 968 574 982 ·
603 951 668 1004 τὺ
699 953 805 1023 μὲν
845 955 1092 1026 ποιήσας
1130 956 1225 1008 ἐπὶ
1251 953 1346 1008 τοῦ
1379 953 1578 1022 φωτὸς,
1610 951 1670 1004 τὸ
1703 952 1759 1004 δὲ
1797 967 1968 1004 κατα-

366 1043 641 1107 σκευάσας
670 1044 772 1097 ἐπὶ
825 1045 926 1098 τοῦ
966 1047 1194 1110 σκότους
1219 1062 1234 1077 ·
1280 1043 1630 1116 συμϐεϐηκὸς
1669 1044 1779 1112 γάρ
1814 1043 1965 1106 ἐστι,
2014 1031 2018 1034 ’

375 1132 769 1202 συνιστάμενον
801 1134 902 1187 καὶ
939 1134 1313 1204 διαλυόμενον.
1352 1133 1464 1187 Καὶ
1496 1137 1546 1186 oi
1575 1135 1725 1203 τρεῖς
1761 1131 1874 1200 (30)
1913 1130 1968 1182 δὲ

378 1223 636 1292 μακάριοι
697 1226 904 1290 παῖδες
964 1228 1148 1280 πᾶσαν
1206 1226 1305 1294 τὴν
1353 1224 1532 1278 κτίσιν
1565 1225 1647 1288 είς
1691 1222 1968 1294 ὑμνῳδίαν

373 1315 728 1380 καλέσαντες,
752 1321 824 1390 τῇ
849 1319 1039 1389 ἡμέρᾳ
1063 1318 1163 1388 τὴν
1194 1319 1365 1372 νύκτα
1390 1315 1736 1381 συνέζευξαν,
1769 1317 1866 1369 καὶ
1892 1314 1970 1386 τῷ

370 1407 510 1474 φωτὶ
538 1407 603 1460 τὺ
630 1409 833 1472 σκότος
856 1413 1228 1481 συνήρμοσαν.
1248 1410 1374 1464 Ἐπὶ
1401 1410 1513 1482 (5|)
1536 1410 1594 1463 δὲ
1617 1411 1736 1474 ταῖς
1763 1409 1970 1463 τούτων

365 1501 666 1571 διαδοχαῖς,
698 1503 798 1555 καὶ
828 1505 858 1556 ὁ
886 1503 1078 1574 χρόνος
1112 1506 1416 1576 μετρεῖται.
1448 1505 1545 1558 καὶ
1575 1506 1604 1559 ὁ
1625 1504 1733 1560 τῶν
1766 1503 1972 1576 ἀνθρὼ-

365 1609 485 1646 πων
520 1595 854 1650 συνίσταται
886 1596 1021 1665 βίος.

1026 1711 1225 1766 ΕΡΩΤ.
1267 1713 1348 1767 H'.

363 1822 554 1879 Ποῖον
606 1823 856 1894 πνεῦμα
913 1824 1238 1894 ἐπεφέρετο
1302 1827 1504 1880 ἐπάνω
1555 1825 1663 1881 τοῦ
1715 1825 1971 1893 ὕδατος;
2007 1838 2048 1894 Β

433 1917 567 1970 Τισὶ
616 1917 775 1971 δοκεῖ
823 1919 890 1972 τὸ
937 1920 1208 1989 πανάγιον
1237 1921 1348 1990 (52)
1395 1919 1623 1992 Πνεῦμα
1669 1920 1973 1989 ζωογονοῦν

363 2009 476 2063 τῶν
509 2009 732 2066 ὑδάτων
764 2010 866 2082 τὴν
902 2011 1088 2080 φύσιν,
1138 2012 1234 2064 καὶ
1269 2012 1575 2083 διαγράφον
1608 2013 1707 2082 τὴν
1737 2011 1832 2066 τοῦ
1883 2013 1974 2083 βα-

364 2104 685 2173 πτίσματος
717 2103 910 2175 χάριν.
946 2103 1339 2175 Ἀληθέστερον
1371 2105 1555 2175 μέντοι
1587 2106 1794 2158 ἐκεῖνον
1821 2102 1973 2176 οἶμαι

363 2197 455 2248 τὸν
485 2195 676 2264 λόγον,
729 2197 816 2248 δτι
846 2195 912 2247 τὸ
943 2195 1169 2265 πνεῦμα
1214 2196 1451 2250 ἐνταῦθα
1499 2197 1588 2250 τὸν
1624 2197 1762 2266 ἀέρα
1796 2197 1970 2252 καλεῖ.

363 2286 556 2339 Εἰπὼν
578 2285 716 2355 γὰρ,
745 2286 832 2339 ὅτι
853 2287 949 2339 τὸν
975 2287 1202 2358 οὐρανὸν
1231 2290 1326 2342 καὶ
1347 2289 1445 2358 τὴν
1473 2291 1576 2358 γῆν
1605 2289 1852 2357 ἐποίησε,
1881 2289 1975 2342 καὶ

362 2377 474 2430 τῶν
505 2377 728 2430 ὑδάτων
759 2376 850 2430 διὰ
903 2379 1006 2446 τῆς
1044 2379 1286 2433 ἀϐύσσου
1335 2381 1619 2450 μνησθεὶς,
1659 2382 1974 2450 ἀναγκαίως

363 2468 463 2522 καὶ
506 2468 607 2521 τοῦ
667 2469 841 2539 ἀέρος
890 2469 1166 2542 ἐμνήσθη,
1217 2472 1283 2524 ὲκ
1328 2471 1430 2542 τῆς
1478 2471 1573 2524 τοῦ
1625 2471 1816 2534 ὓδατος
1853 2473 1976 2525 ὲπι-

367 2560 604 2628 φανείας
657 2561 826 2630 μέχρι
867 2562 964 2614 τοῦ
1006 2562 1241 2633 οὐρανοῦ
1285 2564 1590 2634 διήκοντος.
1636 2565 1827 2633 Ἀέρος
1866 2566 1974 2636 γὰρ

368 2651 559 2719 φύσις,
592 2653 659 2706 τὸ
687 2656 804 2716 τοῖς
834 2653 992 2707 κάτω
1023 2655 1304 2724 κειμένοις
1333 2657 1694 2726 ἐπιφέρεσθαι
1735 2655 1972 2726 σώμασι.

373 2743 546 2796 Μαλα
571 2745 631 2796 δὲ
657 2745 938 2815 ἁρμοδίως
967 2745 1032 2798 τὸ
1060 2745 1402 2816 ἐπεφέρετο,
1450 2748 1547 2804 καὶ
1577 2749 1678 2802 οὐκ
1709 2749 1820 2818 (55)
1868 2750 1975 2803 ἐπ-

389 2831 586 2886 έκειτο
608 2835 790 2904 εῐρτριε
808 2854 822 2868 ·
850 2837 916 2889 τὸ
947 2837 1061 2907 γὰρ
1084 2837 1406 2908 ἐπεφέρετο
1434 2840 1532 2912 τὴν
1561 2842 1850 2913 κινητικὴν
1881 2842 1975 2896 τοῦ

398 2924 567 2996 ἀέρος
589 2927 774 2980 οὐσίαν
806 2929 1142 3000 παρεδήλου.
1197 2932 1259 2984 Εἰ
1288 2931 1344 2984 δέ
1376 2950 1460 2996 τις
1493 2935 1684 2988 τοῦτον
1711 2936 1773 2988 ού
1809 2954 1978 3006 προσ-

401 3016 541 3070 ίεται
571 3016 663 3069 τὸν
689 3017 856 3086 λόγον,
895 3019 1096 3090 ἐπειδὴ
1125 3020 1436 3091 ’τέτραπται
1463 3037 1477 3050 ⁸
1533 3041 1550 3075 ι
1577 3025 1805 3094 Πνεῦμα
1838 3024 1976 3079 Θεοῦ

389 3110 685 3182 ἐπεφέρετο
710 3111 900 3165 ἐπάνω
933 3111 1028 3165 τοῦ
1059 3111 1277 3177 ὕδατος,
1314 3132 1332 3164 ι
1387 3114 1634 3170 ἀκουέτω
1664 3116 1758 3170 τοῦ
1794 3135 1975 3188 μακα-

377 3202 499 3268 ρίου
550 3203 720 3256 Δαϐὶδ
769 3205 1031 3274 λέγοντος
1097 3207 1230 3277 περὶ
1285 3208 1381 3261 τοῦ
1447 3208 1583 3262 Θεοῦ
1640 3209 1750 3263 τῶν
1797 3210 1974 3265 ὄλων’

379 3310 396 3341 ι
429 3291 663 3346 Πνεύσει
699 3293 764 3346 τὺ
789 3293 1020 3364 πνεῦμα
1048 3296 1236 3363 αὐτοῦ,
1289 3297 1382 3352 καὶ
1425 3299 1688 3369 ῥυήσεται
1721 3300 1908 3357 ὕδατα.
1953 3322 1972 3355 ι

373 3381 497 3435 Ὀτι
545 3383 605 3436 δὲ
637 3383 734 3436 τὸν
775 3384 986 3456 ἄνεμον
1025 3385 1201 3450 οὕτως
1238 3389 1490 3455 ἐκάλεσε,
1535 3391 1696 3464 δῆλόν
1728 3395 1846 3448 ἐστι
1875 3395 1978 3450 κᾶν

373 3472 450 3543 μὴ
477 3473 660 3541 λέγω·
704 3473 890 3546 Εὗρον
928 3476 1040 3548 γὰρ
1068 3477 1102 3549 ἢ
1130 3478 1305 3532 Νότου
1339 3480 1613 3550 πνέοντος,
1639 3484 1700 3539 τὸ
1727 3486 1978 3558 πεπηγὸς

373 3564 520 3638 ὕδωρ
547 3565 875 3622 διαλύεσθαι
909 3568 1178 3640 πέφυκεν.
1211 3590 1216 3596 ·

1037 3663 1234 3718 ΕΡΩΤ.
1273 3665 1352 3720 Θ¹.

376 3772 499 3827 Τινι
517 3774 688 3841 λέγει
717 3777 751 3829 ό
783 3777 973 3853 Θεός]
1015 3797 1035 3828 ι
1057 3778 1381 3853 Γενηθήτω
1406 3780 1552 3850 φῶς,
1581 3800 1599 3832 ι
1626 3781 1778 3849 zeal,»
1803 3799 1980 3853 γενη-

877 3844 1039 3912 θήτω
1099 3844 1456 3920 στερέωμα’;
1486 3871 1504 3902 ι

440 3936 562 3990 Οὐκ
591 3936 746 4008 ἄλλῳ
785 3940 895 3992 τινὶ
948 3938 1163 3993 κελεύει
1195 3941 1574 4012 δημιουργεῖν,
1623 3942 1761 3997 ἀλλά
1795 3943 1863 3998 τὰ
1903 3944 1978 4016 μὴ

365 4028 501 4080 ὄντα
555 4029 765 4081 καλεῐο
817 4029 1058 4084 ἐνταῦθα
1109 4031 1166 4085 δὲ
1215 4033 1547 4103 πρόσταγμα
1594 4035 1656 4087 τὸ
1706 4035 1974 4106 βούλημα.

370 4141 390 4172 ι
420 4121 617 4175 Πάντα
642 4122 777 4193 γὰρ,
800 4124 990 4194 φησιν,
1022 4124 1124 4178 ὅσα
1143 4124 1428 4196 ἠθέλησεν,
1453 4125 1481 4177 ὁ
1503 4125 1635 4188 Θεὸς
1657 4126 1933 4198 ἐποίησεν.
1954 4146 1973 4179 ι

369 4213 434 4266 Εἰ
465 4213 525 4266 δὲ
561 4214 665 4267 καὶ
700 4218 856 4286 φωνῇ
896 4233 1005 4269 τινι
1050 4217 1405 4288 ἐχρήσατοη,
1447 4217 1608 4287 δῆλον
1642 4218 1717 4282 ὡς
1758 4219 1818 4271 οὐ
1865 4219 1977 4272 τῶν

364 4305 603 4376 ἀψύχων
635 4305 809 4360 ἕνεκα
853 4308 1157 4378 στοιχείων,
1205 4310 1344 4363 ἀλλά
1384 4310 1494 4365 τῶν
1528 4311 1774 4382 ἀοράτων
1816 4311 1978 4383 χάριν

366 4397 700 4468 δυνάμεων
754 4398 844 4452 ἵνα
872 4401 1098 4469 γνῶσιν,
1131 4402 1206 4465 ὡς
1242 4402 1408 4456 αὐτοῦ
1452 4403 1767 4468 κελεύοντος
1795 4405 1864 4458 τὰ
1903 4405 1979 4476 μὴ

364 4488 504 4544 ὂντα.
533 4489 888 4545 συνίσταται.

1033 4695 1230 4749 ΕΡΩΤ.
1273 4698 1330 4749 I'.

363 4783 538 4840 Διατι
580 4784 857 4839 τέθεικεν
884 4787 916 4840 ὀ
957 4788 1345 4911 ςιιγγραὲεὺς
1372 4788 1442 4841 τὸ
1489 4806 1508 4840 ι
1555 4785 1732 4843 Εῒδεν
1757 4791 1791 4843 ὁ
1830 4790 1976 4857 Θεὸς

977 4875 1063 4910 οτι
1095 4876 1174 4911 κα
1255 4874 1332 4911 r:
1373 4879 1391 4911 ›

977 4875 1063 4910 οτι
1095 4874 1292 4912 mmor
1311 4874 1332 4922 ;
1373 4879 1391 4912 ›

435 4947 561 5001 Ἵνα
615 4947 790 5021 πείσῃ
839 4951 968 5012 τοὺς
1021 4950 1352 5021 ἀχαρίστους
1408 4950 1482 5022 μὴ
1520 4950 1710 5022 ψέγειν
1756 4951 1901 5024 ἅπερ
1941 4953 1974 5025 ἡ

375 5037 487 5095 θεία
515 5041 714 5111 ψῆφος
747 5042 1006 5112 ὀνομάζει
1040 5041 1202 5096 καλὰ.

459 5225 493 5256 ν
533 5217 645 5273 Isa.
680 5235 805 5283 ην,
842 5217 892 5272 7.
999 5227 1026 5255 ι
1061 5221 1198 5278 Gen.
1229 5237 1269 5288 ι,
1298 5221 1353 5276 2.
1431 5230 1458 5271 γ
1485 5222 1630 5279 Psal.
1662 5237 1864 5288 chvn,
1902 5222 1956 5277 7.

2069 585 2329 654 propheta
2377 583 2545 638 Deum
2601 583 2982 637 universorum
3019 583 3182 636 etiam
3215 583 3283 636 ab
3317 583 3400 637 his
3434 583 3652 636 laudat:

2074 695 2094 728 ι
2130 677 2232 742 Qui
2284 676 2442 742 facio,
2489 675 2584 740 ait,
2628 675 2833 740 lumen,
2866 684 2918 729 et
2963 689 3209 744 praeparo
3261 676 3515 728 tenebras
3543 683 3593 727 ν.
3637 694 3655 725 ο

2067 769 2366 838 Aptissime
2394 779 2572 823 autem
2607 777 2898 837 utrumque
2931 769 3132 837 posuit,
3167 767 3397 820 faciendi
3433 767 3657 820 verbum

2070 862 2334 931 adaptans
2364 861 2580 926 lumini,
2613 870 2667 916 et
2694 859 2933 913 dietione
2984 860 3322 930 praeparandi
3359 868 3518 913 utens
3549 860 3643 911 cir-

2071 967 2132 1006 ca
2164 951 2437 1008 tenebras.
2473 951 2612 1006 Sunt
2639 951 2782 1006 enim
2815 951 3070 1006 accidens
3101 951 3399 1021 quoddam,
3433 952 3575 1020 quod
3607 959 3654 1002 et

2070 1044 2318 1100 consistit
2344 1051 2399 1099 et
2427 1043 2765 1098 dissolvitur.
2798 1041 3034 1096 Proinde
3066 1052 3175 1096 tres
3223 1042 3363 1096 beati
3397 1042 3471 1095 illi
3505 1043 3657 1110 pueri

2070 1149 2380 1192 creaturam
2438 1150 2654 1191 omnem
2697 1141 3057 1204 provocantes
3087 1133 3153 1188 ad
3186 1133 3373 1189 laudes
3423 1134 3658 1197 divinas,

2070 1227 2178 1283 diei
2209 1237 2420 1282 noctem
2451 1227 2877 1305 conjunxerunt,
2907 1234 2961 1280 et
2989 1225 3183 1280 lumini
3216 1227 3470 1282 tenebras
3495 1227 3651 1281 addi-

2071 1321 2290 1376 derunt.
2344 1320 2479 1376 Nam
2547 1322 2745 1376 horum
2796 1320 3238 1376 successionibus
3292 1321 3394 1391 13
3449 1329 3659 1392 tempus

2072 1421 2443 1481 mensuratur,
2486 1421 2539 1469 et
2578 1411 2861 1467 hominum
2893 1414 3002 1466 vita
3030 1410 3300 1466 subsistit.

2641 1697 2923 1754 INTERR.
2952 1697 3094 1756 Vlll.

2185 1811 2501 1879 Qualisnam
2556 1813 2778 1881 spiritus
2826 1813 3096 1882 ferebatur
3128 1829 3289 1884 super
3324 1814 3556 1884 aquam!

2143 1905 2483 1972 Quibusdam
2518 1906 2730 1960 videtur
2755 1905 2927 1961 fuisse
2969 1906 3210 1976 Spiritus
3265 1916 3510 1972 sanctus,
3567 1907 3659 1977 qui

2074 1998 2384 2055 viviﬁcabat
2419 2009 2475 2055 et
2511 1999 2840 2054 fecundabat
2881 2015 3146 2070 aquarum
3180 2008 3459 2064 naturam,
3514 1999 3658 2056 desi-

2077 2105 2248 2157 gnans
2288 2091 2524 2160 quodam
2563 2091 2728 2144 modo
2761 2091 2994 2160 gratiam
3030 2090 3308 2160 baptismi.
3341 2089 3534 2146 Verius
3571 2107 3664 2145 au-

2078 2190 2181 2234 tem
2211 2184 2536 2250 putaverim,
2581 2183 2726 2251 quod
2787 2181 2876 2236 hic
2933 2197 3116 2236 aerem
3170 2191 3329 2236 vocet
3389 2183 3660 2252 spiritum.

2078 2271 2211 2324 Nam
2239 2288 2362 2325 cum
2397 2272 2624 2326 dixisset
2658 2272 2827 2326 Deum
2880 2287 3099 2326 creasse
3129 2273 3326 2327 caelum
3352 2282 3405 2326 et
3435 2281 3660 2338 terram,

2076 2373 2128 2416 et
2153 2377 2419 2431 aquarum
2465 2361 2810 2416 meminisset
2844 2362 2946 2416 sub
2975 2361 3197 2416 nomine
3226 2361 3430 2433 abyssi,
3476 2377 3654 2416 neces-

2078 2455 2224 2509 sario
2257 2465 2312 2509 et
2354 2454 2500 2508 aeris
2532 2456 2865 2508 mentionem
2904 2452 3052 2518 fecit,
3087 2467 3115 2506 a
3159 2453 3452 2522 superﬁcie
3508 2468 3663 2521 aqum

2077 2546 2143 2600 ad
2185 2546 2386 2600 coelum
2427 2561 2605 2614 usque
2637 2545 3006 2614 permeantis.
3051 2529 3206 2599 Aeris
3260 2545 3405 2598 enim
3469 2551 3657 2601 natura

2077 2646 2180 2699 est,
2236 2646 2296 2690 ut
2328 2637 2474 2691 circa
2515 2633 2774 2689 inferiora
2821 2651 3052 2704 corpora
3088 2634 3295 2689 feratur
3324 2645 3378 2690 et
3407 2636 3662 2706 agitetur.

2077 2727 2374 2798 Aptissime
2396 2735 2579 2781 autem
2611 2742 2720 2780 non
2747 2726 2883 2779 dixit
2911 2725 3270 2791 incumbebat,
3322 2727 3414 2782 sed
3455 2726 3664 2795 fereba-

2082 2829 2187 2882 tur,
2231 2817 2359 2887 quia
2401 2816 2628 2870 verbum
2658 2815 2802 2869 istud
2831 2813 3101 2884 ferebatur
3128 2815 3490 2870 substantiam
3523 2817 3666 2871 aeris

2080 2911 2336 2965 mobilem
2394 2907 2618 2963 indicat.
2664 2908 2818 2974 Quod
2854 2909 2897 2962 si
2929 2908 3054 2978 quis
3096 2908 3225 2962 huic
3266 2909 3498 2961 orationi
3556 2924 3665 2961 non

2081 3001 2405 3065 assentitur,
2438 3008 2726 3069 proluerea
2762 2997 2909 3068 quod
2958 2998 3221 3066 scriptum
3262 3005 3384 3052 est:
3431 3017 3449 3048 ι
3493 2996 3653 3066 Spiri-

2081 3103 2168 3148 tus
2201 3092 2292 3146 Dei
2332 3092 2605 3148 ferebatur
2635 3107 2799 3161 super
2826 3106 3025 3160 aquam
3067 3103 3115 3156 κ,
3162 3109 3180 3141 ι
3222 3090 3410 3145 audiat
3443 3091 3662 3144 beatum

2004 3173 2047 3232 C
2081 3184 2248 3239 David
2306 3184 2573 3238 dicentem
2605 3183 2672 3238 de
2714 3182 2829 3236 Deo
2851 3182 3094 3236 omnium
3124 3181 3442 3236 conditore:
3491 3199 3509 3232 ι
3545 3181 3660 3236 Fla-
3748 3196 3759 3208 ·

2083 3276 2160 3330 bit
2193 3274 2420 3345 spiritus
2457 3273 2598 3340 eius,
2659 3282 2714 3328 et
2767 3273 2936 3328 ﬂuent
2987 3287 3141 3342 aqua:
3171 3280 3220 3326 1.
3257 3290 3276 3324 ι
3323 3270 3478 3338 Quod
3539 3286 3670 3326 vero

2081 3378 2301 3424 ventum
2339 3368 2412 3422 ita
2435 3368 2734 3434 vocaverit,
2765 3367 2932 3421 etiam
2966 3382 3054 3420 me
3081 3374 3292 3420 tacente
3316 3364 3668 3419 manifestum

2080 3472 2185 3520 est.
2223 3461 2504 3532 Siquidem
2541 3459 2688 3516 Euro
2721 3458 2969 3515 autNoto
2999 3457 3186 3525 Dante,
3215 3473 3357 3529 aqua
3388 3457 3669 3529 congelata

2081 3557 2305 3613 dissolvi
2336 3555 2474 3611 solet
2499 3563 2552 3610 et
2575 3554 2857 3624 liqueﬁeri.

2692 3658 2970 3716 INTER“.
3002 3658 3096 3714 IX.

2081 3779 2310 3835 Cuinam
2347 3777 2486 3831 dixit
2515 3775 2656 3831 Deus
2680 3791 2699 3828 :
2732 3794 2750 3827 ι
2784 3773 2908 3828 Fiat
2948 3774 3060 3841 lux,
3095 3793 3112 3826 ›
3146 3783 3197 3829 et
3255 3791 3274 3826 ι
3310 3771 3436 3826 Fiat
3489 3773 3661 3840 ﬁrma-

2674 3857 2908 3900 mentum
2932 3845 2957 3898 ?
3004 3863 3022 3894 ι

2153 3940 2274 3996 Non
2315 3940 2571 4011 praecepit
2619 3937 2764 3993 Deus
2818 3937 2974 3991 alteri
3023 3936 3240 3990 cuidam
3288 3951 3517 3992 creare:
3574 3936 3668 3992 sed

2083 4049 2207 4104 quae
2233 4048 2340 4088 non
2390 4041 2519 4087 sunt
2548 4040 2728 4092 vocat,
2766 4029 2840 4083 ita
2874 4036 2934 4083 ut
2965 4028 3055 4083 hic
3094 4035 3425 4098 praeceptum
3453 4029 3526 4084 sit
3553 4028 3670 4096 ipsa

2085 4124 2360 4179 voluntas.
2411 4141 2429 4173 ι
2465 4120 2662 4176 Omnia
2688 4119 2859 4184 enim,
2920 4118 3018 4184 ait,
3073 4132 3416 4187 quaecunque
3474 4117 3665 4184 voluit,

2085 4215 2226 4270 Deus
2247 4213 2374 4270 fecit
2406 4223 2451 4267 ι.
2489 4233 2505 4263 ι
2534 4213 2686 4278 Quod
2718 4212 2762 4267 si
2798 4211 3036 4265 creando
3069 4224 3201 4264 voce
3262 4209 3496 4278 quadam
3538 4224 3671 4264 usus

2083 4315 2185 4372 cst,
2237 4316 2448 4361 certum
2481 4313 2584 4369 est,
2615 4304 2718 4358 hoc
2753 4318 2860 4357 non
2890 4303 3289 4357 elementorum
3329 4299 3663 4354 inanimato-

2083 4415 2205 4454 rum
2242 4397 2347 4470 14
2378 4413 2568 4459 causa,
2608 4395 2701 4451 sed
2749 4395 3107 4450 invisibilium
3165 4394 3428 4448 virtutum
3495 4392 3669 4463 gratia

2005 4513 2053 4568 ι)
2083 4491 2284 4546 factum
2323 4505 2445 4545 esse
2473 4508 2486 4542 :
2522 4497 2580 4541 ut
2610 4489 2786 4543 sciant
2816 4488 2989 4558 quod,
3027 4489 3144 4556 ipso
3168 4485 3418 4556 jubeute,
3461 4500 3524 4540 ea
3549 4501 3672 4555 qua:

2083 4601 2193 4640 non
2223 4593 2348 4638 sunt
2378 4582 2703 4638 subsistunt.

2679 4693 2957 4748 INTERR.
2991 4692 3057 4748 Χ.

2083 4786 2438 4856 Quamobrem
2464 4787 2775 4856 auctor/ioc
2805 4785 3036 4846 addidit.
3072 4804 3091 4837 ‹
3131 4785 3195 4839 Et
3213 4785 3337 4839 vidit
3377 4782 3516 4838 Deus
3536 4783 3673 4854 quod

2654 4854 2848 4909 bonum
2878 4867 2992 4913 erat
3017 4857 3042 4910 Ρ
3083 4875 3101 4906 ι

2153 4949 2225 5006 Ut
2289 4949 2608 5020 persuadeat
2633 4949 2882 5018 ingratis,
2932 4964 3042 5004 non
3077 4949 3342 5006 damnare
3385 4963 3505 5019 qua:
3533 4961 3672 5002 sen-

2086 5043 2255 5099 tentia
2278 5043 2465 5098 divina
2487 5050 2648 5097 vocat
2676 5043 2841 5098 bona.

2036 5231 2059 5260 ε
2091 5221 2234 5278 Psal.
2256 5237 2389 5278 cxiii
2441 5224 2462 5278 l
2479 5224 2528 5278 1.

1284 5378 1521 5434 ἺΑΒΙίΕ
1547 5377 1932 5435 LECTIONES
1966 5378 2059 5435 EX
2099 5378 2378 5435 CATENA
2418 5377 2776 5436 LIPSIENSI.

446 5517 495 5551 “
536 5515 662 5572 Cat.
704 5531 759 5568 n.
804 5514 887 5569 18.
926 5512 1290 5584 δημιουργῶν
1323 5513 1616 5584 ἐχρήσατο.

1963 5616 2200 5673 NOTAE.

451 5746 569 5812 ('50)
595 5744 733 5796 Cod.
772 5747 818 5796 oi
853 5743 1251 5814 τρισμακάριοι
1284 5740 1359 5793 δέ.

458 5811 573 5882 (3i)
606 5817 744 5870 Cod.
779 5811 967 5884 ἐπειδὴ
993 5811 1104 5881 γὰρ
1130 5815 1248 5874 ταῖς
1284 5811 1507 5866 τούτων.

2146 5731 2260 5801 (5‘2)
2289 5730 2422 5788 Cod.
2457 5733 2634 5802 ἅγιον.

2161 5803 2271 5874 (55)
2303 5803 2408 5859 Καὶ
2441 5807 2550 5860 οὐκ
2577 5838 2637 5849 «-
2667 5804 2985 5875 ἐπεφέρετο
3023 5803 3240 5862 desunt.
