4136 6484
474 338 542 403 9i
590 370 595 373 -
1478 336 1972 402 THEODORETI
2007 336 2346 401 EPISCOPI
2375 337 2745 411 CYRENSIS
3667 330 3739 397 ει

1044 447 1324 506 INTERR.
1372 450 1464 507 XI.

830 560 995 619 Estne
1022 579 1186 618 unum
1212 563 1422 634 caelum,
1451 583 1523 624 an
1546 566 1653 623 duo
1676 571 1703 623 .9

545 653 686 712 Cum
727 655 1011 727 Scriptura
1033 658 1219 718 divina
1264 659 1479 727 doceat,
1506 660 1559 717 in
1593 663 1864 735 principio
1889 664 2058 723 Deum

476 762 696 803 creasse
722 748 921 804 caelum
947 758 1001 803 et
1030 758 1252 818 terram,
1285 751 1480 809 deinde
1511 763 1635 822 post
1662 754 1800 812 lucis
1832 759 2062 814 creatio-

478 853 605 892 nem
658 838 897 893 secunda
952 839 1041 895 dic
1070 840 1217 895 dicat
1244 840 1647 898 ﬁrmamentum
1681 842 1881 901 factum
1915 860 2059 913 esse,

477 929 717 985 inscitia:
771 931 929 1002 plena
990 932 1207 987 videtur
1255 947 1375 988 esse
1428 933 1742 1007 huiusmodi
1805 938 2060 1008 quaestio.

480 1018 784 1089 Oportebat
815 1022 963 1077 enim
988 1036 1054 1077 ex
1087 1023 1354 1093 temporis
1386 1027 1621 1095 ratione,
1656 1035 1718 1082 et
1754 1026 1876 1098 ipso
1907 1044 2065 1087 crea-

2084 457 2131 513 Δ

2783 448 2977 529 spor.
3017 447 3123 505 IA'.

2535 559 2642 631 Εἷς
2664 563 2941 635 οὐρανὸς,
2972 561 3011 632 ἣ
3045 561 3155 617 δύο
3179 558 3380 621 είσίν;

2238 658 2351 730 Τῆς
2408 656 2561 720 θείας
2622 654 2982 726 διδασκούσης
3032 652 3292 726 Γραφῆς,
3348 648 3425 712 ὡς
3484 648 3544 701 ἒν
3596 644 3739 717 ἀρχῇ

2160 749 2418 820 ἐποίησεν
2443 750 2473 802 6
2495 750 2629 815 Θεὸς
2654 749 2744 802 τὸν
2770 748 3017 821 οὐρανὸν,
3050 746 3145 801 καὶ
3168 744 3269 815 τὴν
3293 740 3421 812 γῆν,
3454 734 3571 793 εἶτα
3603 737 3743 808 μετὰ

2161 844 2262 914 τὴν
2285 840 2381 895 τοῦ
2413 841 2589 911 φωτὸς
2619 839 2981 912 δημιουργίαν
3022 840 3080 892 ἐν
3112 840 3180 908 τῇ
3209 834 3441 905 δευτέρᾳ
3472 829 3745 901 λεγούσης

2164 933 2349 1006 ἡμέρᾳ
2380 933 2441 987 τὸ
2473 932 2759 1004 στερέωμα
2793 929 3146 1001 γεγενῆσθαι,
3177 927 3383 998 πολλὴν
3412 927 3445 997 ἠ
3476 923 3747 996 ἐρώτησις

2164 1027 2273 1082 τῶν
2313 1024 2733 1095 πυνθανομένων
2768 1023 3025 1094 ἐμφαίνει
3061 1022 3161 1093 τὴν
3197 1020 3404 1075 ἄνοιαν.
3444 1015 3593 1075 Ἔδει
3637 1015 3747 1086 γὰρ

481 1113 650 1170 tionis
679 1113 864 1176 modo.
896 1114 1159 1173 C(Blorum
1192 1115 1569 1172 diversitatem
1598 1132 1781 1186 nosse,
1817 1129 1870 1176 et
1893 1136 2064 1178 unum

2183 1121 2262 1175 ιαὶ
2293 1122 2358 1174 ὲκ
2388 1119 2484 1174 τοῦ
2514 1118 2732 1191 καιροῦ,
2758 1118 2855 1172 καὶ
2883 1118 3065 1189 μέντοι
3097 1116 3190 1171 καὶ
3214 1112 3399 1179 ὲκτοΰ
3422 1111 3625 1208 τρόποις
3646 1107 3748 1208 τῆς

477 1206 601 1261 luce
638 1207 813 1278 prius,
848 1207 1085 1261 alterum
1125 1223 1256 1266 vero
1280 1218 1402 1281 post
1427 1210 1632 1276 lucem,
1656 1220 1711 1266 et
1760 1212 1889 1269 illud
1940 1215 2067 1285 qui—

2183 1213 2548 1288 ῑημιουργίας,
2574 1212 2632 1269 τὸ
2655 1212 2910 1283 διάφορον
2930 1209 3153 1279 γνῶναι.
3189 1207 3248 1263 Ὀ
3273 1206 3374 1277 μὲν
3393 1202 3502 1276 γὰρ
3525 1199 3633 1271 πρὸ
3654 1199 3749 1254 τοῦ

480 1296 607 1351 dem
640 1312 746 1350 non
779 1311 846 1353 ex
879 1296 1061 1367 aliqua
1117 1298 1223 1352 alia
1278 1300 1527 1366 materia,
1590 1301 1697 1358 hoc
1756 1311 1939 1359 autem
2000 1321 2068 1360 ex

2183 1304 2374 1374 ρωτδς,
2400 1306 2433 1359 6
2464 1303 2521 1358 δὲ
2554 1305 2694 1374 μετὰ
2723 1303 2785 1356 τὸ
2816 1302 2951 1373 φῶς.
2992 1301 3104 1357 Καὶ
3141 1299 3171 1351 6
3210 1296 3310 1367 μὲν
3338 1296 3442 1350 οὐκ
3471 1292 3536 1346 ἐκ
3559 1306 3708 1351 τινος
3733 1304 3749 1318 ο

486 1388 645 1457 aquis
670 1396 918 1443 creatum
948 1403 1088 1445 esse.
1129 1387 1268 1443 Nam
1297 1389 1475 1460 inquit
1500 1408 1514 1445 :
1551 1410 1570 1443 ι
1599 1390 1722 1448 Fiat
1752 1392 2070 1450 ﬁrmamen-

2183 1399 2198 1452 5
2236 1395 2295 1449 δὲ
2333 1394 2395 1463 ἐξ
2426 1395 2655 1450 ὑδάτων.
2716 1413 2733 1447 ι
2764 1392 3058 1463 Γενηθήτω
3090 1389 3221 1460 γὰρ,
3266 1389 3422 1459 φησὶ,
3460 1382 3750 1453 στερέωμα

486 1489 602 1536 tum
637 1481 693 1535 in
726 1481 905 1537 medio
943 1496 1120 1552 aquae,
1150 1490 1206 1538 et
1232 1484 1305 1538 sit
1332 1482 1655 1541 discernens
1684 1485 1827 1540 inter
1868 1502 2070 1558 aquam

2183 1488 2231 1540 iv
2266 1486 2420 1561 μέσῳ
2445 1484 2539 1540 τοῦ
2570 1486 2779 1550 ὓδατος,
2810 1485 2907 1540 καί
2938 1482 3081 1537 ἔστω
3108 1478 3431 1551 διαχωρίζον
3458 1475 3565 1531 ἀνὰ
3586 1474 3749 1545 μέσον

486 1583 542 1627 et
591 1588 791 1642 aquam
823 1585 873 1627 ι.
922 1590 941 1626 ι
982 1572 1187 1630 Deinde
1209 1590 1337 1631 cum
1370 1576 1600 1632 dixisset
1631 1578 1778 1648 quod
1839 1579 2072 1635 verbum

2183 1577 2364 1643 ὓδατος
2392 1580 2488 1632 καὶ
2507 1577 2715 1641 ὓδατος.
2744 1596 2761 1629 ι
2790 1572 2924 1630 Εἶτα
2950 1574 3119 1628 είπὼν
3144 1574 3256 1643 (54)
3274 1571 3349 1636 ὡς
3372 1570 3400 1624 6
3419 1569 3575 1639 λόγος
3592 1565 3751 1638 ἔργον

487 1680 581 1722 res
621 1675 808 1722 secuta
848 1674 951 1734 est,
986 1667 1092 1724 hoc
1135 1668 1282 1726 enim
1327 1668 1419 1726 illa
1458 1669 1805 1740 signiﬁcant:
1854 1691 1874 1723 ι
1907 1670 1976 1727 Ει
2000 1671 2077 1727 l‘a—

2183 1670 2390 1740 ὲγένετο
2414 1687 2428 1704 ·
2467 1670 2623 1724 τοῦτο
2651 1669 2759 1741 γὰρ
2783 1667 2934 1739 δηλοί
2960 1666 3023 1723 τὺ
3052 1684 3073 1718 ι
3106 1665 3218 1720 Καὶ
3250 1663 3466 1733 ἐγένετο
3490 1658 3663 1721 οὕτως
3681 1676 3693 1687 ·
3727 1677 3747 1710 ι

489 1766 634 1809 ctum
667 1765 753 1810 est
782 1755 881 1821 ita,
915 1774 935 1809 ι
971 1766 1084 1812 tum
1117 1766 1305 1828 postea
1331 1758 1493 1813 docet
1517 1760 1792 1833 quomodo
1816 1760 1956 1817 facta
1977 1763 2069 1819 sit.

2183 1763 2415 1818 διδάσκει
2451 1763 2546 1817 καὶ
2590 1761 2707 1825 πῶς
2739 1759 2976 1828 ἐγένετο.
3021 1777 3040 1811 ι
3068 1756 3323 1827 Ἐποίησε
3354 1754 3485 1826 γὰρ,
3514 1753 3701 1861 (priuis,
3724 1750 3752 1803 6

495 1862 516 1896 c
549 1845 619 1902 Et
648 1844 794 1912 fecit,
852 1847 1049 1918 inquit,
1092 1846 1237 1904 Deus
1281 1849 1718 1917 ﬁrmamentum,
1776 1852 2072 1924 divisitque

2183 1857 2305 1922 θεὸς
2332 1857 2395 1911 τὸ
2425 1855 2711 1927 στερέωμα
2730 1870 2745 1885 ·
2778 1852 2875 1907 καὶ
2902 1850 3221 1923 ὰεχὼρισεν
3250 1851 3278 1903 6
3296 1848 3427 1912 Θεὸς
3457 1844 3562 1901 ἀνὰ
3589 1844 3752 1915 μέσον

484 1951 663 2006 ηυδε
691 1953 815 2008 qua:
844 1946 1005 1994 erant
1025 1940 1129 1995 sub
1153 1929 1520 2010 ﬁrmamento,
1550 1942 1618 1998 ab
1654 1944 1740 2000 his
1771 1960 1894 2016 quae
1916 1956 2074 2002 erant

2183 1949 2265 2003 τοῦ
2292 1947 2484 2011 ὕδατος
2511 1944 2540 1999 δ
2566 1941 2635 2017 ἦν
2672 1942 2933 1998 ὑποκάτω
2959 1941 3054 1995 τοῦ
3086 1936 3489 2011 στερεώματος,
3525 1935 3619 1989 καὶ
3650 1934 3753 1987 ἀνὰ

490 2040 657 2097 super
684 2026 1114 2084 ﬁrmamentum.
1142 2028 1482 2102 Vocavitque
1500 2031 1643 2089 Deus
1667 2034 2071 2090 ﬁrmamentum

2183 2040 2339 2114 μέσον
2362 2038 2461 2092 τοῦ
2491 2036 2684 2099 ὓδατος
2714 2034 2809 2088 τοῦ
2854 2032 3038 2086 ἐπάνω
3071 2029 3166 2085 τοῦ
3199 2027 3602 2099 στερεώματος.
3645 2022 3757 2077 Καὶ

488 2117 693 2173 coelum
725 2118 775 2175 1).
815 2119 927 2174 »Αι
948 2121 1106 2191 prius
1129 2121 1328 2177 caelum
1362 2137 1474 2177 non
1507 2132 1593 2179 est
1621 2126 1950 2195 appellatum
1983 2126 2075 2181 lir-

2183 2132 2436 2188 ἐκάλεσεν
2465 2131 2493 2184 6
2516 2128 2651 2191 Θεὸς
2679 2127 2740 2180 τὸ
2773 2125 3061 2196 στερέωμα
3091 2121 3340 2193 οὐρανόν.
3378 2142 3397 2172 ο
3453 2117 3512 2171 Ὀ
3537 2115 3595 2169 δὲ
3626 2114 3752 2183 πρό-

490 2219 854 2277 mamentum,
882 2213 979 2268 sed
1008 2213 1209 2269 coelum
1242 2216 1311 2269 ab
1338 2216 1497 2271 initio
1530 2225 1786 2273 vocatum
1821 2229 1926 2275 est.
1964 2218 2078 2276 Hoc

2183 2242 2332 2296 τερος
2376 2221 2605 2294 οὐρανὸς
2635 2220 2738 2274 οὐκ
2780 2216 2984 2288 ἐκλήθη
3026 2215 3340 2287 στερέωμα,
3384 2209 3501 2263 ἀλλ’
3527 2204 3756 2279 οὐρανὸς

489 2301 638 2357 enim
684 2301 756 2356 ab
779 2303 896 2373 ipsa
928 2318 987 2359 re
1016 2305 1273 2359 sortitum
1302 2315 1387 2361 est
1414 2307 1860 2379 appellationem.
1892 2308 2078 2381 Siqui-

491 2391 617 2447 dem
651 2407 776 2448 cum
804 2408 869 2449 ex
903 2408 1177 2465 aquarum
1232 2396 1400 2453 liuida
1437 2399 1747 2454 substantia
1801 2402 2077 2472 composi-

494 2490 610 2539 tum
640 2484 736 2551 sit,
764 2493 819 2540 et
839 2494 1035 2543 natura
1067 2486 1237 2543 ﬂuida
1288 2491 1624 2547 condensata
1657 2501 1712 2548 et
1738 2494 2075 2549 consolidata

492 2575 677 2644 fuerit,
723 2577 1133 2636 ﬁrmamentum
1165 2583 1507 2639 nominatum
1532 2593 1636 2641 est.
1688 2586 1891 2642 Deinde
1949 2587 2077 2656 quia

494 2682 719 2724 sursum
779 2668 883 2740 15
948 2673 1277 2728 collocatum
1311 2683 1413 2743 est,
1472 2677 1675 2747 prioris
1725 2677 1851 2735 εαξη
1920 2696 2076 2735 usum

495 2761 789 2817 commodo
818 2771 1010 2819 nostro
1034 2764 1348 2834 perﬁciens,
1402 2768 1526 2823 εωιὶ
1575 2785 1772 2825 nomen
1825 2772 2078 2828 sortitum

495 2860 600 2906 est.
630 2852 890 2908 Bilariam
917 2864 1098 2912 autem
1138 2856 1282 2915 Deus
1314 2860 1563 2915 omnium
1595 2861 1782 2918 divisit
1812 2878 2078 2935 aquarum

495 2955 751 2999 naturam
781 2962 796 3000 :
839 2955 894 3001 et
930 2949 1199 3017 quasdam
1228 2965 1453 3007 sursum
1486 2968 1650 3023 supra
1678 2956 2078 3014 tirmameutum

496 3036 809 3103 collocavit,
839 3040 1110 3110 quasdam
1141 3042 1400 3099 deorsum
1433 3045 1691 3116 reliquit:
1729 3059 1789 3102 ut
1826 3051 2078 3122 superio-

2177 2320 2235 2386 ἐξ
2266 2316 2441 2388 ἀρχῆς
2479 2312 2799 2383 ὠνομάσθη.
2840 2305 3009 2371 (lino;
3037 2307 3147 2377 γὰρ
3180 2305 3239 2371 ἐξ
3282 2301 3446 2358 αὐτοῦ
3488 2300 3584 2361 τοῦ
3616 2298 3756 2369 πρά-

2177 2426 2385 2480 γματος
2418 2411 2519 2479 τὴν
2566 2402 2940 2478 προσηγορίαν
2992 2400 3231 2467 ἐδέξατο.
3273 2392 3654 2497 ’Ἐπειδὴέ
3694 2389 3758 2497 ὲκ

2176 2501 2276 2572 τῆς
2304 2499 2537 2573 ροῶδους
2558 2498 2668 2551 τῶν
2699 2495 2909 2550 ὑδάτων
2936 2492 3124 2555 οὐσίας
3160 2488 3414 2557 συνέστη,
3437 2486 3533 2539 καὶ
3560 2485 3593 2554 ἠ
3624 2484 3763 2554 ρυτὴ

2178 2593 2342 2664 φύσις
2366 2590 2744 2661 στεγαωτάτη
2772 2588 2961 2658 γέγονε
2995 2586 3088 2639 καὶ
3120 2581 3458 2654 στερέμνιος,
3490 2592 3767 2647 προσηγοο

2183 2686 2348 2758 ρεύθη
2384 2683 2694 2756 στερέωμα.
2742 2676 2875 2735 Εἶτα
2903 2679 2976 2742 ὡς
3018 2676 3227 2732 ἄνωθεν
3265 2672 3630 2741 ἐπικείμενος,
3666 2668 3759 2721 καὶ

2180 2778 2446 2851 προτέρου
2476 2773 2707 2846 οὐρανοῦ
2745 2772 2843 2845 τὴν
2870 2771 3059 2843 χρείαν
3090 2770 3221 2865 ἡμῖν
3250 2766 3360 2865 πλη
3372 2759 3765 2865 ρῶν,.οὐρανδς

2182 2867 2640 2944 προσωνομάσθη.
2671 2866 2807 2939 Διχῆ
2829 2864 2887 2918 δὲ
2918 2862 3079 2917 διεῖλε
3111 2859 3219 2955 ⁸τῶν
3235 2858 3451 2955 ὐδάτων
3602 2853 3765 2955 (suos?

2182 2965 2210 3018 6
2236 2961 2345 3015 τῶν
2378 2960 2517 3013 ὅλων
2547 2957 2681 3019 Θεὸς
2704 2972 2717 2985 ⁶
2756 2956 2850 3009 καὶ
2880 2953 2952 3007 τὰ
2986 2952 3083 3023 μὲν
3113 2948 3324 3004 ἄνωθεν
3357 2945 3661 3000 ὲπιτέθεικε
3682 2945 3767 3014 τῷ

2186 3051 2549 3125 στερεώματι,
2583 3047 2653 3101 τὰ
2695 3045 2752 3100 δὲ
2784 3045 2935 3099 κάτω
2968 3040 3361 3097 καταλέλοιπεν
3381 3054 3395 3068 ο
3434 3038 3520 3089 ἴνα
3553 3034 3622 3088 τὰ
3665 3034 3767 3125 μὲν

497 3133 719 3190 resilla
779 3148 879 3189 sua
906 3135 1235 3191 humiditate
1269 3146 1434 3210 atque
1474 3138 1775 3211 frigidltate
1835 3159 1943 3200 non
2007 3147 2080 3203 si-

2183 3124 2390 3199 ᾶνωθεν
2416 3138 2743 3208 ἐπικείμενα
2766 3138 2832 3207 τῇ
2857 3153 2919 3188 τε
2951 3133 3209 3205 ὑγρότητι
3236 3131 3331 3185 καλ⁵
3356 3127 3656 3200 ψυχρότητι
3691 3124 3767 3195 μὴ

498 3233 695 3280 norem
721 3228 998 3298 corrumpi
1035 3227 1436 3287 ﬁrmamentum
1473 3233 1541 3288 ab
1561 3233 1683 3306 igne
1708 3235 2079 3304 luminarium,

507 3315 736 3383 reliqua;
773 3331 903 3373 vero
948 3331 1072 3388 quae
1118 3318 1377 3375 deorsum
1411 3337 1811 3392 remanserunt,
1852 3328 1968 3384 suis
1992 3344 2086 3383 va-

502 3402 734 3471 poribus
783 3418 964 3459 aerem
1003 3405 1222 3462 foveant
1271 3420 1522 3468 exustum
1554 3424 1608 3471 et
1650 3417 1985 3474 exsiccatum
2016 3420 2085 3475 ab

504 3494 632 3562 igne
667 3496 971 3566 superiore.
1035 3498 1139 3566 Qui
1186 3502 1352 3573 igitur
1394 3521 1503 3562 non
1558 3510 1727 3566 credit
1781 3512 2083 3568 secundum

504 3601 631 3642 esse
661 3589 885 3654 coelum,
918 3599 1071 3646 extra
1124 3595 1374 3652 semitam
1439 3608 1642 3656 rectam
1702 3603 1938 3660 incedit:
1990 3606 2085 3676 qui

505 3693 636 3734 vero
683 3680 869 3750 plures
918 3699 1211 3742 numerare
1260 3699 1512 3760 conatur,
1569 3695 1812 3752 adhaeret
1863 3696 2084 3763 fabulis,

506 3771 813 3841 postposita
842 3772 1014 3830 divini
1038 3773 1275 3849 Spiritus
1298 3781 1569 3841 doctrina.
1588 3784 1881 3843 Pluraiiter
1905 3798 2084 3842 autem

507 3860 694 3915 divina
740 3860 1030 3934 Scriptura
1057 3868 1226 3926 caios
1264 3884 1567 3945 nuncupat,
1618 3875 1844 3932 dicens:
1892 3896 1908 3929 ι
1949 3877 2085 3931 Caeli

506 3952 812 4010 calorum:
843 3972 864 4009 ›
903 3957 1164 4027 quoniam
1195 3960 1463 4022 Hebraica
1503 3966 1686 4039 lingua
1745 3984 1927 4040 neque
1972 3983 2088 4024 cte-

506 4041 645 4111 ium,
677 4060 854 4116 neque
882 4062 1082 4120 aquam
1111 4053 1374 4125 singulari
1414 4072 1648 4115 numero
1692 4060 1844 4115 novit
1902 4061 2089 4131 appel-

508 4134 647 4192 lare.
702 4135 962 4208 Reperire
997 4153 1182 4199 autem
1210 4155 1297 4203 est
1358 4149 1560 4205 similia
1604 4151 1776 4205 multa
1807 4151 1948 4206 inter
2008 4153 2089 4208 di-

504 4228 716 4287 ctiones
761 4229 1000 4290 Graecas.
1042 4234 1242 4296 Nullus
1291 4242 1439 4297 enim
1496 4243 1769 4298 civitatem
1819 4242 2087 4299 Athenam

508 4323 775 4395 singulari
856 4343 1086 4386 numero
1139 4316 1385 4390 vocitare
1436 4334 1597 4401 solet,
1658 4335 1753 4392 sed
1808 4336 2091 4407 pluraliter

507 4418 775 4474 Athenas.
840 4417 1105 4478 Similiter
1152 4434 1209 4480 et
1266 4424 1535 4496 Delphum
1587 4426 1862 4483 civitatem
1929 4443 2093 4486 nemo

2186 3234 2444 3305 συγχωρῇ
2474 3230 2553 3303 τῷ
2584 3229 2719 3301 πυρὶ
2752 3228 2860 3282 τῶν
2892 3227 3193 3298 φωστήρων
3237 3221 3515 3276 λωδδωοαι
3549 3218 3608 3272 τὸ
3645 3232 3774 3271 στε-

2186 3327 2411 3399 ρέωμα-
2454 3321 2527 3376 τὰ
2552 3320 2611 3375 δὲ
2639 3319 2791 3373 κάτω
2828 3317 3175 3390 μεμενηκότα
3215 3313 3481 3386 διατρέφῃ
3520 3313 3634 3374 τοῖς
3668 3313 3755 3364 du:-

2188 3419 2310 3487 μοῖς
2346 3415 2436 3471 τὸν
2473 3412 2611 3485 ἀέρα
2648 3408 3078 3481 διαυαινόμενον,
3118 3408 3212 3462 καὶ
3242 3405 3629 3477 ξηραινόμενον
3664 3401 3770 3481 ὐπδ

2184 3509 2278 3564 τοῦ
2312 3506 2521 3564 ἄνωθεν
2553 3503 2910 3574 ἐπικειμένου
2941 3501 3135 3570 πυρός.
3172 3496 3475 3569 Τοιγαροῦν
3506 3493 3603 3549 xui.
3634 3494 3662 3544 6
3689 3489 3771 3561 τῷ

2184 3603 2426 3672 δευτέρῳ
2473 3596 2773 3653 διαπιστῶν
2802 3586 3019 3666 οὐρανῷ
3048 3591 3153 3659 ἔξω
3198 3589 3373 3661 βαίνει
3409 3587 3508 3657 τῆς
3553 3584 3775 3645 εὐθείας

2185 3694 2343 3748 δδοῦο
2396 3691 2491 3745 καὶ
2540 3691 2570 3743 6
2614 3687 2835 3752 πλείους
2885 3683 3229 3755 πειρώμενος
3271 3681 3526 3752 ἀριθμεῖν
3578 3675 3771 3747 μύθοις

2186 3783 2401 3846 ἕπεται,
2432 3784 2531 3853 τῆς
2560 3779 2654 3835 τοῦ
2684 3778 2829 3833 θείου
2862 3776 3181 3847 Πνεῦματος
3216 3767 3571 3828 διδασκαλίας
3600 3779 3778 3818 κατα-

2187 3874 2424 3947 φρονῶν.
2448 3870 2831 3944 Πληθυντικῶς
2855 3868 2913 3922 δὲ
2939 3870 2974 3939 ἡ
3001 3866 3120 3921 θεία
3144 3862 3338 3960 Γραφῇ
3359 3861 3483 3960 τοὺς
3507 3857 3774 3960 οὐρμνούς

2186 3964 2464 4036 ὀνομάζει,
2502 3962 2773 4031 λέγουσα-
2832 3977 2852 4011 ι
2888 3959 2952 4013 Ol.
2984 3956 3208 4027 οὐρανοὶ
3257 3951 3366 4006 τῶν
3419 3951 3699 4025 οὐρανῶν·
3750 3964 3769 3997 ι

2186 4055 2375 4127 ιπειδὴ
2428 4054 2538 4109 τῶν
2575 4052 2844 4125 Ἐϐραίων
2874 4051 2909 4122 ἡ
2943 4047 3161 4118 γλῶττα
3210 4042 3335 4097 οὐτε
3377 4041 3470 4095 τὸν
3521 4036 3773 4109 οὐρανὸν,

2184 4146 2312 4204 οὔτε
2344 4146 2406 4202 τὸ
2432 4145 2582 4217 ὕδωρ
2611 4139 2753 4198 οἶδεν
2783 4141 2979 4205 ἑνικῶς
3008 4138 3294 4209 ὀνομάσαι.
3326 4132 3491 4207 Εὖροι
3516 4132 3564 4187 δ’
3596 4131 3663 4187 ἄν
3688 4147 3775 4194 τις

2185 4238 2413 4295 τοιαῦτα
2438 4235 2614 4292 πολλὰ
2655 4236 2750 4290 atati.
2778 4233 2933 4304 παρὰ
2959 4235 3025 4304 τῇ
3073 4229 3287 4286 Ἐλλάδι
3315 4229 3488 4299 φωνῇ.
3541 4224 3776 4294 Ἀθήναν

2188 4333 2297 4405 γὰρ
2326 4331 2426 4403 τὴν
2456 4328 2611 4383 πόλιν
2643 4326 2822 4391 οὐδεὶς
2853 4324 3049 4388 ἑνικῶς
3077 4320 3355 4393 ὀνομάζει,
3390 4316 3506 4372 ἀλλ’
3542 4315 3775 4387 Ἀθήνας

2192 4419 2596 4495 πληθυντικῶς.
2640 4419 2751 4474 Καὶ
2796 4416 3015 4487 Δελφῶν
3060 4412 3224 4468 πάλιν
3263 4411 3362 4482 τὴν
3404 4409 3561 4462 πόλιν
3600 4405 3779 4468 οὐδεὶς

508 4517 690 4576 vocat,
731 4498 849 4577 sed,
879 4529 1113 4574 numero
1139 4516 1360 4587 plurali,
1389 4518 1647 4589 Delphos.
1670 4518 1790 4575 Non
1818 4534 1950 4593 ergo
1972 4529 2082 4576 tan-

2195 4516 2419 4586 Δελφδν,
2452 4511 2592 4568 ἀλλὰ
2631 4510 2865 4579 Δελφοὺς
2903 4503 3303 4577 πληθυντικῶς.
3359 4502 3435 4556 Οὐ
3474 4498 3658 4593 τοίνμν
3682 4496 3780 4593 ’ὡς

501 4617 675 4672 quam
728 4605 912 4676 plures
948 4610 1060 4665 sint
1096 4610 1244 4678 aceti,
1277 4610 1477 4681 plurali
1520 4625 1753 4667 numero
1796 4612 1980 4668 locuta
2007 4622 2092 4669 est

491 4690 826 4768 'Scriptura:
860 4701 956 4756 sed
984 4700 1269 4759 Hebraicm
1317 4704 1514 4775 linguae
1561 4713 1780 4760 servato
1810 4704 2088 4761 idiomate.

510 4787 665 4853 Quod
706 4789 929 4862 quidem
990 4793 1048 4849 in
1080 4794 1191 4851 alio
1229 4792 1445 4865 psalmo
1470 4793 1815 4851 manifestius
1850 4811 1952 4852 nos
2003 4796 2095 4852 do-

497 4887 612 4945 .cet,
640 4880 792 4939 illius
822 4882 1021 4955 lingua:
1050 4887 1426 4955 praetermisso
1474 4886 1757 4953 idiomate,
1811 4888 1943 4943 dum
2007 4888 2090 4943 in~

495 4971 626 5040 uiuit
660 4988 677 5028 :
714 4990 734 5026 ι
781 4971 996 5032 (iculum
1021 4976 1147 5032 caeli
1179 4975 1418 5034 Domino
1447 4987 1497 5031 ε.
1535 4994 1557 5030 ι
1588 4975 1666 5033 Ita
1691 4986 1752 5033 ut
1785 4978 1922 5035 satis
1956 4993 2089 5035 con-

496 5072 615 5119 .stet
651 5066 822 5136 quod,
862 5068 1328 5139 quemadmodum
1356 5070 1559 5127 omium
1598 5070 1745 5129 istud
1798 5072 1959 5128 nobis
2006 5079 2093 5128 est

500 5174 609 5230 pro
648 5169 815 5225 tecto,
846 5169 992 5217 terra
1016 5177 1149 5219 vero
1207 5178 1311 5235 pro
1347 5164 1697 5235 pavimento:
1756 5165 1832 5221 ita
1888 5164 2088 5222 caelum

506 5254 655 5327 quod
720 5256 989 5322 videmus,
1053 5270 1156 5327 pro
1220 5263 1366 5314 tecto
1426 5257 1841 5330 superpositum
1887 5258 2089 5317 caelum

503 5345 695 5407 habet.

579 5514 610 5549 ι
645 5502 784 5561 Gen.
816 5519 859 5571 ι,
885 5504 941 5560 6.
976 5523 983 5531 ι
1015 5504 1047 5545 ιι
1074 5504 1210 5564 ibid.
1244 5506 1297 5576 7,
1346 5507 1402 5563 8.
1471 5516 1495 5547 °
1527 5506 1674 5565 Psal.
1717 5521 1874 5575 exin,
1928 5506 2020 5564 24.

2191 4606 2406 4663 πολλῶν
2435 4604 2604 4659 ὅντων
2629 4600 2873 4674 οὐρανῶν
2897 4601 2932 4670 ἡ
2961 4598 3082 4652 θεία
3108 4593 3488 4668 πληθυντικῶς
3510 4591 3622 4663 (55)
3655 4587 3783 4643 εἷπε

2190 4699 2419 4772 Γραφή·
2466 4696 2606 4751 ἀλλὰ
2647 4694 2709 4748 τὸ
2761 4692 2958 4764 ἰδίωμα
3010 4687 3296 4759 φυλάξασα
3341 4686 3441 4756 τῆς
3497 4680 3783 4753 Ἐὁραῖδος

2192 4793 2399 4864 φωνῆς.
2453 4788 2607 4845 Ἐπεὶ
2652 4788 2717 4842 ὲν
2768 4784 2944 4856 ἑτέρῳ
2988 4779 3191 4853 ψαλμῷ
3246 4778 3583 4849 σαφέστερον
3629 4773 3785 4844 ἡμᾶς

2189 4883 2350 4938 τοῦτο
2377 4881 2731 4944 διδάσκουσα,
2772 4878 2868 4934 καὶ
2895 4872 3287 4948 παραλιποῦσα
3315 4872 3376 4927 τὸ
3402 4870 3502 4941 τῆς
3531 4866 3788 4937 γλώττης

2193 4977 2410 5049 ἐκείνης
2442 4976 2665 5047 ἰδίωμα,
2694 4971 2869 5036 οὕτως
2895 4970 3034 5040 έφηο
3085 4987 3105 5020 ι
3141 4968 3199 5022 '0
3226 4966 3452 5038 οὐρανδς
3487 4960 3582 5017 τοῦ
3617 4960 3787 5049 069a-

2196 5067 2290 5124 νοῦ
2318 5044 2397 5139 τῶ
2423 5044 2635 5138 Κυρίιρ.
2662 5083 2681 5117 ι
2735 5063 2823 5129 Ὧς
2852 5056 2992 5116 εἶναι
3019 5059 3199 5131 δῆλον,
3231 5058 3312 5112 ὅτι
3341 5055 3597 5125 καθάπερ
3621 5044 3787 5115 οὗτος

2195 5163 2225 5217 6
2250 5159 2479 5233 οὐρανὸς
2507 5159 2643 5231 ἡμῖν
2674 5158 2821 5211 ἐστιν
2849 5154 3069 5227 ὄροφος,
3102 5155 3136 5224 ὴ
3166 5152 3227 5206 δὲ
3261 5151 3333 5220 γῆ
3362 5149 3581 5217 ἔδαφος,
3605 5141 3786 5207 οὕτως

2197 5253 2227 5307 6
2256 5251 2535 5327 ὁρώμενος
2584 5248 2812 5323 οὐρανὸς
2843 5248 3040 5320 δροφον
3084 5244 3197 5318 ἔχει
3239 5245 3332 5299 τὶν
3380 5236 3789 5313 ὑπερκείμενον

2196 5345 2445 5420 οὐρανόν.

2022 5646 2235 5706 NOTJE
2251 5689 2261 5702 .

584 5783 857 5861 ὠθεῖτο
880 5787 1065 5847 εἰπὼν
1091 5821 1160 5834 --
1189 5789 1531 5864 ὠνομάσθη.
1556 5790 1782 5850 Desunt.

2275 5783 2385 5855 (35)
2417 5778 2847 5850 Πληθυντικῶς
2875 5772 3025 5834 εἶπε.
3062 5771 3246 5831 Dcsid.
