4136 6486
3673 314 3745 411 t2

488 433 557 494 95
1502 421 2004 484 TIIEODORETI
2049 419 2396 483 EPISCOPI
2424 415 2793 478 CYRENSIS
3686 397 3703 451 ἶ
3776 397 3843 460 96

492 549 579 594 tur
638 546 693 593 et
743 537 916 593 lucem
965 535 1193 601 creavit,
1257 535 1722 605 quemadmodum
1782 535 1830 589 ei
1901 533 2079 588 libuit.

2196 531 2491 603 βλαστῆσαι
2519 525 2876 601 προσέταξεν.
2900 521 3018 575 Καὶ
3046 521 3107 573 τὸ
3136 519 3251 589 φῶς
3282 516 3461 605 τοίνυν
3491 511 3832 605 ὲδημι.ί⁴ιύρ-

492 632 664 686 Sicuti
705 647 831 685 vero
862 631 1205 685 ﬁrmamento
1227 629 1768 698 distinxitaquarum
1801 637 2080 692 naturam,

491 736 542 778 et
573 726 837 794 quasdam
890 740 1113 779 sursum
1164 725 1483 788 collocavit,
1545 723 1789 792 reliquas
1818 722 2083 777 deorsum

498 818 749 886 reliquit:
810 818 891 871 sic
927 817 1104 871 lucem
1137 817 1283 870 illam
1311 816 1658 885 distinguens
1712 830 1809 885 pro
1859 814 2086 870 arbitrio

495 924 617 973 suo,
653 908 948 963 luminaria
997 923 1194 975 magna
1226 917 1280 963 et
1332 923 1501 978 parva
1551 906 1821 962 condidit.

1042 1125 1323 1181 INTERR.
1352 1125 1467 1180 XV.

495 1260 635 1328 Quid
661 1263 757 1317 hoc
791 1273 867 1320 est
909 1282 928 1320 :
970 1283 989 1315 ι
1035 1263 1099 1317 1η
1139 1265 1313 1333 signa,
1346 1274 1395 1317 et
1433 1264 1487 1316 in
1521 1274 1780 1332 tempora,
1813 1271 1863 1316 et
1900 1262 1954 1314 in
1989 1276 2089 1314 an-

1009 1350 1123 1398 nos,
1156 1346 1205 1388 et
1230 1335 1283 1388 in
1307 1334 1417 1387 dies
1448 1333 1510 1387 t?
1541 1351 1562 1387 ι

568 1444 663 1501 Sol
693 1456 819 1503 ortu
851 1463 953 1504 suo
985 1457 1154 1517 alque
1185 1462 1388 1503 occasu
1432 1447 1546 1502 dies
1602 1445 1736 1501 facit
1763 1464 1776 1499 :
1811 1460 1937 1501 cum
1992 1459 2089 1500 au-

499 1546 608 1593 tem
636 1538 969 1608 percurrerit
991 1539 1266 1595 australes
1295 1548 1460 1610 atque
1496 1539 1850 1608 aquilonares
1882 1547 2087 1607 partes,

499 1622 1044 1687 annalem'eirculum
1075 1632 1305 1701 perﬁcit.
1359 1632 1616 1702 Idemque
1646 1632 1878 1687 solstitia
1905 1629 2086 1696 eﬂicit,

502 1736 626 1790 qua:
654 1731 896 1792 tempora
931 1723 1217 1794 Scriptura
1248 1724 1434 1778 divina
1468 1724 1739 1777 nominat.
1790 1721 2091 1778 Transiens

502 1814 649 1869 enim
682 1815 751 1869 ab
773 1815 1106 1885 aequinoctio
1140 1817 1247 1887 18
1296 1815 1361 1871 ad
1397 1816 1737 1886 aquilonem,
1791 1831 1888 1871 ver
1921 1812 2087 1870 facit:

2189 602 2360 693 γησεν
2383 622 2457 684 ὡς
2488 620 2773 690 ἠθέλησεν.
2801 616 3014 684 Ὥσπερ
3045 612 3101 664 δὲ
3132 608 3210 680 τῷ
3243 604 3591 679 στερεὼματι
3620 603 3742 698 διεῆ
3765 602 3823 654 λε

2188 714 2297 767 τῶν
2329 712 2538 766 ὑδάτων
2574 709 2669 779 τὴν
2706 706 2890 777 φύσιν,
2930 704 3023 756 καὶ
3064 702 3132 755 τὰ
3170 702 3268 770 μὲν
3310 697 3652 752 ἐπιτέθεικεν
3684 692 3778 745 ἄν-

2188 805 2347 868 ωθεν,
2379 803 2446 856 τὰ
2475 802 2531 854 δὲ
2565 799 2814 853 κάτωθεν
2851 794 3272 850 καταλέλοιπεν·
3313 789 3484 851 οὕτως
3516 788 3691 840 ἐκεῖνο
3721 784 3781 836 τὸ

2190 896 2305 966 φῶς
2334 893 2523 947 διελὼν
2550 894 2626 957 ὡς
2652 891 2943 961 ἠθέλησεν,
2976 889 3100 950 τοὺς
3132 885 3429 955 φωστῆρας
3457 884 3581 943 τοὺς
3608 879 3781 950 μεγὰ-

2188 988 2316 1052 λους
2352 987 2448 1041 καὶ
2477 986 2604 1048 τοὺς
2641 983 2873 1056 μικροὺς
2903 978 3328 1033 κατεσκεύασεν.

2812 1117 3012 1171 ΕΡΩΤ.
3053 1110 3117 1163 ΙΕ
3138 1141 3162 1160 .

2198 1262 2259 1318 Τί
2291 1262 2421 1316 ἐστι
2451 1259 2516 1313 τὸ
2557 1278 2574 1308 ι
2612 1261 2714 1324 Εἰς
2740 1255 2984 1326 σημεῖα,
3014 1251 3113 1306 καὶ
3147 1247 3527 1326 ειςμκαιροὺς,
3559 1246 3655 1302 καὶ
3694 1249 3784 1313 εις

2522 1322 2859 1392 ἐνιαυτοὺςῖ,
2892 1324 2991 1379 καὶ
3024 1326 3111 1387 εις
3140 1322 3364 1392 ἠμέραο
3388 1336 3401 1348 ’
3438 1339 3458 1371 ι

2197 1434 2203 1440 ’
2274 1445 2332 1500 'O
2365 1446 2516 1516 ἥλιος
2562 1442 2800 1513 ἀνίσχων
2854 1439 2952 1511 μὲν
2988 1439 3084 1492 καὶ
3133 1436 3395 1506 δυόμενος
3439 1433 3538 1497 τὰς
3570 1432 3784 1505 ἡμέρας

2192 1544 2337 1595 ποιεῖ
2361 1560 2372 1571 ·
2420 1543 2499 1605 εἰς
2545 1539 2601 1593 δὲ
2629 1538 2698 1592 τὰ
2729 1537 2881 1590 νότια
2926 1536 3022 1590 καὶ
3070 1535 3140 1588 τὰ
3172 1533 3357 1603 βόρεια
3394 1531 3534 1601 μέρη
3567 1529 3787 1601 διατρέ-

2192 1650 2327 1706 χων,
2374 1632 2467 1687 τὸν
2499 1631 2770 1686 ἐνιαύσιον
2800 1631 3003 1685 κύκλον
3033 1627 3309 1683 ἀποτελεῖ.
3361 1617 3531 1688 Οὗτος
3561 1623 3656 1676 καὶ
3685 1623 3788 1686 τὰς

2191 1724 2403 1797 τροπὰς
2456 1721 2789 1793 ἐργάζεται,
2846 1721 2914 1785 ἀς
2964 1719 3192 1790 καιροὺς
3241 1715 3529 1785 ὠνόμασεν
3584 1714 3617 1783 ὴ
3663 1711 3787 1764 θεία

2194 1818 2410 1889 Γραφή.
2448 1815 2581 1868 Ἀπὸ
2609 1815 2715 1887 γὰρ
2747 1813 2841 1867 τοῦ
2880 1809 3199 1883 ίσημερινοῦ
3231 1808 3398 1862 τόπου
3432 1806 3571 1875 πρὸς
3600 1804 3666 1857 τὰ
3699 1803 3790 1874 βό-

503 1913 559 1960 et
593 1906 719 1962 inde
750 1906 968 1964 rediens
999 1909 1066 1963 ad
1097 1908 1318 1963 eosdem
1375 1909 1657 1973 terminos,
1691 1908 1934 1963 mstivale
1981 1907 2091 1962 sol-

2199 1927 2318 1981 ρεια
2361 1907 2722 1979 μεταϐαίνων,
2772 1906 2833 1958 τὸ
2884 1905 2983 1975 ἔαρ
3018 1905 3193 1956 ποιεῖ·
3248 1896 3370 1953 εἶτα
3405 1898 3614 1952 ἐκεῖθεν
3644 1899 3788 1949 ἐπα-

504 1995 714 2050 slitium
746 1998 1000 2067 producit
1044 2016 1059 2053 :
1114 1997 1443 2068 procedente
1497 2008 1679 2053 autem
1709 2014 1775 2052 eo
1847 1998 1973 2053 inde
2020 1999 2087 2052 ad

503 2084 808 2149 meridiem,
845 2096 1145 2141 autumnus
1173 2087 1422 2141 nascitur
1468 2103 1480 2139 :
1519 2096 1572 2142 et
1601 2087 1727 2143 inde
1778 2101 2083 2155 revertens,

504 2176 736 2231 hiemem
771 2179 1040 2241 producit.
1073 2179 1149 2235 Ex
1180 2196 1342 2235 cursu
1382 2190 1566 2235 autem
1615 2182 1757 2235 luna:
1792 2183 2068 2237 mensium

504 2283 792 2323 numerum
825 2270 1110 2327 discimus.
1167 2270 1303 2327 Nam
1338 2288 1508 2328 cursu
1566 2273 1787 2343 triginta
1852 2274 2089 2340 dierum,

504 2357 741 2429 demptis
768 2375 864 2414 sex
924 2361 1098 2429 horis,
1132 2377 1292 2418 suum
1347 2378 1573 2419 cursum
1618 2364 1877 2420 absolvit.
1911 2364 2089 2431 Quam

507 2466 703 2521 nempe
737 2452 807 2506 ob
840 2468 1063 2511 causam
1113 2464 1192 2510 tot
1229 2456 1444 2511 dierum
1504 2472 1796 2513 numerum
1848 2474 2090 2514 mensem

505 2540 871 2610 appellamus:
891 2544 1161 2614 siquidem
1178 2555 1231 2601 et
1251 2546 1437 2601 lunam
1452 2558 1645 2603 vocant
1668 2549 1866 2619 μήνην,
1888 2566 2092 2607 mentm.

507 2631 660 2698 Quod
687 2642 869 2689 autem
900 2636 1123 2706 dicitur,
1159 2638 1213 2692 in
1241 2639 1417 2710 signa,
1449 2655 1558 2694 non
1591 2640 1948 2712 intelligimus
2003 2657 2092 2697 se-

507 2727 744 2780 cundum
780 2728 1093 2799 opinionem
1138 2733 1503 2801 quorumdam
1539 2734 1862 2789 stultorum.
1899 2732 2091 2804 Siqui-

505 2818 626 2871 dem
661 2833 853 2872 vanam
891 2818 1039 2874 illam
1063 2820 1129 2876 de
1164 2821 1433 2892 cujusque
1465 2823 1746 2878 nativitate
1811 2825 2093 2895 discepta—

505 2911 728 2977 tionem,
781 2928 881 2968 nec
914 2910 1276 2986 Pythagoras,
1315 2931 1415 2970 nec
1450 2916 1730 2983 Socrates,
1764 2933 1866 2973 nec
1912 2918 2092 2981 Plato,

504 3017 604 3057 nec
641 3002 812 3058 Stoici
851 3015 1188 3077 receperunt.
1219 3006 1374 3073 Quod
1403 3007 1448 3064 si
1478 3009 1653 3078 quiin
1702 3008 1903 3068 fabulis
1949 3013 2090 3068 edu-

503 3096 609 3149 cati
653 3106 801 3164 sunt,
867 3098 1032 3169 hujus
1088 3098 1285 3155 fabulae
1335 3101 1669 3171 impietatem
1710 3116 2091 3174 exsecrantur,

505 3188 631 3257 quis
681 3189 884 3244 divinis
940 3191 1288 3247 sermonibus
1342 3194 1572 3249 credens
1610 3195 1730 3251 haec
1780 3212 1889 3252 non
1926 3202 2090 3254 modo

2193 2001 2322 2056 νιὼν
2356 2001 2516 2072 μέχρι
2567 1997 2771 2053 τούτων
2813 1997 2924 2051 τῶν
2975 1999 3137 2067 ὅρων,
3189 1993 3288 2063 τὴν
3340 1990 3559 2062 θερινὴν
3615 2006 3789 2041 κατα-

2194 2095 2451 2159 σκευάζει
2478 2095 2688 2165 τροπήν
2719 2109 2733 2122 ⁸
2784 2093 3070 2163 προϊόντος
3116 2088 3173 2141 δὲ
3208 2086 3373 2141 αὐτοῦ
3406 2084 3657 2137 ἐντεῦθεν
3694 2083 3787 2136 ἐπὶ

2191 2186 2260 2240 τὰ
2289 2185 2458 2251 νότια,
2493 2184 2555 2238 τὸ
2586 2184 2906 2255 μετόπωρον
2942 2183 3155 2251 γίνεται
3182 2198 3195 2211 ⁸
3240 2178 3479 2233 ἐπανιὼν
3513 2179 3570 2231 δὲ
3606 2175 3786 2241 αὖθις,

2191 2278 2283 2331 τὸν
2318 2275 2563 2349 χειμῶνα
2597 2277 2763 2329 ποιεῖ.
2825 2275 2920 2327 Ἐκ
2952 2274 3009 2327 δὲ
3052 2273 3143 2326 τοῦ
3178 2273 3380 2344 δρόμου
3423 2272 3525 2340 τῆς
3556 2271 3788 2341 σελήνης

2192 2370 2285 2424 τὸν
2314 2371 2423 2424 τῶν
2456 2368 2645 2441 μηνῶν
2679 2367 3025 2438 μανθάνομεν
3057 2365 3312 2435 ἀριθμόν.
3361 2362 3459 2417 Διά
3489 2362 3789 2434 τριάκοντα

2193 2459 2303 2533 γὰρ
2332 2458 2576 2531 ἡμερῶν,
2614 2456 2674 2523 ἓξ
2704 2457 2815 2527 (40)
2848 2456 3011 2527 ὡρῶν
3037 2455 3294 2522 δεουσῶν,
3318 2454 3409 2508 τὸν
3440 2456 3640 2508 οἰκεῖον
3664 2453 3787 2523 δρό-

2198 2571 2299 2626 μον
2330 2553 2547 2624 πληροῖ.
2586 2546 2659 2605 Ob
2700 2550 2762 2619 δὴ
2798 2551 2959 2621 χάριν
3000 2549 3092 2602 τὸν
3125 2548 3233 2602 τῶν
3263 2547 3533 2601 τοσούτων
3563 2546 3790 2618 ἡμερῶν

2196 2644 2430 2717 ἀριθμὸν
2468 2644 2614 2715 μῆνα
2650 2638 3153 2713 προσαγορεύομεν.
3197 2638 3420 2708 Ἐπειδὴ
3451 2638 3547 2691 καὶ
3568 2637 3667 2709 τὴν
3696 2653 3789 2689 σε-

2194 2740 2363 2812 λήνην
2389 2736 2718 2809 ὀνομάζουσι
2753 2737 2953 2807 μήνην.
2986 2732 3061 2787 Τὸ
3090 2733 3147 2787 δὲ
3175 2735 3262 2799 εὶς
3286 2731 3526 2801 σημεῖα,
3552 2729 3614 2783 ού
3645 2728 3791 2781 κατά

2195 2834 2319 2898 τοὺς
2350 2832 2612 2903 ἀνοήτους
2643 2828 2872 2899 νοοῦμεν
2901 2828 3085 2899 ἡμεῖς.
3135 2824 3249 2894 Τῆς
3287 2824 3398 2894 γάρ
3442 2819 3790 2891 γενεθλιαλο-

2197 2920 2323 2990 γίας
2362 2920 2463 2991 τὴν
2509 2918 2921 2990 ματαιολογίαν,
2959 2915 3082 2969 οὐδὲ
3128 2912 3477 2984 Πυθαγόρας,
3519 2911 3641 2965 οὐδὲ
3675 2910 3793 2963 Σω-

2197 3011 2429 3082 κράτης,
2461 3010 2581 3063 οὐδὲ
2608 3007 2854 3072 Πλάτων,
2885 3005 3004 3059 οὐδὲ
3035 3005 3085 3059 οἱ
3114 3004 3343 3057 Στωϊκοὶ
3369 3000 3790 3073 προσεδέξαντο.

2198 3101 2262 3155 Εἰ
2287 3100 2345 3155 δὲ
2373 3101 2424 3154 οἱ
2456 3103 2570 3163 τοῖς
2599 3099 2791 3170 μύθοις
2820 3097 3254 3170 ὲντεθραμμένοι
3301 3095 3454 3149 τοῦδε
3484 3094 3580 3149 τοῦ
3615 3093 3824 3161 μύθου.

2196 3194 2259 3248 τὸ
2287 3193 2483 3256 ἀσεϐὲς
2510 3189 2893 3257 ὲϐδελύξαντω
2939 3190 3023 3254 τίς
3068 3190 3135 3244 ἂν
3165 3192 3283 3252 τοῖς
3314 3189 3482 3252 θείοις
3518 3189 3794 3243 πιστεύων

506 3277 694 3349 impia,
729 3281 822 3335 sed
852 3281 1008 3338 valde
1050 3284 1214 3339 etiam
1249 3284 1395 3340 fatua
1422 3286 1690 3356 recipiat?
1719 3285 1886 3360 Signa
1925 3291 2091 3360 igitur

2196 3284 2419 3355 λογίοις,
2454 3284 2563 3338 τῶν
2592 3283 2654 3337 οὐ
2676 3280 2959 3337 δυσσεϐῶν
2990 3282 3170 3353 μόνον,
3199 3280 3338 3335 ἀλλά
3364 3284 3460 3336 καὶ
3489 3280 3607 3335 λίαν
3628 3281 3797 3353 ἀνοή-

504 3382 665 3426 vocat
696 3370 978 3444 Scriptura
1025 3374 1231 3443 divina,
1285 3378 1487 3448 quibus
1536 3396 1936 3452 cognoscamus
1956 3392 2096 3439 tem-

505 3480 610 3535 pus
643 3475 1013 3536 opportunum
1060 3470 1392 3539 seminandi,
1460 3474 1766 3545 plantandi,
1803 3479 2093 3548 purgandi,

506 3567 561 3611 et
590 3557 732 3627 ligna
781 3561 1023 3616 caedendi
1051 3563 1119 3618 ad
1173 3565 1390 3620 navium
1418 3576 1473 3622 et
1519 3568 1783 3624 domuum
1840 3581 2097 3628 constru-

506 3649 741 3703 ctionem
813 3651 1031 3708 idonea.
1093 3652 1229 3711 Inde
1275 3657 1440 3713 etiam
1508 3668 1691 3715 nautae
1747 3661 2094 3730 didicerunt,

508 3741 729 3809 quando
757 3756 1063 3814 opportune
1110 3764 1304 3803 navem
1351 3751 1662 3809 subducere
1690 3755 1775 3810 vel
1813 3755 2096 3826 impellere

509 3833 825 3898 conveniat,
856 3844 911 3890 et
946 3838 1169 3906 quando
1217 3841 1336 3895 vela
1376 3844 1614 3912 pandere
1644 3855 1741 3900 aut
1770 3848 2098 3902 contrahere

509 3934 778 3990 Oporteat.
816 3924 1168 3997 Experientia
1195 3931 1341 3987 enim
1379 3934 1529 4005 ipsos
1576 3936 1768 3992 docuit
1818 3947 2095 3993 astrorum

510 4026 664 4073 ortus
696 4027 750 4074 et
781 4035 1031 4079 occasus.
1093 4021 1248 4095 Saepe
1277 4026 1443 4081 etiam
1471 4044 1574 4084 nos
1607 4044 1826 4100 quoque
1853 4032 1955 4086 hac
2008 4048 2097 4085 ra-

511 4109 660 4164 tione
703 4122 995 4179 cometam,
1048 4123 1145 4168 aut
1189 4115 1471 4172 barbatam
1502 4119 1737 4183 stellam,
1767 4129 1862 4175 aut
1888 4120 2097 4175 trabem

509 4199 775 4265 videntes,
809 4203 1065 4259 incursus
1095 4205 1336 4261 hostium
1390 4208 1669 4273 novimus,
1725 4216 1821 4262 aut
1874 4208 2099 4264 locuslze

516 4292 897 4363 irruptionem,
929 4305 1025 4351 aut
1046 4296 1423 4368 iumentorum
1456 4301 1541 4356 vel
1574 4300 1860 4357 hominum
1887 4301 2096 4358 cladem

513 4384 775 4442 futuram.
810 4387 936 4444 Haec
963 4389 1131 4460 igitur
1156 4393 1310 4463 signa
1362 4394 1581 4448 vocavit
1616 4393 1930 4465 Scriptura,
1987 4410 2097 4451 non

511 4475 601 4531 illa
633 4476 792 4547 plane
817 4477 1104 4535 dementia:
1133 4491 1300 4552 atque
1343 4482 1638 4552 impietatis
1664 4485 1845 4556 plena.

1023 4614 1129 4686 l9
1157 4614 1436 4672 INTERR.
1455 4616 1597 4675 XVI.

515 4744 691 4812 Quare
724 4746 865 4805 Deus
899 4750 1093 4805 creavit
1121 4750 1335 4824 plautas
1366 4761 1489 4807 ante
1510 4752 1825 4824 luminaria,
1858 4752 2097 4824 postilla

679 4832 688 4842 '
948 4837 1066 4876 vero
1105 4821 1343 4876 condidit
1368 4823 1664 4879 animalia?

583 4931 787 4990 Oculos
803 4934 1008 4991 habent
1040 4935 1321 5003 animalia,
1347 4952 1444 4991 nec
1472 4936 1612 4993 lucis
1643 4950 1933 4992 excessum
1957 4934 2102 4992 ferre

513 5027 844 5094 potuissent.
878 5026 994 5083 Lux
1022 5043 1152 5084 vero
1175 5028 1465 5085 distributa
1507 5030 1561 5085 in
1611 5046 1779 5101 parva
1816 5038 1871 5085 et
1903 5044 2101 5101 magna

517 5118 806 5176 luminaria
863 5120 1279 5178 convenientem
1331 5123 1508 5178 oculis
1545 5124 1866 5179 animalium
1909 5124 2098 5195 splen-

515 5210 703 5268 dorem
757 5214 952 5269 reddit.
1008 5213 1329 5271 Plantarum
1387 5225 1570 5274 autem
1629 5227 1826 5274 natura
1895 5232 2096 5273 sensus

517 5321 743 5374 prorsus
775 5315 858 5363 est
887 5321 1103 5378 expers.

593 5461 613 5502 ί
650 5462 786 5520 Gen.
825 5478 865 5533 ι,
906 5464 997 5520 ﬂ.

2197 3396 2308 3434 των
2339 3376 2628 3448 ἀνάσχοιτο
2672 3375 2878 3446 λόγων;
2928 3372 3152 3444 Σημεῖα
3198 3373 3377 3428 τοίνυν
3417 3376 3450 3444 ή
3483 3373 3605 3427 θεία
3632 3373 3798 3428 καλεὲ

2199 3469 2413 3544 Γραφὴ,
2443 3470 2504 3524 τὸ
2526 3468 2727 3523 εἰδέναι
2763 3467 2967 3538 σπόρου
2999 3465 3214 3537 καιρὸν,
3251 3465 3345 3520 τοῦ
3382 3466 3669 3536 φυτεῦσαι,
3694 3467 3796 3520 τοῦ

2198 3565 2458 3635 καθᾶραι,
2498 3560 2594 3616 τοῦ
2626 3559 2760 3626 ξύλα
2790 3561 2980 3630 τεμεῖν
3005 3560 3087 3622 εἰς
3117 3557 3430 3628 ναυπηγίαν
3460 3559 3554 3611 καὶ
3583 3558 3792 3612 οἰκοδο-

2203 3655 2334 3727 μίαν
2365 3652 2672 3723 ἐπιτήδεια.
2718 3648 2997 3703 Ἐντεῦθεν
3024 3649 3137 3721 (41)
3167 3648 3261 3702 καὶ⁵
3290 3649 3339 3701 οί
3373 3647 3619 3721 ναυτιλίᾳ
3642 3648 3794 3719 χρῶ-

2202 3763 2355 3816 μενοι
2389 3741 2768 3815 μεμαθήκασι,
2798 3741 2929 3795 πότε
2957 3740 3056 3811 μὲν
3086 3739 3322 3813 ἀπᾶραι,
3348 3741 3479 3793 πότε
3508 3740 3563 3793 δὲ
3594 3740 3802 3810 καθορο

2202 3837 2359 3909 μίσαι
2389 3837 2451 3889 τὸ
2485 3836 2693 3904 σκάφος
2723 3834 3029 3904 προσήκει·
3086 3833 3182 3886 καὶ
3234 3834 3366 3887 πότε
3417 3831 3516 3903 μὲν
3560 3830 3802 3884 πετάσαι

2198 3928 2279 3982 δεῖ
2310 3926 2371 3981 τὸ
2401 3926 2590 3993 ἱστίον,
2623 3925 2757 3980 πότε
2783 3924 2841 3980 δὲ
2868 3924 3142 3979 καθελεῖν.
3184 3923 3249 3978 Ἦ
3279 3928 3443 3995 πεῖρα
3464 3924 3574 3995 γάρ
3595 3922 3803 3988 αὐτοὺς

2199 4019 2547 4084 agamnam;
2623 4017 2722 4082 τάς
2777 4017 2886 4071 τῶν
2946 4018 3199 4089 ἀστέρων
3257 4016 3524 4081 ἀνατολάς
3573 4032 3636 4068 τε
3699 4016 3804 4069 καὶ

2198 4112 2383 4176 δύσεις
2403 4129 2416 4143 ·
2471 4108 2732 4173 πολλάκις
2762 4108 2821 4160 δὲ
2856 4108 2952 4162 καὶ
2982 4110 3146 4180 ήμεῖς
3177 4109 3447 4178 κομήτην,
3479 4108 3512 4178 ἢ
3548 4106 3801 4175 πωγωνίο

2198 4222 2319 4276 την,
2365 4204 2399 4275 ἢ
2448 4203 2666 4273 δοκίδην
2706 4202 2819 4272 (42)
2873 4202 3098 4268 ἰδόντες,
3140 4201 3173 4273 ἢ
3221 4201 3497 4272 πολεμίων
3550 4199 3803 4270 ἔγνωμεν

2202 4293 2533 4367 προσϐολὴν,
2568 4293 2602 4365 ἢ
2637 4292 2858 4365 ἀκρίδος
2887 4293 3146 4365 ἐμϐολὴν,
3195 4293 3229 4363 ἢ
3278 4292 3491 4363 κτηνῶν
3520 4292 3553 4362 ἢ
3587 4290 3804 4363 ἀνθρώ-

2207 4406 2327 4443 πων
2367 4386 2597 4458 φθοράν.
2635 4385 2824 4440 Ταῦτα
2867 4385 3047 4440 τοίνυν
3087 4385 3308 4456 σημεῖα
3354 4386 3647 4448 ἐκάλεσεν,
3695 4384 3803 4439 οὐκ

2201 4480 2386 4534 ἐκεῖνα
2420 4477 2491 4532 τὰ
2523 4477 2706 4548 πάσης
2739 4475 2927 4541 ἀνοίας
2961 4476 3058 4531 καὶ
3090 4476 3420 4541 δυσσεϐείας
3449 4480 3645 4549 μεστά.

2824 4613 3020 4669 ΕΡΩΤ.
3063 4616 3183 4682 lq'.

2283 4754 2344 4810 TI
2376 4751 2453 4820 δή
2486 4764 2630 4806 ποτε
2656 4751 2730 4805 τὰ
2758 4750 3061 4822 pensa-uta
3101 4753 3213 4818 πρὸ
3246 4750 3363 4804 τῶν
3391 4752 3725 4822 φωστήρων

2455 4823 2727 4891 ἐποίησε,
2752 4818 2826 4875 τὰ
2844 4818 2915 4874 δέ
2935 4818 3046 4882 ζῶα
3071 4822 3225 4892 μετὰ
3250 4818 3545 4889 τούτους;

2290 4937 2635 5009 Ὀςρθαλμοὺς
2665 4936 2779 5008 ἔχει
2812 4936 2880 4992 τά
2900 4935 3037 4999 ζῶα,
3060 4937 3154 4990 καὶ
3182 4936 3276 4991 τοῦ
3308 4938 3485 5007 φωτὸς
3506 4938 3606 5008 τὴν
3630 4939 3798 5011 ὑπερ-

2212 5030 2374 5103 ϐολὴν
2402 5032 2503 5085 οὐκ
2532 5029 2600 5084 ἂν
2628 5030 2847 5101 ἤνεγκε.
2886 5028 3059 5083 Τοῦτο
3100 5029 3157 5082 δὲ
3199 5030 3529 5102 διανεμηθὲν
3558 5034 3639 5095 εἰς
3671 5034 3801 5096 τοὺς

2211 5128 2444 5199 μικροὺς
2476 5125 2571 5179 καὶ
2607 5124 2880 5196 μεγάλους
2905 5128 3204 5196 φωστῆρας
3234 5124 3552 5197 σύμμετρον
3582 5129 3648 5198 τῇ
3680 5126 3803 5196 ὄψει

2201 5216 2313 5271 τῶν
2345 5214 2499 5281 ζώων
2528 5216 2754 5287 ἀφίησιν
2784 5215 2999 5287 αἴγλην.
3052 5216 3173 5270 Τῶν
3219 5216 3279 5271 δὲ
3333 5216 3520 5288 φυτῶν
3558 5219 3593 5290 ἡ
3639 5217 3801 5289 φύσις

2210 5307 2516 5380 αἰσθήσεως
2553 5307 2805 5378 ἄμοιρος.

2046 5631 2097 5692 Ν
2101 5628 2286 5690 OT/E-

596 5788 710 5861 (40)
743 5790 853 5858 Ἓξ
870 5791 1042 5861 ὡρῶν
1064 5820 1133 5833 --
1154 5791 1403 5860 ἀριθμὸν
1432 5792 1630 5851 desunt

599 5862 710 5931 (41)
743 5861 877 5921 Cod.
907 5864 1096 5934 et_Pic.
1134 5862 1389 5983 ῗειταῦοα.
1460 5948 1469 5957 η

2285 5790 2398 5859 (42).)
2428 5788 2565 5844 Cod.
2598 5799 2646 5842 el
2690 5787 2802 5841 Pic.
2845 5788 3003 5859 ρι’οῆ
3043 5788 3260 5857 δοκξδην
3298 5787 3521 5855 ἰδόντες.
3576 5788 3797 5851 habent,

2217 5864 2266 5915 εἰ
2301 5862 2449 5917 δοκεῖ
2478 5861 2533 5914 δὲ
2576 5860 2670 5913 καὶ
2701 5860 2883 5923 ἡμεῖς.
2915 5860 3021 5916 Sed
3066 5860 3247 5916 minus
3271 5860 3424 5916 bene.
