4136 6448
314 104 383 271 ι

236 309 261 369 9

250 526 661 613 Ψρςνζάριζ
690 527 773 581 τὰ
804 528 889 596 μὲ
902 530 1161 613 signa?
1194 532 1306 613 οὐκ
1332 528 1833 613 ηἰιλειῆνρσίεέατοῖς
1860 526 1928 580 δὲ

926 418 1154 473 ΕΡΩΤ.
1198 420 1296 473 lZ'.

1482 305 1769 377 QUAEST.
1815 304 1895 365 IN
1929 303 2196 365 GENES.
2241 305 2399 364 CAP.
2439 306 2481 364 i.

433 598 604 666 ζώοις
628 598 759 668 ἔφη
785 615 801 627 ·
837 618 857 651 t
887 600 1292 664 Αὺξὰνεσοε,
1321 620 1341 652 ι
1375 600 1471 652 καὶ
1497 597 1567 652 τὰ
1592 597 1774 666 ἐξῆς;

260 772 279 835 ἶ
351 783 472 837 Τῶν
502 781 835 853 λειμώνων,
899 783 1004 836 καὶ
1037 782 1151 835 τῶν
1194 783 1384 852 ληϊων,
1431 782 1548 849 καὶ
1564 779 1926 833 παντοδαπῶν

254 896 261 901 ·
295 875 526 947 βοτανῶν
560 876 660 928 καὶ
688 874 949 946 δένδρων
979 875 1150 938 εὐθὺς
1178 874 1447 945 ἐθελήσας
1481 873 1581 939 τὴν
1610 873 1714 941 γῆν
1749 871 1923 940 ἐπλή-

194 936 233 997 ‘I
295 936 466 1039 ⁸ρωσεν
493 966 719 1021 ἃπασαν
748 982 765 996 ·
819 936 895 1018 τὰ
950 965 1010 1018 δέ
1061 936 1141 1034 γε-
1181 936 1352 1032 ἄλογα
1384 964 1496 1031 (45)
1538 936 1806 1023 *ζῶα-ἀνὰ
1834 936 1926 1014 δύο

234 1070 239 1081 ‘
306 1063 641 1133 παρήγαγεν.
710 1057 983 1118 Εἰκότως
1031 1056 1219 1108 τοίνυν
1275 1055 1461 1115 αὐτοῖς
1513 1052 1614 1123 τὴν
1674 1050 1926 1119 εὐλογίαν

314 1157 680 1226 προσήνεγκεν
708 1165 724 1179 ⁸
780 1149 880 1201 ἵνα
934 1147 1024 1201 διὰ
1055 1149 1159 1215 τῆς
1209 1145 1536 1213 πολυγονίας
1571 1144 1639 1195 τὰ
1678 1142 1775 1212 μὲν
1825 1160 1925 1194 πε-

311 1251 467 1317 lim.
501 1246 596 1299 καὶ
622 1245 858 1313 λίμνας,
900 1242 1001 1295 καὶ
1032 1239 1339 1310 ποταμοὺς,
1368 1238 1436 1290 τὰ
1465 1235 1522 1289 δὲ
1550 1234 1641 1288 τὸν
1675 1235 1834 1306 ἀέρα,
1859 1235 1925 1286 τὰ

313 1344 365 1396 δὲ
392 1338 656 1411 πληρώσῃ
691 1337 801 1406 τὴν
833 1335 965 1404 γῆν.

954 1445 1152 1501 ΕΡΩΤ.
1194 1443 1307 1499 ιη’.

310 1567 407 1621 Διὰ
452 1565 512 1619 τί
565 1564 642 1617 τὰ
687 1562 906 1631 θηρία,
955 1559 1077 1684 καέ
1111 1559 1188 1683 Ξὰ
1244 1558 1465 1629 ἑρπετὰ
1508 1556 1844 1624 πεποίηκεν
1889 1557 1925 1610 ό

1079 1646 1109 1684 ε
1147 1647 1219 1684 c:

1079 1646 1181 1696 εος
1198 1647 1219 1695 ;

3551 311 3621 383 98

2580 414 2858 468 INTER“.
2889 414 3054 469 XVII.

2034 528 2142 582 Cur
2172 529 2308 583 Deus
2352 546 2451 581 non
2493 530 2757 582 benedixit
2809 531 3028 599 plantis,
3088 531 3412 585 (inituru'ibus
3451 546 3620 589 autem

2100 600 2237 653 dixit
2277 616 2296 653 :
2348 619 2364 650 ι
2408 599 2655 673 Crescite,
2703 610 2752 653 et
2812 602 3317 670 multiplicamimli,
3351 623 3369 652 ι
3421 615 3469 656 εἰ
3507 622 3625 673 qua:

2101 678 2394 740 sequuntur
2407 670 2433 722 γ

2100 780 2242 835 Deus
2277 796 2374 851 pro
2402 792 2534 835 nutu
2578 796 2676 836 suo
2707 783 2892 837 statim
2926 784 3239 840 universam
3301 794 3497 840 terram
3535 801 3625 841 re-

2029 872 2193 941 plevit
2224 872 2417 941 pratis,
2447 874 2783 940 segetibus‘,
2817 884 2873 929 et
2896 875 3019 930 aliis
3042 877 3222 931 omnis
3256 878 3472 946 generis
3500 879 3624 933 her-

2027 963 2112 1018 his
2133 973 2187 1018 et
2219 964 2509 1021 arboribus
2540 985 2553 1021 :
2585 966 2743 1021 bruta
2772 982 2901 1023 vero
2932 968 3190 1022 animalia
3229 969 3352 1024 bina
3385 971 3613 1024 creavit.

2028 1053 2185 1111 Unde
2221 1058 2418 1112 merito
2452 1058 2892 1115 benedictionem
2916 1060 3000 1114 eis
3032 1060 3258 1131 largitus
3278 1066 3389 1125 ’est,
3424 1071 3486 1116 ut
3523 1077 3621 1131 per

2028 1148 2532 1217 multiplicationem
2555 1151 2804 1221 quaedam
2840 1151 3112 1220 replerent
3144 1152 3339 1217 maria,
3375 1152 3532 1207 lacus
3567 1161 3622 1207 et

2026 1242 2244 1310 iluvios,
2275 1241 2526 1312 quaedam
2555 1258 2760 1311 aerem,
2798 1244 3061 1298 nonnulla
3091 1258 3223 1299 vero
3269 1251 3496 1299 terram.

2601 1429 2886 1494 INTERR.
2915 1438 3107 1494 XVIII.

2193 1554 2277 1609 Ad
2306 1554 2433 1626 quid
2464 1553 2605 1609 Deus
2639 1554 2834 1609 creavit
2877 1554 3071 1607 bestias
3109 1563 3159 1607 et
3191 1552 3455 1624 reptilia?

373 1756 562 1806 Δεῖται
592 1749 665 1804 τὰ
699 1747 902 1802 παιδία
930 1747 1025 1800 καὶ
1060 1743 1502 1816 μορμολυκείων,
1533 1742 1628 1796 καὶ
1656 1739 1920 1812 ἱμάντων,

2098 1736 2261 1792 Pueri
2316 1746 2430 1792 tum
2478 1735 2944 1791 terriculamentis
3022 1743 3135 1790 tum
3197 1735 3362 1790 etiam
3405 1734 3540 1791 loris
3568 1744 3624 1791 et

307 1846 403 1899 καὶ
432 1843 657 1916 ῥάϐδων
678 1857 693 1872 ⁸
748 1840 849 1894 καὶ
878 1841 994 1901 τοῖς
1027 1838 1126 1908 μὲν
1155 1835 1299 1889 αὐτὰ
1330 1832 1701 1905 δεδιττόμεθα,
1729 1833 1841 1896 τοῖς
1871 1829 1930 1884 δὲ

309 1939 401 1991 καὶ
454 1934 843 2002 παιδεύομεν“
906 1932 1147 2001 ἑκάτερα
1194 1928 1306 2000 (44)
1350 1927 1407 1981 δὲ
1453 1926 1696 1998 δρῶμεν,
1746 1926 1931 1978 πᾶσαν

312 2032 489 2093 αὐτοῖς
544 2025 822 2090 εὐταξίαν
879 2020 1424 2093 πραγματευόμενοι.
1485 2015 1707 2088 Ἐπειδὴ
1753 2015 1931 2069 τοίνυν

315 2118 532 2191 προῄδει
582 2118 745 2186 ἡμᾶς
796 2116 826 2166 ὁ
874 2113 1177 2182 Δεσπότης,
1209 2110 1342 2173 Θεὸς
1383 2110 1464 2172 εἱς
1514 2107 1790 2180 ῥᾳθυμίαν
1840 2110 1932 2161 ὲκ-

314 2209 634 2272 κλινοῦντας
650 2248 667 2273 ,

310 2488 519 2559 μαχὶαν
541 2481 985 2556 παρασκευάζῃ.
1024 2478 1170 2533 Ἀλλ’
1191 2477 1381 2549 ὥσπερ
1401 2477 1451 2531 οἱ
1480 2474 1676 2529 τέλειοι
1705 2473 1800 2526 καὶ
1822 2470 1931 2524 τῶν

312 2577 767 2651 μορμολυκείων,
802 2575 905 2629 καὶ
932 2572 1046 2626 τῶν
1082 2571 1325 2643 ἱμάντων
1353 2565 1810 2638 καταφρονοῦσιν,
1837 2562 1930 2617 οὖ-

310 2690 422 2735 τως
447 2672 501 2724 οἱ
528 2671 633 2741 τῆς
665 2668 876 2739 ἀρετῆς
928 2664 1189 2737 τρόφιμοι
1219 2662 1319 2726 τὰς
1356 2660 1466 2715 τῶν
1498 2657 1700 2731 θηρίων
1726 2657 1788 2710 οὐ
1821 2656 1930 2709 δει-

324 2764 587 2832 μαίνουσι
613 2759 953 2830 προσϐολάς,
1003 2757 1127 2811 ΚαὶΔ
1163 2755 1275 2828 γὰρ
1322 2753 1402 2826 τῷ
1458 2753 1630 2824 Ἀδὰμ
1676 2751 1784 2823 πρὸ
1831 2750 1931 2822 τῆς

333 2853 611 2922 ἁμαρτίας
655 2851 990 2921 παρεστήκει
1025 2848 1097 2901 τὰ
1134 2848 1300 2919 θηρία
1328 2846 1426 2916 τὴν
1465 2844 1710 2899 δουλείαν
1738 2842 1933 2914 ὁμολο-

336 2942 567 3010 γοῦντα,
604 2942 699 2994 καὶ
724 2940 799 3012 τῷ
824 2940 946 2994 Νῶε
982 2939 1150 2994 πάλιν
1179 2940 1261 3002 εἱς
1295 2938 1392 3009 τὴν
1420 2935 1651 2991 κιϐωτὸν
1685 2934 1928 2995 εἰσιόντι.

336 3033 497 3103 δίκην
526 3033 813 3104 προϐάτων
844 3034 942 3085 καὶ
974 3031 1121 3085 λέων
1166 3028 1477 3102 ἠκολούθει,
1515 3029 1610 3081 κα)¹
1638 3025 1927 3099 πάρδαλις,

746 2201 864 2260 οἷον
954 2205 1192 2275 ἱμάντας
1270 2200 1423 2266 τινὰς
1496 2202 1587 2255 καί
1661 2199 1933 2271 μορμολυ-

310 2306 429 2357 κεῖα
474 2296 984 2371 προκατεσκεύασε
1021 2295 1092 2348 τὰ
1138 2293 1348 2366 θηρία’
1404 2291 1492 2345 ἵνα
1536 2290 1749 2354 τούτοις
1782 2290 1932 2361 ἡμᾶς

303 2395 714 2465 δεδιττόμενος,
747 2390 894 2463 πρὸς
927 2386 1122 2443 ἑαυτὸν
1151 2386 1311 2457 ἕλκῃ,
1345 2385 1441 2438 κα),
1467 2383 1653 2437 καλεῖν
1688 2384 1767 2443 είς
1799 2396 1933 2449 συμ.

2031 1831 2200 1902 virgis
2230 1828 2495 1900 indigent.
2539 1828 2607 1883 Et
2634 1844 2731 1899 per
2762 1829 2854 1884 illa
2884 1828 3105 1899 quidem
3137 1828 3290 1899 ipsos
3325 1837 3620 1898 terremus,

2031 1938 2128 1992 per
2178 1923 2294 1978 haec
2352 1931 2532 1977 autem
2586 1921 2894 1987 erudimus,
2932 1930 3168 1992 utraque
3204 1936 3334 1977 vero
3367 1921 3619 1990 facimus,

2034 2015 2379 2070 honestatem
2430 2028 2651 2070 omnem
2697 2014 2778 2070 eis
2812 2013 3195 2084 procurantes.
3252 2015 3391 2071 Cum
3447 2016 3616 2087 igitur

2034 2106 2301 2162 Dominus
2355 2106 2500 2162 Deus
2550 2104 3032 2162 animadvertisset
3093 2122 3194 2162 nos
3225 2106 3291 2161 ad
3346 2108 3617 2175 ignaviam
3679 2158 3683 2162 .

2032 2197 2321 2269 proclives,
2353 2197 2557 2252 bestias
2587 2204 2641 2250 et
2669 2196 2882 2267 reptilia
2942 2196 3095 2267 prius
3138 2196 3404 2264 condidit,
3452 2198 3620 2253 veluti

2034 2292 2151 2347 lora
2178 2292 2429 2362 qnzedam
2462 2302 2516 2347 et
2546 2292 2990 2347 terriculamenta
3018 2310 3032 2348 :
3068 2302 3127 2348 ut
3157 2308 3251 2362 per
3283 2308 3345 2347 ea
3381 2309 3482 2349 nos
3515 2304 3622 2348 ter-

2033 2401 2163 2441 rens
2195 2385 2263 2439 ad
2298 2401 2356 2441 se
2396 2385 2661 2453 traheret,
2717 2400 2949 2455 nosque,
2984 2394 3043 2440 ut
3070 2385 3190 2455 ejus
3218 2387 3478 2441 auxilium
3513 2387 3619 2442 im-

2032 2480 2400 2550 ploraremus,
2444 2480 2760 2535 adduceret.
2790 2482 2859 2534 At
2888 2480 3346 2549 quemadmodum
3375 2482 3466 2550 qui
3495 2497 3621 2551 per-

2033 2571 2232 2628 fectam
2255 2581 2468 2628 aetatem
2492 2572 2809 2643 attigerunt,
2831 2570 3277 2626 terriculamenta
3305 2572 3619 2642 hujusmodi

2032 2674 2085 2718 et
2107 2664 2220 2717 lora
2254 2669 2647 2718 contemnunt:
2682 2662 2763 2716 sic
2794 2662 2887 2731 qui
2917 2661 2968 2715 in
2996 2662 3199 2715 virtute
3225 2663 3439 2718 educati
3469 2673 3616 2730 sunt,

2032 2756 2329 2812 bestiarum
2410 2755 2667 2810 incursus
2737 2753 2882 2809 haud
2948 2753 3261 2810 formidant.
3340 2756 3618 2824 Siquidem

2032 2848 2262 2911 Adamo,
2313 2847 2423 2917 2ο
2470 2847 2625 2915 prius
2685 2860 2851 2916 quam
2927 2853 3228 2914 peccasset,
3286 2846 3621 2902 assismhant

2032 2940 2220 2996 bestia:
2241 2938 2565 3010 obsequium
2589 2937 2916 2994 deterentes.
2941 2937 3005 2991 Et
3028 2952 3271 3003 rursum,
3306 2939 3483 3008 ipsum
3507 2937 3620 2995 Noe

2036 3032 2426 3103 ingredientem
2459 3045 2667 3098 arcam,
2692 3030 2799 3093 leo,
2819 3028 3046 3100 pardus,
3073 3037 3127 3083 et
3160 3028 3439 3098 reptilium
3464 3040 3616 3084 atro-

330 3126 425 3180 καὶ
469 3125 582 3177 τῶν
623 3124 872 3195 ἑρπετῶν
926 3124 1000 3177 τὰ
1057 3122 1366 3194 πικρότατα
1393 3137 1407 3152 ·
1467 3120 1563 3176 καὶ
1605 3119 1683 3192 τῷ
1733 3116 1928 3190 Δανιὴλ

2037 3123 2261 3180 cissima
2294 3137 2525 3193 quaeque
2583 3122 2766 3176 ovium
2801 3135 2955 3175 more
3010 3119 3400 3189 sequebantur.
3434 3120 3497 3174 Et
3522 3121 3620 3175 Da-

322 3218 777 3289 παρεστήκεισαν
810 3218 863 3270 οἱ
899 3215 1141 3283 λέοντες,
1194 3215 1512 3287 ὀρεγόμενοι
1549 3215 1648 3286 μὲν
1696 3214 1926 3284 τροφῆς,

316 3313 552 3365 πελάσαι
599 3311 662 3364 δὲ
714 3310 794 3382 μὴ
843 3309 1181 3380 τολμῶντες.
1230 3310 1370 3373 Τοὺς
1411 3309 1519 3382 γὰρ
1547 3308 1801 3371 θεοειδεῖς
1828 3307 1929 3377 τῆς

314 3402 468 3466 θείας
496 3403 716 3466 εἰκόνος
750 3401 952 3471 ἑώρων
979 3402 1039 3452 ἐν
1092 3398 1243 3470 αὐτῷ
1296 3399 1655 3470 χαρακτῆρας
1689 3414 1703 3428 ·
1756 3396 1931 3462 οὕτως

312 3493 430 3564 ἔχις
461 3496 532 3565 τῇ
575 3493 677 3546 τοῦ
722 3491 1065 3546 Ἀποστόλου
1100 3493 1248 3563 χειρὶ
1290 3490 1413 3554 τοὺς
1442 3490 1723 3554 ὀδόντας¹⁶
1754 3489 1929 3561 ἐμϐα·-

311 3586 505 3647 λοῦσα,
539 3586 638 3637 καὶ
669 3588 776 3654 τῆς
814 3583 1101 3655 ἁμαρτίας
1128 3581 1189 3634 τὸ
1218 3580 1414 3652 χαῦνον
1451 3581 1544 3635 καὶ
1571 3581 1809 3651 χαλαρὸν
1832 3581 1930 3652 οὐχ

310 3675 579 3744 εὑροῦσα,
620 3675 962 3746 ἀπεπήδησε
1003 3673 1342 3745 παραυτίκα,
1380 3674 1477 3727 καὶ
1508 3673 1651 3727 κατὰ
1685 3675 1784 3744 τῆς
1824 3691 1928 3726 πυ·-

313 3768 415 3837 ρεῖς
444 3766 638 3836 ἥλατο,
684 3765 889 3838 ὥσπερ
922 3765 1081 3830 δίκας
1111 3766 1312 3837 ἑαυτὴν
1339 3765 1801 3836 εἱσπραττομένη,
1826 3754 1930 3819 ’ὅτι

309 3855 390 3925 τῷ
445 3854 780 3925 μηδαμόθεν
850 3855 1193 3925 προσήκοντι
1265 3854 1639 3926 προσεϐάλετο
1696 3852 1925 3926 σώματι.

322 3947 514 4016 Ἡμεῖς
543 3948 606 4000 δὲ
636 3948 715 4001 τὰ
749 3946 921 4019 θηρία
965 3945 1307 4018 δεδοίκαμεν,
1351 3947 1539 4017 ἐπειδὴ
1584 3949 1683 4019 τῆς
1725 3947 1931 4018 ἀρετῆς

314 4038 409 4111 τὴν
432 4041 732 4094 πολιτείαν
757 4041 862 4093 οὐκ
893 4039 1116 4111 ἔχομεν.
1147 4040 1260 4093 Καὶ
1287 4038 1431 4094 οὓτω
1451 4040 1507 4094 δὲ
1537 4039 1929 4112 ῥᾳθυμούντων

318 4131 622 4202 κηδόμενος
654 4134 686 4184 ὁ
734 4131 897 4195 Θεὸς,
949 4131 1078 4194 τοὺς
1122 4131 1498 4202 ἐρημοτέρους
1545 4131 1776 4194 ἐκείνοις
1820 4132 1930 4184 άπ-

318 4222 604 4291 autem;
636 4221 870 4284 τόπους,
910 4222 1008 4275 καὶ
1043 4220 1134 4274 τὸν
1162 4224 1261 4291 τῆς
1293 4222 1487 4285 νυκτὸς
1521 4222 1705 4286 αὐτοῖς
1735 4221 1930 4294 καιρὸν

317 4312 619 4380 ἀπένειμεν
666 4313 754 4374 εἱς
800 4311 1098 4383 διατροφήν
1126 4327 1141 4343 ο
1201 4331 1220 4363 ι
1258 4314 1346 4367 Ἐν
1393 4313 1533 4386 αὐτῇ
1583 4312 1715 4386 γὰρ,
1769 4313 1927 4384 φησὶ,

314 4400 699 4455 ξιελεύσονται
752 4400 937 4455 πάντα
987 4402 1057 4455 τὰ
1107 4402 1274 4474 θηρία
1315 4401 1409 4456 τοῦ
1452 4402 1682 4474 δρυμοῦ.
1725 4422 1744 4455 ι
1803 4403 1929 4468 Τοῖς

314 4492 573 4560 ἑρπετοῖς
603 4491 688 4558 δὲ,
718 4493 852 4554 τοὺς
893 4492 1006 4561 (45)
1051 4493 1108 4545 ὲν
1147 4495 1214 4564 τῇ
1263 4496 1333 4566 γῇ
1369 4493 1580 4548 δέδωκε
1622 4496 1927 4567 χηραμοὺς,

315 4582 464 4645 ὅπως
510 4583 572 4634 ὲν
608 4580 853 4643 ἐκείνοις
883 4583 1305 4656 ὲγκρυπτόμενα
1341 4584 1418 4655 μὴ
1468 4584 1774 4655 λυμαίνωσι
1818 4586 1927 4640 τῶν

313 4672 634 4746 ἀνθρώπιον
656 4674 722 4727 τὸ
742 4674 925 4741 γένος.
956 4673 1071 4728 Ἰνα
1095 4675 1152 4729 δὲ
1177 4676 1253 4747 μὴ
1284 4677 1631 4731 παντάπασιν
1657 4678 1929 4749 ἀλώὸητοι

315 4765 681 4834 ἔιαμένοντες
746 4767 1188 4838 καταφρονῶμεν
1239 4767 1456 4832 αὐτῶν,
1527 4769 1604 4832 ὡς
1668 4769 1929 4840 βλάπτειν

320 4855 522 4924 ἣκιστα
554 4855 889 4927 δυναμένων
916 4872 931 4886 °
983 4856 1132 4911 ἔστιν
1163 4858 1254 4911 ὅτε
1292 4862 1569 4931 συγχωρεῖ
1595 4860 1688 4914 δύο
1715 4860 1867 4925 τινὰς
1892 4861 1927 4933 ἢ

325 4952 463 5019 τρεῖς
516 4953 592 5004 ἐκ
646 4949 870 5004 πολλῶν
917 4952 1224 5022 μυριάδων,
1264 4955 1293 5007 ὀ
1324 4954 1436 5026 (46)
1484 4955 1687 5024 σοφῶς,
1704 4956 1775 5009 τὰ
1811 4945 1936 5010 καθ’

2033 3217 2161 3271 nieli
2195 3215 2427 3271 aderant
2451 3215 2662 3282 leones,
2698 3213 2793 3285 qui
2825 3212 3031 3283 alioqui
3074 3210 3312 3267 famelici
3357 3212 3621 3268 accedere

2035 3319 2215 3364 tamen
2247 3307 2312 3362 ad
2343 3322 2468 3362 eum
2499 3321 2606 3360 non
2663 3305 2960 3368 audebant,
3002 3318 3068 3359 eo
3098 3305 3245 3374 quod
3284 3302 3337 3357 in
3369 3303 3461 3357 illo
3505 3320 3623 3374 spe-

2033 3403 2210 3458 cimen
2237 3400 2513 3471 quoddam
2548 3399 2791 3454 divinam
2843 3397 3142 3468 imaginem
3179 3412 3292 3468 prie
3326 3412 3386 3453 se
3432 3395 3618 3452 ferens

2032 3494 2433 3564 conspicerent.
2470 3491 2657 3547 itidem
2706 3490 2913 3558 vipera,
2956 3507 3079 3561 quae
3108 3490 3301 3546 dentes
3356 3489 3622 3560 injecerat

2034 3584 2086 3638 in
2117 3599 2337 3638 nianum
2373 3579 2685 3653 Apostolih,
2715 3596 2837 3636 cum
2889 3581 3097 3651 peccati
3151 3581 3287 3635 nihil
3339 3580 3619 3635 inlirmum

2031 3685 2127 3730 aut
2152 3676 2314 3731 molle
2338 3676 2391 3728 in
2420 3690 2485 3729 eo
2510 3674 2824 3743 reperisset,
2858 3688 2985 3729 mox
3017 3673 3231 3740 resiliit,
3263 3681 3318 3728 et
3350 3672 3404 3726 in
3440 3672 3621 3743 ignem

2032 3781 2091 3822 se
2124 3765 2379 3836 conjecit,
2439 3757 2770 3834 supplicium
2828 3764 3237 3833 quodammodo
3295 3763 3360 3818 de
3391 3777 3450 3817 se
3501 3763 3622 3834 ipsa

2032 3874 2280 3925 sumens,
2321 3856 2467 3929 quod
2522 3872 2725 3927 corpus
2785 3856 2888 3911 sibi
2937 3856 3251 3911 nullatenus
3292 3855 3623 3931 conveniens

2032 3949 2225 4004 adorta
2255 3957 2417 4004 esset.
2466 3945 2579 4001 Nos
2612 3955 2793 4002 autem
2837 3947 2959 4001 ideo
2998 3947 3200 4001 bestias
3234 3945 3618 4010 formidamus,

2031 4040 2159 4110 quia
2191 4040 2390 4095 virtute
2431 4039 2674 4109 praeditis
2700 4038 2946 4094 moribus
2985 4054 3095 4094 non
3126 4055 3335 4094 sumus.
3367 4038 3429 4092 Et
3456 4038 3528 4092 ob
3567 4038 3622 4092 id

2031 4132 2178 4188 Deus
2218 4132 2532 4188 socordium
2560 4132 2726 4187 etiam
2761 4131 3048 4187 hominum
3081 4146 3268 4187 curam
3314 4145 3502 4202 agens,
3527 4144 3622 4185 eas

2032 4224 2088 4279 in
2113 4226 2407 4284 remotiora
2442 4226 2562 4281 loca
2623 4225 2902 4296 relegavit,
2936 4233 2989 4280 et
3018 4224 3088 4280 iis
3129 4232 3459 4278 nocturnum
3492 4231 3623 4277 tem-

2033 4333 2136 4388 pus
2174 4318 2241 4372 ad
2264 4332 2451 4375 escam
2502 4318 2854 4387 quaerendam
2910 4318 3140 4388 largitus
3193 4323 3299 4372 est.
3336 4335 3354 4367 ι
3390 4315 3445 4370 In
3502 4316 3621 4387 ipsa

2033 4411 2179 4466 enim
2213 4410 2416 4481 (nocte)
2443 4409 2540 4474 ait,
2572 4409 2885 4466 transibunt
2928 4425 3120 4465 omnes
3155 4408 3343 4464 bestia:
3367 4408 3518 4464 silva:
3539 4411 3616 4463 ι.»

2035 4500 2343 4572 Reptilibus
2370 4516 2498 4556 vero
2532 4509 2692 4556 antra
2737 4508 2899 4555 terrae
2936 4500 3189 4571 praebuit,
3234 4508 3294 4555 ut
3342 4500 3395 4554 in
3430 4500 3511 4557 eis
3542 4501 3622 4556 la-

2038 4595 2208 4650 tentia
2241 4594 2480 4649 humano
2529 4594 2713 4665 generi
2745 4608 2853 4648 non
2895 4602 3149 4659 noceant.
3190 4593 3259 4647 At
3295 4607 3363 4647 ne
3392 4592 3621 4659 bestias,

2034 4688 2182 4742 velut
2212 4688 2282 4742 ab
2337 4686 2423 4742 his
2474 4701 2703 4756 prorsus
2759 4686 2934 4747 illaesi,
2986 4694 3426 4751 contemnamus,
3462 4684 3621 4754 quasi

2038 4780 2198 4835 nobis
2249 4779 2477 4834 minime
2525 4792 2725 4833 nocere
2764 4777 2998 4848 possint,
3043 4790 3438 4846 nonnunquam
3482 4777 3621 4830 duos

2044 4880 2140 4924 aut
2170 4879 2281 4925 tres
2311 4884 2342 4924 e
2370 4869 2561 4923 multis
2602 4866 2846 4923 millibus
2879 4867 2966 4921 vel
2997 4881 3028 4921 a
3061 4866 3446 4936 scorpionibus
3476 4877 3616 4932 pun-

2044 4961 2117 5031 gi,
2141 4969 2236 5015 aut
2267 4975 2297 5014 a
2329 4958 2674 5027 serpentibus
2722 4958 2960 5013 morderi
2993 4957 3262 5029 permittit
3295 4955 3341 5011 is
3388 4954 3480 5024 qui
3528 4968 3621 5008 sa-

332 5039 462 5110 ἡμᾶς
518 5041 921 5113 πρυτανεύων,
976 5043 1010 5114 ἢ
1048 5044 1154 5096 ὑπὸ
1203 5045 1484 5116 σκορπίων
1534 5046 1849 5115 κεντᾶσθαι,
1895 5047 1928 5118 ἢ

2040 5053 2255 5123 pienter
2282 5065 2370 5106 res
2399 5058 2618 5106 nostras
2647 5051 2949 5121 gubernat;
2984 5059 3044 5106 ut
3073 5064 3172 5105 nos
3193 5046 3372 5115 veriti,
3402 5059 3469 5101 ne
3490 5044 3621 5115 quid

390 5225 418 5264 ⁸
450 5223 597 5279 Gen.
642 5238 682 5287 ι,
706 5219 802 5274 22.
882 5222 909 5261 h
940 5220 1067 5275 Act.
1102 5237 1299 5288 xxvm,
1328 5225 1381 5278 ὃ.
1467 5225 1482 5265 ὶ
1509 5223 1656 5281 Psal.
1688 5241 1806 5294 cm,
1832 5226 1924 5283 20.

1211 5333 1447 5391 VABIIE
1474 5337 1866 5394 LECTIONES
1904 5337 1998 5394 EX
2038 5335 2310 5394 CATENA
2353 5334 2715 5392 LIPSIENSI.

415 5455 464 5488 ³⁵
495 5453 625 5510 Cat.
668 5466 724 5522 ι).
755 5450 825 5507 38
847 5451 976 5513 τοὺς
1001 5451 1227 5514 ὀδόντας
1256 5466 1370 5509 om.

1828 5566 2059 5625 ΝΟΤᾸΞ.

421 5689 516 5761 43)
552 5691 805 5761 fuerit.
837 5688 1083 5761 δράκα.
1108 5684 1225 5740 Pic.
1248 5685 1407 5761 ᾇλλα.

421 5690 516 5761 43)
552 5691 805 5758 'Alora.
837 5690 975 5743 Cod.
1010 5696 1068 5742 et
1108 5690 1225 5740 Pic.
1248 5690 1407 5743 ἄλλα.

395 5690 518 5834 EH)
561 5760 845 5829 Ἐκὰτερα
868 5759 938 5813 δὲ
966 5756 1207 5826 δρῶμεν
1240 5759 1454 5813 desunt.

2128 5685 2218 5757 45)
2248 5685 2381 5757 Cod.
2416 5687 2549 5749 τοῖς.

2128 5686 2218 5757 45)
2248 5686 2381 5742 Cod.
2416 5687 2549 5749 τοῖς.

2107 5686 2224 5827 ξω)
2265 5757 2329 5810 '0
2343 5754 2480 5812 Cod.
2510 5763 2562 5811 ct
2590 5754 2701 5821 Pic.
2725 5753 2826 5819 ὡς.
