4136 6462
487 354 563 419 99
1487 345 1981 410 THEODORETI
2029 344 2375 407 EPISCOPI
2412 336 2792 405 CYREXSIS
3664 264 3779 502 ἢ
3828 336 3864 404 δ)

489 461 670 502 cimiln
702 458 992 502 nminmnr
1030 455 1198 502 Deum
1230 463 1533 502 crcnlnrmn
1569 459 1585 477 ¹
1624 458 1676 502 in
1710 453 1975 502 auxilium
1999 452 2081 502 in-
2118 460 2153 502 Δ
2188 453 2295 502 ὑπὸ
2324 452 2503 502 δφεων
2535 450 2830 502 δάκνεσθαι
2861 466 2874 481 ο
2911 448 2976 502 ἵν’
3013 449 3194 502 ἡμεῖς.
3234 447 3305 502 ὼε
3338 448 3571 502 δεδιότες
3612 452 3681 502 μή
3832 465 3864 500 ἰ

3234 447 3305 513 ὡς
3338 448 3571 512 δεδιότες
3611 452 3681 517 μή
3715 447 3774 517 ξ’
3832 465 3867 500 ἰ

489 461 670 541 simile
701 458 995 532 patiamur,
1030 455 1198 513 Deum
1230 463 1533 513 creatorem
1569 459 1585 477 ⁶
1623 458 1676 510 in
1710 453 1975 508 auxilium
1999 452 2081 506 in-

2188 453 2295 507 ὑπὸ
2324 452 2503 521 δφεων
2535 450 2830 507 δάκνεσθαι
2861 466 2874 481 ο
2911 448 2976 502 ἵν’
3013 449 3194 519 ἡμεῖς,

491 506 670 541 -..μνη
701 506 995 532 r-..-..-_.,
1030 506 1197 513 ---ην
1234 506 1533 513 ---_-----_-

491 570 774 622 vocemus,
803 554 1161 611 obsecrantes
1195 561 1252 608 ut
1281 552 1370 607 ille
1393 551 1639 607 omnium
1682 548 1953 605 malorum
1979 548 2076 601 de-

2188 544 2565 616 παραπλήσιον
2594 544 2888 615 πάθοιμεν,
2922 544 3000 603 εἰς.
3036 542 3357 615 ἐπικουρίαν
3395 541 3650 611 καλῶμεν
3668 506 3779 595 Est
3856 551 3871 574 ³

490 652 722 723 pultrice
747 647 1085 719 providentia
1113 662 1212 703 nos
1236 654 1475 702 tueatur.
1505 643 1773 699 Praeterea
1800 651 1856 696 et
1881 640 1948 697 ad
1972 639 2078 695 alia

2188 636 2521 705 πεποιηκότα
2563 635 2718 702 Θεὸν,
2771 635 2865 690 καὶ
2913 634 3019 688 ὑπὸ
3062 633 3160 704 τῆς
3199 633 3509 696 παναλκοῦς
3554 630 3807 718 ἐκείνης
3852 648 3858 653 ’

492 742 680 797 bestiae
708 755 818 796 non
852 748 981 796 sunt
1012 737 1171 792 nobis
1198 736 1455 791 inutiles.
1498 732 1633 788 Nam
1668 748 1733 786 ex
1769 731 1848 787 eis
1881 729 2079 785 medici

2188 728 2529 801 προμηθείας
2575 727 2931 800 φρουρεῖσθαι
2983 726 3417 798 παρακαλῶμεν.
3458 725 3671 788 ’Ἄλλως
3708 741 3772 777 τε
3822 724 3867 801 ‘d.

491 835 790 905 pharmaca
848 846 956 887 non
1013 846 1182 901 pauca
1250 836 1589 898 componunt
1621 825 1686 880 ad
1720 823 1823 894 2]
1858 823 2121 895 morbos,

492 925 914 997 propulsandos.
944 920 1118 977 Nemo
1171 921 1340 993 igitur
1378 918 1577 974 bestiis
1616 932 1712 988 per
1742 932 1800 972 se
1830 915 2081 971 conside-

494 1015 627 1072 ratis
657 1016 724 1071 de
757 1014 1021 1069 Creatore
1051 1017 1444 1081 conqueratur,
1482 1005 1579 1062 sed
1613 1005 1902 1061 utilitatem
1930 1002 2083 1058 inve-

493 1107 675 1181 stiget.
730 1097 1010 1176 Siquidem
1074 1103 1254 1173 ipsum
1302 1101 1465 1156 etiam
1518 1111 1722 1168 corpus
1754 1096 2077 1160 humanum,

492 1200 746 1274 quamvis
790 1192 1119 1261 formosum,
1146 1202 1534 1265 temperatum,
1567 1200 1622 1247 et
1664 1190 1814 1246 varia
1843 1187 2079 1259 partium

496 1294 726 1350 utilitate
753 1292 1063 1363 praeditum,
1091 1302 1287 1343 mucco
1314 1296 1522 1352 tamen,
1545 1294 1599 1340 et
1620 1292 1802 1355 sputo,
1828 1298 1890 1337 ac
1913 1281 2082 1337 fetido

494 1399 756 1450 stercore,
787 1382 933 1456 quod
966 1381 1212 1438 excernit
1239 1421 1254 1448 ,
1310 1393 1418 1434 non
1454 1387 1626 1434 caret.
1675 1375 1871 1432 Nullus
1900 1384 2082 1430 tamen

494 1494 643 1534 sana:
684 1477 885 1532 mentis
936 1490 1002 1529 ex
1041 1473 1127 1528 bis
1154 1470 1360 1528 animal
1396 1471 1692 1541 vituperat.
1720 1467 1908 1539 Neque
1931 1466 2080 1521 enim

494 1573 697 1641 absque
728 1568 814 1624 his
842 1580 1005 1638 agere
1036 1566 1201 1620 vitam
1233 1572 1431 1636 potest,
1463 1558 1559 1619 sed
1587 1574 1684 1633 per
1717 1558 1833 1617 haec
1863 1552 2081 1616 firmum

493 1671 578 1717 est
613 1670 668 1716 et
698 1669 972 1732 vegetum.
1029 1656 1313 1729 Siquidem
1362 1664 1487 1727 eget
1541 1653 1759 1726 pituita,
1788 1652 2080 1723 sanguine,

490 1758 543 1806 et
591 1762 821 1822 utraQue
857 1751 983 1805 bile.
1019 1748 1099 1804 At
1143 1746 1611 1820 quemadmodum
1650 1752 1748 1817 per
1795 1744 1914 1801 haec
1950 1758 2085 1799 con-

495 1847 661 1911 sistit,
698 1846 779 1900 sic
818 1856 915 1915 per
956 1842 1147 1898 eadem
1179 1840 1457 1896 dilabitur.
1496 1835 1673 1894 Unius
1706 1837 1851 1893 enim
1884 1836 2080 1892 horum

493 1954 720 1995 excessu
750 1936 1090 1992 autdel’cctu
1138 1942 1419 2008 enecatur
1472 1930 1695 1987 animal.
1734 1929 1828 1986 Sic
1888 1945 2084 1986 rursus

492 2030 790 2102 digitorum
816 2029 1108 2085 articulum
1136 2034 1307 2083 unum
1353 2025 1401 2082 si
1431 2025 1558 2097 quis
1584 2023 1890 2089 abscindat,
1929 2022 2081 2078 illum

495 2138 722 2192 prorsus
764 2119 1009 2176 inutilem
1061 2134 1185 2175 esse
1233 2116 1622 2190 deprehendet.
1656 2115 1728 2170 At
1756 2115 2084 2185 conjttnctus

495 2219 789 2273 maximam
828 2214 1044 2286 corpori
1098 2210 1384 2267 utilitatem
1440 2208 1667 2282 praebet.
1707 2208 1799 2265 Sic
1838 2209 2003 2279 igitur
2030 2215 2087 2264 et

496 2323 595 2365 nos
619 2321 782 2378 agere
833 2306 1108 2372 convenit,
1134 2312 1194 2360 ut
1236 2318 1345 2359 non
1385 2298 1632 2373 singulas
1668 2315 1766 2372 per
1794 2316 1852 2356 se
1877 2308 2086 2356 naturae

496 2410 677 2473 partes
708 2400 1142 2466 consideremus,
1163 2397 1257 2454 sed
1279 2410 1468 2452 earum
1498 2396 1552 2451 in
1586 2395 1845 2450 universo
1875 2392 2087 2449 utilite--

498 2505 605 2550 tem
629 2503 956 2566 spectemus.
989 2491 1123 2547 Nam
1159 2500 1214 2547 et
1237 2490 1380 2562 ignis
1426 2488 1697 2545 adurendi
1734 2486 1844 2543 vim
1900 2486 2084 2552 habet,

498 2604 599 2646 nec
632 2598 844 2644 tantum
906 2602 1138 2658 corpora
1195 2584 1491 2650 consumit,
1551 2584 1647 2639 sed
1683 2582 1875 2638 domos
1919 2580 2084 2636 etiam

499 2682 758 2765 incendit,
799 2688 853 2736 et
884 2694 1070 2747 naves,
1113 2685 1169 2732 et
1201 2687 1431 2749 segetes.
1474 2677 1541 2732 Et
1585 2685 1764 2731 tamen
1797 2688 1968 2729 unum
2001 2680 2088 2730 est

497 2789 565 2829 ex
592 2764 831 2843 quatuor
884 2766 1186 2835 elementis,
1226 2782 1290 2822 ex
1346 2767 1549 2838 quibus
1578 2764 1764 2820 omnia
1805 2770 2084 2831 constant,

497 2875 552 2923 et
579 2867 695 2922 sine
754 2865 858 2920 hoc
896 2865 1079 2918 vivere
1142 2860 1454 2916 mortalium
1496 2866 1694 2914 natura
1743 2872 1854 2914 non
1884 2864 2083 2929 potest.

500 2952 567 3010 Et
593 2969 736 3025 aqua
758 2952 1012 3009 similiter
1050 2958 1253 3005 terram
1305 2949 1556 3014 inundat,
1604 2947 1800 3004 domos
1830 2946 2084 3013 destruit,

500 3046 873 3118 navigantium
942 3040 1210 3115 plurimos
1261 3039 1537 3108 exhaurit,
1600 3046 1762 3095 nocet
1818 3039 1982 3095 etiam
2016 3038 2086 3094 iis

2180 780 2553 885 ogéerévrel';
2582 780 2762 884 άλλοις
2954 780 3202 891 ἄχρηστα
3241 780 3315 874 τά·
3355 818 3540 891 θηρία.
3590 780 3774 871 Πέλλά
3836 780 3909 895 ἦε

2182 916 2293 985 γάρ
2322 915 2417 969 καὶ
2458 912 2522 967 ἐκ
2550 912 2758 968 τούτων
2799 912 3101 978 άλεξίκακα
3138 912 3339 984 ίατρῶν
3377 911 3567 974 παῖδες
3602 927 3775 965 κατα-

2185 1006 2513 1074 σκευάζουσι
2544 1007 2834 1079 φάρμακα.
2860 1006 3068 1076 Μηδεὶς
3092 1006 3272 1062 τοίνυν
3297 1005 3428 1059 αὐτὸ
3458 1004 3580 1058 καθ’
3608 1003 3772 1059 ἐαυτὸ

2183 1101 2243 1156 τὸ
2271 1100 2460 1172 θηρίον
2488 1098 2759 1166 ἐξετάζων
2808 1099 3208 1171 ἐπιμεμφέσθω
3240 1097 3318 1169 τῷ
3364 1090 3589 1169 ποιητῇ,
3635 1096 3774 1152 ἀλλὰ

2183 1192 2284 1266 τὴν
2313 1193 2505 1265 χρείαν
2536 1192 2890 1265 ἐπιζητείτω.
2943 1192 3100 1257 Ἐπεὶ
3142 1192 3238 1247 καὶ
3270 1191 3332 1244 τὸ
3385 1189 3545 1262 σῶμα
3576 1190 3637 1243 τὸ
3676 1190 3773 1243 dv-

2184 1286 2458 1358 θρώπινον
2504 1288 2707 1359 πολλὴν
2736 1287 2850 1359 ἔχει
2885 1286 2981 1343 καὶ
3008 1285 3182 1359 ὤραν,
3219 1287 3313 1341 καὶ
3344 1285 3634 1358 ἁρμονίαν,
3679 1284 3775 1338 καὶ

2183 1379 2294 1433 τῶν
2326 1378 2530 1451 μορίων
2554 1380 2653 1451 τὴν
2685 1381 2875 1453 χρείαν
2895 1395 2909 1409 ·
2954 1380 3070 1434 ἀλλ’
3096 1380 3209 1451 ἔχει
3238 1379 3333 1434 καὶ
3360 1377 3597 1450 κόρυζαν
3637 1379 3771 1448 (47),

2186 1473 2279 1527 καὶ
2310 1472 2562 1538 πτύελον,
2593 1475 2687 1528 καὶ
2707 1473 2920 1545 δυσώδη
2936 1470 3148 1548 ,κόπρον
3173 1474 3593 1545 ἐκκρινομένην.
3632 1471 3774 1526 Ἀλλ’

2184 1558 2359 1632 οὐδεὶς
2411 1557 2470 1621 εὗ
2520 1565 2736 1639 φρονῶν
2782 1567 2892 1622 ἀπὸ
2933 1566 3141 1622 τούτων
3186 1565 3465 1621 διαϐάλλει
3508 1565 3568 1620 τὸ
3612 1564 3774 1630 ζῶον.

2186 1659 2320 1732 Λίχα
2341 1658 2450 1731 γὰρ
2478 1660 2684 1716 τούτων
2706 1660 2898 1733 βιῶναι
2925 1661 3037 1717 τῶν
3062 1660 3340 1719 ἀδυνάτων
3360 1682 3377 1695 -
3402 1661 3493 1717 διὰ
3515 1658 3624 1732 γὰρ
3648 1660 3776 1715 τού-

2185 1766 2295 1808 των
2320 1753 2682 1835 ἀρδευόμενον
2713 1756 2958 1828 τέθηλεν.
3022 1755 3230 1828 Χρῂζει
3258 1754 3364 1825 γὰρ
3394 1754 3487 1809 καὶ
3529 1754 3777 1825 φλέγμα-

2186 1854 2301 1910 τος,
2331 1846 2426 1900 καὶ
2451 1846 2684 1918 αἵματος
2705 1847 2801 1901 καὶ
2846 1846 3010 1920 χολῆς
3054 1846 3341 1919 ἑκατέρας.
3397 1844 3537 1900 Ἀλλ’
3586 1846 3777 1919 ὥσπερ

2186 1936 2273 1991 διὰ
2303 1939 2510 1992 τούτων
2544 1938 2896 2009 συνέστηκεν,
2943 1939 3118 2004 οὕτως
3159 1939 3255 1995 καὶ
3281 1939 3372 1994 διὰ
3400 1939 3605 1994 τούτων
3633 1939 3778 1994 διόλ-

2184 2031 2363 2089 λυται.
2417 2031 2567 2096 Ἐνδς
2600 2032 2710 2104 γὰρ
2753 2033 2862 2088 τῶν
2895 2033 3272 2107 εῖρημένωνῆ
3328 2033 3688 2105 πλεονασμὸς.
3740 2031 3776 2098 ἢ

2185 2122 2641 2192 ἔνδεια,εδιόλλυσι
2661 2125 2723 2179 τδ
2745 2125 2905 2192 ζῶον.
2936 2125 3095 2181 Οὕτω
3119 2125 3232 2198 (48)
3264 2125 3428 2182 πάλιν
3455 2127 3510 2181 εῐ
3530 2142 3613 2190 τις
3645 2125 3781 2197 μίαν

2186 2216 2297 2273 τῶν
2325 2218 2609 2276 δακτύλων
2643 2222 2853 2293 ἐκτέμῃ
2887 2221 3210 2289 σκυταλίδα,
3256 2222 3446 2294 ὄψεται
3497 2218 3780 2283 παντελῶς

2187 2307 2360 2379 αὐτὴν
2388 2308 2665 2380 ἄχρηστον
2691 2325 2707 2342 ο
2739 2310 2877 2366 ἀλλὰ
2899 2312 3226 2383 συνημμένη
3257 2312 3517 2384 πλείστην
3542 2312 3778 2383 παρέχει

2185 2398 2264 2472 τῷ
2293 2397 2503 2469 σώματι
2532 2399 2632 2472 τὴν
2665 2401 2877 2473 χρείαν.
2912 2402 3074 2457 Οὕτω
3096 2402 3276 2458 τοίνυν
3308 2402 3405 2458 καὶ
3437 2403 3584 2474 ἡμᾶς
3610 2418 3781 2471 προσ-

2187 2494 2311 2566 ήκει
2343 2496 2518 2551 ποιεῖν
2538 2514 2551 2528 ο
2600 2498 2677 2569 μὴ
2715 2495 2849 2551 αύτδ
2879 2496 3000 2550 καθ’
3034 2495 3196 2549 ἑαυτὸ
3225 2495 3456 2550 ἕκαστον
3494 2494 3658 2567 μέρος
3692 2493 3780 2561 ἐξ·

2188 2586 2372 2654 ετάζει
2405 2588 2508 2659 τῆς
2542 2588 2774 2654 κτίσεως
2795 2603 2810 2620 ·
2865 2588 3004 2642 ἀλλὰ
3033 2588 3217 2659 ζητεῖν
3247 2589 3295 2643 εί
3324 2587 3401 2660 τῷ
3438 2587 3602 2644 παντὶ
3639 2588 3782 2661 χρή-

2189 2696 2369 2751 σιμον.
2416 2680 2574 2735 Ἐπεὶ
2604 2680 2700 2735 καὶ
2745 2679 2807 2735 τὸ
2861 2678 2975 2750 πῦρ
3023 2679 3321 2733 καυστικόν
3355 2681 3510 2734 ἐστι·
3574 2681 3669 2734 καὶ
3714 2679 3779 2732 ού

2189 2772 2351 2846 μόνον
2399 2771 2631 2846 σώματα
2677 2770 3017 2846 διαφθείρει,
3066 2772 3203 2853 άλλὰ
3247 2774 3343 2827 καὶ
3375 2772 3560 2838 οἴκους
3607 2772 3778 2845 ἐμπί-

2187 2881 2381 2936 πρησι,
2410 2866 2506 2919 καὶ
2539 2865 2726 2929 πλοῖα,
2759 2863 2857 2918 καὶ
2891 2864 3040 2935 λὴῖα.
3075 2863 3218 2918 Ἀλλ’
3244 2865 3395 2934 ὅμως
3426 2865 3486 2918 ἓν
3520 2867 3638 2918 ἐστι
3667 2864 3777 2917 τῶν

2185 2954 2471 3026 τεσσάρων
2499 2956 2801 3027 στοιχείων,
2841 2953 2910 3010 δι’
2938 2948 3014 3008 ὧν
3051 2954 3121 3009 τὰ
3151 2954 3331 3011 πάντα
3362 2957 3736 3028 συνήρμοσται
3759 2970 3777 2986 ο

2187 3047 2283 3103 καὶ
2326 3048 2452 3121 δίχα
2502 3048 2693 3104 τούτου
2742 3049 2843 3121 τὴν
2891 3049 3089 3120 θνητὴν
3126 3048 3289 3119 φύσιν
3338 3049 3623 3104 διαϐιῶναι
3668 3049 3782 3104 τῶν

500 3141 591 3210 qui
625 3136 1010 3209 intempestive
1026 3134 1115 3189 vel
1139 3131 1431 3188 immodice
1454 3131 1640 3186 bibere
1665 3145 1773 3186 non
1804 3138 2082 3187 verentur.

2189 3138 2489 3195 ἀδυνάτων.
2545 3140 2657 3195 Καὶ
2693 3140 2840 3213 ὕδωρ
2888 3140 3154 3206 ὡσαύτως
3202 3139 3489 3206 ἐπικλύζει
3520 3145 3620 3213 τὴν
3650 3140 3778 3211 γῆν.

497 3232 669 3289 Nemo
703 3240 910 3297 tamen,
946 3228 1052 3285 nisi
1085 3227 1333 3295 demens,
1364 3224 1729 3298 perniciosam
1759 3239 1961 3296 aquam
1989 3238 2087 3294 apd

497 3326 732 3399 pellarit.
758 3323 888 3380 Haec
917 3322 1065 3379 enim
1093 3330 1148 3377 et
1177 3330 1381 3377 terram
1408 3318 1624 3390 irrigat,
1652 3327 1707 3373 et
1727 3317 1939 3389 plantas
1966 3316 2085 3384 alit,

497 3429 553 3477 et
584 3419 743 3474 bruta
788 3415 1067 3481 animaiia,
1118 3414 1406 3485 ipsamque
1458 3411 1747 3467 hominum
1806 3416 2084 3465 naturam.

498 3512 583 3570 Ad
621 3513 769 3567 hunc
809 3519 939 3581 ergo
969 3507 1193 3564 modum
1250 3514 1306 3562 et
1350 3505 1585 3562 aliorum
1648 3502 2089 3574 unumquodque

499 3603 904 3667 esaminamus,
957 3614 1066 3655 non
1124 3599 1306 3669 ipsum
1367 3612 1464 3667 per
1533 3610 1594 3651 se
1648 3593 2083 3661 considerantes,

501 3695 800 3751 noxiumne
822 3692 912 3758 sit,
947 3690 1056 3762 22
1084 3702 1153 3745 an
1201 3687 1552 3745 commodum
1577 3703 1592 3741 :
1617 3685 1712 3742 sed
1746 3700 1815 3741 an
1845 3685 2086 3755 aliquam

500 3789 758 3843 universo
790 3784 1079 3840 utilitatem
1105 3778 1372 3838 conferat.
1406 3776 1539 3834 Nam
1565 3785 1620 3835 et
1647 3776 1779 3833 ferte
1809 3777 2085 3833 hominem

503 3888 823 3936 reverentur
868 3884 1090 3948 propter
1115 3874 1434 3929 attributam
1471 3869 1549 3927 illi
1575 3871 1644 3927 ab
1673 3868 1831 3926 initio
1857 3870 1913 3925 in
1939 3869 2091 3941 ipsas

502 3980 848 4046 potestatem.
900 3967 1180 4023 interdum
1249 3976 1431 4022 tamen
1483 3964 1637 4020 illum
1686 3963 1837 4019 velut
1887 3963 2091 4020 divinas

503 4065 638 4138 legis
662 4061 1137 4136 praevaricatorem
1176 4066 1583 4115 centemnnnt:
1623 4056 2089 4127 quemadmodum

501 4158 736 4231 improbi
766 4153 910 4213 servi
941 4152 1226 4225 despicere
1256 4149 1381 4206 illos
1424 4149 1624 4213 solent,
1654 4147 1747 4219 qui
1778 4161 1875 4203 eos
1905 4162 2092 4218 regere

501 4248 798 4307 adominis
815 4245 957 4318 iussi
983 4250 1133 4309 sunt,
1161 4243 1207 4299 si
1244 4256 1340 4305 eos
1392 4239 1624 4296 viderint
1667 4237 1931 4295 admissis
1979 4238 2090 4296 cri-

502 4341 746 4396 minibus
768 4337 1155 4394 auctOritatetn
1183 4333 1460 4389 amisisse.

2186 3230 2364 3293 οίκίας
2385 3230 2671 3299 καταλύει,
2690 3232 3046 3305 παμπόλλους
3064 3233 3172 3287 τῶν
3190 3231 3626 3303 ναυτιλλομένων
3646 3231 3783 3287 διόλο

2187 3324 2330 3378 λυσι.
2373 3325 2712 3398 Λυμαίνεται
2749 3326 2938 3413 δέθκαὶ
2962 3327 3087 3391 τοὺς
3117 3325 3367 3399 ἀκαίρως
3398 3327 3494 3381 καὶ
3523 3325 3783 3401 ἀμέτρως

2188 3417 2367 3471 πίνειν
2411 3416 2795 3489 ἀνεχομένους.
2845 3417 2986 3472 Ἀλλ’
3019 3417 3198 3483 οὐδεὶς
3248 3418 3322 3491 μὴ
3365 3417 3562 3489 κομιδῆ
3601 3434 3785 3488 παρα-

2189 3507 2374 3563 παίων
2395 3506 2639 3582 ὀλέθριον
2668 3509 2732 3563 τὸ
2760 3507 2905 3582 ὕδωρ
2933 3509 3207 3582 ὠνόμασε.
3233 3508 3406 3564 Τοῦτο
3431 3511 3540 3582 γὰρ
3566 3509 3663 3564 καὶ
3684 3509 3784 3581 τὴν

2192 3598 2298 3670 γῆν
2329 3599 2504 3671 ἄρδει,
2534 3599 2632 3655 καὶ
2659 3600 2727 3655 τὰ
2775 3601 2922 3671 φυτὰ
2959 3600 3171 3673 τρέφει,
3210 3599 3398 3655 καὶτὰ
3436 3600 3609 3669 ἄλογα
3641 3598 3782 3665 ζῶα,

2197 3691 2291 3746 καὶ
2320 3691 2429 3745 τῶν
2461 3690 2768 3764 ἀνθρώπων
2803 3689 2902 3764 τὴν
2932 3691 3118 3763 φύσιν.
3150 3689 3307 3747 Οὕτω
3336 3691 3515 3745 τοίνυν
3546 3691 3642 3744 καὶ
3672 3688 3787 3744 τῶν

2195 3782 2374 3838 ἄλλων
2395 3781 2630 3836 ἕκαστον
2666 3782 3018 3853 ἐξετάζομεν,
3064 3781 3139 3855 μὴ
3167 3781 3297 3836 αὐτὸ
3332 3776 3457 3836 καθ⁴
3485 3779 3644 3835 ἐαυτδ
3684 3778 3809 3850 pa-»

2200 3872 2533 3940 σανίζοντες,
2572 3872 2627 3926 εῖ
2648 3887 2710 3925 τε
2737 3871 3070 3943 λυμαντικόν
3101 3874 3269 3936 ἐστιν,
3300 3871 3354 3925 εῐ
3379 3888 3437 3926 τε
3472 3866 3783 3942 ὠφέλιμονο

2198 3965 2316 4021 ἀλλ’
2345 3966 2395 4019 εί
2428 3964 2506 4037 τῷ
2540 3965 2703 4038 κοινῷ
2753 3964 2998 4019 συντελεῖ
3048 3981 3173 4018 τινα
3207 3963 3417 4036 χρείαν.
3471 3965 3581 4019 Καὶ
3619 3962 3790 4036 θηρία

2197 4060 2308 4133 γὰρ
2358 4058 2586 4113 αἰδεῖται
2637 4057 2738 4130 μὲν
2786 4057 2877 4113 τὸν
2925 4056 3214 4129 ἄνθρωπον
3259 4056 3346 4111 διὰ
3379 4056 3481 4129 τὴν
3521 4056 3583 4121 ἐξ
3614 4055 3790 4127 ἀρχῆς

2197 4153 2450 4208 δοθεῖσαν
2480 4150 2630 4223 αὐτῷ
2659 4150 2781 4205 κατ’
2811 4150 2991 4206 αὐτῶν
3026 4149 3277 4218 ἐξουσίαν
3298 4164 3313 4180 ·
3364 4148 3441 4214 ὡς
3469 4147 3790 4221 παραϐεϐη-

2198 4245 2357 4310 κότος
2397 4244 2455 4300 δὲ
2478 4242 2571 4298 τδν
2604 4242 2748 4299 θεῖον
2777 4242 2964 4314 νόμον,
2992 4241 3142 4296 ἐστιν
3167 4242 3256 4296 ὅτε
3289 4242 3656 4312 καταφρονεῖ’
3694 4240 3790 4293 καὶ⁸

2125 4333 2171 4391 Ι)
2199 4339 2308 4411 γὰρ
2340 4338 2438 4393 καὶ
2487 4337 2539 4391 οί
2568 4335 2799 4408 πονηροὶ
2849 4330 3027 4389 δοῦλοι
3070 4332 3352 4389 διαπτύειν
3396 4333 3623 4389 εἰώθασι
3659 4333 3790 4397 τοὺς

504 4430 705 4491 ἰθύνειν
754 4430 953 4493 αὐτοὺς
984 4425 1139 4499 παρὰ
1185 4423 1300 4480 τῶν
1341 4421 1619 4478 δεσποτῶν
1667 4423 2152 4499 κεκελευσμένους,
2211 4430 2343 4485 ὅταν
2386 4426 2539 4484 ἴδωσι
2579 4424 2670 4481 διὰ
2715 4422 3168 4499 πλημμελήματα
3211 4424 3526 4497 παρρησίας
3557 4426 3789 4497 ἐστερη-

505 4527 720 4599 μένους.

1031 4630 1059 4659 ⁴’
1079 4622 1362 4690 INTEBR.
1416 4626 1556 4689 XIX.

505 4756 735 4814 Cuinam
787 4752 924 4807 dixit
957 4749 1097 4805 Deus
1122 4762 1144 4803 :
1181 4768 1200 4801 ι
1234 4744 1525 4803 Faciamus
1559 4746 1825 4802 hominem
1866 4748 1936 4804 ad
1968 4750 2098 4805 ima-

818 4825 992 4895 ginem
1019 4828 1069 4876 ει
1091 4819 1494 4874 similitudinem
1521 4828 1760 4874 nostram
1787 4818 1849 4875 ?s

576 4936 907 4996 Exsecrandi
949 4933 1173 5006 quidam
1204 4930 1442 4989 haeretici
1466 4929 1725 4987 dixerunt
1779 4928 1951 4988 Deum
1975 4932 2094 4988 haec

504 5032 750 5088 locutum
779 5042 905 5086 esse
930 5025 1140 5098 angelis
1181 5032 1239 5081 et
1269 5023 1538 5095 improbis
1565 5021 1910 5080 daemonibus
1936 5043 1950 5080 :
1982 5039 2091 5080 non

506 5123 873 5193 intelligentes
894 5118 1099 5194 stupidi
1127 5117 1379 5175 homines
1412 5116 1751 5189 huiusmodi,
1799 5118 1930 5189 quid
1985 5118 2091 5176 sibi

506 5216 637 5271 velit
671 5213 808 5270 illud
843 5231 859 5268 :
899 5232 916 5266 ι
949 5212 1029 5266 Ad
1084 5209 1384 5282 imaginem
1423 5215 1691 5263 nostram.
1720 5227 1740 5261 ι
1769 5207 2093 5265 Substantia

507 5307 655 5365 enim
685 5303 783 5361 Dei
812 5314 868 5360 et
906 5303 1224 5374 angelorum
1271 5316 1380 5356 non
1412 5307 1499 5357 est
1544 5314 1676 5365 una,
1707 5314 1886 5371 neque
1911 5301 2094 5375 imago

508 5399 827 5458 csteadem.
856 5396 950 5453 ille
998 5396 1143 5453 enim
1187 5404 1447 5451 aeternam
1506 5392 1666 5448 habet
1710 5402 1985 5462 naturam,
2040 5396 2093 5451 hi

2825 4634 3025 4691 ΕΡΩΤ.
3058 4632 3161 4688 ῙΘ’.

2209 4751 2335 4806 Τίνι
2372 4752 2408 4805 ό
2434 4747 2581 4814 Θεὸς
2601 4748 2825 4818 εἴρηκε.
2859 4768 2880 4801 ι
2914 4747 3276 4819 Ποιήσωμεν
3309 4745 3628 4815 ἆνθρωπονδ
3659 4757 3795 4802 κατ’

2369 4820 2578 4875 είκόνα
2602 4820 2704 4875 καὶ
2738 4819 2867 4875 καθ’
2901 4819 3189 4890 ὁμοίωσιν
3212 4820 3551 4888 ἡμετέραν-ς
3596 4836 3615 4869 ι

2272 4932 2430 4998 Τινὲς
2484 4933 2584 5004 μὲν
2632 4931 2746 4988 τῶν
2791 4931 3128 5003 δυσωνύμων
3163 4930 3459 5003 αίρετικῶν
3493 4929 3630 5003 πρὸς
3663 4931 3794 4996 τοὺς

2199 5025 2469 5098 ἀγγέλους
2489 5025 2654 5081 αὐτὸν
2684 5025 2994 5098 εἰρηκέναι,
3020 5026 3114 5081 καὶ
3138 5025 3267 5090 τοὺς
3291 5024 3568 5096 πονηροὺς
3594 5023 3687 5078 δαί
3690 5037 3792 5094 μο-

2200 5135 2299 5182 νας
2330 5117 2542 5188 ἔφασαν
2567 5135 2581 5150 ·
2620 5118 2683 5172 ού
2716 5120 2990 5184 συνιέντες
3021 5119 3073 5173 οἱ
3116 5118 3480 5190 ἐμόρόντητοι
3505 5116 3568 5170 τὸ
3605 5134 3625 5169 ι
3655 5116 3797 5170 Κατ’

2202 5209 2389 5265 εἰκόνα
2421 5208 2721 5285 ἡμετέραν.
2759 5230 2778 5263 ι
2806 5207 2947 5264 Θεοῦ
2978 5210 3089 5281 γὰρ
3115 5209 3275 5263 οὐσία
3316 5208 3413 5262 καὶ
3445 5205 3697 5276 ἀγγέλων
3729 5206 3791 5259 ού

2206 5300 2305 5373 μία
2327 5301 2463 5373 (49),
2489 5300 2615 5357 οὕτε
2647 5302 2813 5357 εἰκὼν
2844 5305 2878 5374 ή
2906 5304 3048 5372 αὐτή
3070 5317 3083 5331 ο
3126 5303 3155 5355 ὁ
3201 5300 3301 5372 μὲν
3333 5298 3444 5369 γὰρ
3480 5298 3650 5353 ἀΐδιον
3677 5295 3792 5366 ἔχει

2204 5394 2303 5467 τὴν
2343 5394 2507 5466 φύσιν
2533 5411 2547 5425 ⁸
2575 5397 2628 5449 οἱ
2664 5397 2721 5450 δὲ
2749 5396 2910 5450 αὑτὸν
2933 5394 3116 5466 έχουσι
3145 5393 3377 5469 ποιητὴν
3404 5392 3499 5450 καὶ
3527 5392 3793 5466 δημιουρ-

2034 5571 2272 5632 NOTAE.

608 5696 699 5767 47)
730 5696 868 5752 Cod.
904 5696 1164 5760 κόνυζαν.

606 5760 699 5839 ιὸ)
725 5767 890 5823 Οὕτω
913 5796 976 5808 -
998 5768 1196 5833 ὲστερ.
1234 5763 1357 5820 Des.
1386 5764 1440 5819 in
1482 5765 1607 5821 cod.
1647 5772 1700 5821 et
1722 5764 1869 5837 apud
1898 5760 2016 5819 Pic.

2277 5695 2527 5781 (i9lKal
2556 5722 2627 5733 —
2653 5692 2779 5765 μία.
2816 5689 2941 5748 Des.
