4136 6442
508 276 609 344 133

1505 280 1998 342 TIIEODORETI
2041 283 2376 345 EPISCUPI
2423 290 2795 349 CYHENblb

3692 296 3793 356 104

512 386 831 455 insinua‘vit,
866 398 924 443 ιιι
953 389 1045 460 qui
1075 388 1263 444 lautius
1310 400 1361 444 et
1398 390 1631 461 hymnos
1658 392 1943 447 oblaturus
1977 402 2088 447 erat

2198 394 2290 446 ἐπὶ
2333 397 2432 464 τῆς
2463 398 2588 467 γῆς,
2617 397 2759 470 λάϐῃ
2793 398 3073 468 θεολογίας
3119 400 3453 473 αἰνίγματα·
3494 403 3589 456 καὶ
3632 404 3793 459 οἱονεί

503 493 665 547 super
691 491 914 557 terram,
941 479 1231 549 theologia:
1253 481 1549 549 (enigmata
1569 479 2088 550 comprehenderet:

503 580 555 622 et
588 581 846 639 tanquam
874 582 1069 625 auctor
1102 572 1421 641 liujusmodi
1479 573 1796 634 ereationis.
1826 573 2090 641 majorem

502 677 627 732 erga
661 672 974 716 creaturam
1013 664 1407 719 humanitatem
1453 664 1706 735 patefecit
1765 663 1879 719 iloc
1912 664 2090 734 ipsqu

501 764 553 805 et
600 762 865 809 strenuus
914 755 1005 810 ille
1063 754 1186 820 Job,
1242 757 1421 826 ipsum
1488 756 1797 825 alloquens,
1846 756 2088 811 clamat:

506 865 525 895 ι
552 845 747 901 Manus
779 857 884 903 tua:
934 847 1185 903 fecerunt
1239 864 1345 913 me,
1375 856 1426 901 et
1463 846 1839 901 formaverunt
1878 862 1963 901 me
1985 857 2033 901 ι).
2070 866 2088 900 ι

502 939 598 994 His
621 956 838 1011 quoque
860 941 1041 996 verbis
1068 957 1200 995 usus
1219 951 1301 995 est
1333 939 1498 994 David
1516 949 1565 1005 ει,
1588 939 1690 992 hoc
1724 940 1902 1008 ipsum
1926 940 2092 993 etiam

501 1049 633 1088 sane
665 1036 838 1100 novit,
871 1037 962 1103 qui
1015 1047 1208 1090 sancto
1243 1035 1583 1105 baptismate
1620 1034 1819 1104 dignus
1874 1034 2095 1090 habitus

498 1134 582 1179 est
614 1145 625 1180 :
656 1142 850 1197 nempe
885 1128 1033 1197 quod
1084 1127 1131 1181 is
1178 1126 1273 1197 qui
1308 1126 1567 1181 formavit
1601 1125 1850 1191 salvavit,
1891 1135 1948 1180 et
1999 1127 2093 1196 qui

501 1218 731 1272 salvavit
767 1218 1043 1271 formavit.
1069 1218 1150 1271 Ad
1180 1218 1294 1271 haec
1343 1228 1396 1272 et
1428 1218 1544 1287 ipse
1572 1216 1801 1270 Creator
1830 1230 1926 1284 per
1953 1215 2099 1270 Jere—

500 1310 666 1363 miam
700 1319 753 1363 et
802 1303 997 1364 Isaiam
1055 1309 1178 1362 ait:
1219 1327 1236 1360 ι
1261 1308 1533 1374 Quoniam
1591 1322 1693 1361 nos
1730 1307 1926 1371 lutum,
1978 1305 2095 1375 ipse

501 1415 634 1455 vero
661 1410 745 1455 est
774 1401 867 1470 qui
899 1399 1160 1455 formavit
1188 1414 1289 1453 nos
1314 1408 1356 1452 τ.
1384 1417 1403 1450 ι
1438 1399 1605 1469 Atqui
1655 1398 1896 1452 divinam
1932 1406 2095 1451 natu-

498 1507 612 1545 ram
649 1508 826 1561 neque
862 1506 1059 1547 manus
1094 1492 1318 1556 habere,
1354 1505 1534 1563 neque
1565 1490 1798 1547 consilio
1835 1497 1929 1543 aut
1959 1503 2095 1559 prte-

497 1582 853 1639 meditatione
878 1600 1039 1655 egere
1073 1586 1415 1655 profitemur,
1470 1594 1530 1641 ut
1569 1600 1637 1640 ex
1676 1582 1974 1639 Platonicis
2006 1581 2092 1637 fa-

496 1675 639 1731 bulis
680 1676 986 1731 secundum
1034 1691 1155 1732 eam
1186 1693 1351 1747 quam
1387 1674 1706 1747 conceperit
1732 1674 1911 1729 ideam
1953 1689 2091 1744 opus

496 1778 779 1824 construat
811 1786 826 1823 :
864 1770 957 1826 sed
983 1770 1416 1841 unumquodque
1466 1769 1664 1823 horum
1702 1767 1965 1834 majorem
1993 1765 2088 1821 Dei

495 1860 923 1919 sollicitudinem
947 1878 1085 1936 erga
1135 1863 1339 1918 animal
1368 1858 1687 1933 bujusmodi
1723 1857 2087 1914 demonstrat.

1105 1975 1379 2033 INTERR.
1404 1975 1523 2032 XX.

782 2092 925 2159 Quid
952 2092 1089 2148 illud
1125 2104 1201 2148 est
1227 2135 1241 2158 ,
1279 2112 1297 2145 ι
1323 2094 1391 2147 ad
1423 2094 1752 2164 imaginem?
1786 2111 1806 2146 ι

565 2183 798 2252 Quidam
840 2194 1175 2241 vocaverunt
1210 2204 1229 2237 ι
1268 2186 1566 2257 imaginem
1623 2185 1721 2241 Dei
1766 2204 1786 2238 ι
1842 2184 1895 2239 id
1941 2182 2087 2255 quod

492 2283 577 2330 est
614 2275 669 2329 in
728 2276 913 2330 anima
988 2276 1285 2333 invisibile.
1362 2277 1468 2332 Sed
1531 2292 1641 2332 non
1717 2286 1865 2330 recte
1933 2274 2088 2329 dixe-

495 2377 641 2423 runt.
673 2367 731 2422 Si
765 2370 913 2423 enim
977 2369 1264 2425 invisibile
1318 2372 1517 2425 animae
1556 2369 1736 2440 imago
1766 2368 1863 2425 Dei
1912 2377 2083 2433 esset,

493 2461 667 2515 multo
740 2462 918 2531 magis
996 2463 1214 2534 angeli,
1289 2462 1628 2534 archangeli,
1691 2472 1746 2517 et
1813 2461 2086 2518 universa:

492 2563 700 2606 natura:
742 2561 947 2608 sanctae
1007 2562 1062 2607 et
1133 2553 1493 2624 incorporea,
1571 2562 1759 2625 utpote
1811 2570 1843 2609 a
1892 2567 2085 2623 corpo-

499 2648 648 2705 ribus
759 2643 867 2715 25
904 2659 1125 2715 prorsus
1164 2644 1370 2712 liberae,
1402 2654 1457 2700 et
1509 2646 1909 2716 impermistam
1940 2646 2085 2700 invi-

492 2734 705 2789 sibilem
739 2745 989 2790 naturam
1021 2737 1388 2806 possidentes,
1429 2746 1763 2793 vocarentur
1810 2737 2082 2809 imagines

493 2828 608 2886 Dei.
641 2828 876 2897 Quidam
925 2831 1156 2885 nimium
1207 2831 1485 2903 simplices
1530 2848 1732 2903 corpus
1777 2833 2082 2889 humanum

491 2922 646 2978 aiunt
683 2921 892 2978 factum
935 2916 1063 2979 esse
1089 2941 1108 2976 ι
1142 2923 1210 2978 ad
1266 2923 1560 2995 imaginem
1593 2924 1731 2981 Dei:
1764 2943 1784 2977 ι
1818 2924 2079 2996 quoniam

491 3017 724 3071 audiunt
773 3031 961 3072 vocem
1011 3015 1260 3071 divinam
1306 3017 1618 3074 dicentem:
1649 3037 1668 3071 ι
1699 3018 1867 3089 Aperi
1890 3018 2081 3075 oculos

442 3110 447 3113 ’
492 3119 636 3175 tuos,
668 3118 723 3163 et
767 3108 912 3174 vide,
955 3118 1009 3163 et
1038 3109 1242 3164 inclina
1261 3123 1448 3163 aurem
1487 3117 1661 3175 tuam,
1708 3116 1763 3163 et
1800 3108 1927 3163 audi
1956 3115 2017 3177 I;
2055 3126 2074 3160 ι

489 3209 575 3254 et:
603 3219 621 3252 ι
651 3198 848 3255 Olfecit
876 3197 1141 3255 Dominus
1158 3199 1379 3255 odorem
1408 3201 1692 3257 suavitatis
1716 3203 1733 3237 ι
1761 3218 1776 3269 ;
1804 3220 1823 3253 ι
1841 3201 2076 3258 etillud:

2121 1965 2168 2023 Β

2199 484 2511 555 αὐτουργὸς
2547 488 2659 558 ’τῆς
2710 488 3056 554 διαπλάσεως
3108 493 3429 561 γενόμενος,
3476 492 3643 559 ἔδειξε
3693 494 3793 564 τὴν

2197 577 2427 632 πλείονα
2481 581 2610 652 περὶ¹
2664 582 2725 636 τὸ
2766 582 2994 654 πλάσμα
3034 584 3440 656 φιλοστοργίαν.
3482 586 3655 640 Τοῦτο
3697 589 3794 640 καὶ

2206 669 2329 722 Ἰὼϐ
2375 672 2403 724 6
2462 676 2707 740 γενναῖος
2749 674 2887 746 πρὸς
2932 676 3096 730 αὑτὸν
3148 675 3246 747 βοᾷ
3297 676 3494 746 λέγων,
3535 697 3554 729 ι
3587 680 3791 748 Αἱχεῖ-

2199 762 2292 832 ρές
2344 779 2439 816 σου
2481 764 2746 837 ἐποίησάν
2805 784 2872 837 με
2899 809 2913 832 ,
2950 768 3043 820 καὶ
3094 767 3336 823 ἔπλασάν
3388 787 3476 838 με.
3511 789 3530 822 ι
3569 770 3789 835 Τούτοις

2196 854 2468 925 ἐχρήσατο
2500 858 2611 920 τοῖς
2648 857 2827 926 λόγοις
2876 861 2970 912 καὶ
3012 864 3039 915 6
3079 861 3224 924 θεῖος
3263 860 3448 926 Δαδὶδ,
3487 862 3580 915 καὶ
3631 861 3793 917 τοῦτο

2196 946 2292 998 καὶ
2335 949 2363 999 6
2408 947 2502 999 τοῦ
2551 948 2708 1017 ἁγίου
2756 948 3134 1021 βαπτίσματος
3173 950 3494 1021 ἀξιούμενος
3533 951 3790 1020 γινώσκει

2199 1037 2407 1106 σαφῶς,
2444 1036 2519 1101 ὡς
2547 1039 2575 1091 6
2609 1039 2820 1104 πλάσας
2844 1041 3093 1107 διέσωσε,
3128 1044 3222 1096 καὶ
3249 1043 3279 1094 6
3309 1041 3488 1105 σώσας
3511 1041 3793 1095 διέπλασεε

2197 1128 2343 1201 Πρὸς
2406 1129 2462 1182 δὲ
2526 1130 2766 1196 τούτοις,
2824 1133 2918 1187 καὶ
2954 1134 3117 1200 αὐτὸς
3169 1137 3198 1190 6
3256 1136 3637 1208 Δημιουργὸς,
3696 1137 3793 1190 καὶ

2195 1220 2284 1274 διὰ
2318 1221 2607 1293 Ἱερεμίου,
2659 1226 2754 1277 καὶ
2786 1224 2873 1280 διά
2900 1226 3124 1280 Ἡσαΐου
3179 1227 3366 1299 φησὶν,
3412 1247 3431 1281 ι
3456 1228 3581 1282 Ὅτι
3625 1230 3791 1300 ἡμεῖς

2196 1309 2389 1380 πηλὸς,
2434 1310 2597 1377 αὐτός
2634 1311 2692 1366 δὲ
2746 1314 2987 1385 πλάστης
3043 1316 3217 1387 ἡμῶν.
3253 1336 3272 1369 ι
3319 1317 3460 1372 Ἀλλ’
3497 1319 3623 1372 οὗτε
3672 1321 3791 1390 χεῖ-

2197 1418 2298 1473 ρας
2353 1402 2497 1473 ἔχειν
2544 1403 2607 1457 τὸ
2640 1404 2784 1459 θεῖον
2842 1405 2968 1460 οὕτε
3023 1402 3232 1462 δεῖσθαι
3276 1409 3473 1481 βουλῆς
3518 1428 3666 1474 τινος
3694 1412 3791 1465 καὶ

2197 1490 2546 1564 προθεωρίας
2572 1495 2775 1566 φαμὲν,
2810 1496 2898 1549 ἵνα
2922 1498 3065 1550 κατὰ
3088 1500 3214 1562 τοὺς
3247 1499 3534 1563 Πλάτωνος
3559 1500 3785 1571 μύθους,

2197 1583 2334 1656 πρὸς
2393 1585 2492 1657 τὴν
2537 1586 2637 1658 τῆς
2694 1586 3050 1658 ἐνθυμήσεως
3103 1590 3249 1644 ἰδέαν
3296 1592 3687 1666 κατασκευάσῃ
3727 1593 3790 1645 τὸ

2196 1677 2410 1749 ποίημα
2437 1695 2450 1711 ·
2485 1678 2626 1733 ἀλλά
2644 1681 2854 1736 τούτων
2884 1682 3119 1736 ἕκαστον
3145 1683 3243 1756 τὴν
3272 1685 3499 1740 πλείονα
3524 1686 3620 1740 τοῦ
3648 1686 3786 1741 Θεοῦ

2197 1771 2327 1843 περὶ
2356 1770 2477 1825 τόδε
2504 1770 2566 1825 τὸ
2591 1770 2730 1838 ζῶον
2763 1774 3094 1847 κηδεμονίαν
3115 1775 3286 1847 δηλοῖ.

2841 1979 3038 2037 ΕΡΩΤ.
3062 1981 3146 2036 Κ’.

2556 2092 2621 2149 Τί
2647 2093 2779 2150 ἐστι
2815 2095 2881 2150 τὸ
2925 2114 2944 2148 ι
2976 2098 3104 2152 κατ’
3129 2097 3376 2163 εὶκόνα;
3407 2116 3426 2150 ι

2267 2190 2422 2254 Τινὲς
2453 2190 2513 2244 τὸ
2535 2191 2767 2263 ἀόρατον
2788 2190 2884 2263 τῆς
2900 2189 3081 2263 ψυχῆς
3104 2210 3125 2244 ι
3143 2191 3328 2247 εἰκόνα
3349 2190 3486 2246 Θεοῦ
3507 2192 3789 2266 κεκλήκα-

2150 2288 2157 2297 ·
2196 2298 2302 2336 σιν’
2326 2281 2463 2337 ἀλλά
2482 2284 2583 2337 ούκ
2598 2282 2813 2354 ἀληθῶς
2830 2286 3136 2355 εἰρήκασιν.
3153 2285 3217 2338 Εἰ
3236 2285 3343 2357 γὰρ
3361 2284 3526 2341 εἰκὼν
3541 2285 3637 2341 τοῦ
3649 2284 3787 2341 Θεοῦ

2191 2375 2292 2447 τῆς
2319 2374 2501 2447 ψυχῆς
2528 2375 2590 2429 τὸ
2624 2376 2879 2447 ἀόρατον,
2914 2377 3116 2447 μᾶλλον
3140 2378 3349 2442 εἰκόνες
3370 2378 3466 2432 τοῦ
3492 2378 3627 2432 Θεοῦ
3654 2377 3788 2452 κλη-

2193 2466 2336 2520 θεῖεν
2358 2466 2583 2537 ἇγγελοι
2609 2468 2707 2523 καὶ
2729 2469 3084 2541 ἀρχάγγελοι,
3103 2470 3199 2525 καὶ
3228 2473 3401 2526 πᾶσαι
3426 2473 3483 2525 αἱ
3502 2471 3784 2543 ἀσώματοι

2191 2562 2285 2616 καὶ
2318 2561 2478 2631 ἅγιαι.
2516 2561 2736 2633 φύσεις·
2772 2562 2870 2617 ἀτε
2907 2562 2964 2617 δὲ
3002 2564 3321 2617 παντάπασι
3370 2564 3640 2635 σωμάτων
3676 2565 3786 2618 ἀπ-

2191 2651 2558 2725 ηλλαγμέναι,
2586 2654 2682 2710 καὶ
2709 2654 2911 2726 ἀμιγὲς
2941 2655 3002 2708 τὸ
3018 2655 3252 2725 ἀόρατον
3279 2655 3523 2727 ἔχουσαι.
3544 2640 3704 2721 Τινὲς
3723 2656 3785 2709 δὲ

2192 2747 2298 2801 ὑπὸ
2331 2747 2538 2818 πολλῆς
2570 2745 2826 2819 εὐηθείας
2856 2748 2917 2800 τὸ
2949 2747 3111 2818 σῶμα
3140 2748 3201 2801 τὸ
3225 2748 3571 2820 ἀνθρώπινον
3607 2767 3626 2800 ι
3655 2750 3779 2803 κατ’

2190 2838 2377 2892 εἰκόνα
2420 2837 2555 2892 Θεοῦ
2597 2857 2616 2890 ι
2657 2837 2993 2909 γεγενῆσθαί
3035 2855 3237 2909 φασιν·
3278 2841 3467 2911 ἐπειδὴ
3500 2840 3600 2912 τῆς
3630 2840 3785 2904 θείας

2189 2928 2457 3000 λεγούσης
2484 2930 2820 2984 ἐπακούουσι
2848 2930 3065 3000 φωνῆς’
3105 2948 3123 2981 ι
3155 2929 3400 2998 Ἀνοιξον
3430 2932 3557 2995 τοὺς
3578 2931 3785 3001 ὀφθαλ-

2194 3019 2331 3091 μούς
2363 3038 2482 3084 σου,
2518 3016 2614 3074 καὶ
2646 3020 2746 3084 ἰδε,
2777 3020 2875 3074 καὶ
2912 3020 3094 3073 κλῖνον
3120 3020 3182 3074 τὸ
3206 3017 3303 3085 οῦς
3340 3039 3457 3087 σου,
3493 3023 3588 3076 καὶ
3615 3024 3786 3077 ἀκου-

2189 3130 2280 3167 σον
2301 3129 2315 3143 ο
2354 3132 2374 3164 ›
2405 3113 2520 3177 καὶ,
2550 3112 2863 3191 Ὠσφράνθη
2890 3113 3096 3185 Κύριος
3121 3113 3299 3185 ὀσμὴν
3322 3113 3573 3178 εὐωδίας·
3605 3132 3625 3166 ι
3658 3114 3778 3180 καὶ,

2196 3223 2214 3256 ι
2253 3205 2328 3258 T6
2368 3205 2545 3275 στόμα
2578 3204 2786 3275 Κυρίου
2828 3204 3059 3289 ἐλάλησε
3087 3204 3282 3271 ταῦτα,
3322 3224 3342 3257 ι
3386 3205 3500 3270 καὶ,
3536 3223 3555 3257 ι
3586 3204 3675 3257 Ἐν
3710 3207 3782 3277 τῇ

494 3311 514 3346 ι
557 3292 632 3350 Os
677 3292 895 3348 Domini
926 3293 1168 3349 locutum
1217 3303 1302 3349 est
1333 3295 1439 3351 ista
1478 3307 1539 3362 '1;
1574 3312 1593 3346 ι
1640 3303 1734 3349 et:
1775 3314 1794 3348 ι
1826 3293 1884 3349 ln
1913 3309 2078 3349 manu

2191 3295 2335 3366 χειρὶ
2387 3294 2555 3348 αὐτοῦ
2594 3294 2665 3347 τὰ
2697 3294 2911 3365 πέρατα
2948 3294 3050 3365 τῆς
3088 3295 3213 3364 γῆς,
3247 3295 3345 3348 καὶ
3386 3294 3489 3348 ὅσα
3527 3293 3781 3350 τοιαῦτα.

490 3387 611 3457 ejus
642 3397 772 3442 sunt
815 3387 951 3442 fines
990 3394 1152 3442 terrae
1170 3396 1219 3454 ν,
1252 3406 1271 3440 ι
1297 3395 1353 3443 et
1391 3388 1617 3444 similia.
1658 3387 1716 3442 in
1756 3405 1866 3458 quo
1899 3388 2085 3444 stolidi

491 3496 601 3534 non
640 3480 1482 3550 animadverterunthDominum
1499 3479 1670 3536 Deum
1707 3473 2085 3551 per‘bomines

491 3573 808 3631 hominibus
865 3576 1199 3645 loquentem,
1245 3575 1587 3631 audientium
1626 3574 1928 3630 infirmitati
1964 3589 2085 3629 ser-

490 3681 684 3739 mones
713 3667 1152 3723 accommodare.
1187 3666 1254 3721 Et
1279 3668 1541 3738 quoniam
1585 3667 1760 3722 oculis
1782 3681 1891 3721 non
1932 3665 2084 3721 vide-

493 3774 639 3825 mus,
676 3758 932 3815 tirtutem
971 3758 1092 3829 ejus
1121 3773 1223 3828 per
1242 3774 1406 3830 quam
1438 3757 1587 3813 videt
1616 3756 1900 3828 Scriptura
1928 3765 2087 3812 vocat

495 3852 688 3906 oculos
720 3868 733 3904 :
770 3858 826 3906 et
854 3866 1075 3907 rursum
1121 3851 1383 3907 audiendi
1432 3850 1752 3905 facultatem
1786 3856 1947 3905 vocat
1994 3862 2088 3903 au-

492 3960 603 4008 res,
637 3944 896 4014 quoniam
942 3944 1092 3999 hisce
1135 3943 1383 4015 partibus
1426 3942 1713 3999 audimus:
1755 3952 1812 3998 et
1855 3943 2087 3997 manda-

493 4042 609 4088 tum
647 4031 768 4097 Dei,
813 4048 896 4089 os.
932 4031 1136 4089 Verum
1177 4031 1462 4103 oportebat
1508 4047 1602 4088 eos
1632 4046 1739 4087 non
1777 4031 1954 4088 solum
1989 4048 2085 4087 su-

492 4140 590 4195 pra
638 4124 783 4179 dicta
841 4124 1006 4179 verba
1066 4124 1367 4189 audivisse,
1417 4124 1511 4180 sed
1547 4124 1715 4194 etiam
1749 4138 1813 4178 ea
1841 4138 1965 4193 quae
1992 4123 2086 4178 do-

493 4224 619 4272 cent
646 4215 817 4272 Deum
856 4231 980 4272 esse
1014 4216 1576 4286 incircumscriplum.
1606 4233 1624 4267 ι
1655 4213 1776 4281 Quo
1805 4215 1975 4280 enim,
2000 4216 2086 4269 in-

497 4310 638 4381 quit,
672 4309 764 4365 ibo
792 4325 822 4364 a
867 4310 1062 4380 spiritu
1094 4309 1234 4364 tuo?
1262 4317 1314 4364 et
1335 4323 1446 4378 quo
1478 4323 1509 4363 a
1541 4307 1681 4363 facie
1713 4315 1806 4363 tua
1836 4306 2083 4378 fugiam?

495 4402 555 4457 Si
582 4401 881 4458 ascendero
910 4403 964 4456 in
996 4402 1218 4468 malum,
1256 4410 1313 4456 tu
1345 4401 1421 4456 ibi
1443 4415 1535 4456 es:
1576 4401 1621 4456 si
1646 4400 1981 4456 descendere
2012 4400 2079 4456 ad

497 4491 793 4559 infernum,
845 4492 978 4546 ades
1007 4500 1056 4559 κ,
1090 4511 1110 4545 ι
1140 4498 1196 4547 et
1228 4507 1352 4561 quae
1371 4500 1700 4561 sequuntur.
1736 4489 1801 4544 Et
1843 4487 2081 4545 Samari-

498 4593 639 4640 tanae
670 4582 943 4641 Dominus
972 4585 1148 4639 dixit:
1172 4602 1191 4636 ι
1216 4582 1362 4639 Deus
1382 4583 1610 4655 spiritus
1655 4590 1758 4649 est,
1787 4591 1842 4638 et
1873 4589 2087 4653 oportet

2187 3387 2300 3441 Καὶ
2342 3386 2404 3442 οὐ
2444 3386 2686 3440 συνεῖδον
2736 3388 2786 3441 οἰ
2821 3386 2961 3455 ἄγαν
2995 3386 3217 3457 ἠλίθιοι,
3251 3386 3328 3449 ὼς
3369 3385 3680 3457 ἀνθρώποις
3712 3387 3785 3440 δι’

2186 3479 2494 3550 ἀνθρώπων
2547 3479 2935 3557 διαλεγόμενος
2979 3480 3007 3532 6
3049 3480 3333 3551 Δεσπότης
3385 3480 3542 3545 Θεὸς,
3570 3482 3637 3551 τῇ
3667 3479 3781 3533 τῶν

2185 3575 2499 3629 ἀκουόντων
2534 3574 2790 3646 ἀσθενείᾳ
2815 3575 2941 3635 τοὺς
2970 3573 3164 3642 λόγους
3195 3574 3407 3645 μετρεῖ.
3442 3574 3552 3628 Καὶ
3587 3573 3782 3645 ἐπειδὴ

2186 3668 2253 3721 δι’
2289 3666 2588 3737 ὀφθαλμῶν
2616 3666 2835 3738 ὁρῶμεν
2875 3666 3056 3736 ἡμεῖς,
3086 3664 3183 3734 τὴν
3219 3665 3453 3733 ὀπτικήν
3486 3665 3652 3720 αὑτοῦ
3668 3666 3786 3720 κδύ-

2186 3775 2351 3829 ναμιν
2380 3756 2693 3828 ὀφθαλμοὺς
2727 3755 3018 3827 ὀνομάζειν
3050 3758 3145 3810 xai.
3175 3757 3241 3812 αὖ
3285 3755 3450 3810 πάλιν
3479 3756 3578 3827 τὴν
3612 3756 3784 3810 ἀκου-

2188 3849 2402 3920 στικὴν,
2448 3841 2583 3913 ὦτα,
2615 3847 2805 3918 ἐπειδὴ
2837 3847 2925 3901 διὰ
2960 3846 3169 3900 τούτων
3201 3846 3310 3900 τῶν
3338 3848 3545 3918 μορίων
3584 3847 3785 3903 ἀκούο-

2190 3959 2291 4013 μεν
2317 3958 2331 3972 ·
2370 3941 2555 3995 καὶτὸ
2582 3939 2936 4010 πρόσταγμα,
2973 3939 3168 4010 στόμα.
3204 3939 3352 3993 Ἔδει
3384 3939 3443 3993 δὲ
3476 3941 3672 4004 αὐτοὺς
3704 3939 3785 4012 μὴ

2185 4035 2392 4090 τούτων
2430 4034 2592 4105 μόνον
2625 4032 2849 4088 ἀκούειν
2878 4032 2988 4085 τῶν
3021 4031 3220 4101 λόγων,
3267 4031 3405 4086 ἀλλά
3450 4032 3545 4086 καὶ
3574 4031 3683 4085 τῶν
3718 4032 3785 4086 τὸ

2185 4126 2568 4199 ἁπερίγραςον
2596 4125 2692 4178 τοῦ
2720 4123 2858 4178 Θεοῦ
2883 4124 3268 4178 διδασκόντων.
3313 4142 3333 4175 ι
3369 4124 3480 4177 Ποῦ
3512 4123 3641 4197 γὰρ,
3674 4141 3784 4193 (ρη-

2189 4219 2262 4286 σί,
2302 4217 2558 4290 πορευθῶ
2605 4216 2715 4271 ἀπὸ
2760 4214 2856 4270 τοῦ
2891 4215 3206 4287 πνεύματός
3246 4232 3362 4281 σου,
3405 4217 3501 4269 καὶ
3546 4215 3655 4270 ἀπὸ
3684 4214 3780 4269 τοῦ

2190 4309 2486 4383 προσώπου
2508 4325 2604 4363 σου
2628 4307 2731 4362 ποῦ
2752 4308 2910 4378 φύγω
2928 4323 2943 4373 ;
2975 4306 3101 4360 Ἐάν
3117 4307 3305 4361 ἀγαθῶ
3325 4308 3405 4371 εἰς
3421 4306 3511 4361 τὸν
3528 4306 3780 4379 οὐρανὸν,

2192 4406 2257 4458 σὺ
2286 4405 2404 4457 ἐκεῖ
2443 4397 2496 4456 εἴ
2518 4419 2533 4434 ·
2565 4402 2661 4457 ἐὰν
2692 4399 2921 4455 καταϐῶ
2954 4401 3034 4463 εἱς
3065 4399 3157 4453 τὸν
3192 4398 3349 4470 ᾅδην,
3375 4398 3578 4468 πάρει·
3623 4417 3642 4450 ι
3687 4398 3785 4452 καὶ

2187 4495 2258 4549 τά
2279 4494 2429 4567 ἑξῆς.
2459 4493 2571 4549 Καὶ
2591 4494 2659 4565 τῇ
2688 4492 3044 4565 Σαμαρείτιδι
3069 4491 3098 4543 6
3128 4490 3331 4563 Κύριος
3352 4489 3482 4561 ἔφη,
3513 4507 3531 4540 ι
3556 4488 3785 4559 Πνεῦμα

2189 4589 2218 4641 6
2253 4588 2408 4654 Θεὸς,
2443 4588 2539 4642 καὶ
2574 4588 2703 4652 τοὺς
2735 4583 3183 4656 προσκυνοῦντας
3215 4583 3382 4638 αὐτὸν
3418 4584 3477 4637 ἐν
3506 4581 3782 4653 πνεύματι

492 4693 589 4734 eos
632 4679 724 4749 qui
770 4677 1006 4733 adorant
1050 4676 1253 4748 ipsum,
1289 4676 1344 4731 in
1370 4676 1567 4748 spiritu
1604 4683 1663 4736 et
1686 4675 1913 4731 veritate
1944 4676 2078 4730 ado-

2191 4683 2281 4736 καὶ
2310 4681 2542 4753 ἀληθείᾳ
2584 4680 2667 4734 δεῖ
2710 4680 3059 4751 προσκυνεῖν.
3113 4678 3175 4731 Εἰ
3217 4676 3276 4730 δὲ
3306 4676 3525 4742 πνεῦμα
3555 4677 3584 4729 6
3626 4675 3782 4739 Θεὸς,

493 4788 617 4827 rare
634 4764 737 4824 ι’»
777 4770 833 4825 Si
864 4779 1046 4826 autem
1084 4769 1231 4826 Deus
1274 4770 1502 4841 spiritus
1551 4778 1654 4837 est,
1709 4769 1941 4840 simplex
1981 4768 2082 4839 igi-

494 4873 604 4932 tur,
633 4864 1056 4935 incompositus,
1078 4873 1133 4918 et
1169 4862 1397 4934 ﬁguram
1449 4877 1558 4918 non
1591 4862 1884 4933 recipiens.
1916 4859 2081 4932 Atqui

493 4973 898 5029 supervacuum
944 4967 1032 5013 est
1078 4958 1247 5014 istum
1288 4958 1343 5013 in
1384 4959 1605 5031 longum
1640 4958 1942 5029 producere
1967 4973 2084 5014 scr-

495 5067 736 5108 monem.
771 5051 917 5109 Satis
945 5052 1090 5107 enim
1118 5060 1263 5123 patet
1294 5053 1490 5108 horum
1526 5052 1765 5109 insania.
1798 5052 1956 5109 Hunc
1983 5052 2083 5123 igi-

496 5148 579 5201 Iu'r
623 5144 848 5202 locum:
881 5163 900 5197 ι
933 5144 1229 5202 Faciamus
1282 5146 1561 5203 hominem
1600 5148 1668 5200 ad
1698 5146 1993 5216 imaginem
2030 5154 2085 5201 et

495 5235 910 5291 similitudinem
939 5245 1205 5304 nostram,
1234 5256 1254 5290 ι
1286 5233 1456 5308 aliqui
1510 5237 1769 5295 doctores
1807 5238 1883 5293 ita
1926 5237 2086 5293 intel-

496 5329 782 5383 lexerunt:
840 5344 1037 5394 nempe
1075 5328 1242 5384 Deum
1291 5330 1562 5396 omnium,
1598 5344 1723 5384 cum
1770 5338 2084 5385 creaturam

496 5421 816 5478 sensitivam
851 5429 906 5476 et
934 5421 1320 5478 intellectivam
1365 5431 1634 5489 creasset,
1672 5421 1948 5477 hominem
1984 5436 2086 5489 po-

500 5522 708 5568 stremo
768 5512 1058 5582 formasse,
1098 5514 1264 5569 veluti
1314 5514 1400 5569 sui
1425 5513 1722 5585 quamdam
1771 5513 2087 5584 imaginem,

564 5701 726 5757 PJob
792 5718 849 5770 κ,
878 5703 931 5758 8.
1010 5703 1204 5761 QPsal.
1272 5719 1469 5769 cxvul,
1539 5703 1630 5757 73.
1709 5701 1867 5758 'Isa.
1933 5718 2083 5769 “tv,
2147 5703 2200 5758 8.

2190 4776 2397 4841 ἁπλοῦς
2420 4775 2551 4849 ἄρα,
2573 4776 2667 4831 καὶ
2690 4773 3004 4837 ἀσύνθετος,
3038 4774 3133 4827 καὶ
3153 4773 3586 4844 ἀσχημάτιστος.
3620 4770 3786 4824 Ἀλλὰ

2189 4870 2303 4942 γὰρ
2335 4868 2595 4940 περιττὸν
2624 4867 2815 4922 τοῦτον
2855 4864 3122 4938 μηκύνειν
3153 4865 3246 4918 τὸν
3276 4864 3434 4933 λόγον
3459 4880 3473 4894 ⁸
3508 4863 3645 4934 δήλη
3676 4863 3786 4934 γάρ

2190 4960 2399 5014 τούτων
2437 4961 2470 5030 ἡ
2510 4958 2687 5014 ἄνοια.
2725 4958 2799 5011 Τὸ
2841 4955 3044 5021 τοίνυν,
3087 4974 3105 5006 ι
3142 4955 3466 5025 Ποιήσωμεν
3497 4953 3788 5025 ἄνθρωπον

2192 5054 2314 5106 κατ’
2341 5051 2528 5106 εἰκόνα
2553 5050 2828 5123 ἡμετέραν
2855 5049 2951 5104 καὶ
2975 5048 3101 5102 καθ’
3131 5046 3414 5117 ὁμοίωσιν,
3451 5065 3469 5097 ι
3510 5046 3656 5110 τινὲς
3677 5045 3788 5099 τῶν

2190 5144 2531 5199 διδασκάλων
2589 5143 2763 5207 οὕτως
2827 5142 3094 5213 ἐνόησαν·
3150 5141 3232 5194 ὅτι
3283 5140 3383 5212 τὴν
3441 5139 3623 5193 κτίσιν
3686 5138 3788 5208 τὴν

2194 5237 2465 5309 αἰσθητήν
2488 5254 2548 5290 τε
2579 5236 2675 5290 καὶ
2702 5235 2903 5306 νοητὴν
2930 5230 3253 5304 πεποιηκὼς
3279 5232 3307 5285 6
3330 5230 3441 5286 τῶν
3465 5232 3604 5285 ὅλων
3630 5231 3789 5293 Θεὸς,

2195 5330 2288 5383 τὸν
2336 5327 2626 5400 ἄνθρωπον
2660 5325 2956 5381 διέπλασεν
2995 5324 3247 5395 ἔσχατον,
3287 5317 3399 5377 οἷόν
3439 5340 3563 5376 τινα
3604 5321 3792 5375 εἰκόνα

2198 5420 2396 5476 ἑαυτοῦ
2431 5424 2487 5474 ὲν
2521 5420 2671 5491 μέσῳ
2698 5416 2961 5481 τεθεικὼς
2990 5417 3101 5471 τῶν
3130 5414 3358 5487 ἀψύχων
3388 5432 3446 5468 τε
3489 5416 3583 5469 καὶ
3608 5412 3792 5484 ἐμψύ-

2198 5530 2331 5584 χων,
2365 5512 2459 5567 καὶ
2490 5510 2767 5583 αἰσθητῶν
2800 5509 2898 5564 καὶ
2926 5506 3138 5579 νοητῶν
3159 5523 3173 5537 ·
3223 5507 3312 5562 ἵνα
3361 5507 3430 5561 τὰ
3468 5505 3569 5576 μὲν
3606 5500 3793 5573 ἄψυχά

2280 5715 2303 5744 ³
2335 5701 2400 5760 ιν
2430 5702 2564 5777 Reg.
2599 5717 2714 5774 xu,
2754 5702 2843 5758 l6.
2923 5702 2945 5743 θ
2973 5699 3111 5758 Gen.
3138 5715 3257 5770 vm,
3276 5698 3367 5755 21.
3441 5708 3468 5737 ιι
3497 5695 3607 5753 13a.
3627 5711 3671 5767 ι,
3694 5695 3791 5757 20.

495 5780 525 5815 ν
546 5770 694 5831 Psal.
746 5790 888 5836 xcrv.
944 5775 999 5830 4.
1078 5786 1104 5814 κ
1135 5776 1282 5833 Psal.
1311 5789 1581 5835 cxxxvm.
1612 5772 1702 5829 78.
1776 5781 1807 5823 γ
1837 5772 2000 5831 Joan.
2040 5790 2115 5840 tv,
2148 5774 2240 5830 24.
