4136 6450
500 341 599 406 tm

1494 339 1988 401 TllEODOliETl
2030 339 2371 398 EPISCOPI
2414 341 2785 402 CYRENSIS

3672 340 3785 408 108

497 468 683 525 vorago
728 452 821 507 Dei
860 452 1165 524 appellatus
1203 460 1318 513 est:
1364 471 1379 502 ι
1418 451 1695 521 Vin-nim,
1723 454 1820 517 ait,
1856 469 1963 508 non
1989 453 2086 508 dc-

2195 455 2456 525 κεςραλὴν,
2483 454 2647 508 είκὼν
2676 456 2772 508 καὶ
2803 455 2927 521 δόξα
2946 414 3090 508 ⁸Θεοῦ
3118 455 3399 529 ὑπάρχων.
3429 476 3447 509 ι
3486 456 3646 513 Ἀ).λά
3673 463 3821 534 πασί

497 551 586 603 hct
633 548 813 601 velare
856 556 1041 618 caput,
1075 562 1201 601 cum
1242 546 1316 601 sit
1349 546 1532 617 imago
1568 556 1622 601 et
1648 546 1820 616 gloria
1857 546 1948 602 Dei
1976 555 2026 601 ε.
2058 568 2076 597 ι

496 644 563 694 At
591 641 734 695 Deus
762 639 1010 694 onmium
1045 638 1302 693 conditor
1340 647 1591 693 naturam
1621 639 1786 694 habet
1814 639 2079 704 divinam,

495 749 603 787 non
659 732 1082 805 appellationem
1151 732 1397 786 nudam:
1455 733 1621 785 homo
1672 740 1856 786 autem
1892 771 1907 796 ,
1936 731 2083 785 velut

494 827 677 897 imago
698 866 713 890 ,
756 834 966 881 tantum
1009 841 1209 880 nomen
1254 825 1416 879 habet
1439 865 1453 887 ,
1483 840 1607 879 eum
1638 824 1755 895 ipsa
1788 840 1847 879 re
1872 834 2077 879 careat.

496 916 592 971 Sic
614 927 667 973 ct
685 917 811 972 inci:
826 917 1215 987 cuiuscriptum
1234 931 1374 978 esse.
1393 932 1517 970 vere
1548 926 1598 970 et
1617 915 1833 986 proprie
1850 914 2081 985 pertinet

495 1011 563 1066 ad
600 1012 769 1067 Deum
802 1010 1047 1066 omnium
1077 1029 1089 1063 :
1120 1009 1365 1062 imitatur
1395 1017 1575 1062 autem
1601 1008 1652 1064 id
1675 1005 2083 1078 quodammodo

498 1118 651 1158 mens
706 1106 973 1163 humana.
1006 1102 1061 1155 in
1118 1110 1399 1156 momento
1433 1101 1774 1172 perlustrans
1813 1100 2080 1157 orientem

493 1204 551 1251 et
579 1196 945 1260 occidentem,
976 1193 1290 1264 aquilonem
1322 1200 1374 1247 ct
1424 1192 1729 1259 meridiem,
1755 1193 2000 1248 emlestia
2028 1201 2082 1248 et

494 1287 877 1348 subterranea,
909 1301 1019 1339 non
1049 1298 1261 1349 revera,
1292 1284 1514 1355 28sed
1544 1283 1657 1338 sola
1690 1284 1921 1340 rationis
1943 1285 2081 1340 ima-

498 1379 796 1447 ginatione.
830 1377 971 1430 Deus
999 1385 1180 1430 autem
1209 1376 1511 1431 secundum
1538 1375 1900 1430 substantiam
1923 1393 2079 1431 suam

494 1481 552 1527 et
586 1471 910 1540 sapientiam
946 1478 1001 1523 et
1039 1470 1294 1524 virtutem
1327 1468 1551 1522 minimc
1581 1466 2078 1524 circumscribitur.

499 1562 744 1616 Invenire
771 1561 933 1617 etiam
968 1561 1166 1633 poterit
1198 1562 1470 1631 qutispiam
1520 1560 1881 1616 imitationem
1919 1562 2080 1617 aliam

497 1654 763 1725 aptiorem
811 1663 865 1707 et
906 1653 1405 1708 convenientim'em
1463 1652 1518 1707 in
1574 1652 1757 1709 anima
1816 1652 2079 1709 humana.

498 1746 666 1800 llabet
711 1744 858 1800 enim
909 1744 1029 1815 ipsa
1072 1742 1387 1799 facultatem
1426 1744 1751 1801 rationalem
1783 1756 1838 1800 et
1865 1746 2081 1800 vitalem

2189 549 2272 600 λιν
2299 550 2328 601 6
2358 547 2460 618 μὲν
2493 548 2603 601 τῶν
2636 547 2774 601 δλων
2806 545 2940 611 Θεὸς
2975 547 3139 616 φύσιν
3167 548 3279 618 ἔχει
3311 547 3483 614 Θείαν,
3515 549 3576 603 οὗ
3606 566 3775 621 προσ-

2189 640 2422 711 ηγορίαν
2449 639 2661 710 ,ψιλήν
2693 641 2722 694 6
2776 638 2834 693 δὲ
2863 638 2960 693 ἀνθ
2971 657 3176 710 ρωπος,
3204 640 3281 702 ὡς
3311 638 3499 709 είκὼν,
3536 643 3785 713 τυῦνομα

2188 732 2302 804 ἔχει
2328 732 2507 802 μόνον,
2536 732 2903 803 ἐστερημένος
2926 733 2973 764 ³⁸
2997 731 3093 786 τοῦ
3123 732 3470 804 πράγματος.
3504 732 3663 788 υῦτω
3686 734 3780 787 καὶ

2187 824 2248 877 τὺ
2293 824 2677 895 ἀπερίγραφον
2717 823 2936 896 ἀληθῶς
2986 825 3087 895 μὲν
3123 825 3217 879 καὶ
3268 825 3470 896 κυρίως
3518 824 3636 879 ἐστὶ
3680 824 3780 879 τοῦ

2186 913 2297 968 τῶν
2328 914 2466 968 ὅλων
2505 913 2663 969 Θεοῦ.
2693 913 2959 984 Μιμεῖται
3007 912 3065 968 δὲ
3112 913 3255 967 οὕτω
3293 931 3412 977 πως
3449 912 3585 966 αὐτὸ
3627 913 3722 966 καὶ
3750 913 3784 966 6

2188 1006 2316 1071 νοῦς
2347 1007 2377 1060 6
2403 1006 2749 1078 ἀνθρώπινος
2771 1023 2785 1037 ·
2813 1007 2871 1060 ἐν
2895 1006 3097 1077 ἀκαρεῖ
3120 1006 3228 1077 γὰρ
3253 1007 3566 1077 περινοστεῖ
3590 1007 3687 1059 καὶ
3711 1011 3784 1060 τὰ

2191 1097 2326 1170 ἑῷα,
2367 1099 2467 1153 καὶ⁹
2497 1098 2564 1151 τὰ
2586 1098 2844 1169 ἑσπέρια,
2875 1098 2973 1152 καὶ
3015 1097 3087 1151 τά
3121 1097 3330 1169 βόρεια,
3362 1099 3458 1153 καὶ
3499 1100 3568 1153 τὰ
3605 1099 3784 1160 νότια,

2189 1193 2285 1246 καὶ
2313 1193 2385 1246 τὰ
2422 1191 2746 1261 ἐπουράνια,
2777 1189 2963 1244 καὶτὰ
2994 1189 3292 1260 ὐποχθόνια
3317 1208 3331 1221 °
3369 1190 3486 1245 ἀλλ’
3508 1191 3571 1244 οῦ
3600 1193 3666 1262 τῇ
3693 1192 3754 1244 οὐ
3777 1218 3789 1229 -

2192 1282 2305 1355 σία,
2357 1283 2495 1356 μόνῃ
2541 1283 2599 1337 δὲ
2639 1284 2704 1354 τῇ
2747 1280 2842 1335 τοῦ
2895 1281 3159 1354 λογισμοῦ
3196 1284 3491 1355 φαντασία.
3530 1285 3590 1339 ’0
3620 1285 3676 1338 δέ
3716 1300 3788 1354 γε

2189 1373 2323 1438 Θεὸς
2356 1374 2451 1429 καὶ
2476 1377 2542 1446 τῇ
2567 1374 2726 1446 οὐσία
2758 1374 2851 1427 καὶ
2872 1375 2937 1447 τῇ
2964 1375 3127 1446 σοφία
3147 1376 3217 1438 ’³,
3241 1378 3335 1431 καὶ
3356 1380 3424 1449 τῇ
3463 1377 3693 1447 δυνάμει
3721 1377 3791 1430 τὸ

2190 1467 2578 1539 ἀπερίγραφον
2613 1466 2749 1538 ἔχει.
2775 1464 2944 1539 Εῦροι
2970 1465 3015 1519 δ’
3042 1467 3108 1521 ἀν
3136 1484 3223 1531 τις
3251 1468 3347 1522 καὶ
3373 1468 3569 1538 ἑτέραν
3605 1468 3788 1540 μίμη-

2193 1575 2280 1612 σιν
2325 1558 2730 1631 ἀκριϐεστέραν
2761 1561 2821 1613 ἐν
2855 1562 2922 1632 τῇ
2950 1559 3042 1613 τοῦ
3076 1559 3366 1629 ἀνθρώπου
3409 1562 3574 1616 πάλιν
3608 1562 3785 1635 ψυχῇ.

2195 1651 2364 1722 Ἔχει
2388 1651 2498 1723 γὰρ
2547 1651 2689 1721 αὐτὴ
2729 1650 2826 1706 καὶ
2856 1651 2917 1705 τὸ
2945 1652 3183 1722 λογικὸν,
3221 1654 3315 1707 καὶ
3348 1653 3410 1708 τὸ
3454 1653 3685 1718 ζωτικὸν
3722 1658 3788 1710 ὲν

2193 1745 2384 1815 ἑαυτῇ.
2419 1743 2530 1797 Καὶ
2558 1745 2725 1815 γεννᾷ
2758 1744 2856 1815 μὲν
2881 1746 2909 1799 6
2939 1743 3067 1809 νοῦς
3094 1746 3187 1800 τὸν
3226 1746 3411 1815 λόγον,
3445 1748 3787 1819 συμπρόεισι

499 1840 553 1894 in
573 1852 653 1893 se.
682 1838 748 1893 Et
789 1852 944 1893 meus
971 1837 1188 1908 quidem
1240 1838 1493 1908 producit
1530 1854 1866 1906 sermonem,
1892 1856 2084 1910 proce-

2195 1836 2243 1888 δὲ
2272 1835 2349 1907 τῷ
2375 1836 2522 1906 λόγῳ
2551 1835 2789 1907 πνεῦμα.
2814 1836 2875 1889 οὗ
2896 1836 3241 1909 γεννώμενον
3262 1838 3519 1915 καθάπερ
3548 1842 3577 1893 6
3603 1841 3787 1910 λόγος’

495 1931 578 1987 dit
622 1940 809 1987 autem
861 1946 989 1987 cum
1037 1946 1293 1987 sermone
1342 1932 1591 2001 spiritus,
1632 1947 1740 1987 non
1790 1944 2085 2003 generatus

496 2026 743 2097 quidem,
775 2025 1240 2096 quemadmodum
1289 2041 1492 2091 sermo,
1526 2024 1622 2081 sed
1653 2037 1918 2097 perpetuo
1952 2042 2083 2081 con-

495 2133 734 2190 sequens
765 2133 1099 2182 sermonem,
1129 2128 1181 2172 et
1208 2132 1333 2173 cum
1368 2132 1454 2183 eo,
1482 2117 1615 2173 duro
1654 2118 1855 2184 editur,
1883 2103 2080 2190 proce-

497 2213 657 2269 deus.
696 2211 803 2268 Sed
831 2210 1145 2279 liujnsmodi
1176 2211 1406 2267 'adsunt
1428 2210 1641 2265 homini
1664 2218 1928 2282 tanquam
1949 2211 2087 2266 ima-

494 2301 609 2373 gini
637 2300 1035 2370 :quamobretu
1087 2315 1189 2354 nec
1228 2314 1446 2363 sermo,
1483 2315 1582 2356 nec
1628 2300 1857 2373 spiritus
1904 2317 2001 2372 per
2029 2318 2089 2358 se

499 2392 775 2449 subsistit.
818 2390 888 2445 At
940 2390 996 2445 in
1043 2402 1233 2446 sancta
1278 2390 1549 2448 Trinitate
1579 2401 1691 2450 tres
1730 2393 2087 2465 intelligimus

499 2483 850 2552 hypostases,
886 2494 1091 2549 easque
1137 2481 1256 2535 sine
1297 2480 1623 2536 confusione
1662 2484 1867 2551 unitas,
1902 2492 1956 2538 et
1993 2500 2089 2555 per

498 2591 558 2631 se
595 2574 983 2630 subsistentes.
1016 2571 1151 2628 Nam
1180 2583 1310 2630 ante
1332 2576 1528 2630 smenla
1558 2577 1775 2646 genitus
1805 2586 1891 2633 est
1918 2594 1948 2632 a
1977 2576 2083 2633 Pa-

498 2678 580 2722 trc
626 2665 767 2721 Deus
796 2665 1034 2719 Verbum
1064 2686 1077 2721 :
1114 2667 1499 2738 inseparabilis
1531 2678 1713 2724 autem
1743 2680 1826 2725 est
1849 2686 1879 2724 a
1924 2671 2089 2727 chi-

499 2770 640 2822 tore,
675 2767 730 2814 et
775 2758 1023 2830 procedit
1052 2772 1084 2813 α
1119 2759 1227 2813 Deo
1272 2768 1327 2815 et
1354 2758 1517 2815 Patre
1558 2760 1803 2832 Spiritus
1831 2772 2079 2827 sanctus,

496 2852 591 2921 qui
632 2862 686 2907 et
733 2851 1057 2925 intelligitur
1105 2851 1161 2905 in
1203 2855 1425 2923 propria
1478 2854 1785 2925 hypostasi.
1837 2873 1856 2906 ι
1891 2856 2088 2911 Omnia

496 2947 645 3000 enim
699 2955 985 3016 operatur,
1032 2945 1211 3014 Inquit
1236 2988 1251 3012 ,
1286 2962 1430 3001 unus
1458 2955 1515 3000 et
1551 2946 1691 3000 idem
1722 2947 1982 3018 Spiritus,
2009 2949 2091 3003 di-

501 3040 690 3094 videns
722 3038 998 3109 sigillatim
1030 3037 1325 3109 unicuique
1349 3050 1513 3110 prout
1549 3037 1730 3095 vult“.
1757 3059 1775 3091 ι
1805 3040 1999 3094 Verum
2023 3042 2090 3097 de

501 3135 587 3209 his
612 3150 717 3189 non
748 3134 906 3189 debet
936 3133 1198 3203 prolixius
1226 3135 1354 3196 diei,
1384 3138 1531 3205 quod
1565 3134 1730 3205 hujus
1752 3135 1826 3188 rei
1851 3135 2091 3192 inﬁnitas

498 3226 1246 3295 demonstrationesreperire
1274 3225 1398 3280 licet
1419 3227 1471 3280 in
1502 3236 1691 3281 sancta
1725 3226 2033 3299 Scriptura.

2190 1929 2699 2002 συμπαρομαρτῶν
2760 1929 2819 1983 δὲ
2867 1930 2955 1984 ἀεὶ
3006 1930 3083 2002 τῷ
3132 1929 3299 2000 λόγῳ,
3340 1932 3439 1986 καὶ
3473 1935 3790 2005 συμπροῖδν

2187 2024 2538 2096 γεννωμένῳ.
2583 2023 2743 2077 Ἀλλὰ
2772 2023 2946 2077 ταῦτα
2991 2023 3067 2085 ὡς
3105 2026 3164 2078 ἑν
3192 2025 3363 2079 εἰκόνι
3407 2026 3670 2097 πρόσεστι
3706 2026 3789 2092 si?)

2190 2115 2465 2188 ἀνθρώπῳ
2483 2132 2496 2145 ·
2523 2109 2585 2170 οὗ
2606 2114 2670 2187 δὴ
2695 2116 2858 2186 χάριν
2885 2116 2982 2170 καὶ
3005 2116 3381 2181 ἀνυπόστατος
3404 2118 3433 2170 6
3457 2116 3616 2187 λόγος
3642 2119 3784 2179 ἐστὶ.

2189 2208 2283 2260 καὶ
2337 2207 2398 2260 τὸ
2446 2205 2684 2277 πνεῦμα.
2733 2208 2857 2262 Ἐπὶ
2907 2206 2965 2261 δὲ
3015 2208 3114 2280 τῆς
3163 2208 3326 2279 ἁγίας
3358 2209 3587 2280 Τριάδος
3633 2212 3785 2281 spei;

2190 2300 2423 2371 νοοῦμεν
2471 2299 2571 2363 τὰς
2620 2301 2972 2366 ὑποστάσεις,
3007 2301 3103 2355 καὶ
3134 2300 3460 2373 ἀσυγχύτως
3489 2302 3600 2374 (61)
3644 2304 3786 2374 ﬂvm-

2194 2393 2384 2465 μένας,
2422 2393 2517 2445 καὶ
2555 2393 2679 2447 καθ’
2712 2393 2913 2458 ἑαυτὰς
2941 2393 3283 2464 ὑφεστώσας.
3314 2395 3641 2465 Γεγέννηται
3684 2396 3787 2465 μὲν

2191 2485 2303 2559 γὰρ
2345 2488 2452 2558 πρὸ
2488 2486 2599 2539 τῶν
2631 2486 2846 2540 αἰώνων
2882 2489 2948 2541 ὲκ
2972 2485 3066 2541 τοῦ
3104 2488 3315 2560 Πατρὸς
3352 2490 3380 2542 6
3409 2489 3539 2554 Θεὸς
3577 2491 3785 2559 Λόγος·

2192 2579 2497 2650 ἀχώριστος
2519 2579 2577 2632 δέ
2608 2580 2725 2633 ἔστι
2746 2578 2840 2632 τοῦ
2867 2580 3232 2650 γεννήσαντος
3252 2597 3264 2608 ·
3297 2581 3392 2634 καὶ
3420 2582 3789 2653 ἐκπορεύεται

2193 2672 2258 2723 ἐκ
2283 2669 2375 2723 τοῦ
2412 2670 2548 2724 Θεοῦ
2578 2671 2673 2725 καὶ
2710 2672 2926 2742 Πατρδς
2960 2671 3021 2724 τὸ
3055 2672 3327 2741 πανάγιον
3355 2673 3613 2744 Πνεῦμω
3642 2677 3788 2729 νοεῖ·

2193 2780 2282 2816 ται
2321 2762 2377 2815 δὲ
2417 2764 2514 2816 καὶ
2553 2766 2612 2817 ἐν
2654 2764 2762 2837 ἰδίᾳ
2791 2763 3112 2822 ὑποστάσει.
3146 2784 3164 2816 ι
3194 2767 3380 2821 Πάντα
3406 2767 3517 2836 γὰρ
3547 2769 3786 2839 ἐνεργεῖ,

2194 2856 2349 2926 φησὶ,
2372 2857 2431 2909 τὸ
2454 2855 2511 2909 ἓν
2543 2858 2635 2909 καὶ
2659 2857 2721 2910 τὸ
2741 2857 2873 2912 αὐτὸ
2901 2857 3147 2929 Πνεῦμα,
3172 2857 3412 2931 διαιροῦν
3440 2860 3546 2931 ίδίᾳ
3566 2860 3790 2931 ἑκάστῳ

2196 2949 2380 3014 καθὼς
2411 2951 2685 3020 βούλεται.
2714 2971 2734 3005 ›
2787 2952 2951 3007 ’Δλλά
2980 2954 3112 3024 περὶ
3144 2953 3353 3008 τούτων
3387 2955 3653 3026 μηκύνειν
3694 2956 3791 3009 τὸν

2195 3043 2354 3113 λόγον
2399 3045 2461 3097 οὺ
2508 3043 2625 3096 δεῖ⁶
2670 3043 2873 3114 μυρίας
2921 3047 3032 3114 γὰρ
3067 3044 3214 3099 ἔστιν
3266 3047 3448 3119 εὑρεῖν
3478 3046 3790 3113 ἀποδείξεις

2199 3137 2390 3191 τούτου
2426 3139 2577 3210 παρά
2598 3140 2663 3211 τῇ
2684 3138 2806 3210 θείᾳ
2830 3138 3045 3210 Γραφῇ.

564 3317 864 3373 DiODOlll.
882 3308 1114 3385 Quidam
1134 3318 1199 3372 ad
1219 3316 1514 3388 imaginem
1532 3317 1626 3373 Dei
1648 3318 1923 3375 hominem
1946 3336 2087 3375 crea-

2269 3319 2383 3392 (62)
2410 3320 2764 3378 ΔΙΟΔΩΡΟΥ.
2799 3321 2956 3384 Τινὲς
2982 3322 3028 3353 ¹²
3054 3321 3176 3377 κατ’
3199 3323 3386 3377 εἰκόνα
3412 3324 3548 3377 Θεοῦ
3574 3326 3667 3380 τὸν
3693 3328 3792 3381 ἄν·

502 3423 615 3466 tum
642 3426 764 3466 esse
792 3410 1040 3465 arbitrati
1071 3418 1223 3476 sunt,
1244 3411 1546 3466 secundum
1574 3413 1873 3482 potentiam
1896 3413 2094 3468 animm

503 3506 872 3560 imisibilem:
911 3521 1024 3558 non
1049 3504 1436 3574 iutelligentcs.
1484 3505 1629 3575 quod
1661 3514 1719 3559 et
1748 3505 1973 3573 angelus
2006 3506 2092 3559 in-

503 3597 735 3652 visibilis
787 3606 891 3661 est,
935 3595 1189 3650 similiter
1238 3605 1293 3650 et
1336 3595 1574 3650 daemon.
1612 3594 1829 3663 Quibus
1863 3611 2093 3666 respou-

502 3687 742 3742 dendum
770 3696 854 3741 est
886 3687 938 3741 id
976 3685 1165 3749 modo,
1201 3685 1348 3756 quod
1391 3687 1533 3741 inter
1570 3687 1821 3741 homines
1868 3701 2093 3741 mascu-

506 3783 592 3835 lus
621 3778 890 3835 etiemina
922 3779 1226 3833 seenmlum
1267 3793 1469 3849 corpus
1493 3789 1541 3833 et
1569 3779 1811 3832 animam
1846 3777 2091 3832 eamdem

502 3874 685 3929 sortiti
733 3876 841 3928 sint
889 3882 1164 3927 naturam.
1200 3871 1310 3928 Cur
1340 3873 1506 3942 igitur
1534 3871 1644 3944 29
1670 3870 1877 3927 Paulus
1916 3871 2092 3925 virum

504 3966 724 4036 quidem
768 3967 1061 4037 imaginem
1106 3964 1200 4020 Dei
1236 3964 1397 4031 dixit,
1453 3981 1559 4019 non
1589 3965 1754 4019 etiam
1776 3962 2091 4029 mulierem,

505 4063 550 4113 si
604 4058 907 4113 secundum
964 4066 1169 4129 partem
1207 4058 1405 4112 animae
1454 4056 1777 4112 rationalem
1812 4057 1981 4110 homo
2010 4064 2096 4110 est

507 4154 686 4220 imago
739 4150 874 4205 Dri?
917 4151 1096 4222 lnquit
1146 4151 1331 4206 enim:
1379 4170 1396 4201 ι
1434 4149 1527 4205 Vir
1567 4151 1810 4221 quidem,
1848 4166 1977 4206 cum
2026 4149 2098 4205 sit

507 4247 690 4314 imago
728 4253 779 4297 et
803 4243 974 4314 gloria
1018 4242 1134 4309 Dei,
1181 4259 1289 4296 non
1325 4243 1485 4298 debet
1519 4243 1704 4297 velare
1738 4252 1938 4314 caput:
1975 4256 2096 4296 mu—

508 4341 606 4394 lier
631 4349 811 4394 autem
841 4340 1011 4410 gloria
1043 4340 1143 4394 viri
1174 4348 1255 4394 est
1278 4350 1321 4393 ε.
1351 4356 1368 4391 ι
1406 4338 1464 4394 Si
1489 4352 1619 4409 ergo
1651 4336 1744 4408 qui
1786 4352 1894 4390 non
1934 4335 2098 4392 debet

504 4433 685 4485 velare
708 4440 896 4501 caput,
928 4430 1109 4501 imago
1147 4429 1240 4484 Dei
1275 4438 1377 4495 est,
1412 4427 1659 4499 proiecto
1701 4442 1824 4498 qua:
1858 4428 2093 4494 velatur,

507 4538 614 4576 non
676 4533 757 4578 est
811 4522 992 4594 imago
1040 4522 1153 4587 Dei,
1197 4520 1452 4591 quamvis
1489 4518 1735 4590 ejusdem
1797 4518 1996 4573 animae
2026 4518 2099 4573 sit

508 4612 803 4682 particeps.
837 4611 1127 4678 Quomodo
1146 4620 1276 4682 ergo
1300 4611 1463 4665 homo
1493 4619 1577 4665 est
1609 4609 1793 4680 imago
1828 4608 1923 4663 Dei
1948 4607 1971 4661 ‘l
1995 4606 2097 4662 Se-

2196 3410 2416 3480 ορωπον
2463 3410 2727 3482 ἐνόμισαν
2769 3410 2914 3465 κατά
2952 3413 3014 3465 τὸ
3043 3413 3142 3484 τῆς
3173 3413 3352 3483 ψυχῆς
3381 3414 3651 3486 ἀόρατον·
3693 3417 3795 3470 καὶ

2194 3501 2255 3553 οὗ
2305 3501 2544 3572 συνῆκαν
2595 3502 2679 3555 ὃτι
2734 3503 2829 3556 καὶ
2859 3502 3095 3573 ἄγγελος
3136 3504 3392 3575 ἀόρατος,
3439 3507 3536 3562 καὶ
3574 3507 3794 3578 δαίμων

2194 3592 2449 3664 ἀόρατος.
2497 3594 2642 3666 Πρὸς
2689 3594 2783 3660 οὓς
2821 3597 3124 3665 ἀναγκαῖον
3172 3599 3346 3650 εἰπεῖν
3390 3599 3666 3664 τοσοῦτον,
3703 3601 3792 3654 ὅτι

2196 3687 2292 3739 καὶ
2325 3686 2386 3739 τὸ
2416 3686 2586 3759 ἄρρεν
2613 3690 2670 3741 ὲν
2694 3687 3027 3761 ἀνθρώποις,
3052 3691 3149 3743 καὶ
3178 3691 3240 3745 τὸ
3274 3689 3434 3763 θῆλυ,
3460 3693 3602 3747 κατά
3631 3710 3690 3745 τε
3725 3694 3795 3746 τὸ

2196 3778 2360 3849 σῶμα
2391 3781 2486 3833 καὶ
2520 3781 2619 3850 τὴν
2645 3780 2845 3852 ψυχὴν,
2874 3783 2975 3852 τῆς
3002 3783 3176 3852 αὐτῆς
3208 3782 3394 3854 εἷληχε
3434 3784 3672 3854 φύσεως.
3719 3785 3794 3838 TE

2196 3871 2399 3940 δήποτε
2431 3870 2525 3926 οῦν
2552 3874 2579 3925 6
2612 3871 2826 3936 Παῦλος
2853 3872 2945 3925 τὸν
2979 3872 3079 3943 μὲν
3113 3874 3283 3944 ἄνδρα
3315 3875 3502 3929 εἰκόνα
3524 3874 3660 3928 Θεοῦ
3697 3875 3789 3928 te-

2196 3981 2305 4035 γει,
2343 3965 2528 4019 οὐκέτι
2560 3964 2619 4018 δὲ
2649 3965 2743 4019 καὶ
2772 3966 2872 4037 τὴν
2899 3969 3158 4034 γυναῖκα,
3192 3969 3355 4039 εἴπερ
3389 3969 3531 4021 κατὰ
3566 3967 3658 4020 τὸν
3688 3967 3797 4037 τῆς

2196 4056 2377 4127 ψυχῆς
2433 4056 2593 4123 λόγον
2643 4055 2812 4110 εἰκὼν
2867 4057 3003 4111 Θεοῦ
3038 4061 3067 4113 6
3094 4058 3416 4129 ἄνθρωποςς
3450 4060 3614 4128 Λέγει
3652 4063 3791 4130 γὰρ,

2206 4169 2224 4200 ι
2258 4149 2419 4220 Ἀνὴρ
2468 4149 2566 4220 μὲν
2617 4151 2749 4222 γὰρ,
2795 4151 2959 4204 εἰκὼν
3008 4152 3103 4205 καὶ
3141 4153 3267 4217 δόξα
3319 4152 3455 4206 Θεοῦ
3501 4153 3787 4224 ὑπάρχων,

2198 4242 2298 4294 οὐκ
2326 4241 2532 4311 ὀφείλει
2570 4243 3089 4297 κατακαλύπτεσῡαι
3118 4244 3217 4315 τὴν
3259 4246 3504 4317 κεφαλήν
3527 4263 3539 4274 ·
3565 4248 3701 4315 γυνὴ
3730 4246 3790 4299 5‘:

2198 4329 2326 4396 δόξα
2374 4330 2569 4402 ἀνδρός
2629 4332 2799 4387 ἐστιν.
2837 4354 2856 4384 ι
2916 4333 2979 4386 Εἰ
3027 4334 3208 4388 τοίνυν
3264 4335 3428 4389 εἰκὼν
3465 4334 3601 4388 Θεοῦ
3644 4337 3672 4387 6
3712 4354 3794 4406 μη

2199 4424 2432 4492 ὀφείλων
2463 4424 2841 4479 καλύπτεσθαι
2870 4427 2967 4497 τὴν
2995 4429 3260 4502 κεφαλὴν,
3296 4431 3476 4500 δῆλον,
3514 4433 3597 4484 ὅτι
3623 4432 3657 4501 ἡ
3690 4448 3796 4482 κα-

2198 4513 2513 4586 λυπτομένη
2568 4516 2670 4569 οῦκ
2705 4517 2871 4571 εἰκὼν
2910 4518 3069 4586 Θεοῦ,
3111 4520 3211 4592 τῆς
3234 4523 3407 4592 αὐτῆς
3437 4521 3612 4594 ψυχῆς
3664 4539 3795 4592 μετε-

2202 4607 2401 4677 έχουσα
2424 4608 2494 4687 ’³,
2524 4608 2650 4672 Πῶς
2679 4603 2772 4662 οὖν
2807 4610 2943 4665 Θεοῦ
2976 4611 3141 4667 εἰκὼν
3195 4616 3224 4668 6
3273 4615 3597 4687 ἄνθρωπος;
3632 4616 3791 4669 Κατὰ

508 4704 748 4757 cundum
791 4704 1082 4774 imperium
1125 4713 1179 4757 et
1228 4712 1579 4773 potestatem.
1612 4701 1767 4769 Quod
1801 4702 2087 4772 perhibere

2202 4676 2264 4753 τὸ
2290 4685 2539 4769 ἀρχικὸν,
2570 4701 2711 4755 κατὰ
2737 4702 2796 4755 τὸ
2822 4703 3248 4768 ἐξουσιαστικόν.
3273 4676 3387 4762 Καί
3412 4676 3621 4779 μάρτυς
3650 4706 3793 4776 αὐτὴ

508 4798 722 4848 videtur
768 4796 930 4849 etiam
979 4810 1079 4849 vox
1134 4795 1340 4859 divina,
1376 4808 1500 4864 quae
1542 4794 1712 4848 dicit:
1753 4813 1770 4846 ι
1799 4792 2093 4849 Faciamus

581 4947 600 4976 ι
633 4933 890 4997 Ninum,
922 4934 977 4987 Ἰ.
1066 4932 1094 4970 δ
1124 4936 1138 4987 l
1165 4932 1292 4988 Cor.
1328 4910 1429 4999 itu,
1464 4933 1552 4990 il.
1624 4946 1647 4973 ε
1680 4934 1697 4989 l
1736 4933 1867 4989 Cur.
1899 4951 1961 4999 ιι,
2006 4935 2058 4986 7.

2201 4791 2296 4845 τοῦ
2332 4790 2469 4845 Θεοῦ
2518 4794 2672 4863 φωνὴ
2716 4795 2750 4864 ἡ
2795 4795 3050 4864 λέγουσα,
3095 4817 3112 4849 ι
3154 4800 3479 4871 Ποιήσωμεν
3502 4800 3795 4870 ἄνθρωπον

1373 5082 1606 5139 VARIE
1646 5082 2028 5139 LECTIONES
2060 5082 2157 5138 EX
2206 5082 2488 5139 CATENA
2537 5084 2900 5141 LlPSlENSl.

600 5210 646 5241 '°
679 5208 800 5259 ἐστε
811 5223 875 5276 ρη
887 5204 1073 5273 μένον.

1163 5204 1206 5235 ’³
1241 5204 1333 5255 καὶ
1365 5203 1431 5274 τῇ
1461 5201 1629 5274 σοφίᾳ
1669 5214 1780 5274 out.
1822 5200 1907 5274 _“
1949 5199 2082 5274 Qua:

2195 5213 2211 5252 ε
2252 5197 2477 5274 Diodori
2546 5215 2747 5258 nomen
2781 5218 2893 5274 pra:
2954 5216 3015 5259 se
3081 5199 3284 5270 ferunt,
3318 5203 3372 5258 in
3406 5213 3598 5259 catena
3633 5218 3685 5269 p.
3724 5200 3791 5256 Π

512 5258 1275 5343 ἰ’ῖιροιιηιυίιῖ’νὶιιιιίείιιιωικ
1352 5258 1554 5326 ²⁸Ὃιιιξ
1666 5271 1756 5327 47.
1787 5269 1888 5341 τῆς
1929 5258 2057 5327 αῦτ.

2195 5288 2228 5341 ε.
2265 5270 2619 5343 ὑπάρχουσα.

2041 5408 2279 5466 ΝΟΤΧἾ.

589 5516 702 5588 (Gl)
751 5513 1131 5583 ἁσυγχύτως.
1162 5508 1300 5565 Cod.
1327 5516 1381 5564 et
1410 5506 1525 5562 Pie.
1554 5512 1808 5575 repetunt
1846 5501 2097 5574 νοοῦμεν,

513 5588 875 5657 ιιθειιάῖνγχ-
965 5653 1018 5657 ᾼ,
1081 5653 1093 5657 _
1169 5653 1242 5657 __
1420 5649 1433 5657 .
1782 5644 1794 5657 .

584 5655 697 5727 (62)
732 5649 937 5709 Nomen
962 5653 1181 5707 Diodori
1231 5653 1284 5727 in_
1335 5649 1459 5706 cod.
1502 5662 1610 5727 non
1653 5649 1953 5726 ascriptum
1992 5654 2095 5699 est.

513 5724 759 5780 Aliorum
784 5727 969 5783 etiam.
1004 5740 1236 5794 quorum
1272 5724 1755 5794 interpretationes
1782 5724 1839 5767 in
1859 5730 2094 5794 sequuti.

517 5798 663 5854 tibus
690 5784 1035 5862 cxlailmutur,
1068 5797 1312 5882 nomina,
1340 5792 1390 5845 in
1420 5784 1607 5845 codice
1643 5795 1696 5841 ct
1731 5788 1873 5855 apud
1904 5784 2095 5839 l'icum

2214 5506 2623 5562 desiderantur.
2659 5505 2801 5560 Sunt
2825 5506 2918 5575 qui
2951 5514 3167 5575 putant,
3199 5519 3261 5559 ea
3308 5518 3434 5575 quae
3461 5501 3565 5557 hoc
3595 5500 3715 5575 loco
3740 5509 3792 5556 et
3894 5546 3899 5555 .

2218 5579 2420 5648 passim
2452 5578 2505 5631 in
2542 5572 2905 5648 sequentibus
2929 5572 2963 5630 e
3000 5572 3238 5648 Diodoro
3275 5572 3790 5648 aliisqueseripto-

2219 5621 2372 5700 inuis
2409 5621 2904 5706 inst-runtur:'nou
2943 5662 2973 5700 a
3021 5621 3542 5707 ΤΙιι-οάιινριιι,ῚεριΙ
3579 5642 3647 5694 ab
3673 5621 3793 5696 raiit!
3898 5621 3923 5653 ί

2214 5719 2813 5843 (μιὶιιιιιιιιῗόῧὲειιιιιὶιε.
2846 5716 2965 5773 Vid.
2997 5717 3208 5782 Oudiu,
3242 5715 3316 5769 De
3341 5716 3788 5784 scriptoruecctea.

2214 5808 2247 5843 ι.
2311 5829 2325 5843 .
2377 5806 2425 5843 υ.
2609 5830 2619 5840 .

2209 5808 2247 5847 t.
2282 5806 2325 5856 ι,
2373 5806 2425 5859 p.
2463 5806 2619 5843 τυυδ.
