4136 6424
586 340 683 406 1Ξῖ

1576 349 2067 411 THEODORETI
2107 347 2455 409 EPISCOPI
2498 345 2867 406 CYRENSIS

3743 344 3858 410 128

583 458 772 519 postea
807 465 904 519 per
928 451 1196 521 quosdam
1229 461 1441 509 meatus
1470 457 1859 514 subterraneos
1883 472 2163 515 transeun-

2268 458 2377 529 γὰρ
2410 458 2644 523 ἐκεῖθεν,
2676 455 2752 519 ὦς
2775 473 2941 527 φησιν
2962 454 2999 525 ἡ
3033 456 3152 511 θεία
3182 457 3373 528 Γραφὴ
3394 473 3409 489 ο
3436 453 3554 513 εἶτα
3574 458 3661 513 διά
3696 471 3858 511 τινων

584 539 678 601 tia,
757 539 847 596 hic
895 542 1167 613 originem
1223 544 1389 599 aliam
1444 558 1691 602 sumunt.
1746 548 1901 613 Quoi
1941 551 2164 620 quidem

586 645 694 683 non
729 631 932 687 frustra
974 634 1219 689 omnium
1257 634 1399 692 Deus
1446 637 1520 691 ita
1548 638 1910 709 dispensavit,
1948 641 2043 696 sed
2108 653 2167 696 ut

584 731 893 789 amputaret
921 724 1250 794 superﬂuam
1283 727 1568 783 hominum
1596 729 1997 786 curiositatem.
2028 731 2166 788 Nam

587 812 631 865 si
661 822 907 879 paterent
933 831 1124 872 eorum
1170 833 1364 874 omnes
1394 829 1629 888 meatus,
1690 824 1915 892 quidam
1982 828 2168 897 utique

593 913 948 971 conarentur,
977 921 1172 961 eorum
1205 906 1354 977 ripas
1381 912 1679 981 prosecuti,
1709 913 1887 968 locum
1926 918 2166 985 paradisi

585 991 695 1063 Μ
732 995 1104 1063 perlustrare;
1158 998 1252 1052 sed
1285 996 1682 1056 frustrarentur
1711 1005 1933 1075 optatis,
1962 1018 2013 1061 et
2045 1008 2169 1062 lon-

586 1082 832 1151 gitndine
866 1086 1080 1142 itineris
1135 1087 1289 1154 fessi,
1352 1099 1519 1163 atque
1579 1097 2014 1151 necessariorum
2075 1115 2169 1168 pc—

587 1174 745 1229 nnria
778 1175 1109 1243 laborantes,
1145 1179 1308 1235 modo
1335 1181 1387 1235 in
1423 1198 1615 1253 aspera
1658 1186 1777 1240 loca
1841 1187 2167 1254 incidentes,

587 1266 751 1320 modo
791 1268 845 1320 in
871 1269 1107 1331 deserta,
1144 1271 1417 1326 interdum
1451 1274 1506 1329 iu
1542 1291 1737 1332 manus
1777 1280 2079 1334 crudelium
2117 1292 2170 1337 et

588 1358 947 1415 barbarorum
979 1360 1264 1417 hominum
1296 1364 1639 1422 devenirent.
1676 1369 1803 1425 Haec
1837 1372 2004 1441 igitur
2031 1390 2169 1442 prte-

588 1448 778 1505 videns
828 1452 1145 1511 misericors
1170 1454 1335 1523 Deus,
1404 1458 1620 1530 ignotos
1680 1461 1900 1518 illorum
1956 1478 2170 1524 meatus

588 1542 843 1598 reddidit.

1117 1832 1399 1892 INTERR.
1453 1836 1626 1893 XXX.

724 1944 838 2002 Cur
869 1964 933 2003 ex
960 1948 1126 2006 latere
1146 1954 1341 2008 Adami
1370 1959 1637 2012 mulierem
1663 1959 1910 2029 formarit
1932 1974 1957 2013 Ι)
1983 1964 2007 2018 ?

657 2097 884 2159 Volebat
906 2105 1135 2162 Creator
1167 2122 1378 2167 natura-
1407 2113 1474 2168 ad
1507 2119 1859 2173 concordiam
1895 2121 2166 2180 adlucere

581 2196 1014 2268 unumquodque
1043 2215 1237 2270 genus.
1288 2203 1401 2261 Hac
1435 2207 1503 2261 dc
1531 2224 1699 2264 causa
1731 2212 2000 2268 Adamnm
2032 2216 2157 2285 qni-

580 2283 762 2340 deme
794 2298 934 2342 terra
968 2288 1245 2361 formavit,
1286 2312 1351 2350 ex
1395 2299 1606 2354 Adamo
1658 2317 1789 2356 vero
1845 2283 2162 2361 mulierem:

582 2383 645 2429 ut
686 2387 741 2430 et
766 2380 1013 2434 eamdem
1043 2382 1095 2435 in
1138 2385 1246 2440 iliis
1276 2402 1399 2442 esse
1429 2400 1684 2444 naturam
1736 2393 2163 2462 demonstraret,

580 2476 634 2519 ct
663 2470 965 2524 naturalem
997 2475 1289 2541 quamdam
1333 2481 1770 2537 benevolentiam
1809 2493 2055 2541 mutuam
2107 2490 2164 2542 in

581 2556 689 2610 illis
736 2559 1017 2616 insereret.
1053 2564 1109 2619 Si
1158 2571 1302 2621 enim
1340 2570 1505 2626 rebus
1563 2573 1643 2628 sic
1701 2591 1760 2630 se
1812 2576 2161 2646 habentibus,

578 2649 679 2701 viri
712 2664 836 2703 cum
872 2654 1192 2711 nitdieribus
1221 2661 1583 2729 contendunt,
1644 2674 1699 2720 et
1727 2667 1983 2724 mulieres
2037 2686 2163 2726 cum

577 2738 730 2807 viris,
765 2742 893 2811 quid
922 2761 1026 2800 non
1058 2749 1453 2821 admisissent,
1506 2754 1556 2810 si
1608 2757 1829 2813 aliunde
1878 2762 2161 2818 mulierem

578 2831 907 2889 tormasset?
939 2835 1232 2908 Sapienter
1259 2843 1424 2911 igitur
1443 2861 1539 2902 eos
1564 2846 1834 2916 distinxit,
1859 2861 1910 2907 et
1942 2869 2161 2909 rursum

574 2925 873 2993 copulavit.
905 2928 1119 3000 Nuptiae
1148 2935 1293 2989 enim
1336 2937 1391 2991 in
1425 2955 1596 2994 unum
1635 2943 1939 2998 conciliant
1996 2962 2162 3003 sexus

574 3015 860 3072 diversos:
895 3040 915 3072 ι
948 3022 1124 3079 Erunt
1190 3029 1369 3093 enim,
1422 3031 1636 3102 inquit,
1688 3035 1796 3089 duo
1846 3038 1897 3090 in
1940 3054 2159 3093 carnem

2267 550 2541 617 ὑπογείων
2598 549 2826 611 διιόντες
2880 549 3089 620 πόρων,
3137 551 3332 620 ἑτέρας
3380 550 3557 621 ἀρχὰς
3609 550 3847 607 ἐνταῦθα

2266 641 2627 712 λαμὸάνουσι.
2655 640 2829 693 Τοῦτο
2864 640 2921 695 δὲ
2953 641 3013 694 οὐ
3061 641 3240 711 μάτην
3288 640 3463 704 οὕτως
3493 641 3851 711 ᾠκονόμησεν

2265 735 2295 786 6
2330 734 2436 786 τῶν
2467 733 2605 787 ὅλων
2640 733 2797 798 Θεὸς,
2838 732 2975 786 ἀλλὰ
3018 734 3118 804 τήν
3164 736 3430 803 περιττὴν
3484 732 3594 786 τῶν
3631 733 3847 803 6110.06)-

2268 846 2384 879 πων
2414 824 2949 897 πολυπραγμοσύνην
3003 826 3292 880 ἐκκόπτων
3320 826 3422 895 (4).
3456 826 3520 878 Εἰ
3547 825 3657 895 γάρ
3690 824 3852 890 δῆλος

2266 911 2334 987 ἦν
2373 915 2551 969 αὐτῶν
2578 915 2723 978 ἄπας
2759 918 2786 969 6
2823 915 2991 987 πόρος
3028 915 3399 987 ἐπειράθησαν
3435 913 3535 984 μὲν
3582 914 3648 967 ἄν
3679 930 3853 977 τινες,

2269 1008 2419 1079 παρὰ
2450 1008 2548 1071 τὰς
2571 1008 2774 1061 τούτων
2806 1009 2972 1079 δχθας
3002 1008 3297 1072 ὁδεύοντες,
3338 1007 3398 1061 τὸ
3457 1006 3552 1060 τοῦ
3588 1005 3856 1076 παραδειᾏ

2271 1115 2366 1150 σου
2399 1096 2773 1151 κατοπτεῦσαι
2798 1098 3022 1169 χωρίον.
3054 1098 3440 1168 Διημάρτανον
3458 1095 3518 1149 δὲ
3536 1095 3630 1150 τοῦ
3662 1096 3858 1150 ποθου-

2274 1187 2435 1257 μένου
2455 1186 2555 1257 (5),
2592 1187 2685 1239 καὶ
2717 1185 2795 1256 τῷ
2826 1187 2993 1256 μήκει
3017 1187 3115 1258 τῆς
3140 1186 3459 1258 ὁδοιπορίας
3493 1186 3858 1257 κοπτόμενοι,

2270 1281 2365 1334 καὶ
2386 1283 2451 1350 τῇ
2489 1280 2691 1335 σπάνει
2730 1279 2840 1332 τῶν
2885 1280 3207 1348 ἀναγκαίων
3234 1279 3712 1351 διαφθειρόμενοι·
3748 1279 3856 1333 καὶ

2274 1371 2373 1424 νῦν
2414 1372 2512 1442 μὲν
2562 1374 2644 1434 εἰς
2688 1369 3018 1441 δυσχωρίας,
3056 1369 3153 1422 νῦν
3211 1370 3270 1423 δὲ
3295 1371 3376 1434 εἰς
3419 1370 3658 1441 ἐρημίας
3688 1371 3864 1441 ἐμπί-

2273 1480 2533 1527 πτοντες·
2567 1463 2766 1516 ἔστιδὲ⁹
2815 1463 2905 1516 ὅτε
2959 1462 3058 1515 καὶ
3114 1463 3349 1534 ἀπηνέσι
3406 1463 3501 1516 καὶ
3554 1461 3866 1533 βαρϐάροις

2270 1554 2673 1626 ἀνθρώποιςω)
2736 1553 3191 1625 περιπίπτοντες.
3251 1556 3364 1609 Καὶ
3415 1554 3621 1607 τούτων
3673 1554 3871 1607 τοίνυν

2271 1646 2731 1717 προμηθούμενος
2756 1650 2783 1699 ὁ
2812 1645 3208 1718 φιλοικτίρμων
3227 1645 3382 1713 Θεὸς,
3415 1645 3646 1717 ἀδήλους
3672 1645 3869 1700 αὐτῶν

2271 1741 2396 1804 τοὺς
2428 1740 2627 1812 πόρους
2654 1738 2963 1811 ἀπέφηνεν.

2889 1844 3086 1907 ΕΡΩΤ.
3137 1852 3218 1908 Λ’.

2274 1966 2334 2020 Τί
2368 1964 2443 2033 δή
2495 1981 2642 2019 ποτε
2711 1964 2832 2020 ἀπὸ
2873 1963 2981 2032 τῆς
3024 1964 3297 2032 πλευρᾶς
3332 1963 3441 2019 τοῦ
3505 1961 3689 2033 Ἀδὰμ
3734 1960 3864 2031 τὴν

2729 2035 2989 2105 γυναῖκα
3008 2035 3343 2089 διέπλασεν
3359 2053 3378 2101 ;

2340 2128 2435 2191 Εἰς
2457 2127 2716 2198 ὁμόνοιαν
2751 2127 3029 2199 ἠϐουλήθη
3068 2128 3139 2182 τὰ
3168 2127 3304 2197 γένή
3336 2126 3673 2195 συναγαγεῖν
3696 2125 3725 2177 6
3747 2123 3863 2194 τῆς

2270 2220 2488 2287 φύσεως
2528 2220 2787 2291 Ποιητής.
2833 2219 3038 2273 Τούτου
3072 2220 3235 2290 χάριν
3280 2217 3373 2271 τὸν
3408 2217 3509 2288 μὲν
3550 2216 3721 2285 ’Δδὰμ
3744 2214 3869 2268 ἀπὸ

2265 2309 2367 2378 τῆς
2395 2309 2498 2380 γῆς
2529 2308 2844 2373 διέπλασεν,
2881 2311 2946 2363 ἐκ
2995 2310 3052 2362 δὲ
3094 2308 3190 2361 τοῦ
3249 2308 3422 2380 Ἀδὰμ
3448 2308 3548 2379 τὴν
3573 2308 3815 2376 γυναῖκα
3839 2320 3864 2339 ⁸

2266 2400 2355 2453 ἵνα
2385 2401 2481 2453 καὶ
2513 2400 2575 2453 τὸ
2601 2401 2802 2454 ταυτὸν
2848 2398 3093 2471 ἐπιδείξῃ
3134 2400 3234 2471 τῆς
3265 2399 3484 2469 φύσεως
3505 2414 3522 2431 ·
3563 2398 3655 2453 καὶ
3692 2414 3865 2469 φυσι-

2266 2493 2369 2562 κήν
2398 2508 2521 2546 τινα
2541 2491 2928 2562 φιλοστοργίαν
2951 2492 3132 2555 αὐτοῖς
3159 2493 3286 2563 περὶ
3310 2491 3578 2561 ἀλλήλους
3604 2491 3860 2565 ἐμφύσῃ.

2268 2582 2331 2634 Et
2372 2582 2480 2653 γὰρ
2513 2582 2610 2636 καὶ
2639 2581 2846 2636 τούτων
2871 2581 3017 2635 οὕτω
3050 2582 3461 2653 γεγενημένων,
3506 2581 3601 2635 καὶ
3659 2582 3862 2653 ἄνδρες

2265 2671 2483 2739 γυναιξὶ
2514 2672 2899 2745 διαμάχονται,
2937 2675 3032 2727 καὶ
3058 2678 3319 2745 γυναῖκες
3353 2674 3636 2744 ἀνδράσιν,
3681 2675 3734 2727 τί
3753 2676 3854 2728 οὐκ

2267 2764 2335 2818 ἂν
2372 2765 2628 2836 ἔδρασαν,
2694 2766 2745 2818 εί
2793 2766 3063 2837 ὲτέρωθέν
3119 2767 3283 2820 ποθεν
3347 2767 3448 2836 τὴν
3498 2769 3729 2835 γυναῖκα
3774 2766 3855 2821 δι-

2266 2858 2505 2925 έπλασε;
2534 2860 2723 2929 Σοφῶς
2753 2855 2846 2913 οὖν
2874 2860 2983 2932 ἄρα
3015 2861 3108 2914 καὶ
3128 2861 3308 2926 διεῖλε,
3337 2861 3430 2915 καὶ
3462 2860 3626 2917 πάλιν
3648 2860 3856 2930 συνήρ-

2267 2969 2452 3021 μοσεν.
2509 2953 2569 3006 '0
2622 2952 2731 3022 γὰρ
2779 2953 2958 3023 γάμος
3017 2957 3097 3017 εἰς
3158 2952 3217 3006 ἓν
3281 2953 3505 3021 συνάγει
3546 2951 3616 3005 τὰ
3676 2951 3854 3023 γένη·

2271 3061 2290 3094 ι
2324 3045 2579 3097 Ἔσονται
2614 3044 2743 3114 γὰρ,
2772 3047 2958 3115 φησὶν,
2984 3046 3032 3097 οἱ
3064 3044 3156 3097 δύο
3188 3047 3267 3107 εἰς
3292 3044 3471 3115 σάρκα
3505 3044 3654 3116 μίαν.
3689 3064 3706 3095 ι
3742 3043 3860 3098 Καὶ

579 3123 743 3163 unam
769 3120 818 3164 ιι.
861 3129 881 3163 ι
916 3112 1094 3184 Atque
1143 3117 1248 3173 hoc
1271 3136 1458 3176 verum
1491 3140 1614 3180 esse
1654 3136 1886 3182 testatur
1906 3130 1957 3184 id
2016 3133 2161 3200 quod

2268 3135 2348 3187 ὅτι
2381 3134 2539 3187 τοῦτο
2568 3112 2791 3208 ἀληθὲς,
2810 3112 3081 3207 μαρτυρεῖ
3103 3138 3179 3205 (7)
3202 3137 3261 3189 τὸ
3282 3112 3598 3206 γενόμενον.
3616 3135 3716 3189 Διά
3742 3135 3861 3206 γὰρ

579 3197 707 3251 inde
741 3199 1007 3255 nascitur.
1049 3205 1330 3276 Siquidem
1365 3227 1463 3280 per
1513 3219 1988 3274 conversationem
2058 3238 2165 3275 nu-

578 3291 799 3361 ptialem
831 3295 1046 3354 fructus
1078 3316 1221 3356 unus
1248 3317 1315 3357 ex
1360 3306 1629 3363 ambobus
1681 3310 1879 3375 oritur,
1919 3316 1938 3333 '
1966 3312 2035 3366 ab
2064 3313 2167 3368 hoc

577 3384 798 3452 quidem
835 3388 1158 3458 seminatus,
1189 3394 1258 3449 ab
1285 3395 1374 3450 illa
1418 3413 1547 3452 vero
1570 3401 1870 3469 enutritus,
1903 3418 2167 3460 consum-

577 3486 763 3532 malus
798 3490 983 3536 autem
1022 3484 1091 3539 ab
1124 3485 1329 3556 Opitice
1359 3500 1591 3547 naturre.

1138 3616 1419 3675 lNTERR.
1453 3621 1649 3682 XXXI.

578 3720 643 3776 Si
663 3724 893 3792 prudens
930 3738 1047 3782 erat
1074 3746 1328 3813 δεφενδς,-
1351 3735 1415 3789 ob
1446 3737 1504 3792 id
1535 3738 1842 3813 laudandus
1866 3754 1983 3801 erat
2012 3786 2029 3813 ,
2048 3761 2167 3801 cum

970 3801 1255 3868 prudentia
1280 3807 1351 3859 sit
1371 3821 1499 3875 pars
1525 3810 1764 3867 virtutis.

645 3905 813 3964 Multa
843 3912 1068 3969 nomina
1105 3916 1364 3974 dicuntur
1388 3923 1705 3992 mquivoce;
1737 3942 1864 3981 nam
1917 3939 1971 3985 ct
2020 3930 2164 3985 idola

575 4002 820 4071 gentium
868 4003 1002 4061 deos
1037 4021 1393 4069 vocaverunt.
1445 4014 1561 4070 Hoc
1588 4031 1719 4071 vero
1748 4019 1924 4088 magis
1950 4022 2168 4091 prepric

576 4094 780 4147 dictum
817 4107 899 4151 est
938 4099 1006 4163 de
1033 4100 1305 4168 daemone,
1341 4106 1437 4175 qui
1468 4123 1565 4175 per
1596 4109 1750 4162 illum
1812 4112 2163 4180 operabatur.

577 4185 772 4241 Stolidi
803 4199 984 4245 autem
1016 4192 1268 4263 imperite
1298 4211 1395 4252 eos
1427 4197 1535 4270 45
1592 4203 1758 4256 etiam
1815 4203 1910 4273 qui
1965 4205 2164 4262 fabulis

575 4278 928 4347 studuerunt,
966 4286 1241 4355 sapientes
1273 4290 1640 4359 appellarunt.
1675 4290 1769 4347 Sic
1801 4303 1850 4348 et
1879 4291 2164 4365 Scriptura

574 4371 759 4426 divina
811 4374 988 4433 dicit:
1031 4397 1051 4431 ι
1093 4377 1269 4435 Stulta
1305 4382 1469 4451 hujus
1532 4384 1722 4438 mundi
1778 4386 1941 4457 elegit
1996 4387 2161 4455 Deus,

576 4475 638 4519 ut
659 4465 965 4524 confundat
992 4471 1270 4535 sapientes
1302 4482 1350 4529 ι’.
1393 4492 1413 4526 ›
1460 4472 1524 4527 Et
1552 4489 1780 4530 rursum
1811 4496 1824 4532 :
1858 4496 1878 4529 ι
1920 4477 2022 4534 Ubi
2072 4495 2162 4533 sa-

2268 3229 2367 3296 τῆς
2399 3229 2646 3297 γαμικῆς
2677 3227 2893 3297 ὁμιλίας
2923 3222 3005 3292 εἷς
3035 3229 3093 3294 ἐξ
3130 3230 3333 3299 ἀμφοῖν
3375 3229 3662 3300 βλαστάνει
3712 3246 3857 3299 καρ-

2270 3318 2370 3382 πὸς
2392 3361 2408 3384 ,
2441 3321 2505 3370 ὲκ
2565 3320 2663 3389 μὲν
2696 3319 2888 3373 τούτου
2916 3323 3294 3392 σπειρόμενος,
3330 3323 3397 3376 ὲκ
3416 3322 3471 3375 δὲ
3496 3321 3697 3392 ταύτης
3728 3320 3863 3392 τρέ-

2270 3411 2525 3481 (ρόμενος,
2559 3411 3112 3484 τελεσιουργούμενος
3137 3415 3195 3468 δὲ
3237 3413 3343 3469 ὑπὸ
3367 3414 3460 3469 τοῦ
3489 3417 3587 3487 τῆς
3636 3412 3861 3484 φύσεως

2267 3503 2636 3575 Δημιουργοῦ.

2880 3643 3081 3698 ΕΡΩΤ.
3111 3644 3237 3701 AA'.

2273 3755 2341 3809 El
2372 3755 2663 3826 φρόνιμος
2687 3760 2721 3811 ό
2740 3757 2893 3833 δέοις.
2913 3762 3009 3833 καὶ
3038 3761 3491 3833 ἐπαινούμενος·
3503 3762 3717 3832 μόριον
3741 3761 3862 3833 γὰρ

2744 3830 2783 3897 ἠ
2815 3831 3112 3898 φρόνησις
3140 3830 3379 3900 ἀρετῆς.

2344 3938 2522 3993 Πολλὰ
2544 3939 2654 3994 τῶν
2681 3941 2967 4010 ὀνομάτων
2998 3942 3310 4014 ὁμωνύμως
3346 3945 3683 4017 προφέρεται
3708 3958 3724 3973 ·
3757 3945 3861 4000 καὶ

2268 4029 2379 4101 γὰρ
2412 4031 2480 4085 τὰ
2506 4031 2703 4086 εἴδωλα
2746 4033 2857 4089 τῶν
2890 4034 3065 4088 ἐθνῶν
3106 4034 3267 4098 θεοὺς
3305 4036 3647 4108 ὡνομάκασι.
3681 4036 3861 4091 Τοῦτο

2267 4118 2324 4170 δέ
2354 4136 2416 4187 γε
2441 4122 2833 4193 ἀκριϐέστερον
2874 4126 3001 4195 περὶ
3030 4125 3124 4178 τοῦ
3151 4127 3209 4179 ὲν
3235 4127 3431 4198 ἐκείνῳ
3459 4129 3859 4201 ὲνεργήσαντος

2271 4208 2490 4280 εἴρηται
2524 4211 2800 4282 δαίμονος.
2852 4214 3108 4285 Ἀμαθῶς
3139 4215 3195 4269 δὲ
3234 4217 3285 4270 οἱ
3334 4218 3552 4288 ἀνόητοι
3597 4219 3692 4271 καὶ
3728 4219 3859 4281 τοὺς

2269 4303 2399 4372 περὶ
2451 4304 2579 4366 τοὺς
2636 4303 2840 4374 μύθους
2892 4306 3285 4377 ἐσχολακότας,
3329 4310 3529 4378 σοφοὺς
3583 4309 3860 4379 προσηγό-

2267 4410 2489 4464 ρευσαν.
2519 4393 2676 4448 Οὕτω
2693 4398 2784 4450 καὶ
2814 4398 2848 4467 ή
2885 4396 3006 4452 θεία
3051 4398 3242 4470 Γραφὴ
3281 4399 3451 4467 λέγει,
3491 4419 3509 4452 ι
3545 4399 3861 4466 Ἐξελὲξατο

2265 4482 2445 4546 ὁΘεὸς
2470 4483 2538 4536 τὰ
2593 4484 2754 4557 μωρὰ
2782 4486 2877 4539 τοῦ
2927 4489 3159 4559 κόσμου,
3208 4490 3296 4544 ἵνα
3346 4492 3689 4562 καταισχύνῃ
3726 4492 3861 4554 τοὺς

573 4557 732 4628 piens
774 4558 842 4612 οἳ
886 4579 905 4612 ι
942 4572 997 4617 et
1057 4578 1155 4632 per
1218 4566 1578 4634 praphetam:
1627 4586 1648 4619 ι
1687 4566 1976 4639 Sapientes
2026 4583 2154 4627 sunt

2268 4574 2482 4643 σοφούς.
2543 4595 2565 4630 ι
2607 4579 2719 4631 Καὶ
2748 4579 2949 4633 πάλιν·
2989 4600 3009 4633 ι
3034 4557 3158 4634 ήΠοῦ
3197 4582 3397 4651 σοφός
3434 4602 3452 4634 ι
3484 4557 3582 4636 καί
3753 4582 3860 4637 τοῦ

570 4650 641 4706 ad
692 4654 835 4707 male
860 4656 1130 4724 agendum
1177 4663 1222 4712 ι.
1261 4674 1281 4708 ι
1313 4657 1381 4711 Ει
1413 4658 1504 4713 hic
1533 4674 1666 4715 sane
1691 4672 1999 4731 serpentem
2026 4680 2155 4734 pru-

574 4744 793 4800 dentem
824 4747 1151 4810 nominavit,
1191 4757 1255 4803 ut
1294 4750 1555 4805 callidum
1594 4762 1651 4806 et
1704 4762 2000 4812 versutum.
2063 4756 2156 4812 Sic

572 4833 724 4887 etum
752 4845 807 4889 et
832 4836 1029 4904 Aquila
1052 4836 1447 4906 interpretatus
1479 4852 1600 4897 est:
1634 4862 1653 4895 ι
1688 4842 1753 4901 Et
1779 4860 2006 4915 serpens
2036 4858 2157 4903 erat

576 4935 831 4981 versutus
862 4941 974 4995 prae
1001 4930 1261 4985 omnibus
1292 4931 1624 4992 animalibus
1649 4938 1789 5008 agri,
1817 4954 1940 5010 qua:
1968 4956 1998 4993 a
2048 4940 2156 4996 Do-

576 5015 725 5071 mino
756 5014 866 5072 Deo
888 5027 1075 5072 creata
1098 5027 1250 5073 sunt.
1283 5037 1303 5072 ι

2263 4668 2572 4737 προφήτουο
2611 4689 2630 4721 ι
2665 4670 2827 4741 Σοφοὶ
2865 4674 2973 4725 εἰσι
3007 4672 3103 4726 τοῦ
3140 4674 3532 4744 κακοποιῆσαι.
3571 4694 3589 4726 ι
3615 4674 3862 4745 Τοιγάρ-

2258 4775 2342 4811 τοι
2396 4761 2677 4815 κᾶνταῦθα
2728 4764 2993 4835 φρὸνιμσν
3071 4768 3161 4819 τῦν
3216 4766 3341 4835 ὅφιν
3393 4766 3723 4837 ὠνόμασεν,
3774 4766 3864 4833 ὡς

2266 4850 2598 4922 πανοῦργον.
2626 4853 2784 4907 Οὕτω
2827 4854 2936 4925 γὰρ
2984 4856 3081 4908 xui.
3124 4858 3152 4909 6
3199 4857 3434 4921 Ἀκύλας
3464 4858 3861 4929 ἡρμήνευσενσ

2270 4960 2290 4994 ι
2334 4944 2441 4995 Καὶ
2462 4945 2490 4996 6
2518 4943 2643 5012 δφις
2662 4941 2732 5017 ἦν
2756 4947 3071 5018 πανοῦργος
3090 4949 3203 5003 ἀπὸ
3232 4950 3436 5014 παντὸς
3459 4947 3601 5015 {dum
3621 4948 3722 5020 τῆς
3743 4947 3864 5021 χῶ·

2267 5051 2389 5105 ρας,
2408 5029 2470 5090 οὗ
2506 5031 2765 5108 ἐποίησεν
2790 5038 2995 5112 Κύριος
3025 5042 3055 5094 6
3079 5041 3231 5105 Θεός.
3276 5059 3296 5093 ι

646 5229 677 5272 ν
737 5223 875 5278 Gen.
931 5238 994 5287 ιι,
1057 5225 1148 5281 2|.
1225 5237 1252 5278 ς
1297 5227 1430 5282 ibid.
1471 5246 1532 5293 ιι,
1608 5232 1717 5299 24;
1749 5235 1939 5292 Matth.
1977 5256 2089 5309 xu,
2122 5243 2156 5298 5

646 5294 711 5331 9')
814 5303 836 5331 ι
871 5298 979 5331 tum
1040 5298 1111 5331 Cm
1215 5302 1232 5331 ι
1272 5297 1440 5331 1....υ...
1614 5303 1682 5331 an

2268 5242 2399 5300 lare.
2445 5260 2500 5312 κ,
2524 5245 2557 5301 8
2582 5261 2597 5277 °
2631 5244 2652 5300 1
2687 5246 2815 5303 Cor.
2842 5263 2918 5314 vn,
2965 5248 3075 5316 16;
3113 5248 3311 5320 Ephes-
3357 5262 3410 5314 ν,
3450 5243 3539 5301 51.
3621 5243 3681 5301 ³1
3713 5239 3857 5331 Cor:

585 5294 735 5364 1,27.
814 5303 836 5332 ⁸
871 5298 1005 5354 ibid.
1040 5298 1131 5354 20.
1215 5302 1232 5336 ‘
1263 5297 1465 5356 Jeretn.
1508 5319 1581 5367 iv,
1614 5303 1704 5358 2:2.

2094 5513 2135 5569 Ν
2148 5512 2326 5569 ΟΤΑΞ.

762 5682 1127 5756 ’βκκόπτωκ
1166 5682 1301 5741 Cod.
1339 5688 1646 5756 ὲγκόπτων.

654 5751 735 5824 (5)
764 5753 1166 5824 ηιιοθουμένου.
1209 5756 1344 5813 Cod.
1379 5751 1729 5827 πειθομένου.

2344 5689 2422 5758 l6)
2457 5689 2838 5756 Ἀνθρὼποις.
2889 5687 3068 5745 Deest.

2345 5761 2425 5830 (7)
2466 5758 2727 5827 Μάρτυς.
2756 5758 2891 5815 Cod.
2929 5762 3219 5835 μαρτυρεῖ.
