4136 6424
353 344 448 407 133

1475 348 1761 420 QII/EST.
1794 348 1874 408 ΙΝ
1914 348 2183 408 GENES.
2228 349 2386 408 CAP.
2421 350 2532 410 Ill.

3545 344 3663 410 134

348 474 506 510 τινων
534 453 880 526 διαγορεύῃ,
913 455 1019 525 τὴν
1051 457 1173 524 ίοην
1202 455 1313 526 ἔχει
1337 456 1568 526 δύναμιν
1599 458 1679 528 τῷ
1701 459 1771 510 τὰ
1805 459 1948 528 μέγι-

2065 465 2169 515 est.
2219 472 2436 510 omnem
2483 457 2678 526 legem,
2730 457 2858 512 licet
2901 458 2969 514 de
3025 459 3270 516 minimis
3323 460 3651 533 quibusdam

349 565 451 600 στα
473 546 767 599 κελεύοντι
801 551 1010 610 ποιεῖν,
1039 549 1073 618 ῆ
1103 549 1505 618 ἀπαγορεύοντι
1534 550 1688 620 δρᾷν·
1729 551 1823 603 καὶ
1847 551 1962 603 δια·

351 640 630 707 φερόντως
657 639 779 707 (I5)
807 639 924 702 πᾶς
949 639 1095 702 θεῖοι,
1127 639 1309 708 νόμος.
1344 641 1555 693 Αὓτίκα
1584 641 1718 708 γοῦν
1745 644 1773 694 6
1807 659 1962 711 περι-

348 729 656 799 τέμνεσθαι
699 729 970 792 κελεύων,
1041 731 1300 800 οὐδεμίαν
1359 733 1833 802 παραϐαινόμενος
1883 735 1960 804 τῷ

345 821 522 874 πέλας
575 821 887 890 ἐργάζεται
937 821 1166 891 βλάϐην.
1228 823 1365 876 Ἀλλ’
1398 825 1548 894 ὅμως
1599 826 1628 876 6
1662 825 1960 894 νομοθέτης

342 911 644 978 (magi-tt
684 928 703 960 ι
740 913 857 973 Πᾶς
882 913 1265 982 ἀπερίτμητος
1293 914 1488 985 ἄρσην,
1513 914 1571 976 ὃ;
1597 915 1658 968 ού
1685 933 1956 987 περιτμη-

343 1001 584 1071 θήσεται
607 1004 678 1071 τῇ
703 1002 898 1072 ἡμέρᾳ
922 1005 987 1072 τῇ
1013 1003 1202 1074 ὀγδόῃ.
1235 1004 1746 1075 ἐξολοθρευθήσεται
1791 1029 1809 1057 ι
1849 1008 1958 1061 Καὶ

343 1095 411 1162 ἢν
441 1093 620 1160 ὥρισε
652 1097 769 1155 τοῖς
790 1093 1148 1164 ἀνδροφόνοις
1175 1095 1268 1147 καὶ
1292 1098 1402 1157 τοῖς
1431 1100 1640 1167 μοιχοῖς
1662 1098 1952 1168 τιμωρίαν,

347 1184 557 1253 ταύτην
589 1186 691 1237 καὶ
723 1183 905 1255 τούτῳ
940 1187 1276 1256 ἐκλήρωσεν.
1324 1189 1540 1259 Ἐπειδὴ
1569 1189 1624 1242 δὲ
1657 1191 1801 1253 εἰκὸς
1830 1192 1956 1248 τοὺς

347 1277 714 1346 ὃντωνύμους
767 1277 1105 1346 αἱρετικοὺς,
1142 1279 1402 1348 ἄντικρυς
1444 1283 1510 1350 τῇ
1556 1281 1765 1353 παλαιᾷ
1796 1283 1953 1336 πολε-

348 1365 448 1435 μοῦ
465 1383 590 1428 ντας
635 1366 866 1436 Γραφῇ.
909 1367 1004 1418 καὶ
1039 1366 1192 1419 τοῦδε
1220 1369 1595 1438 κατηγορῆσαι
1629 1368 1724 1422 τοῦ
1753 1371 1950 1440 νόμουο

345 1461 406 1509 ὲκ
429 1459 532 1526 τῆς
564 1457 948 1527 εὖαγγελικῆς
979 1457 1306 1527 νομοθεσίας
1334 1461 1432 1522 τάς
1462 1459 1768 1526 ἀποδείξεις
1797 1462 1953 1532 ποιή-

343 1567 538 1618 σομαι.
579 1549 944 1619 Εὑρίσκομεν
985 1550 1094 1619 γὰρ
1125 1551 1184 1601 ἐν
1213 1551 1441 1615 ἐκείνοις
1468 1554 1584 1615 τοῖς
1613 1553 1820 1623 νόμοις,
1859 1554 1950 1607 τὸν

335 1640 562 1707 λάγνως
607 1641 836 1710 ὁρῶντα
881 1641 1108 1708 γύναιον
1152 1642 1406 1712 μοιχείας
1455 1644 1810 1714 κρινόμενονο
1853 1647 1949 1698 καὶ

333 1733 430 1783 τὸν
458 1732 589 1802 εικῆ
632 1732 1022 1801 ὀργιζόμενον,
1055 1732 1240 1803 ἔνοχον
1271 1734 1398 1788 ὄντα
1425 1738 1492 1807 τῇ
1525 1736 1736 1807 κρίσει·
1773 1736 1864 1790 τὸν
1893 1738 1948 1790 δὲ

340 1823 490 1891 ρακά
548 1825 647 1876 τὸν
705 1825 944 1893 ἀδελφὺν
975 1825 1336 1894 ὀνομάζοντα,
1378 1827 1601 1896 γραφῆς
1635 1827 1799 1882 πάλιν
1846 1830 1949 1882 ὑπ-

338 1916 602 1968 εύθυνον·
641 1916 743 1968 τὸν
792 1916 852 1968 δὲ
897 1917 1084 1987 μωρὸν
1129 1917 1534 1980 ἀποκαλοῦντα,
1576 1923 1676 1989 τῆς
1723 1919 1948 1990 γεέννης

337 2003 522 2066 ἇξιονο
561 2005 664 2057 καὶ
697 2005 796 2056 τὸν
839 2003 1106 2074 ὀμνύντα,
1141 2005 1245 2059 κᾶν
1286 2007 1566 2078 ἀληθεύων
1608 2009 1805 2080 ὀμνύῃ.
1848 2009 1948 2079 τῆς

339 2096 661 2168 ἂαόολικῆς
687 2099 826 2150 ὄντα
856 2097 1197 2169 συμμορίας.
1225 2101 1292 2152 Τί
1315 2100 1378 2168 δή
1409 2117 1540 2154 ποτε
1563 2104 1740 2156 τοίνυν
1761 2103 1949 2155 τοῦτον

344 2185 438 2254 μὲν
462 2187 682 2254 ἀγαθὸν
706 2187 1100 2256 ὀνομάζουσιν,
1138 2193 1319 2260 ἀπηνῆ
1353 2191 1408 2242 δὲ
1445 2190 1537 2244 τὸν
1570 2193 1670 2262 τῆς
1715 2194 1948 2259 παλαιᾶς

340 2278 674 2348 ν-»μοθέτηνς
704 2279 891 2332 ταῦτα
923 2280 1030 2349 γὰρ
1061 2280 1292 2334 ἐκείνων
1314 2282 1454 2336 κατὰ
1477 2282 1569 2337 τὸν
1591 2285 1802 2338 τούτων
1823 2289 1948 2357 ὅρον

334 2369 512 2437 ὡμότε
526 2386 618 2439 ρα.
669 2372 842 2424 Ἀλλά
865 2370 968 2440 τῆς
994 2373 1222 2424 ἐκείνων
1249 2373 1423 2427 ταῦτα
1458 2373 1804 2446 βλασφημίας
1831 2378 1949 2430 τολ-

340 2461 466 2530 μᾷν.
492 2461 693 2529 Ἡμεῖς
709 2461 770 2514 δὲ
795 2462 1094 2524 κάκείνους
1117 2463 1208 2516 καὶ
1229 2463 1448 2527 τούτους
1468 2467 1594 2528 τοὺς
1617 2466 1814 2535 νόμους
1830 2467 1948 2529 ὲνὶς

340 2550 497 2616 ἵεμεν
528 2549 669 2603 Θεοῦ
691 2567 706 2579 ·
738 2550 806 2602 τὸ
852 2551 914 2603 δὲ
955 2550 1218 2622 διάφορον
1260 2553 1292 2622 ὴ
1328 2552 1436 2606 τῶν
1470 2554 1948 2625 νομοθετουμένων

342 2639 563 2706 ποιότης
595 2641 932 2708 εἰργάσατο.
965 2637 1072 2694 Οἷα
1104 2641 1214 2711 γὰρ
1251 2643 1415 2710 σοφὸς
1455 2642 1795 2710 διδάσκαλος,
1833 2647 1948 2710 τοῖς

350 2726 449 2794 μὲν
509 2727 724 2780 ἀτελὲτι
770 2727 849 2780 τά
902 2728 1103 2798 ἀτελῆ,
1142 2732 1255 2794 τοῖς
1305 2730 1362 2784 δὲ
1407 2730 1634 2794 τελείοις
1664 2733 1734 2788 τά
1765 2735 1949 2789 τέλεια

358 2818 718 2885 προσενηνοιε
770 2816 919 2886 Πρὸς
952 2817 1011 2870 δὲ
1051 2817 1265 2880 τούτοις
1295 2819 1598 2889 σκοπητέον
1642 2819 1944 2884 καὶτοῦτο,

366 2905 442 2966 ὡς
469 2908 581 2966 τοὶς
609 2907 833 2976 πρώτοις
863 2909 986 2977 (16)
1019 2907 1420 2979 παραϐαίνουσι
1448 2911 1576 2972 τοὺς
1606 2911 1802 2980 νόμους
1827 2914 1947 2964 ἐπι-

366 2996 619 3065 φέρονται
647 2998 762 3066 δέκα
792 2998 1142 3068 συγγνώμης
1167 2999 1430 3069 τιμωρίαι
1453 3014 1468 3028 ·
1503 2999 1645 3053 ὥστε
1685 3003 1812 3065 τοὺς
1847 3003 1946 3056 ἀλ-

358 3087 482 3147 λους
505 3088 743 3158 ὁρῶντας
774 3091 878 3161 τὴν
916 3091 1170 3151 κόλασιν,
1208 3089 1282 3160 μὴ
1310 3091 1518 3163 τολμᾷν
1556 3092 1656 3164 τὴν
1689 3093 1946 3164 παράϐαο
1974 3141 2014 3164 ,,

355 3195 455 3232 σιν.
510 3179 682 3231 Τοῦτο
714 3181 811 3232 καὶ
868 3182 967 3232 ἐπὶ
1011 3182 1114 3251 τῆς
1159 3180 1254 3234 τοῦ
1294 3181 1578 3236 Σαϐὗάτου
1623 3183 1944 3252 νομοθεσίας
1973 3179 2016 3198 ’⁸

350 3273 588 3338 ἐγένετο·
617 3273 712 3327 τὸν
744 3275 861 3343 γὰρ
895 3275 959 3326 ὲν
999 3273 1270 3342 Σαϐϐάτῳ
1299 3274 1370 3326 τὰ
1400 3274 1534 3340 ξύλα
1569 3276 1820 3342 συλλέξαι
1852 3293 1944 3330 τε·

347 3364 680 3432 τολμηκότα,
712 3367 809 3417 καί
841 3364 1069 3434 πρῶτον
1099 3365 1192 3417 τὸν
1227 3367 1357 3436 περὶ
1383 3365 1578 3420 τούτου
1621 3368 1945 3439 παραϐεϐη-

347 3455 474 3506 κότα
514 3453 711 3521 νόμον,
741 3455 895 3519 ἀπας
920 3455 1256 3510 κατέλευσεν
1285 3457 1314 3508 6
1348 3456 1476 3518 λαός
1495 3471 1512 3488 ⁶
1544 3457 1639 3510 τοῦ
1668 3458 1804 3512 Θεοῦ
1828 3459 1946 3513 τοῦ·

342 3560 402 3598 το
432 3546 905 3614 προατεταχότος,
949 3546 1041 3599 τνα
1067 3545 1362 3617 αὐτουργοὶ
1404 3548 1508 3619 τῆς
1535 3549 1807 3620 τιμωρίας
1851 3567 1946 3619 γε-

343 3636 587 3706 νόμενοι,
628 3637 907 3709 φρίττωσι
951 3637 1054 3708 τὴν
1096 3641 1466 3712 παρανομίαν,
1513 3642 1590 3703 ὡς
1627 3644 1728 3714 τὴν
1768 3660 1944 3713 τιμω-

344 3727 464 3797 ρίαν
493 3727 847 3795 ὲπάγουσαν.
874 3728 1072 3798 Χρόνῳ
1099 3728 1155 3780 δὲ
1183 3728 1428 3800 ὕστερον,
1464 3731 1677 3785 πολλῶν
1702 3731 1794 3786 τὸν
1817 3733 1944 3803 περὶ

339 3817 432 3872 τοῦ
463 3819 761 3874 Σαὸὁάτου
794 3819 1272 3892 παραόεϐηκότων
1303 3822 1484 3892 νόμον,
1516 3824 1888 3894 μακροθύμως
1915 3826 1944 3877 6

340 3911 648 3981 νομοθέτης
702 3913 910 3980 ἧνεγκε
963 3912 1063 3983 τὴν
1104 3913 1441 3984 παράϐασιν.
1473 3913 1630 3969 Οὕτω
1673 3916 1765 3968 τὸν
1801 3917 1942 3970 Κάῖν

337 3999 560 4068 πρῶτον
595 4002 984 4068 πεφονευκότα
1013 4003 1134 4066 ταῖς
1159 4004 1482 4074 ἀνηκέστοις
1511 4005 1750 4062 ὑπέϐαλε
1775 4025 1942 4077 τιμω-

339 4092 518 4160 pia;-
563 4093 660 4145 ἵνα
696 4094 828 4156 τοὺς
864 4093 950 4145 ἐπ’
980 4093 1214 4161 ἐκείνου,
1246 4096 1340 4148 καὶ
1377 4097 1496 4165 μετ’
1535 4098 1744 4152 ἐκεῖνον
1776 4115 1938 4167 γεγε-

337 4184 642 4253 νημένους.
701 4182 980 4252 δεδίξηται
1037 4184 1107 4236 τα
1161 4185 1524 4256 παραπλήσια
1578 4185 1655 4257 μὴ
1710 4188 1938 4260 τολμᾷν.

339 4273 562 4326 Πολλῶν
619 4274 679 4332 δὲ
740 4272 971 4344 ὕστερον
1019 4273 1364 4344 ἀνδροφόνων
1414 4277 1823 4346 γεγενημένων,
1877 4279 1938 4332 οὐ

336 4366 668 4438 παραυτίκα
720 4365 824 4428 τάς
877 4367 1151 4437 τιμωρίας
1201 4369 1505 4438 ὶπήγαγεν.
1563 4370 1708 4424 Ἔδει
1760 4371 1938 4424 τοίνυν

2065 556 2270 601 statuat
2293 548 2422 616 quid
2454 549 2722 618 agendum
2762 551 2856 613 sit,
2889 566 3071 617 parem
3124 553 3325 608 habere
3355 552 3466 608 vim
3524 570 3652 610 cum

2062 652 2122 688 ea
2159 653 2277 705 qua:
2313 638 2547 692 maxima
2583 640 2824 707 praecipit
2875 650 2968 694 attt
3007 642 3289 710 prohibet:
3340 644 3432 698 sed
3464 647 3654 713 prteci-

2061 740 2166 792 pue
2193 727 2359 795 legem
2395 743 2614 782 omnem
2653 725 2914 783 divinam.
2942 728 3102 784 ν‹ϊιιὶ
3135 732 3326 799 gratia,
3349 733 3442 801 qui
3471 742 3652 790 trans-

2059 816 2302 883 greditur
2357 819 2525 888 legem
2561 834 2684 889 quae
2728 821 3200 878 circumcisionem
3241 825 3416 894 jubet,
3461 828 3650 894 proxi-

2060 923 2150 962 tuo
2181 910 2389 963 nullum
2431 912 2689 964 damnum
2733 912 2910 966 infert.
2953 911 3321 970 Nihilominus
3377 917 3651 986 legislatur

2057 1003 2136 1054 ait
2163 1019 2175 1032 ·
2216 1021 2235 1054 ι
2277 1000 2467 1058 Omnis
2530 1005 2802 1059 masculus
2853 1006 3294 1073 ineircumcisus,
3327 1018 3382 1063 et
3416 1011 3508 1078 qui
3541 1026 3647 1064 non

2059 1093 2222 1146 fuerit
2267 1093 2625 1147 circumcisus
2668 1104 2861 1148 uctavo
2903 1095 3009 1156 die,
3054 1097 3460 1154 interitnelnr'.
3500 1119 3520 1152 ι
3584 1103 3649 1154 Et

2054 1185 2269 1252 qualem
2300 1183 2587 1239 homicidis
2613 1193 2663 1238 et
2686 1185 2949 1240 adulteris
2980 1202 3194 1255 pteuam
3227 1191 3441 1256 statuit,
3484 1192 3645 1246 talem

2057 1275 2183 1328 lmic
2234 1275 2442 1330 imlicit.
2497 1276 2566 1328 At
2621 1279 2878 1344 quoniam
2926 1278 3225 1334 verisimile
3252 1288 3359 1342 est,
3415 1283 3645 1338 infames

2055 1366 2359 1429 Inereticos,
2434 1367 2609 1433 palam
2666 1366 2960 1436 Scriptura:
3019 1372 3216 1425 veteris
3276 1373 3644 1440 adversarios,

2055 1457 2194 1511 hanc
2227 1457 2396 1526 legem
2425 1457 2836 1528 suggillaturos.
2861 1478 2924 1515 ex
2964 1464 3273 1531 evangelica
3306 1464 3645 1532 legislatione

2050 1560 2169 1599 eam
2221 1545 2632 1601 demonstrabo.
2679 1549 3003 1618 Reperimns
3055 1554 3203 1606 enim
3261 1555 3313 1607 in
3354 1556 3462 1610 illis
3517 1558 3646 1627 1.ιεί-

2051 1635 2219 1700 ιιιιδα,
2269 1651 2394 1690 eum
2424 1638 2516 1706 qui
2562 1639 2760 1694 lascive
2805 1641 3086 1696 mulierem
3140 1645 3435 1713 aspexerit,
3470 1645 3646 1701 forni-

2049 1727 2280 1780 cationis
2313 1743 2462 1781 reum
2495 1743 2617 1783 esse
2671 1747 2684 1782 :
2731 1740 2784 1784 et
2815 1732 2906 1798 qui
2947 1741 3148 1788 temere
3180 1736 3456 1802 irascitur,
3491 1751 3642 1791 reum

2050 1833 2170 1871 esse
2214 1817 2456 1886 judicio:
2495 1819 2589 1887 qui
2640 1835 2768 1873 vero
2818 1820 3036 1876 fratrem
3077 1826 3448 1892 appellaverit,
3490 1844 3642 1882 raca.

2050 1908 2399 1964 aet-usatione
2435 1909 2602 1962 teneri
2640 1927 2652 1964 :
2690 1910 2784 1980 qui
2818 1926 2946 1965 vero
2982 1913 3229 1981 Stultum,
3278 1916 3524 1984 gt-hetma
3555 1919 3641 1970 di-

2050 2015 2214 2067 gnum
2249 2015 2404 2054 esse:
2435 2010 2486 2055 et
2515 2001 2608 2070 qui
2634 2002 2921 2068 iuraverit,
2954 2003 3081 2059 licet
3107 2020 3294 2061 verum
3333 2008 3500 2068 dicat,
3522 2008 3641 2062 dia-

2051 2091 2159 2144 boli
2189 2092 2398 2148 socium
2445 2094 2584 2148 licri.
2614 2093 2726 2148 Cur
2761 2096 2924 2164 igitur
2956 2097 3101 2150 hunc
3131 2099 3262 2168 legis
3301 2101 3633 2169 evangelica:

2052 2182 2275 2234 latorem
2317 2181 2521 2236 bonum
2570 2183 2865 2251 appellant,
2915 2184 3178 2240 immitem
3236 2202 3364 2241 vero
3395 2189 3637 2256 antiquae

2050 2272 2180 2340 legis
2211 2271 2526 2326 auctorem?
2551 2272 2686 2327 Nam
2728 2276 2860 2340 inec,
2913 2275 3133 2330 illorum
3184 2277 3476 2342 sententia,
3508 2290 3638 2334 sunt

2050 2362 2156 2416 illis
2179 2365 2484 2417 crudeliora
2508 2365 2815 2434 praeceptis.
2843 2363 3040 2419 Verum
3063 2366 3207 2436 quod
3224 2369 3240 2386 '
3259 2371 3360 2423 ista
3378 2369 3633 2434 audeant,

2051 2454 2262 2507 illorum
2299 2453 2656 2524 blasphemia:
2704 2465 2808 2510 est.
2845 2454 2955 2514 Nos
2988 2469 3168 2513 autem
3215 2470 3268 2513 et
3304 2459 3402 2514 has
3430 2470 3483 2515 et
3514 2461 3635 2517 illas

2047 2545 2194 2614 leges
2223 2543 2293 2599 ab
2322 2560 2431 2598 uno
2461 2544 2571 2600 Deo
2611 2545 2750 2602 latas
2784 2561 2906 2602 esse
2935 2547 3228 2604 didicimus
3257 2568 3270 2604 :
3322 2551 3416 2605 sed
3451 2552 3631 2606 diver-

2049 2636 2264 2689 sitatem
2320 2634 2496 2690 eﬂ‘ccit
2529 2649 2720 2690 eorum
2753 2653 2876 2707 qua:
2913 2638 3030 2708 lege
3069 2640 3335 2708 jubentur
3373 2643 3631 2712 qualitas.

2054 2723 2209 2777 Velut
2238 2724 2383 2778 enim
2428 2735 2728 2793 praeceptor
2766 2726 3006 2795 sapiens,
3063 2727 3398 2796 imperfectis
3432 2731 3634 2801 imper-

2049 2814 2208 2880 fecta,
2239 2823 2294 2869 et
2324 2813 2577 2884 perfectis
2615 2815 2853 2885 perfecta
2888 2819 3191 2887 proposuit.
3223 2819 3334 2891 49
3365 2821 3632 2878 Praeterea

2047 2919 2176 2958 vero
2208 2905 2662 2959 considerandum
2695 2915 2798 2969 est,
2838 2907 2985 2976 quod
3019 2908 3210 2977 primis
3241 2911 3416 2979 legum
3449 2920 3630 2967 trans-

2049 2995 2390 3064 gressurihus
2423 2996 2543 3050 sine
2575 2997 2729 3050 venia
2760 2998 3029 3066 supplicia
3075 2995 3418 3068 infliguntur,
3450 3009 3508 3054 ut
3538 3001 3631 3055 alii

2048 3087 2332 3156 punitione
2367 3098 2659 3156 conspecta
2691 3089 2993 3158 transgredi
3027 3104 3134 3143 non
3166 3089 3420 3145 audeant.
3472 3091 3628 3158 Quod

2046 3192 2101 3238 et
2131 3183 2335 3237 factum
2366 3192 2450 3238 est
2500 3183 2644 3238 circa
2679 3182 2849 3253 legem
2881 3182 2950 3238 de
2978 3181 3217 3238 Sabbato
3249 3185 3434 3240 latam.
3492 3187 3630 3241 Eum

2045 3275 2215 3340 enim,
2253 3277 2344 3346 qui
2384 3275 2472 3330 die
2526 3275 2748 3332 Salibati
2801 3275 2946 3344 ligna
2981 3276 3237 3346 colligere
3280 3292 3452 3332 ausus
3485 3287 3628 3338 erat.

2045 3376 2098 3419 et
2128 3366 2200 3419 ita
2232 3365 2442 3435 primus
2472 3365 2642 3434 legem
2674 3365 3010 3432 transgredi,
3059 3366 3290 3435 populus
3340 3369 3630 3422 universus

2046 3456 2326 3525 lapidavit.
2375 3457 2428 3510 id
2463 3457 2612 3512 enim
2673 3455 2815 3512 Deus
2865 3466 3232 3526 praeceperat,
3281 3467 3340 3512 ut
3377 3459 3472 3528 qui
3513 3460 3631 3514 suis

2045 3548 2296 3602 manibus
2340 3547 2408 3602 de
2441 3557 2669 3602 nocente
2699 3547 3024 3617 supplicium
3073 3559 3441 3618 sumpserant,
3473 3550 3630 3605 dein-

2045 3654 2174 3708 ceps
2234 3639 2403 3706 legem
2457 3639 2765 3708 transgredi
2839 3637 3286 3703 reformidarent,
3367 3649 3625 3711 tanquam

2044 3727 2295 3796 supplicii
2345 3742 2592 3781 causam.
2649 3727 2834 3796 Longo
2863 3743 2991 3782 vero
3035 3737 3158 3797 post
3199 3744 3462 3799 tempore.
3498 3747 3624 3786 cum

2045 3818 2297 3887 permulti
2333 3819 2503 3888 legem
2533 3818 2601 3872 de
2632 3819 2871 3872 Sabbato
2909 3819 3070 3873 latam
3106 3821 3423 3886 violassent,
3456 3831 3627 3879 trans-

2043 3911 2377 3978 gressionem
2439 3909 2714 3979 legislator
2763 3912 3028 3978 patienter
3063 3911 3203 3966 tulit.
3261 3911 3353 3967 Sic
3378 3922 3432 3967 et
3461 3913 3621 3979 Cain,

2041 4003 2135 4071 qni
2180 4002 2282 4055 fuit
2312 4001 2522 4071 primus
2561 3999 2858 4064 homicida,
2903 3999 3220 4069 inexpiabili
3275 4002 3454 4057 affecit
3488 4020 3620 4071 sup-

2042 4095 2242 4163 plicio:
2280 4103 2336 4148 ut
2365 4105 2474 4148 tam
2523 4092 2577 4147 hi
2614 4093 2706 4162 qui
2756 4103 2886 4148 tunc
2934 4093 3197 4162 temporis
3239 4104 3418 4158 erant,
3454 4111 3620 4164 quam

2040 4187 2132 4254 qui
2171 4195 2356 4255 postea
2383 4184 2493 4239 uati
2520 4193 2670 4248 sunt,
2705 4185 2828 4238 talia
2861 4192 3172 4253 perpetrare
3201 4198 3308 4238 non
3337 4183 3620 4239 auderent.

2039 4275 2440 4330 Posterioribus
2499 4286 2678 4330 tamen
2739 4275 3109 4343 temporibus,
3161 4274 3287 4329 licet
3336 4275 3624 4332 homicidae

2041 4368 2193 4422 multi
2249 4366 2471 4432 fuerint,
2521 4382 2630 4422 non
2671 4367 2923 4436 protinus
2961 4381 3151 4436 ptenas
3215 4366 3429 4420 inﬂixit.
3476 4366 3625 4422 Con-

333 4460 430 4512 καὶ
470 4459 571 4511 τόν
602 4458 808 4528 Ἀδὰμ,
846 4457 1066 4525 πρῶτον
1099 4457 1396 4530 δεξάμενον
1431 4460 1614 4530 νόμον,
1647 4462 1742 4514 καὶ
1774 4462 1938 4532 νόμον

2048 4458 2288 4515 veniebat
2319 4460 2483 4529 igitur
2509 4459 2799 4524 Adamum,
2851 4458 2944 4528 qui
2993 4459 3203 4528 primus
3249 4459 3419 4528 legem
3466 4474 3623 4516 accc—

333 4552 684 4619 ztou;6:arov
703 4569 716 4581 ·
745 4551 856 4605 τῶν
881 4551 1238 4605 παντοδαπῶν
1265 4552 1375 4624 γὰρ
1404 4553 1551 4624 αὐτῷ
1573 4553 1802 4624 καρπῶν
1829 4555 1938 4608 ἑδε-

328 4641 500 4695 ὃὼκει
535 4642 644 4712 τὴν
682 4641 969 4709 ἀφθονίαν,
1010 4641 1132 4705 ἐνὸς
1153 4642 1224 4696 -ὃὲ
1261 4641 1428 4712 μόνου
1460 4645 1559 4713 τὴν
1589 4643 1793 4714 ἐδωδὴν
1827 4645 1936 4697 ἀπ-

329 4733 643 4803 ηγορεύκει
687 4733 801 4802 (17)
829 4747 841 4761 ·
875 4731 1061 4785 δοῦναι
1119 4731 1277 4802 δίκην
1324 4732 1419 4786 τοῦ
1460 4733 1937 4805 πλημμελήματος

330 4828 408 4888 εἰς
430 4823 728 4893 ὠφέλειαν
755 4821 850 4875 τοῦ
884 4821 1096 4890 γένους.
1125 4823 1188 4876 El
1213 4823 1269 4876 δὲ
1298 4823 1631 4896 δυσόργητος
1665 4825 1762 4888 ὢν,
1799 4826 1874 4890 ὡς
1907 4829 1936 4880 6

329 4917 667 4986 δυσώνυμος
695 4915 802 4984 ἔφη
824 4915 1118 4985 Μαρκίων,
1141 4915 1231 4970 διὰ
1261 4915 1465 4986 βρῶσιν
1498 4917 1688 4988 ὀλίγην
1716 4919 1816 4990 τὴν
1839 4920 1934 4974 τοῦ

331 5008 572 5062 θανάτου
601 5007 883 5076 τιμωρίαν
924 5008 1217 5076 ἐπήνεγκε,
1246 5007 1366 5070 πῶς
1413 5007 1716 5080 ἀνθρώπων
1758 5011 1936 5065 ἀπάνε-

328 5117 433 5155 των
488 5103 577 5164 είς
636 5098 903 5152 ἀσέϐειαν
961 5099 1055 5151 καὶ
1109 5099 1458 5170 παρανομίαν
1507 5099 1932 5166 ὲξωκειλάντων,

323 5193 575 5261 ἐσχάτην
613 5189 679 5243 ού
717 5187 1099 5258 πανωλεθρίαν
1134 5190 1438 5259 ἐπήνεγκεν
1466 5205 1480 5220 ·
1512 5189 1648 5243 ἀλλά
1673 5190 1767 5243 τὸν
1801 5191 1930 5244 Υἰδν

319 5283 496 5337 αὐτοῦ
533 5282 771 5345 δέδωκε,
797 5283 890 5334 καὶ
917 5281 1016 5352 τὴν
1044 5281 1133 5334 διά
1160 5281 1398 5352 σταυροῦ
1432 5283 1528 5335 καὶ
1558 5281 1766 5347 πάθους
1796 5282 1931 5336 ἑδω-

396 5465 423 5496 !
465 5456 613 5512 Gen.
651 5471 788 5520 χιιι,
822 5457 911 5511 14.
1003 5469 1029 5498 ι
1057 5457 1244 5512 Matth.
1280 5472 1334 5522 ν,
1372 5456 1444 5510 22
1473 5471 1626 5526 seqq.

2041 4559 2213 4621 perat,
2241 4561 2294 4605 et
2324 4567 2442 4605 eam
2476 4551 2694 4620 quidem
2737 4551 3064 4605 levissimam
3117 4549 3319 4621 (omnis
3348 4551 3493 4605 enim
3527 4568 3622 4620 ge—

2040 4642 2190 4698 neris
2241 4641 2516 4696 fi'uctuutn
2589 4642 2732 4694 Deus
2788 4640 2863 4693 illi
2916 4639 3140 4695 dederat
3187 4643 3422 4711 copiam,
3458 4643 3624 4697 unius

2041 4743 2251 4789 tantum
2283 4750 2379 4789 esu
2421 4733 2823 4802 interdixerat),
2862 4732 3012 4787 luere
3061 4749 3252 4803 pinnas
3303 4733 3506 4797 delicti,
3554 4735 3620 4788 ad

2039 4826 2322 4881 utilitatem
2353 4825 2567 4895 generis
2595 4823 2841 4878 humani.
2877 4823 3034 4890 Quod
3065 4826 3111 4879 si
3160 4840 3270 4894 prae
3303 4825 3473 4877 multa
3510 4825 3623 4878 ira-

2041 4918 2238 4973 cundia
2273 4916 2437 4980 Deus,
2476 4925 2536 4970 ut
2560 4915 2634 4969 ait
2660 4915 3028 4970 exsecrandus
3060 4915 3150 4969 ille
3183 4913 3452 4978 Marcion,
3486 4928 3622 4984 pau-

2043 5010 2220 5064 culam
2253 5009 2324 5063 ob
2356 5023 2535 5063 escam
2563 5006 2834 5078 supplicio
2879 5008 3074 5062 mortis
3111 5005 3312 5068 affecit,
3345 5005 3622 5076 quomodo

2043 5099 2299 5154 omnibus
2340 5097 2655 5153 hominibus
2703 5097 2770 5152 ad
2823 5097 3155 5166 impietatem
3208 5105 3263 5150 et
3312 5104 3618 5165 transgres-

2037 5190 2243 5246 sionem
2279 5198 2582 5245 extremam
2625 5189 2860 5258 delapsis
2894 5196 3140 5243 extrema
3193 5187 3456 5257 supplicia
3506 5201 3613 5242 non

2040 5281 2256 5350 inﬂixit,
2303 5281 2395 5338 sed
2432 5280 2629 5337 Filium
2687 5295 2849 5338 suum
2891 5279 3064 5350 dedit,
3092 5288 3147 5336 et
3181 5295 3281 5350 per
3309 5293 3527 5336 crucem
3559 5287 3616 5333 et

1854 5521 2091 5580 NOTAE.

429 5664 517 5733 i5)
550 5665 692 5736 Cod.
731 5675 787 5719 ct
845 5664 960 5718 Pic.
1001 5667 1398 5736 διαφερόντων.

426 5736 515 5794 16)
562 5735 697 5798 Τοῖς
719 5736 998 5802 πρώτοις.
1027 5737 1101 5788 ιιι»
1120 5735 1242 5790 cod.
1286 5750 1338 5791 et
1367 5738 1510 5808 apud
1539 5736 1652 5792 Pic.
1685 5737 1934 5808 sequitur

2037 5667 2219 5806 “ila
2249 5735 2385 5789 Cod.
2417 5744 2471 5791 et
2492 5733 2606 5790 Pic.
2645 5735 3048 5808 ἀπηγόρευσεν·
