4136 6430
447 355 552 420 139

1429 347 1919 410 TIIEODORETI
1964 343 2308 405 EPISCOPI
2363 343 2734 405 CYRENSIS

3632 339 3733 407 140

448 473 708 529 animam,
739 461 1012 534 quomodo
1065 460 1377 515 fabulosum
1425 475 1536 514 non
1580 469 1659 514 est
1711 457 1914 523 dicere,
1950 470 2042 510 ac-

2162 455 2327 522 ιέγειν
2366 455 2507 525 μετὰ
2537 455 2636 528 τὴν
2667 452 2983 524 παράϐασιν
3021 452 3123 524 τῆς
3156 453 3379 526 ἐντολῆς
3417 455 3596 526 σάρκα
3635 458 3733 510 αὺ-

449 560 659 631 eepisse
713 557 834 610 illos
871 568 1092 609 carnem
1144 551 1430 606 mortalem
1466 560 1593 621 post
1642 548 2040 619 transgressio-

449 668 572 708 nem
602 647 890 705 mandati?
919 646 1022 717 53
1054 643 1256 700 Verum
1307 644 1526 699 curiose
1559 643 1863 714 inquirere,
1898 640 2043 696 unde

448 745 616 811 pelles
647 741 790 799 Deus
821 739 1091 804 habuerit,
1129 747 1182 793 et
1205 738 1274 792 ob
1305 736 1358 791 id
1395 751 1594 790 novam
1643 735 1880 789 amictus
1925 747 2047 802 spe-

451 837 588 890 ciem
640 834 972 904 excogitare,
1035 830 1372 900 superﬂuum
1435 843 1558 882 esse
1624 827 1760 881 mihi
1807 825 2043 878 videtur.

453 922 590 976 Sunt
636 920 1230 994 igitni‘fampleetenda
1259 958 1275 983 ,
1333 933 1457 988 qum
1521 917 1726 986 scripta
1755 923 1929 981 sunt,
1993 919 2048 967 et

449 1015 758 1078 sciendum,
787 1012 932 1083 quod
974 1011 1219 1066 omnium
1253 1009 1499 1064 Creatori
1527 1009 1666 1062 nihil
1698 1008 1913 1063 diilicile
1954 1017 2048 1062 aut

453 1103 772 1174 impeditum
837 1111 941 1158 est.
1014 1099 1118 1155 Sed
1169 1099 1429 1153 admirari
1493 1107 1707 1168 oportet
1754 1112 2047 1167 perennem

452 1195 571 1266 ejus
623 1195 946 1259 bonitatem,
1002 1193 1204 1264 quippe
1250 1192 1343 1264 qui
1390 1193 1554 1248 etiam
1609 1192 2048 1262 delinquentium

453 1303 642 1341 curam
674 1295 847 1357 gerat,
880 1301 982 1342 nec
1003 1286 1343 1341 vestimentis
1369 1284 1695 1342 necessariis
1727 1301 1917 1340 carere
1948 1300 2050 1339 nu-

452 1381 552 1434 dos
592 1379 890 1446 permittat.

526 1466 903 1522 THEODOBI.
949 1466 1250 1534 Quaesitum
1291 1475 1393 1534 est,
1424 1483 1546 1538 quae
1573 1468 1685 1523 sint
1714 1477 1897 1524 vestes
1931 1469 2049 1538 pel-

458 1560 651 1614 licem?
700 1557 836 1614 Nam
887 1559 933 1615 si
991 1575 1058 1614 ex
1106 1559 1436 1615 animalibus
1484 1560 1683 1616 occisis
1729 1560 1871 1616 facta
1925 1569 2055 1615 sunt

459 1648 798 1712 indumenta,
846 1649 1198 1718 perspicuum
1245 1655 1328 1703 est
1371 1650 1516 1718 quod
1569 1649 1877 1706 occisorum
1938 1650 2056 1703 ani-

2146 545 2275 610 τοὺς
2312 545 2595 616 εἰληφέναι
2641 545 2879 616 θνητήν;
2911 545 2986 598 Τὸ
3019 545 3078 598 δέ
3123 562 3187 614 γε
3226 545 3731 618 πολυπραγμονεῖν,

2148 638 2314 692 πόθεν
2350 638 2430 709 τῷ
2465 637 2586 708 Θεῷ
2614 637 2882 708 δέρματα,
2915 636 3010 690 καὶ
3056 635 3144 690 διὰ
3183 635 3346 690 τοῦτο
3377 637 3564 691 καινὸν
3598 633 3735 701 εἶδος

2149 729 2511 801 περιδολαίων
2541 729 2802 796 ἐπινοεῖν,
2834 727 3092 800 περιττὸν
3121 723 3261 781 εἶναι
3296 745 3389 798 μοι
3424 729 3591 783 δοκεῖ.
3618 729 3738 800 Χρὴ

2148 821 2331 874 τοίνυν
2359 823 2608 892 στέργειν
2630 820 2700 874 τά
2720 820 3102 891 γεγραμμένα,
3134 819 3229 872 καὶ
3256 819 3456 873 εἰδέναι
3487 819 3563 884 ὡς
3585 821 3736 873 οὐδὲν

2151 914 2356 984 ἄπορον
2386 913 2464 984 τῷ
2489 913 2600 966 τῶν
2632 912 2770 966 ὅλων
2795 911 3147 984 Δημιουργῷ,
3183 910 3278 964 καὶ
3305 909 3610 979 θαυμάζειν
3640 910 3734 963 αύ-

2151 1005 2246 1058 τοῦ
2269 1005 2366 1076 τὴν
2403 1003 2632 1076 ἄπειρον
2671 1005 2781 1077 (25)
2810 1005 3123 1074 άγαθότητα
3141 1020 3154 1034 ⁸
3191 1003 3274 1056 ὅτι
3303 1002 3397 1056 καὶ
3418 1001 3737 1074 παραϐεϐη-

2155 1096 2328 1150 κότων
2351 1095 2697 1166 ἐπιμελεῖται
2719 1111 2732 1124 °
2765 1095 2862 1149 καὶ
2885 1093 3186 1163 δεηθέντων
3219 1091 3572 1164 περιϐολαίου
3599 1091 3736 1162 (26),

2153 1192 2216 1244 οὐ
2246 1190 2488 1262 περιεῖδε
2515 1191 2761 1260 γυμνούς
2782 1183 2847 1241 ⁸⁸.

2226 1452 2603 1507 ΘΕΟΔΩΡΟΥ.
2637 1449 2956 1520 Ἐζήτηται,
2993 1446 3206 1500 τῐιέστι
3249 1445 3488 1517 χιτῶνας
3535 1443 3742 1515 δερμα-

2156 1546 2334 1610 τίνους
2360 1561 2372 1575 ·
2400 1544 2514 1600 ἀλλ’
2546 1545 2594 1596 εἰ
2629 1543 2726 1613 μὲν
2764 1539 2921 1606 ζώων
2958 1539 3280 1608 σφαγέντων
3308 1538 3368 1603 ἐξ
3404 1536 3586 1591 αὐτῶν
3621 1535 3745 1604 ἐγέ-

2159 1651 2312 1689 νοντο
2347 1633 2415 1686 τὰ
2457 1631 2753 1702 ἐνδύματα,
2798 1629 3045 1702 εῦδηλον,
3089 1630 3171 1682 ὅτι
3224 1627 3452 1680 ἐπέλιπε
3494 1626 3556 1679 τδ
3585 1626 3747 1694 γένος

459 1741 682 1796 malium
733 1757 906 1812 genus
967 1742 1258 1808 defecerit,
1317 1759 1443 1798 cum
1501 1743 1648 1799 Deus
1701 1745 1867 1815 paulo
1930 1754 2054 1800 ante

2162 1726 2269 1779 τῶν
2320 1723 2668 1794 σφαγέντων
2725 1723 2850 1794 ἄρτι
2909 1721 3007 1793 μὲν
3056 1720 3150 1774 τοῦ
3191 1719 3328 1773 Θεοῦ
3354 1719 3522 1789 άρῤεν
3551 1735 3610 1772 τε
3652 1717 3753 1771 καὶ

459 1833 763 1888 masculum
795 1842 851 1889 et
884 1833 1146 1889 feminam
1181 1845 1442 1901 creasset,
1472 1852 1573 1891 nec
1598 1835 1778 1892 adhuc
1805 1838 1897 1890 ulli
1931 1853 2055 1908 par-

2162 1817 2294 1888 θῆλυ
2343 1815 2726 1887 πεποιηκότος,
2760 1813 2914 1867 οὔπω
2959 1811 3016 1866 δέ
3064 1811 3279 1874 οὐδενὸς
3326 1811 3438 1882 (27)
3482 1806 3752 1880 τετογμέ-

461 1935 547 1979 lus
585 1925 940 1980 exstitissent.
973 1925 1242 1981 Praeterea
1284 1943 1448 1982 nemo
1499 1929 1817 1985 existimare
1876 1939 2055 1999 potest

461 2017 630 2072 Deum
679 2018 938 2072 animalia
993 2018 1234 2090 jugulari
1285 2021 1635 2091 praecepisse,
1666 2023 1886 2092 quando
1919 2039 2054 2076 non-

459 2108 588 2162 dum
612 2122 739 2163 esus
759 2110 1006 2166 carnium
1034 2120 1153 2166 erat
1184 2114 1486 2182 permissus
1514 2115 1848 2170 hominibus.
1887 2115 2054 2170 Multo

462 2199 644 2255 minus
679 2201 832 2256 decet
888 2217 990 2258 nos
1045 2204 1298 2259 arbitrari
1355 2206 1522 2260 Deum
1569 2215 1749 2263 vestes
1794 2224 1914 2277 quae
1945 2224 2052 2262 non

459 2303 638 2360 erant,
686 2295 1053 2364 produxisse:
1092 2297 1186 2366 qui
1230 2297 1452 2354 homine
1483 2309 1671 2355 creato
1703 2301 1866 2356 desiit
1896 2301 2056 2371 quid-

463 2399 628 2454 quam
679 2401 886 2454 creare,
930 2390 1078 2458 quod
1121 2404 1236 2443 non
1264 2400 1429 2458 esset,
1464 2393 1622 2462 quasi
1659 2393 1712 2446 in
1746 2394 1861 2463 ipso
1903 2410 2055 2448 crea-

468 2477 666 2531 tionem
698 2477 941 2532 universi
975 2481 1162 2535 mundi
1196 2482 1555 2538 concludens.
1618 2482 1848 2538 Constat
1892 2484 2057 2555 igitur

469 2567 637 2624 Deum
695 2569 950 2639 pelliceas
984 2583 1164 2628 vestes
1195 2589 1302 2629 non
1354 2589 1574 2630 creasse
1604 2590 1670 2630 ex
1705 2574 1900 2630 nihilo.
1950 2576 2056 2630 Sed

469 2660 702 2717 fortasse
753 2661 1096 2732 ignorabant,
1154 2673 1211 2718 ut
1265 2665 1564 2720 verisimile
1621 2675 1732 2733 est,
1782 2668 1874 2737 qui
1929 2668 2056 2723 talia

467 2760 741 2823 quarunt,
774 2753 916 2825 quod
951 2756 1116 2824 pelles
1149 2771 1256 2811 non
1290 2758 1468 2812 solum
1498 2757 1603 2812 illa:
1631 2759 1910 2824 dicuntur,
1937 2776 2059 2830 quae

469 2844 539 2900 ab
565 2845 895 2900 animalibus
921 2845 1268 2910 auferuntur,
1317 2847 1412 2903 sed
1447 2849 1613 2903 etiam
1644 2865 1767 2918 qua:
1797 2850 1863 2903 ab
1898 2851 2058 2904 arbo-

398 2933 402 2938 ’
469 2937 643 3000 ribus,
698 2952 836 3007 quas
891 2938 1127 2993 cortices
1177 2937 1450 3007 appellare
1507 2940 1701 3011 vulgus
1747 2943 2055 2997 consuevit.

471 3028 638 3097 Igitur
673 3027 844 3083 Adam
901 3029 1220 3085 indumenta
1252 3029 1485 3086 confecit
1531 3047 1598 3086 ex
1643 3033 1932 3089 arboribus
1963 3036 2060 3088 ha-

473 3120 724 3174 bentibus
759 3121 991 3176 cortices
1019 3130 1175 3191 aptas
1203 3121 1266 3174 ad
1295 3125 1620 3178 vestimenta
1652 3125 2057 3193 componenda,
2089 3153 2135 3216 ο

473 3211 584 3266 Deo
617 3211 784 3266 menti
839 3210 985 3268 illius
1041 3223 1382 3284 suggerente,
1435 3215 1710 3286 quomodo
1743 3216 1793 3270 id
1827 3217 1940 3271 iicri
1973 3217 2066 3274 de-

475 3303 646 3357 beret.

545 3469 888 3530 ORIGENlS.
922 3470 1065 3538 Quid
1097 3471 1414 3529 existimare
1447 3473 1713 3530 debemus
1737 3491 1856 3532 esse
1886 3487 2064 3535 vestes

478 3567 598 3620 illas
627 3566 923 3635 pelliecas?
956 3565 1119 3620 Valde
1140 3567 1358 3636 quidem
1391 3568 1648 3622 stolidum
1682 3580 1785 3634 est,
1818 3580 1871 3625 et
1901 3572 2064 3638 anile,

470 3660 698 3728 ’Deoqne
771 3659 994 3712 minime
1050 3659 1312 3730 dignum,
1359 3660 1614 3714 arbitrari
1675 3660 1843 3717 Deum
1899 3665 2066 3732 pelles

478 3749 795 3802 animalium
832 3749 1225 3818 jugulatorum,
1261 3749 1369 3822 54
1397 3761 1492 3804 aut
1528 3752 1682 3808 aliter
1724 3766 2064 3810 mortuorum

477 3843 776 3913 accepisse,
829 3853 882 3898 et
916 3844 1040 3898 inde
1090 3843 1256 3913 pelles
1291 3844 1409 3899 illas
1456 3847 1796 3911 eonsuendo,
1845 3848 2067 3902 coriarii

480 3949 652 3998 more,
683 3935 736 3989 in
769 3935 1073 3989 vestimenti
1112 3936 1342 3990 formam
1377 3936 1669 4006 redegisse.
1711 3937 1969 4003 Rursum,
2013 3949 2070 3993 ut

479 4028 678 4080 vitetur
707 4028 820 4080 haec
851 4026 1184 4092 absurditas,
1218 4026 1419 4093 dicere,
1446 4038 1624 4083 vestes
1657 4029 1780 4083 illas
1811 4030 2067 4099 pelliccas

482 4118 617 4172 nihil
664 4117 808 4171 aliud
859 4131 982 4172 esse
1026 4133 1189 4186 quam
1237 4132 1492 4186 corpora,
1523 4119 1805 4189 probabile
1847 4122 2066 4192 quidem

478 4218 584 4270 est,
621 4218 673 4264 et
703 4209 770 4262 ad
810 4208 1184 4264 asscnsionem
1241 4209 1562 4264 eliciendam
1613 4210 1800 4266 efficax
1833 4234 1843 4269 :
1877 4224 1932 4268 at
1963 4230 2066 4269 non

479 4302 702 4356 evidens
751 4301 894 4371 quod
946 4303 1016 4355 sit
1066 4317 1276 4356 verum.
1321 4299 1377 4354 Si
1409 4303 1553 4356 enim
1601 4304 1842 4374 pellicere
1894 4318 2068 4362 vestes

483 4401 610 4448 sunt
647 4409 841 4448 carnes
880 4402 933 4446 et
963 4409 1110 4457 ossa,
1154 4393 1428 4464 quomodo
1463 4405 1618 4449 antea
1665 4397 1800 4452 dixit
1851 4398 2064 4454 Adam:

2159 1928 2250 1963 vou
2281 1909 2347 1973 δ’,
2377 1908 2514 1980 πρὸς
2542 1908 2618 1977 τῷ
2650 1907 2870 1960 κάκεῖνο
2907 1903 2982 1974 μὴ
3024 1902 3339 1974 ἐνδέχεσθαι
3368 1901 3634 1973 νομίζειν,
3664 1903 3756 1955 ὅτι

2159 2001 2277 2066 ζῶα
2321 1998 2650 2069 σφάττεσθαι
2683 1996 2967 2050 ἐκέλευσεν
2993 1994 3022 2046 ὀ
3055 1994 3208 2057 Θεὸς,
3238 1994 3326 2047 ὅτε
3357 1995 3524 2064 μήπω
3587 2009 3754 2064 κρεο-

2161 2094 2334 2164 φαγία
2377 2088 2444 2164 ἦν
2490 2089 2937 2162 ἐπιτετραμμένη
2995 2090 3108 2151 τοῖς
3131 2086 3477 2158 ἀνθρὼποις’
3511 2087 3637 2152 τοὺς
3674 2085 3758 2158 μὴ

2157 2187 2320 2249 ὄντας
2366 2187 2423 2238 δέ
2464 2184 2702 2257 χιτῶνας
2760 2183 2842 2236 ἔτι
2883 2180 3050 2236 πλέον
3089 2180 3340 2251 ἀπρεπὲς
3387 2177 3634 2250 νομίζειν
3665 2179 3757 2232 ὅτι

2158 2277 2482 2343 παρήγαγεν
2530 2274 2558 2325 ὁ
2587 2271 2742 2337 Θεὸς,
2792 2270 2850 2334 ὃς
2873 2271 2932 2322 ἐν
2965 2271 3030 2341 τῇ
3077 2267 3170 2322 τοῦ
3209 2268 3498 2339 ἀνθρώπου
3533 2269 3757 2340 ποιήσει.

2156 2363 2252 2417 τοῦ
2282 2367 2457 2417 ποιεῖν
2490 2381 2543 2416 τι
2585 2363 2662 2434 μὴ
2703 2361 2764 2416 ὃν
2805 2362 2918 2434 (28)
2950 2360 3334 2427 ἀπεπαύσατο,
3367 2360 3444 2425 ὡς
3484 2363 3541 2414 ἐν
3572 2361 3760 2433 τούτῳ

2157 2456 2254 2509 τοῦ
2305 2457 2518 2526 κόσμου
2559 2455 2765 2520 παντὸς
2814 2455 3175 2526 συμπεράνας
3224 2454 3324 2526 τὴν
3371 2453 3611 2526 ποίησιν.
3655 2453 3763 2508 Εὗ-

2157 2549 2318 2620 δηλον
2367 2545 2481 2616 οὖν,
2512 2549 2588 2612 ὡς
2619 2549 2732 2602 οὐδ’
2766 2548 2834 2602 ἂν
2876 2549 3113 2619 χιτῶνας
3150 2549 3514 2620 δερματίνους
3561 2551 3626 2602 ἐκ
3655 2547 3758 2602 τοῦ

2163 2643 2239 2714 μὴ
2273 2642 2426 2706 ὄντος
2449 2643 2799 2713 παρήγαγεν.
2847 2641 3008 2695 Ἀλλὰ
3045 2642 3156 2712 γὰρ
3195 2641 3500 2713 ἠγνόησαν,
3533 2641 3608 2706 ὡς
3643 2642 3758 2696 ἐοι-

2159 2752 2278 2799 κεν,
2307 2736 2358 2789 οἱ
2397 2736 2526 2807 περὶ
2563 2735 2770 2788 τούτων
2817 2733 3132 2806 ζητοῦντες,
3159 2735 3241 2788 ὅτι
3279 2735 3527 2807 δέρματα
3557 2735 3618 2788 οὐ
3653 2736 3758 2806 μό-

2161 2846 2250 2882 νον
2279 2830 2348 2882 τά
2371 2829 2435 2881 ἐκ
2465 2828 2572 2881 τῶν
2607 2826 2764 2890 ζώων
2797 2825 3186 2898 ἀφαιρούμενα
3213 2827 3459 2896 λέγεται,
3488 2827 3627 2880 ἀλλὰ
3660 2827 3761 2882 καὶ

2160 2922 2230 2976 τὰ
2273 2923 2337 2974 ἐκ
2381 2920 2492 2973 τῶν
2527 2919 2784 2990 δένδρων,
2834 2917 2869 2972 ἃ
2899 2919 2994 2972 καὶ
3029 2919 3247 2989 φλοιοὺς
3291 2919 3585 2990 ὀνομάζειν
3630 2920 3762 2985 ἔθος

2161 3013 2275 3075 τοῖς
2305 3011 2542 3072 πολλοῖς.
2598 3009 2693 3062 Ἐκ
2742 3009 2979 3080 δένδρων
3009 3009 3191 3062 τοίνυν
3238 3009 3583 3080 ἐπιτηδείους
3636 3026 3764 3072 πως

2166 3101 2383 3171 φλοιοὺς
2433 3101 2668 3171 ἐχόντων
2696 3102 2777 3162 εἰς
2816 3100 3133 3171 ἐνδυμάτων
3159 3101 3531 3172 κατασκευὴν,
3553 3102 3766 3171 ἐποίη-

2169 3211 2269 3247 σαν
2294 3195 2342 3246 οῖ
2371 3193 2500 3264 περὶ
2539 3191 2630 3245 τὸν
2660 3192 2834 3263 Ἀδὰμ
2859 3191 2925 3245 τά
2946 3192 3242 3264 ἐνδύματα,
3264 3191 3361 3247 τοῦ
3392 3192 3530 3247 Θεοῦ
3553 3193 3599 3226 ⁵⁸
3633 3194 3762 3247 κατ’

2168 3287 2378 3341 ἔννοιαν
2412 3287 2600 3349 αὐτοῖς
2656 3285 3018 3356 ὑποθεμένου,
3071 3287 3190 3352 πῶς
3232 3285 3340 3360 χρὴ
3389 3285 3550 3342 τοῦτο
3595 3286 3764 3356 ποιῆ-

2171 3397 2283 3437 σαι.

2239 3472 2645 3528 ΩΡΙΓΕΝΟΥΣ.
2674 3471 2739 3524 Τί
2774 3471 2857 3524 δεῖ
2905 3475 3048 3526 νοεῖν
3084 3473 3214 3536 τοὺς
3273 3473 3631 3545 δερματίνους
3668 3490 3762 3542 χι-

2169 3566 2383 3632 τῶναςς
2418 3565 2636 3636 Σφόδρα
2664 3566 2765 3634 μὲν
2802 3560 2896 3620 οῦν
2923 3565 3154 3636 ήλίθιον,
3205 3566 3301 3620 καὶ
3343 3564 3610 3635 γραῶδες,
3660 3565 3763 3618 καὶ

2169 3661 2388 3727 ἀνάξιον
2413 3659 2506 3712 τοῦ
2541 3658 2700 3724 Θεοῦ,
2732 3658 2794 3711 τὸ
2823 3657 3032 3712 οἴεσθαι
3057 3657 3212 3723 ζώων
3239 3659 3402 3713 τινῶν
3434 3657 3764 3729 περιελόντα

2169 3752 2415 3824 δέρματα
2442 3751 2533 3806 τὸν
2563 3751 2717 3813 Θεὸν,
2747 3749 3169 3822 ἀναιρεθέντων,
3196 3750 3231 3823 ἢ
3255 3749 3434 3814 άλλως
3461 3766 3579 3812 πως
3615 3750 3763 3804 ἀπος

2171 3845 2445 3900 θανόντων
2470 3884 2485 3910 ,
2525 3844 2890 3915 πεποιηκέναι
2935 3844 3191 3914 σχήματα
3240 3843 3516 3914 χιτώνων,
3554 3847 3769 3915 καταρο

2172 3937 2423 4009 ράψαντα
2464 3937 2713 4008 δέρματα
2752 3936 2910 4005 δίκην
2956 3937 3316 4006 σκυτοτόμου.
3362 3937 3532 3990 Πάλιν
3560 3952 3619 3988 τε
3653 3953 3768 4004 φυ-

2171 4030 2337 4098 γόντα
2367 4027 2428 4082 τὸ
2461 4027 2634 4092 οὕτως
2664 4029 2887 4092 ἄτοπον,
2913 4027 3092 4096 λέγειν
3133 4030 3258 4093 τοὺς
3288 4029 3650 4099 δερματίνους
3681 4046 3770 4097 χιο

2170 4120 2348 4183 τῶνας
2387 4121 2487 4173 οὐκ
2510 4118 2703 4182 ἄλλους
2743 4114 2905 4184 εἶναι,
2936 4119 2969 4190 ἢ
3000 4119 3067 4172 τὰ
3102 4117 3329 4190 σώματα
3364 4119 3498 4188 (29),
3532 4118 3766 4172 πιθανὸν

2175 4213 2296 4283 μὲν,
2321 4213 2416 4266 καὶ
2456 4213 2535 4273 εἱς
2560 4211 2964 4279 συγκατάθεσιν
2989 4210 3402 4264 ἐπισπάσασθαι
3423 4210 3730 4279 δυνάμενον
3748 4227 3764 4243 ·

2171 4309 2232 4360 οὐ
2266 4307 2371 4378 μὴν
2408 4307 2579 4375 σαφὲς
2609 4307 2684 4369 ὡς
2731 4304 2952 4375 ἀληθές.
2986 4305 3048 4356 El
3091 4303 3200 4374 γάρ
3231 4304 3282 4357 οἱ
3322 4303 3639 4374 δερμάτινοι
3670 4321 3768 4373 χι-

2171 4401 2342 4462 τῶνες
2385 4401 2588 4470 σάρκες
2629 4399 2725 4452 καὶ
2754 4397 2917 4451 ὀστέα
2949 4397 3078 4462 εἰσὶ,
3112 4397 3231 4460 πῶς
3279 4397 3385 4466 πρὸ
3417 4395 3622 4450 τούτων
3657 4412 3772 4466 φη-

487 4505 504 4535 ι
541 4484 655 4539 lloc
704 4500 848 4538 nunc
894 4501 956 4540 os
1009 4500 1075 4540 ex
1115 4485 1334 4539 ossibus
1377 4487 1537 4552 meis,
1571 4497 1626 4542 et
1652 4505 1780 4543 caro
1805 4490 1871 4545 de
1902 4506 2059 4545 carne

2177 4492 2260 4544 σιν
2287 4493 2314 4544 ὁ
2357 4491 2550 4561 Ἀδὰμ,
2577 4509 2595 4541 ι
2625 4489 2799 4543 Τοῦτο
2827 4491 2922 4543 νῦν
2957 4488 3154 4543 ὀστοῦν
3187 4491 3252 4542 ἐκ
3282 4487 3389 4543 τῶν
3417 4488 3591 4541 ὀστῶν
3629 4505 3768 4558 μου,

484 4577 635 4634 meai
664 4579 687 4632 ?
721 4599 740 4632 ι
780 4579 877 4634 His
905 4578 1071 4649 igitur
1110 4577 1559 4648 ambiguitatibus
1590 4581 1771 4636 obruti
1805 4584 2066 4648 nonnulli,

481 4679 842 4728 .asseruerunt
912 4677 1092 4723 vestes
1156 4666 1410 4736 pelliceas
1487 4687 1608 4727 esse
1676 4674 2065 4728 mortalitatem

536 4842 550 4893 ἱ
590 4844 722 4898 Gcn.
762 4861 818 4907 ll,
851 4846 938 4896 ‘23.

2179 4582 2273 4634 καὶ
2299 4579 2435 4652 σὰρξ
2461 4583 2524 4633 ἐκ
2556 4583 2656 4651 τῆς
2690 4581 2894 4652 σαρκός
2923 4598 3026 4652 μου
3053 4598 3068 4647 ;
3096 4599 3113 4631 ι
3143 4580 3360 4645 Ταύτας
3383 4575 3477 4634 οῦν
3496 4579 3593 4642 τάς
3619 4579 3771 4632 ἀπο-

2179 4673 2304 4744 ρίας
2332 4675 2748 4745 περιϊστάμενοί
2767 4691 2935 4742 τινες,
2971 4674 3330 4746 δερματίνους
3373 4674 3628 4746 χιτῶνας,
3658 4671 3768 4744 τὴν

1345 5003 1578 5058 VARle
1633 5000 2016 5057 LECTIONES
2063 5001 2150 5055 EX
2204 5000 2483 5057 CATENA
2526 5001 2880 5059 LlPSlENSl.

559 5161 606 5194 "‘
637 5160 755 5214 Cat.
776 5176 830 5229 ρ.
855 5158 981 5231 100.
1003 5157 1116 5231 ’τὴν
1138 5159 1378 5231 ἄρρητον
1403 5156 1756 5231 ἁγαθύτηταχ
1783 5157 1865 5231 ὅτι
1891 5157 1985 5210 καὶ
2019 5155 2487 5231 παραϐεᾷηκότων
2511 5157 2609 5227 οὐχ
2635 5158 2906 5231 ὑπερεῖδε,
2941 5158 3036 5231 καὶ
3054 5159 3365 5231 δεηθέντων
3392 5156 3765 5231 περιϐολαὶων

489 5223 850 5301 ἐπιμελεῖταε
873 5230 949 5299 μὴ
975 5223 1114 5301 εἶναι
1149 5223 1348 5301 αὐτοὺς
1376 5223 1642 5298 γυμνούςξ
1715 5229 1761 5260 ⁸⁸
1789 5228 1909 5284 Cat.
1936 5243 1990 5298 p.
2022 5223 2144 5281 102.
2178 5223 2394 5290 οὐδενὸς
2417 5223 2778 5299 τεταγμένου.
2860 5229 2906 5261 ⁸⁸
2939 5230 3020 5294 εἰς
3048 5223 3239 5301 ἐνδυμ.
3279 5223 3515 5284 κατασκ.
3544 5230 3596 5284 οἱ
3628 5232 3764 5299 περὶ

489 5294 790 5368 τὸν”Λδὰμ
821 5294 980 5369 ἧκον,
1011 5297 1103 5352 τοῦ
1136 5296 1293 5365 Θεοῦ,
1325 5294 1429 5354 etc.

2018 5412 2252 5468 ΝΟΤᾸΕ.

712 5555 1023 5634 ξΑθτειροηη
1049 5556 1185 5611 Cod.
1213 5567 1284 5634 et_
1299 5559 1412 5634 ξ’ἱοΓ
1454 5559 1795 5634 ἀπόρρητον.

567 5623 678 5699 (ἓξ)
707 5624 842 5699 (led,
884 5635 937 5679 et
970 5625 1078 5699 |_’ic.
1123 5630 1504 5699 περιϐολαίων.

571 5693 684 5764 (ΞἹ)
717 5695 853 5750 Cod.
889 5705 943 5751 et
977 5696 1090 5753 l'ie.
1117 5693 1475 5771 τεταγμένου.

2281 5559 2370 5627 28)
2406 5558 2462 5612 Tl
2483 5559 2568 5627 μὴ
2601 5557 2691 5613 ὄν.
2718 5558 2855 5612 Cod.
2886 5565 2940 5611 et
2968 5557 3080 5612 Pic.
3116 5558 3319 5626 τίμιον.

2281 5559 2348 5613 28
2406 5559 2462 5612 Τῖ
2483 5559 2568 5627 μὴ
2601 5559 2691 5613 ὄν.
2718 5559 2855 5612 Cod.
2886 5565 2940 5611 et
2968 5559 3080 5612 Pic.
3116 5559 3319 5626 τίμιον.

2257 5559 2370 5698 ἑοὶθῖ
2399 5631 2521 5682 Οὐκ
2547 5660 2614 5668 -
2650 5629 2912 5698 σώματα.
2937 5631 3076 5698 limi.
3119 5638 3174 5698 et
3210 5627 3322 5698 Pic.
3357 5626 3460 5680 οὐκ
3504 5623 3635 5681 ἀλλο
3683 5624 3769 5697 (in

2185 5695 2309 5756 cod.
2341 5695 2524 5763 ἄλλος,
2562 5695 2872 5771 perperam)
2907 5697 3048 5752 εἶναι
3078 5695 3174 5750 τοῦ
3200 5695 3473 5768 σώματος.
