4136 6422
359 387 455 454 141

1530 387 1818 459 ΟΠᾹΞΞΤ.
1843 386 1921 447 ΙΝ
1946 386 2215 449 GENES.
2243 389 2402 450 CAP.
2431 388 2547 451 III.

3575 375 3687 460 12.2

356 503 651 572 νέκρωσιν,
685 497 758 570 ἢν
795 497 1166 569 ἀμφιέννυται
1203 500 1231 552 ὁ
1270 496 1460 568 Ἀδάμ,
1510 500 1607 552 καὶ
1635 501 1670 568 ή
1708 497 1845 560 Εὔα,
1878 495 1969 550 διὰ

2074 496 2244 565 illam,
2290 514 2395 568 qua
2436 493 2760 554 circumdati
2810 501 2938 551 sunt
2986 495 3159 550 Adam
3214 505 3268 554 et
3308 496 3440 566 Eva,
3497 503 3671 562 morti

355 597 451 665 τὴν
487 594 780 662 ἁμαρτίαν
816 591 1253 656 θανατωθέντες,
1276 593 1630 662 ἀπεφήναντο
1651 591 1969 662 τυγχάνειν.

358 687 436 738 Ού
475 683 628 736 πάνυ
664 700 719 735 τι
755 682 879 735 οὐδὲ
919 682 1078 736 αὐτοὶ
1122 682 1368 755 εὐχερῶς
1393 681 1685 753 δυνάμενοι
1712 681 1824 753 (50)
1865 699 1965 734 πα-

357 777 659 846 ραστῆσαι,
697 773 820 838 πῶς
860 777 888 828 ὁ
911 773 1070 839 Θεὸς,
1098 774 1196 829 καὶ
1234 775 1354 844 οὐχ).
1402 773 1673 845 ἁμαρτία,
1705 773 1973 844 νέκρωσιν

353 870 584 938 ἐμποιεῖ
611 867 695 937 τῷ
758 866 1202 938 παραϐεὸηκότι.
1254 867 1398 938 Πρὸς
1444 867 1677 928 τούτοις,
1727 867 1972 938 ἀνάγκην

353 961 542 1031 έχουσι
595 960 786 1028 λέγειν
816 959 998 1030 σάρκα
1042 959 1142 1012 κα)⁸
1173 959 1336 1013 ὀστέα
1366 959 1445 1031 τῷ
1477 961 1591 1032 ἰδίῳ
1617 961 1762 1031 λόγῳ
1789 960 1864 1030 μὴ
1894 954 1973 1012 εἴ·

349 1071 446 1109 ναι
478 1053 732 1123 φθαρτὰ,
767 1051 824 1104 εἴ
855 1069 918 1120 γε
948 1051 1183 1122 ὕστερον
1210 1053 1308 1123 τὴν
1343 1053 1617 1124 νέκρωσιν
1643 1055 1693 1106 οἱ
1731 1052 1972 1123 πατέρες

355 1146 515 1217 ἡμῶν
538 1145 635 1198 διὰ
663 1145 765 1216 τὴν
797 1144 1080 1215 ἁμαρτίαν
1110 1144 1580 1214 εἰλήφασιν’.Λλλ’
1604 1149 1652 1198 εί
1678 1147 1793 1216 (51)
1824 1146 1919 1199 καὶ
1945 1147 1974 1198 ὁ

356 1237 705 1307 παράδεισος
727 1235 872 1288 θεῖόν
896 1253 949 1287 τι
967 1233 1172 1305 χωρίον
1196 1235 1334 1302 ἐστὶ,
1357 1235 1675 1304 λεγέτωσαν
1701 1235 1816 1299 πῶς
1841 1234 1972 1288 ἕκα-

359 1345 490 1381 στον
522 1329 653 1382 ἐκεῖ
696 1327 812 1380 τῶν
869 1326 1048 1398 μελῶν
1095 1328 1170 1400 μὴ
1205 1329 1384 1398 μάτην
1425 1327 1972 1400 δεδημιουργημένον

358 1423 458 1489 τὴν
495 1419 722 1472 οἰκείαν
773 1418 1062 1490 ἐνέργειαν
1107 1421 1333 1491 ἐνήργει
1371 1419 1509 1491 (52).
1555 1421 1694 1492 Περὶ
1737 1422 1838 1491 μὲν
1876 1419 1971 1475 οὖν

359 1508 451 1562 τοῦ
475 1510 749 1580 μυκτῆρα
770 1508 1030 1578 λέγεσθαι
1046 1510 1198 1581 παρὰ
1215 1511 1291 1581 τῷ
1315 1509 1523 1584 Ἀκύλᾳ
1544 1513 1639 1566 καὶ
1662 1512 1735 1564 Συ
1743 1514 1968 1584 μμάχῳ,

357 1603 387 1671 ἦ
436 1603 749 1673 πρόσωπον
787 1603 944 1673 παρὰ
988 1605 1104 1666 τοῖς
1148 1603 1556 1674 Ἐὅδομήκοντα
1610 1605 1706 1658 τοῦ
1759 1608 1970 1659 πεπλα-

357 1694 586 1764 σμένον,
641 1697 722 1757 είς
761 1694 790 1747 ὃ
830 1693 1176 1766 ἐνεφύσησεν
1208 1698 1237 1750 ὁ
1265 1697 1400 1760 Θεὸς
1454 1697 1624 1767 πνοὴν
1668 1698 1814 1770 ζωῆς
1837 1715 1850 1729 ο
1884 1697 1972 1751 λε-

351 1785 511 1839 κτέον
542 1785 687 1856 (53),
732 1788 819 1840 ὅτι
853 1787 914 1840 ού
959 1787 1039 1840 δεῖ
1094 1788 1452 1860 περιέχεσθαι
1494 1789 1593 1843 τοῦ
1635 1791 1970 1862 γράμματος

2076 602 2298 661 propter
2331 600 2618 661 peccatum
2649 588 2874 644 addicti.
2910 585 3017 644 Sed
3053 589 3144 644 isti
3187 605 3296 646 non
3338 591 3498 650 facile
3537 611 3669 666 pro-

2073 681 2207 737 bare
2236 690 2490 753 p03sunt,
2533 681 2811 753 quomodo
2839 679 3005 747 Deus,
3037 689 3092 736 et
3129 698 3234 737 non
3277 684 3453 741 multo
3497 688 3671 759 magis

2074 783 2382 843 peccatum,
2419 771 2807 827 mortalitatem
2859 773 3033 842 pariat
3076 778 3494 846 transgressori.
3527 779 3674 837 Prte-

2075 873 2222 919 terea
2246 879 2468 920 necesse
2493 871 2578 920 est
2607 878 2702 919 eos
2723 863 2906 918 dicere
2954 879 3176 929 carnem
3209 879 3263 922 et
3291 884 3420 924 ossa
3451 873 3670 942 propria

2075 958 2288 1013 ratione
2333 973 2440 1013 non
2490 973 2612 1013 esse
2650 957 3229 1026 corruptibilia,‘cum
3264 971 3455 1032 postea
3487 973 3672 1033 patres

2075 1051 2248 1106 nostri
2302 1060 2523 1122 propter
2579 1061 2865 1124 peccatum
2909 1053 3258 1110 mortalitatis
3297 1059 3670 1114 conditionem

2075 1145 2404 1215 acceperint.
2431 1144 2726 1212 Caeterum,
2757 1146 2804 1201 si
2835 1147 3123 1216 paradisus
3152 1158 3238 1204 est
3265 1149 3419 1206 locus
3445 1153 3668 1222 quidam

2072 1236 2308 1300 divinus,
2364 1238 2693 1308 exprimant,
2747 1239 3024 1314 quomodo
3078 1239 3187 1296 illic
3235 1245 3671 1315 unumquodth

2071 1329 2414 1396 membrum,
2464 1345 2574 1384 non
2627 1329 2831 1387 frustra
2881 1340 3170 1398 creatum,
3223 1337 3499 1406 propriam
3558 1339 3668 1393 vim

2071 1422 2376 1477 exercebat.
2425 1422 2504 1478 Ac
2541 1423 2608 1479 de
2665 1439 2731 1479 eo
2785 1424 3005 1495 quidem
3055 1427 3203 1498 quod
3244 1444 3416 1484 nasus
3468 1431 3672 1487 dicitur

2072 1516 2212 1585 apud
2247 1515 2505 1586 Aquilam
2543 1526 2597 1572 et
2657 1516 3073 1590 Symmachum,
3119 1521 3261 1590 apud
3313 1522 3669 1595 Septuaginta

2071 1623 2198 1662 vero
2229 1607 2420 1675 facies,
2452 1626 2515 1666 ea
2546 1627 2673 1682 pars
2701 1610 2921 1666 formati
2957 1612 3214 1679 hominis,
3247 1613 3300 1668 in
3324 1630 3488 1685 quam
3523 1615 3669 1672 Deus

2070 1696 2363 1753 insulﬂavit
2388 1701 2642 1770 spiritum
2687 1699 2854 1768 vitae;
2901 1702 3192 1757 dicendum
3234 1711 3318 1759 est
3364 1719 3470 1760 non
3501 1719 3669 1776 opor'

2075 1799 2188 1846 tere
2232 1793 2514 1848 adhaerere
2556 1795 2717 1849 nuda1
2751 1793 2944 1850 litterae
3013 1793 3346 1866 Scriptura,
3404 1806 3668 1868 tanquam

348 1878 451 1948 τῆς
483 1878 720 1948 Γραφῆς
745 1879 825 1942 ὡς
867 1878 1138 1951 ἀληθοῦς·
1159 1857 1326 1942 τὸνῖδέ
1351 1857 1970 1955 κεκρυμμένον-θησαυ-

2078 1897 2251 1938 verat:
2299 1883 2392 1939 sed
2424 1883 2744 1939 thesaurum
2778 1885 2829 1940 in
2861 1885 3041 1942 littera
3091 1886 3346 1944 latentem
3399 1904 3646 1959 quaerere

355 1971 446 2042 ρὸν
482 1971 544 2024 ἐν
583 1969 669 2042 τῷ
704 1971 1009 2042 γράμματι
1043 1970 1233 2044 ζητεῖν
1270 1973 1339 2028 ".

1000 2087 1324 2143 EPDT.bP.
1750 2160 1756 2166 1

354 2199 414 2254 τί
467 2198 606 2252 ἐστι
677 2198 752 2253 τὸ
772 2241 787 2266 ,
830 2216 849 2250 ι
902 2197 1096 2271 Ἰδοὺ-
1116 2200 1364 2269 γέγονεν
1411 2198 1598 2271 Ἀδὰμ
1639 2201 1721 2268 ὡς
1766 2199 1849 2266 εἷς
1898 2201 1970 2267 ἐξ

971 2267 1145 2339 ἡμῶύ
1176 2267 1285 2340 (⁷54)
1315 2289 1330 2338 ;
1367 2289 1386 2322 ι

427 2359 656 2430 Ἐπειδὴ
673 2360 702 2412 ὁ
717 2358 976 2423 διάὸολος
1001 2355 1180 2425 εἶπεν,
1207 2359 1470 2413 «Ἐσεσθε
1491 2360 1567 2424 ὼς
1586 2360 1700 2414 θεοὶ
1723 2361 1858 2432 (55),
1883 2378 1971 2430 γι·-

346 2449 656 2514 νὼσκοντες
676 2451 850 2504 καλὸν
874 2452 969 2505 καὶ
988 2452 1246 2523 πονηρὸν,
1273 2471 1291 2504 ι
1314 2451 1535 2519 ἐδέξατο
1550 2452 1606 2506 δὲ
1622 2453 1718 2506 τοῦ
1733 2453 1966 2507 θανάτου

344 2544 437 2593 τὸν
464 2541 593 2611 ὅρον
618 2543 725 2612 τὴν
764 2541 1001 2613 ἐντολὴν
1045 2540 1326 2612 παραϐὰς,
1359 2542 1670 2612 εἰρωνικῶς
1695 2541 1856 2597 τοῦτο
1891 2543 1970 2598 ef-

351 2650 519 2704 ρηκεν
543 2636 572 2686 ὁ
587 2635 701 2688 τῶν
721 2633 871 2687 ὅλων
891 2633 1051 2698 Θεὸς,
1069 2633 1286 2697 δεικνὺς
1327 2634 1430 2704 τῆς
1451 2633 1768 2706 διαϐολικῆς
1794 2637 1969 2705 ἐπαγ-

351 2726 545 2792 γελίας
585 2727 649 2779 τδ
678 2725 887 2796 ψεῦδος
916 2727 986 2781 ⁸¹.
1021 2725 1368 2780 Μεταλασεῖν
1402 2726 1460 2780 δὲ
1495 2727 1660 2781 αὐτὸν
1706 2727 1802 2782 τοῦ
1827 2747 1967 2800 καρ-

364 2815 474 2869 ποῦ
505 2816 620 2886 (⁸56)
649 2816 742 2871 τοῦ
793 2818 960 2885 ξύλου
999 2820 1102 2889 τῆς
1145 2817 1294 2888 ζωῆς
1324 2817 1656 2874 διεκώλυσεν
1678 2835 1692 2850 ·
1727 2821 1790 2874 οὐ
1833 2821 1967 2890 φθο-

373 2909 485 2961 νῶν
531 2908 682 2979 αὐτῷ
722 2911 815 2979 τῆς
841 2910 1127 2965 ἀθανάτου
1173 2910 1337 2980 ζωῆς,
1380 2910 1520 2964 ἀλλὰ
1556 2912 1658 2982 τῆς
1684 2913 1966 2985 ἁμαρτίας

372 3003 591 3073 ἐπέχων
640 3002 727 3056 τὸν
767 3002 998 3074 δρόμον.
1039 3000 1277 3074 Ἰατρεία
1309 3003 1492 3057 τοίνυν
1532 3005 1562 3057 ὁ
1602 3003 1854 3072 θάνατος,
1902 3005 1964 3058 οὐ

363 3097 606 3166 τιμωρία
649 3096 758 3166 (37)
799 3097 976 3150 ἐστιν.
1017 3095 1242 3167 Ἐπέχει
1287 3096 1396 3169 γὰρ
1439 3098 1540 3169 τῆς
1570 3099 1848 3171 ἁμαρτίας
1866 3099 1965 3172 τὴν

352 3189 552 3261 ὁρμήν.
582 3208 604 3242 ι
645 3190 706 3243 ’0
737 3189 855 3260 γὰρ
907 3187 1230 3257 ἀποθανὼν,
1264 3191 1421 3261 φησὶ,
1460 3190 1808 3247 δεδικαίωται
1854 3194 1964 3248 ἀπὸ
1993 3217 2038 3275 c

349 3280 446 3351 τῆς
473 3281 788 3353 ἁμαρτίας.
817 3298 837 3331 ι
868 3280 1231 3352 Καταντικρὺ
1259 3280 1316 3334 δὲ
1345 3281 1440 3335 τοῦ
1474 3283 1813 3354 παραδείσου
1845 3284 1966 3340 διά-

347 3389 465 3442 γειν
519 3373 694 3428 αὐτὸν
738 3372 1122 3444 προσέταξεν·
1161 3372 1248 3428 ῐνα
1281 3373 1380 3444 τῆς
1407 3374 1618 3430 ἀλύπου
1662 3375 1851 3448 βιοτῆς
1881 3379 1966 3442 εἰς

349 3469 577 3537 μνήμην
596 3466 934 3537 ἐρχόμενος,
965 3467 1102 3538 μισῇ
1137 3465 1240 3538 τὴν
1270 3465 1570 3537 ἁμαρτίαν,
1592 3466 1669 3532 ὡς
1692 3468 1961 3539 πρόξενον

341 3559 442 3630 τῆς
480 3559 757 3612 ἐπιπόνου
787 3558 965 3630 ζωῆς.

414 3738 814 3792 ΘΕΟΔΩΡΟΥ.
845 3737 967 3792 οὐκ
1011 3737 1282 3808 ἁοράτους
1317 3737 1475 3802 τινὰς
1518 3737 1782 3809 δυνάμεις
1813 3739 1964 3809 λέγει

342 3832 413 3884 τὰ
439 3831 778 3900 Χερουϐὶμ,
813 3829 894 3894 ὥς
917 3846 1062 3894 τινες
1087 3830 1291 3883 οίονται
1311 3847 1327 3863 ο
1354 3831 1480 3883 ἐπεὶ
1514 3831 1652 3902 μηδέ
1689 3833 1966 3886 συνετέλει

342 3941 396 3978 τι
429 3925 677 3996 ἀόρατος
728 3922 897 3992 φύσις
935 3923 1076 3986 ἐκεῖ,
1112 3920 1379 3992 αἰσθητῆς
1425 3920 1602 3991 ὅψεως
1638 3921 1966 3994 ὀφειλούσης

343 4013 490 4070 εἶναι
539 4020 650 4086 τῆς
688 4015 785 4069 τὸν
819 4015 998 4086 Ἀδὰμ
1035 4015 1426 4087 παιδευούσης.
1466 4014 1606 4068 Οὔτε
1643 4012 1736 4070 οὖν
1765 4020 1798 4086 ἡ
1832 4018 1960 4086 φλο-

344 4111 470 4180 γίνη
510 4109 774 4184 ῥομφαία
822 4111 988 4178 φύσις
1037 4105 1106 4180 ῆν
1157 4108 1356 4181 πυρὸς,
1400 4109 1515 4165 ἀλλ’
1545 4109 1669 4181 ὄψις
1695 4111 1919 4182 τοιαύτη
1945 4128 1959 4143 ·

347 4204 469 4258 οὔτε
494 4206 570 4257 τὰ
601 4203 898 4274 Χερουϐὶμ
929 4201 1067 4269 ζῶα,
1097 4203 1216 4257 ἀλλ’
1243 4203 1367 4274 ὄψις
1396 4204 1646 4276 τοιαύτη.
1681 4205 1837 4260 Ἐπεὶ
1867 4206 1962 4259 καὶ

359 4294 630 4366 Ἱεζεκιὴλ
674 4293 1129 4367 τετραπρόσωπα
1170 4295 1241 4349 τὰ
1271 4295 1558 4366 Χερουϐὶμ
1588 4297 1691 4368 ὁρᾷ
1717 4313 1731 4328 ·
1763 4314 1960 4368 τετρα-

351 4388 650 4457 πρόσωπος
670 4387 733 4440 δὲ
760 4387 1000 4456 ἀοράτου
1033 4386 1200 4456 φύσις
1222 4389 1324 4442 οὐκ
1347 4388 1496 4442 ἔστιν
1519 4389 1588 4443 ⁵⁸.
1641 4389 1805 4444 Ἀλλὰ
1855 4391 1962 4443 Χε-

351 4482 553 4553 ρουϐὶμ.
613 4483 777 4536 καλεί
827 4482 936 4535 πᾶν
976 4481 1042 4534 τὸ
1088 4483 1339 4539 δυνατόν.
1396 4483 1587 4548 Οὕτως
1633 4485 1804 4556 λέγει,
1839 4506 1860 4540 ι
1900 4487 1960 4540 '0

419 4657 449 4697 ι
485 4656 634 4712 Gen.
661 4672 749 4720 ιιι,
779 4654 872 4710 22.
958 4654 975 4693 ί
1004 4655 1138 4712 ibid.
1167 4657 1223 4712 5.
1297 4666 1338 4688 ¹¹¹
1362 4657 1525 4713 Rom.
1559 4673 1632 4726 τι,
1656 4657 1711 4715 7.

2595 2081 3154 2154 55INTERR.XL.

2078 2197 2222 2264 Quid
2252 2199 2390 2254 illud
2423 2213 2499 2258 est
2532 2221 2551 2259 :
2590 2224 2606 2258 t
2649 2205 2799 2264 Ecce.
2828 2204 2998 2257 Adam

2726 2276 2875 2330 nobis
2892 2275 2959 2328 ll?
2989 2293 3008 2326 ι

2146 2364 2285 2420 Cum
2320 2366 2574 2422 diabolus
2597 2367 2864 2422 dixisset:
2908 2384 2926 2418 ι
2963 2364 3131 2422 Erilis
3166 2364 3311 2422 sicut
3338 2364 3436 2432 dii,
3465 2381 3668 2436 cogno-

2076 2468 2291 2513 scentes
2327 2459 2528 2515 bonum
2564 2467 2625 2517 .et
2659 2459 2863 2513 malum
2891 2455 2936 2525 ι,
2965 2477 2984 2511 ι
3013 2459 3262 2514 Adamus
3312 2472 3444 2514 vero
3480 2473 3669 2514 susce-

2076 2549 2245 2619 pisset
2273 2551 2601 2606 sententiam
2649 2551 2866 2616 mortis,
2930 2550 3060 2621 quia
3120 2559 3503 2622 transgressus
3549 2561 3668 2606 erat

2075 2639 2416 2705 mandatum,
2451 2639 2596 2697 Deus
2643 2642 2890 2696 omnium
2925 2642 3030 2697 hoc
3077 2656 3174 2712 per
3212 2640 3449 2696 ironiam
3502 2641 3663 2706 dixit,

2073 2730 2461 2788 demonstrans
2513 2733 2904 2802 promissionis
2938 2733 3229 2789 diabolicae
3289 2735 3662 2792 mendacium.

2073 2819 2438 2880 Prohibuerat
2461 2833 2642 2879 autem
2676 2823 2781 2894 ipsi
2804 2823 2972 2890 Deus,
2994 2841 3062 2880 ne
3097 2825 3368 2896 acciperet
3401 2827 3470 2881 de
3514 2826 3665 2897 ligno

2072 2918 2218 2982 vitat,
2252 2931 2360 2970 non
2396 2917 2544 2987 quod
2587 2915 2856 2972 invideret
2911 2917 3119 2972 homini
3143 2917 3307 2973 vitam
3359 2924 3662 2977 aeternam:

2073 3008 2168 3064 sed
2219 3016 2278 3062 ut
2316 3007 2523 3077 peccati
2575 3020 2799 3062 cursum
2855 3007 3158 3063 cohiberet.
3198 3007 3467 3064 Medicina
3499 3009 3666 3080 igitur

2074 3115 2224 3154 mors
2252 3109 2356 3164 est,
2389 3113 2496 3154 non
2530 3113 2712 3170 paena.
2769 3098 3042 3169 Reprimit
3071 3100 3216 3155 enim
3248 3101 3454 3171 peccati
3489 3103 3666 3173 impe-

2075 3200 2210 3244 tum.
2237 3187 2373 3244 Nam
2411 3207 2431 3240 ι
2470 3197 2722 3243 mortuus
2781 3187 3118 3257 justiticatus
3172 3196 3276 3252 est,
3321 3188 3418 3254 ait,
3460 3204 3492 3243 a
3535 3203 3666 3258 pec‘

3045 2203 3218 2274 fartus
3243 2211 3320 2259 est
3350 2213 3408 2258 ut
3431 2221 3572 2259 unus
3600 2221 3667 2271 ea:

2070 3290 2270 3336 catom.
2303 3299 2322 3332 ι
2356 3279 2532 3335 Jussit
2591 3289 2773 3334 autem
2831 3277 2975 3335 Deus
3041 3279 3312 3335 Adamum
3352 3295 3384 3337 e
3440 3280 3665 3351 regione

2067 3371 2317 3428 Paradisi
2364 3387 2550 3443 agere,
2599 3381 2660 3427 ut
2700 3371 2988 3441 pristinam
3037 3372 3206 3426 vitam
3241 3371 3431 3428 dolore
3465 3386 3664 3428 caren»

2068 3473 2178 3520 tem
2231 3479 2497 3520 revocans
2557 3463 2610 3518 in
2665 3463 3010 3531 memoriam,
3056 3463 3184 3519 odio
3234 3471 3663 3535 prosequeretur

2067 3567 2374 3628 peccatum,
2419 3567 2678 3627 tanquam
2731 3563 3017 3612 auctorem
3073 3555 3366 3613 laboriosa:
3405 3565 3460 3611 et
3517 3571 3664 3612 aru-

2066 3666 2274 3705 mnosa:
2305 3650 2452 3704 vitae.

2137 3743 2509 3798 TllEODORl.
2564 3741 2844 3797 Cherubin:
2899 3742 3031 3798 dicit
3068 3758 3176 3797 non
3236 3742 3470 3797 virtutes
3499 3755 3662 3812 quas-

2065 3836 2191 3890 dam
2259 3834 2587 3897 invisibiles,
2639 3843 2698 3887 ut
2731 3833 2954 3902 quidam
3006 3833 3364 3902 existimant;
3395 3833 3661 3904 quoniam

2065 3926 2358 3982 invisibilis
2397 3935 2592 3980 natura
2639 3925 2776 3980 nihil
2806 3925 2917 3980 illic
2958 3926 3326 3993 contulisset;
3360 3942 3486 3983 cum
3517 3927 3659 3983 visio

2063 4019 2339 4075 sensibilis
2378 4033 2503 4074 esse
2549 4017 2794 4082 deberet,
2829 4034 2950 4088 quae
2995 4017 3270 4073 Adamum
3323 4019 3656 4082 institueret.

2063 4110 2252 4182 Neque
2282 4111 2448 4180 igitur
2470 4111 2684 4182 gladius
2715 4109 2804 4166 ille
2826 4109 3111 4166 ﬂammeus
3143 4121 3338 4165 natura
3357 4111 3498 4182 ignis
3514 4121 3651 4178 erat_

2063 4205 2160 4262 sed
2202 4205 2320 4260 visu
2360 4204 2534 4260 talis:
2584 4219 2762 4273 neque
2813 4201 3110 4259 Cherubin:
3156 4210 3315 4258 erant
3371 4203 3656 4268 animalia.

2063 4296 2157 4352 sed
2188 4297 2313 4350 talia
2348 4295 2692 4351 videbantur.
2732 4294 3019 4365 Siquidem
3054 4303 3108 4350 et
3140 4294 3394 4350 Ezechiel
3442 4295 3659 4352 Cheru-

2062 4391 2174 4446 bim
2232 4389 2380 4445 videt
2417 4388 2683 4444 habentes
2742 4395 2980 4459 quatuor
3049 4386 3262 4442 facies:
3305 4401 3433 4442 cum
3475 4395 3658 4443 tamen

2063 4482 2358 4539 invisibilis
2381 4491 2578 4537 natura
2606 4479 3024 4553 quadruplicem
3057 4477 3256 4536 faciem
3287 4493 3397 4534 non
3433 4477 3654 4536 habeat.

1231 4809 1468 4867 VARle
1507 4810 1897 4870 LECTIONES
1952 4809 2049 4866 EX
2103 4808 2384 4867 CATENA
2439 4806 2794 4866 LlPSlENSl.

411 4977 458 5008 "
493 4973 636 5046 περὶ
663 4973 858 5046 μὲν-
877 4972 937 5025 ἐν
973 4971 1056 5046 τῷ
1105 4990 1197 5044 γρ.
1251 4974 1458 5046 ζητεῖν.
1487 4973 1628 5046 llaec
1685 4975 1741 5031 in
1795 4984 1903 5030 cat.
1946 4973 2207 5046 leguntur

2261 4989 2324 5044 ι).
2351 4973 2442 5039 60,
2483 4972 2551 5027 ad
2579 4971 2723 5044 Gen.
2755 4989 2817 5038 ιι,
2855 4972 2885 5026 7
2914 4989 2928 5037 ;
2969 4972 3062 5027 sed
3082 4971 3514 5044 iﬁEﬁlaané‘EO‘C
3549 4971 3653 5044 leg.

351 5061 439 5109 pro
469 5041 912 5117 πεπλασμένον,
943 5041 1132 5117 minus
1148 5041 1328 5117 recte.
1373 5116 1378 5117 ί
1406 5047 1454 5078 ⁵³
1483 5044 1599 5114 Illa,
1634 5045 1992 5117 μεταλαϐεϊνέ

2070 5045 2238 5117 essm.
2262 5041 2390 5117 ⁷ίὶπὸ
2426 5061 2479 5100 τ.
2515 5043 2793 5117 ἁμαρτίας
2825 5051 3047 5117 exstant
3078 5041 3361 5117 in_cat._p.
3399 5041 3519 5096 105.
3549 5041 3658 5117 ne-

348 5117 516 5185 liqua,
564 5111 930 5185 Καταντικρὺ
954 5114 1307 5170 -ἐπιπόνου
1361 5116 1508 5188 ζωῆς
1543 5111 1693 5185 verb,
1727 5117 1860 5173 ibid.
1889 5131 1946 5187 ρ.
1979 5114 1992 5169 1

2070 5116 2103 5170 ι.
2181 5115 2229 5148 ⁵³
2259 5112 2382 5170 Cat.
2414 5130 2469 5184 p.
2506 5111 3111 5184 104.“τετραπρόσωπα
3139 5112 3198 5166 δὲ
3227 5111 3460 5184 ἀόρατος
3490 5111 3656 5184 φύσις

339 5189 440 5240 οὐκ
467 5189 647 5240 ἐστιν.

1886 5339 2127 5398 NOTAE.

421 5551 539 5620 ('50)
572 5548 714 5620 Cod.
739 5555 796 5603 et
815 5544 934 5620 Bic.
973 5545 1402 5620 δυναμούμενοι.

420 5615 536 5688 (51)
572 5619 714 5676 Cod.
757 5630 812 5670 et
983 5615 1127 5688 αλλὰ
1163 5617 1258 5669 καὶ
1295 5617 1344 5669 εί
1370 5618 1421 5673 ὁ.

421 5686 538 5760 (52)
570 5689 710 5745 Cod.
755 5698 810 5741 et
838 5686 951 5760 Pic.
993 5686 1234 5760 égapye‘i.

579 5760 849 5814 Λεκτέον
871 5757 979 5809 ὅτι.
1010 5755 1136 5828 Des.
1305 5805 1324 5822 ,

447 5768 536 5828 55)
579 5768 849 5814 Λεκτέον
871 5768 979 5809 ὁτι.
1010 5768 1136 5811 Des.
1305 5805 1324 5822 ,

425 5768 538 5910 (ὄλ)
571 5829 633 5884 In
653 5829 781 5886 cod.
814 5828 1055 5899 August.
1091 5827 1206 5883 ltzrc
1240 5826 1577 5898 adjiciuntur
1612 5844 1624 5879 :
1668 5825 1791 5880 Ὀτι
1817 5824 1951 5896 ψευ-

2059 5543 2149 5615 δὲς
2178 5543 2409 5615 λέγειτὸ
2437 5539 2686 5615 γράμμα
2717 5547 2822 5614 τῆς
2847 5540 3002 5608 θείας
3025 5538 3276 5613 γραφῆς.

2154 5611 2263 5679 55)
2281 5615 2393 5679 Ὡς.
2435 5611 2617 5667 Deest.

2157 5674 2244 5751 56)
2288 5674 2408 5737 Τοῦ
2445 5682 2855 5751 καρποῦ.εο‹ῑ.
2889 5692 2943 5738 et
2974 5679 3223 5751 Pic._coii
3253 5674 3434 5751 ξύλου.

2130 5746 2244 5826 (57)
2292 5752 2356 5807 '0
2383 5746 2641 5826 θάνάτος
2675 5755 2747 5808 οὐ
2778 5754 3040 5824 τιμωρία.
3078 5749 3214 5806 Cod.
3241 5759 3295 5804 et
3317 5748 3427 5805 Pic.
3458 5746 3519 5802 οὗ
3557 5746 3654 5804 Θάρ-

2057 5824 2232 5889 νατος
2258 5826 2292 5896 ἡ
2331 5824 2600 5896 τιμωρία.
