4136 6426
324 432 432 498 155

1450 435 1731 509 QUASST.
1759 433 1842 494 ΙΝ
1861 432 2130 494 GENES.
2160 432 2317 493 CAP.
2346 432 2446 495 IV.
2479 433 2545 493 ν.

3535 423 3639 489 Ῑιέεϐ

325 561 533 616 μησαν,
564 543 618 596 εἰ
647 543 717 597 ὲκ
746 544 1040 620 διαφόρων
1067 545 1501 618 βεϐλαστηκέναι
1541 546 1796 618 πατέρων
1831 545 1941 616 ᾠή-
1970 576 1982 607 Α

2058 543 2218 598 πρόελε
2277 542 2659 609 admittuntur,
2693 541 2822 613 quid
2885 555 2995 596 non
3037 545 3470 612 perpetrassent,
3520 538 3565 591 si
3603 555 3654 592 e-

322 637 501 707 θησαν
526 655 543 704 ;
575 635 795 692 Τούτου
823 638 992 711 χάριν
1018 638 1119 693 ἕνα
1157 639 1257 710 μὲν
1287 641 1351 693 ὲκ
1376 639 1475 710 τῆς
1517 640 1622 710 γῆς
1651 638 1944 693 διέπλασεν

2058 636 2271 692 liversis
2301 635 2545 704 patribus
2580 641 2729 688 ortos
2757 649 2816 690 se
2837 647 2960 690 esse
2976 631 3433 688 existimassem?
3462 628 3637 701 Huius

320 731 498 802 ἀνδρα
524 746 541 760 ·
576 731 646 783 ὲκ
683 730 747 784 δὲ
792 731 994 786 τούτου
1029 733 1165 804 μίαν
1216 732 1624 804 ἐδημιούργησε
1671 734 1938 801 γυναῖκα·

320 825 387 876 ἐκ
433 823 495 876 δὲ
548 823 773 878 τούτων
817 826 1006 880 πᾶσαν
1066 827 1168 897 τὴν
1228 826 1556 898 οἰκουμένην
1608 824 1707 879 τοῦ
1747 826 1942 895 γένους

320 915 650 986 ἐπλήρωσε.
676 915 783 969 Διὰ
804 917 967 988 τήνδε
992 917 1177 972 τοίνυν
1200 917 1300 989 τὴν
1327 918 1533 982 αἰτίαν,
1561 917 1942 990 συνεχώρησεν

320 1004 381 1056 ὲν
409 1005 563 1075 ἀρχῇ
598 1004 715 1058 τῶν
754 1005 1013 1074 ἀδελφῶν
1039 1006 1139 1078 τὴν
1172 1007 1458 1079 ἐπιμιξίαν
1484 1023 1498 1037 ’
1534 1007 1726 1078 ἐπειδὴ
1751 1007 1807 1060 δὲ
1833 1006 1939 1078 ηὐ-

319 1098 468 1169 ξίθη
493 1097 559 1150 τὸ
594 1098 784 1166 γένος,
804 1099 883 1163 ὠς
915 1099 1241 1172 παράνομον
1272 1101 1463 1155 τοῦτον
1484 1100 1826 1171 ἀπαγορεύει
1848 1099 1941 1154 τὸν

320 1192 530 1261 γὶμον.
567 1191 680 1244 Διά
708 1209 801 1245 τοι
836 1192 1002 1248 τοῦτο
1044 1194 1145 1248 σὺν
1178 1193 1256 1265 τῷ
1305 1194 1429 1247 Νῶε
1477 1193 1572 1247 καὶ
1616 1195 1732 1257 τοῖς
1775 1193 1940 1257 υἱέσι,

324 1285 418 1338 καὶ
451 1285 562 1347 τὰς
614 1284 856 1339 ἐκείνων
909 1288 1183 1353 γυναῖκας
1230 1285 1488 1339 διέσωσεν
1520 1287 1578 1340 ἐν
1605 1288 1669 1356 τῇ
1697 1285 1937 1356 κιϐωτῷ,

325 1377 409 1430 ἶνα
446 1380 579 1443 ταῖς
628 1377 893 1450 ἀνεψιαῖς
948 1378 998 1431 οἰ
1023 1378 1250 1433 ἐκείνων
1308 1376 1421 1451 (ll)
1470 1377 1787 1448 συναφθῶσι
1813 1380 1942 1433 παῖ-

323 1471 428 1533 δες.

978 1585 1185 1640 ΕΡΩΤ.
1235 1586 1366 1640 MA'.

761 1699 940 1764 Τίνας
984 1697 1238 1754 ἀνεῖλεν
1259 1701 1292 1754 ό
1320 1697 1526 1770 Λάμεχ
1550 1716 1572 1764 ;

296 1794 305 1805 “
387 1792 465 1845 οὗ
494 1791 621 1855 δύο,
666 1789 823 1845 καθά
868 1808 1017 1854 τινες
1047 1791 1422 1862 ὑπειλήφασιν
1446 1807 1460 1820 θ
1494 1791 1618 1845 οὐδὲ
1647 1790 1741 1844 τὸν
1777 1790 1940 1853 Κάἳν,

2047 726 2125 781 rci
2162 727 2333 796 gratia
2374 741 2543 780 unum
2572 724 2791 796 quidem
2820 725 3002 779 virum
3028 739 3060 779 e
3091 733 3233 779 terra
3270 723 3552 788 formavit,
3586 733 3638 777 et

2048 836 2112 873 ex
2146 834 2212 874 eo
2249 835 2412 873 unam
2466 818 2676 874 creavit
2711 818 3018 883 mulierem,
3041 827 3096 873 et
3132 832 3198 872 ex
3223 833 3414 873 eorum
3442 831 3638 889 genere

2049 913 2279 983 replevit
2310 913 2622 968 universam
2668 921 2893 967 terram.
2924 912 3080 967 Hanc
3110 911 3275 982 igitur
3310 910 3382 966 ob
3410 924 3634 966 causam

2050 1008 2197 1063 Deus
2230 1007 2298 1062 ab
2326 1006 2483 1060 initio
2506 1005 2777 1075 permisit.
2803 1004 3035 1060 fratrum
3069 1005 3519 1061 commistionem
3547 1010 3640 1060 :at

2049 1111 2338 1169 postquam
2369 1098 2578 1153 creavit
2605 1097 2910 1152 humanum
2956 1095 3504 1167 genus,.buiusmodi
3532 1112 3647 1149 nu-

2048 1194 2214 1266 ptias,
2251 1203 2511 1265 tanquam
2573 1193 2811 1260 iniquas,
2870 1192 3174 1264 prohibuit.
3229 1191 3294 1247 Et
3339 1192 3408 1247 ob
3440 1192 3493 1246 ld
3530 1206 3655 1246 una.

2050 1303 2174 1342 cum
2193 1284 2321 1341 -Νοε
2342 1287 2392 1341 el
2418 1284 2545 1341 ﬁliis
2566 1285 2709 1355 eius,
2731 1284 2875 1340 Deus
2905 1283 3250 1340 conservavit
3271 1299 3461 1339 eorum
3495 1298 3637 1338 uxo-

2049 1393 2139 1433 res
2164 1379 2220 1432 in
2252 1392 2402 1445 arca,
2440 1386 2500 1433 ut
2548 1392 2742 1434 eorum
2795 1376 2954 1434 liberi
3018 1374 3364 1431 consobrinis
3415 1374 3653 1445 copula»

2049 1478 2261 1526 l'CllllIl‘o

2576 1582 2855 1640 INTERR.
2894 1581 3084 1640 XLIV.

2418 1698 2689 1763 Quasnam
2716 1696 2979 1766 interfecit
3003 1695 3230 1750 Lamech
3247 1698 3295 1751 ?'

2119 1792 2239 1847 Non
2262 1791 2425 1855 duos,
2455 1800 2514 1846 ut
2563 1792 2787 1862 quidam
2826 1799 3177 1861 putaverunt,
3226 1802 3406 1859 neque
3455 1786 3649 1857 ipsum

319 1885 395 1946 ὡς
447 1885 643 1955 ἕτεροι
701 1881 1233 1954 μεμυθολογήκασιν
1257 1899 1272 1915 ·
1307 1883 1424 1938 ἀλλ’
1458 1883 1577 1948 ἕνα,
1619 1884 1716 1937 καὶ
1753 1882 1943 1936 τοῦτον
1979 1923 1982 1972 ξ

2058 1883 2209 1947 Cain,
2247 1893 2307 1940 ut
2342 1883 2433 1940 alii
2490 1883 2717 1939 fabulati
2762 1891 2936 1939 sunt:
2974 1882 3070 1939 sed
3130 1896 3325 1945 uumu,
3380 1888 3435 1934 et
3490 1880 3640 1935 hunc

320 1976 459 2030 νέον.
500 1994 521 2026 ι
557 1974 783 2045 ⁸Ἄνδρα
815 1973 949 2045 γὰρ,
1008 1976 1197 2044 φησιν,
1259 1974 1560 2030 ἀπέκτεινα
1613 1976 1696 2039 εἰς
1724 1973 1948 2047 τραῦμα

2058 1979 2327 2050 iuvenem.
2368 1996 2387 2029 ι
2427 1974 2619 2031 Virum
2660 1976 2830 2042 enim,
2886 1973 3086 2045 inquit,
3115 1973 3291 2029 occidi
3336 1972 3391 2027 in
3434 1972 3640 2026 vulnus

325 2070 467 2135 ἐμοὶ,
495 2068 601 2121 καὶ
620 2066 930 2120 νεανίσκον
980 2068 1063 2130 εἰς
1105 2066 1352 2136 μώλωπα
1387 2068 1545 2138 ἐμοί’
1578 2087 1597 2120 ι
1643 2068 1945 2134 τουτέστιν,

325 2165 487 2231 ἄνδρα
513 2164 657 2216 νέαν
696 2162 914 2230 ἄγοντα
937 2162 1041 2232 τὴν
1083 2161 1326 2233 ἡλικίαν.
1360 2163 1599 2234 Διέφυγε
1632 2163 1818 2235 μέντοι
1846 2167 1948 2235 τὴν

325 2255 625 2326 τιμωρίαν,
655 2253 751 2307 διὰ
781 2252 887 2324 τὴν
915 2254 1016 2324 τῆς
1042 2254 1322 2325 ἁμαρτίας
1340 2254 1639 2326 ὁμολογίαν
1662 2272 1677 2287 ·
1702 2256 1798 2310 καὶ
1823 2254 1951 2310 καθ’

324 2349 520 2402 ἑαυτοῦ
563 2347 692 2417 (ιῖ)
721 2345 832 2419 τὴν
852 2346 1042 2420 ψῆφον
1076 2346 1406 2416 ἐξενεγκὼν,
1435 2348 1537 2419 τὴν
1564 2347 1717 2402 θείαν
1742 2346 1951 2402 διεκώ-

322 2442 451 2495 λυσε
478 2441 699 2512 ᾕφον.

980 2552 1179 2606 ΕΡΩΤ.
1220 2552 1355 2608 ME'.

330 2666 459 2721 Ποῦ
494 2668 841 2735 μετέθηκεν
861 2666 980 2739 (43)
1022 2668 1059 2721 d
1085 2665 1207 2720 τῶν
1226 2665 1389 2721 ὅλων
1418 2666 1565 2734 Θεὸς
1585 2666 1696 2721 τὸν
1723 2666 1956 2738 Ἐνώχ;

413 2760 494 2810 υἱ»
518 2759 603 2811 δεῖ
642 2760 833 2829 ζητεῖν
865 2758 942 2812 τὰ
986 2762 1332 2830 σεσιγημένα
1357 2776 1371 2790 ·
1400 2759 1651 2831 στέργειν
1693 2758 1750 2813 δὲ
1779 2777 1953 2831 προσ-

350 2848 484 2917 ’ἕλκει
529 2849 603 2902 τὰ
641 2851 1033 2922 γεγραμμένα.
1077 2849 1221 2919 Ἐγὼ
1243 2851 1303 2906 δὲ
1328 2848 1483 2921 οἶμαι
1528 2850 1690 2907 τοῦτο
1723 2869 1956 2923 πεποιη-

362 2941 526 2996 κέναι
554 2941 648 2996 τὸν
676 2943 777 2996 τῶν
811 2943 957 2999 ὅλων
1001 2944 1160 3010 Θεὸν,
1192 2945 1274 3009 εἰς
1306 2945 1672 3016 ψυχαγωγίαν
1712 2945 1821 3000 τῶν
1854 2945 1955 3017 τῆς

360 3033 569 3105 ἀρετῆς
604 3035 870 3107 ἀθλητῶν.
917 3036 1150 3108 Ἐπειδὴ
1182 3036 1296 3109 γὰρ
1330 3039 1359 3092 ὁ
1385 3037 1576 3104 Ἅϐελ,
1616 3038 1836 3110 πρῶτος
1861 3054 1958 3106 γε-

355 3123 529 3193 γονὼς
547 3126 646 3196 τῆς
665 3127 1030 3199 δικαιοσύνης
1047 3128 1283 3200 καρπὸς,
1310 3129 1563 3201 πρὸωρός
1585 3146 1647 3184 τε
1670 3131 1768 3185 καὶ
1789 3130 1958 3202 πρόρ-

2051 2087 2233 2127 meum
2263 2078 2319 2126 et
2344 2069 2813 2127 adolescentulum
2846 2069 2903 2124 in
2931 2068 3160 2123 livorem
3185 2082 3368 2122 meum
3385 2076 3452 2132 tt;
3493 2083 3513 2117 ι
3535 2064 3642 2120 hoc

2050 2166 2351 2231 est,virum
2383 2172 2633 2235 agentem
2656 2161 2953 2233 iuvenilem
2986 2162 3224 2216 aetatem.
3287 2159 3512 2216 Pmnam
3558 2148 3647 2213 ta-'

2054 2272 2177 2312 men
2203 2257 2397 2323 evasit,
2432 2265 2654 2327 propter
2683 2253 2893 2325 peccati
2924 2251 3331 2309 confessionem
3364 2259 3475 2305 :‘et
3504 2265 3641 2305 con-

2052 2360 2136 2406 tra
2166 2364 2225 2406 se
2258 2349 2442 2406 ferens
2497 2348 2845 2415 sententiam,
2898 2345 3125 2402 evitavit
3170 2343 3496 2400 sententiam
3557 2338 3649 2397 di-'

2052 2457 2260 2497 vmam.

2615 2549 2900 2606 INTERR.
2929 2548 3093 2606 XLV.

2057 2671 2227 2739 Quem
2248 2671 2303 2724 in
2333 2676 2509 2723 locum
2534 2665 2677 2720 Deus
2728 2665 2963 2719 omnium
3009 2662 3291 2717 transtulit
3323 2658 3653 2715 Enocbum?L

2121 2762 2240 2818 Non
2277 2761 2601 2832 inquirenda
2636 2768 2785 2826 sunt,
2812 2773 2934 2828 quae
2980 2755 3201 2811 silentio
3249 2762 3381 2810 sunt
3418 2752 3643 2814 tradita,

2057 2857 2151 2914 sed
2186 2854 2493 2910 veneranda
2550 2867 2671 2923 qua:
2724 2852 2928 2921 scripta
2990 2857 3138 2906 sunt.
3168 2846 3281 2918 Ego
3327 2860 3457 2901 vero
3511 2851 3651 2913 puto

2057 2948 2227 3004 Deum
2250 2946 2496 3003 omnium
2544 2945 2650 3000 boc
2679 2942 2896 3006 fecisse,
2922 2941 2987 2998 ad
3013 2938 3386 2997 consolandos
3430 2934 3647 2992 virtutis

2058 3041 2314 3097 athletas.
2347 3041 2486 3094 (lum
2520 3037 2669 3093 enim
2704 3035 2837 3092 Abel
2869 3035 3083 3107 primus
3137 3031 3368 3103 iustitia:
3410 3028 3647 3092 fructus,

2060 3133 2393 3187 immaturus
2430 3128 2615 3184 adhuc
2637 3126 2903 3182 radicitus
2929 3122 3211 3180 abscissus
3235 3129 3400 3185 esset,
3420 3128 3476 3174 et
3502 3134 3648 3174 non-

347 3216 501 3289 ριζος
548 3216 828 3290 ἐξεκόπη·
859 3220 1027 3284 ἐλπὶς
1070 3218 1130 3282 δὲ
1174 3220 1275 3291 τῆς
1339 3222 1696 3284 ἀναστάσεως
1741 3222 1957 3277 οὐδέπω

2060 3224 2192 3280 dum
2219 3220 2645 3279 resurrectionis
2678 3234 2803 3289 spes
2832 3216 3086 3272 homines
3111 3214 3222 3285 58
3245 3211 3647 3275 consolaretur,

342 3312 469 3375 τοὺς
494 3311 835 3382 ἀνθρώπους
865 3312 1249 3384 ἐψυχαγώγει,
1285 3315 1590 3385 μετέθηκεν
1646 3314 1954 3386 εὐαρεστή-

341 3418 513 3456 σαντα
540 3401 639 3456 τὸν
685 3400 870 3471 Ἑνὼχ
896 3403 925 3455 ὁ
950 3400 1063 3455 τῶν
1092 3402 1232 3456 ὅλων
1252 3402 1406 3466 Θεὸς,
1438 3404 1533 3457 καὶ
1566 3405 1669 3476 τῆς
1700 3402 1812 3457 τῶν
1835 3403 1958 3474 θνη-

336 3493 448 3547 τῶν
482 3492 729 3564 ἐχώρισε
763 3494 957 3565 βιοτῆς
980 3510 996 3525 ·
1031 3494 1122 3548 ἵνα
1140 3493 1370 3559 ἕκαστος
1390 3495 1504 3549 τῶν
1544 3495 1790 3549 εὐσεϐεῖν
1821 3512 1958 3566 προ-

339 3584 693 3653 αιρουμένων
719 3584 1041 3656 λογίζηται,
1076 3579 1165 3638 οἷα
1194 3585 1259 3658 δὴ
1289 3586 1435 3658 λόγῳ
1456 3587 1845 3659 τετιμημένος,
1881 3586 1959 3652 ὡς

338 3676 368 3726 ὁ
398 3675 598 3729 τοῦτον
636 3676 991 3747 τετιμηκὼς,
1014 3676 1323 3749 ἀγέραστον
1349 3680 1450 3733 οὐκ
1476 3679 1633 3732 ἐάσει
1650 3679 1743 3732 τὸν
1768 3678 1958 3745 Ἅϐελ,

342 3767 439 3820 ἆτε
491 3768 560 3839 δὴ
586 3769 813 3833 δίκαιος
833 3768 935 3836 ῶν,
958 3771 1054 3824 καὶ
1073 3770 1300 3836 δικαίως
1322 3772 1521 3827 ἰθύνων
1543 3773 1614 3827 τά
1635 3772 1956 3843 σύμπαντα.

342 3860 551 3914 Τούτου
603 3860 673 3931 δὴ
702 3860 895 3933 χάριν,
944 3862 1037 3917 τὸν
1084 3863 1185 3933 μὲν
1226 3865 1488 3936 παρεῖδεν
1536 3863 1959 3936 ἀναιρούμενον,

343 3948 436 4002 τὸν
468 3949 529 4002 δὲ
567 3951 892 4021 μετέθηκεν
916 3968 932 3983 ·
967 3951 1059 4006 ἴνα
1082 3955 1149 4024 τῇ
1182 3955 1488 4026 ἀναῤῥήσει
1523 3956 1589 4026 τῇ
1619 3952 1815 4009 τούτου
1854 3972 1962 4025 μηο

345 4039 485 4112 νύσῃ
534 4042 650 4109 τὴν
694 4042 975 4115 ἐσομένην
1023 4045 1343 4100 ἀνάστασιν.
1393 4047 1452 4101 '0
1488 4046 1600 4118 γὰρ
1627 4046 1772 4101 κατὰ
1809 4047 1964 4102 τόνδε

348 4135 439 4187 τὸν
478 4136 605 4206 βίον
645 4137 764 4189 τῶν
798 4136 902 4207 τῆς
918 4137 1231 4215 ἀρετῆςμὴ
1262 4137 1582 4210 τετυχηκὼς
1611 4138 1959 4208 ἀντιδόσεων,

352 4224 515 4295 δῆλον
554 4226 638 4291 ὡς
669 4228 732 4280 ὲν
772 4227 951 4300 ἑτέρῳ
975 4227 1183 4284 τούτων
1215 4229 1586 4285 ἀπολαύσεται
1609 4230 1732 4303 βίῳ.

975 4429 1177 4487 spor.
1200 4430 1335 4500 Μετ’
1361 4431 1432 4486 ια.

2059 3314 2345 3371 transtulit
2371 3312 2619 3368 omnium
2650 3309 2793 3365 Deus
2821 3308 2999 3379 ipsum
3026 3306 3213 3361 Enoeb
3264 3304 3370 3361 sibi
3399 3301 3652 3373 gratissi-

2062 3421 2236 3471 mum,
2275 3417 2511 3473 eumque
2551 3398 2793 3471 seiunxit
2819 3413 2850 3452 a
2893 3395 3206 3452 mortalium
3234 3394 3344 3449 vita
3376 3411 3389 3448 :
3435 3399 3496 3446 ut
3521 3390 3651 3461 qui-

2060 3512 2278 3568 cunque
2311 3496 2399 3567 pie
2444 3495 2625 3549 vivere
2652 3490 2929 3553 statuerit,
2955 3488 3029 3545 ita
3054 3486 3434 3550 ratiocinetur,
3463 3494 3655 3553 utpote

2061 3590 2279 3647 ratione
2315 3587 2597 3658 praeditus,
2656 3600 2784 3640 eum
2844 3584 2989 3639 Deus
3044 3580 3314 3646 omnium,
3346 3576 3442 3648 qui
3468 3576 3656 3647 iustus

2062 3692 2169 3749 est,
2212 3689 2268 3737 et
2293 3679 2441 3750 iuste
2496 3677 2764 3749 gubernat
2796 3673 3075 3738 uniVersa,
3123 3670 3410 3727 Enocbum
3443 3669 3657 3725 bonore

2063 3779 2388 3842 prosecutus
2411 3768 2504 3833 sit,
2530 3782 2654 3824 eum
2682 3765 2907 3822 Abelem
2935 3778 3158 3834 quoque
3199 3766 3526 3816 ornamento
3559 3773 3656 3815 ca-

2064 3880 2188 3921 rere
2208 3878 2320 3918 non
2340 3860 2759 3932 permissurum.
2803 3857 2915 3914 Hac
2949 3857 3017 3912 de
3044 3870 3225 3911 causa
3249 3855 3402 3909 illum
3430 3852 3653 3922 quidem

2065 3955 2243 4014 occidi
2295 3951 2564 4026 permisit,
2619 3949 2906 4007 Enocbum
2966 3958 3149 4003 autem
3218 3945 3504 4005 transtulit
3545 3952 3659 4004 ιω

2066 4048 2232 4118 liuius
2266 4042 2653 4117 praedicatione
2692 4040 2935 4097 futuram
2995 4039 3263 4094 indicaret
3296 4033 3659 4092 resurrectio-

2066 4154 2213 4194 nem.
2243 4136 2348 4203 Qui
2370 4134 2520 4191 enim
2551 4134 2608 4188 in
2641 4133 2746 4189 hac
2776 4131 2886 4187 vita
2912 4129 3133 4187 virtutis
3156 4125 3656 4183 remunerationem

2066 4246 2177 4286 non
2213 4227 2379 4284 fuerit
2400 4227 2653 4300 adeptus,
2683 4225 2834 4282 illam
2863 4223 2920 4280 in
2943 4225 3118 4280 altera
3148 4220 3257 4277 vita
3290 4227 3441 4276 certo
3463 4233 3662 4277 conse-

2068 4329 2289 4394 quetur.

2609 4429 2892 4489 INTERR.
2931 4429 3115 4487 XLVI.
3208 4498 3218 4506 _

357 4541 421 4594 Τί
455 4539 538 4609 δὴ
577 4539 695 4595 τοῦ
736 4540 918 4624 Ἀδᾲμ
958 4543 1400 4624 Δἡμαρτίηκότρς·
1437 4546 1621 4601 ’Ἅϐελ
1656 4548 1690 4602 ὁ
1730 4545 1969 4616 δίκαιος

2074 4546 2275 4614 Quare,
2315 4562 2436 4601 cum
2486 4545 2661 4600 Adam
2716 4534 3013 4616 peccasset,
3047 4543 3232 4624 justus
3284 4538 3415 4594 Abel
3456 4538 3664 4610 primus

839 4614 1204 4681 ἐτελεύτησε
1232 4614 1467 4684 πρῶτος
1491 4632 1511 4681 ;

424 4702 649 4774 Σαθρὸν
695 4702 979 4775 ἠϐουλήθη
1026 4708 1055 4758 ὁ
1094 4704 1231 4770 Θεὸς
1272 4705 1534 4776 γενέσθαι
1558 4706 1652 4761 τὸν
1676 4707 1772 4762 τοῦ
1799 4707 1969 4763 θανά-

357 4812 448 4847 του
487 4794 783 4865 θεμέλιον.
826 4794 891 4849 Εἰ
916 4798 1028 4869 γὰρ
1067 4798 1245 4870 Ἀδὰμ
1287 4800 1561 4872 πρότερος
1583 4801 1970 4873 ἐτελεύτησεν,

359 4887 518 4958 ἔσχεν
573 4888 648 4943 ἂν
696 4889 909 4951 ἐκεῖνος
937 4890 1169 4961 ἰσχυρὰν
1195 4892 1296 4964 τὴν
1333 4893 1600 4965 κρηπῖδα,
1632 4894 1853 4967 πρῶτον
1890 4911 1975 4949 νε-

360 4981 490 5051 κρὸν
514 4981 619 5034 τὸν
650 4981 1023 5053 ἡμαρτηκότα
1044 4983 1361 5056 δεξάμενος.
1410 4984 1632 5059 Ἐπειδὴ
1664 4985 1722 5039 δὲ
1743 4985 1834 5042 τὸν
1848 4984 1967 5042 ἀδί-

424 5168 456 5210 ς
497 5159 649 5215 Gen.
683 5173 761 5223 tv,
785 5156 878 5214 25.

1999 4625 2050 4686 D

2672 4615 2915 4670 mortuus
2955 4623 3033 4669 est
3045 4615 3071 4668 2

2149 4709 2336 4766 Debile
2361 4709 2530 4766 voluit
2559 4708 2704 4765 Deus
2738 4723 2862 4765 esse
2915 4706 3114 4763 mortis
3143 4702 3588 4761 fundamentum.
3608 4700 3665 4756 Si

2079 4801 2225 4858 enim
2260 4801 2435 4857 Adam
2480 4800 2632 4872 prior
2689 4798 2940 4865 obiisset,
3001 4797 3247 4857 firmiore
3308 4794 3668 4851 fundamento

2079 4907 2231 4949 mors
2287 4892 2574 4955 niteretur,
2622 4891 2860 4961 primum
2893 4898 3173 4946 mortuum
3228 4885 3513 4958 excipiens
3540 4899 3667 4956 pec-

2068 4992 2335 5041 catorem.
2365 4982 2508 5050 Quia
2553 4997 2684 5039 vero
2726 4982 2960 5053 primum
3002 4980 3211 5051 recepit
3256 4993 3411 5046 eum,
3450 4976 3548 5050 qui
3579 4975 3668 5033 in-

1247 5310 1487 5368 VARLE
1535 5308 1924 5369 LECTIONES
1972 5310 2066 5367 EX
2119 5309 2395 5369 CATENA
2424 5306 2789 5367 LIPSIENSI.
2825 5328 2831 5335 ·
2889 5309 2893 5313 ’

443 5475 494 5511 ³⁸
515 5476 778 5546 Quaestio
803 5475 873 5532 ιθ
899 5477 1011 5534 alio
1038 5476 1235 5533 ordine
1258 5477 1481 5548 ponitur
1504 5475 1561 5531 in
1586 5483 1695 5532 cat.
1736 5487 1793 5544 ι).
1829 5475 1954 5531 uo.

1912 5630 2144 5689 NOTAE.

447 5794 566 5863 (4|)
604 5796 676 5849 02
698 5791 970 5863 ἐκείνων.
1005 5793 1177 5848 Abest
1197 5807 1228 5847 a
1253 5793 1375 5849 cod.
1404 5803 1459 5850 ct
1478 5793 1609 5852 edit.
1633 5793 1766 5850 Pici.

453 5865 571 5937 με)
598 5864 740 5921 Cod.
783 5872 839 5919 et
882 5862 1002 5920 Pic.
1025 5863 1149 5918 κατ’
1175 5863 1362 5919 αὑτοῦ.

2165 5789 2277 5862 (45)
2316 5790 2448 5848 Cod.
2499 5798 2553 5845 et
2582 5784 2699 5843 Pic.
2728 5779 3103 5856 μετατεθεικσ.
