4136 6422
541 354 641 423 147

1526 362 2021 427 THEODORETI
2070 363 2413 429 EPISCOPI
2462 368 2833 431 CYRENSIS

3714 366 3819 435 148

532 474 680 544 juste
723 472 940 530 occisus
984 481 1122 538 erat,
1174 471 1401 528 dubium
1470 473 1885 533 fundamentum
1935 477 2119 534 habet.

2226 497 2339 545 κως
2380 480 2728 553 ἀνῃρημένον
2770 479 2993 547 ἐδέξατο
3042 480 3282 554 πρῶτον,
3322 480 3596 553 σφαλερὸν
3625 479 3687 534 τὸ
3718 480 3817 536 θε-

1046 665 1325 725 INTERR.
1354 667 1566 728 XLVII.

790 781 1060 848 Quasnam
1095 779 1266 837 Maus
1308 782 1510 837 vocavit
1544 782 1689 853 ﬁlios
1717 781 1862 838 Dei?

604 893 836 962 Quidam
880 893 1046 951 nimis
1118 893 1323 965 stupidi
1375 903 1431 950 et
1485 895 1668 951 stolidi
1733 896 2124 953 existimarunt

535 1002 631 1045 eos
660 988 885 1060 angelos
914 1002 1057 1052 esse,
1084 996 1340 1059 putantes
1389 1004 1503 1044 suae
1532 990 1716 1045 forsan
1754 990 2123 1061 intemperan-

535 1082 624 1137 tite
656 1082 1022 1153 patrocinium
1084 1096 1146 1137 se
1184 1082 1493 1148 habituros,
1536 1081 1582 1136 si
1616 1082 1841 1153 angelos
1873 1083 2117 1153 ejusdem

531 1176 782 1232 criminis
811 1190 937 1230 reos
958 1182 1227 1229 tenerent.
1255 1168 1553 1245 Oportebat
1576 1184 1757 1231 autem
1784 1191 1880 1232 eos
1901 1176 2123 1232 audisse

534 1267 707 1323 Deum
766 1268 1014 1322 omnium
1072 1267 1148 1320 ita
1204 1265 1475 1321 dicentem
1512 1282 1526 1318 :
1565 1285 1584 1319 ι
1618 1265 1736 1322 Non
1780 1267 2122 1337 permanebit

537 1360 778 1432 Spiritus
812 1374 967 1415 meus
1014 1358 1067 1413 in
1095 1358 1416 1415 hominibus
1448 1359 1557 1413 illis
1585 1360 1637 1414 in
1672 1370 1959 1425 aeternum,
1991 1360 2120 1432 quia

533 1467 731 1507 carnes
763 1458 912 1505 sunt.
939 1448 1116 1504 Erunt
1143 1459 1328 1504 autem
1359 1449 1478 1505 dies
1527 1450 1744 1505 illorum
1788 1460 2006 1507 centum
2036 1453 2120 1506 vi—

535 1544 671 1613 ginti
707 1542 919 1607 annil';
952 1560 971 1594 ι
1004 1553 1059 1598 ει
1107 1542 1235 1598 inde
1277 1543 1587 1614 perspicere
1637 1554 1887 1598 naturam
1942 1545 2123 1600 incor-

531 1648 757 1703 poreum
792 1648 986 1689 carnes
1042 1647 1153 1689 non
1204 1632 1425 1695 habere.
1460 1649 1638 1704 neque
1689 1635 1915 1704 angelos
1949 1634 2120 1689 vitam

532 1726 736 1781 habere
763 1734 1008 1795 tempore
1037 1724 1312 1780 definitam
1353 1743 1368 1780 :
1399 1724 1739 1781 immortales
1780 1728 1927 1782 enim
1951 1728 2121 1783 creati

2227 572 2415 645 μέλιον
2456 574 2592 646 ἔχει.

2838 691 3042 746 ΕΡΩΤ.
3067 692 3202 746 MZ'.

2329 805 2506 872 Τίνας
2525 805 2696 873 υἱοὺς
2723 804 2833 860 τοῦ
2859 804 3008 859 Θεοῦ
3046 803 3358 871 κέκληκεν
3387 804 3420 855 ὀ
3445 802 3708 868 Μωσῆς;

2305 918 2700 990 Ἐμὸρόντητοί
2741 935 2887 981 τινες
2934 916 3031 971 καὶ
3075 915 3216 985 ἄγαν
3270 915 3492 986 ἠλίθιοι,
3544 915 3818 983 ἀγγέλους

2218 1009 2444 1074 τούτους
2474 1009 2768 1075 ὑπέλαϐον,
2801 1010 2902 1080 τῆς
2948 1009 3156 1073 οἰκείας
3196 1009 3328 1072 ῖσως
3354 1008 3652 1070 ἀκολασίας
3677 1009 3821 1061 ἀπο-

2219 1086 2405 1170 λογίαν
2433 1103 2660 1173 σχήσειν
2700 1102 3024 1173 ἡγούμενοι,
3069 1101 3119 1154 εἰ
3155 1100 3265 1154 τῶν
3304 1098 3557 1168 ἀγγέλων
3590 1097 3819 1152 τοιαῦτα

2219 1199 2582 1267 κατηγοροῖεν
2601 1195 2827 1249 ⁵⁷.¹Ἐδει
2850 1195 2905 1248 δὲ
2931 1195 3126 1258 αὐτοὺς
3158 1190 3389 1245 ἀκοῦσαι
3421 1191 3516 1245 τοῦ
3543 1190 3679 1244 Θεοῦ
3709 1192 3823 1246 τῶν

2219 1290 2357 1343 ὃλων
2376 1289 2629 1357 λέγοντος
2650 1304 2667 1319 ·
2698 1305 2716 1339 ι
2752 1287 2827 1342 Οὐ
2856 1286 2930 1357 μὴ
2962 1286 3268 1356 καταμείνῃ
3294 1282 3356 1338 τὸ
3378 1281 3605 1353 Πνεῦμά
3634 1299 3735 1352 μου
3760 1283 3824 1334 ἐν

2220 1384 2332 1445 τοῖς
2384 1379 2699 1450 ἀνθρώποις
2740 1378 2954 1442 τούτοις
3003 1379 3084 1441 είς
3117 1377 3212 1431 τὸν
3237 1374 3433 1438 αἰῶνα,
3465 1373 3556 1428 διά
3582 1373 3644 1427 τὸ
3676 1369 3826 1428 εἶναι

2221 1470 2422 1532 αὐτοὺς
2455 1468 2665 1539 σάρκας
2684 1484 2699 1498 ο
2728 1468 2942 1520 ἔσονται
2965 1466 3023 1519 δέ
3049 1467 3106 1519 αί
3130 1465 3337 1537 ἡμέραι
3363 1464 3546 1518 αὐτῶν
3568 1464 3663 1535 ἐτη
3685 1464 3829 1516 ἐκα-

2219 1561 2312 1614 τὸν
2342 1560 2517 1612 εἰκοσι
2545 1576 2560 1590 ·
2603 1577 2623 1610 ι
2652 1558 2747 1612 καὶ
2782 1555 3016 1612 συνιδεῖν
3048 1553 3323 1620 ἐντεῦθεν,
3349 1553 3427 1618 ὡς
3451 1552 3577 1607 οὔτε
3603 1553 3829 1623 σάρκας

2220 1651 2334 1722 ἔχει
2363 1650 2473 1704 τῶν
2507 1650 2819 1721 ἀσωμάτων
2853 1650 2887 1720 ἡ
2922 1647 3109 1717 φύσις,
3139 1645 3265 1700 οὔτε
3313 1646 3493 1717 χρόνῳ
3522 1645 3677 1717 ρητῷ
3715 1662 3830 1699 πε-

2223 1741 2597 1813 ριωρισμένην
2632 1739 2817 1811 έχουσι
2863 1737 2963 1810 τὴν
3001 1736 3187 1810 ζωήν’
3224 1737 3484 1792 ἀθάνατοι
3524 1738 3634 1808 γάρ
3672 1738 3799 1792 ἐκτί

531 1827 684 1873 sunt.
719 1815 784 1872 Et
817 1833 939 1887 quae
969 1825 1296 1887 sequuntur,
1320 1818 1422 1872 sub
1448 1818 1693 1872 eamdem
1748 1817 1858 1889 59
1899 1829 2120 1874 senten-

2225 1834 2448 1904 σθησαν.
2497 1832 2610 1887 Kal
2654 1832 2725 1884 τὰ
2762 1831 2891 1897 eges;
2929 1831 2988 1884 δὲ
3028 1828 3127 1902 τὴν
3173 1828 3344 1901 αὐτὴν
3380 1828 3493 1899 ἔχει
3524 1828 3775 1882 διάνοιαν
3807 1838 3826 1855 '

533 1911 664 1965 tiam
689 1912 888 1965 cadunt
914 1929 927 1964 :
965 1909 1198 1966 «Videns
1224 1910 1392 1970 enim,
1417 1911 1612 1981 inquit,
1637 1910 1904 1967 Dominus
1929 1911 2072 1969 Deus
2101 1928 2115 1965 :

532 2004 680 2074 quod
714 2003 1000 2074 completa!
1056 2004 1567 2073 essent‘nequitize
1623 2003 1905 2061 hominum
1956 2021 2123 2077 super

533 2109 756 2161 terram,
801 2105 857 2152 et
903 2096 1048 2167 quod
1114 2096 1495 2167 unusquisque
1547 2099 1697 2152 omni
1764 2108 2010 2168 tempore
2064 2098 2119 2153 in

532 2187 703 2244 corde
734 2204 837 2247 suo
870 2189 1112 2245 intentus
1144 2196 1289 2245 esset
1312 2189 1379 2243 ad
1414 2190 1579 2256 mala,
1628 2191 1886 2261 paenituit
1926 2189 2117 2260 Deum,

532 2280 681 2351 quod
710 2280 928 2337 fecisset
960 2281 1236 2336 hominem
1262 2296 1427 2350 super
1452 2281 1760 2337 terram.Et
1778 2282 1915 2337 dixit
1937 2283 2118 2339 Deus:

536 2372 740 2427 Deleho
779 2372 1055 2427 hominem
1099 2387 1263 2443 quem
1297 2373 1421 2436 feci,
1466 2390 1495 2429 a
1557 2372 1697 2428 facie
1724 2383 1904 2438 terrae,
1930 2373 1999 2429 ab
2025 2375 2123 2430 ho-

534 2464 684 2519 mine
706 2480 881 2535 usque
908 2465 974 2520 ad
1009 2480 1195 2535 pecus.
1218 2476 1270 2521 et
1302 2481 1332 2520 a
1355 2466 1639 2536 reptilibus
1669 2480 1843 2534 usque
1873 2463 1941 2520 ad
1968 2465 2121 2520 vola-

534 2556 652 2610 tilia
674 2556 823 2619 cmli,
864 2556 992 2626 quia
1018 2558 1246 2626 paenitet
1275 2572 1382 2620 me,
1416 2557 1560 2626 quod
1594 2555 1814 2612 fecerim
1844 2556 1993 2627 ipsos
2017 2557 2114 2612 τ’.»

534 2646 726 2718 Etipsi
768 2647 883 2704 Noe
905 2649 1043 2704 dixit
1077 2650 1274 2705 iterum
1318 2664 1333 2701 :
1370 2668 1389 2701 ι
1420 2648 1574 2706 Finis
1609 2650 1884 2705 universa:
1933 2651 2122 2707 carnis

534 2742 685 2795 venit
712 2756 897 2797 coram
929 2756 1036 2797 me.
1078 2740 1219 2808 Quia
1252 2741 1457 2811 repleta
1496 2750 1582 2796 est
1630 2751 1773 2796 terra
1836 2742 2122 2812 iniquitate

531 2832 804 2905 ipsorum,
833 2851 962 2892 ecce
988 2835 1245 2907 disperdo
1274 2850 1392 2899 eos,
1426 2844 1481 2891 et
1508 2842 1708 2889 terram
1730 2842 1778 2889 ⁸.
1801 2853 1821 2886 ι
1858 2834 1983 2890 llaec
2015 2835 2123 2889 uti-

531 2942 642 2999 que
666 2928 849 2983 omnia
909 2928 1154 2984 indicant
1209 2926 1461 2982 homines
1496 2941 1619 2981 esse
1667 2926 1759 2996 qui
1810 2928 1973 2981 vitam
2010 2927 2122 2981 ini-

530 3033 698 3089 quam
727 3018 964 3089 amplexi
1016 3027 1165 3074 sunt.
1202 3017 1358 3084 Quod
1395 3018 1442 3074 si
1495 3017 1670 3088 angeli
1703 3018 1918 3075 filiabus
1943 3018 2124 3075 homi-

533 3125 664 3165 num
702 3108 947 3179 permisti
978 3117 1182 3174 essent,
1239 3108 1491 3163 homines
1552 3108 1622 3163 ab
1671 3108 1882 3179 angelis
1934 3118 2121 3165 essent

533 3201 737 3269 injuria
778 3200 981 3266 aﬂ‘ccti,
1016 3201 1145 3271 quia
1195 3200 1247 3255 vi
1294 3202 1488 3255 horum
1527 3200 1666 3257 filias
1718 3201 2117 3272 corrupissent.
2150 3195 2192 3252 C

532 3291 795 3363 lnjuriam
832 3307 1055 3363 quoque
1111 3293 1260 3362 passi
1316 3302 1500 3348 essent
1545 3308 1574 3347 a
1617 3292 1727 3347 Deo
1760 3302 2028 3356 creatore,
2056 3309 2125 3348 eo

534 3385 683 3454 quod
714 3399 813 3455 pro
842 3385 1072 3455 angelis,
1094 3386 1187 3455 qui
1210 3384 1489 3442 libidinosi
1523 3384 1761 3451 fuerant,
1799 3386 1903 3455 ipsi
1947 3387 2121 3455 puniti

533 3484 739 3530 essent.
774 3471 979 3529 verum
1038 3472 1174 3541 haec,
1216 3484 1276 3530 ut
1305 3473 1565 3541 arbitror,
1606 3491 1675 3530 ne
1704 3483 1858 3546 pater
1899 3475 2121 3543 quidem

537 3565 808 3623 mendacii
855 3565 1037 3621 dicere
1068 3565 1314 3624 auderet.
1358 3565 1540 3623 Multis
1584 3566 1730 3622 enim
1755 3566 1943 3622 docuit
1967 3582 2125 3623 sacra

537 3658 820 3730 Scriptura
862 3666 979 3714 tum
1032 3658 1284 3715 homines
1330 3658 1652 3728 deliquisse,
1693 3667 1809 3715 tum
1856 3661 2125 3716 adversus

535 3767 634 3807 eos
657 3752 898 3807 divinam
952 3752 1276 3809 sententiam
1326 3766 1449 3808 esse
1480 3751 1667 3807 latam.
1705 3751 1976 3808 Caeterum
2009 3752 2125 3823 ple-

535 3846 696 3917 rique
724 3846 930 3901 idcirco
956 3842 1023 3901 in'
1061 3845 1422 3917 ignorantiam
1454 3844 1725 3913 incidunt,
1762 3846 1912 3911 quod
1970 3845 2122 3902 Scri-

537 3943 753 4007 pturam
780 3936 1045 4006 divinam.
1070 3937 1370 3994 oscitanter
1400 3937 1605 4007 legant.
1639 3937 1776 3993 Nam
1831 3952 1957 3993 cum
1995 3953 2125 3992 nar-

534 4040 714 4087 rasset
740 4029 942 4097 Moses,
964 4031 1242 4102 quomodo
1267 4030 1397 4086 Seth
1426 4048 1492 4086 ex
1520 4031 1729 4086 Adamo
1760 4040 1923 4086 natus
1955 4040 2122 4095 esset,

535 4137 603 4179 ex
637 4122 768 4179 Seth
797 4135 980 4178 autem
1034 4122 1207 4191 Enos,
1236 4123 1525 4194 subiunxit
1557 4139 1571 4177 :
1608 4141 1628 4175 ι
1653 4123 1745 4178 llle
1771 4123 2012 4193 speravit
2040 4123 2125 4177 in-

535 4229 738 4270 vocare
789 4215 904 4286 ϐο
939 4230 1138 4271 nomen
1178 4214 1394 4270 Domini
1445 4213 1541 4269 Dei
1568 4216 1654 4267 ι.»
1697 4214 1855 4281 Quod
1898 4214 2121 4286 quidem

535 4308 735 4380 Aquila
759 4308 1148 4380 interpretatus
1164 4317 1250 4365 est
1270 4310 1369 4365 sic.
1412 4327 1430 4360 ι
1458 4309 1614 4365 Tunc
1635 4319 1871 4380 emptum
1898 4319 1983 4366 est
2024 4326 2122 4365 vo-

535 4400 651 4456 cari
676 4399 899 4456 nomine
933 4400 1170 4456 Domini.
1196 4418 1219 4455 ι
1263 4400 1588 4457 Subindicat
1610 4410 1791 4456 autem
1809 4416 1989 4458 sermo
2010 4401 2120 4469 ille,

2234 1945 2253 1978 ι
2294 1924 2439 1980 Ἰδὼν
2468 1926 2601 1998 γὰρ,
2629 1925 2785 1996 φησὶ,
2824 1924 3032 1995 Κύριος
3063 1923 3093 1975 ὁ
3113 1921 3267 1986 Θεὸς,
3296 1921 3378 1975 ὅτι
3404 1920 3834 1992 ἐπληθύνθησαν

2226 2019 2283 2071 al
2329 2017 2520 2071 κακίαι
2567 2016 2678 2069 τῶν
2726 2014 3032 2087 ἀνθρώπων
3076 2014 3171 2066 ἐπὶ
3199 2012 3297 2083 τῆς
3318 2014 3444 2085 γῆς,
3472 2013 3569 2066 καὶ
3593 2015 3702 2077 πᾶς
3733 2029 3835 2077 τις

2225 2112 2518 2167 διανοεῖται
2545 2110 2601 2163 ἐν
2634 2110 2702 2180 τῇ
2734 2108 2936 2178 καρδίᾳ
2980 2104 3149 2175 αὐτοῦ
3191 2104 3473 2176 ἐπιμελῶς
3497 2107 3593 2160 ἐπὶ
3615 2106 3685 2160 τά
3720 2122 3835 2161 πο-

2226 2204 2370 2277 νηρὰ
2404 2201 2585 2267 πάσας
2608 2200 2709 2264 τὰς
2740 2200 2957 2273 ἡμέρας
2981 2198 3116 2271 (At),
3144 2198 3242 2253 καὶ
3276 2197 3588 2269 ἐνεθυμήθη
3611 2200 3640 2251 ὁ
3660 2197 3830 2264 Θεὸς,

2227 2296 2309 2349 ὅτι
2342 2295 2570 2364 ἐποίησε
2610 2293 2701 2347 τὸν
2730 2292 3023 2363 ἄνθρωπον
3052 2289 3145 2345 ἐπὶ
3180 2290 3282 2360 τῆς
3311 2290 3438 2361 γῆς.
3474 2291 3588 2343 Καὶ
3617 2284 3774 2343 εἶπεν
3798 2291 3836 2344 ὁ

2226 2386 2381 2453 Θεὸς,
2407 2384 2694 2455 ἀπαλείψω
2707 2382 2799 2437 τὸν
2821 2382 3108 2453 ἄνθρωπον
3135 2381 3195 2435 δν
3228 2381 3464 2451 ἐποίησα
3508 2380 3616 2433 ἀπὸ
3643 2395 3833 2450 προσ-

2227 2479 2381 2534 ώπου
2407 2478 2508 2548 τῆς
2532 2477 2660 2547 γῆς,
2706 2477 2816 2532 ἀπὸ
2837 2474 3129 2546 ἀνθρώπου
3159 2473 3266 2537 ἐως
3290 2474 3546 2544 κτήνους,
3586 2472 3681 2524 καὶ
3712 2471 3835 2527 ἀπὸ

2228 2567 2475 2638 ἑρπετῶν
2507 2566 2612 2629 ἕως
2667 2564 2932 2620 πετεινῶν
2962 2563 3058 2618 τοῦ
3119 2562 3373 2633 οὐρανοῦ,
3428 2563 3511 2617 ὅτι
3553 2561 3833 2617 ἐνεθυπὰ-

2227 2658 2327 2730 θην
2349 2658 2460 2729 (45)
2491 2659 2572 2712 ὅτι
2608 2657 2843 2728 ἐποίησα
2887 2655 3106 2720 αὐτούς.
3144 2674 3167 2709 ο
3202 2656 3316 2709 Καὶ
3364 2653 3447 2726 τῷ
3496 2653 3625 2707 Νῶε
3653 2651 3832 2709 πάλιν

2226 2750 2353 2821 ἔφη·
2413 2770 2431 2803 ι
2461 2749 2669 2821 Καιρὸς
2706 2749 2909 2813 παντὸς
2941 2747 3237 2819 ἀνθρώπου
3260 2748 3387 2819 ἥκει
3408 2747 3653 2801 ἐναντίον
3677 2763 3778 2816 μου
3803 2760 3826 2778 ο

2225 2846 2309 2900 ὅτι
2332 2844 2581 2915 ἐπλήσθη
2606 2846 2640 2916 ἡ
2664 2845 2735 2916 γῆ
2769 2844 2987 2907 ἀδικίας
3015 2844 3112 2897 ἀπ’
3140 2843 3323 2896 αὐτῶν
3349 2856 3363 2874 ·
3395 2841 3494 2895 καὶ
3523 2839 3636 2894 ίδοῖι
3655 2856 3830 2893 κατα-

2228 2936 2436 3007 φθείρω
2466 2936 2686 2999 αὐτοὺς,
2718 2937 2814 2991 καὶ
2849 2937 2952 3007 τὴν
2981 2938 3105 3007 γῆν.
3147 2953 3167 2987 ι
3203 2933 3392 2988 Ταῦτα
3420 2931 3480 2986 δέ
3515 2932 3696 2986 πάντα
3720 2931 3827 2985 ἀν-

2228 3027 2481 3099 θρώπους
2508 3022 2650 3082 εἷναι
2671 3026 2843 3095 δηλοῖ,
2874 3027 3003 3090 τοὺς
3039 3026 3135 3080 τὸν
3174 3024 3498 3097 παράνομον
3541 3022 3657 3093 βίον
3683 3023 3831 3092 ἠγα-

2228 3118 2496 3188 πηκότας.
2533 3119 2598 3172 Et
2626 3117 2683 3171 δὲ
2709 3116 2937 3186 ἄγγελοι
2985 3118 3106 3180 ταῖς
3139 3114 3248 3169 τῶν
3275 3114 3585 3186 ἀνθρώπων
3619 3111 3826 3183 ἐπεμί-

2226 3225 2404 3279 γησαν
2425 3208 2787 3279 θυγατράσιν,
2821 3208 3111 3281 ἠδίκηνται
3145 3210 3197 3261 οί
3227 3207 3510 3278 ἂνθρωποι
3538 3205 3692 3278 παρά
3706 3204 3828 3260 τῶν

2226 3299 2483 3369 ἀγγέλων
2511 3317 2526 3333 ο
2563 3300 2656 3371 βία
2698 3300 2811 3372 γάρ
2856 3299 3105 3371 δηλονότι
3142 3300 3243 3362 τάς
3274 3298 3482 3352 τούτων
3510 3297 3829 3367 θυγατέρας

2225 3392 2547 3463 διέφθειραν
2568 3406 2582 3422 ⁸
2612 3392 2902 3463 ἠδίκηνται
2933 3392 2991 3446 δὲ
3017 3392 3114 3447 καὶ
3145 3390 3298 3463 παρὰ
3324 3390 3420 3444 τοῦ
3451 3388 3828 3460 πεποιηκότος

2225 3485 2387 3550 Θεοῦ,
2416 3484 2557 3554 ὑπὲρ
2588 3484 2837 3554 ἀγγέλων
2858 3484 3302 3553 λελαγνευκότων
3335 3483 3492 3536 αὐτοὶ
3514 3480 3629 3552 (46)
3655 3480 3829 3534 κολα-

2226 3576 2466 3647 ζόμενοι.
2504 3576 2667 3629 Ἀλλά
2713 3575 2890 3631 ταῦτα
2933 3575 3056 3629 οὐδέ
3103 3573 3270 3629 αὐτὸν
3317 3572 3433 3644 (47)
3467 3568 3621 3643 οἶμαι
3648 3571 3827 3640 φάναι

2224 3666 2499 3738 τολμῆσαι
2524 3668 2618 3722 τὸν
2649 3667 2746 3722 τοῦ
2770 3667 3003 3739 ψεύδους
3036 3668 3272 3738 πατέρα.
3312 3665 3412 3720 Διά
3452 3664 3664 3719 πολλῶν
3707 3662 3827 3737 γὰρ

2225 3758 2470 3823 ἐδίδαξεν
2494 3760 2529 3831 ἡ
2546 3758 2666 3813 θεία
2690 3759 2908 3831 Γραφὴ,
2940 3760 3037 3813 καὶ
3053 3757 3380 3830 ἀνθρώπους
3395 3758 3428 3828 ἡ
3439 3755 3818 3827 μαρτηκέναι,

2226 3851 2324 3905 καὶ
2373 3852 2498 3905 κατ’
2545 3851 2853 3924 ἀνθρώπων
2903 3852 3005 3923 τὴν
3056 3851 3206 3905 θείαν
3233 3848 3587 3922 ἐξενηνέχθαι
3611 3849 3822 3919 ψῆφον.

2228 3944 2380 3997 Ποιεί
2412 3944 2471 3997 δέ
2497 3946 2607 4008 τοῖς
2639 3944 2856 4006 πολλοῖς
2888 3944 2990 4015 τὴν
3007 3944 3235 4012 ἄγνοιαν
3266 3943 3328 3997 τὸ
3359 3943 3657 4014 παρέργως
3682 3941 3828 3995 ἀνα-

2226 4032 2517 4104 γινώσκειν
2546 4035 2648 4107 τὴν
2669 4034 2818 4089 θείαν
2845 4037 3088 4107 Γραφήν.
3114 4035 3368 4107 Εἰρηκὼς
3385 4034 3496 4107 γάρ
3516 4035 3544 4087 δ
3571 4049 3824 4106 συγγρα-

2227 4125 2384 4195 φεὺς,
2433 4124 2583 4189 ὅπως
2632 4126 2697 4177 ἐκ
2738 4125 2839 4196 μὲν
2865 4125 2960 4178 τοῦ
3010 4124 3182 4196 Ἀδὰμ
3213 4127 3243 4179 ὁ
3281 4124 3389 4196 Σὴθ
3423 4124 3711 4195 ἐγεννήθη,
3752 4124 3822 4177 ἐκ

2225 4217 2284 4271 δέ
2316 4216 2413 4271 τοῦ
2461 4216 2572 4288 Σὴθ
2603 4219 2632 4270 ὁ
2673 4216 2858 4284 Ἐνὼς,
2901 4217 3266 4289 προσέθηκεν,
3302 4235 3322 4271 r
3358 4208 3531 4280 Οὗτος
3584 4215 3822 4287 ἤλπισεν

2225 4307 2606 4363 ἐπικαλεῖσθαι
2640 4308 2700 4362 τὸ
2722 4307 2895 4379 ὄνομα
2930 4307 3137 4379 Κυρίου
3160 4306 3256 4360 τοῦ
3284 4306 3420 4360 Θεοῦ
3444 4303 3580 4375 (48).
3617 4322 3635 4355 ›
3671 4301 3729 4357 ὐ
3758 4302 3821 4356 δέ

2237 4397 2658 4462 ’Λκύλαςοῦτως
2680 4399 2839 4453 τοῦτο
2863 4399 3232 4471 ήρμήνευσεν,
3275 4415 3295 4449 ι
3331 4396 3464 4449 Τότε
3518 4393 3697 4466 ήρχθη
3718 4390 3820 4445 τοῦ

535 4492 682 4562 quod
707 4500 930 4564 propter
959 4493 1211 4564 pietatem
1238 4492 1450 4563 primus
1491 4493 1580 4549 hic
1605 4491 1846 4548 divinam
1872 4494 2114 4565 appella-

2225 4489 2508 4544 καλεῖσθαι
2540 4489 2617 4561 τῷ
2648 4490 2876 4561 ὀνόματι
2905 4489 3016 4562 (49)
3056 4490 3266 4561 Κυρίου
3290 4505 3306 4522 ·
3341 4506 3360 4541 ι
3380 4486 3679 4541 αἰνίττεται
3707 4484 3769 4538 δέ
3790 4488 3822 4540 ὁ

536 4584 740 4641 tionem
771 4585 1000 4642 sortitus
1023 4593 1128 4649 est.
1155 4592 1212 4641 et
1238 4600 1269 4640 a
1298 4584 1546 4656 cognatis
1573 4595 1799 4641 vocatus
1819 4594 1902 4640 est
1928 4585 2074 4641 Deus
2098 4601 2113 4639 :

536 4673 684 4730 unde
714 4683 768 4731 et
802 4673 898 4747 qui
920 4689 987 4730 ex
1023 4688 1091 4731 eo
1119 4674 1237 4730 nati
1263 4682 1414 4739 sunt,
1458 4674 1637 4730 vocati
1685 4683 1815 4730 sunt
1844 4673 1949 4743 ﬁlii
1973 4673 2118 4730 Dei:

609 4800 635 4830 ι’
657 4788 796 4846 Gen.
818 4806 894 4853 vr,
926 4788 982 4844 5.
1060 4790 1118 4829 τ’
1141 4788 1303 4854 ibid.,
1329 4789 1445 4845 5.7.

2228 4582 2405 4651 λόγος,
2440 4582 2517 4646 ὡς
2546 4582 2637 4637 διά
2658 4582 2759 4654 τὴν
2781 4582 3069 4637 εὐσέϐειαν
3084 4574 3242 4646 οὗτος
3281 4580 3499 4651 πρῶτος
3525 4578 3627 4649 τῆς
3661 4576 3822 4642 θείας

2229 4675 2607 4747 προσηγορίας
2642 4664 3067 4747 τετύχηκε,’καὶ
3096 4673 3203 4729 ὑπὸ
3230 4673 3341 4728 τῶν
3368 4670 3649 4745 συγγενῶν
3673 4668 3821 4723 ὠνο-

1522 4798 1545 4827 9
1580 4788 1739 4855 ibid.,
1770 4788 1859 4844 15.
1940 4790 1957 4826 ¹
1988 4787 2125 4846 Gen.
2155 4803 2230 4855 iv,
2261 4786 2353 4845 26.

1389 4902 1625 4960 VARIE
1667 4903 2054 4963 LECTIONES
2107 4905 2203 4961 EX
2255 4903 2533 4963 CATENA
2565 4899 2934 4961 LIPSlENSl.

605 4995 656 5030 "
674 4995 795 5053 Cat.
828 5010 883 5055 ο.
911 4994 1036 5066 127,
1059 4995 1110 5051 εί
1133 4996 1244 5053 τῶν
1262 5026 1335 5038 -
1356 5000 1715 5070 κατηγοροῖεν
1753 5015 1866 5055 om.

2057 5092 2294 5150 nom.
2330 5054 2333 5057 D

608 5176 725 5249 (Η)
757 5176 1034 5247 Ἡμέρας.
1058 5175 1197 5233 Cod.
1221 5178 1519 5250 ἁμαρτίας.
1562 5179 1743 5239 Minus
1778 5182 1936 5239 bene.

609 5265 725 5334 (δῦ)
775 5263 1212 5335 Ἒνεθυμήθην.
1249 5266 1560 5322 Secundum
1594 5268 1882 5325 lectionem
1915 5272 2120 5330 codicis

534 5332 788 5391 Vaticani
815 5332 1255 5395 :Alexandrinus
1276 5344 1459 5391 autem
1488 5337 1671 5407 habet,
1698 5339 2007 5412 ἐθυμώθην.

614 5421 726 5501 (ιιξ)
746 5425 1018 5501 ιΛελαγνε
1051 5424 1246 5501 αὐτοί.
1277 5423 1423 5501 _Cod.
1457 5424 1903 5501 λελατρευκότων
1936 5430 2114 5486 αὐτοί.

539 5488 658 5547 Pic.
684 5488 1128 5564 λελατρευκότων
1163 5494 1334 5566 αὐτῷ.

615 5580 729 5653 (47)
758 5579 913 5638 οὐδὲ
941 5582 1151 5641 αὐτόν.
1185 5583 1317 5640 Cod.
1358 5592 1412 5640 et
1442 5583 1560 5641 Pic.
1591 5586 1763 5642 οὐδέν.

540 5734 555 5756 ε
579 5753 590 5756 _
751 5665 942 5756 οὖτος
958 5670 1137 5753 -τρῢ
1163 5671 1331 5755 Θεοῦ.
1356 5671 1556 5756 Multos
1589 5674 1780 5756 fefellit
1807 5675 1941 5756 falsa
1978 5676 2119 5756 LX_X

541 5746 905 5813 interpretum
938 5746 1139 5809 versio,
1173 5746 1262 5799 cui
1324 5746 1557 5802 omnino
1600 5746 1657 5801 b.
1716 5747 1750 5800 Ι.
1784 5747 2117 5818 pracferenda

2229 5194 2314 5242 est
2351 5183 2563 5256 Aquilae
2593 5184 2987 5253 interpretatio.
3179 5182 3326 5238 enim
3376 5197 3486 5237 non
3529 5182 3819 5242 descendit

2228 5306 2260 5347 a
2419 5291 2667 5361 sperauit,
2696 5290 2834 5347 seda
2853 5289 3025 5364 soluit,
3066 5272 3398 5375 vitim-epit.
3432 5286 3556 5345 Vid.
3583 5288 3815 5348 Drusius

2228 5396 2266 5451 l.
2298 5414 2349 5453 c.
2381 5413 2435 5453 ο.
2475 5397 2566 5452 9|.

2616 5467 2959 5549 Wefaoatl
2991 5465 3072 5533 τῷ
3115 5466 3382 5549 ὁνόμαξι.
3431 5463 3576 5549 .Cod‘.
3611 5473 3663 5549 et
3684 5461 3813 5549 Dic.

2231 5534 2327 5589 τοῦ
2359 5534 2542 5591 καλεῖν
2568 5540 2625 5591 ἐν
2651 5539 2897 5606 ὀνόματι.
2923 5536 2999 5592 lla
3030 5534 3249 5607 quoque
3286 5535 3513 5591 Drusius
3544 5534 3582 5588 1.
3611 5547 3811 5607 c.pag.

2233 5607 2320 5668 M,
2358 5607 2504 5668 legit.
2549 5607 2695 5662 “Cum
2756 5606 3141 5662 Sirmondiana
3182 5607 3410 5662 lectione
3461 5606 3718 5660 convenit
3743 5617 3815 5658 ea

2229 5692 2394 5749 quam
2410 5669 2715 5749 Montfauc.
2748 5678 2784 5733 l.
2819 5693 2867 5735 c.
2894 5693 2949 5749 p.
2974 5676 3067 5746 20,
3094 5678 3336 5742 exhibet,
3379 5676 3472 5733 ubi
3499 5686 3679 5731 tamen
3730 5669 3815 5728 le-

2228 5748 2376 5819 gitur
2400 5748 2460 5801 ἐν
2479 5747 2724 5820 ὀνόματι.
