4136 6426
351 404 451 471 149

1505 402 1785 471 ΟυιιΕδΤ.
1816 409 1899 469 ΙΝ
1933 408 2206 470 GENES.
2239 412 2398 473 CAP.
2440 411 2538 472 VI.

3552 405 3652 465 150

353 516 538 589 priqu
559 514 701 580 Θεός
723 530 737 544 ·
759 514 887 570 ὅθεν
904 516 953 569 oi
987 516 1053 570 ἐκ
1080 514 1274 569 τούτου
1294 513 1490 586 φύντες
1506 516 1613 569 υἱοὶ
1638 514 1773 569 Θεοῦ
1794 517 1955 585 ἐχρη-
1987 538 1999 572 Α

2085 504 2516 584 ιιιοιιιοιιηιοιῖιιηι
2569 526 2621 571 et
2656 530 2756 571 nos
2817 531 3037 587 quoque
3068 530 3131 569 cx
3180 513 3404 567 nomine
3437 512 3638 567 Chr'sti

355 607 614 683 μᾶτιζον·
650 610 850 677 ὥσπερ
882 607 947 681 δὴ
972 611 1071 663 καὶ
1107 610 1274 681 ἡμεῖς
1304 609 1369 661 ἐκ
1404 608 1504 679 τῆς
1541 607 1637 662 τοῦ
1678 607 1952 661 Δεσπότου

2085 605 2275 660 )omini
2309 621 2687 676 nuncupamur
2720 605 3040 663 Christiani.
3077 606 3231 673 Quod
3272 605 3320 659 si
3353 604 3478 669 quis
3509 603 3654 656 hunc

352 699 601 773 Χριστοῦ
640 700 1029 772 προσηγορίας
1067 700 1390 771 Χριστιανοὶ
1429 698 1766 769 καλούμεθα.
1799 699 1862 751 Εἰ
1900 696 1959 751 δέ

352 814 436 860 τις
453 795 677 865 ταύτην
706 794 774 848 οὐ
802 793 1023 864 δέχεται
1053 794 1155 864 τὴν
1180 792 1445 859 διάνοιαν,
1474 791 1565 846 διὰ
1593 792 1653 846 τὸ
1676 791 1769 845 τὸν
1802 789 1963 844 Ἀκύ-

353 888 454 941 λαν
476 886 664 951 οὕτως
694 885 1132 958 ήρμηνευκέναι,
1157 885 1446 939 ἀκουσάτω
1467 886 1562 937 τοῦ
1589 882 1725 936 Θεοῦ
1750 882 1837 935 διὰ
1857 882 1964 934 Δα-

356 981 445 1033 διδ
461 980 562 1033 τοῦ
591 980 885 1051 προφήτου
914 978 1172 1047 λέγοντος
1199 994 1215 1010 ·
1246 997 1267 1030 ‹
1310 976 1452 1046 Ἐγὼ
1478 972 1630 1043 εἶπα,
1662 975 1787 1029 Θεοί
1815 977 1960 1036 ἐστε,

355 1075 455 1129 καὶ
488 1073 604 1126 υἱοὶ
656 1072 923 1141 ’Υψίστου
950 1072 1179 1135 πάντες.
1213 1089 1233 1124 ι
1270 1071 1402 1135 Καὶ,
1435 1090 1454 1122 ι
1502 1070 1559 1125 '0
1583 1068 1717 1132 Θεὸς
1745 1068 1876 1138 ἔστη
1906 1068 1965 1120 ἐν

357 1165 666 1234 συναγωγῇ
721 1162 907 1229 θεῶν,
974 1163 1034 1217 ἐν
1094 1162 1245 1234 μέσῳ
1289 1161 1346 1215 δὲ
1393 1160 1551 1224 θεοὺς
1601 1160 1890 1231 διακρινεῖ.
1940 1175 1960 1208 ι

354 1256 519 1310 ὒῦτω
553 1254 615 1309 δὲ
645 1253 913 1326 ὀνομάζει
948 1254 1078 1317 τοὺς
1120 1253 1412 1324 ἄρχοντας,
1442 1253 1519 1315 ὡς
1538 1251 1689 1324 δηλοῖ
1720 1250 1789 1304 τὰ
1812 1249 1962 1319 ἐξῆς,

363 1365 385 1398 ι
407 1346 560 1409 Ἕως
599 1345 741 1399 ποτε
764 1345 984 1417 κρίνετε
1012 1344 1251 1411 ἀδικίαν,
1291 1343 1386 1397 καὶ
1404 1344 1673 1414 πρόσωπα
1704 1344 1968 1414 ἁμαρτω-

356 1439 468 1493 λῶν
497 1438 864 1509 λαμϐάνετες
896 1437 1132 1509 Κρίνετε
1161 1437 1387 1509 ὀρφανῷ
1408 1438 1505 1491 καὶ
1525 1435 1748 1507 πτωχῷ,
1773 1452 1968 1489 ταπει-

358 1530 448 1584 νὺν
475 1531 581 1584 καὶ.
611 1529 830 1601 πένητα
854 1528 1211 1593 δικαιώσατε,
1245 1547 1266 1582 ι
1298 1530 1392 1582 κα)⁸
1435 1528 1503 1582 τὰ
1555 1528 1701 1597 ἐξῆς.
1738 1528 1849 1581 Καὶ
1871 1523 1969 1581 αὗ-

358 1621 467 1685 θις,
501 1641 522 1673 ι
561 1621 706 1685 Θεὸς
740 1621 882 1674 θεῶν
914 1621 1120 1692 Κύριος
1158 1622 1410 1693 ἐλάλησε,
1458 1621 1553 1675 καὶ
1593 1621 1822 1675 ἐκάλεσε
1869 1620 1970 1692 τὴν

356 1714 483 1784 γῆν,
526 1733 549 1765 ι
587 1713 822 1766 Τούτων
855 1711 1039 1765 αὐτῶν
1070 1712 1313 1783 δηλονότι
1342 1713 1452 1766 τῶν
1474 1711 1661 1784 χάριτι
1682 1712 1782 1783 τῆς
1806 1728 1972 1782 προσ.

355 1804 602 1876 ηγορίας
640 1805 855 1874 ταύτης
888 1804 1235 1874 ἠξιωμένων.
1290 1803 1450 1858 Οὕτω
1491 1805 1588 1859 καὶ
1609 1807 1638 1858 ὁ
1667 1803 1971 1875 νομοθέτης

358 1898 522 1969 φησι,
545 1917 567 1949 ι
592 1898 778 1960 Θεοὺς
792 1897 857 1951 οὐ
873 1897 1297 1968 κακολογήσεις,
1325 1898 1421 1950 καὶ
1438 1896 1710 1969 ἄρχοντας
1733 1895 1848 1967 (50)
1873 1893 1972 1949 τοῦ

2067 696 2398 751 intellectum
2426 714 2529 751 non
2560 698 2768 768 recipit,
2811 707 3096 769 propterea
3130 700 3275 767 quod
3314 699 3429 751 lnrc
3481 695 3668 750 inter—-

2067 789 2299 860 pretatio
2328 790 2396 844 ab
2424 790 2618 860 Aquila
2668 790 2907 860 profecta
2964 800 3082 855 est,
3135 790 3307 845 Deum
3341 789 3528 844 audiat
3573 787 3658 841 dio

2068 891 2278 937 centem
2296 898 2391 953 per
2418 883 2740 952 prophetam
2776 883 2973 939 David:
2997 904 3015 937 ‹
3053 883 3168 952 Ego
3192 883 3306 937 dixi
3340 880 3460 937 :Dii
3496 880 3653 947 estis,

2068 987 2123 1030 et
2145 976 2237 1030 lilii
2273 977 2481 1033 Excelsi
2510 992 2700 1033 omnes
2717 989 2768 1034 ιι.
2803 996 2821 1029 ι
2853 978 2917 1033 Ει
2947 997 2959 1033 :
3002 998 3021 1031 ι
3053 978 3197 1033 Deus
3226 978 3375 1032 stetit
3403 977 3457 1030 in
3492 991 3656 1046 syna-

2071 1083 2205 1141 goga
2234 1070 2481 1137 deorum,
2529 1070 2581 1125 in
2619 1070 2802 1125 medio
2855 1080 3038 1125 autem
3081 1070 3214 1125 deos
3265 1069 3596 1139 dijudicet'.
3628 1086 3648 1118 ι

2074 1160 2166 1217 Sic
2195 1163 2342 1217 enim
2373 1164 2611 1234 appellat
2644 1165 2920 1235 principes
2971 1174 3026 1220 et
3074 1164 3451 1234 magistratus,
3483 1169 3541 1217 ut
3570 1177 3659 1217 se-

2072 1253 2294 1322 quentia
2344 1252 2624 1309 declarant
2660 1271 2673 1305 :
2708 1274 2727 1307 ι
2758 1255 3058 1324 Quousque
3088 1254 3351 1324 judicatis
3388 1253 3657 1323 iniquitad

2074 1352 2207 1410 tem,
2241 1353 2297 1401 et
2340 1344 2510 1401 facies
2558 1356 2912 1416 peccatorum
2977 1347 3230 1403 sumitis?
3283 1346 3535 1401 iudicate
3567 1362 3659 1399 or-

2072 1438 2257 1508 phano
2271 1446 2326 1493 et
2346 1451 2536 1509 egeno,
2567 1433 2830 1495 humilem
2849 1449 2902 1495 et
2932 1454 3226 1511 pauperem
3263 1438 3654 1509 justilicatexu

2075 1539 2128 1585 et
2156 1546 2280 1600 qua:
2310 1540 2634 1600 sequuntur.
2659 1532 2725 1586 Et
2759 1532 2955 1586 iterum
2998 1550 3012 1587 :
3052 1551 3070 1584 ι
3121 1531 3264 1586 Deus
3299 1532 3526 1585 deorum
3553 1529 3657 1585 Do-

2076 1626 2263 1679 minus
2303 1624 2518 1679 locutus
2562 1635 2666 1689 est,
2715 1634 2768 1679 et
2800 1625 3018 1679 vocavit
3064 1630 3264 1678 terram
3282 1633 3331 1677 γ.
3379 1642 3397 1675 ι
3434 1621 3654 1688 Illorum

2077 1731 2294 1786 nempe,
2317 1716 2410 1787 qui
2439 1717 2589 1788 digni
2623 1717 2793 1773 habiti
2824 1727 2954 1773 sunt
2984 1718 3086 1772 hac
3114 1717 3496 1788 appellationis
3535 1731 3661 1787 gra—

2080 1809 2173 1863 tia.
2207 1808 2298 1864 Sic
2337 1817 2392 1863 et
2421 1809 2701 1881 legislator
2757 1811 2866 1865 ait:
2901 1828 2920 1862 ι
2962 1808 3078 1864 Diis
3123 1825 3230 1865 non
3289 1809 3568 1873 dctrahes,
3611 1814 3666 1861 et

2082 1901 2421 1971 principibus
2444 1903 2630 1972 populi
2670 1903 2750 1958 tui
2778 1918 2890 1957 non
2944 1902 3297 1959 maledices‘.
3325 1920 3343 1954 ι
3384 1901 3463 1956 llli
3502 1901 3668 1972 igitur

517 2010 620 2046 σου
646 1993 756 2046 οὐκ
775 1994 923 2063 ἐρεῖς
955 1967 1162 2056 κακῶς.
1194 2010 1213 2044 ›
1239 1967 1503 2053 Κάκεῖνοι
1517 1967 1703 2046 τοίνυν
1721 1991 1797 2055 ὡς
1818 1990 1973 2044 εὐσεο

2085 1994 2268 2060 etiam,
2314 2002 2576 2065 tanquam
2606 1995 2681 2066 pii
2710 2006 2765 2052 et
2797 1997 2950 2061 boni,
3001 1995 3377 2066 cognominati
3417 1967 3548 2052 sunt
3573 1995 3665 2049 lilii

360 2087 479 2149 σείς
509 2085 935 2157 ὠνομάσθησαν
988 2084 1099 2140 uici.
1140 2084 1239 2139 τοῦ
1267 2084 1428 2142 Θεοῦ.
1467 2084 1839 2156 Ἐκεχώριστο
1867 2084 1979 2153 γὰρ

360 2179 456 2233 τοῦ
490 2178 608 2249 Σὴθ
655 2179 721 2232 τὸ
764 2179 949 2246 γένος,
984 2178 1083 2232 καὶ
1119 2178 1223 2232 οὐκ
1264 2178 1600 2248 ἐπεμίγνυτο
1636 2177 1754 2240 τοῖς
1790 2177 1857 2230 ἐκ
1881 2174 1978 2229 τοῦ

360 2270 525 2337 Κάῖν,
545 2269 644 2323 διὰ
671 2268 780 2339 τὴν
807 2267 1199 2338 ἐπενεχθεῖσαν
1222 2267 1375 2338 αὐτῷ
1398 2267 1552 2338 παρὰ
1580 2265 1676 2321 τοῦ
1702 2264 1841 2320 Θεοῦ
1871 2264 1979 2320 τῶν

359 2364 502 2417 ὅλων
538 2362 714 2435 ἀράν.
763 2360 933 2414 Ἀλλὰ
957 2361 1155 2433 χρόνου
1192 2359 1391 2432 συχνοῦ
1426 2359 1735 2423 διελθόντος
1757 2375 1774 2392 ο
1811 2357 1981 2430 (μετὰ

359 2454 590 2511 πλείονα
645 2453 763 2525 γὰρ
804 2452 840 2522 ἦ
888 2452 1125 2523 δισχίλια
1166 2450 1264 2522 ἐτη
1314 2451 1406 2505 τὸν
1446 2451 1834 2521 κατακλυσμὸν
1875 2436 1982 2504 ἐπ-

364 2550 576 2620 ήγαγεν
592 2549 624 2601 ὁ
645 2544 834 2615 Θεὸς),
854 2543 1090 2608 εὐειδεῖς
1112 2543 1438 2614 θεασάμενοι
1458 2543 1559 2615 τῆς
1582 2543 1675 2595 τοῦ
1688 2542 1831 2596 Κάῖν
1847 2558 1982 2611 συγ-

369 2640 593 2707 γενείας
624 2638 729 2700 τὰς
779 2634 1120 2713 θυγατέρας,
1166 2635 1262 2688 καὶ⁵
1291 2632 1778 2705 καταθελχθέντες,
1810 2633 1887 2697 ὡς
1912 2634 1984 2688 si—

374 2732 495 2794 κὸς,
538 2733 658 2794 τοῖς
697 2728 834 2799 παρ’
873 2728 1063 2783 αὐτῶν
1110 2726 1445 2797 ἐπινοηθεῖσι
1485 2727 1769 2798 μουσικοῖς
1809 2726 1980 2798 ὀργά⁹

384 2837 504 2883 νοις
535 2822 590 2891 (ὁ
614 2822 719 2893 γὰρ
757 2820 982 2875 ’1ου6ὰλ
1029 2818 1093 2885 ἐξ
1137 2819 1320 2874 αὐτῶν
1368 2819 1634 2890 ἀνθήσας,
1681 2818 1983 2889 ψαλτήριον

396 2912 501 2965 κα).
524 2910 753 2982 κιθάραν
771 2911 1137 2981 κατέδειξεν),
1168 2911 1515 2984 ἐπεμίγησαν
1543 2911 1758 2974 αὐταῖς,
1791 2911 1887 2964 καὶ
1906 2912 1983 2964 δι-

400 3002 664 3075 έφθειραν
689 3003 781 3074 τὴν
822 3004 1047 3058 οἰκείαν
1091 3003 1376 3073 εὐγένειαν
1402 3020 1417 3036 ο
1455 3003 1550 3057 καὶ
1582 3002 1654 3057 τὰ
1693 3003 1835 3058 αὐτὰ
1868 3005 1983 3068 τοῖς

410 3093 762 3163 Ἰσραηλίταις
796 3094 1134 3165 ὑπέμειναν,
1162 3090 1218 3148 οἳ
1234 3096 1357 3159 ταῖς
1379 3094 1488 3147 τῶν
1514 3092 1866 3148 Μαδιανιτῶν
1888 3092 1985 3147 θυ-

385 3184 625 3255 γατράσι
655 3186 936 3255 μιγέντες,
961 3183 1059 3238 καὶ
1106 3186 1206 3255 τῆς
1232 3184 1453 3239 ἐκείνων
1497 3184 1819 3247 δυσσεϐείας
1854 3199 1985 3255 μετ-

2080 2084 2199 2143 Dei.
2234 2086 2558 2158 Separatum
2601 2089 2748 2143 enim
2785 2098 2904 2144 erat
2928 2104 3101 2160 genus
3127 2089 3280 2153 Scth,
3313 2098 3367 2144 et
3397 2104 3505 2143 non
3545 2103 3664 2158 per-

2080 2176 2568 2234 miscebatur‘cum
2601 2178 2933 2249 cognatione
2987 2178 3144 2241 Cain,
3190 2187 3413 2249 propter
3456 2177 3664 2232 illatam

2082 2268 2152 2324 ab
2177 2270 2423 2324 omnium
2460 2268 2569 2325 Deo
2595 2269 3061 2325 maledictionem.
3091 2269 3261 2324 Multo
3308 2277 3489 2322 autem
3548 2278 3670 2338 post

2078 2371 2329 2432 tempore
2360 2362 2508 2430 (nam
2550 2375 2671 2432 post
2714 2376 2889 2417 annos
2943 2363 3065 2432 plus
3106 2361 3190 2417 bis
3222 2362 3369 2415 mille
3400 2360 3666 2414 diluvium

2081 2453 2300 2508 induxit
2330 2451 2517 2525 Deus),
2550 2454 2798 2509 videntes
2829 2454 2973 2509 lilias
3008 2452 3351 2523 cognationis
3381 2450 3514 2506 Caiu
3547 2466 3672 2521 spe-

2083 2547 2290 2613 ciosas,
2330 2555 2383 2601 et
2414 2547 2602 2614 illecti,
2638 2557 2700 2602 ιιι
2735 2548 3033 2604 verisimile
3059 2549 3164 2619 61
3194 2559 3303 2611 est,
3334 2548 3672 2600 instrumen-

2086 2638 2158 2692 tis
2186 2639 2413 2695 musicis
2439 2639 2508 2694 ab
2561 2639 2640 2693 eis
2670 2639 2996 2710 excogitatis
3025 2638 3207 2708 (Jubal
3233 2638 3379 2691 enim
3414 2652 3479 2691 ex
3536 2636 3672 2705 ipsis

2086 2738 2385 2801 prognatus
2415 2729 2735 2798 psalterium
2773 2739 2827 2784 et
2881 2731 3149 2785 citharam
3187 2729 3518 2797 invenerat),
3551 2743 3674 2797 per-

2086 2822 2234 2876 misti
2254 2829 2382 2877 sunt
2411 2821 2610 2886 illis,ct
2631 2821 3078 2876 contaminarunt
3102 2836 3258 2876 suam
3284 2820 3620 2874 nobilitatem
3653 2835 3667 2869 :

2084 2922 2141 2969 et
2171 2915 2360 2970 eadem
2397 2915 2641 2985 perpessi
2691 2923 2839 2976 sunt.
2869 2930 2992 2985 qua;
3027 2913 3307 2980 lsraelitre,
3333 2914 3425 2982 qui
3461 2910 3669 2966 “adia-

2088 3003 2327 3058 nitarum
2362 3003 2580 3058 ﬁliabus
2610 3003 2875 3073 permisti,
2903 3011 2956 3057 et
2984 3001 3281 3072 impietatis
3304 3015 3495 3056 eorum
3545 3015 3673 3069 par-

2088 3096 2280 3165 ticipes
2308 3091 2435 3148 facti
2475 3100 2624 3158 sunt,
2650 3102 2704 3147 et
2730 3092 2973 3147 divinam
3012 3091 3276 3146 ultionem
3308 3088 3671 3159 pertulerunt.

2088 3184 2163 3241 De
2194 3186 2281 3241 his
2306 3170 2523 3240 divinus
2552 3184 2718 3239 David
2752 3183 2932 3254 inquit
2969 3201 2983 3238 :
3019 3201 3039 3235 ι
3068 3181 3320 3237 Permisti
3359 3188 3488 3235 sunt
3537 3179 3678 3232 inter

380 3274 565 3345 ἔσχον,
600 3275 703 3328 καὶ
737 3275 1016 3347 θεήλατον
1036 3274 1313 3345 τιμωρίαν
1359 3274 1629 3342 ἐδέξαντο.
1677 3274 1817 3347 Περὶ
1857 3272 1986 3327 τού-

2089 3286 2299 3348 gentes,
2351 3286 2405 3332 et
2447 3275 2754 3330 didicerunt
2801 3288 2967 3342 opera
3010 3286 3227 3338 eorum,
3280 3279 3335 3326 et
3371 3269 3680 3325 servierunt

379 3383 488 3419 των
511 3366 609 3418 καὶ
639 3369 670 3419 ὁ
703 3366 855 3430 θεῖος
898 3365 1008 3434 ἔφη
1040 3364 1231 3431 Δαόὶδ,
1270 3384 1288 3417 ι
1324 3366 1435 3418 Καὶ
1476 3366 1750 3435 ἐμίγησαν
1780 3365 1839 3418 ἐν
1872 3366 1986 3430 τοῖς

376 3456 582 3521 ἔθνεσι,
608 3459 711 3511 καὶ
752 3457 968 3527 ἔμαθον
1005 3457 1242 3528 τὰ,ἓργα
1285 3457 1488 3523 αὐτῶν,
1524 3458 1618 3511 κα)⁸
1661 3456 1989 3510 ἐδούλευσαν

376 3550 493 3611 τοῖς
517 3547 793 3615 γλυπτοῖς
831 3548 1040 3603 αὐτῶν.
1072 3566 1092 3600 ι
1128 3547 1317 3611 Οῦτως
1347 3549 1396 3602 oi
1437 3550 1503 3602 ἐκ
1541 3548 1636 3602 τοῦ
1670 3549 1777 3620 Σὴθ
1802 3548 1864 3603 τὸ
1892 3548 1990 3618 γέ-

376 3655 472 3702 νος
510 3641 885 3709 κατάγοντες,
929 3639 1099 3693 πάλαι
1145 3639 1246 3710 μὲν
1274 3640 1350 3704 ὡς
1381 3641 1586 3712 ἀρετῆς
1619 3639 1991 3711 ἐπιμελούμε-

379 3747 464 3785 νοι
520 3731 637 3785 υἱοὶ
683 3730 830 3784 Θεοῦ
875 3730 1284 3803 ἐχρημάτιζοψ
1323 3733 1429 3787 ὑπὸ
1463 3734 1520 3787 δὲ
1559 3734 1660 3804 τῆς
1694 3733 1846 3805 ὥρας
1880 3734 1990 3790 τῶν

381 3823 626 3877 ἀνοσίων
655 3823 950 3893 γυναικῶν
979 3824 1384 3891 δελεασθέντες,
1434 3825 1722 3896 συνέχειαν
1752 3827 1851 3897 μὲν
1872 3825 1993 3879 δια-

381 3916 706 3985 κεκριμένα
732 3916 806 3969 τὰ
829 3916 965 3987 γένη
992 3933 1006 3947 ·
1041 3917 1252 3986 καρπὸν
1277 3917 1465 3989 (51)δέ
1496 3918 1865 3990 κληρονομίας
1889 3919 1990 3990 τὴν

382 4008 783 4079 πανωλεθρίαν
834 4008 1108 4073 ἐδέξαντο.
1155 4011 1366 4064 Ἐκεῖνο
1417 4010 1603 4081 μέντοι
1627 4010 1676 4042 ⁸⁸
1713 4010 1992 4083 ἐπισημή-

384 4101 593 4154 νασθαι
625 4102 764 4172 χρὴ,
791 4100 869 4165 ὼς
903 4103 1003 4173 οὐχ
1032 4102 1220 4167 ἁπλῶς
1262 4102 1444 4157 αὐτῶν
1478 4104 1759 4175 ἁμαρτίαν
1785 4105 1814 4156 ὁ
1851 4104 1994 4168 θεῖος

385 4191 549 4258 λόγος
565 4197 883 4263 κατηγορεῖ
900 4212 918 4226 ο
938 4194 1074 4247 ἀλλὰ
1094 4195 1194 4264 τὴν
1229 4194 1348 4265 μετ’
1364 4195 1686 4265 ἐπιμελείας
1715 4197 1810 4250 καὶ
1829 4213 1997 4249 σπου-

389 4284 484 4353 δῆς
519 4284 908 4355 παρανομίαν.
934 4284 1108 4339 Τοῦτο
1138 4288 1248 4359 γὰρ
1273 4286 1427 4357 δηλοῖ
1457 4286 1539 4355 τὸ,
1567 4305 1588 4339 ι
1622 4288 1739 4351 Πᾶς
1761 4304 1849 4352 τις
1877 4288 1997 4341 δια-

392 4380 603 4431 νοεῖται
633 4378 696 4430 ἐν
731 4380 800 4450 τῇ
834 4379 1037 4450 καρδίᾳ
1069 4378 1239 4433 αὑτοῦ
1266 4378 1545 4452 ἐπιμελῶς
1571 4381 1663 4434 ἐπὶ
1693 4380 1761 4436 τὰ
1784 4379 2000 4452 πονηρὰ

394 4470 581 4532 πασας
611 4471 719 4533 τὰς
768 4470 1007 4540 ἡμέρας.
1060 4489 1081 4523 ι
1127 4472 1194 4525 Oi
1235 4472 1336 4542 μὲν
1391 4472 1504 4543 γὰρ
1548 4472 2001 4544 δυσχεραίνοντες

394 4560 494 4630 τῆς
528 4560 827 4632 ἁμαρτίας
858 4562 959 4632 τὴν
992 4563 1326 4634 προσϐολὴν,
1355 4562 1664 4634 ἡττώμενοι
1701 4564 1760 4618 δὲ
1785 4563 1874 4617 διὰ
1901 4562 2002 4635 τὴν

2092 3366 2439 3437 sculptilibus
2469 3380 2659 3422 eorum
2682 3377 2731 3429 ει.
2764 3382 2784 3417 ι
2821 3364 2912 3420 Sic
2939 3373 2995 3420 et
3033 3362 3089 3417 hi
3115 3362 3208 3433 qui
3241 3376 3309 3417 ex
3369 3358 3540 3415 Setbo
3583 3374 3678 3430 ge—

2093 3475 2199 3515 nus
2234 3458 2530 3524 duxerunt,
2576 3458 2706 3514 olim
2751 3457 2995 3527 quidem,
3026 3462 3088 3510 ut
3118 3455 3384 3509 virtutum
3425 3450 3677 3514 studiosi,

2092 3542 2433 3607 vocabantur
2471 3549 2566 3605 lilii
2607 3549 2723 3604 Dei.
2752 3546 2956 3603 Verum
3018 3547 3357 3617 impurarum
3391 3543 3677 3598 mulierum

2096 3642 2508 3715 pulchritudine
2561 3640 2702 3711 capti
2750 3638 3120 3695 confuderunt
3170 3636 3407 3691 familias
3471 3633 3676 3704 alioqui

2099 3737 2406 3802 distinctas,
2436 3742 2488 3790 et
2512 3749 2610 3804 pro
2653 3732 2833 3788 fructu
2867 3731 3213 3787 haereditario
3240 3743 3535 3784 commune
3557 3728 3677 3783 cxi-

2103 3831 2237 3884 tium
2265 3838 2606 3896 receperunt.
2631 3823 2750 3879 Hoc
2784 3832 2963 3879 tamen
2999 3820 3547 3878 animadvertendum
3571 3829 3678 3884 est,

2100 3921 2246 3993 quod
2269 3919 2488 3974 divinus
2511 3915 2703 3972 Sermo
2733 3931 2843 3970 non
2898 3912 3219 3984 simpliciter
3269 3921 3551 3982 peccatum
3586 3924 3682 3964 eo-

2102 4030 2225 4070 rum
2253 4014 2497 4077 damnat,
2520 4009 2614 4067 sed
2648 4025 2777 4065 cura
2810 4017 2865 4063 et
2894 4007 3075 4063 studio
3105 4005 3392 4076 quaesitam
3423 4002 3685 4072 iniquita-

2102 4116 2208 4162 tem
2251 4103 2617 4175 reprehendit.
2670 4101 2787 4156 iloc
2839 4100 2984 4155 enim
3043 4096 3338 4170 signiﬁcat,
3371 4094 3517 4166 quod
3573 4093 3683 4148 ait:

2088 4184 2130 4248 Δι
2166 4193 2559 4263 Unusquisque
2584 4192 2877 4248 meditatur
2904 4189 2960 4244 in
2996 4187 3165 4243 corde
3212 4201 3312 4240 suo
3347 4184 3591 4241 studiose
3622 4184 3686 4234 ad

2104 4285 2244 4340 mala
2266 4284 2571 4355 peragenda
2609 4283 2864 4338 omnibus
2889 4280 3081 4336 diebus
3100 4279 3152 4332 ι).
3184 4296 3204 4329 ι
3238 4276 3343 4343 Qui
3374 4276 3517 4330 enim
3545 4291 3688 4342 argue

2104 4377 2289 4434 ferunt
2351 4377 2588 4432 oblatam
2653 4374 2757 4431 sibi
2796 4372 3053 4446 peccandi
3110 4369 3478 4433 occasionem,
3519 4378 3552 4419 a
3588 4380 3688 4418 ne-

2104 4472 2277 4543 quitia
2313 4480 2493 4527 tamen
2522 4470 2652 4526 victi
2684 4486 2779 4541 per
2808 4467 3006 4522 mentis
3034 4464 3331 4536 ignaviam,
3361 4469 3557 4531 postea
3581 4459 3683 4514 do-

2112 4565 2221 4618 lent
2271 4572 2325 4618 et
2355 4563 2564 4633 lugent,
2617 4561 2945 4617 mediocrem
2992 4556 3287 4628 quamdam
3335 4555 3688 4623 aliquatenus

397 4652 488 4707 τοῦ
512 4653 614 4707 νοῦ
644 4652 931 4726 ῥαθυμίαν
953 4658 1022 4726 τῇ
1051 4657 1311 4729 πονηρίᾳ,
1326 4651 1428 4710 εἷθ’
1447 4655 1677 4728 ὕστερον
1700 4655 1997 4726 ἀλγοῦντες

2108 4656 2309 4710 habent
2328 4653 2762 4710 excusationem.
2794 4650 2898 4717 Qui
2921 4664 3051 4705 vero
3073 4647 3350 4704 declinant
3369 4659 3597 4715 prorsus
3621 4641 3689 4696 ad

397 4747 493 4800 καὶ
524 4745 845 4811 στένοντες,
876 4746 1062 4819 ἔχουσί
1091 4766 1216 4803 τινα
1241 4750 1474 4821 μετρίαν
1503 4751 1771 4823 ἀμηγέπη
1800 4749 1999 4821 παραί-

2106 4746 2575 4817 intemperantiam
2640 4752 2694 4799 et
2733 4742 3019 4807 malitiam,
3067 4738 3379 4796 subservire
3429 4735 3692 4791 facientes

398 4855 562 4909 τησιν
591 4854 608 4869 ο
645 4838 698 4891 oi
727 4837 787 4890 δὲ
809 4839 893 4903 είς
910 4840 1214 4896 ἀκολασίαν
1239 4843 1335 4897 καὶ
1352 4842 1625 4914 πονηρίαν
1651 4843 1999 4897 παντάπασιν

2105 4839 2485 4897 aliectionibus
2519 4838 2814 4900 rationem,
2867 4843 2927 4889 ut
2968 4834 3135 4891 etiam
3185 4829 3498 4901 excogitent
3555 4827 3693 4881 alias

398 4926 830 4991 ἀποκλίνοντες,
880 4929 976 4985 καὶ
1010 4930 1201 4985 δοῦλον
1247 4931 1358 4986 τῶν
1400 4932 1594 4986 παθῶν
1619 4933 1711 4987 τὸν
1748 4932 1999 5004 λογισμὸν

2105 4934 2363 5006 nequitiae
2392 4931 2621 5003 species,
2649 4940 2701 4983 et
2735 4929 2837 4985 hoc
2866 4942 2976 4983 non
3001 4925 3171 4985 semel
3199 4932 3295 4979 aut
3331 4923 3439 4989 bis,
3477 4921 3573 4978 sed
3598 4934 3693 4989 per

470 5134 501 5164 ι
529 5124 688 5181 Psal.
719 5139 913 5194 Laut,
950 5126 1004 5182 6.
1080 5134 1110 5165 ν
1151 5124 1311 5193 ibid.,
1340 5124 1393 5182 1.
1469 5134 1497 5164 ι
1529 5125 1684 5194 ibid.,
1712 5124 1770 5193 2,
1804 5128 1856 5183 5.
1931 5136 1962 5176 .7
1987 5125 2135 5184 Psal.
2172 5144 2322 5194 mx,
2348 5129 2399 5182 l.

403 5193 431 5236 δ
462 5194 613 5252 Gen.
644 5209 724 5262 vr,
767 5192 822 5251 5.

2501 5133 2524 5161 ²
2556 5123 2732 5180 Exod.
2770 5138 2905 5188 xm,
2929 5122 3023 5179 28.
3129 5133 3155 5164 α
3184 5120 3332 5178 Psal.
3368 5133 3456 5187 ον,
3478 5116 3571 5183 55,
3600 5111 3692 5169 36.

1230 5396 1233 5401 .
1281 5342 1516 5400 VARIIE
1560 5342 1946 5400 LECTIONES
1996 5343 2089 5399 EX
2118 5344 2395 5401 CATENA
2431 5345 2791 5404 LIP’SIENSL

462 5481 516 5519 ”
535 5482 727 5539 ἐκεῖνο
758 5479 944 5552 μέντοι
976 5485 1031 5532 et
1062 5490 1187 5547 quae
1209 5478 1419 5549 reliqua
1444 5489 1572 5534 sunt
1598 5494 1665 5534 ex
1691 5477 1793 5533 hac
1822 5479 1999 5534 sectio;

2110 5488 2330 5535 exstant
2364 5480 2418 5535 in
2450 5496 2571 5552 cap.
2597 5497 2653 5555 p.
2688 5483 2811 5540 135.

1950 5629 2191 5687 NOTIE.

483 5750 604 5822 (50)
632 5747 870 5822 Recepta
884 5747 1066 5822 jectio
1105 5749 1230 5822 cod.
1259 5745 1509 5822 Vaticani
1538 5762 1693 5819 mque
1730 5762 1796 5802 ac
1842 5745 1997 5803 Alex.
2033 5756 2118 5804 est
2144 5746 2404 5822 ἄρχοντα.

487 5817 606 5894 (51)
627 5817 857 5877 ϋοά.ὀι
883 5819 1000 5876 Pic.
1032 5817 1188 5889 παρὰ
1225 5819 1454 5890 καρπὸν.
