4136 6412
346 357 456 428 153

1465 368 1748 441 QUI/EST.
1779 369 1863 434 IN
1906 370 2177 437 GENES.
2214 376 2372 440 CAP.
2409 380 2488 442 VI

3553 393 3654 459 154

346 474 443 528 καὶ
480 473 729 538 δίκαιον,
773 475 839 529 ὲκ
873 476 979 546 τῆς
1008 476 1121 531 τῶν
1173 480 1414 537 εὐσεϐῶν
1465 487 1788 555 συγγενείας
1838 488 1963 559 βλα-

2067 506 2099 547 e
2125 493 2337 561 piorum
2365 494 2574 553 familia
2602 505 2784 553 ortum
2812 539 2827 566 ,
2872 509 2928 556 et
2969 503 3062 572 qui
3093 504 3505 574 permistionem
3542 512 3654 566 ini~

352 568 663 638 στήσαντα.
690 570 792 623 καὶ
815 570 913 641 τὴν
952 571 1055 642 τῆς
1086 575 1435 646 παρανομίας
1465 580 1751 649 ἐπιμιξίαν
1792 585 1960 655 μισή-

350 677 544 713 σαντα.
582 662 665 715 Οὐ
716 663 849 733 μὴν,
879 663 957 727 ῶς
995 666 1146 730 τινές
1182 684 1365 736 φασιν,
1395 670 1532 742 ὀργῇ
1565 689 1693 738 τινι,
1728 675 1822 729 καὶ
1864 692 1962 746 με·

349 754 626 826 ταμελείᾳ
648 755 829 809 ταῦτα
863 759 1161 829 πεποίηκε.
1194 761 1380 816 Ταῦτα
1403 764 1514 836 γάρ
1538 782 1622 820 τοι
1645 767 1963 841 ἀνθρώπινα

351 847 502 919 πάθη
529 864 545 877 ’
580 850 617 918 ἡ
650 848 712 901 δὲ
755 848 884 903 θεία
917 850 1082 920 φύσις
1116 853 1381 927 ἐλευθέρα
1414 857 1627 914 παθῶν.
1666 860 1872 926 ΙἌλλως
1901 881 1962 917 τε

348 942 383 1010 ἠ
418 940 776 1011 μεταμέλεια
810 946 925 1006 τοῖς
958 945 1098 1015 μετὰ
1126 947 1227 1017 τὴν
1255 950 1452 1017 πεῖραν
1484 951 1821 1022 μανθάνουσι
1853 955 1963 1009 τῶν

351 1030 712 1099 πραγμάτων
744 1032 847 1105 τὴν
882 1033 1046 1102 φύσιν
1087 1038 1462 1109 κατάλληλος·
1496 1042 1822 1110 ἀγνοοῦντες
1851 1045 1962 1117 γὰρ

351 1121 411 1174 τὸ
435 1122 732 1192 ἐσόμενον,
763 1126 1229 1195 προϐουλεύονται
1251 1148 1264 1162 ·
1290 1122 1414 1184 ἐἷτα
1454 1135 1520 1205 τῇ
1559 1133 1729 1206 πείρᾳ
1756 1135 1962 1205 μανθά-

353 1229 560 1277 νοντες,
597 1215 682 1277 ὡς
727 1216 833 1270 οὐκ
877 1216 1058 1287 ὀρθῶς
1090 1219 1505 1288 ἐϐουλεύσαντο,
1539 1225 1956 1297 μεταμέλονται.

365 1305 423 1358 Ὀ
448 1306 508 1358 δὲ
537 1305 682 1370 Θεὸς
724 1307 906 1372 οὕτως
948 1311 1052 1382 ὁρᾷ
1084 1311 1154 1364 τὰ
1172 1308 1329 1383 ’μετὰ
1358 1313 1562 1379 πολλάς
1599 1317 1835 1387 ἐσόμενα
1864 1335 1960 1388 γε-

355 1395 500 1459 νεὰς,
534 1396 619 1458 ὡς
658 1397 768 1468 ἤδη
820 1401 1195 1471 γεγενημένα.
1243 1403 1328 1470 Ὠς
1372 1407 1628 1477 προορῶν
1654 1409 1834 1463 τοίνυν
1864 1411 1960 1465 καὶ⁸

354 1487 786 1557 προγινώσκων,
818 1489 994 1556 οὕτως
1022 1491 1241 1548 ἅπαντα
1267 1499 1622 1569 πρυτανεύει.
1664 1502 1730 1556 Τί
1757 1502 1961 1575 δήποτε

348 1581 534 1634 τοίνυν
586 1583 1016 1653 μεταμελεῖται,
1058 1586 1287 1642 ’ἅπαντα
1337 1590 1474 1659 πρὸς
1504 1592 1603 1661 τὴν
1650 1594 1961 1663 πρόγνωσιν

348 1672 449 1743 τὴν
485 1673 708 1728 οίκείαν
735 1676 1075 1746 οίκονομῶνς
1107 1679 1306 1733 οὐκοῦν
1345 1682 1439 1736 ἐπὶ
1477 1682 1613 1736 Θεοῦ
1644 1685 1754 1756 (56)
1791 1703 1961 1757 μετα-

353 1765 551 1836 μέλεια
607 1767 942 1838 οἰκονομίας
971 1772 1091 1822 ἐστὶ
1124 1771 1418 1844 μεταϐολή.
1476 1792 1495 1826 ι
1551 1776 1958 1849 Μεταμεμέλη-

351 1874 451 1927 μαι
482 1857 599 1928 (57)
631 1858 774 1929 γὰρ,
810 1861 1000 1931 φησιν,
1033 1862 1120 1915 ὅτι
1142 1863 1381 1936 κέκρικα
1409 1865 1523 1936 (58)
1551 1866 1642 1920 τὸν
1672 1868 1848 1921 Σαοὺλ
1878 1871 1959 1934 εἰς

351 1947 603 2019 βασιλέα,
634 1968 655 2002 ι
704 1951 833 2004 ἀντὶ
867 1951 987 2019 τοῦ,
1015 1952 1347 2025 Ἐδοκίμασα
1372 1956 1474 2027 μὲν
1506 1958 1717 2013 παῦσαι
1741 1959 1958 2027 τοῦτον,

350 2040 541 2112 ἕτερον
581 2041 642 2095 δὲ
676 2043 1092 2114 χειροτονῆσαι.
1130 2045 1288 2101 οὕτω
1335 2047 1641 2115 κάνταῦθα,
1690 2049 1962 2124 ἐνεθυμή-

352 2135 451 2205 θην
486 2136 573 2189 ὅτι
608 2136 861 2208 ἐποίησα
906 2137 1000 2192 τὸν
1032 2138 1344 2209 ἄνθρωπον,
1377 2140 1681 2211 ὲδοκίμασα
1721 2142 1961 2199 διολέσαι

349 2229 461 2282 τῶν
509 2228 839 2300 ἀνθρώπων
889 2228 953 2283 τὸ
1004 2231 1162 2299 γένος
1187 2247 1202 2262 ο
1258 2232 1396 2287 ἀλλὰ
1448 2234 1836 2308 φιλάνθρωπος
1886 2239 1963 2293 ὢν

350 2321 584 2392 σπέρμα
615 2320 712 2376 τὸν
762 2320 893 2374 Νῶε
922 2324 993 2393 τῇ
1042 2321 1205 2391 φύσει
1237 2323 1349 2396 (59)
1380 2326 1706 2398 τετήρηκεν.
1749 2330 1965 2404 Ἐπειδὴ

346 2409 408 2463 ἃ
445 2411 545 2465 καὶ
596 2410 716 2465 τῶν
780 2411 1004 2481 ἀλόγων
1054 2414 1127 2467 τὰ
1166 2416 1297 2486 γένη
1356 2417 1457 2487 τῆς
1503 2418 1613 2472 τῶν
1656 2420 1966 2491 ἀνθρώπιον

350 2500 522 2555 ἓνεκα
574 2502 1060 2576 δεδημιούργηται
1103 2507 1316 2578 χρείας,
1362 2508 1457 2562 καὶ
1500 2510 1677 2566 ταῦτα
1711 2516 1824 2578 τοῖς
1865 2515 1963 2569 ἀν-

356 2593 605 2666 θρώποις
646 2596 1049 2669 συνδιεφθάρη,
1088 2598 1230 2669 πλὴν
1272 2598 1383 2653 τῶν
1421 2603 1483 2656 ἐν
1510 2605 1576 2673 τῇ
1614 2603 1833 2675 κιϐωτῷ
1867 2607 1966 2662 σὺν

360 2684 441 2756 τῷ
468 2686 599 2739 Νῶε
629 2686 1016 2742 διασωθέντων
1048 2689 1115 2745 ⁸⁸.
1164 2689 1450 2746 Ἐκέλευσε
1484 2695 1527 2725 ⁸³
1561 2694 1672 2766 γάρ
1704 2696 1733 2747 ὁ
1760 2696 1966 2750 Δεσπό-

371 2792 474 2841 της
522 2775 656 2839 Θεὸς
682 2778 785 2831 ἀνὰ
833 2777 934 2832 δύο
972 2779 1078 2849 μὲν
1129 2781 1188 2847 ἐξ
1222 2782 1457 2837 ἑκάστου
1507 2783 1701 2853 γένους
1740 2785 1850 2838 τῶν
1878 2785 1966 2839 δο-

382 2865 631 2920 κούντων
668 2870 993 2942 ἀκαθάρτων
1037 2873 1393 2945 διασωθῆναι,
1427 2876 1532 2930 ἀνὰ
1579 2877 1719 2931 ἑπτὰ
1752 2878 1809 2932 δὲ
1855 2878 1967 2931 τῶν

385 2958 665 3030 καθαρῶν.
708 2962 917 3035 Ἐπειδὴ
970 2963 1085 3037 γὰρ
1122 2966 1327 3036 ἤμελλε
1380 2972 1685 3041 συγχωρεῖν
1732 2974 1845 3030 τοῖς
1873 2974 1967 3024 άν-

378 3048 623 3119 θρώποις
644 3054 1095 3125 μεταλαμϐάνειν
1133 3059 1333 3128 κρεῶν,
1366 3060 1603 3131 ῆμελλον
1645 3061 1703 3115 δὲ
1748 3064 1842 3116 καὶ
1874 3063 1968 3116 θυ-

2063 584 2290 653 quitatis
2319 600 2539 641 summo
2570 589 2698 644 odio
2727 590 2979 646 habebat.
3002 590 3121 648 Non
3154 607 3356 664 autem,
3387 610 3447 654 ut
3474 598 3654 656 ferunt

2062 676 2308 746 quidam,
2341 679 2418 733 ira
2448 680 2685 749 quadam
2718 691 2771 734 ct
2795 682 3116 751 poenitentia
3141 685 3341 742 ductus
3366 686 3510 745 Deus
3537 691 3656 747 haec

2061 767 2190 836 egit.
2227 766 2321 823 Ha:
2349 779 2480 825 sunt
2521 771 2668 824 enim
2718 770 2971 828 humanae
3013 775 3336 844 passiones,
3374 790 3403 829 a
3452 780 3656 848 quibus

2062 871 2262 915 natura
2293 861 2476 916 divina
2513 877 2740 931 prorsus
2777 873 2862 919 est
2895 864 3086 919 libera.
3125 864 3359 922 Maxime
3381 884 3505 925 cum
3540 886 3657 941 pm-

2062 951 2293 1008 nitcntia
2341 953 2635 1008 conveniat
2683 953 2798 1021 eis,
2838 956 2932 1025 qui
2982 957 3229 1026 periculo
3276 958 3424 1015 facto
3469 976 3654 1017 rerum

2062 1045 2430 1100 conditionem
2465 1045 2797 1102 didicerunt.
2835 1046 3159 1118 lgnorantes
3194 1052 3340 1106 enim
3376 1053 3523 1122 quod
3566 1053 3655 1108 fu-

2064 1150 2247 1193 turum
2282 1145 2406 1203 est,
2437 1149 2596 1195 antea
2639 1140 2956 1196 consultant
2987 1159 3002 1196 :
3038 1150 3152 1196 tum
3209 1143 3454 1213 periculo
3507 1143 3655 1202 facto

2062 1228 2336 1286 discentes
2358 1231 2502 1301 quod
2536 1247 2644 1287 non
2675 1240 2824 1287 recte
2850 1233 3298 1302 deliberaverint,
3332 1237 3655 1305 prauitentia

2062 1321 2359 1378 ducuntur.
2390 1320 2533 1379 Deus
2558 1332 2741 1379 autem
2773 1322 2999 1392 perinde
3024 1324 3171 1379 videt
3198 1340 3263 1379 ea
3293 1342 3416 1395 quae
3449 1329 3654 1384 multas

2062 1426 2186 1483 post
2211 1415 2592 1484 generationes
2616 1414 2803 1470 futura
2830 1423 2979 1481 sunt,
3006 1429 3071 1471 ac
3094 1415 3140 1471 si
3173 1415 3286 1485 jam
3322 1418 3651 1474 evenissent.

2065 1503 2205 1560 Hinc
2239 1505 2298 1561 ﬁt
2348 1515 2407 1560 ut
2434 1515 2698 1576 tanquam
2733 1506 3035 1577 praevidens
3062 1515 3117 1562 et
3134 1509 3442 1577 .prsesciens
3468 1510 3653 1564 omnia

2061 1597 2359 1668 dispenset.
2375 1598 2666 1665 Quomodo
2689 1615 2820 1670 ergo
2847 1603 2862 1622 ⁵
2892 1600 3396 1670 poenitentiacadat
3422 1600 3477 1654 in
3499 1616 3652 1665 eum,

2063 1691 2156 1761 qui
2187 1706 2285 1746 sua
2308 1691 2648 1761 praescientia
2676 1691 2816 1762 regit
2845 1693 3098 1747 universa
3134 1706 3147 1743 :
3185 1707 3358 1762 quare
3392 1691 3656 1761 paeniten-

2064 1785 2138 1838 tia
2176 1784 2265 1839 Dei
2306 1784 2444 1839 nihil
2473 1784 2619 1839 aliud
2651 1792 2730 1839 est
2754 1826 2770 1851 ,
2806 1800 2973 1854 quam
3018 1783 3252 1838 mutatio
3288 1783 3657 1852 dispensatio-

2064 1876 2151 1932 nis
2187 1874 2349 1945 ejus:
2398 1894 2417 1926 ι
2453 1875 2687 1933 Paenitet
2715 1890 2830 1939 me,
2872 1874 2984 1947 64
3012 1875 3230 1944 inquit,
3269 1875 3417 1946 quod
3451 1874 3655 1930 consti-

2063 1967 2263 2022 tuerim
2292 1965 2420 2021 Saul
2444 1982 2626 2037 regem
2650 1967 2677 2008 ιι
2704 2008 2720 2032 ,
2756 1982 2859 2037 pro
2888 1982 2956 2023 eo
2986 1968 3133 2036 quod
3161 1976 3280 2035 est,
3305 1967 3470 2022 statui
3501 1967 3655 2022 illum

2064 2058 2371 2128 deponere,
2399 2068 2454 2113 et
2476 2060 2709 2114 alterum
2736 2074 2946 2116 creare.
2984 2058 3078 2115 Sic
3132 2069 3188 2114 et
3243 2058 3297 2113 in
3362 2061 3467 2114 hoc
3497 2060 3653 2126 loco,

2072 2161 2091 2194 ι
2118 2141 2352 2198 Paenitet
2412 2160 2498 2199 me
2545 2143 2741 2200 fecisse
2766 2144 3042 2200 hominem
3068 2184 3084 2210 ,
3117 2163 3136 2196 ι
3169 2143 3277 2198 hoc
3301 2152 3418 2208 est,
3440 2144 3656 2198 decrevi

2065 2234 2293 2304 perdere
2318 2235 2603 2290 hominum
2644 2251 2839 2307 genus.
2879 2234 3082 2291 Verum
3106 2276 3121 2303 ,
3148 2250 3274 2290 cum
3298 2234 3567 2305 benignus
3603 2243 3659 2289 et

2066 2326 2309 2383 clemens
2345 2336 2530 2396 esset,
2574 2343 2760 2384 semen
2805 2330 2974 2384 totius
3019 2329 3257 2399 generis,
3314 2328 3493 2397 ipsum
3543 2325 3659 2381 Noe

2065 2422 2276 2470 naturas
2296 2416 2552 2473 humanae
2575 2419 2944 2474 conservavit.
2962 2419 3029 2474 Et
3048 2419 3307 2489 quoniam
3332 2418 3656 2474 animalium

2067 2504 2471 2561 irrationalium
2531 2523 2732 2578 genera
2789 2509 2847 2563 in
2910 2524 3073 2565 usum
3137 2508 3423 2563 hominum
3475 2516 3660 2563 creata

2066 2603 2264 2658 erant,
2293 2595 2460 2648 etiam
2491 2595 2607 2650 lucc
2639 2610 2765 2651 cum
2797 2596 3117 2651 hominibus
3149 2596 3328 2652 deleta
3361 2605 3530 2662 sunt,
3560 2612 3661 2651 ex-

2068 2684 2240 2754 ceptis
2266 2685 2371 2751 his,
2402 2702 2526 2755 qua:
2557 2687 2611 2740 in
2642 2702 2770 2743 arca
2797 2702 2923 2742 cum
2951 2685 3067 2742 Noe
3091 2696 3307 2742 servata
3336 2697 3487 2743 sunt.
3507 2686 3662 2742 Man-

2068 2776 2218 2831 davit
2244 2777 2388 2831 enim
2424 2777 2689 2834 Dominus
2720 2778 2866 2835 Deus
2921 2778 3049 2833 bina
3077 2794 3141 2833 ex
3179 2795 3507 2850 unaquaque
3536 2795 3661 2849 spe-

2068 2870 2153 2925 cie
2186 2869 2530 2935 animalium,
2558 2886 2681 2940 quae
2711 2871 3056 2925 habebantur
3086 2871 3390 2934 immunda,
3426 2871 3656 2935 servari,

2067 2969 2122 3016 et
2152 2961 2480 3035 mundorum
2515 2961 2836 3016 animalium
2866 2971 3113 3032 septena.
3142 2959 3279 3015 Nam
3319 2976 3443 3015 cum
3483 2960 3661 3014 Inomi-

2070 3054 2234 3108 nibus
2259 3060 2406 3108 esset
2438 3053 2813 3122 permissurus
2842 3054 3177 3109 manducare
3209 3067 3428 3117 carnes,
3463 3060 3518 3106 et
3556 3052 3660 3104 ho-

370 3137 495 3202 σίας
539 3139 690 3209 αὐτῷ
732 3144 1077 3214 προσφέρειν
1122 3146 1225 3216 τῆς
1264 3148 1551 3214 εὐσεϐείας
1588 3152 1637 3204 οί
1686 3152 1963 3222 τρόφιμοι,

2074 3148 2250 3203 mines
2271 3146 2344 3218 pii
2365 3147 2724 3203 sacriﬁcaturi
2746 3157 2934 3204 essent
2955 3148 3055 3216 illi,
3076 3148 3341 3218 majorem
3368 3160 3660 3201 numerum

362 3229 590 3286 πλείονα
645 3232 715 3287 τὰ
773 3234 1002 3308 καθαρὰ
1069 3238 1415 3311 φυλαχθῆναι
1471 3243 1811 3312 προσέταξε·
1864 3245 1966 3310 τὰς

363 3322 462 3391 μὲν
490 3328 649 3394 τρεῖς
676 3326 953 3396 συζυγίας
990 3331 1073 3394 είς
1110 3332 1212 3403 τὴν
1249 3330 1478 3404 αὔξησιν
1515 3335 1610 3389 τοῦ
1643 3337 1870 3405 γένους·
1903 3337 1968 3392 τὸ

355 3412 414 3466 δὲ
438 3413 502 3467 ἐν
520 3414 584 3469 τὸ
610 3419 883 3487 περιττὸν
913 3420 998 3485 είς
1024 3420 1240 3478 θυσίαν.
1272 3424 1452 3489 Εὐθὺς
1477 3425 1587 3498 γὰρ
1608 3429 1636 3481 ὁ
1658 3428 1806 3492 Νῶε,
1828 3430 1966 3500 μετὰ

355 3505 458 3576 τὴν
492 3505 715 3561 παῦλαν
754 3510 862 3580 τῆς
886 3512 1189 3584 τιμωρίας,
1224 3513 1421 3570 θυσίαν
1452 3516 1531 3587 τῷ
1557 3516 1677 3589 Θεῷ
1705 3521 1966 3592 χαριστή-

358 3614 479 3670 ριον
508 3602 926 3673 προσενήνοχεν
944 3616 960 3633 ⁸
997 3605 1107 3658 ἀπὸ
1137 3605 1378 3675 πάντων,
1421 3608 1580 3681 φησὶ,
1612 3610 1722 3663 τῶν
1752 3613 1966 3683 κτηνῶν

355 3690 471 3745 τῶν
514 3692 810 3764 καθαρῶν,
847 3696 946 3749 καὶ
990 3696 1101 3751 ἀπὸ
1144 3699 1363 3754 πάντων
1410 3700 1519 3756 τῶν
1558 3704 1825 3757 πετεινῶν
1855 3705 1966 3758 τῶν

357 3781 643 3854 καθαρῶν.
688 3784 785 3847 Ὠς
830 3780 975 3840 εἶναι
1025 3787 1205 3860 δῆλον,
1255 3791 1337 3846 ὅτι
1372 3792 1631 3864 τούτουγε
1664 3795 1826 3867 χάριν
1862 3797 1967 3851 ἀνὰ

357 3873 504 3927 ἔτι·τὰ
536 3877 887 3946 προσέταξεν
936 3878 996 3944 ἐξ
1032 3880 1265 3936 ἑκάστου
1314 3884 1514 3952 γένους
1559 3886 1669 3941 τῶν
1705 3888 1965 3960 καθαρῶν

356 3966 437 4028 εἰς
468 3965 571 4036 τὴν
604 3967 846 4021 κιϐωτὸν
882 3972 1228 4044 είσαχθῆναι,
1263 3974 1350 4028 ἵνα
1390 3974 1453 4029 τὸ
1491 3975 1549 4029 ἓν
1586 3975 1725 4041 ζῶον
1765 3978 1824 4045 ἐξ
1842 3978 1968 4033 ἑκά-

361 4072 490 4109 στου
527 4058 733 4125 γένους
766 4061 796 4113 ὁ
840 4060 968 4116 Νῶε
1013 4064 1345 4137 προσφέρων
1387 4067 1464 4138 μὴ
1509 4067 1799 4142 διαφθείρῃ
1866 4070 1967 4135 τὰς

361 4146 658 4217 συζυγίας.

982 4292 1185 4348 ΕΡΩΤ.
1225 4294 1359 4350 NA'.

579 4449 646 4503 Τί
674 4448 894 4519 ἤσθιεν
932 4451 1005 4506 ἐν
1040 4450 1119 4522 τῇ
1161 4453 1386 4521 κιϐωτῷ
1426 4455 1500 4511 τὰ
1545 4457 1764 4527 θηρία;

2068 3241 2399 3296 mundorum
2432 3241 2758 3295 animalium
2793 3240 3062 3296 custodiri
3096 3240 3300 3309 jussit;
3334 3254 3530 3309 nempe
3564 3253 3662 3294 sex

2067 3332 2347 3388 connubio
2361 3333 2576 3403 juncta,
2601 3333 2668 3387 ad
2691 3332 3191 3402 augmentationem
3220 3330 3459 3398 generis,
3490 3342 3660 3383 unum

2066 3440 2197 3480 vero
2233 3424 2438 3478 animal
2479 3425 2790 3494 reliquum,
2842 3424 2909 3478 ad
2960 3422 3407 3478 sacriﬁcandum.
3461 3419 3659 3475 Statim

2066 3513 2211 3567 enim
2243 3512 2335 3566 ubi
2364 3515 2602 3569 cessavit
2627 3513 2783 3580 ultio,
2808 3510 2922 3567 Noe
2944 3512 3276 3568 sacriﬁcium
3301 3511 3498 3567 obtulit
3528 3510 3659 3575 Deo,

2067 3605 2367 3675 gratiarum
2414 3605 3029 3662 actioni-conveniens:
3078 3623 3096 3655 ι
3130 3602 3207 3656 Ex
3243 3602 3506 3658 omnibus
3528 3641 3542 3662 ,
3577 3600 3663 3654 in-

2067 3700 2185 3769 quit
2210 3737 2225 3763 ,
2258 3699 2552 3768 pecoribus
2582 3697 2804 3753 mundis
2825 3737 2841 3764 ,
2875 3707 2930 3752 et
2959 3713 3026 3753 ex
3056 3695 3319 3750 omnibus
3348 3693 3662 3749 volatilibus

2066 3793 2289 3848 mundis
2314 3794 2358 3848 ι.
2396 3811 2415 3844 ι
2455 3792 2533 3846 Ita
2572 3800 2633 3846 ut
2668 3800 2879 3847 certum
2911 3791 2985 3844 sit
3037 3791 3139 3844 hac
3185 3789 3253 3842 de
3295 3803 3458 3841 causa
3489 3786 3660 3839 Deum

2063 3885 2297 3954 jussisse
2314 3901 2379 3939 ex
2405 3898 2734 3953 unaquaque
2758 3883 2940 3954 specie
2976 3883 3306 3937 mundorum
3339 3880 3661 3934 animalium

2068 3986 2287 4047 Septena
2332 3976 2386 4031 in
2430 3991 2614 4030 arcam
2655 3975 2953 4039 introduci,
3006 3981 3068 4028 ut
3099 3971 3215 4027 Noe
3256 3989 3426 4027 unum
3457 3970 3660 4025 animal

2069 4068 2326 4131 oﬁ‘erens,
2365 4082 2430 4121 ex
2485 4063 3075 4136 unaquaque‘specie,
3126 4077 3236 4117 non
3300 4060 3514 4115 tolleret
3542 4073 3666 4128 qu.e

2071 4160 2348 4218 connubio
2378 4159 2570 4231 juncta
2600 4165 2782 4215 erant.

2551 4279 2571 4298 '
2646 4260 2952 4349 'INTEna.
2993 4289 3082 4347 LI.

2346 4455 2489 4523 Quid
2516 4455 2909 4511 manducabant
2943 4455 2997 4509 in
3028 4469 3158 4508 arca
3189 4450 3406 4506 bestiw?

430 4542 612 4612 Δῆλον
640 4516 730 4596 ac"
756 4540 909 4615 χιλόν
935 4562 997 4598 τε
1154 4516 1468 4620 σπέρματα.
1507 4516 1652 4621 Ἔφῗη
1688 4516 1800 4624 γάρ
1828 4552 1963 4624 πρὸς

2148 4516 2388 4608 Constat
2436 4550 2622 4605 fenum
2683 4559 2737 4603 et
2798 4546 3009 4602 semina
3077 4536 3668 4601 manducasse..Dixit

365 4634 531 4689 αὑτὸν
577 4636 611 4689 ὁ
643 4634 816 4699 Θεόςο
858 4655 877 4689 ι
924 4637 997 4691 Σὺ
1041 4637 1100 4693 δὲ
1154 4638 1301 4712 λήψῃ
1356 4641 1571 4713 σεαυτῷ
1605 4642 1716 4697 ἀπὸ
1748 4643 1968 4699 πάντων

431 4831 465 4877 δ
498 4833 518 4889 l
549 4835 693 4907 Reg.
722 4850 818 4902 xv,
841 4836 931 4893 ll.
1014 4839 1033 4880 ί
1068 4836 1209 4895 Gen.
1237 4853 1357 4904 vni,
1382 4836 1479 4892 20.
1528 4859 1540 4866 -

2079 4644 2226 4703 enim
2258 4643 2404 4701 Deus
2446 4643 2518 4704 ad
2546 4641 2703 4698 Noe:
2750 4659 2769 4692 ι
2805 4638 2886 4694 Tu
2923 4653 3055 4694 vero
3089 4652 3278 4695 sumes
3312 4635 3409 4691 tibi
3445 4648 3510 4688 ex
3543 4645 3667 4687 om-

1234 4991 1470 5049 VARIIE
1523 4991 1911 5069 LECTIONES
1953 4990 2048 5047 EX
2080 4989 2376 5071 CATENA
2425 4988 2780 5046 LlPSlENSl.

436 5179 484 5211 ⁸⁸
506 5178 638 5234 Cal.
677 5192 736 5247 ι).
772 5175 896 5247 135.
934 5174 1035 5229 σὺν
1067 5172 1147 5247 τῷ
1273 5173 1769 5247 διαφ-υλαχθέντων,
1845 5171 1888 5204 ⁶¹
1922 5171 1963 5237 0

2077 5171 2139 5247 in
2170 5172 2258 5227 ed.
2291 5177 2485 5247 nostra
2524 5176 2851 5242 sequuntur,
2895 5167 3175 5235 ἐκέλευσε,
3207 5175 3340 5225 etc..
3365 5172 3582 5221 exstant
3611 5165 3665 5219 in

369 5259 478 5306 cat.
514 5265 572 5320 p.
606 5241 739 5312 M3,
762 5246 831 5302 ad
855 5262 907 5303 c.
942 5262 1040 5313 νιι,
1068 5241 1129 5300 2.
1172 5241 1440 5302 Praecedit
1472 5241 1657 5303 autem
1696 5244 1750 5299 in
1792 5251 1901 5298 cat.
1942 5257 1963 5312 ι

2065 5243 2135 5297 45
2159 5242 2393 5312 quaestio
2425 5241 2515 5295 51.

1901 5424 2136 5482 ΝΟΤᾹ).

440 5586 561 5657 (56)
601 5582 739 5639 Ἐπὶ
763 5580 935 5657 Θεοῦ.
968 5583 1111 5639 Cod.
1135 5591 1190 5657 e_t
1222 5582 1503 5657 P_ic._perdz
1528 5578 1691 5657 Decii.

443 5648 562 5728 (57)
593 5652 1231 5728 Μεταμεμέλημαιτμιιε
1254 5648 1657 5728 legituretiam3
1693 5658 1751 5704 ut
1781 5648 1973 5728 Lamb.

397 5718 481 5784 los
529 5718 788 5787 testatur,
827 5718 880 5779 in
928 5718 1066 5780 edit.
1099 5718 1383 5795 Complut.
1415 5723 1551 5781 Cod.
1592 5721 1748 5777 Alex.
1783 5729 1839 5777 et
1871 5718 1976 5776 Va-

375 5798 471 5855 tie.
503 5798 715 5855 habent
738 5795 1196 5869 παρακέκλημαι.

2155 5579 2268 5650 (58)
2325 5576 2603 5650 Κέχρικα.
2655 5575 2891 5645 Recepta
2927 5574 3088 5630 lectio
3137 5579 3257 5633 est,
3310 5565 3660 5622 ιϐασίλιυσα.

2083 5648 2411 5726 Malagma
2449 5648 2756 5726 'Expwg-_
2851 5715 2946 5726 ,η
3043 5712 3066 5726 .
3216 5708 3229 5726 .

2158 5712 2383 5791 (59)’Τῇ
2409 5712 2613 5789 φύσει.
2646 5716 2780 5772 Cod.
2810 5724 2867 5772 et
2888 5715 3001 5771 Pic.
3041 5712 3123 5766 ἔτι
3162 5712 3338 5779 φύσει.
