4136 6456
503 379 611 448 155

1491 380 1986 452 THEODOBETI
2026 382 2371 445 EPISCOPI
2431 382 2802 458 CYRENSIS

3683 389 3780 458 156

500 497 665 553 nibus
705 495 843 552 cibis
878 509 1022 567 quos
1068 493 1391 560 comeditis,
1441 503 1496 550 et
1540 499 1896 554 coacervabis
1945 499 2090 569 apud

2202 499 2300 556 τῶν
2335 499 2644 572 βρωμάτων
2689 493 2767 554 ὧν
2799 501 3006 568 ἕδεσθε,
3041 502 3136 558 καὶ
3169 503 3437 570 ’συνάξεις
3478 506 3616 577 πρὸς
3658 508 3782 561 ἐαυ-

502 592 778 660 teipsum:
830 598 885 644 et
926 597 1088 643 erunt
1135 588 1230 642 tibi
1279 597 1332 642 et
1379 587 1486 643 illis
1525 591 1643 645 esui
1671 602 1718 645 ι.
1752 611 1772 644 ι
1820 591 1930 662 65
1978 591 2093 649 Hoc

502 692 681 738 autem
725 681 900 750 ipsum
943 681 1107 734 etiam
1152 679 1462 735 hominibus
1502 681 1662 737 edere
1716 683 1834 753 lege
1885 700 2090 754 praece-

503 779 617 846 pit:
657 795 674 825 ι
708 773 844 828 Ecce
873 775 1016 828 enim
1053 772 1177 827 dedi
1204 774 1363 829 vobis
1391 790 1608 829 omnem
1653 777 1876 831 herbam
1922 779 2091 833 semi-

503 870 718 932 nalem,
750 868 1030 924 seminans
1073 883 1296 931 semen,
1346 868 1492 937 quod
1543 877 1628 924 est
1673 886 1836 940 super
1873 871 2092 925 univer-

501 975 616 1014 sam
647 969 868 1019 terram,
905 967 960 1012 et
990 975 1152 1013 omne
1188 959 1391 1028 lignum
1425 959 1631 1015 habens
1664 962 1714 1015 in
1755 978 1813 1016 se
1848 961 2089 1017 fructum

501 1048 729 1100 seminis
763 1047 1084 1102 seminalem
1115 1049 1218 1100 erit
1248 1047 1403 1102 vobis
1439 1048 1492 1100 in
1523 1047 1705 1103 cibum
1738 1060 1788 1104 et
1821 1052 2092 1106 universis

502 1141 692 1196 bestiis
717 1152 909 1204 terrae,
942 1150 997 1194 et
1025 1140 1282 1194 omnibus
1314 1141 1628 1196 volatilibus
1659 1143 1780 1197 coeli
1806 1183 1820 1208 ,
1871 1153 1927 1198 et
1972 1143 2094 1197 uni-

501 1249 663 1288 verso
697 1233 874 1302 reptili
907 1233 1116 1301 repenti
1150 1248 1316 1301 super
1349 1242 1583 1301 terram,
1624 1235 1770 1305 qttod
1812 1236 1864 1288 in
1901 1252 1961 1291 se
1993 1237 2091 1290 ha-

503 1327 592 1380 bet
632 1326 869 1380 animam
901 1326 1024 1380 vita:
1056 1342 1069 1378 :
1105 1334 1159 1379 et
1188 1341 1405 1380 omnem
1438 1327 1664 1382 herbam
1698 1328 1926 1382 viridem
1967 1329 2089 1384 dedi

501 1416 660 1469 vobis
693 1415 747 1466 in
779 1429 959 1468 escam
995 1414 1039 1466 ι.
1086 1432 1103 1464 ι
1141 1412 1217 1467 Ita
1253 1422 1312 1467 ut
1350 1414 1701 1471 manifestum
1733 1418 1825 1482 sit,
1862 1418 2004 1486 quod
2039 1427 2092 1472 ct

501 1507 755 1560 homines
790 1514 846 1558 ct
878 1505 1135 1559 animalia
1170 1506 1240 1559 ab
1277 1521 1373 1561 esn
1407 1508 1653 1562 carnium
1695 1508 2086 1562 abstinebant:

501 1613 602 1666 pro
645 1597 906 1650 alimento
949 1611 1115 1662 vero,
1156 1595 1430 1653 fructibus
1487 1614 1517 1652 e
1557 1607 1701 1653 terra
1742 1601 2092 1656 nascentibus

503 1689 817 1742 utebantur.
852 1687 987 1742 Illud
1009 1690 1024 1710 ⁶
1051 1698 1256 1753 autem,
1279 1707 1296 1740 ι
1319 1690 1600 1746 seminans
1627 1707 1835 1757 semen,
1857 1712 1874 1744 ι
1894 1692 2090 1763 Aquila

503 1779 896 1847 interpretatus
925 1787 1035 1844 est,
1085 1799 1103 1832 ‹
1137 1780 1448 1850 producens
1486 1797 1694 1837 semen.
1726 1801 1745 1835 ›

1070 1890 1354 1948 INTERR.
1411 1893 1520 1949 LII.

506 2002 780 2068 Quomodo
806 2005 1203 2076 intelligendum
1241 2018 1320 2063 est
1361 2010 1496 2064 illud
1528 2027 1547 2064 :
1593 2029 1611 2062 ι
1661 2009 1732 2064 Et
1779 2013 2092 2067 recordatus

986 2088 1065 2132 est
1104 2078 1362 2134 Dominus
1405 2080 1558 2138 Noe?
1592 2099 1612 2133 ι

570 2163 853 2237 Scriptura
880 2168 1064 2225 divina
1092 2171 1355 2241 loquitur,
1382 2181 1550 2243 prout
1573 2175 1895 2232 hominibus
1925 2191 2094 2247 expe-

499 2259 610 2323 dit,
643 2271 696 2315 et
725 2277 826 2332 pro
854 2271 1018 2333 captu
1061 2265 1374 2320 auditorum
1409 2267 1591 2321 varias
1627 2267 1791 2322 habet
1830 2269 2092 2339 loquendi

499 2351 730 2408 formas.
774 2352 1247 2419 Quemadmodum
1297 2371 1430 2427 ergo
1501 2357 1827 2426 pmnitentia
1875 2359 1927 2412 in
1983 2359 2094 2414 Deo

499 2452 584 2497 est
612 2443 1105 2498 administrationis
1135 2443 1478 2500 adversitas:
1517 2463 1535 2495 ι
1575 2445 1810 2502 Paenitet
1834 2447 1979 2501 enim
2010 2463 2095 2502 me

500 2535 647 2603 quod
681 2537 930 2589 unxerim
969 2535 1099 2590 Saul
1131 2538 1399 2609 in‘regem
1425 2542 1473 2603 ι,
1514 2558 1531 2590 ι
1571 2555 1671 2608 pro
1700 2553 1766 2594 eo
1796 2541 1941 2610 quod
1975 2549 2053 2595 est
2075 2582 2092 2606 ,

497 2630 716 2683 decrevi
765 2630 930 2684 alium
977 2631 1029 2685 in
1076 2631 1196 2702 ejus
1238 2631 1421 2686 locum
1471 2635 1806 2687 constituere
1847 2651 1860 2687 :
1909 2633 1991 2688 sic
2042 2645 2096 2688 et

497 2720 588 2776 hic
640 2741 653 2775 :
706 2742 723 2773 ι
759 2723 992 2778 Paenitet
1031 2741 1119 2779 me
1169 2725 1316 2795 quod
1366 2724 1467 2779 feci
1516 2725 1884 2790 hominemm,
1923 2745 1942 2777 ι
1997 2741 2094 2795 pro

498 2829 566 2868 eo
619 2815 764 2884 quod
826 2827 946 2882 est,
1005 2819 1172 2873 statui
1231 2818 1551 2872 hominibus
1591 2817 1790 2873 inferre
1840 2819 2091 2874 exitium.

499 2905 611 2962 Iloc
643 2909 840 2976 igitur:
884 2929 904 2960 ‹
933 2910 1272 2965 Recordatns
1303 2922 1386 2964 est
1415 2909 1678 2966 Dominus
1708 2910 1823 2966 Noe
1839 2919 1888 2977 η,
1927 2933 1944 2964 ι
1985 2929 2094 2968 non

497 3001 733 3069 priorem
768 3001 940 3056 fuisse
963 3003 1294 3056 oblivionem
1329 3002 1612 3073 designat,
1656 3004 1749 3058 sed
1794 3006 2094 3060 maximam

499 3093 674 3161 ipsius
727 3093 1122 3146 humanitatem
1167 3095 1391 3146 denotat
1422 3109 1448 3164 2:
1503 3093 1649 3164 quod
1699 3109 1918 3150 summo
1970 3112 2098 3167 erga

2193 593 2305 658 τὸν,
2343 593 2436 647 καὶ
2468 593 2620 646 ἔσται
2660 594 2741 646 σοὶ
2773 594 2864 645 καὶ
2911 593 3142 658 ἐκείνοις
3181 597 3396 664 φαγεῖν.
3449 615 3468 649 ι
3506 594 3683 650 Ταυτὸ
3722 598 3780 652 δὲ

2195 687 2290 742 καὶ
2331 690 2443 750 τοῖς
2486 687 2798 757 ἀνθρώποις
2845 687 3045 740 ἐσθίειν
3085 688 3512 759 ἐνομοθέτησεν·
3564 708 3583 741 ι
3647 691 3779 745 Ἰδοὺ

2195 780 2324 850 γὰρ,
2375 780 2531 850 φησὶ,
2586 780 2796 834 δέδωκα
2849 781 2979 850 ὑμῖν
3031 783 3210 835 πάντα
3264 783 3456 852 χόρτον
3509 783 3782 852 σπόριμον

2195 875 2418 943 σπεῖρον
2456 873 2676 944 σπέρμα
2707 873 2735 926 ὃ
2763 874 3122 928 ἐστιν.ὲπάνω
3164 875 3345 945 πάσης
3381 876 3482 945 τῆς
3515 877 3650 946 γῆς·
3687 877 3778 930 καὶ

2195 966 2302 1018 πᾶν
2336 965 2512 1032 ξύλον,
2545 965 2573 1017 ὃ
2609 965 2721 1035 ἔχει
2757 967 2814 1018 ὲν
2849 966 3027 1036 ἐαυτῷ
3057 965 3271 1036 καρπὸν
3300 966 3613 1036 σπέρματος
3645 969 3783 1020 σπό-

2197 1075 2375 1128 ριμον,
2411 1060 2539 1127 ὑμῖν
2567 1058 2719 1111 ἔσται
2751 1060 2831 1122 εἰς
2863 1058 3088 1130 βρῶσιν,
3114 1059 3209 1112 καὶ
3245 1060 3380 1112 πᾶσι
3407 1061 3520 1122 τοῖς
3565 1060 3782 1128 θηρίοις

2192 1147 2293 1216 τῆς
2319 1148 2441 1216 γῆς,
2476 1148 2570 1200 καὶ
2602 1149 2734 1200 πᾶσι
2785 1149 2896 1209 τοῖς
2941 1149 3211 1208 πετεινοῖς
3243 1143 3337 1198 τοῦ
3386 1145 3644 1215 οὐρανοῦ,
3681 1144 3782 1197 καὶ

2194 1237 2409 1307 ἑρπετῷ
2436 1238 2658 1307 ἕρποντι
2686 1238 2778 1288 ἐπὶ
2803 1239 2902 1306 τῆς
2931 1239 3055 1306 γῆς,
3083 1238 3110 1289 ὃ
3143 1236 3255 1307 ἔχει
3299 1239 3356 1289 ἐν
3399 1234 3577 1304 ἐαυτῷ
3605 1235 3784 1305 ψυχὴν

2194 1329 2358 1400 ζωῆς,
2390 1333 2483 1383 καὶ
2514 1332 2688 1383 πάντα
2718 1330 2910 1400 χόρτον
2941 1309 3149 1399 χλωρὸν
3171 1331 3249 1393 είς
3283 1327 3506 1398 βρῶσιν.
3535 1345 3551 1377 ι
3590 1326 3676 1389 Ὠς
3707 1321 3788 1378 εἷς

2193 1444 2282 1479 ναι
2303 1426 2576 1497 δῆλον,ὄτι
2609 1426 2700 1478 καὶ
2721 1426 2769 1477 οἱ
2792 1424 3068 1495 ἄνθρωποι
3086 1423 3180 1476 καὶ
3199 1423 3264 1476 τὰ
3290 1422 3405 1484 ζῶα
3431 1419 3785 1491 κρεωφαγίας

2193 1519 2501 1588 ἀπείχοντο,
2531 1518 2736 1586 τροφὴν
2764 1517 2820 1569 δὲ
2846 1513 2992 1587 εἶχον
3020 1516 3145 1589 τοὺς
3189 1515 3296 1568 ἀπὸ
3343 1515 3446 1582 γῆς
3478 1512 3788 1581 φυομένους

2195 1612 2460 1681 καρπούς.
2485 1611 2559 1663 Τὸ
2578 1611 2633 1664 δὲ
2653 1631 2669 1660 ι
2685 1612 2905 1680 σπεῖρον
2931 1608 3173 1678 σπέρμα,
3189 1627 3206 1660 ›
3235 1627 3253 1658 ι
3269 1608 3600 1677 σπερμαίνον
3619 1603 3756 1674 σπέρ

2199 1719 2274 1772 μα
2307 1701 2449 1774 (60)»
2486 1701 2514 1753 ὁ
2563 1700 2793 1764 Ἀκύλας
2821 1699 3186 1770 ήρμήνευσεν.

2799 1894 2840 1948 Ε
2849 1894 2999 1953 ΡΩΤ.
3043 1894 3176 1948 NB'.

2195 2015 2330 2083 Πῶς
2361 2009 2614 2083 νοητέον
2641 2013 2729 2078 τὸ,
2766 2031 2785 2064 ι
2839 2011 3140 2082 Ἐμνήσθη
3172 2011 3388 2080 Κύριος
3412 2008 3519 2062 τοῦ
3546 2004 3678 2059 Νῶε
3703 2022 3722 2070 ;
3762 2022 3786 2056 ι

2271 2172 2605 2242 ιῖροσφὸρως
2650 2171 2763 2232 τοῖς
2796 2166 3107 2238 ἀνθρώποις
3153 2167 3186 2236 η
3221 2163 3340 2218 θεία
3374 2162 3566 2234 Γραφὴ
3616 2157 3796 2213 διαλέ-

2196 2282 2351 2334 γεται
2371 2282 2386 2297 ο
2413 2266 2508 2318 καὶ
2526 2262 2602 2324 ὼς
2630 2261 2852 2314 ἀκούειν
2879 2259 3136 2312 δύνανται
3170 2252 3641 2328 μετασχηματίζει
3662 2252 3796 2314 τοὺς

2195 2358 2410 2426 λόγους.
2441 2355 2657 2424 Ὠσπερ
2697 2351 2880 2404 τοίνυν
2919 2350 3014 2403 ἐπὶ
3042 2348 3178 2402 Θεοῦ
3211 2349 3244 2418 ἡ
3279 2343 3616 2418 μεταμέλεια
3647 2343 3797 2395 οἱκο-

2196 2448 2389 2518 νομίας
2425 2444 2544 2497 ἐστὶ
2565 2442 2800 2513 διαφορά
2831 2458 2844 2472 ’
2881 2459 2897 2491 ι
2933 2437 3413 2508 Ἀίεταμεμὲλημαι
3443 2433 3552 2505 γὰρ
3582 2434 3664 2486 ὄτι
3702 2430 3799 2484 κέ-

2197 2558 2363 2613 χρικα
2390 2539 2481 2592 τὸν
2505 2536 2680 2591 Σαοὺλ
2709 2537 2789 2598 εἰς
2816 2533 3062 2604 βασιλέα,
3091 2552 3108 2583 ι
3143 2531 3268 2584 ἀντὶ
3295 2529 3414 2593 τοῦ,
3457 2525 3798 2594 Ἐδοκίματα

2197 2633 2356 2686 ἄλλον
2400 2631 2516 2684 ἀντ’
2563 2626 2730 2681 αὑτοῦ
2766 2625 3141 2695 καταστῆσαιο
3190 2621 3334 2676 οὕτω
3413 2619 3504 2673 καὶ
3555 2615 3800 2672 ἐνταῦθα

2197 2719 2439 2792 νοητέον,
2463 2737 2482 2770 ι
2527 2716 2900 2786 Ἐνεθυμήθην
2922 2715 3005 2768 ὅτι
3035 2711 3270 2782 ἐποίησα
3295 2710 3386 2762 τὸν
3426 2707 3736 2778 ἄνθρωπον,
3768 2727 3790 2758 ι

2198 2814 2319 2868 ἀντὶ
2345 2811 2465 2877 τοῦ,
2509 2806 2847 2881 Ἐδοκίμασα
2893 2809 2975 2872 είς
3017 2805 3216 2868 αὐτοὺς
3278 2801 3657 2872 πανωλεθρίαν
3702 2801 3797 2851 ἐπ.

2200 2909 2450 2976 αγαγεϊν.
2486 2905 2597 2958 Καὶ
2635 2903 2796 2957 τοῦτο
2817 2902 2998 2956 τοίνυν
3027 2900 3138 2964 τὸ,‹
3179 2895 3460 2968 Ἐμνήσθη
3484 2896 3512 2946 ὁ
3536 2893 3670 2955 Θεὸς
3697 2891 3792 2945 τοῦ

2199 2998 2378 3062 Νῶε,›
2398 2996 2459 3049 οὐ
2487 2994 2762 3067 προτέραν
2793 2991 2966 3062 λήθην
2983 2990 3303 3050 αἰνίττεται,
3326 2985 3462 3039 ἀλλὰ
3487 2983 3588 3053 τὴν
3619 2983 3796 3053 ἄρρη-

2198 3109 2291 3146 τον
2334 3089 2501 3145 αὐτοῦ
2545 3084 2961 3158 φιλανθρωπίαν
3009 3081 3193 3153 δηλοῖο
3241 3081 3323 3132 ὅτι
3377 3076 3467 3130 διὰ
3518 3075 3616 3146 τὴν
3667 3075 3793 3145 περὶ

498 3200 624 3239 eum
680 3201 866 3239 an'iore
902 3186 1132 3252 jusserit
1170 3185 1440 3239 inﬁnitam
1478 3187 1623 3241 illam
1677 3197 1732 3243 et
1773 3189 2095 3242 immensam

2203 3184 2410 3236 ἐκεῖνον
2454 3174 2838 3248 φιλοστοργίαν
2879 3171 3215 3244 προσέταξεν
3251 3169 3327 3234 ὠς
3365 3169 3597 3238 τάχιστα
3623 3182 3791 3220 κατα-

498 3278 714 3346 copiam
773 3292 1039 3347 aquarum
1100 3293 1264 3348 quam
1329 3279 1594 3334 citissime
1644 3281 1756 3352 66
1794 3281 2097 3336 exhauriri.

500 3370 680 3438 Atque
728 3377 788 3421 ut
837 3369 1121 3423 immensae
1173 3385 1288 3425 sua:
1339 3370 1600 3428 bonitatis
1643 3373 2100 3444 signiﬁcationem

501 3461 808 3532 praeberet,
857 3461 1114 3515 addidit:
1181 3481 1199 3512 ι
1237 3462 1392 3528 Quod
1448 3465 1616 3519 etiam
1670 3465 1989 3519 recordatus
2031 3465 2105 3520 sit

502 3553 755 3608 omnium
804 3569 1064 3624 pecorum
1124 3564 1178 3610 et
1231 3556 1620 3612 universorum
1677 3557 1984 3612 volatilium
2049 3567 2104 3613 et

504 3647 811 3716 reptilium,
843 3663 965 3717 qua:
1001 3657 1158 3703 erant
1201 3664 1328 3704 cum
1374 3651 1468 3705 illo
1512 3651 1566 3705 in
1611 3666 1739 3705 arca
1776 3651 1819 3704 °.
1853 3669 1870 3702 ι
1906 3648 2103 3704 Nostra

505 3749 689 3795 autem
719 3756 884 3795 causa
913 3741 1074 3795 etiam
1103 3741 1190 3797 his
1215 3744 1504 3798 consulere
1527 3744 1781 3815 dignatus
1803 3752 1924 3800 est:
1957 3745 2105 3814 quod

503 3841 562 3889 et
590 3849 824 3904 magnus
852 3833 946 3888 ille
975 3833 1144 3889 David
1175 3836 1378 3890 clamat
1403 3853 1416 3889 :
1455 3855 1473 3887 ι
1501 3835 1606 3901 Qui
1636 3835 1889 3905 producit
1915 3834 2104 3890 fenum

501 3925 798 3996 jumentis,
859 3935 913 3981 et
962 3927 1185 3981 herbam
1242 3928 1493 3984 servituti
1555 3929 1842 3982 hominum
1884 3940 1933 3980 P.
1969 3947 1987 3980 ›
2040 3927 2109 3984 Ει

507 4014 704 4069 iterum
731 4031 745 4067 :
776 4033 795 4066 ι
820 4015 1081 4070 Homines
1105 4025 1158 4070 et
1181 4016 1432 4085 jumenta
1462 4014 1723 4082 salvabis,
1756 4015 1988 4071 Domine
2010 4025 2059 4069 «ι.
2081 4035 2101 4068 ι

506 4106 736 4178 Propter
766 4125 867 4166 nos
896 4110 1042 4166 enim
1073 4110 1240 4165 etiam
1273 4119 1462 4166 nostra
1497 4118 1676 4164 curat.

1073 4225 1530 4283 INTERR.LHL
1609 4295 1612 4300 ι

608 4341 753 4409 Quid
786 4355 863 4399 est
893 4359 912 4398 .'
948 4362 966 4395 ι
1006 4337 1197 4404 Olfecit
1221 4341 1363 4396 Deus
1390 4340 1605 4394 odorem
1627 4336 1910 4392 suavitatis
1931 4337 1958 4390 7
1981 4355 2000 4388 ι

577 4494 834 4564 Suscepit
875 4494 1049 4565 ipsius
1073 4491 1190 4549 Noe
1233 4493 1725 4564 promptitudinem
1763 4494 1968 4559 animi,
1999 4510 2108 4548 non

2207 3275 2440 3345 ποθῆναι
2491 3271 2552 3325 τὸ
2606 3269 2835 3340 ἄπειρον
2888 3268 3065 3319 ἐκεῖνο
3113 3265 3208 3318 καὶ
3264 3261 3572 3333 ἀμέτρητον
3630 3258 3794 3328 ὕδωρ.

2205 3368 2383 3440 Δὴλην
2439 3365 2497 3418 δὲ
2551 3360 2720 3416 αὑτοῦ
2761 3357 2932 3413 ποιῶν
2980 3357 3082 3426 τὴν
3129 3355 3408 3425 ἄφραστον
3457 3350 3795 3440 ἁγαθότητα,

2207 3439 2581 3532 προσέθηκεν,
2628 3455 2712 3508 ὅτι
2759 3471 2780 3504 ι
2835 3449 2948 3504 Καὶ
2999 3449 3216 3502 πάντων
3258 3444 3369 3499 τῶν
3415 3440 3654 3532 κτηνῶν,
3703 3439 3800 3532 καὶ

2207 3531 2430 3606 παντων
2448 3548 2557 3603 τῶν
2581 3543 2866 3608 πετεινῶν,
2889 3541 2987 3596 καὶ
3018 3540 3237 3594 πάντων
3262 3537 3374 3590 τῶν
3403 3531 3672 3606 ἑρπετῶν,
3697 3531 3803 3584 ὅσα

2206 3641 2277 3716 ἦν
2310 3642 2424 3715 μετ’
2455 3638 2622 3696 αὑτοῦ
2655 3642 2711 3693 ὲν
2742 3640 2808 3708 τῇ
2840 3633 3080 3704 κιϐωτῷ.
3119 3653 3136 3684 ι
3186 3631 3379 3702 Ἦμῶν
3409 3628 3465 3682 δὲ
3509 3627 3669 3698 χάριν
3705 3624 3802 3677 καὶ

2207 3736 2381 3791 ταῦτα
2417 3731 2763 3804 προμηθείας
2794 3727 3048 3799 ἠξίωσεν.
3084 3723 3259 3777 Τοῦτο
3288 3722 3398 3791 γὰρ
3428 3719 3526 3773 καὶ
3559 3720 3587 3771 ὁ
3628 3716 3806 3786 μέγας

2209 3828 2373 3884 Δαὸὶδ
2414 3827 2546 3898 βοᾷ·
2595 3843 2615 3876 ‹
2664 3823 2722 3876 '0
2767 3817 3136 3887 ὲξανατέλλων
3181 3815 3373 3886 χόρτον
3406 3813 3520 3874 τοῖς
3551 3810 3804 3878 κτήνεσι,

2210 3925 2306 3978 καὶ
2337 3921 2500 3992 χλόην
2529 3919 2594 3989 τῇ
2629 3914 2846 3986 δουλείᾳ
2877 3912 2986 3965 τῶν
3027 3907 3355 3980 ἀνθρώπων.
3407 3924 3425 3956 ι
3459 3903 3570 3957 Καὶ
3600 3900 3804 3954 πάλινο

2216 4033 2236 4066 ι
2270 4011 2622 4084 Ἀνθρώπους
2654 4009 2752 4061 καὶ
2783 4006 2962 4076 κτήνη
2995 4001 3212 4064 σώσεις,
3237 3997 3413 4070 Κύριε
3429 3997 3496 4050 ⁸⁸.
3517 3993 3630 4048 »Δι’
3654 3992 3810 4062 ἡμᾶς

2209 4107 2321 4180 γὰρ
2351 4106 2446 4160 καὶ
2474 4104 2583 4158 τῶν
2613 4100 2904 4174 ἡμετέρων
2942 4094 3309 4166 ἐπιμελεῖται.

2768 4213 2967 4266 ΕΡΩΤ.
3009 4211 3136 4264 NI".

2218 4333 2279 4388 Τί
2318 4331 2526 4394 ἐστιν,
2575 4347 2593 4379 ι
2658 4325 3003 4447 “ﬂagrum-gn
3079 4322 3297 4389 Κύριος
3343 4318 3387 4349 ⁸³
3462 4313 3664 4384 ὀσμὴν
3707 4313 3810 4366 εὐ-

2880 4413 2924 4447 ω
2967 4408 3104 4447 tac:
3141 4410 3158 4443 ι

2880 4408 3104 4460 (namq;
3141 4410 3158 4443 ι

2296 4491 2624 4557 ’Υπεδέξατο
2662 4486 2758 4542 τοῦ
2803 4486 2930 4540 Νῶε
2969 4486 3032 4539 τὸ
3062 4484 3366 4553 εὔγνωμον,
3397 4479 3460 4532 οὐ
3491 4480 3556 4548 τῇ
3607 4475 3810 4547 κνίσσῃ

510 4585 730 4654 quidem
786 4564 910 4642 hoc
939 4585 1133 4641 nidore
1170 4585 1510 4652 delectatus,
1573 4585 1708 4639 nihil
1755 4585 1903 4640 enim
1954 4584 2097 4655 pejus

2215 4584 2500 4656 τερφθείς·
2545 4581 2718 4635 ὀστῶν
2768 4579 2878 4652 7&9
2926 4577 3235 4648 καιομένων
3278 4573 3429 4628 οὐδὲν
3475 4567 3810 4624 δυσωδέστε-

512 4678 651 4743 olet,
678 4695 842 4749 quam
869 4695 995 4735 ossa
1018 4689 1211 4735 exusta
1230 4719 1245 4746 ,
1288 4681 1382 4734 sed
1410 4678 1690 4734 olierentis
1717 4677 1963 4733 animum
1999 4679 2097 4732 lau-

2220 4696 2313 4752 ρον
2333 4695 2348 4709 ο
2401 4674 2540 4730 ἀλλὰ
2584 4673 2683 4746 τὴν
2716 4671 2811 4726 τοῦ
2845 4668 3308 4744 προσενηνοχὸτος
3339 4663 3636 4724 ἐπαινέσας
3666 4658 3811 4727 γνὼ-

511 4769 669 4824 dans.
713 4768 834 4825 Non
879 4771 1026 4826 enim
1067 4779 1252 4840 partes
1291 4784 1592 4840 corporeas
1637 4769 1804 4825 habet
1848 4769 2021 4836 Deus,
2054 4783 2097 4824 ω

2220 4788 2350 4843 μην.
2391 4769 2465 4823 Οὐ
2501 4768 2612 4839 γὰρ
2652 4763 2941 4836 σωματικὰ
2987 4762 3101 4832 ἔχει
3141 4763 3325 4832 μόρια,
3377 4757 3468 4812 ἵνα
3515 4753 3610 4826 καὶ
3653 4753 3812 4843 ῥῖνας

511 4866 591 4926 illi
618 4882 777 4943 pares
806 4869 972 4923 etiam
1013 4869 1256 4925 tribuere
1296 4869 1598 4938 possimus.
1634 4865 1774 4922 Nam
1818 4882 1912 4937 per
1949 4882 2112 4923 nares

587 5031 778 5088 tGen.
847 5048 924 5098 γι,
983 5032 1075 5087 21.
1180 5032 1208 5072 ιι
1239 5031 1376 5087 Gen.
1409 5046 1463 5094 I,
1516 5029 1610 5096 29,
1655 5030 1747 5086 50.

514 5112 545 5155 P
574 5101 720 5160 Psal.
758 5118 876 5170 cm,
913 5102 1002 5157 14.
1075 5111 1106 5153 (ι
1139 5101 1286 5158 Psal.
1323 5117 1487 5165 xxxv,
1518 5101 1571 5154 7.

1857 5027 1878 5069 ι
1913 5027 1931 5083 Ι
1968 5027 2101 5100 Reg.
2152 5043 2246 5094 xv,
2273 5027 2363 5084 II.
2440 5035 2481 5058 ἰ
2514 5025 2651 5082 Gen.
2683 5039 2762 5090 vr,
2793 5021 2848 5077 7.

2215 4842 2366 4936 αὑτῷ
2400 4859 2714 4933 περιθῶμεν
2734 4873 2748 4889 ·
2782 4857 2872 4912 διὰ
2901 4855 3065 4930 ῥινῶν
3093 4855 3202 4924 γὰρ
3233 4855 3267 4924 ἡ
3294 4852 3582 4922 ὄσφρησις.
3626 4842 3814 4914 Ἀμεί-

2955 5027 2986 5057 ³³
3017 5017 3157 5075 Gen.
3185 5029 3304 5078 vni,
3335 5012 3389 5068 l.
3501 5019 3524 5042 ⁶
3559 5005 3695 5062 ibid.
3753 5005 3812 5058 1.

1374 5192 1611 5252 VARIE
1665 5188 2052 5248 LECTIONES
2096 5186 2192 5242 EX
2227 5184 2514 5244 CATENA
2556 5178 2915 5239 LIPSIENSI.

591 5319 636 5352 θ’
659 5316 760 5372 Cat
819 5331 876 5384 p.
911 5315 1036 5382 148,
1073 5322 1199 5386 post
1235 5311 1411 5386 Κύριε
1447 5311 1700 5384 sequitur
1724 5309 1800 5375 ὡς
1826 5307 2097 5380 ὲπλήθυνα

2202 5305 2242 5359 πὸ
2274 5304 2424 5369 ἔλεός
2468 5321 2564 5359 σου
2602 5299 2688 5373 ἐφ’
2720 5299 2920 5372 ήμᾶςά
2989 5295 3038 5330 ⁸⁸
3066 5293 3187 5352 Cat.
3215 5307 3268 5364 p.
3315 5291 3440 5348 155.
3477 5290 3658 5365 ὠσφρ.
3693 5289 3818 5346 Κύ-

525 5405 639 5461 ριος
671 5390 698 5440 ὁ
729 5386 884 5450 Θεός.

2031 5466 2264 5523 NOTIE.

604 5592 714 5664 (69)
745 5591 1124 5664 Σπερμαῖνον
1151 5590 1412 5660 σπέρμα.
1441 5588 1580 5645 Cod.
1616 5586 1930 5664 σπαρμένον
1954 5581 2118 5664 clm-59-

516 5654 634 5736 νμσῘ.
661 5654 842 5727 Picus,
864 5654 1494 5736 ὶσπ-αρμένονσπερμα,
1526 5659 1690 5736 et_sic
1728 5654 1948 5736 quoque
1976 5654 2116 5736 Dru-

533 5724 671 5798 sius,
702 5736 737 5787 l.
767 5724 836 5787 cf
857 5749 912 5804 p.
955 5724 1188 5800 4,'hanc
1215 5724 1429 5804 Aquila:
1461 5724 1766 5804 versionem
1789 5724 2115 5804 e__'I‘heodo-

533 5794 875 5861 rcto'nostro'
893 5794 1139 5874 protulit,
1175 5794 1296 5875 qui'
1323 5814 1503 5875 tamen
1539 5801 1595 5853 in
1621 5797 1898 5852 Addendis
1941 5811 1992 5863 p.
2021 5794 2110 5875 8§,

528 5887 815 5950 perperam
883 5863 1512 5934 substituit'lectioncm
1543 5879 1857 5939 corruptum
1895 5863 2114 5934 σπειρό-

2228 5576 2538 5652 μεννίἰοιιιι
2584 5573 2720 5631 satis
2765 5567 3355 5652 const'athquteﬂhocr
3391 5561 3667 5652 IDQQHSI‘I.
3687 5574 3820 5652 vena

2223 5629 2892 5720 Κάν-ἱιῖἑῖίοιειίποιειιο,⁸
2917 5629 3030 5720 Pici
3057 5629 3366 5720 “lectionem
3421 5633 3597 5720 habet;
3617 5629 3818 5720 Monii":

2224 5700 2529 5790 liii-p.173,
2564 5700 2656 5771 sed
2681 5732 2732 5782 p.
2765 5713 2854 5790 1?,
2882 5714 2935 5790 in
2961 5713 3094 5790 ipso.
3115 5718 3265 5790 textu
3283 5706 3471 5763 Grzcco
3513 5703 3676 5774 longe
3705 5700 3818 5755 alia

2223 5804 2304 5848 est
2331 5781 2533 5854 versio,
2576 5781 2738 5857 quam
2773 5781 2988 5855 Aquila:
3007 5781 3219 5838 tribuit.
