4136 6426
362 381 461 446 15⁸1

1416 385 1703 457 QUIEST.
1724 388 1805 447 IN
1837 388 2105 450 GENES.
2125 390 2283 451 CAP.
2315 392 2456 454 VIII
2516 391 2622 451 IX.

3544 386 3647 455 158

361 500 517 553 σεται
544 494 646 554 οὖν
675 500 850 556 αὐτὸν
878 505 947 572 τῇ
978 501 1227 574 εὐλογῑᾳυ
1261 500 1355 555 καὶ
1386 501 1576 572 ἐπειδὴ
1608 500 1832 572 σπέρμα
1865 500 1955 553 τοῦ

2065 502 2122 557 ﬁt
2156 502 2408 558 olfactus.
2443 502 2775 558 Remunerat
2814 500 2979 568 igitur
3021 501 3171 557 illum
3223 502 3602 558 benedictione
3624 524 3642 560 :

362 587 554 656 γένους
579 583 677 658 ἦν,
703 591 804 643 καὶ
830 591 961 662 ῥίζα
985 592 1088 661 τῆς
1108 590 1340 661 φύσεως,
1366 590 1460 645 καὶ
1483 590 1734 661 δεύτερος
1769 591 1960 661 Ἀδάμ,

361 677 581 731 δίδωσιν
620 678 775 749 αὐτῷ
820 681 923 751 τὴν
955 681 1227 751 εὐλογίαν,
1278 675 1347 753 ἧς
1397 683 1605 744 ἐκεῖνος
1656 680 1816 745 εὐθὺς
1846 682 1962 735 δια-

366 766 633 831 πλασθεὶς
659 769 1068 826 άπολελαύκειο
1112 791 1131 824 ι
1188 773 1520 840 Αὑξάνεσθε,
1556 773 1652 827 καὶ
1697 772 1964 843 πληθύνε-

366 856 482 922 σθε,
515 857 617 911 καὶ
652 859 987 931 πληρώσατε
1030 861 1131 933 τὴν
1172 862 1297 932 γῆν,
1352 865 1448 917 καὶ
1493 862 1961 934 κατακυριεύσατε

363 947 536 1018 αὐτῆς
567 948 615 980 ⁸⁵
636 965 651 977 ·
675 952 774 1003 καὶ
797 952 826 1004 ὀ
851 951 1021 1019 φόϐος
1048 952 1204 1022 ὑμῶν
1224 954 1318 1007 καὶ
1349 956 1377 1007 ὁ
1400 954 1604 1025 τρόμος
1633 953 1786 1024 ὑμῶν
1811 953 1963 1006 ἔσται

361 1036 457 1090 ἐπὶ
484 1039 628 1091 πᾶσι
672 1041 789 1103 τοῖς
820 1039 1035 1112 θηρίοις
1067 1042 1168 1110 τῆς
1191 1041 1318 1111 γῆς,
1350 1043 1443 1096 καὶ
1476 1043 1521 1074 ⁸⁸
1552 1043 1645 1096 ἐπὶ
1670 1042 1849 1096 πάντα
1893 1043 1962 1096 τὰ

361 1131 593 1183 πετεινὰ
636 1129 734 1184 τοῦ
769 1132 1032 1203 οὐρανοῦ,
1065 1136 1161 1187 καὶ
1190 1135 1284 1187 ἐπὶ
1322 1134 1500 1187 πάντα
1548 1135 1618 1189 τά
1666 1133 1962 1202 κινούμενα

359 1221 455 1274 ἐπὶ
479 1221 587 1291 τῆς
614 1223 742 1292 γῆς,
769 1226 865 1276 καὶ
892 1225 986 1277 ἐπὶ
1016 1223 1226 1288 πάντας
1248 1227 1374 1289 τοὺς
1403 1224 1595 1295 ἰχθύας
1621 1225 1722 1296 τῆς
1756 1224 1960 1278 θαλάσ-

360 1330 481 1385 σης,
514 1313 553 1368 ἃ
587 1315 698 1368 ὑπὸ
731 1318 889 1387 χεῖρα
917 1316 1049 1387 ὑμῖν
1075 1316 1301 1372 δέδωκα.
1346 1336 1365 1370 ο
1407 1316 1519 1371 Καὶ
1558 1317 1585 1369 ὁ
1613 1316 1771 1385 λόγος
1800 1315 1961 1385 ἔργον

356 1404 555 1473 γέγονε
582 1420 600 1436 ⁸
625 1404 769 1458 δέδιε
793 1406 903 1477 γὰρ
934 1407 1151 1460 ἅπαντα
1176 1409 1271 1462 καὶ
1294 1406 1465 1478 αὐτὴν
1494 1407 1593 1477 τὴν
1620 1406 1714 1460 τοῦ
1751 1405 1960 1478 ἀνθρώ-

357 1511 462 1547 που
502 1497 697 1561 σκιὰν,
733 1497 829 1550 καὶ
863 1496 931 1549 τὰ
977 1497 1175 1570 νηκτὰ,
1222 1498 1316 1551 καὶ
1350 1498 1418 1551 τὰ
1464 1500 1716 1569 χερσαῖα,
1751 1499 1847 1552 καὶ
1892 1498 1960 1552 τὰ

354 1586 563 1657 πτηνά.
601 1582 739 1639 Εἶτα
767 1586 860 1639 τδν
892 1588 1023 1656 περὶ
1052 1590 1154 1659 τῆς
1185 1589 1539 1659 κρεωφαγίας
1578 1588 1729 1659 αὐτῷ
1757 1590 1958 1642 δέδωκε

353 1677 546 1746 νόμον,
580 1677 662 1740 ὡς
702 1676 956 1748 λαχάνων
994 1677 1105 1732 τῶν
1132 1678 1310 1750 κρεῶν
1339 1679 1639 1733 ἀπολαύειν
1669 1678 1955 1743 κελεύσας.

970 1791 1167 1848 ΕΡΩΤ.
1207 1794 1311 1847 NA'
1333 1793 1400 1850 ⁸⁸.

354 1905 531 1970 Τίνος
570 1904 760 1975 χάριν
802 1906 1168 2045 ἁπαῃῗειεὲῗέ
1338 1911 1596 2009 ,αἵματος
1630 1911 1748 1980 τὴν
1775 1912 1957 1983 μετά-

1336 2021 1352 2046 ι

1013 1994 1168 2045 mw
1208 1994 1352 2046 tm);

419 2065 782 2135 Σαφέστερον
826 2066 1068 2134 ἐδίδαξεν
1110 2069 1169 2121 ὲν
1209 2069 1288 2140 τῷ
1327 2072 1511 2143 νόμῳο
1549 2091 1569 2124 ι
1628 2073 1807 2144 Ὅπερ
1847 2075 1957 2145 γάρ

348 2159 467 2211 ἐστι
487 2198 503 2219 ,
538 2158 745 2229 φησὶν,
794 2156 1073 2230 ἀνθρώπῳ
1101 2159 1249 2230 ψυχὴ
1272 2200 1287 2224 ,
1322 2161 1483 2216 τοῦτο
1508 2166 1620 2227 τοῖς
1651 2164 1870 2233 ἀλόγοις
1895 2167 1957 2219 τὸ

346 2245 513 2319 αἷμα.
562 2270 583 2302 ι
619 2250 762 2320 Δὶχα
791 2250 977 2303 τοίνυν
1027 2252 1122 2304 τοῦ
1160 2252 1396 2322 αἵματος
1422 2254 1534 2308 τῶν
1572 2257 1752 2326 κρεῶν
1787 2276 1957 2329 μετα-

345 2340 656 2410 λαμϐάνων
672 2383 689 2407 ,
711 2340 792 2405 ὡς
818 2341 1069 2412 λαχάνων
1089 2342 1362 2411 δήπουθεν
1388 2347 1678 2419 μεταλήψῃ
1700 2365 1715 2379 ·
1749 2348 1956 2420 ἄψυχον

345 2436 457 2503 γάρ
485 2435 549 2487 τὸ
572 2434 838 2504 λάχανον.
877 2434 939 2487 El
969 2434 1027 2487 δὲ
1053 2435 1196 2505 μετὰ
1220 2437 1315 2490 τοῦ
1342 2438 1573 2505 αἵματος
1604 2439 1952 2510 μεταλάϐοις,

579 2523 814 2586 ἐσθίεις.
868 2523 962 2577 Διὸ
1007 2522 1073 2595 δὴ
1132 2527 1231 2579 καὶ
1268 2526 1505 2582 ἐνταῦθα
1541 2529 1684 2599 ἔφη,
1740 2550 1775 2591 ι,
1808 2531 1954 2605 Πλὴν

346 2617 519 2687 κρέας
553 2618 616 2668 ὲν
650 2615 856 2684 αἵματι
894 2615 1078 2686 ψυχῆς
1107 2617 1208 2671 οὐκ
1237 2616 1443 2673 Εδεσθε.
1480 2621 1592 2675 Καὶ
1615 2623 1726 2691 γὰρ
1754 2624 1954 2693 ὑμέτε-

356 2724 448 2778 ρον
476 2701 621 2777 αἷμα
660 2707 772 2759 τῶν
800 2706 997 2776 ψυχῶν
1025 2707 1181 2778 ὑμῶν
1203 2707 1494 2781 ὲκζητήσω
1522 2712 1660 2783 (62)·
1684 2714 1751 2767 ὲκ
1769 2716 1952 2786 χειρὸς

362 2797 583 2848 tium
607 2796 709 2849 τῶν
738 2794 952 2866 θηρίων
980 2795 1272 2867 ὲκζητήσω
1305 2800 1439 2853 αὐτό
1459 2801 1525 2832 ⁸⁷·
1545 2804 1609 2855 ἐκ
1645 2803 1826 2873 χειρὸς
1850 2807 1950 2857 άνο

372 2885 599 2956 θρώπου
624 2886 842 2957 ἀδελφοῦ
871 2888 1043 2942 αὑτοῦ
1067 2889 1359 2963 ὲκζητήσω
1379 2891 1478 2964 τὴν
1498 2893 1677 2966 ψυχὴν
1702 2895 1890 2949 αὑτοῦ.
1925 2915 1945 2949 ι

383 2974 643 3028 Ἐνταῦθα
673 2977 972 3031 αἰνίττεται
999 2979 1100 3047 τὴν
1132 2981 1464 3036 ἀνάστασιν·
1497 2982 1595 3054 οὐχ
1631 2982 1708 3045 ὡς
1740 2983 1812 3036 τά
1847 2983 1947 3056 θη-

357 3066 454 3140 ρία
484 3067 741 3137 παράξων
770 3071 853 3133 εἰς
885 3068 948 3123 τὸ
979 3071 1285 3142 κριτήριον,
1312 3072 1409 3126 καὶ
1435 3073 1593 3136 δίκας
1613 3075 1714 3144 τῆς
1737 3073 1948 3145 ἀνθρω-

2061 605 2120 649 et
2140 609 2266 648 cum
2293 602 2441 649 esset
2471 609 2655 649 semen
2688 595 2921 662 generis,
2952 604 3005 647 et
3033 594 3186 648 radix
3218 602 3453 656 naturai,
3482 603 3643 663 atque

2064 686 2336 741 secundus
2369 685 2561 747 Adam,
2591 685 2821 749 largitur
2852 685 2955 754 ipsi
2987 684 3444 751 benedictionem,
3478 701 3639 754 quam

2064 786 2390 831 consecutus
2416 785 2532 829 erat
2564 775 2651 827 ille
2679 775 2883 837 statim,
2916 775 3008 828 ubi
3041 774 3304 828 formatus
3332 784 3437 829 est.
3470 795 3490 827 ‹
3522 778 3649 827 (ἰννο

2025 917 2027 919 ,
2064 869 2217 931 scite,
2251 877 2308 923 et
2333 866 2785 935 multiplicamini,
2815 875 2868 920 et
2898 867 3096 936 replete
3131 876 3353 925 terram.
3389 873 3443 919 et
3467 866 3642 916 timui-

2065 961 2118 1014 ni
2151 961 2272 1015 sitis
2297 960 2416 1029 ejus
2445 970 2487 1011 ι’.
2520 990 2590 1000 -
2622 957 2685 1011 Et
2716 958 2879 1011 timor
2905 973 2969 1013 ac
3000 967 3203 1012 tremor
3229 958 3392 1011 vestri
3419 958 3524 1011 erit
3555 974 3647 1006 su-

2064 1067 2160 1122 per
2183 1068 2375 1107 omnes
2401 1053 2602 1107 bestias
2647 1059 2830 1115 terrae,
2868 1059 2921 1104 et
2963 1065 3128 1119 super
3165 1050 3351 1103 omnia
3400 1048 3639 1103 volatilia

2063 1144 2216 1208 cteli,
2278 1153 2332 1199 et
2390 1158 2553 1211 super
2582 1142 2764 1197 omnia
2796 1157 2917 1211 qua:
2972 1150 3259 1195 moventur
3310 1156 3477 1209 super
3518 1147 3629 1194 ter-

2062 1250 2202 1297 ram,
2234 1245 2287 1290 et
2316 1250 2479 1304 super
2527 1249 2716 1288 omnes
2750 1235 2929 1303 pisces
2961 1232 3128 1289 maris
3155 1250 3169 1285 :
3197 1247 3317 1300 quae
3347 1231 3450 1286 sub
3475 1246 3638 1286 manu

2061 1325 2219 1380 vobis
2241 1325 2363 1380 dedi
2386 1332 2434 1379 ⁸.
2459 1343 2478 1376 ι
2504 1322 2572 1378 Et
2596 1324 2799 1389 evenit,
2831 1331 2890 1378 ut
2909 1323 3113 1377 dictum
3137 1330 3240 1379 est.
3265 1320 3636 1377 Beformidant

2061 1416 2207 1472 enim
2234 1416 2489 1471 universa
2514 1415 2769 1469 animalia
2795 1414 2878 1469 vel
2908 1414 3084 1483 ipsam
3102 1413 3342 1467 hominis
3366 1413 3638 1476 umbram,

2061 1510 2176 1563 sive
2201 1510 2445 1563 natatilia
2468 1551 2482 1575 ,
2512 1509 2628 1564 sive
2658 1508 2959 1572 terrestria,
2990 1507 3105 1561 sive
3129 1488 3392 1560 volatilia.
3425 1508 3443 1527 '
3480 1503 3637 1558 Post-

2064 1603 2284 1656 modum
2318 1602 2467 1656 dedit
2497 1601 2572 1655 illi
2609 1602 2782 1670 legem
2811 1599 3035 1654 edendae
3063 1599 3276 1662 carnis,
3324 1597 3638 1666 praecipiens

2060 1695 2319 1752 carnibus
2346 1694 2491 1750 vesci
2515 1736 2535 1759 ,
2568 1690 3030 1764 quemadmodum
3060 1704 3114 1745 et
3142 1689 3406 1744 oleribus.

2541 1806 2651 1877 θ’]
2704 1802 2980 1859 umens.
3026 1799 3161 1858 LIV.

2098 1918 2449 1985 Quamobrem
2491 1934 2556 1973 ne
2592 1918 2898 1987 sanguinem
2933 1916 3269 1986 degustat-ent
3295 1912 3604 1984 prohibuit?

2128 2073 2388 2144 Apertius
2414 2071 2601 2128 docuit
2627 2072 2680 2125 in
2705 2070 2866 2142 lege:
2900 2087 2921 2122 ι
2958 2069 3112 2138 Quod
3141 2068 3287 2125 enim
3323 2067 3530 2122 homini
3556 2075 3641 2122 est

2058 2168 2275 2233 anima,
2308 2167 2529 2236 inquit,
2570 2166 2673 2221 hoc
2716 2163 3047 2219 animalibus
3096 2161 3511 2217 irrationalibus
3555 2168 3634 2214 est

2058 2256 2585 2328 sanguis‘altaque
2628 2256 2674 2310 si
2717 2270 2905 2310 sumas
2939 2253 3056 2309 sine
3095 2252 3362 2322 sanguine
3405 2263 3634 2314 carnes,

2057 2345 2248 2414 utique
2284 2353 2542 2414 tanquam
2583 2345 2705 2399 olus
2744 2342 3141 2398 manducabis:
3173 2342 3295 2396 olus
3318 2340 3482 2394 etiam
3514 2338 3637 2392 ani-

2057 2452 2144 2490 ma
2174 2434 2513 2503 caret.Quod
2540 2437 2584 2490 si
2609 2451 2734 2491 cum
2762 2437 3027 2506 sanguine
3047 2432 3368 2503 sumpseris,
3397 2430 3635 2485 animam

2055 2524 2377 2579 manducas.
2414 2523 2717 2593 Propterea
2750 2532 2803 2577 et
2838 2522 2942 2577 boc
2977 2522 3099 2576 loco
3129 2520 3306 2575 dixit:
3350 2539 3369 2571 ι
3402 2517 3638 2573 Verum-

2056 2624 2236 2670 tamen
2276 2629 2494 2669 carnem
2526 2613 2579 2666 in
2625 2611 2892 2682 sanguine
2935 2610 3135 2665 anima:
3172 2625 3282 2664 non
3316 2606 3634 2664 comedetis.

2056 2706 2270 2760 Etenim
2297 2705 2617 2775 sanguinem
2644 2703 2953 2757 animarum
2981 2710 3288 2756 vestrarum
3324 2700 3594 2769 requiram
3618 2717 3632 2754 :

2053 2794 2120 2847 dc
2152 2807 2315 2845 manu
2355 2790 2599 2844 omnium
2631 2789 2930 2844 bestiarum
2962 2788 3237 2856 requiram
3264 2787 3414 2841 illum
3440 2828 3455 2853 ,
3485 2797 3537 2841 et
3569 2786 3638 2842 de

2054 2895 2218 2933 manu
2247 2878 2485 2932 hominis
2511 2876 2696 2931 fratris
2723 2877 2807 2931 sui
2834 2876 3109 2945 requiram
3133 2877 3368 2929 animam
3395 2875 3515 2945 ejus
3536 2883 3585 2929 ιι.
3609 2893 3630 2927 ι

2052 2970 2153 3026 liic
2184 2971 2428 3025 insinuat
2458 2969 2916 3025 resurrectionem
2943 2987 2957 3023 :
2993 2984 3098 3023 non
3123 2968 3266 3037 quod
3303 2967 3506 3022 bestias
3539 2983 3636 3023 vo-

2051 3072 2277 3118 caturus
2300 3060 2374 3117 sit
2400 3061 2454 3115 in
2483 3061 2752 3132 judicium
2777 3098 2794 3125 ,
2828 3070 2883 3114 et
2908 3061 2975 3114 de
3004 3060 3092 3114 bis
3124 3059 3453 3129 supplicium
3480 3074 3635 3113 sum-

353 3158 631 3229 ποφαγὶας
677 3159 1158 3231 εἰσπραξάμενος·
1207 3161 1324 3216 ἀλλ’
1365 3162 1441 3226 ὡς
1486 3162 1554 3217 τὰ
1597 3164 1701 3217 ὑπὸ
1741 3164 1948 3218 τούτων

2054 3162 2267 3224 pturus,
2296 3168 2360 3209 eo
2379 3152 2524 3223 quod
2552 3153 2799 3207 homines
2828 3152 3175 3207 devorarint:
3199 3151 3293 3205 sed
3322 3159 3381 3204 ut
3408 3165 3635 3219 congre-

344 3247 813 3301 utmalwﬁs'wa
848 3248 1085 3318 σώματα
1116 3250 1359 3315 συνάξων
1387 3268 1449 3304 τε
1481 3253 1576 3306 καὶ
1609 3255 1947 3325 συναναστή-

344 3353 471 3393 σων.
512 3355 532 3390 ι
576 3339 674 3399 Ἐν
700 3338 816 3409 γὰρ
838 3342 906 3410 τῇ
935 3342 1084 3410 χειρὶ
1101 3341 1267 3395 αὐτοῦ
1294 3342 1364 3396 τὰ
1389 3342 1601 3415 πέρατα
1624 3345 1724 3415 τῆς
1749 3345 1854 3416 γῆς
1871 3361 1886 3377 ο
1922 3366 1941 3398 ι

338 3431 433 3484 καὶ
474 3432 667 3501 ῥᾴδιον
718 3430 876 3501 αὐτῷ
912 3432 1180 3486 πάντοθεν
1210 3437 1543 3503 συναγαγεῖν
1577 3436 1636 3489 τὸ
1679 3437 1946 3509 ἡμέτερον

336 3521 535 3594 σῶμα·
570 3523 820 3577 ἐνταῦθα
852 3523 958 3593 μὲν
998 3524 1416 3593 αἰνιγματωδῶς
1450 3525 1611 3581 τοῦτο
1636 3527 1906 3598 δεδήλωκε
1928 3543 1943 3557 ο

336 3612 425 3667 διὰ
445 3612 507 3667 δὲ
559 3613 836 3686 Ἰεζεκιὴλ
870 3613 1210 3686 σαφέστερον
1238 3614 1473 3687 ἐκήρυξε
1497 3616 1597 3688 τὴν
1621 3618 1944 3674 ἀνάστασιν.

963 3810 1164 3866 ΕΡΩΤ.
1201 3809 1333 3865 NE'.

334 3920 505 3975 Διατί
552 3919 631 3975 δὲ
678 3919 843 3986 ὅλως
878 3919 999 3989 τὴν
1047 3922 1429 3991 κρεωφαγιαν
1470 3922 1948 3994 ἐνομοθέτησεν;

407 4010 600 4075 Εὐθὺς
673 4010 1100 4084 δημιουργήσας
1152 4012 1246 4066 τὸν
1316 4014 1645 4088 ἄνθρωπον,
1695 4019 1796 4085 τῆς
1841 4018 1949 4089 γῆς

338 4102 495 4173 αὐτῷ
520 4103 657 4167 τοὺς
685 4104 944 4174 καρποὺς
973 4103 1313 4176 ἐδωρήσατο,
1343 4106 1454 4160 άπὸ
1490 4108 1824 4180 σπερμάτων
1850 4110 1948 4164 καὶ

340 4194 583 4268 δένδρων
618 4194 892 4265 βιοτεύειν
925 4196 1226 4261 κελεύσαςο
1264 4198 1404 4269 μετὰ.
1453 4199 1511 4252 δὲ
1545 4199 1637 4253 τὸν
1673 4202 1948 4255 κατακλυ-

343 4288 483 4354 σμὸν
504 4326 524 4352 ,
555 4287 776 4341 πλείονι
825 4286 1015 4343 τοῦτον
1050 4287 1419 4359 φιλοτιμεῖται
1450 4293 1630 4362 τρυφῇ
1666 4290 1810 4363 (65),
1850 4294 1947 4348 καὶ

341 4379 576 4433 πετεινὰ
627 4379 728 4433 καὶ
767 4380 947 4450 νηκτὰ
978 4378 1097 4453 (64)
1143 4381 1238 4435 καὶ
1270 4385 1503 4454 χερσαῖα
1548 4368 1852 4447 ςῶαθθύειν
1884 4403 1944 4439 τε

2048 3256 2275 3318 gaturus
2322 3261 2552 3316 corpora
2588 3247 2656 3300 ab
2684 3245 2818 3315 ipsis
2845 3253 3171 3314 consumpta
3196 3284 3211 3309 ,
3247 3254 3299 3298 et
3332 3244 3422 3297 illa
3454 3243 3634 3298 susci-

2050 3348 2283 3395 taturus.
2324 3359 2343 3393 t
2373 3338 2429 3393 In
2465 3355 2628 3393 manu
2652 3341 2797 3393 enim
2832 3337 2950 3408 ejus
2977 3347 3107 3393 sunt
3132 3352 3324 3391 omnes
3355 3338 3492 3390 lines
3534 3343 3635 3388 ter-

2049 3448 2122 3488 rae
2143 3441 2195 3498 V,
2227 3452 2247 3486 ι
2283 3441 2337 3487 et
2361 3439 2446 3487 est
2477 3432 2551 3485 illi
2584 3430 2741 3486 facile
2769 3430 3130 3499 undecunque
3158 3443 3355 3498 corpus
3385 3437 3633 3482 nostrum

2053 3540 2403 3595 congregare.
2426 3523 2491 3578 Et
2511 3524 2600 3577 bic
2624 3523 2841 3592 quidem
2862 3521 3007 3575 istud
3033 3520 3240 3575 indicat
3261 3518 3630 3574 subobscure:

2051 3630 2150 3684 per
2183 3613 2524 3670 Ezechielem
2544 3625 2741 3668 'autem
2769 3611 2974 3667 clarius
3003 3609 3460 3666 resurrectionem
3494 3622 3634 3677 pree-

2053 3703 2273 3760 dicavit.

2633 3812 3068 3888 INTEuu,Lv.

2190 3932 2301 3990 Cur
2338 3931 2496 4003 plane
2522 3931 2586 3986 de
2611 3931 2862 3985 carnibus
2887 3928 3103 3983 edendis
3141 3927 3304 3998 legem
3334 3925 3493 3982 tulit?

2119 4022 2242 4079 Mox
2276 4025 2369 4079 ubi
2400 4032 2641 4080 creasset
2671 4022 2947 4077 hominem
2975 4060 2991 4087 ,
3024 4020 3168 4077 dedit
3206 4020 3283 4074 illi
3315 4029 3476 4074 terra;
3514 4016 3632 4073 fru-

2048 4125 2202 4181 ctus,
2246 4106 2635 4187 jubens'illum
2676 4115 2821 4170 vesci
2856 4114 3041 4169 fructu
3072 4113 3344 4168 seminum
3374 4119 3430 4164 et
3470 4110 3633 4164 arbo-

2047 4224 2172 4263 rum
2212 4226 2225 4263 :
2286 4218 2410 4277 post
2453 4207 2722 4262 diluvium
2769 4215 2950 4261 autem
3000 4203 3239 4274 majores
3278 4201 3355 4256 illi
3404 4201 3632 4256 delicias

2046 4298 2306 4354 muniﬁce
2345 4299 2595 4369 largitur,
2626 4298 2827 4368 jubens
2856 4295 3107 4351 occidere
3132 4303 3187 4349 et
3218 4293 3504 4348 comedere
3535 4306 3630 4345 vo-

2047 4390 2243 4454 latilia,
2276 4399 2331 4445 et
2357 4390 2624 4453 natatilia,
2654 4399 2708 4445 et
2738 4389 3022 4444 terrestria
3054 4387 3167 4458 68
3191 4385 3469 4449 animalia,
3503 4382 3631 4436 allec

343 4470 444 4562 καὶ
471 4471 685 4526 ἐσθιειν
720 4471 1023 4537 κελεύσας·
1059 4473 1225 4527 πάθει
1261 4475 1434 4537 πάθος
1465 4475 1797 4541 ἐξελαύνων,
1846 4478 1943 4531 καὶ

2054 4489 2198 4534 ctum
2228 4479 2422 4536 affectu
2455 4480 2753 4551 repellens,
2787 4488 2843 4534 et
2867 4478 3055 4537 leviori
3078 4492 3280 4532 curans
3301 4474 3627 4547 graviorem.

346 4558 425 4628 τῷ
453 4561 705 4616 ἐλάττονι
759 4562 1081 4633 θεραπεύων
1114 4563 1177 4617 τὸ
1220 4564 1425 4634 μεῖζον.
1464 4565 1722 4636 Προορῶν
1769 4567 1879 4638 γὰρ
1909 4569 1940 4622 ὁ

2054 4569 2363 4626 Ρνῖενίάεηε
2404 4571 2550 4626 enim
2600 4570 2743 4626 Deus
2798 4568 3048 4624 homines
3104 4567 3157 4622 in
3199 4580 3500 4622 extremam
3537 4564 3630 4619 de-

346 4650 502 4718 Θεὺς,
538 4654 626 4708 ὅτι
649 4651 827 4708 ταῦτα
854 4653 1035 4709 πάντα
1052 4655 1099 4687 ⁸⁸
1137 4655 1556 4726 θεοποιήσουσιν
1590 4660 1639 4710 oi
1669 4659 1749 4722 εἰς
1774 4659 1942 4731 ἐσχά-

420 4773 447 4802 !
482 4765 627 4841 Gen.
698 4780 821 4833 vut,
858 4766 948 4822 Π.
1020 4777 1043 4807 ι
1081 4764 1221 4825 Gen.
1258 4783 1336 4831 Ix,
1405 4768 1461 4837 2,
1496 4770 1551 4825 '5.
1641 4771 1659 4808 ί
1702 4771 1880 4829 Levit.
1951 4790 2068 4841 vn,

347 4848 512 4890 lt:le
530 4874 552 4903 ,
589 4836 646 4891 4.

2052 4664 2315 4719 mentiam
2340 4664 2548 4734 lapsos,
2577 4664 2695 4717 haec
2721 4660 2904 4716 omnia
2931 4675 3031 4732 pro
3054 4659 3161 4719 diis
3190 4659 3491 4723 habituros,
3515 4672 3630 4726 per-

2149 4775 2257 4847 26;
2334 4793 2486 4845 xvu,
2538 4777 2629 4833 14.
2705 4781 2736 4814 ι
2777 4774 2915 4834 Gen.
2990 4790 3086 4843 Ix,
3137 4773 3209 4844 4,
3279 4771 3333 4834 5.
3406 4781 3435 4812 τ
3475 4767 3623 4829 Psal.

1212 4930 1451 4989 VARIE
1491 4932 1879 4990 LEC'I'IONES
1928 4934 2022 4990 EX
2073 4933 2353 4991 CATENA
2383 4934 2747 4992 LIPSIENSI.

410 5037 463 5122 ξδ
486 5040 606 5122 ,καὶ
638 5039 828 5122 ἐπειδὴ
853 5072 923 5122 τ-
947 5060 1221 5122 κατακυρ.
1253 5044 1426 5115 αὐτῆς
1467 5045 1522 5122 in
1558 5054 1666 5122 cat.
1695 5063 1749 5117 p.
1941 5063 1955 5102 ι

2068 5047 2202 5102 Gen.
2239 5049 2409 5122 115,1;
2460 5048 2669 5122 reliqua
2699 5058 2901 5122 autem,
2940 5050 3096 5122 aceto

661 5110 796 5191 ibid.
815 5106 891 5165 ἰιιί
914 5128 1067 5191 _ve_r_s_.
1090 5114 1127 5167 2
1159 5106 1421 5191 castam;—
1452 5116 1510 5191 _“
1550 5118 1666 5169 (lat.
1808 5117 1945 5191 l55,_

2054 5156 2056 5166 .
2088 5136 2149 5172 π.
2178 5135 2228 5172 τ.
2270 5106 2407 5191 θὴρί
2431 5135 2483 5176 τ.
2539 5106 2762 5191 γῆςμκαι
2800 5106 2911 5175 οηί.

3144 5049 3308 5120 φόϐος
3366 5080 3425 5091 -
3464 5049 3625 5103 άπολ.

3023 5121 3068 5153 ⁸⁸
3098 5121 3300 5186 Ουωει.
3335 5120 3404 5175 54
3424 5120 3477 5173 in
3515 5130 3624 5174 cat.

343 5192 395 5276 pi.
412 5177 727 5276 gl“
752 5181 1387 5276 quaestLﬁ-pqniturin
1436 5177 1894 5276 du‘asnseciionleps”
1914 5177 2088 5276 divisa
2113 5230 2128 5255 ,
2164 5177 2401 5257 quarunt
2461 5177 2734 5261 posterior
2768 5198 2947 5245 exstat
2977 5204 3034 5262 p.
3061 5177 3184 5272 157,
3210 5191 3278 5246 ad
3306 5189 3443 5245 Gen.
3468 5205 3543 5255 ιι,
3568 5190 3624 5245 5.
3716 5242 3721 5249 .

410 5249 480 5299 ἐκ
503 5249 694 5322 χειρὸς
715 5249 787 5292 -ῐ
807 5249 1101 5324 ἐκζητήσώ
1127 5252 1261 5308 αὐτό
1294 5267 1406 5309 om.
1494 5255 1541 5288 ⁸⁸
1565 5255 1689 5311 Cat.
1711 5272 1765 5326 p.
1794 5255 1918 5311 155.
1949 5276 1955 5291 ι

2054 5249 2126 5311 ad
2154 5249 2268 5314 o'm.
2462 5249 2480 5261 ’
2977 5249 2998 5262 ’
3102 5265 3111 5272 ’

1875 5393 2109 5452 NOTAE.

415 5504 534 5576 (6|)
562 5504 702 5587 god.
740 5507 1080 5587 μεταϐολήν.
1113 5507 1191 5566 Ita
1221 5526 1444 5587 quoque
1473 5512 1604 5587 legit
1630 5512 1815 5579 Picus,
1842 5515 1947 5587 qui

345 5586 531 5650 tamen
570 5582 630 5630 in
664 5582 909 5650 margine
956 5582 1101 5635 banc
1154 5583 1407 5650 apposuit
1446 5582 1692 5639 notulam
1729 5603 1742 5639 :
1786 5604 1805 5637 ι
1841 5582 1942 5640 Εε-

347 5646 606 5719 εεηρυιιι
626 5646 843 5719 videtur
861 5651 925 5701 τὸ
963 5646 1310 5719 μεταλαϐεῖν,
1351 5660 1412 5707 ut
1432 5668 1630 5709 sensus
1649 5662 1881 5710 constet.
1915 5673 1935 5707 ι

349 5715 542 5839 “si.in
593 5715 976 5789 Ἐκζητήσωζ
996 5719 1058 5775 lu
1082 5720 1205 5778 cod.
1240 5715 1481 5791 additur,
1509 5723 1608 5795 τὴν
1641 5724 1820 5798 ψυχὴν
1843 5725 1940 5778 αὐ-

2123 5515 2234 5588 (65)
2274 5518 2516 5598 ιζλειᾳνι
2546 5513 2866 5598 τ-ῇτρυςοῇ.
2904 5514 3055 5598 cod.‘
3066 5511 3619 5598 nisiovajtitottpei:

2047 5582 2390 5670 ceraticum.
2420 5585 2575 5670 Apud
2595 5582 2795 5670 _Picum
2822 5585 2975 5641 deest
2996 5583 3235 5648 πλείονα,
3260 5582 3467 5652 reliqua
3492 5595 3617 5639 cum

2050 5658 2237 5712 codice
2262 5658 2632 5712 consentiunt.

2118 5726 2230 5796 (ϐό)
2263 5726 2374 5781 Kal
2393 5724 2602 5795 rnxza'.
2638 5724 2818 5780 Desid.
2858 5724 2911 5778 in
2936 5721 3059 5801 cod.
