4136 6444
481 368 584 432 159
1469 367 1961 430 THEODORETI
2000 369 2343 433 EPISCOPI
2412 375 2733 440 CYRENSI
2741 381 2782 440 S
3662 382 3764 448 liii)

481 478 635 535 misit
670 477 891 532 illorum
922 493 1111 540 esum,
1161 488 1222 534 ut
1274 479 1605 550 impietatem
1655 483 1802 538 illam
1841 483 2063 538 cohibe-

2188 504 2267 557 την
2327 489 2554 557 ἀλογίαν
2585 493 3037 559 ἐκπεπτωκότες,
3089 499 3362 568 συγχωρεῖ
3391 496 3489 570 τὴν
3534 497 3762 570 βρῶσιν,

481 577 586 626 ret.
616 568 844 623 Summa
872 569 1019 624 enim
1047 578 1131 625 est
1155 570 1366 625 insania
1392 612 1408 636 ,
1441 570 1671 627 adorare
1729 576 1873 643 quod
1913 592 2067 630 com-

2177 580 2265 634 ἴνα
2292 582 2393 654 τὴν
2420 584 2678 639 ἀσέϐειαν
2710 586 2912 658 παύσῃ.
2953 587 3307 660 ’Δϐελτηρίας
3346 590 3455 661 γὰρ
3504 592 3765 663 ἐσχάτης,

480 660 685 718 editur.
729 659 1020 729 Propterea
1042 675 1171 716 vero
1201 661 1457 716 animalia
1493 665 1743 733 qumdam
1788 666 2067 722 immunda

2188 674 2240 725 τὸ
2285 675 2604 742 ἐσθιόμενον
2646 683 2995 746 προσκυνεῖν.
3044 682 3143 735 Διά
3188 659 3269 734 τοι
3312 659 3494 746 τοῦτο,
3669 659 3769 754 μὲν

479 753 641 816 dixit,
682 753 789 807 alia
829 769 960 807 vero
1001 754 1205 809 munda
1239 769 1253 805 :
1302 762 1364 809 ut
1410 755 1501 810 illa
1551 757 1771 827 quidem
1815 769 2075 830 tanquam

2188 765 2469 836 ἀκάθαρτα
2513 768 2622 821 τῶν
2668 768 2824 833 ζώων
2872 770 3020 839 λέγει
3043 812 3058 834 ,
3091 773 3159 825 τὰ
3183 773 3240 825 δὲ
3281 773 3503 844 καθαρά
3529 791 3543 805 ⁸
3578 753 3771 832 ἴνατᾶ

481 842 768 897 immunda
805 843 1208 907 exhorrentes,
1255 859 1369 900 non
1414 845 1709 915 deificent;
1756 847 1873 903 haec
1909 863 2077 915 vero,

480 950 605 1006 quae
633 935 1040 1000 comeduntur,
1076 951 1185 990 non
1220 937 1473 992 adorent.

1036 1048 1324 1105 INTER“.
1374 1050 1513 1108 LVI.

485 1162 591 1230 Qui
635 1164 696 1233 ﬁt
723 1203 739 1231 ,
785 1172 846 1219 ut
890 1163 1009 1219 Noe
1055 1181 1190 1289 ηοηὸ
1206 1168 1664 1291 δξένῖῗςανθιιηιε,
1703 1173 1845 1242 φιοά
1874 1189 1927 1228 se
1965 1175 2081 1230 ine-

1197 1254 1221 1289 r
1367 1281 1381 1291 .

1197 1254 1381 1294 nam:

556 1326 641 1383 Ab
667 1327 943 1393 imperitia
965 1331 1418 1399 proficiscebatur
1447 1332 1566 1389 haac
1596 1336 1785 1403 passio
1812 1379 1827 1393 .
1871 1353 1979 1393 non
2013 1339 2083 1395 ab
2150 1346 2153 1347 ⁷

485 1417 933 1489 intemperantia.
965 1419 1102 1475 Nam
1134 1422 1226 1477 ille
1253 1423 1465 1492 primus
1495 1440 1560 1479 ex
1597 1426 1912 1485 hominibus
1934 1444 2085 1483 com-

484 1524 681 1579 presso
712 1510 841 1566 vitis
868 1510 1071 1578 fructu,
1104 1513 1370 1583 ignorans
1403 1531 1513 1571 non
1545 1517 1725 1573 solum
1770 1530 2038 1589 quantum
2064 1524 2083 1544 '

486 1611 633 1656 esset
662 1603 955 1658 bibendum
980 1644 995 1667 ,
1049 1606 1145 1660 scd
1193 1607 1357 1662 etiam
1401 1611 1679 1678 quomodo
1714 1613 2043 1668 sumendum
2065 1655 2081 1682 ,

488 1708 687 1763 nempe
712 1697 865 1765 quod
896 1696 1049 1765 prius
1085 1699 1381 1767 temperari
1414 1700 1643 1768 debeat,
1680 1713 1733 1759 et
1762 1705 1841 1759 sic
1868 1706 2045 1776 potari
2067 1745 2082 1770 ,

488 1784 684 1840 incidit
713 1785 767 1840 in
798 1787 1138 1845 ebrietatem.
1171 1787 1327 1855 Quod
1365 1806 1494 1846 vero
1535 1794 1772 1850 nudatus
1800 1806 1915 1863 est,
1947 1795 2084 1851 nihil

488 1877 620 1932 novi
652 1879 896 1948 pertulit.
939 1880 1150 1937 Etenim
1187 1884 1349 1937 etiam
1381 1901 1529 1939 nunc
1553 1886 1774 1956 quidam
1803 1889 2085 1943 dormien-

2185 861 2285 932 μὲν
2317 862 2394 927 ὡς
2429 864 2720 937 ἀκάθαρτα
2768 866 3179 938 βδελυττόμενοι
3233 869 3307 940 μὴ
3338 868 3665 936 θεοποιῶσι,
3700 875 3773 926 τὰ

2179 951 2237 1005 δὲ
2269 953 2345 1026 μὴ
2376 956 2760 1027 προσκυνῶσιν
2790 958 3083 1030 ἐσθιόμενα
3105 959 3171 1015 ⁸⁸.

2785 1072 2981 1130 ΕΡοΤ.
3021 1072 3166 1143 Nq'.

2188 1182 2263 1249 Tl_
2297 1180 2524 1250 δήποτε
2568 1186 2682 1240 οὐκ
2714 1185 2985 1256 ἐμέμφθη
3033 1187 3165 1242 Νῶε
3193 1187 3354 1257 μέθῃ
3397 1190 3774 1259 περιπεσών,

2269 1334 2554 1407 Ἀπειρίας
2581 1332 2650 1407 ἦν
2678 1338 2778 1390 οὐκ
2808 1337 3079 1407 ἀκρασίας
3106 1339 3166 1393 τὸ
3190 1339 3384 1405 πάθος.
3411 1341 3635 1413 Πρῶτος
3665 1348 3783 1414 γὰρ

2185 1425 2491 1498 ἀνθρώπων
2522 1428 2833 1499 ἀποθλίψας
2860 1429 2951 1483 τὸν
2981 1431 3082 1500 τῆς
3131 1433 3381 1503 ἀμπέλου
3414 1435 3651 1505 καρπὸν,
3682 1437 3787 1489 καὶ

2186 1519 2398 1586 ἀγνοῶν
2431 1520 2492 1573 οὐ
2526 1520 2687 1591 μόνον
2712 1520 2773 1574 τὸ
2798 1521 2968 1574 ποσὸν
2996 1523 3095 1592 τῆς
3130 1523 3365 1589 πόσεως,
3395 1524 3536 1579 ἀλλὰ
3564 1528 3658 1581 καὶ
3685 1526 3787 1581 τὸν

2185 1608 2387 1680 τρόπον
2419 1609 2518 1680 τῆς
2556 1609 2934 1682 μεταλήψεως,
2972 1611 3055 1663 ὅτι
3094 1611 3179 1664 δεῖ
3208 1612 3441 1684 κεράσαι
3486 1615 3787 1684 πρότερον,

2186 1694 2285 1753 εἷθ’
2316 1699 2458 1753 οὕτω
2487 1703 2653 1764 πιεῖν,
2678 1700 2771 1754 τὸν
2796 1700 2968 1770 κάρον
2998 1701 3282 1771 ὑπέμεινε.
3312 1703 3515 1757 Καινδν
3541 1703 3599 1756 δέ
3623 1704 3790 1757 οὐδὲν

2187 1790 2426 1846 πέπονθε
2453 1791 2786 1863 γυμνωθείς.
2815 1793 2926 1846 Καὶ
2944 1793 3056 1866 γὰρ
3087 1794 3184 1847 καὶ⁸
3211 1793 3309 1847 νῦν
3333 1812 3479 1860 τινες
3512 1800 3795 1867 γυμνοῦν-

2186 1902 2280 1940 ται
2304 1884 2681 1950 καθεύδοντες,
2708 1886 3121 1957 ἀφαιρουμένου
3147 1886 3242 1941 τοῦ
3269 1885 3440 1941 ὕπνου
3467 1888 3567 1957 τὴν
3593 1889 3798 1959 αἴσθη-

488 1977 574 2026 tes
608 1972 916 2037 nudantur,
966 1990 1162 2029 somno
1200 1994 1420 2033 sensum
1456 1979 1740 2048 eripiente.
1773 1980 1911 2036 Cum
1952 1998 2081 2037 vero

2191 1995 2280 2032 σιν
2300 1993 2313 2005 ·
2343 1977 2420 2049 τῷ
2445 1976 2600 2049 ὕπνῳ
2625 1978 2680 2031 δὲ
2702 1979 2735 2047 ὴ
2761 1976 2901 2049 μέθη
2930 1979 3367 2050 προσγινομένη,
3399 1979 3794 2052 πιθανωτέραν

489 2075 689 2116 somno
720 2063 881 2119 etiam
909 2067 1117 2121 accedit
1153 2069 1411 2134 ebrietas,
1445 2070 1617 2127 multo
1653 2073 2078 2142 probabiliorem

490 2151 756 2209 nuditatis
777 2159 1188 2213 excusationem
1224 2162 1422 2219 reddit.

1047 2276 1327 2334 INTERR.
1387 2279 1548 2336 LVII.

492 2388 627 2445 Cum
653 2389 885 2444 nondum
927 2391 1040 2444 ulla
1075 2401 1208 2445 esset
1244 2392 1360 2446 lata
1390 2393 1495 2456 lex,
1532 2411 1649 2465 qua:
1665 2395 1877 2464 jubere!
1916 2397 2084 2451 Ιιοηο-

566 2471 922 2535 rare_p_a_tren_t
973 2470 1022 2514 et
1067 2474 1322 2535 matrem,
1368 2466 1629 2535 quomodo
1661 2465 1828 2522 Client
1876 2477 1934 2521 ut
1964 2484 2083 2522 rem

563 2531 843 2599 parricidii
880 2530 1215 2586 damnatur?

567 2623 738 2690 Leges
777 2625 1121 2678 necessarias
1151 2641 1246 2691 per
1273 2634 1522 2681 naturam
1560 2628 2082 2687 sancivitCreator:

507 2720 557 2763 et
583 2712 653 2764 ita
677 2712 903 2765 Cuinum
939 2712 1339 2772 condemnavit,
1378 2711 1635 2778 quoniam
1675 2712 1853 2781 ipsum
1892 2722 2087 2768 natura

506 2803 732 2856 docebat
766 2803 965 2857 eadem
1003 2817 1123 2855 esse
1149 2810 1336 2855 contra
1377 2802 1570 2872 legem.
1616 2799 1768 2857 Unde
1804 2803 1893 2856 ille
1914 2843 1928 2866 ,
1953 2818 2088 2858 usus

505 2893 650 2954 dolo,
675 2891 894 2948 fratrem
941 2908 970 2946 a
1012 2892 1327 2962 parentibus
1367 2893 1557 2961 procul
1588 2894 1881 2948 abductum
1916 2893 2089 2947 inter-

506 2984 651 3038 fecit.
690 2982 800 3038 Deo
829 2994 1009 3037 autem
1040 2984 1406 3054 interrogante
1437 3003 1449 3038 :
1498 2984 1612 3055 69
1647 3003 1666 3035 ι
1706 2985 1807 3040 L'bi
1843 2995 1926 3040 est
1954 2985 2087 3039 Abel

507 3074 673 3128 frater
701 3084 826 3129 tuus
854 3076 919 3127 ³⁸1
947 3093 966 3125 ι
1002 3076 1237 3144 negavit.
1259 3075 1451 3130 Sciens
1480 3076 1669 3144 procul
1697 3075 1864 3130 dubio
1883 3077 2088 3129 malum

505 3165 557 3217 id
595 3176 753 3225 esse,
798 3164 944 3233 quod
991 3162 1229 3228 fecerat,
1258 3164 1573 3232 pernegavit
1610 3162 1744 3216 illud
1788 3179 1848 3217 se
1877 3163 2089 3219 facinus

505 3254 835 3310 admisisse:
872 3255 1157 3309 convictus
1178 3265 1357 3309 autem
1390 3269 1419 3307 a
1442 3255 1594 3321 justo
1617 3255 1802 3325 judice
1826 3294 1841 3320 ,
1873 3254 2090 3310 confes-

2188 2072 2289 2143 τῆς
2316 2070 2653 2143 γυμνώσεως
2684 2070 2797 2143 (65)
2824 2069 2924 2125 τὴν
2954 2070 3251 2140 ἀπολογίαν
3280 2072 3448 2127 ποιεῖ.

2804 2273 3004 2328 ΕΡΩΤ.
3044 2273 3174 2329 NZ'.

2197 2381 2547 2453 Τοῦ-νόμου
2584 2380 2832 2453 μηδέπω
2879 2381 3176 2453 τεθέντος,
3213 2381 3280 2453 dc
3326 2380 3657 2453 διαγορεύει
3692 2399 3797 2436 τι-

2259 2451 2385 2523 μᾷν
2410 2450 2518 2506 τὸν
2551 2450 2797 2524 πατέρα,
2823 2451 2919 2524 καὶ
2950 2450 3065 2516 τὴν
3094 2450 3346 2521 μητέρα,
3375 2450 3474 2507 διὰ
3504 2454 3560 2508 τι
3589 2457 3621 2508 ό
3649 2453 3798 2524 Χὰμ

2262 2521 2343 2591 ὧς
2375 2521 2743 2590 πατραλοίας
2775 2522 3037 2586 κρίνεται
3054 2535 3074 2583 ;

2263 2615 2345 2686 Τῇ
2401 2612 2567 2683 φύσει
2606 2613 2737 2675 τοὺς
2765 2610 3101 2681 ἀναγκαίους
3132 2611 3348 2667 τέθεικε
3390 2613 3587 2683 νόμους
3608 2613 3637 2666 ό
3668 2613 3796 2685 (66)

2196 2697 2447 2767 ποιητής.
2480 2694 2637 2751 Οὕτω
2659 2696 2752 2750 τὸν
2781 2698 2923 2750 Κάῖν
2958 2699 3283 2771 κατέκρινεν
3303 2742 3317 2767 ,
3352 2704 3649 2778 ἐπειδήπερ
3674 2707 3789 2762 αὐ-

2194 2784 2286 2840 τὸν
2314 2787 2347 2857 ὴ
2382 2786 2544 2856 φύσις
2575 2788 2883 2855 ἐδίδασκεν,
2920 2789 2995 2853 ὡς
3029 2790 3059 2842 ὁ
3092 2792 3254 2861 φόνος
3281 2795 3618 2866 παράνομος.
3662 2798 3785 2852 Αὐ-

2195 2877 2322 2931 τίκα
2352 2878 2487 2947 γοῦν
2526 2880 2665 2950 δόλῳ
2702 2883 3053 2952 χρησάμενος
3107 2882 3386 2955 συνεργῷ,
3429 2885 3619 2957 πόρρω
3665 2889 3785 2943 τῶν

2195 2971 2606 3040 γεγεννηκότων
2637 2973 2942 3042 ἀπαγαγὼν
2963 3012 2979 3039 ,
3033 2975 3214 3029 ἀνεῖλε
3247 2976 3339 3029 τὸν
3382 2977 3608 3047 ἀδελφὸν
3627 3019 3640 3041 ,
3676 2982 3782 3035 καὶ

2195 3061 2290 3113 τοῦ
2341 3061 2480 3115 Θεοῦ
2533 3063 2982 3133 πυνθανομένου,
3034 3084 3054 3116 ι
3106 3065 3216 3119 Ποῦ
3261 3066 3429 3121 Ἀὁελ
3472 3070 3501 3122 ὁ
3546 3070 3780 3138 ἀδελφός

2199 3167 2328 3217 σονς
2364 3170 2382 3202 ι
2424 3152 2657 3224 ἠρνήθη.
2693 3154 2862 3225 Δῆλον
2892 3154 2950 3207 δὲ
2979 3155 3055 3219 ὡς
3088 3156 3453 3227 ἐπιστάμενος
3489 3159 3571 3212 ὅτι
3603 3160 3778 3214 κακδν

2195 3241 2255 3294 τὸ
2284 3245 2673 3313 γεγενημένον.
2707 3247 2985 3317 ἠρνήσατο
3024 3247 3134 3319 (67)
3160 3248 3221 3301 τὸ
3247 3249 3540 3321 τολμηθέν.
3582 3252 3777 3322 Ἔλεγ-

506 3363 603 3402 sus
631 3355 714 3401 est
748 3360 809 3401 se
846 3347 1067 3416 gravius
1096 3361 1386 3416 peccasse,
1420 3362 1585 3415 quam
1626 3355 1688 3400 ut
1716 3345 1927 3401 veniam
1977 3362 2086 3401 me-

2194 3334 2343 3402 χθεὶς
2365 3334 2421 3388 δέ
2445 3336 2549 3389 ὑπὸ
2571 3335 2667 3390 τοῦ
2696 3336 2906 3390 δικαίου
2933 3339 3122 3409 κριτοῦ
3139 3341 3210 3404 ⁷⁸,
3242 3341 3597 3413 ὡμολόγησεν
3630 3344 3775 3415 ὑπὲρ

505 3447 715 3493 reretur
742 3456 755 3492 :
797 3457 816 3489 ‹
848 3438 1021 3508 Major
1049 3447 1131 3493 est
1161 3440 1305 3492 enim
1333 3480 1346 3502 ,
1382 3439 1601 3507 inquit,
1638 3439 1902 3508 iniquitas
1935 3455 2086 3506 mea,

505 3544 671 3598 quam
700 3538 761 3583 ut
789 3529 922 3583 mihi
959 3529 1295 3584 condonetur
1315 3539 1364 3585 γ.
1397 3549 1416 3581 ι
1452 3531 1650 3585 Verum
1674 3530 1847 3585 Adam
1871 3547 2091 3601 quoque

505 3632 631 3671 cum
664 3617 901 3671 divinam
938 3619 1282 3688 praesentiam
1317 3619 1618 3682 sensisset,
1659 3620 1828 3675 latere
1858 3632 2089 3677 conatus

505 3719 622 3775 cst,
673 3710 828 3779 quasi
877 3725 1214 3780 cognoscens
1254 3713 1424 3767 furari
1471 3713 1674 3769 malum
1722 3729 1863 3770 esse.
1908 3714 1983 3768 Ita
2035 3723 2090 3768 et

504 3800 674 3855 Cham
726 3802 1002 3871 parricidii
1050 3819 1174 3858 reus
1211 3804 1430 3861 habitus
1454 3812 1538 3861 est
1562 3846 1577 3872 ,
1614 3814 1875 3876 tanquam
1908 3816 2089 3861 trans-

504 3910 727 3965 gressus
761 3895 930 3965 legem
977 3906 1203 3952 naturae.
1235 3897 1370 3952 Nam
1408 3899 1552 3967 quod
1594 3896 1789 3953 nat'ura
1824 3899 1941 3969 ipsa
1983 3900 2086 3952 do-

505 3999 650 4043 ceret
676 3991 920 4043 venerari
961 3998 1014 4043 et
1051 3990 1227 4046 colere
1267 4001 1519 4061 parentes
1561 4000 1848 4061 oportere,
1892 3990 2087 4046 testifi~

503 4092 697 4135 cantur
730 4080 927 4136 fratres
958 4081 1130 4150 ipsius
1160 4082 1330 4137 Cbam
1364 4100 1378 4137 :
1410 4099 1440 4136 a
1472 4097 1584 4152 quo
1616 4094 1739 4136 cum
1779 4082 2084 4137 intellexis-

503 4170 803 4240 sent,qu0d
834 4171 975 4240 patri
998 4171 1309 4238 acciderat,
1341 4171 1515 4226 multo
1542 4186 1667 4227 cum
1697 4171 1904 4241 pudore
1932 4179 2083 4227 retro

503 4261 810 4330 gradientes
842 4271 1049 4332 patrem
1083 4273 1460 4334 operuerunt,
1493 4274 1554 4318 ut
1583 4264 1807 4318 minime
1840 4264 2084 4321 viderent

502 4354 647 4407 unde
684 4364 843 4409 erant
881 4356 1152 4427 prognati.
1189 4356 1377 4429 Itaque
1413 4357 1608 4412 merito
1645 4356 2080 4414 benedictionem

502 4461 532 4501 a
564 4454 716 4517 patre
755 4458 1102 4505 acceperunt.

570 4623 895 4680 OlthENlS
929 4628 996 4680 τί.
1024 4628 1136 4683 Cur
1167 4627 1470 4699 Scriptura,
1505 4642 1630 4684 cum
1660 4627 1920 4685 dixisset:
1958 4649 1977 4682 ι
2015 4628 2080 4687 Et

2190 3427 2523 3498 συγγνώμην
2568 3429 2973 3500 ἡμαρτηκέναι.
3016 3449 3036 3482 ι
3093 3431 3308 3497 Μείζων
3341 3434 3472 3507 γὰρ,
3512 3438 3697 3505 φησιν,
3737 3440 3771 3509 ή

2187 3520 2432 3591 ἁμαρτία
2474 3538 2576 3591 μου
2601 3520 2698 3574 τοῦ
2735 3523 3005 3592 ἀφεθῆναί
3053 3542 3144 3594 με.
3196 3544 3217 3577 ι
3248 3526 3361 3579 Καὶ
3400 3527 3584 3598 μέντοι
3614 3528 3710 3582 καὶ
3744 3532 3775 3585 ὁ

2200 3613 2372 3684 Ἀδὰμ.
2421 3614 2521 3684 τῆς
2568 3614 2719 3677 θείας
2761 3615 3086 3684 ἐπιφανείας
3128 3617 3455 3690 αἰσθόμενος
3499 3621 3769 3694 ἐπειράθη

2185 3704 2403 3770 λαθεῖν,
2435 3706 2513 3770 ὡς
2556 3704 2716 3770 εἰδὼς
2760 3708 2843 3761 ὅτι
2883 3708 2946 3779 δὴ
2982 3709 3044 3761 τὸ
3078 3708 3336 3766 κλέπτειν
3376 3713 3580 3766 κακόν·
3626 3713 3773 3768 οὕτω

2186 3799 2282 3852 καὶ¹
2308 3799 2336 3850 ὁ
2364 3798 2495 3870 Χὰμ
2520 3798 2617 3871 τὴν
2645 3800 2739 3854 τοῦ
2775 3801 3109 3873 πατραλοίου
3148 3806 3488 3876 κατηγορίαν
3526 3805 3769 3872 ἐδέξατο,

2185 3891 2261 3954 ὡς
2293 3891 2547 3961 παραϐὰς
2576 3892 2669 3945 τὸν
2695 3893 2793 3963 τῆς
2819 3892 3038 3963 φύσεως
3067 3896 3252 3967 νόμον.
3291 3897 3412 3951 Ὀτι
3443 3899 3551 3967 γὰρ
3586 3899 3682 3952 καὶ
3708 3899 3774 3954 τὺ

2183 3981 2462 4053 γεραίρειν
2496 3984 2625 4046 τοὺς
2653 3986 3053 4057 γεγεννηκότας
3074 3988 3108 4058 ἡ
3140 3986 3303 4057 φύσις
3326 3988 3595 4055 ἐδίδασκε,
3626 4008 3772 4063 μαρ·

2184 4073 2440 4146 τυροῦσιν
2480 4076 2530 4128 οἱ
2574 4076 2669 4130 τοῦ
2719 4077 2849 4147 Χὰμ
2887 4077 3131 4148 ἀδελφοὶ,
3181 4078 3233 4132 οἶ
3278 4081 3414 4151 παρ’
3459 4081 3670 4135 ἐκείνου
3706 4083 3771 4136 τὸ

2185 4166 2357 4230 πάθος
2382 4167 2765 4238 μεμαθηκότες
2789 4167 2882 4221 τοῦ
2916 4168 3145 4239 πατρὸς,
3179 4171 3321 4240 μετὰ
3345 4171 3547 4243 πολλῆς
3581 4172 3772 4236 αἰδοῦς

2182 4260 2263 4324 εἰς
2289 4259 2531 4313 τούπίσω
2555 4258 2865 4330 βαδίζοντες
2888 4262 3266 4331 συνεκάλυψαν
3290 4260 3383 4316 τὸν
3405 4261 3621 4332 πατέρα
3641 4302 3658 4328 ,
3688 4262 3771 4327 ὡς

2181 4350 2248 4406 ἂν
2274 4352 2475 4423 ἥκιστα
2496 4351 2657 4406 ῐδοιεν
2688 4352 2811 4407 ὅθεν
2837 4352 3139 4425 σπαρέντες
3162 4352 3524 4425 ἐϐλάστησαν.
3556 4354 3769 4425 Τοιγάρ

2180 4459 2265 4497 τοι
2296 4441 2391 4496 καὶ
2435 4441 2582 4512 μάλα
2607 4442 2835 4508 εἰκότως
2869 4444 2967 4498 καὶ
2999 4441 3094 4497 τοῦ
3137 4443 3347 4515 πατρὸς
3372 4444 3472 4515 τὴν
3510 4443 3768 4513 εὐλογίαν

2180 4533 2473 4606 ἐδρέψαντο
2499 4533 2630 4605 (68).

2249 4625 2654 4680 ΩΡΙΓΕΝΟΥΣ.
2690 4625 2756 4679 Τί
2785 4625 2848 4697 δή
2877 4642 3008 4680 ποτε
3035 4625 3268 4680 εἰποῦσα
3290 4627 3324 4696 ἡ
3353 4625 3567 4695 Γραφὴ,
3603 4645 3622 4677 ι
3652 4627 3769 4680 Καὶ

497 4729 653 4773 erant
679 4718 770 4771 fili:
797 4717 928 4784 Noe,
953 4722 1045 4788 qui
1068 4722 1135 4774 ab
1159 4737 1283 4775 arca
1306 4714 1514 4791 egressi
1556 4729 1706 4786 sunt,
1733 4720 1881 4787 Sem,
1906 4721 2076 4777 Cham

2188 4712 2324 4789 ἦσαν
2346 4719 2396 4771 οἱ
2414 4717 2526 4770 υἱοὶ
2551 4716 2677 4770 Νῶε
2704 4717 3051 4788 ἐξερχόμενοι
3079 4717 3188 4772 ἀπὸ
3212 4718 3312 4787 τῆς
3338 4716 3594 4781 κιϐωτοῦ,
3616 4718 3765 4788 Σὴμ,

498 4820 550 4863 et
583 4808 1044 4880 Japlnet,iaddidit
1073 4830 1087 4867 :
1132 4831 1150 4863 ι
1191 4813 1257 4866 Et
1284 4813 1457 4898 illlam
1490 4812 1609 4883 ipse
1633 4822 1718 4869 est
1744 4823 1900 4886 pater
1932 4816 2078 4873 Cha-

567 5002 596 5031 ι
624 4988 761 5045 Gen.
799 5006 876 5056 tv,
920 4990 975 5049 9.
1049 4997 1081 5038 1
1119 4989 1253 5046 ibid.
1313 4991 1383 5047 15

2183 4810 2335 4881 Χὰμ,
2375 4806 2576 4879 Ἰἀφεθ,
2609 4826 2628 4860 ι
2661 4808 2993 4881 προσέθηκε,
3035 4826 3055 4862 ι
3092 4809 3204 4863 Καὶ
3237 4808 3369 4880 Χὰμ
3397 4802 3551 4872 οὗτος
3578 4808 3767 4880 πατὴρ

1342 5126 1578 5184 VARIE
1643 5129 2034 5189 LECTIONES
2064 5131 2159 5188 EX
2196 5132 2478 5190 CATENA
2527 5128 2889 5189 LIPSIENSI.

493 5340 601 5386 cat.
665 5345 720 5400 p.
768 5332 863 5387 l6l
922 5335 1210 5401 quaestioni
1264 5335 1333 5392 56
1373 5343 1426 5392 et
1460 5336 1547 5392 57.

590 5262 635 5295 ⁶⁹
657 5260 776 5316 Cat.
892 5260 1016 5316 156.
1043 5262 1119 5346 ὡς
1146 5263 1453 5345 ἐσθιόμενα.
1527 5267 1576 5303 ⁷⁸
1602 5268 1721 5326 Cat.
1780 5286 1835 5341 p.
1860 5270 1997 5326 164.
2055 5271 2086 5324 ὑ

590 5370 601 5385 .
665 5345 720 5387 D.
768 5332 793 5385 1
845 5333 863 5384 l
922 5345 1210 5387 quaestioni
1264 5335 1333 5387 56
1373 5343 1426 5387 et
1460 5336 1547 5387 57.

2195 5269 2290 5324 τοῦ
2359 5268 2751 5341 δικαιοκρίτου.

2861 5266 3036 5325 "Hic
3092 5268 3244 5325 locus
3290 5267 3637 5340 praimittitur
3704 5269 3762 5324 in

2018 5470 2252 5527 NOTAﬁ.

568 5583 683 5654 (65)
716 5586 1109 5657 Γυμνώσεως.
1165 5586 1299 5643 Cod.
1351 5587 1628 5657 γνώσεως.
1682 5585 1847 5657 Picus
1881 5593 2062 5657 autem

494 5652 623 5727 legit
652 5652 1027 5729 πιθανωτέραν
1064 5652 1178 5729 ᾐτῆς
1224 5652 1476 5727 γνώσεως
1525 5659 1627 5729 τὴν
1679 5656 1856 5711 αἰτίαν
1912 5652 2067 5725 φθεί-

496 5744 678 5871 PE(.66)
701 5797 835 5855 Cod.
863 5807 916 5854 et
937 5795 1047 5854 Pic.
1099 5798 1195 5861 ὡς.

2237 5582 2351 5654 (67)
2394 5585 2747 5657 Ἠρνήσατο.
2780 5583 2914 5657 Cod.
2947 5585 3177 5656 ἠρνήθη.
3201 5585 3353 5656 Apud
3369 5585 3556 5641 Picum
3582 5584 3753 5649 desid.

2169 5656 2230 5707 τὸ
2255 5672 2456 5724 γεγενη
2467 5655 2534 5724 μέ
2544 5655 2696 5725 νον-ἠ
2705 5656 2802 5725 ρνή
2812 5670 2960 5725 σατο.

2245 5726 2357 5795 (68)
2388 5722 2523 5778 (20d.
2554 5735 2607 5778 et.
2635 5722 2746 5778 Pic.
2780 5722 3052 5789 ἐδέξαντο.
