4136 6426
338 354 433 422 ιςι

339 463 604 531 Χαναάνς
649 482 671 515 ι
726 463 793 516 ΕΞ
843 465 964 536 γὰρ
1012 465 1182 536 ἐχρῆν
1218 466 1593 536 μνημονεῦσαι
1634 466 1744 520 τῶν
1787 467 1956 536 υἱῶν,
1989 478 2032 534 Α

340 555 450 609 ἔδει
481 554 735 617 πάντων.
774 556 876 609 καὶ
911 556 988 627 μὴ
1036 558 1198 627 μόνου
1228 557 1468 611 Χαναάμν.
1506 558 1566 611 '0
1599 560 1819 613 Χαναὰν
1860 560 1956 613 καὶ

339 646 508 710 αὐτὸς
548 645 765 718 ἀσεϐὴς
813 647 1079 715 ἐγένετο,
1119 649 1195 712 ὡς
1233 651 1265 720 ἡ
1308 651 1518 721 ἱστορία
1546 651 1714 721 δηλοῖ.
1759 652 1957 706 Βουλό-

344 755 510 809 μενον
545 736 645 791 οὖν
674 737 737 790 τὸ
765 738 994 810 πνεῦμα
1033 740 1208 807 δεῖξαι
1238 743 1337 812 τὴν
1369 743 1684 813 οἰκειότητα
1722 745 1834 813 (69)
1860 743 1954 798 τοῦ

343 829 559 901 πατρὸς
579 830 628 862 ¹¹¹
675 831 818 901 πρὸς
856 831 953 884 τὸν
1003 833 1159 899 υἱὸν,
1200 834 1401 905 τρόπον
1450 835 1573 888 τινὰ
1605 837 1959 902 ἀπαλλοτριοῑ

340 924 448 992 τῆς
475 922 591 975 τῶν
622 922 876 992 ἀδελφῶν
908 924 1233 989 εὐσεϐείας,
1268 926 1558 1000 προσθήκῃ
1594 928 1709 992 τοῦ,
1757 948 1775 981 ι
1826 930 1958 999 Χὰμ

339 1011 414 1084 ἦν
447 1015 569 1086 (70)
604 1015 799 1087 πατὴρ
822 1016 1076 1071 Χαναὰν.
1116 1036 1137 1069 ι
1168 1016 1294 1071 Υἱοὶ
1329 1018 1428 1089 μὲν
1469 1019 1579 1091 γὰρ
1619 1021 1822 1081 πάντες
1860 1021 1956 1074 τοῦ

343 1104 476 1158 Νῶε
508 1104 592 1174 τῷ
627 1106 779 1171 γένει
801 1121 817 1137 ο
854 1106 1018 1176 μόνος
1050 1107 1110 1161 δὲ
1151 1102 1307 1171 οὗτος
1335 1109 1436 1179 οὐχ
1475 1109 1590 1172 υἱὸς
1620 1109 1699 1179 τῷ
1731 1110 1917 1180 τρόπῳ
1939 1126 1954 1141 ο

344 1197 490 1250 ἀλλὰ
518 1195 624 1250 τοῦ
653 1197 845 1267 ὁμοίου
891 1197 1091 1264 παιδὸς
1119 1200 1326 1271 πατήρ.
1374 1200 1575 1272 Διόπερ
1606 1203 1958 1270 ἐμφαντικῶς

347 1292 565 1357 κεῖται,
625 1308 647 1342 ι
706 1290 885 1354 Αὐτὸς
939 1291 1129 1363 πατὴρ
1181 1293 1425 1346 Χαναάν.
1488 1312 1508 1345 ι
1570 1295 1773 1366 Ἔφερε
1820 1296 1878 1349 δὲ
1930 1297 1961 1349 6

359 1381 628 1451 Ἐϐραῖος
669 1383 701 1435 6
740 1381 915 1436 ταῦτα
966 1383 1141 1437 εἰπὼν
1178 1385 1274 1439 καὶ
1319 1386 1619 1456 παράδοσιν
1662 1387 1953 1459 τοιαύτην,

349 1474 682 1544 ἐπενεγκὼν
713 1476 994 1542 ἀπόδειξιν
1036 1481 1105 1548 τῇ
1152 1479 1489 1549 παραδόσει·
1530 1480 1605 1545 ὡς
1638 1482 1746 1553 ἄρα
1787 1485 1816 1536 6
1844 1483 1958 1535 Xa.-

345 1565 489 1617 ναάν
521 1566 805 1636 πρότερος
851 1561 963 1618 εἶδε
994 1566 1095 1635 τὴν
1138 1567 1532 1639 ἀσχημοσύνην
1568 1569 1664 1622 τοῦ
1705 1571 1955 1635 πάππου,

343 1656 441 1709 καὶ
468 1655 810 1726 ἀνήγγειλεν
833 1655 1001 1708 αὐτοῦ
1028 1655 1109 1727 τῷ
1144 1659 1313 1729 πατρὶ
1342 1659 1510 1730 μόνῳ,
1538 1677 1679 1714 κατα
1688 1660 1958 1731 μωκώμε-

342 1744 658 1816 νοςῶσπερ
682 1746 781 1799 τοῦ
803 1746 1085 1821 γέροντος.
1125 1749 1184 1802 '0
1207 1749 1262 1802 δὲ
1283 1750 1416 1821 Χὰμ
1437 1751 1594 1818 δέων,
1616 1752 1819 1822 ὁμοίως
1842 1753 1955 1825 (71)

341 1839 461 1900 τοῖς
492 1836 757 1906 ἀδελφοῖς
787 1839 863 1909 μὴ
893 1839 1216 1910 προσελθεῖν
1241 1842 1321 1912 τῷ
1350 1845 1521 1915 πατρὶ
1553 1844 1791 1909 ἀσεϐῶς,
1821 1845 1959 1899 ἀλλὰ
1991 1843 2031 1897 Β

342 1930 443 1983 καὶ
488 1929 808 2000 ἐπιπλῆξαι
858 1931 940 2001 τῷ
987 1932 1191 2004 πρώτῳ
1246 1935 1571 2008 θεασαμένῳ
1609 1937 1705 1991 καὶ
1748 1938 1967 1993 διαϐάλ-

342 2022 535 2088 λοντι,
579 2025 754 2087 αὐτὸς
805 2023 864 2077 δὲ
904 2026 1004 2079 καὶ
1054 2026 1385 2093 πέπεισται,
1433 2030 1529 2082 καὶ
1573 2030 1825 2101 εἰσῆλθε,
1868 2032 1966 2085 καὶ

343 2113 479 2180 εἶδε,
525 2115 628 2169 καὶ
656 2116 937 2187 ἀνήνεγκε
979 2120 1095 2181 τοῖς
1127 2118 1413 2190 ἀδελφοῖς.
1438 2122 1550 2175 Καὶ
1583 2122 1754 2176 ταῦτα
1788 2124 1846 2177 δὲ
1874 2125 1967 2178 δο-

342 2208 433 2259 κεί
471 2204 655 2277 μῦθος
700 2202 868 2275 εἶναι,
909 2209 959 2260 ει
987 2209 1064 2281 μὴ
1104 2209 1169 2262 τὸ
1202 2211 1303 2283 τῆς
1335 2212 1668 2278 ἀποδείξεως
1704 2210 1774 2286 ἦν
1816 2217 1973 2287 ἰσχυ-

344 2298 463 2369 ρόν.
499 2317 521 2350 ι
554 2298 677 2352 Καὶ
710 2298 1021 2371 ὲξυπνίσθη
1056 2300 1187 2372 γὰρ,
1232 2303 1389 2374 φησι,
1416 2303 1544 2357 Νῶε
1582 2308 1647 2359 ὲκ
1672 2308 1765 2360 τοῦ
1793 2306 1964 2364 ὕπνου

343 2393 544 2461 αὐτοῦ,
591 2395 692 2448 καὶ
725 2394 879 2462 ἔγνω
908 2395 1012 2448 ὅσα
1045 2396 1307 2466 εποίησεν
1329 2397 1480 2468 αὐτῷ
1517 2400 1545 2452 6
1581 2400 1696 2463 υἱὸς
1732 2399 1897 2455 αὐτοῦ
1934 2403 1964 2455 6

343 2483 648 2555 νεώτερος.
699 2503 720 2536 ι
756 2485 1111 2555 Μικρότερος
1156 2485 1271 2558 (72)
1315 2486 1414 2557 μὲν
1440 2488 1550 2559 γὰρ
1592 2489 1708 2554 υἱὸς
1737 2490 1903 2544 αὐτοῦ
1935 2493 1966 2545 6

348 2575 488 2646 Χὰμ
517 2578 625 2630 οὐκ
662 2571 760 2648 ἧν,
788 2575 933 2630 ἀλλὰ
958 2576 1233 2648 δεύτερος.
1284 2597 1303 2630 ι
1355 2578 1478 2650 Σὴμ
1502 2580 1632 2651 γὰρ,
1671 2583 1825 2652 φησὶ,
1871 2583 1965 2637 καὶ

350 2666 512 2736 Χὰμ,
550 2666 652 2719 καὶ
695 2664 903 2736 Ἰάφεθ.
944 2685 964 2719 ι
1002 2668 1116 2722 Καὶ
1139 2669 1188 2720 εἰ
1226 2667 1318 2721 τὸν
1351 2669 1548 2740 μικρὸν
1583 2670 1743 2742 ἦθελε
1771 2672 1962 2737 δεῖξαι,

362 2760 458 2812 τὴν
493 2758 681 2828 Ἰάφεθ
707 2759 775 2813 ἂν
800 2760 1015 2829 ἔλεγεν.
1069 2760 1288 2831 Ἐπειδὴ
1319 2759 1376 2814 δὲ
1406 2762 1533 2825 τοὺς
1563 2763 1821 2832 ἐκγόνους
1851 2765 1963 2835 (75)

377 2852 535 2913 υἱοὺς
570 2852 661 2904 ad
688 2852 935 2920 λέγουσιν
982 2854 1035 2906 οἱ
1067 2853 1323 2921 πάπποι,
1366 2854 1462 2908 καὶ
1511 2856 1638 2919 τοὺς
1692 2859 1969 2927 μακρόθεν

382 2941 721 3009 ἀπογόνους,
760 2942 844 2997 τὸν
890 2942 1239 3014 βραχύτατον
1281 2944 1393 2997 τῶν
1425 2945 1666 3014 ἐκγόνων
1712 2946 1824 3019 (74)
1876 2946 1966 3001 τὸν

374 3032 621 3097 Χαναὰν,
664 3034 879 3106 εἴρηκεν
915 3036 951 3106 ἡ
976 3033 1173 3106 Γραφὴ
1200 3033 1470 3104 ἐγνῶσθαι
1502 3036 1655 3107 παρὰ
1682 3038 1927 3098 τοῦ,Νῶε
1948 3077 1963 3104 ,

367 3126 452 3178 ὅτι
485 3125 649 3190 αὐτὸς
685 3126 916 3198 ἐποίησε
951 3126 1153 3180 ταῦτα.
1188 3126 1299 3180 Καὶ
1325 3126 1406 3180 ὅτι
1427 3125 1587 3181 τοῦτο
1615 3127 1789 3193 οὕτως
1817 3130 1962 3201 ἔχει,
1992 3179 2037 3240 c

367 3217 528 3240 -231-
577 3219 772 3240 2__L_-_-
812 3218 866 3240 ,Χ
906 3216 1053 3240 [1-9--.
1078 3216 1260 3240 \l-----.
1327 3217 1417 3240 ---ἵ
1459 3213 1609 3240 _Y_-_-
1680 3239 1686 3240 ,
1737 3221 1792 3240 οη

362 3217 529 3281 εὐθὺς
573 3219 775 3286 ἐπάγει
808 3218 873 3271 τὺ
906 3216 1261 3287 θεῖονλόγιον
1281 3257 1297 3283 ,
1326 3217 1421 3272 καὶ
1456 3213 1632 3274 εἴπεν.
1669 3239 1688 3273 ι
1737 3221 1963 3277 Ἐπικα-

358 3310 596 3380 τάρατος
652 3308 884 3363 Χαναὰν
906 3349 922 3374 ,
980 3307 1171 3372 δοῦλος
1226 3307 1429 3363 δούλων
1473 3309 1590 3380 (75)
1638 3311 1793 3366 ἔσται
1853 3316 1966 3378 τοῖς

361 3400 620 3471 ἀδελφοῖς
666 3399 863 3457 αὐτοῦ.
917 3400 980 3453 Ei
1033 3398 1093 3453 δέ
1136 3416 1224 3464 τις
1272 3399 1582 3471 θαυμάζοι,
1612 3401 1665 3455 τί
1704 3403 1905 3474 δήποτε
1937 3404 1966 3457 6

360 3493 515 3564 Χὰμ,
545 3493 647 3546 καὶ
683 3492 855 3556 αὐτὸς
886 3491 1097 3563 ἀσεϐὴς
1128 3490 1227 3557 ὢν,
1252 3492 1353 3565 τὴν
1379 3494 1554 3566 αὐτὴν
1581 3495 1829 3568 κατάραν
1866 3497 1967 3551 οὐκ

360 3584 487 3655 ἔσχε
517 3584 599 3655 τῷ
620 3584 752 3655 υἱῷ,
780 3583 1077 3654 ὲπιγνώτω
1097 3584 1175 3648 ὡς
1194 3585 1243 3639 εἰ
1270 3580 1337 3657 ἦν
1356 3583 1689 3657 λελεγμένον
1708 3587 1788 3658 τῷ
1813 3589 1964 3660 Χὰμ,

362 3696 383 3726 ε
419 3675 625 3739 Δοῦλος
658 3674 877 3730 δούλων
908 3676 1062 3730 ἔσται
1083 3718 1098 3743 ,
1139 3694 1159 3727 ι
1193 3676 1291 3749 τῆς
1320 3676 1567 3743 δουλείας
1602 3678 1867 3751 μετέσχον
1900 3680 1967 3734 ἂν

360 3770 456 3821 καὶ
483 3769 536 3821 οἱ
564 3767 798 3836 ἀδελφοὶ
827 3764 1018 3832 αὑτοῦ,
1049 3768 1126 3832 ὡς
1159 3769 1208 3822 οἱ
1232 3765 1328 3821 τοῦ
1361 3768 1587 3824 Χαναὰν
1611 3770 1828 3841 ἀδελφοὶ
1847 3772 1968 3825 δοῦ-

360 3860 441 3913 λοι
468 3861 732 3929 ἐγένοντο
758 3860 905 3915 κατὰ
929 3858 1027 3934 τὴν
1052 3858 1303 3932 κατάραν
1322 3901 1340 3929 ,
1362 3853 1439 3917 ὧν
1466 3860 1654 3929 δοῦλος
1677 3862 1967 3937 ἀπεφάνθη

362 3951 607 4007 Χαναὰν.

981 4152 1181 4207 ΕΡΩΤ.
1225 4153 1365 4211 NH'.

376 4264 434 4317 Τί
480 4263 720 4330 δήποτε
766 4264 1036 4338 τοῦ-Χάει
1083 4265 1461 4338 ἐπταικότος,
1490 4269 1528 4324 d
1557 4268 1794 4325 ἐκείνου
1827 4269 1970 4338 παῖς

867 4333 1116 4401 ἐδέξατο
1146 4334 1263 4405 τὴν
1288 4336 1446 4406 ἀράν
1459 4354 1481 4403 ;

444 4427 617 4496 Κοινῇ
648 4424 858 4489 πάντες
904 4424 1044 4495 μετὰ
1066 4425 1166 4497 τὴν
1202 4424 1299 4479 τοῦ
1329 4426 1720 4499 κατακλυσμοῦ
1753 4427 1970 4484 παῦλαν

1429 359 1710 431 ΟυιΕΞΤ.
1743 360 1827 421 IN
1880 360 2149 422 GENES.
2192 364 2348 424 CAP.
2389 366 2492 425 IX.
2584 384 2588 388 '

3551 380 3659 450 162

2064 485 2207 525 naan
2246 474 2314 526 z?
2350 491 2370 524 ι
2407 472 2540 527 Nam
2574 490 2617 528 St
2662 491 2800 545 opus
2840 487 2960 533 erat
3002 482 3335 540 mentionem
3379 484 3562 545 facere
3584 492 3653 547 ﬁ-

2062 560 2283 629 liorum,
2342 566 2585 618 omnium
2645 568 2832 635 utique
2875 573 3180 642 oportebat,
3232 585 3287 631 et
3316 593 3428 634 non
3478 582 3667 640 solius;

2063 653 2343 711 Chanaan.
2369 657 2631 712 Chanaan
2668 661 2783 728 ipse
2806 662 2971 718 etiam
3002 677 3120 721 erat
3147 669 3372 739 impius,
3402 685 3462 728 ut
3484 676 3654 732 histo-

2063 746 2145 801 ria
2199 748 2460 804 declarat.
2508 748 2709 806 'Volens
2745 752 2906 821 igitur
2938 757 3169 824 spiritus
3204 761 3428 818 divinus
3464 774 3652 821 osten—

2063 835 2192 891 dere
2226 840 2639 895 similitudinem
2667 846 2836 912 patris
2862 856 2915 900 et
2938 847 3056 912 lilii,
3088 865 3213 905 eum
3241 858 3650 923 quodammodo

2065 944 2094 982 a
2144 943 2372 985 suorum
2438 932 2667 987 fratrum
2727 936 2926 1004 pietate
2975 939 3288 1013 distinguit,
3329 948 3648 1016 adjiciens:

2070 1040 2090 1072 ι
2129 1022 2246 1090 Ipse
2276 1023 2444 1077 Cham
2478 1036 2634 1094 pater
2664 1027 3054 1105 est_Chanaan.
3086 1053 3106 1085 ι
3137 1033 3349 1093 Gencre
3377 1042 3650 1111 siquidem
3760 1090 3771 1104 .

2064 1121 2222 1166 erant
2242 1126 2433 1167 omnes
2458 1114 2553 1168 ﬁlii
2585 1113 2727 1173 Noe:
2756 1118 2907 1174 solus
2937 1131 3118 1177 autem
3147 1125 3249 1181 iste
3277 1131 3649 1189 moribusnon

2065 1214 2184 1258 erat
2239 1205 2406 1272 ﬁlius,
2446 1208 2538 1263 sed
2580 1210 2666 1263 sui
2700 1211 2897 1287 similis
2931 1214 3025 1267 ﬁlii
3069 1226 3240 1286 pater.
3277 1221 3647 1287 Quamobrem

2064 1296 2132 1350 ad
2182 1298 2447 1368 majorem
2493 1299 3018 1365 demonstrationem
3054 1311 3292 1377 positum
3339 1326 3422 1369 est
3462 1318 3647 1376 istud;

2070 1405 2090 1439 ε
2140 1386 2259 1458 Ipse
2289 1398 2443 1458 pater
2474 1400 2561 1446 est
2596 1392 2879 1450 Chanaan.
2910 1414 2931 1449 ι
2972 1397 3075 1464 Qui
3126 1417 3258 1456 vero
3302 1407 3318 1426 ‘
3353 1405 3468 1461 hac
3514 1411 3652 1464 dixit

2064 1477 2346 1547 Hebraeus,
2396 1483 2536 1538 hanc
2563 1485 2727 1539 etiam
2776 1489 3123 1545 traditionem
3160 1494 3437 1561 afferebat,
3466 1511 3519 1553 et
3542 1510 3657 1555 tra-

2063 1572 2324 1628 ditionem
2357 1576 2569 1632 ratione
2601 1579 2710 1649 7o
2726 1583 3102 1638 conﬁrmabat.
3128 1584 3371 1642 Primum
3393 1592 3648 1647 Chanaan

2064 1656 2300 1720 verenda
2358 1668 2442 1721 avi
2478 1672 2563 1724 sui
2616 1672 2817 1727 vidisse
2861 1690 3074 1745 suoque
3124 1686 3300 1734 solum
3340 1694 3478 1752 patri
3520 1701 3651 1740 nar-

2065 1770 2219 1811 rasse
2252 1768 2511 1829 tanquam
2552 1777 2740 1817 senem
2769 1764 3108 1822 irridentem.
3141 1769 3312 1826 Cham
3345 1791 3497 1839 vero,
3523 1793 3647 1832 cum

2061 1847 2314 1903 similiter
2357 1864 2423 1905 ac
2463 1850 2660 1909 fratres
2714 1872 2819 1911 non
2864 1859 3087 1914 deberet
3125 1862 3290 1932 impie
3337 1870 3401 1919 ad
3439 1881 3647 1937 patrem

2065 1939 2346 2005 accedere,
2382 1942 2477 1996 sed
2507 1942 2800 2014 objurgare
2829 1963 2954 2002 eum
2988 1952 3078 2019 qui
3109 1954 3317 2020 primus
3345 1957 3572 2025 viderat,
3597 1974 3651 2016 et

2066 2026 2371 2093 illudebat;
2406 2030 2524 2100 ipse
2569 2047 2789 2103 quoque
2836 2052 3156 2105 persuasus,
3201 2053 3255 2097 et
3304 2048 3555 2112 accessit,
3595 2059 3651 2104 et
3746 2095 3761 2107 .

2066 2118 2223 2186 vidit,
2260 2120 2633 2193 fratribusque
2662 2129 3020 2183 renuntiavit.
3054 2130 3155 2186 Sed
3194 2133 3309 2189 haec
3333 2137 3657 2193 viderentur

2064 2224 2187 2266 esse
2240 2212 2513 2278 fabulosa,
2549 2216 2657 2270 nisi
2692 2217 2797 2273 hoc
2841 2221 2984 2288 quod
3022 2224 3270 2292 sequitur
3299 2226 3653 2284 demonstra-

2066 2304 2233 2359 tionis
2280 2306 2392 2360 vim
2432 2307 2701 2363 haberet:
2746 2328 2765 2361 ι
2799 2309 2863 2364 Et
2908 2314 3206 2369 suscitatus
3253 2325 3335 2372 est
3376 2335 3404 2372 a
3453 2334 3655 2377 30mm)

2065 2407 2188 2459 suo,
2219 2393 2420 2465 inquit,
2449 2405 2503 2451 et
2530 2398 2785 2468 cognovit
2816 2415 3159 2472 quacunque
3187 2403 3391 2461 fecerat
3420 2409 3469 2463 ei
3500 2410 3648 2467 ﬁlius

2065 2500 2199 2540 suus
2228 2487 2419 2557 junior
2446 2501 2495 2543 ι.
2538 2508 2557 2541 ι
2595 2490 2766 2545 Cham
2805 2505 2986 2549 autem
3038 2510 3146 2550 non
3188 2507 3306 2552 erat
3334 2498 3455 2569 ejus
3499 2502 3649 2560 ﬁlius

2059 2576 2270 2646 junior,
2318 2580 2411 2634 sed
2454 2583 2920 2638 seeumius.cS-tn
2951 2588 3121 2649 enim,
3144 2588 3346 2659 inquit,
3375 2603 3428 2647 et
3450 2593 3646 2663 Cham,

2065 2678 2118 2724 et
2145 2667 2340 2739 Japhet
2361 2671 2411 2725 ιι.
2447 2691 2466 2724 ι
2495 2671 2649 2738 Quod
2681 2675 2726 2728 si
2761 2676 2928 2730 tilium
2954 2679 3240 2735 minimum
3267 2684 3650 2745 demonstrare

2068 2762 2300 2825 voiebat,
2330 2760 2529 2833 Japhet
2559 2765 2915 2822 nominasset.
2952 2767 3224 2834 Quoniam
3267 2789 3397 2829 vero
3425 2778 3511 2831 avi
3549 2791 3653 2833 ne-

2067 2866 2239 2923 potes,
2273 2867 2338 2907 ac
2366 2868 2462 2909 eos
2490 2855 2654 2908 etiam
2690 2857 2783 2925 qui
2815 2858 2883 2912 ab
2922 2859 3009 2914 his
3044 2861 3202 2932 longa
3232 2864 3375 2919 serie
3404 2882 3649 2923 nascun-

2069 2955 2175 3010 tur,
2219 2946 2395 3001 solent
2439 2947 2579 3003 ﬁlios
2617 2951 2909 3019 appellare,
2941 2952 3201 3009 Chanaan
3240 2967 3498 3028 nepotum
3540 2962 3649 3017 mi-

2067 3037 2278 3092 nimum
2313 3037 2445 3092 dicit
2476 3036 2764 3109 Scriptura
2797 3043 3074 3112 cognitum
3098 3044 3267 3101 fuisse
3302 3064 3329 3101 a
3357 3046 3492 3117 Noe,
3528 3066 3651 3108 sce—

2069 3128 2197 3184 leris
2232 3129 2396 3198 hujus
2430 3139 2710 3185 auctorem
2747 3134 3042 3190 exstitisse.
3074 3135 3140 3190 Et
3175 3139 3321 3208 quod
3354 3140 3458 3196 hoc
3485 3143 3557 3198 ita
3588 3159 3651 3201 se

2069 3213 2285 3280 habeat,
2341 3217 2624 3289 subjungit
2676 3221 2858 3275 statim
2914 3224 3131 3280 divinus
3180 3224 3396 3295 Sermo,
3427 3239 3481 3285 et
3525 3233 3646 3291 ait:

2074 3327 2093 3361 ι
2141 3309 2455 3369 Maledictus
2503 3313 2786 3380 Chanaan,
2827 3334 3019 3375 servus
3059 3336 3345 3378 servorum
3395 3326 3499 3382 erit
3538 3326 3651 3384 fra-

2067 3404 2243 3460 tribus
2273 3406 2388 3461 suis
2415 3418 2461 3462 ο.
2502 3427 2521 3459 ι
2560 3407 2715 3475 Quod
2748 3411 2793 3466 si
2824 3414 2949 3482 quis
2993 3415 3243 3481 mirelur,
3290 3421 3650 3490 quamobrem

2067 3494 2261 3562 Cham,
2294 3513 2417 3552 cum
2447 3500 2561 3569 ipse
2583 3518 2800 3573 quoque
2827 3514 2972 3560 esset
2996 3506 3218 3577 impius,
3247 3511 3494 3566 eamdem
3520 3526 3649 3571 cum

2070 3586 2182 3641 ﬁlio
2233 3589 2668 3648 maledictionem
2728 3611 2837 3649 non
2897 3598 2967 3652 sit
3016 3601 3264 3666 sortitus,
3332 3614 3648 3674 cognoscat,

2068 3677 2213 3748 quod
2254 3680 2300 3735 si
2328 3682 2468 3737 hanc
2502 3686 2730 3741 sortitus
2761 3696 2925 3751 esset,
2962 3690 3214 3747 videlicet
3252 3710 3272 3743 ι
3305 3708 3497 3751 servus
3530 3711 3651 3752 ser-

2070 3782 2260 3822 vorum
2310 3770 2434 3835 erit,
2470 3791 2490 3824 ι
2531 3775 2812 3833 servitutis
2855 3779 3018 3833 etiam
3069 3781 3362 3853 participes
3412 3785 3651 3843 fuissent

2070 3857 2267 3915 fratres
2315 3861 2456 3932 ejus.
2499 3864 2635 3919 Nam
2689 3881 2754 3922 ex
2791 3870 3170 3927 maledictione
3206 3873 3405 3930 fratres
3433 3892 3653 3948 quoque

2069 3950 2330 4008 Chanaan
2386 3955 2528 4009 servi
2564 3956 2784 4013 fuerunt
2823 3977 3036 4030 eorum,
3071 3980 3303 4036 quorum
3340 3982 3531 4026 servus
3556 3970 3653 4027 dc-

2071 4044 2308 4102 claratus
2346 4056 2431 4105 est
2462 4048 2741 4105 Chanaan.

2533 4164 2635 4236 71
2682 4164 2960 4223 mena.
3008 4168 3187 4227 LVIII.

2071 4280 2275 4347 Quare,
2328 4296 2451 4335 cum
2497 4281 2672 4360 Cham
2719 4285 3052 4360 deliquisset,
3093 4289 3239 4357 ﬁlius
3274 4290 3389 4360 ejus
3422 4290 3650 4345 maledi-

2601 4357 2824 4409 ctionem
2852 4358 3076 4428 suscepit
3100 4361 3126 4414 2

2141 4442 2408 4500 Cessante
2448 4445 2654 4501 diluvio
2680 4462 2871 4504 omnes
2901 4450 3103 4519 pariter
3139 4449 3535 4506 benedictionis
3572 4450 3651 4506 di-

380 4518 469 4587 τῆς
531 4518 690 4582 θείας
755 4516 1057 4588 μετέλαχω
1109 4518 1382 4588 εὐλογίας.
1440 4519 1726 4591 Τολμηρὸν
1783 4520 1964 4576 τοίνυν

2070 4529 2209 4585 vitae
2246 4532 2543 4602 participes
2574 4533 2700 4589 facti
2742 4516 3303 4593 sulm-Temerarium
3346 4540 3508 4608 igitur
3532 4540 3650 4594 exi-

383 4608 650 4664 ὐπὲλαϐεν
675 4612 706 4663 6
726 4608 878 4674 Νῶε,
901 4610 1206 4679 ἐπαγαγεῖν
1230 4611 1373 4683 άρὰν
1396 4610 1475 4683 τῷ
1503 4611 1604 4683 τῆς
1635 4611 1787 4676 θείας
1811 4613 1965 4667 εὐλο-

384 4700 499 4767 γίας
553 4700 941 4773 μετειληχότι’
984 4700 1181 4755 τούτου
1217 4702 1380 4774 χάριν
1428 4701 1506 4770 τῷ
1553 4702 1765 4758 ἐκείνου
1814 4705 1969 4760 παιδὶ

448 4873 471 4902 ⁸
507 4863 649 4921 Gen.
693 4881 775 4931 ix,
833 4864 919 4922 i8.
992 4877 1021 4907 ι
1061 4865 1219 4936 ibid.,
1255 4866 1348 4922 26.
1424 4867 1455 4908 ιι
1484 4869 1615 4925 ibid.
1668 4868 1755 4926 18.
1836 4882 1859 4911 ο
1894 4873 2026 4930 ibid.

2074 4618 2318 4673 stimavit
2345 4616 2461 4675 Noe
2514 4622 2948 4679 maledic-tionem
2982 4625 3059 4680 illi
3092 4625 3316 4691 inferre,
3350 4628 3443 4698 qui
3486 4628 3648 4681 benc-

2077 4708 2371 4767 dictionem
2431 4713 2674 4770 divinam
2724 4726 3049 4775 consecutus
3091 4728 3211 4776 erat
3242 4740 3255 4776 :
3288 4719 3643 4789 quamobrem

2066 4874 2154 4931 25.

1235 5003 1478 5061 VARUE
1534 5004 1923 5066 LECTIONES
1967 5011 2060 5067 EX
2099 5012 2379 5070 CATENA
2429 5013 2790 5075 LIPSIENSI.

450 5127 494 5159 τ’
523 5125 653 5182 Cat.
676 5140 734 5195 ι).
760 5120 885 5177 161.
916 5119 1017 5191 τὴν
1047 5119 1346 5194 ὁμοιότητα
1383 5120 1479 5177 τοῦ
1508 5121 1748 5193 Πατρός.

1930 5238 2166 5296 ΝΟΤΔΞ.

453 5383 569 5455 (69)
603 5381 981 5455 ρῑκειότητα.
1014 5381 1153 5455 (39d.
1178 5391 1236 5455 et
1280 5380 1396 5455 Pic.
1429 5382 1748 5455 ὁμοιότητα.

458 5448 570 5525 (πὶ)
602 5448 744 5525 Ἦν.
774 5448 999 5525 et
1030 5453 1144 5525 Pic.
1166 5452 1363 5525 9.616;:

460 5457 548 5525 (το
602 5457 744 5508 Ἦν.
774 5457 913 5508 Cod.
942 5463 999 5509 et
1030 5457 1144 5507 Pie.
1177 5457 1363 5517 αὑτός.

460 5457 573 5604 (7i;
602 5523 761 5604 Mur
791 5523 1029 5593 ὁμοίως.
1229 5532 1290 5604 et
1326 5521 1441 5579 Pie.
1469 5518 1850 5604 εῑᾏὸμοῳίῇν.
1885 5525 1966 5579 Ad

392 5592 690 5660 marginem
716 5592 902 5664 itaque
964 5594 1178 5647 notavit
1228 5592 1393 5650 Picus
1420 5609 1435 5648 :
1467 5610 1487 5647 ι
1527 5592 1687 5650 Deest
1731 5592 1842 5647 ἔδει
1871 5605 1967 5651 aut

394 5665 584 5720 simile.
618 5682 639 5714 ι

459 5735 568 5806 {72)
604 5733 739 5789 Cod.
759 5743 812 5790 ct
835 5731 955 5789 Pic.
995 5731 1214 5803 μικρός.

2139 5384 2250 5453 (7‘5)
2286 5383 2422 5455 Cod.
2458 5393 2513 5440 et
2539 5382 2653 5440 Pic.
2678 5384 2960 5455 ἐγγόνους.

2165 5454 2499 5533 19909:“
2528 5456 2643 5533 ίῖίοτ
2668 5457 2940 5533 ἐγγάνεργο
3083 5525 3134 5533 .-
3267 5523 3281 5533 .
3431 5521 3446 5533 .
3547 5520 3560 5533 .

2162 5521 2249 5603 i5}
2275 5525 2503 5603 ᾼοῦλος
2536 5521 2790 5603 ῥούᾼαξκ.
2842 5525 2939 5581 His
2988 5525 3166 5603 verbis
3206 5523 3377 5603 utitur
3417 5521 3632 5603 Aquila.

2064 5596 2191 5666 oiO’
2222 5596 2424 5650 habent
2470 5599 2599 5659 παῖς
2624 5596 2863 5666 οἰκέτης,
2901 5612 3046 5666 quos
3085 5597 3190 5666 alio
3221 5596 3342 5666 loco
3390 5596 3641 5659 sequitur

2066 5665 2465 5723 Theodorctus.
2497 5658 2619 5722 Vid.
2643 5658 3073 5737 infra'iutei'rog.
3117 5665 3177 5718 l2
3220 5665 3272 5718 in
3307 5658 3564 5718 Josuam.
