4136 6422
458 351 573 421 163

1448 335 1939 402 THEODORETI
1968 334 2313 396 EPISCOPI
2355 331 2730 397 CYRENSIS

3626 323 3728 391 164

452 463 579 536 ejus
618 464 730 523 ﬁlio
770 459 1205 519 maledictionem
1248 453 1449 511 intulit.
1485 452 1586 508 Est
1623 458 1805 506 autem
1835 446 2041 518 suppli-

2146 448 2489 520 περιτέθεικε
2520 449 2623 521 τὴν
2672 445 2833 519 ἀράν.
2871 444 3029 515 Ἔχει
3061 440 3117 496 δὲ
3170 441 3261 495 καὶ
3312 439 3347 511 ἡ
3398 436 3638 512 τιμωρία
3667 439 3730 494 τὸ

456 558 603 613 cium
651 555 878 626 justum.
915 551 1053 617 Quia
1083 547 1250 609 enim,
1285 559 1411 599 cum
1448 542 1592 597 lilius
1624 547 1802 604 esset,
1843 538 1899 592 in
1935 551 2034 606 pa-

454 656 594 704 trem
625 644 876 715 deliquit,
913 646 983 697 ob
1026 640 1077 695 id
1118 654 1211 709 per
1245 636 1337 691 lilii
1379 632 1818 690 maledictionem
1847 643 2039 700 poenas

456 738 578 793 luit.
623 737 705 791 Ad
742 737 855 789 haec
876 729 1334 788 considerandum
1368 733 1456 781 est
1484 723 1639 789 illud,
1671 720 1816 793 quod
1847 722 1894 776 si
1923 721 2038 790 ipse

453 828 626 883 Cham
678 824 1114 891 maledictionem
1163 818 1515 887 suscepisset,
1556 817 1611 870 in
1657 822 1831 869 totum
1864 826 2039 883 genus

455 919 768 977 maledictio
806 932 871 972 ea
908 922 1197 986 pervagata
1232 911 1444 966 fuisset.
1488 907 1713 972 Verum,
1746 905 2038 959 minimum

452 1012 626 1067 ﬁlium
661 1008 931 1080 ejusmodi
963 1004 1321 1074 castigatione
1357 1000 1679 1069 increpavit.
1712 996 1829 1052 Hoc
1853 1005 2036 1050 autem

449 1103 759 1167 sciendum,
809 1101 957 1170 quod
1006 1099 1170 1152 verba
1214 1094 1371 1167 justi,
1410 1108 1519 1147 non
1574 1091 1907 1155 maledictio,
1939 1088 2038 1144 sed

454 1194 739 1265 prophetia
778 1201 924 1248 sunt.
959 1189 1094 1244 Nam
1130 1204 1254 1244 cum
1287 1186 1447 1243 Israel
1483 1200 1551 1240 ex
1588 1183 1715 1240 Sem
1739 1198 1912 1254 genus
1937 1183 2039 1237 du—

449 1299 608 1346 cens,
648 1282 990 1338 Palasstinam
1037 1283 1054 1300 '
1093 1287 1462 1347 occupaturus
1506 1286 1670 1341 esset,
1711 1290 1877 1344 quam
1911 1274 2038 1327 olim

458 1377 821 1439 incoluerant,
852 1375 942 1444 qui
983 1389 1049 1427 ex
1089 1373 1347 1426 Chanaan
1381 1369 1797 1431 descenderant,
1831 1368 1885 1420 in
1926 1381 2042 1420 ma-

457 1466 766 1520 ledictionis
824 1464 1053 1518 formam
1102 1461 1442 1532 prophetiam
1496 1458 1689 1523 effert;
1740 1456 2039 1527 praedicens

457 1556 679 1624 quidem
727 1552 930 1614 futura.
967 1554 1251 1607 deterrens
1300 1556 1483 1602 autem
1523 1555 1790 1615 posteros,
1822 1558 1889 1597 ne
1913 1557 2042 1612 pec-

457 1654 583 1701 cent
622 1646 677 1698 in
710 1651 983 1713 parentes.
1029 1641 1085 1695 ld
1121 1638 1268 1710 quod
1311 1652 1412 1691 nos
1452 1643 1640 1705 aperte
1682 1633 1838 1687 docet
1879 1632 2043 1684 bene-

457 1736 630 1791 dictio
667 1735 791 1790 Sem
830 1751 847 1790 :
891 1753 910 1785 ‹
950 1732 1299 1794 Benedictus,
1347 1728 1545 1796 inquit,
1589 1725 1855 1780 Dominus
1898 1723 2039 1777 Deus

2142 542 2370 597 δίκαιον.
2411 541 2635 612 Ἐπειδὴ
2667 538 2775 611 γὰρ
2799 538 2914 603 υίὸς
2941 535 3017 591 ὣν
3040 536 3353 606 ἐξήμαρτεν
3378 536 3459 598 εἰς
3491 534 3729 605 πατέρα,

2140 633 2228 688 διὰ
2275 632 2378 703 τῆς
2409 631 2504 686 τοῦ
2540 631 2732 695 παιδὸς
2774 628 3113 705 αὐτοῦ-ἀρᾶς
3145 627 3363 697 δέχεται
3410 625 3513 697 τὴν
3556 642 3732 695 τιμωο

2144 725 2287 797 ρίαν.
2320 726 2461 796 Πρὸς
2495 725 2553 778 δὲ
2585 723 2799 787 τούτοις
2830 719 3134 792 σκοπητέον
3169 721 3411 784 κάκεῖνο,
3440 718 3517 782 ὡς
3550 720 3601 772 εἰ
3629 717 3729 771 αὐ-

2139 816 2229 879 τὸς
2255 816 2284 869 ὀ
2315 814 2446 885 Χὰμ
2484 812 2701 880 ἐδέξατο
2736 813 2835 883 τὴν
2861 810 3052 882 ἀρὰν,
3073 811 3155 872 εἰς
3193 807 3315 862 ὅλον
3361 806 3428 861 ἂν
3478 805 3632 875 διέϐη
3666 805 3729 857 τὸ

2139 908 2297 977 γένος
2328 908 2362 979 ἡ
2389 905 2632 977 τιμωρία
2652 921 2667 938 ο
2699 905 2777 968 εἰς
2806 904 2864 956 δὲ
2894 903 2984 956 τὸν
3010 899 3280 954 νεώτατον
3309 896 3427 951 υἰδν
3454 897 3556 968 τὴν
3594 913 3726 949 παιι

2138 1002 2287 1056 δείαν
2333 998 2663 1072 παρέπεμψε
2692 996 2760 1060 ⁷³,
2800 998 2894 1051 καὶ
2938 994 3097 1049 τοῦτο
3149 992 3207 1047 δὲ
3249 992 3331 1045 δεῖ
3388 990 3608 1059 εἰδέναι,
3650 989 3731 1052 ὡς

2141 1090 2449 1162 πρόρρησίς
2482 1090 2650 1153 ἐστιν,
2685 1088 2787 1141 οὐκ
2815 1086 2945 1159 ἀρὰ,
2983 1084 3078 1139 τοῦ
3109 1083 3318 1137 δικαίου
3359 1081 3429 1136 τὰ
3461 1082 3682 1153 ῥήματα
3707 1094 3722 1109 ·

2142 1185 2332 1258 ἐπειδὴ
2358 1186 2466 1258 γὰρ
2497 1183 2732 1254 ἦμελλεν
2761 1184 2789 1236 ὁ
2832 1179 3050 1251 Ἰσραὴλ
3086 1179 3150 1232 ὲκ
3177 1177 3271 1232 τοῦ
3311 1177 3433 1248 Σὴμ
3468 1175 3725 1244 κατάγων

2141 1279 2202 1331 νδ
2240 1278 2419 1345 γένος.
2462 1278 2561 1346 τῆς
2606 1273 2972 1343 Παλαιστίνης
3006 1271 3466 1345 παραλαμϐάνειν
3496 1271 3596 1341 τὴν
3636 1271 3722 1324 δε-

2144 1370 2404 1425 σποτείαν
2426 1386 2439 1398 ·
2475 1370 2679 1440 ταύτην
2709 1367 2765 1420 δὲ
2795 1368 2966 1420 πάλαι
2998 1364 3176 1437 ᾤκουν
3206 1366 3256 1419 οἰ
3285 1366 3349 1417 ὲκ
3377 1354 3471 1417 τοῦ
3501 1362 3725 1415 Χαναὰν

2145 1464 2575 1538 βεϐλαστηκότες
2597 1478 2611 1492 ·
2639 1462 2720 1525 εἰς
2748 1458 2887 1531 ἀρὰν
2911 1458 3239 1530 σχηματίζει
3260 1456 3361 1527 τὴν
3391 1455 3723 1527 πρόρρησιν,

2144 1555 2534 1630 προαγορεύων
2568 1554 2665 1624 μὲν
2695 1553 2763 1607 τὰ
2791 1552 3049 1623 ἐσόμενα,
3092 1548 3468 1618 δεδιττόμενος
3501 1548 3558 1601 δὲ
3597 1545 3727 1608 τοὺς

2144 1651 2370 1720 ὕστερον
2410 1647 2735 1716 ἐσομένους,
2766 1645 2842 1715 μὴ
2876 1641 3221 1712 πλημμελεῖν
3245 1642 3326 1704 εἰς
3362 1637 3577 1705 γονέας.
3616 1636 3727 1690 Καὶ

2144 1746 2301 1800 τοῦτο
2351 1742 2539 1813 σαφῶς
2588 1739 2740 1810 ἡμᾶς
2779 1738 2814 1807 ὴ
2863 1734 2958 1788 τοῦ
3016 1733 3138 1805 Σὴμ
3188 1729 3411 1798 εὐλογία
3457 1727 3725 1781 διδάσκει.

460 1826 608 1890 Sem,
653 1836 708 1881 et
744 1827 847 1880 erit
889 1823 1150 1881 Chanaan
1178 1834 1386 1893 servus
1431 1818 1550 1888 ejus
1585 1815 1635 1870 ἀ.
1673 1835 1691 1867 ι
1735 1813 1855 1868 Non
1892 1813 2041 1868 enim

2152 1798 2651 1905 {nemomébg'ya}
2670 1872 2686 1897 ,
2719 1798 2900 1901 ’φήσῃ
2928 1798 3134 1899 Κύριος
3170 1827 3200 1878 ι
3226 1823 3359 1887 Θεὸς
3378 1820 3473 1876 τοῦ
3503 1820 3659 1890 Σήμ·
3702 1834 3724 1869 ι

456 1921 673 1975 duobus
692 1920 834 1974 hunc
851 1917 1102 1987 subjecit,
1138 1914 1235 1970 sed
1256 1913 1356 1968 soli
1383 1911 1531 1967 Sem.
1563 1908 1627 1963 Et
1648 1906 1881 1978 .Iapheth
1915 1907 2041 1975 qui-

356 2072 372 2083 .
457 2012 580 2067 dem
612 2010 967 2079 multiplicem
994 2004 1304 2077 progeniem
1330 2000 1599 2073 praedixit,
1633 1996 1759 2053 Sem
1790 2011 1915 2050 vero
1937 1997 2045 2064 pie-

452 2109 646 2157 tatem.
677 2101 815 2156 Nam
887 2097 1059 2152 Deum
1090 2093 1433 2165 prophetavit
1461 2090 1831 2145 babitaturum
1855 2087 1906 2138 in
1940 2094 2051 2138 leno

459 2193 617 2250 toriis
652 2191 816 2248 Seni:
851 2188 1120 2245 habitavit
1160 2194 1341 2241 autem
1378 2183 1519 2254 apud
1553 2179 1915 2251 patriarchas,
1950 2176 2044 2246 qui

457 2303 527 2343 ex
566 2285 692 2341 Sem
740 2284 847 2338 orti
887 2291 1052 2337 sunt:
1100 2290 1155 2334 et
1183 2278 1324 2347 apud
1365 2275 1681 2345 prophetas,
1719 2273 1811 2341 qui
1839 2285 1905 2324 ex
1940 2269 2048 2322 illis

459 2374 906 2434 descenderunt:
958 2382 1015 2428 et
1062 2371 1219 2439 prius
1253 2369 1307 2423 in
1348 2365 1720 2427 tabernaculo,
1770 2359 2047 2430 posterius

458 2464 877 2535 Hierosolymis.
916 2463 984 2518 Et
1014 2462 1128 2516 haec
1163 2458 1449 2529 prophetia
1482 2454 1849 2511 certissimum
1883 2450 2044 2504 linem

458 2556 671 2622 habuit,
702 2556 1018 2627 mysterium
1046 2548 1468 2621 dispensationis
1499 2546 1638 2617 :72
1654 2542 1870 2613 quando
1906 2539 2044 2595 Deus

457 2650 710 2713 verbum,
764 2646 857 2701 Dei
900 2654 955 2701 et
1000 2643 1178 2699 Patris
1220 2641 1392 2695 Filius
1443 2638 1781 2708 unigenitus,
1820 2647 2043 2689 carnem

460 2740 762 2811 assumpsit
786 2747 845 2799 ,et
876 2739 1039 2791 homo
1066 2735 1243 2791 lactus
1266 2740 1373 2797 est,
1399 2739 1455 2786 et
1485 2744 1729 2793 carnem,
1759 2742 1921 2797 quam
1950 2740 2044 2781 ac-

458 2833 602 2901 cepit
628 2847 696 2887 ex
730 2829 941 2886 semine
969 2826 1135 2882 David
1162 2834 1217 2880 et
1235 2822 1546 2888 Abraham,
1590 2818 1850 2888 templum
1876 2830 2040 2871 suum

458 2921 783 2983 nominavit.
819 2919 959 2973 Nam
988 2934 1053 2972 ex
1090 2916 1219 2970 Sem
1244 2914 1297 2968 hi
1321 2925 1542 2983 quoque
1571 2908 1837 2978 originem
1867 2907 2041 2961 duxe-

457 3020 625 3069 runt:
673 3020 731 3066 at
789 3011 1024 3066 servitus
1077 3006 1340 3062 Chanaan
1402 3002 1458 3057 in
1502 2998 1822 3056 Gabaonitis
1877 2999 2039 3052 linem

457 3102 623 3175 cepit.

1022 3338 1302 3397 INTERR.
1342 3335 1480 3393 LIX.

465 3457 725 3545 Dixerunt
773 3441 987 3533 quidam
1039 3471 1102 3511 ea:
1133 3453 1403 3535 magistris
1441 3448 1675 3503 bitumen
1703 3461 1814 3501 esse
1847 3444 2044 3499 calcem

1159 3538 1348 3577 vivam.

466 3710 471 3715 ,
532 3648 881 3719 lgnorantes,
930 3651 989 3695 ut
1037 3637 1333 3694 verisimile
1368 3644 1474 3698 est,
1516 3631 1694 3687 fontes
1729 3630 1782 3683 in
1822 3625 2043 3699 Assyria

459 3718 806 3801 exsistentes,
849 3740 1177 3805 putaverunt
1217 3745 1283 3783 ex
1321 3727 1471 3783 calce
1509 3725 1631 3778 viva
1678 3722 1872 3777 turrim
1911 3718 2043 3773 aedi-

460 3837 676 3890 licatam
723 3844 866 3885 esse.
908 3826 1020 3898 Ego
1059 3839 1187 3880 vero
1216 3822 1503 3892 diligenter
1541 3814 1707 3873 didici
1742 3814 1811 3869 ab
1845 3814 1913 3867 iis
1948 3810 2045 3881 qui

459 3925 612 3980 illinc
644 3920 892 3982 veniunt,
924 3931 1045 3972 esse
1073 3914 1274 3976 fontes,
1307 3910 1403 3980 qui
1431 3910 1574 3962 hanc
1606 3903 1888 3959 materiam
1917 3914 2043 3955 cum

460 4028 604 4084 aqua
637 4011 965 4065 ell‘umlunt:
1011 4014 1065 4061 et
1101 4003 1251 4075 quod
1291 3997 1538 4055 aediliciis
1575 3990 1956 4050 construendis
1981 3990 2046 4043 il-

458 4106 569 4160 lam
608 4105 946 4173 adaptantes,
998 4097 1250 4153 coctilem
1296 4108 1420 4148 cum
1460 4104 1524 4145 ea
1562 4090 1786 4142 laterem
1825 4099 2048 4153 compo-

462 4206 624 4262 nunt,
656 4203 819 4263 atque
842 4192 946 4246 hoc
969 4199 1130 4261 pacto
1159 4187 1354 4242 turrim
1383 4183 1705 4237 aediﬁcatam
1726 4192 1849 4232 esse
1871 4177 2042 4230 aiunt.

462 4286 531 4340 Et
560 4285 762 4341 oculati
800 4293 969 4339 testes
1005 4279 1284 4335 allirmant
1333 4291 1392 4331 se
1420 4272 1699 4341 eﬂ‘regisse
1720 4267 2042 4341 particulam

461 4380 726 4448 aliquam,
773 4385 827 4431 et
863 4374 1033 4445 probe
1070 4372 1291 4426 novisse
1324 4368 1570 4422 bitumen
1603 4377 1726 4417 esse
1751 4359 2044 4415 coctilibus

2147 1933 2243 1986 καὶ
2288 1929 2442 1983 ἔσται
2493 1925 2719 1980 Χαναὰν
2756 1923 2890 1985 παῖς
2934 1917 3125 1974 αὐτοῦ.
3166 1935 3185 1967 ›
3221 1915 3295 1969 Οὐ
3332 1915 3444 1983 γὰρ
3479 1914 3596 1975 τοῖς
3633 1908 3732 1964 δύο

2144 2023 2335 2078 τοῦτον
2364 2019 2631 2084 ὑπέταξεν
2664 2016 2778 2090 (76)
2827 2013 2966 2069 ἀλλὰ
3001 2013 3147 2084 μόνῳ
3175 2009 3250 2082 τῷ
3291 2009 3437 2080 Σήμ.
3479 2006 3592 2060 Καὶ
3629 2004 3729 2060 τοῦ

2149 2117 2247 2187 μὲν
2288 2113 2466 2185 Ἰἀφεθ
2506 2112 2606 2183 τὴν
2646 2107 2973 2177 πολυγονίαν
3015 2103 3337 2177 προείρηκε,
3373 2100 3468 2155 τοῦ
3512 2100 3570 2154 δὲ
3604 2099 3734 2170 Σὴμ

2143 2211 2243 2280 τὴν
2274 2207 2557 2262 εὐσέϐειαν
2576 2220 2590 2232 ’
2622 2202 2715 2257 τὸν
2745 2201 2855 2271 γὰρ
2890 2198 3024 2254 Θεὸν
3050 2199 3110 2252 ὲν
3130 2199 3244 2259 τοῖς
3279 2193 3603 2266 σκηνώμασι
3630 2189 3731 2245 τοῦ

2145 2303 2267 2372 Σὴμ
2305 2299 2658 2368 κατοικήσειν
2697 2294 3019 2365 προείρηκε.
3070 2287 3379 2360 Κατῲκησε
3419 2285 3479 2340 δὲ
3525 2286 3584 2339 ὲν
3612 2286 3735 2348 τοῖς

2145 2394 2209 2445 ἐκ
2245 2390 2341 2445 τοῦ
2368 2389 2492 2460 Σὴμ
2519 2386 2918 2457 πατριάρχαις,
2950 2385 3044 2437 καὶ
3073 2383 3131 2434 ὲν
3162 2383 3276 2443 τοῖς
3315 2381 3381 2433 ὲκ
3404 2376 3610 2432 τούτων
3639 2375 3735 2445 βε-

2145 2481 2480 2553 ϐλαστηκόσι
2521 2479 2862 2552 προφήταιςο
2907 2475 3002 2528 καὶ
3040 2474 3098 2526 ἐν
3122 2475 3189 2543 τῇ
3221 2472 3396 2541 σκηνῇ
3425 2469 3693 2539 πρότερον
3712 2482 3728 2498 ο

2145 2574 2240 2627 καὶ
2289 2573 2346 2625 ὲν
2396 2568 2791 2640 Ἱεροσολύμοις
2841 2564 3089 2637 ὕστερον.
3159 2559 3414 2631 Ἀκριὸὲς
3456 2557 3513 2611 δὲ
3572 2556 3734 2621 τέλος

2143 2665 2302 2737 ἔσχεν
2323 2667 2357 2733 ἠ
2392 2660 2698 2735 προφητεία
2721 2661 2782 2713 τὸ
2811 2658 2911 2729 τῆς
2941 2656 3256 2726 οἰκονομίας
3280 2653 3610 2724 μυστήριον·
3638 2651 3734 2702 ὅτε

2143 2759 2309 2822 αὐτὸς
2338 2759 2367 2811 ὁ
2390 2756 2523 2820 Θεὸς
2549 2754 2742 2821 Λόγος,
2771 2752 2800 2805 ὁ
2826 2749 2919 2803 τοῦ
2950 2748 3086 2802 Θεοῦ
3119 2748 3212 2801 καὶ
3239 2745 3450 2813 [ἰατρὸς
3477 2743 3602 2804 Tib;
3633 2760 3732 2813 p.9-

2143 2853 2387 2923 νογενὴς,
2419 2846 2714 2920 ὲσαρκὼθη
2745 2845 2841 2899 καί
2869 2839 3263 2913 ὲνηνθρὼπησε
3295 2839 3390 2891 καί
3417 2836 3546 2890 ναὸν
3592 2837 3728 2889 sua-

2141 2947 2235 3000 τοῦ
2287 2942 2763 3015 προσηγόρευσεν,
2820 2937 2888 3007 ἣν
2938 2936 3003 2987 ὲκ
3046 2934 3363 3001 σπέρματος
3415 2927 3579 2983 Δαὸὶδ
3632 2928 3732 2981 καὶ

2156 3014 2409 3106 Ἀϐραὰμ
2455 3030 2619 3085 ἔλαϐε
2666 3028 2868 3097 σάρκα.
2925 3025 3021 3079 Ἐκ
3044 3023 3141 3077 τοῦ
3169 3022 3291 3093 Σὴμ
3317 3020 3427 3091 γὰρ
3458 3019 3555 3073 καὶ
3581 3014 3728 3073 οὗτοι

2066 3132 2111 3191 C.
2144 3127 2383 3198 κατῆγον
2415 3123 2477 3177 τὸ
2500 3122 2677 3191 γένος.
2723 3119 2790 3172 Ἠ
2823 3117 2881 3170 δὲ
2905 3114 3000 3169 τοῦ
3035 3115 3255 3168 Χαναὰν
3278 3110 3499 3166 δουλεία
3527 3111 3585 3164 ὲν
3611 3110 3729 3172 τοῖς

2145 3214 2517 3278 Γαϐαωνίταις
2547 3212 2613 3265 τὸ
2638 3209 2791 3273 τέλος
2818 3206 3056 3273 ἐδέξατο.

2709 3319 2906 3375 ΕΡΩΤ.
2937 3318 3044 3373 ΝΘ¹
3058 3316 3127 3371 *⁵.

2152 3441 2273 3512 Τὴν
2301 3436 2622 3510 ἅσφαλτόν
2647 3451 2808 3512 τινες
2845 3431 2973 3512 τῶν
3012 3428 3400 3512 διδασκάλων
3425 3424 3539 3500 (77)
3579 3424 3724 3495 ἔφα..

2593 3519 2719 3559 σαν
2748 3498 3053 3558 ἄσϐεστον
3083 3498 3257 3554 εἶναι.

2216 3630 2280 3704 Di
2309 3621 2653 3695 ἀγνοοῦντες,
2679 3619 2754 3689 ὡς
2783 3619 2951 3682 εἰκὸς,
2986 3615 3087 3680 τὰς
3123 3616 3182 3670 δν
3219 3615 3289 3687 τῇ
3330 3611 3591 3683 Ἀσσυρίᾳ
3624 3626 3734 3679 πη-

2144 3699 2284 3787 γᾶς,
2333 3713 2591 3786 ᾠήθησαν
2630 3708 2881 3779 ἀσϐέστῳ
2917 3706 3007 3760 τδν
3054 3703 3264 3776 πύργον
3310 3699 3728 3775 ᾠκοδομείσθαι.

2158 3803 2429 3874 Ἀκριὸὦς
2461 3800 2519 3855 δὲ
2566 3799 2717 3870 παρὰ
2758 3797 2869 3850 τῶν
2908 3795 3119 3850 ἐκεῖθεν
3164 3794 3514 3864 ἀφικομένων
3550 3792 3734 3862 μεμά-

2146 3896 2310 3968 θηκα,
2343 3893 2418 3956 ὡς
2447 3891 2554 3944 εἰσὶ
2594 3890 2767 3962 πηγαὶ
2796 3887 3001 3958 ταύτην
3031 3884 3434 3949 ἀναϐλύζουσαι
3470 3884 3568 3953 τὴν
3593 3882 3733 3951 ὓλην

2149 3988 2270 4059 μεθ’
2321 3985 2547 4049 ὓδατοςο
2608 3983 2704 4037 καὶ
2729 3983 2810 4035 ὃτι
2841 3980 3046 4051 ταύτην
3089 3981 3210 4042 ταῖς
3238 3975 3573 4045 οἰκοδομίαις
3616 3974 3731 4045 (78)

2148 4077 2591 4148 συνυφαίνοντες,
2630 4073 2727 4128 ὲπὶ
2756 4072 2957 4141 ταύτης
2998 4070 3098 4141 τὴν
3137 4068 3474 4140 ὠπτημένην
3511 4068 3733 4120 συνετί-

2147 4174 2310 4229 θεσαν
2347 4169 2588 4225 πλίνθον.
2624 4165 2782 4220 Οὕτω
2819 4166 2915 4219 καί
2949 4165 3040 4217 τὸν
3088 4164 3298 4233 πύργον
3336 4159 3732 4231 ᾠκοδομῆσθαι

2148 4280 2306 4336 φασι,
2331 4263 2428 4317 καὶ
2451 4263 2503 4316 οί
2525 4260 2794 4314 αὐτόπται
2831 4256 3022 4310 τούτου
3060 4252 3366 4326 διαρρῆξαί,
3388 4269 3443 4306 τι
3486 4252 3651 4323 μέρος
3680 4253 3731 4283 ⁷⁸

2149 4353 2500 4427 ἰσχυρίσαντο
2520 4392 2535 4418 ,
2567 4352 2662 4404 καὶ
2701 4346 2948 4419 ἀκριϐῶς
2973 4346 3303 4412 διαγνῶναι,
3338 4343 3413 4407 ὡς
3449 4343 3733 4412 ἄσφαλτος

462 4468 724 4526 lateribus
754 4468 1091 4523 substratum
1121 4481 1135 4517 :
1168 4467 1478 4517 asserentes
1523 4454 1730 4524 alioqui
1759 4451 2039 4523 penuriam

2146 4449 2267 4509 ταῖς
2300 4442 2658 4513 ὠπτημέναις
2706 4440 3053 4509 ὑπέστρωται
3109 4436 3371 4499 πλίνθοις.
3421 4435 3633 4498 Ἀλλως
3666 4452 3732 4487 τε

458 4554 588 4618 esse
622 4560 863 4631 lapidum
902 4560 955 4612 in
994 4555 1238 4626 Assyria,
1268 4561 1323 4607 et
1361 4551 1432 4606 ob
1471 4563 1592 4605 eam
1634 4562 1751 4601 rem
1780 4544 2043 4600 lateribus

461 4654 544 4710 uti
583 4670 680 4724 pro
729 4652 1028 4723 lapidibus.
1077 4645 1243 4718 Atqui
1288 4645 1407 4700 sine
1449 4640 1721 4713 lapidibus
1766 4637 2042 4708 quomodo

459 4747 582 4801 calx
614 4745 734 4801 viva
773 4741 970 4799 conlici
999 4739 1217 4811 possit?
1910 4728 1913 4729 ⁷

527 4892 562 4937 ἀ
600 4895 739 4950 Gen.
801 4911 876 4960 Ix,
930 4890 1025 4945 26.

2146 4537 2241 4592 καὶ
2291 4534 2456 4588 λίθων
2501 4529 2651 4588 εῖναιΔ
2690 4530 2890 4586 σπάνιν
2918 4531 2976 4582 ἐν
3009 4530 3078 4599 τῇ
3133 4526 3398 4598 Ἀσσυρίᾳ
3435 4525 3588 4593 φασὶ,
3629 4525 3732 4577 καὶ

2145 4630 2234 4684 διὰ
2255 4626 2413 4683 τοῦτο
2441 4628 2560 4689 ταῖς
2589 4624 2833 4687 πλίνθοις
2853 4623 2975 4676 ἀντί
3001 4621 3166 4674 λίθων
3187 4618 3491 4693 κεχρῆσθαι
3510 4633 3526 4649 ·
3558 4614 3732 4671 λίθων

2144 4722 2203 4777 δὲ
2231 4720 2356 4793 δίχα
2389 4718 2505 4783 πῶς
2533 4717 2602 4772 ἂν
2626 4717 2839 4786 γένοιτο
2862 4713 3160 4778 ἄσϐεστος

1319 4994 1552 5052 VARUS
1584 4992 1973 5050 LECTIONES
2018 4992 2106 5049 EX
2147 4990 2427 5051 CATENA
2478 4988 2844 5047 LIPSIENSI.

531 5151 580 5185 ⁷³
613 5151 734 5206 Cat.
786 5165 841 5218 p.
873 5146 995 5203 165.
1017 5144 1294 5218 τὴνπαιδ.
1444 5142 1600 5218 τούτο
1630 5138 1984 5218 παρέπεμψε.

2142 5138 2347 5207 Quaest.
2412 5138 2482 5196 59
2534 5137 2592 5193 in
2643 5144 2753 5193 eat.
2802 5150 2858 5207 ι).
2921 5132 3026 5190 175
3070 5132 3292 5204 ponitur
3341 5139 3471 5203 post
3524 5140 3729 5201 quaest.

463 5222 533 5280 60
564 5221 727 5278 οισι.
788 5211 841 5252 θ’
874 5218 996 5274 Cat.
1026 5211 1085 5287 ι).
1126 5215 1249 5270 175.
1275 5214 1370 5268 καὶ
1389 5212 1632 5285 διορύξαι
1654 5211 1916 5282 τιμέρος.

2000 5325 2230 5384 NOTAE.

536 5452 650 5524 (7(5)
684 5451 821 5524 Cod.
861 5459 916 5506 et
933 5449 1046 5524 Hic.
1076 5447 1376 5524 ὐπέδειξεν.
1512 5517 1556 5524 __
1594 5519 1605 5524 Α

538 5515 650 5595 (⁸1])
687 5520 852 5595 Τινὲς
908 5520 1029 5574 τῶν
1071 5517 1770 5595 διδασκάλῳνηῐίθῢναςης
1803 5515 2028 5595 scilicet,

467 5584 556 5665 ρι’
588 5584 761 5665 Syrus
827 5584 1117 5665 interpres,
1175 5601 1236 5644 ut
1270 5604 1325 5665 _e_
1369 5589 1635 5665 Diodor_9_
1667 5589 1855 5665 liquet.
1899 5584 2033 5665 Vide

468 5657 659 5741 bimuli
714 5661 938 5741 Hexapl.
972 5657 1137 5741 'Orig.
1168 5676 1221 5741 p.
1263 5660 1351 5711 ‘27.
1405 5658 1462 5711 In
1509 5657 1747 5741 editione
1778 5657 1966 5736 Graeca
2004 5657 2023 5708 Ι

466 5728 580 5786 Pici
616 5735 729 5788 haec
764 5727 1112 5802 interrogatio
1141 5727 1223 5785 est
1248 5744 1374 5797 pars
1403 5730 1778 5797 prmccdcntis.
1802 5727 1854 5779 in
1886 5742 2029 5780 mar-

2114 5419 2266 5513 .gine
2284 5448 2464 5495 autem
2512 5437 2657 5513 hanc
2698 5433 2938 5513 uotulam
2988 5428 3253 5513 apposuit
3304 5426 3468 5513 Picus
3501 5441 3524 5513 ξ
3558 5441 3578 5475 ι
3625 5418 3735 5477 llic

2140 5494 2358 5567 iidetur
2398 5507 2646 5577 ponenda
2676 5507 2791 5577 alia
2824 5494 3085 5577 quaestio;
3116 5500 3170 5577 el
3185 5500 3323 5577 Δἐστι
3353 5494 3647 5577 ἄσφαλτος.
3700 5508 3723 5541 ι

2214 5563 2329 5652 (ἦ8)
2356 5563 2715 5652 Τξιῒςᾼοίκοδ.
2745 5563 2881 5652 βοᾷ.
2913 5576 3033 5652 ταῖς
3059 5563 3117 5625 ἐν
3145 5569 3333 5624 ὐδασιν
3355 5563 3724 5635 οἰκοδομίαις,

2137 5645 2252 5711 Pio.
2279 5645 2378 5711 τὰς
2409 5650 2467 5704 ὲν
2498 5648 2687 5704 ὐδασιν
2710 5645 3043 5715 οἰκοδομίας.
