  <div class='ocr_page' id='page_1' title='image "/cluster/home/n/w/nwhite01/storage/ocr_20150623/80:no.1/coo.31924054869817/093.png"; bbox 0 0 4032 6428; ppageno 0'>
   <div class='ocr_carea' id='block_1_1' title="bbox 484 396 579 461">
    <p class='ocr_par' dir='ltr' id='par_1_1' title="bbox 484 396 579 461">
     <span class='ocr_line' id='line_1_1' title="bbox 484 396 579 461; baseline -0.042 0"><span class='ocrx_word' id='word_1_1' title='bbox 484 396 579 461; x_wconf 75' lang='lat' dir='ltr'><strong>l’il</strong></span> 
     </span>
    </p>
   </div>
   <div class='ocr_carea' id='block_1_2' title="bbox 1009 500 1526 557">
    <p class='ocr_par' dir='ltr' id='par_1_2' title="bbox 1009 500 1526 557">
     <span class='ocr_line' id='line_1_2' title="bbox 1009 500 1526 557; baseline 0.006 -3"><span class='ocrx_word' id='word_1_2' title='bbox 1009 500 1283 556; x_wconf 63' lang='lat' dir='ltr'><strong>INTER“.</strong></span> <span class='ocrx_word' id='word_1_3' title='bbox 1344 502 1526 557; x_wconf 76' lang='lat' dir='ltr'><strong>LXIV.</strong></span> 
     </span>
    </p>
   </div>
   <div class='ocr_carea' id='block_1_3' title="bbox 746 613 1802 685">
    <p class='ocr_par' dir='ltr' id='par_1_3' title="bbox 746 613 1802 685">
     <span class='ocr_line' id='line_1_3' title="bbox 746 613 1802 685; baseline -0.001 -15"><span class='ocrx_word' id='word_1_4' title='bbox 746 613 894 671; x_wconf 80' lang='lat' dir='ltr'><strong>Unde</strong></span> <span class='ocrx_word' id='word_1_5' title='bbox 942 615 1317 670; x_wconf 71' lang='lat' dir='ltr'><strong>Melrhisedech</strong></span> <span class='ocrx_word' id='word_1_6' title='bbox 1377 633 1535 685; x_wconf 74' lang='lat' dir='ltr'><strong>genus</strong></span> <span class='ocrx_word' id='word_1_7' title='bbox 1578 617 1802 669; x_wconf 75' lang='lat' dir='ltr'><strong>traxit?</strong></span> 
     </span>
    </p>
   </div>
   <div class='ocr_carea' id='block_1_4' title="bbox 555 706 2056 776">
    <p class='ocr_par' dir='ltr' id='par_1_4' title="bbox 555 706 2056 776">
     <span class='ocr_line' id='line_1_4' title="bbox 555 706 2056 776; baseline -0.003 -13"><span class='ocrx_word' id='word_1_8' title='bbox 555 709 691 763; x_wconf 86' lang='lat' dir='ltr'><strong>Cum</strong></span> <span class='ocrx_word' id='word_1_9' title='bbox 725 709 943 764; x_wconf 89' lang='lat' dir='ltr'><strong>divinus</strong></span> <span class='ocrx_word' id='word_1_10' title='bbox 990 708 1079 762; x_wconf 90' lang='lat' dir='ltr'><strong>ille</strong></span> <span class='ocrx_word' id='word_1_11' title='bbox 1109 709 1312 764; x_wconf 84' lang='lat' dir='ltr'><strong>Paulus</strong></span> <span class='ocrx_word' id='word_1_12' title='bbox 1342 708 1485 762; x_wconf 97' lang='lat' dir='ltr'><strong>dicat</strong></span> <span class='ocrx_word' id='word_1_13' title='bbox 1518 726 1530 762; x_wconf 92' lang='lat'>:</span> <span class='ocrx_word' id='word_1_14' title='bbox 1572 728 1590 759; x_wconf 77' lang='grc' dir='ltr'><strong>ι</strong></span> <span class='ocrx_word' id='word_1_15' title='bbox 1628 710 1747 762; x_wconf 83' lang='lat' dir='ltr'><strong>sine</strong></span> <span class='ocrx_word' id='word_1_16' title='bbox 1777 717 1947 776; x_wconf 83' lang='lat' dir='ltr'><strong>patre,</strong></span> <span class='ocrx_word' id='word_1_17' title='bbox 1981 706 2056 759; x_wconf 88' lang='lat' dir='ltr'><strong>si-</strong></span> 
     </span>
    </p>
   </div>
   <div class='ocr_carea' id='block_1_5' title="bbox 485 800 2057 871">
    <p class='ocr_par' dir='ltr' id='par_1_5' title="bbox 485 800 2057 871">
     <span class='ocr_line' id='line_1_5' title="bbox 485 800 2057 871; baseline -0.003 -15"><span class='ocrx_word' id='word_1_18' title='bbox 485 818 553 857; x_wconf 90' lang='lat' dir='ltr'><strong>ne</strong></span> <span class='ocrx_word' id='word_1_19' title='bbox 602 812 809 866; x_wconf 83' lang='lat' dir='ltr'><strong>matre,</strong></span> <span class='ocrx_word' id='word_1_20' title='bbox 861 810 915 857; x_wconf 88' lang='lat' dir='ltr'><strong>et</strong></span> <span class='ocrx_word' id='word_1_21' title='bbox 943 802 1073 857; x_wconf 87' lang='lat' dir='ltr'><strong>&#39;siue</strong></span> <span class='ocrx_word' id='word_1_22' title='bbox 1124 801 1437 871; x_wconf 71' lang='lat' dir='ltr'><strong>genealogia</strong></span> <span class='ocrx_word' id='word_1_23' title='bbox 1471 810 1519 865; x_wconf 69' lang='grc' dir='ltr'>η,</span> <span class='ocrx_word' id='word_1_24' title='bbox 1561 820 1577 851; x_wconf 73' lang='grc' dir='ltr'><strong>ι</strong></span> <span class='ocrx_word' id='word_1_25' title='bbox 1613 801 1735 870; x_wconf 88' lang='lat' dir='ltr'><strong>quis</strong></span> <span class='ocrx_word' id='word_1_26' title='bbox 1776 800 2057 853; x_wconf 78' lang='lat' dir='ltr'><strong>veritatem</strong></span> 
     </span>
    </p>
   </div>
   <div class='ocr_carea' id='block_1_6' title="bbox 490 891 2056 964">
    <p class='ocr_par' dir='ltr' id='par_1_6' title="bbox 490 891 2056 964">
     <span class='ocr_line' id='line_1_6' title="bbox 490 891 2056 964; baseline -0.004 -16"><span class='ocrx_word' id='word_1_27' title='bbox 490 894 656 964; x_wconf 83' lang='lat' dir='ltr'><strong>hujus</strong></span> <span class='ocrx_word' id='word_1_28' title='bbox 689 894 763 947; x_wconf 87' lang='lat' dir='ltr'><strong>rci</strong></span> <span class='ocrx_word' id='word_1_29' title='bbox 801 910 965 949; x_wconf 90' lang='lat' dir='ltr'><strong>nosse</strong></span> <span class='ocrx_word' id='word_1_30' title='bbox 994 894 1215 963; x_wconf 84' lang='lat' dir='ltr'><strong>potest?</strong></span> <span class='ocrx_word' id='word_1_31' title='bbox 1256 892 1558 947; x_wconf 70' lang='lat' dir='ltr'><strong>Verisimile</strong></span> <span class='ocrx_word' id='word_1_32' title='bbox 1579 904 1658 946; x_wconf 83' lang='lat' dir='ltr'><strong>est</strong></span> <span class='ocrx_word' id='word_1_33' title='bbox 1695 901 1875 945; x_wconf 88' lang='lat' dir='ltr'><strong>autem</strong></span> <span class='ocrx_word' id='word_1_34' title='bbox 1906 891 2056 943; x_wconf 67' lang='lat' dir='ltr'><strong>illum</strong></span> 
     </span>
    </p>
   </div>
   <div class='ocr_carea' id='block_1_7' title="bbox 485 981 2059 1055">
    <p class='ocr_par' dir='ltr' id='par_1_7' title="bbox 485 981 2059 1055">
     <span class='ocr_line' id='line_1_7' title="bbox 485 981 2059 1055; baseline -0.004 -14"><span class='ocrx_word' id='word_1_35' title='bbox 485 1000 605 1041; x_wconf 80' lang='lat' dir='ltr'><strong>esse</strong></span> <span class='ocrx_word' id='word_1_36' title='bbox 667 1000 729 1038; x_wconf 80' lang='lat' dir='ltr'><strong>ex</strong></span> <span class='ocrx_word' id='word_1_37' title='bbox 794 985 901 1039; x_wconf 83' lang='lat' dir='ltr'><strong>illis</strong></span> <span class='ocrx_word' id='word_1_38' title='bbox 952 985 1224 1055; x_wconf 76' lang='lat' dir='ltr'><strong>gentibus,</strong></span> <span class='ocrx_word' id='word_1_39' title='bbox 1276 999 1396 1053; x_wconf 71' lang='lat' dir='ltr'><strong>qua:</strong></span> <span class='ocrx_word' id='word_1_40' title='bbox 1457 981 1795 1038; x_wconf 63' lang='lat' dir='ltr'><strong>Palaestinam</strong></span> <span class='ocrx_word' id='word_1_41' title='bbox 1858 981 2059 1037; x_wconf 81' lang='lat' dir='ltr'><strong>incole-</strong></span> 
     </span>
    </p>
   </div>
   <div class='ocr_carea' id='block_1_8' title="bbox 486 1076 2061 1137">
    <p class='ocr_par' dir='ltr' id='par_1_8' title="bbox 486 1076 2061 1137">
     <span class='ocr_line' id='line_1_8' title="bbox 486 1076 2061 1137; baseline -0.003 -5"><span class='ocrx_word' id='word_1_42' title='bbox 486 1078 636 1133; x_wconf 85' lang='lat' dir='ltr'><strong>bant.</strong></span> <span class='ocrx_word' id='word_1_43' title='bbox 669 1076 803 1131; x_wconf 86' lang='lat' dir='ltr'><strong>Nam</strong></span> <span class='ocrx_word' id='word_1_44' title='bbox 838 1078 1049 1131; x_wconf 84' lang='lat' dir='ltr'><strong>illarum</strong></span> <span class='ocrx_word' id='word_1_45' title='bbox 1080 1093 1190 1131; x_wconf 80' lang='lat' dir='ltr'><strong>tum</strong></span> <span class='ocrx_word' id='word_1_46' title='bbox 1213 1093 1326 1137; x_wconf 82' lang='lat' dir='ltr'><strong>rex,</strong></span> <span class='ocrx_word' id='word_1_47' title='bbox 1360 1085 1469 1131; x_wconf 91' lang='lat' dir='ltr'><strong>tum</strong></span> <span class='ocrx_word' id='word_1_48' title='bbox 1500 1078 1756 1131; x_wconf 87' lang='lat' dir='ltr'><strong>sacerdos</strong></span> <span class='ocrx_word' id='word_1_49' title='bbox 1784 1085 1939 1129; x_wconf 85' lang='lat' dir='ltr'><strong>erat:</strong></span> <span class='ocrx_word' id='word_1_50' title='bbox 1973 1089 2061 1128; x_wconf 71' lang='lat' dir='ltr'><strong>sa-</strong></span> 
     </span>
    </p>
   </div>
   <div class='ocr_carea' id='block_1_9' title="bbox 488 1163 2058 1233">
    <p class='ocr_par' dir='ltr' id='par_1_9' title="bbox 488 1163 2058 1233">
     <span class='ocr_line' id='line_1_9' title="bbox 488 1163 2058 1233; baseline -0.004 -12"><span class='ocrx_word' id='word_1_51' title='bbox 488 1166 681 1223; x_wconf 86' lang='lat' dir='ltr'><strong>cerdos</strong></span> <span class='ocrx_word' id='word_1_52' title='bbox 740 1176 919 1220; x_wconf 89' lang='lat' dir='ltr'><strong>autem</strong></span> <span class='ocrx_word' id='word_1_53' title='bbox 983 1165 1074 1219; x_wconf 91' lang='lat' dir='ltr'><strong>Dei</strong></span> <span class='ocrx_word' id='word_1_54' title='bbox 1122 1166 1388 1219; x_wconf 88' lang='lat' dir='ltr'><strong>omnium.</strong></span> <span class='ocrx_word' id='word_1_55' title='bbox 1427 1184 1445 1215; x_wconf 86' lang='grc'><strong><em>‹</em></strong></span> <span class='ocrx_word' id='word_1_56' title='bbox 1483 1164 1611 1218; x_wconf 84' lang='lat' dir='ltr'><strong>Erat</strong></span> <span class='ocrx_word' id='word_1_57' title='bbox 1655 1164 1820 1226; x_wconf 89' lang='lat' dir='ltr'><strong>enim,</strong></span> <span class='ocrx_word' id='word_1_58' title='bbox 1864 1163 2058 1233; x_wconf 87' lang='lat' dir='ltr'><strong>inquit,</strong></span> 
     </span>
    </p>
   </div>
   <div class='ocr_carea' id='block_1_10' title="bbox 489 1247 2061 1313">
    <p class='ocr_par' dir='ltr' id='par_1_10' title="bbox 489 1247 2061 1313">
     <span class='ocr_line' id='line_1_10' title="bbox 489 1247 2061 1313; baseline -0.003 -2"><span class='ocrx_word' id='word_1_59' title='bbox 489 1259 745 1313; x_wconf 86' lang='lat' dir='ltr'><strong>sacerdos</strong></span> <span class='ocrx_word' id='word_1_60' title='bbox 790 1257 883 1313; x_wconf 89' lang='lat' dir='ltr'><strong>Dei</strong></span> <span class='ocrx_word' id='word_1_61' title='bbox 936 1258 1184 1312; x_wconf 86' lang='lat' dir='ltr'><strong>altissimi</strong></span> <span class='ocrx_word' id='word_1_62' title='bbox 1216 1264 1264 1310; x_wconf 89' lang='grc' dir='ltr'>ο.</span> <span class='ocrx_word' id='word_1_63' title='bbox 1313 1276 1330 1308; x_wconf 82' lang='grc' dir='ltr'><strong>ι</strong></span> <span class='ocrx_word' id='word_1_64' title='bbox 1365 1247 1541 1312; x_wconf 72' lang='grc' dir='ltr'>ὐηόο</span> <span class='ocrx_word' id='word_1_65' title='bbox 1581 1256 1744 1310; x_wconf 88' lang='lat' dir='ltr'><strong>etiam</strong></span> <span class='ocrx_word' id='word_1_66' title='bbox 1787 1255 2061 1309; x_wconf 80' lang='lat' dir='ltr'><strong>Abraham</strong></span> 
     </span>
    </p>
   </div>
   <div class='ocr_carea' id='block_1_11' title="bbox 490 1346 2064 1419">
    <p class='ocr_par' dir='ltr' id='par_1_11' title="bbox 490 1346 2064 1419">
     <span class='ocr_line' id='line_1_11' title="bbox 490 1346 2064 1419; baseline -0.003 -16"><span class='ocrx_word' id='word_1_67' title='bbox 490 1350 799 1419; x_wconf 84' lang='lat' dir='ltr'><strong>patriarcha</strong></span> <span class='ocrx_word' id='word_1_68' title='bbox 830 1349 1029 1403; x_wconf 85' lang='lat' dir='ltr'><strong>obtulit</strong></span> <span class='ocrx_word' id='word_1_69' title='bbox 1054 1350 1103 1401; x_wconf 85' lang='lat' dir='ltr'><strong>ei</strong></span> <span class='ocrx_word' id='word_1_70' title='bbox 1134 1348 1432 1418; x_wconf 82' lang='lat' dir='ltr'><strong>spoliorum</strong></span> <span class='ocrx_word' id='word_1_71' title='bbox 1454 1347 1715 1412; x_wconf 79' lang='lat' dir='ltr'><strong>decimas,</strong></span> <span class='ocrx_word' id='word_1_72' title='bbox 1736 1357 1791 1401; x_wconf 89' lang='lat' dir='ltr'><strong>et</strong></span> <span class='ocrx_word' id='word_1_73' title='bbox 1820 1360 1942 1401; x_wconf 89' lang='lat' dir='ltr'><strong>cum</strong></span> <span class='ocrx_word' id='word_1_74' title='bbox 1971 1346 2064 1415; x_wconf 83' lang='lat' dir='ltr'><strong>ju-</strong></span> 
     </span>
    </p>
   </div>
   <div class='ocr_carea' id='block_1_12' title="bbox 492 1421 2064 1503">
    <p class='ocr_par' dir='ltr' id='par_1_12' title="bbox 492 1421 2064 1503">
     <span class='ocr_line' id='line_1_12' title="bbox 492 1421 2064 1503; baseline -0.002 -10"><span class='ocrx_word' id='word_1_75' title='bbox 492 1421 834 1503; x_wconf 38' lang='lat' dir='ltr'><strong>stus&#39;esset,</strong></span> <span class='ocrx_word' id='word_1_76' title='bbox 869 1446 924 1493; x_wconf 89' lang='lat' dir='ltr'><strong>et</strong></span> <span class='ocrx_word' id='word_1_77' title='bbox 970 1439 1183 1492; x_wconf 86' lang='lat' dir='ltr'><strong>amicus</strong></span> <span class='ocrx_word' id='word_1_78' title='bbox 1222 1437 1338 1502; x_wconf 87' lang='lat' dir='ltr'><strong>Dei,</strong></span> <span class='ocrx_word' id='word_1_79' title='bbox 1380 1438 1451 1493; x_wconf 87' lang='lat' dir='ltr'><strong>ab</strong></span> <span class='ocrx_word' id='word_1_80' title='bbox 1494 1436 1586 1492; x_wconf 90' lang='lat' dir='ltr'><strong>illo</strong></span> <span class='ocrx_word' id='word_1_81' title='bbox 1635 1436 2064 1491; x_wconf 83' lang='lat' dir='ltr'><strong>benedictionem</strong></span> 
     </span>
    </p>
   </div>
   <div class='ocr_carea' id='block_1_13' title="bbox 492 1527 2062 1601">
    <p class='ocr_par' dir='ltr' id='par_1_13' title="bbox 492 1527 2062 1601">
     <span class='ocr_line' id='line_1_13' title="bbox 492 1527 2062 1601; baseline -0.001 -17"><span class='ocrx_word' id='word_1_82' title='bbox 492 1531 752 1600; x_wconf 85' lang='lat' dir='ltr'><strong>percepit.</strong></span> <span class='ocrx_word' id='word_1_83' title='bbox 779 1530 988 1601; x_wconf 83' lang='lat' dir='ltr'><strong>Typum</strong></span> <span class='ocrx_word' id='word_1_84' title='bbox 1019 1529 1162 1584; x_wconf 89' lang='lat' dir='ltr'><strong>enim</strong></span> <span class='ocrx_word' id='word_1_85' title='bbox 1191 1531 1411 1600; x_wconf 71' lang='lat' dir='ltr'><strong>gerebat</strong></span> <span class='ocrx_word' id='word_1_86' title='bbox 1439 1529 1728 1584; x_wconf 84' lang='lat' dir='ltr'><strong>sacerdotii</strong></span> <span class='ocrx_word' id='word_1_87' title='bbox 1773 1527 2062 1583; x_wconf 86' lang='lat' dir='ltr'><strong>Dominici.</strong></span> 
     </span>
    </p>
   </div>
   <div class='ocr_carea' id='block_1_14' title="bbox 492 1617 2063 1690">
    <p class='ocr_par' dir='ltr' id='par_1_14' title="bbox 492 1617 2063 1690">
     <span class='ocr_line' id='line_1_14' title="bbox 492 1617 2063 1690; baseline -0.001 -17"><span class='ocrx_word' id='word_1_88' title='bbox 492 1620 728 1690; x_wconf 83' lang='lat' dir='ltr'><strong>Ideoque</strong></span> <span class='ocrx_word' id='word_1_89' title='bbox 759 1629 815 1675; x_wconf 88' lang='lat' dir='ltr'><strong>et</strong></span> <span class='ocrx_word' id='word_1_90' title='bbox 842 1621 1076 1675; x_wconf 68' lang='lat' dir='ltr'><strong>Abrahae</strong></span> <span class='ocrx_word' id='word_1_91' title='bbox 1104 1635 1273 1690; x_wconf 79' lang='lat' dir='ltr'><strong>panes</strong></span> <span class='ocrx_word' id='word_1_92' title='bbox 1309 1630 1364 1675; x_wconf 87' lang='lat' dir='ltr'><strong>et</strong></span> <span class='ocrx_word' id='word_1_93' title='bbox 1396 1620 1579 1675; x_wconf 76' lang='lat' dir='ltr'><strong>vinum</strong></span> <span class='ocrx_word' id='word_1_94' title='bbox 1611 1618 1853 1674; x_wconf 74' lang='lat' dir='ltr'><strong>vicissim</strong></span> <span class='ocrx_word' id='word_1_95' title='bbox 1896 1617 2063 1684; x_wconf 85' lang='lat' dir='ltr'><strong>dedit,</strong></span> 
     </span>
    </p>
   </div>
   <div class='ocr_carea' id='block_1_15' title="bbox 495 1705 2064 1780">
    <p class='ocr_par' dir='ltr' id='par_1_15' title="bbox 495 1705 2064 1780">
     <span class='ocr_line' id='line_1_15' title="bbox 495 1705 2064 1780; baseline -0.001 -18"><span class='ocrx_word' id='word_1_96' title='bbox 495 1713 661 1780; x_wconf 84' lang='lat' dir='ltr'><strong>utqui</strong></span> <span class='ocrx_word' id='word_1_97' title='bbox 685 1710 919 1766; x_wconf 82' lang='lat' dir='ltr'><strong>fortasse</strong></span> <span class='ocrx_word' id='word_1_98' title='bbox 937 1711 1265 1767; x_wconf 80' lang='lat' dir='ltr'><strong>solituserat</strong></span> <span class='ocrx_word' id='word_1_99' title='bbox 1290 1708 1401 1763; x_wconf 90' lang='lat' dir='ltr'><strong>Deo</strong></span> <span class='ocrx_word' id='word_1_100' title='bbox 1424 1709 1667 1763; x_wconf 84' lang='lat' dir='ltr'><strong>omnium</strong></span> <span class='ocrx_word' id='word_1_101' title='bbox 1692 1706 1820 1762; x_wconf 79' lang='lat' dir='ltr'><strong>talia</strong></span> <span class='ocrx_word' id='word_1_102' title='bbox 1845 1705 2064 1761; x_wconf 73' lang='lat' dir='ltr'><strong>eﬁerre.</strong></span> 
     </span>
    </p>
   </div>
   <div class='ocr_carea' id='block_1_16' title="bbox 494 1799 1781 1873">
    <p class='ocr_par' dir='ltr' id='par_1_16' title="bbox 494 1799 1781 1873">
     <span class='ocr_line' id='line_1_16' title="bbox 494 1799 1781 1873; baseline -0.005 -14"><span class='ocrx_word' id='word_1_103' title='bbox 494 1804 791 1873; x_wconf 84' lang='lat' dir='ltr'><strong>Oportebat</strong></span> <span class='ocrx_word' id='word_1_104' title='bbox 825 1802 969 1858; x_wconf 88' lang='lat' dir='ltr'><strong>enim</strong></span> <span class='ocrx_word' id='word_1_105' title='bbox 993 1812 1048 1858; x_wconf 87' lang='lat' dir='ltr'><strong>et</strong></span> <span class='ocrx_word' id='word_1_106' title='bbox 1080 1802 1132 1855; x_wconf 93' lang='lat' dir='ltr'><strong>in</strong></span> <span class='ocrx_word' id='word_1_107' title='bbox 1168 1802 1271 1856; x_wconf 80' lang='lat' dir='ltr'><strong>hoc</strong></span> <span class='ocrx_word' id='word_1_108' title='bbox 1306 1811 1491 1871; x_wconf 80' lang='lat' dir='ltr'><strong>typum</strong></span> <span class='ocrx_word' id='word_1_109' title='bbox 1516 1799 1781 1871; x_wconf 79' lang='lat' dir='ltr'><strong>pateﬁeri.</strong></span> 
     </span>
    </p>
   </div>
   <div class='ocr_carea' id='block_1_17' title="bbox 1061 1997 1533 2056">
    <p class='ocr_par' dir='ltr' id='par_1_17' title="bbox 1061 1997 1533 2056">
     <span class='ocr_line' id='line_1_17' title="bbox 1061 1997 1533 2056; baseline 0.002 -2"><span class='ocrx_word' id='word_1_110' title='bbox 1061 1997 1347 2054; x_wconf 75' lang='lat' dir='ltr'><strong>INTERR.</strong></span> <span class='ocrx_word' id='word_1_111' title='bbox 1370 1997 1533 2056; x_wconf 78' lang='lat' dir='ltr'><strong>LXV.</strong></span> 
     </span>
    </p>
   </div>
   <div class='ocr_carea' id='block_1_18' title="bbox 499 2110 2067 2180">
    <p class='ocr_par' dir='ltr' id='par_1_18' title="bbox 499 2110 2067 2180">
     <span class='ocr_line' id='line_1_18' title="bbox 499 2110 2067 2180; baseline -0.003 -13"><span class='ocrx_word' id='word_1_112' title='bbox 499 2112 769 2178; x_wconf 82' lang='lat' dir='ltr'><strong>Quomodo</strong></span> <span class='ocrx_word' id='word_1_113' title='bbox 813 2111 986 2176; x_wconf 70' lang='lat' dir='ltr'><strong>ﬁdelia</strong></span> <span class='ocrx_word' id='word_1_114' title='bbox 1031 2110 1328 2180; x_wconf 66' lang='lat' dir='ltr'><strong>appellatur</strong></span> <span class='ocrx_word' id='word_1_115' title='bbox 1373 2110 1665 2174; x_wconf 79' lang='lat' dir='ltr'><strong>Abraham,</strong></span> <span class='ocrx_word' id='word_1_116' title='bbox 1711 2127 1828 2164; x_wconf 87' lang='lat' dir='ltr'><strong>cum</strong></span> <span class='ocrx_word' id='word_1_117' title='bbox 1875 2111 2067 2165; x_wconf 78' lang='lat' dir='ltr'><strong>dixerit</strong></span> 
     </span>
    </p>
   </div>
   <div class='ocr_carea' id='block_1_19' title="bbox 565 2182 2067 2304">
    <p class='ocr_par' dir='ltr' id='par_1_19' title="bbox 565 2182 2067 2304">
     <span class='ocr_line' id='line_1_19' title="bbox 565 2182 2067 2304; baseline -0.002 -67"><span class='ocrx_word' id='word_1_118' title='bbox 565 2184 710 2265; x_wconf 59' lang='lat' dir='ltr'><strong>Deo,</strong></span> <span class='ocrx_word' id='word_1_119' title='bbox 874 2198 976 2252; x_wconf 79' lang='lat' dir='ltr'><strong>quo</strong></span> <span class='ocrx_word' id='word_1_120' title='bbox 1016 2196 1326 2253; x_wconf 73' lang='lat' dir='ltr'><strong>cognoscam</strong></span> <span class='ocrx_word' id='word_1_121' title='bbox 1367 2182 1499 2247; x_wconf 75' lang='lat' dir='ltr'><strong>hoc,</strong></span> <span class='ocrx_word' id='word_1_122' title='bbox 1541 2182 1682 2252; x_wconf 74' lang='lat' dir='ltr'><strong>quod</strong></span> <span class='ocrx_word' id='word_1_123' title='bbox 1729 2188 2067 2250; x_wconf 66' lang='lat' dir='ltr'><strong>possessum:</strong></span> 
     </span>
     <span class='ocr_line' id='line_1_20' title="bbox 565 2259 824 2304; baseline 0 0"><span class='ocrx_word' id='word_1_124' title='bbox 565 2269 660 2304; x_wconf 75' lang='lat' dir='ltr'><strong>um</strong></span> <span class='ocrx_word' id='word_1_125' title='bbox 688 2259 824 2304; x_wconf 84' lang='lat' dir='ltr'><strong>eam&#39;</strong></span> 
     </span>
    </p>
   </div>
   <div class='ocr_carea' id='block_1_20' title="bbox 560 2259 824 2308">
    <p class='ocr_par' dir='ltr' id='par_1_20' title="bbox 560 2259 824 2308">
     <span class='ocr_line' id='line_1_21' title="bbox 560 2259 824 2308; baseline -0.019 0"><span class='ocrx_word' id='word_1_126' title='bbox 560 2259 660 2308; x_wconf 74' lang='lat' dir='ltr'><strong>sint</strong></span> <span class='ocrx_word' id='word_1_127' title='bbox 688 2259 824 2306; x_wconf 66' lang='lat' dir='ltr'><strong>eam:</strong></span> 
     </span>
    </p>
   </div>
   <div class='ocr_carea' id='block_1_21' title="bbox 488 2340 2070 2413">
    <p class='ocr_par' dir='ltr' id='par_1_21' title="bbox 488 2340 2070 2413">
     <span class='ocr_line' id='line_1_22' title="bbox 488 2340 2070 2413; baseline -0.003 -12"><span class='ocrx_word' id='word_1_128' title='bbox 488 2396 499 2407; x_wconf 88' lang='lat'><strong>_.</strong></span> <span class='ocrx_word' id='word_1_129' title='bbox 568 2345 757 2400; x_wconf 88' lang='lat' dir='ltr'><strong>Istud:</strong></span> <span class='ocrx_word' id='word_1_130' title='bbox 798 2363 817 2396; x_wconf 77' lang='grc' dir='ltr'><strong>ι</strong></span> <span class='ocrx_word' id='word_1_131' title='bbox 852 2342 932 2398; x_wconf 78' lang='lat' dir='ltr'><strong>Ex</strong></span> <span class='ocrx_word' id='word_1_132' title='bbox 982 2358 1093 2413; x_wconf 90' lang='lat' dir='ltr'><strong>quo</strong></span> <span class='ocrx_word' id='word_1_133' title='bbox 1135 2357 1464 2413; x_wconf 75' lang='lat' dir='ltr'><strong>cegnoscam</strong></span> <span class='ocrx_word' id='word_1_134' title='bbox 1502 2342 1607 2397; x_wconf 79' lang='lat' dir='ltr'><strong>hoc</strong></span> <span class='ocrx_word' id='word_1_135' title='bbox 1635 2358 1684 2405; x_wconf 68' lang='grc' dir='ltr'>Ρ,</span> <span class='ocrx_word' id='word_1_136' title='bbox 1725 2360 1743 2393; x_wconf 78' lang='grc' dir='ltr'><strong>ι</strong></span> <span class='ocrx_word' id='word_1_137' title='bbox 1778 2356 1887 2397; x_wconf 90' lang='lat' dir='ltr'><strong>non</strong></span> <span class='ocrx_word' id='word_1_138' title='bbox 1928 2340 2070 2397; x_wconf 70' lang='grc' dir='ltr'><strong>(ἰείῐί-</strong></span> 
     </span>
    </p>
   </div>
   <div class='ocr_carea' id='block_1_22' title="bbox 497 2424 2071 2502">
    <p class='ocr_par' dir='ltr' id='par_1_22' title="bbox 497 2424 2071 2502">
     <span class='ocr_line' id='line_1_23' title="bbox 497 2424 2071 2502; baseline -0.004 -12"><span class='ocrx_word' id='word_1_139' title='bbox 497 2436 679 2490; x_wconf 89' lang='lat' dir='ltr'><strong>dentis</strong></span> <span class='ocrx_word' id='word_1_140' title='bbox 703 2443 808 2500; x_wconf 89' lang='lat' dir='ltr'><strong>est,</strong></span> <span class='ocrx_word' id='word_1_141' title='bbox 840 2424 934 2489; x_wconf 86' lang='lat' dir='ltr'><strong>sed</strong></span> <span class='ocrx_word' id='word_1_142' title='bbox 970 2433 1189 2487; x_wconf 86' lang='lat' dir='ltr'><strong>modum</strong></span> <span class='ocrx_word' id='word_1_143' title='bbox 1219 2431 1547 2502; x_wconf 81' lang='lat' dir='ltr'><strong>possidendi</strong></span> <span class='ocrx_word' id='word_1_144' title='bbox 1568 2430 1710 2486; x_wconf 90' lang='lat' dir='ltr'><strong>scire</strong></span> <span class='ocrx_word' id='word_1_145' title='bbox 1753 2431 2071 2486; x_wconf 81' lang='lat' dir='ltr'><strong>desiderau-</strong></span> 
     </span>
    </p>
   </div>
   <div class='ocr_carea' id='block_1_23' title="bbox 499 2521 2074 2582">
    <p class='ocr_par' dir='ltr' id='par_1_23' title="bbox 499 2521 2074 2582">
     <span class='ocr_line' id='line_1_24' title="bbox 499 2521 2074 2582; baseline -0.004 0"><span class='ocrx_word' id='word_1_146' title='bbox 499 2530 589 2582; x_wconf 88' lang='lat' dir='ltr'><strong>tis.</strong></span> <span class='ocrx_word' id='word_1_147' title='bbox 613 2528 749 2582; x_wconf 87' lang='lat' dir='ltr'><strong>Cum</strong></span> <span class='ocrx_word' id='word_1_148' title='bbox 781 2524 927 2581; x_wconf 88' lang='lat' dir='ltr'><strong>enim</strong></span> <span class='ocrx_word' id='word_1_149' title='bbox 962 2525 1171 2581; x_wconf 87' lang='lat' dir='ltr'><strong>videret</strong></span> <span class='ocrx_word' id='word_1_150' title='bbox 1196 2524 1366 2578; x_wconf 88' lang='lat' dir='ltr'><strong>multa</strong></span> <span class='ocrx_word' id='word_1_151' title='bbox 1397 2524 1679 2578; x_wconf 85' lang='lat' dir='ltr'><strong>hominum</strong></span> <span class='ocrx_word' id='word_1_152' title='bbox 1710 2523 1878 2577; x_wconf 86' lang='lat' dir='ltr'><strong>millia</strong></span> <span class='ocrx_word' id='word_1_153' title='bbox 1902 2521 2074 2577; x_wconf 71' lang='lat' dir='ltr'><strong>Palae-</strong></span> 
     </span>
    </p>
   </div>
   <div class='ocr_carea' id='block_1_24' title="bbox 499 2613 2074 2682">
    <p class='ocr_par' dir='ltr' id='par_1_24' title="bbox 499 2613 2074 2682">
     <span class='ocr_line' id='line_1_25' title="bbox 499 2613 2074 2682; baseline -0.003 -11"><span class='ocrx_word' id='word_1_154' title='bbox 499 2618 700 2672; x_wconf 87' lang='lat' dir='ltr'><strong>stinam</strong></span> <span class='ocrx_word' id='word_1_155' title='bbox 735 2615 1112 2681; x_wconf 87' lang='lat' dir='ltr'><strong>incolentium,</strong></span> <span class='ocrx_word' id='word_1_156' title='bbox 1142 2615 1353 2671; x_wconf 87' lang='lat' dir='ltr'><strong>discere</strong></span> <span class='ocrx_word' id='word_1_157' title='bbox 1385 2613 1621 2680; x_wconf 87' lang='lat' dir='ltr'><strong>volebat,</strong></span> <span class='ocrx_word' id='word_1_158' title='bbox 1649 2628 1761 2682; x_wconf 81' lang='lat' dir='ltr'><strong>quo</strong></span> <span class='ocrx_word' id='word_1_159' title='bbox 1792 2621 1951 2682; x_wconf 88' lang='lat' dir='ltr'><strong>pacto</strong></span> <span class='ocrx_word' id='word_1_160' title='bbox 1972 2613 2074 2667; x_wconf 88' lang='lat' dir='ltr'><strong>do-</strong></span> 
     </span>
    </p>
   </div>
   <div class='ocr_carea' id='block_1_25' title="bbox 505 2705 2077 2777">
    <p class='ocr_par' dir='ltr' id='par_1_25' title="bbox 505 2705 2077 2777">
     <span class='ocr_line' id='line_1_26' title="bbox 505 2705 2077 2777; baseline -0.003 -13"><span class='ocrx_word' id='word_1_161' title='bbox 505 2711 733 2764; x_wconf 90' lang='lat' dir='ltr'><strong>minium</strong></span> <span class='ocrx_word' id='word_1_162' title='bbox 785 2710 931 2763; x_wconf 92' lang='lat' dir='ltr'><strong>illius</strong></span> <span class='ocrx_word' id='word_1_163' title='bbox 979 2716 1138 2762; x_wconf 70' lang='lat' dir='ltr'><strong>terra:</strong></span> <span class='ocrx_word' id='word_1_164' title='bbox 1186 2715 1514 2777; x_wconf 86' lang='lat' dir='ltr'><strong>accepturus</strong></span> <span class='ocrx_word' id='word_1_165' title='bbox 1558 2714 1905 2761; x_wconf 85' lang='lat' dir='ltr'><strong>esset:num</strong></span> <span class='ocrx_word' id='word_1_166' title='bbox 1953 2705 2077 2775; x_wconf 83' lang='lat' dir='ltr'><strong>jure</strong></span> 
     </span>
    </p>
   </div>
   <div class='ocr_carea' id='block_1_26' title="bbox 500 2798 2076 2868">
    <p class='ocr_par' dir='ltr' id='par_1_26' title="bbox 500 2798 2076 2868">
     <span class='ocr_line' id='line_1_27' title="bbox 500 2798 2076 2868; baseline -0.004 -10"><span class='ocrx_word' id='word_1_167' title='bbox 500 2803 645 2868; x_wconf 85' lang='lat' dir='ltr'><strong>belli,</strong></span> <span class='ocrx_word' id='word_1_168' title='bbox 677 2818 744 2856; x_wconf 86' lang='lat' dir='ltr'><strong>an</strong></span> <span class='ocrx_word' id='word_1_169' title='bbox 770 2802 888 2857; x_wconf 89' lang='lat' dir='ltr'><strong>sine</strong></span> <span class='ocrx_word' id='word_1_170' title='bbox 916 2801 1084 2856; x_wconf 84' lang='lat' dir='ltr'><strong>armis</strong></span> <span class='ocrx_word' id='word_1_171' title='bbox 1120 2818 1133 2855; x_wconf 88' lang='lat'><strong>:</strong></span> <span class='ocrx_word' id='word_1_172' title='bbox 1166 2809 1220 2855; x_wconf 90' lang='lat' dir='ltr'><strong>et</strong></span> <span class='ocrx_word' id='word_1_173' title='bbox 1248 2815 1317 2854; x_wconf 90' lang='lat' dir='ltr'><strong>an</strong></span> <span class='ocrx_word' id='word_1_174' title='bbox 1354 2798 1662 2854; x_wconf 80' lang='lat' dir='ltr'><strong>viventibus</strong></span> <span class='ocrx_word' id='word_1_175' title='bbox 1689 2798 1817 2862; x_wconf 82' lang='lat' dir='ltr'><strong>illis.</strong></span> <span class='ocrx_word' id='word_1_176' title='bbox 1844 2814 1912 2851; x_wconf 84' lang='lat' dir='ltr'><strong>an</strong></span> <span class='ocrx_word' id='word_1_177' title='bbox 1943 2798 2076 2852; x_wconf 88' lang='lat' dir='ltr'><strong>sub-</strong></span> 
     </span>
    </p>
   </div>
   <div class='ocr_carea' id='block_1_27' title="bbox 498 2889 2078 2961">
    <p class='ocr_par' dir='ltr' id='par_1_27' title="bbox 498 2889 2078 2961">
     <span class='ocr_line' id='line_1_28' title="bbox 498 2889 2078 2961; baseline -0.004 -13"><span class='ocrx_word' id='word_1_178' title='bbox 498 2895 643 2959; x_wconf 86' lang='lat' dir='ltr'><strong>latis,</strong></span> <span class='ocrx_word' id='word_1_179' title='bbox 681 2903 776 2948; x_wconf 87' lang='lat' dir='ltr'><strong>aut</strong></span> <span class='ocrx_word' id='word_1_180' title='bbox 818 2908 1044 2961; x_wconf 86' lang='lat' dir='ltr'><strong>prorsus</strong></span> <span class='ocrx_word' id='word_1_181' title='bbox 1073 2892 1282 2961; x_wconf 87' lang='lat' dir='ltr'><strong>ejectis.</strong></span> <span class='ocrx_word' id='word_1_182' title='bbox 1320 2889 1432 2944; x_wconf 83' lang='lat' dir='ltr'><strong>Hac</strong></span> <span class='ocrx_word' id='word_1_183' title='bbox 1462 2891 1532 2945; x_wconf 88' lang='lat' dir='ltr'><strong>de</strong></span> <span class='ocrx_word' id='word_1_184' title='bbox 1570 2905 1735 2946; x_wconf 85' lang='lat' dir='ltr'><strong>causa</strong></span> <span class='ocrx_word' id='word_1_185' title='bbox 1768 2889 1879 2960; x_wconf 74' lang='lat'><strong>78</strong></span> <span class='ocrx_word' id='word_1_186' title='bbox 1906 2889 2078 2944; x_wconf 83' lang='lat' dir='ltr'><strong>sacri-</strong></span> 
     </span>
    </p>
   </div>
   <div class='ocr_carea' id='block_1_28' title="bbox 499 2981 2077 3051">
    <p class='ocr_par' dir='ltr' id='par_1_28' title="bbox 499 2981 2077 3051">
     <span class='ocr_line' id='line_1_29' title="bbox 499 2981 2077 3051; baseline -0.004 -10"><span class='ocrx_word' id='word_1_187' title='bbox 499 2988 622 3042; x_wconf 81' lang='lat' dir='ltr'><strong>ﬁcio</strong></span> <span class='ocrx_word' id='word_1_188' title='bbox 668 2987 822 3041; x_wconf 82' lang='lat' dir='ltr'><strong>linito</strong></span> <span class='ocrx_word' id='word_1_189' title='bbox 869 2984 1013 3039; x_wconf 90' lang='lat' dir='ltr'><strong>Deus</strong></span> <span class='ocrx_word' id='word_1_190' title='bbox 1041 2983 1286 3038; x_wconf 89' lang='lat' dir='ltr'><strong>omnium</strong></span> <span class='ocrx_word' id='word_1_191' title='bbox 1312 2983 1449 3037; x_wconf 79' lang='lat' dir='ltr'><strong>dixit</strong></span> <span class='ocrx_word' id='word_1_192' title='bbox 1478 2998 1492 3038; x_wconf 83' lang='lat'><strong>:</strong></span> <span class='ocrx_word' id='word_1_193' title='bbox 1530 2999 1550 3033; x_wconf 83' lang='grc' dir='ltr'><strong>ι</strong></span> <span class='ocrx_word' id='word_1_194' title='bbox 1597 2981 1946 3051; x_wconf 80' lang='lat' dir='ltr'><strong>Cognoscens</strong></span> <span class='ocrx_word' id='word_1_195' title='bbox 1977 2994 2077 3035; x_wconf 91' lang='lat' dir='ltr'><strong>co-</strong></span> 
     </span>
    </p>
   </div>
   <div class='ocr_carea' id='block_1_29' title="bbox 500 3072 2077 3149">
    <p class='ocr_par' dir='ltr' id='par_1_29' title="bbox 500 3072 2077 3149">
     <span class='ocr_line' id='line_1_30' title="bbox 500 3072 2077 3149; baseline -0.007 -14"><span class='ocrx_word' id='word_1_196' title='bbox 500 3092 753 3149; x_wconf 74' lang='lat' dir='ltr'><strong>gnosces,</strong></span> <span class='ocrx_word' id='word_1_197' title='bbox 781 3073 928 3147; x_wconf 88' lang='lat' dir='ltr'><strong>quod</strong></span> <span class='ocrx_word' id='word_1_198' title='bbox 951 3090 1137 3131; x_wconf 88' lang='lat' dir='ltr'><strong>semen</strong></span> <span class='ocrx_word' id='word_1_199' title='bbox 1170 3083 1322 3129; x_wconf 88' lang='lat' dir='ltr'><strong>tuum</strong></span> <span class='ocrx_word' id='word_1_200' title='bbox 1363 3073 1538 3128; x_wconf 87' lang='lat' dir='ltr'><strong>incola</strong></span> <span class='ocrx_word' id='word_1_201' title='bbox 1565 3074 1670 3126; x_wconf 91' lang='lat' dir='ltr'><strong>erit</strong></span> <span class='ocrx_word' id='word_1_202' title='bbox 1700 3072 1753 3125; x_wconf 93' lang='lat' dir='ltr'><strong>in</strong></span> <span class='ocrx_word' id='word_1_203' title='bbox 1800 3080 1942 3125; x_wconf 90' lang='lat' dir='ltr'><strong>terra</strong></span> <span class='ocrx_word' id='word_1_204' title='bbox 1968 3084 2077 3124; x_wconf 84' lang='lat' dir='ltr'><strong>non</strong></span> 
     </span>
    </p>
   </div>
   <div class='ocr_carea' id='block_1_30' title="bbox 1468 378 2741 451">
    <p class='ocr_par' dir='ltr' id='par_1_30' title="bbox 1468 378 2741 451">
     <span class='ocr_line' id='line_1_31' title="bbox 1468 378 2741 451; baseline -0.009 0"><span class='ocrx_word' id='word_1_205' title='bbox 1468 388 1961 451; x_wconf 78' lang='lat' dir='ltr'><strong>&#39;l‘ilEODORETI</strong></span> <span class='ocrx_word' id='word_1_206' title='bbox 1991 381 2332 447; x_wconf 77' lang='lat' dir='ltr'><strong>EPISCOPI</strong></span> <span class='ocrx_word' id='word_1_207' title='bbox 2372 378 2741 442; x_wconf 67' lang='lat' dir='ltr'><strong>CYBENSIS</strong></span> 
     </span>
    </p>
   </div>
   <div class='ocr_carea' id='block_1_31' title="bbox 3632 384 3733 449">
    <p class='ocr_par' dir='ltr' id='par_1_31' title="bbox 3632 384 3733 449">
     <span class='ocr_line' id='line_1_32' title="bbox 3632 384 3733 449; baseline 0.01 -2"><span class='ocrx_word' id='word_1_208' title='bbox 3632 384 3733 449; x_wconf 67' lang='lat'><strong>17‘!</strong></span> 
     </span>
    </p>
   </div>
   <div class='ocr_carea' id='block_1_32' title="bbox 2772 490 3128 549">
    <p class='ocr_par' dir='ltr' id='par_1_32' title="bbox 2772 490 3128 549">
     <span class='ocr_line' id='line_1_33' title="bbox 2772 490 3128 549; baseline 0.008 -3"><span class='ocrx_word' id='word_1_209' title='bbox 2772 490 2966 549; x_wconf 78' lang='grc' dir='ltr'>ΕΡΩΤ.</span> <span class='ocrx_word' id='word_1_210' title='bbox 3009 493 3128 549; x_wconf 71' lang='lat' dir='ltr'><strong>EA’.</strong></span> 
     </span>
    </p>
   </div>
   <div class='ocr_carea' id='block_1_33' title="bbox 2311 609 3591 681">
    <p class='ocr_par' dir='ltr' id='par_1_33' title="bbox 2311 609 3591 681">
     <span class='ocr_line' id='line_1_34' title="bbox 2311 609 3591 681; baseline -0.007 -17"><span class='ocrx_word' id='word_1_211' title='bbox 2311 609 2362 663; x_wconf 86' lang='lat'><strong>&#39;0</strong></span> <span class='ocrx_word' id='word_1_212' title='bbox 2387 610 2762 679; x_wconf 71' lang='grc' dir='ltr'>Μελχισεδὲκ</span> <span class='ocrx_word' id='word_1_213' title='bbox 2795 613 2981 664; x_wconf 79' lang='grc' dir='ltr'>πόθεν</span> <span class='ocrx_word' id='word_1_214' title='bbox 3010 610 3235 679; x_wconf 72' lang='grc' dir='ltr'>κατῆγε</span> <span class='ocrx_word' id='word_1_215' title='bbox 3264 612 3330 665; x_wconf 84' lang='grc' dir='ltr'><strong>τὸ</strong></span> <span class='ocrx_word' id='word_1_216' title='bbox 3374 612 3550 681; x_wconf 70' lang='grc' dir='ltr'>γένος</span> <span class='ocrx_word' id='word_1_217' title='bbox 3572 629 3591 677; x_wconf 62' lang='grc' dir='ltr'><em>ς</em></span> 
     </span>
    </p>
   </div>
   <div class='ocr_carea' id='block_1_34' title="bbox 2228 694 3733 770">
    <p class='ocr_par' dir='ltr' id='par_1_34' title="bbox 2228 694 3733 770">
     <span class='ocr_line' id='line_1_35' title="bbox 2228 694 3733 770; baseline 0.002 -22"><span class='ocrx_word' id='word_1_218' title='bbox 2228 696 2335 748; x_wconf 80' lang='grc' dir='ltr'>Τοῦ</span> <span class='ocrx_word' id='word_1_219' title='bbox 2364 694 2653 748; x_wconf 78' lang='grc' dir='ltr'>θεσπεσίου</span> <span class='ocrx_word' id='word_1_220' title='bbox 2679 696 2930 763; x_wconf 80' lang='grc' dir='ltr'>λέγοντος</span> <span class='ocrx_word' id='word_1_221' title='bbox 2956 694 3192 762; x_wconf 80' lang='grc' dir='ltr'><strong>Παύλου,</strong></span> <span class='ocrx_word' id='word_1_222' title='bbox 3234 715 3252 747; x_wconf 79' lang='grc' dir='ltr'><strong>ι</strong></span> <span class='ocrx_word' id='word_1_223' title='bbox 3277 697 3552 768; x_wconf 81' lang='grc' dir='ltr'>’Ᾱπάτωρ,</span> <span class='ocrx_word' id='word_1_224' title='bbox 3588 699 3702 770; x_wconf 81' lang='grc' dir='ltr'>άμή</span> <span class='ocrx_word' id='word_1_225' title='bbox 3722 728 3733 740; x_wconf 87' lang='lat'><strong>-</strong></span> 
     </span>
    </p>
   </div>
   <div class='ocr_carea' id='block_1_35' title="bbox 2161 786 3732 858">
    <p class='ocr_par' dir='ltr' id='par_1_35' title="bbox 2161 786 3732 858">
     <span class='ocr_line' id='line_1_36' title="bbox 2161 786 3732 858; baseline 0.004 -21"><span class='ocrx_word' id='word_1_226' title='bbox 2161 804 2300 855; x_wconf 85' lang='grc' dir='ltr'>τωρ,</span> <span class='ocrx_word' id='word_1_227' title='bbox 2343 786 2800 858; x_wconf 80' lang='grc' dir='ltr'><strong>ἀγενεαλόγητος,</strong></span> <span class='ocrx_word' id='word_1_228' title='bbox 2851 806 2869 838; x_wconf 80' lang='grc' dir='ltr'><strong>ι</strong></span> <span class='ocrx_word' id='word_1_229' title='bbox 2917 789 2999 849; x_wconf 86' lang='grc' dir='ltr'><strong>τίς</strong></span> <span class='ocrx_word' id='word_1_230' title='bbox 3063 787 3130 841; x_wconf 81' lang='grc' dir='ltr'>ἂν</span> <span class='ocrx_word' id='word_1_231' title='bbox 3173 786 3330 857; x_wconf 85' lang='grc' dir='ltr'>γνοίη</span> <span class='ocrx_word' id='word_1_232' title='bbox 3383 789 3445 840; x_wconf 86' lang='grc' dir='ltr'><strong>τὸ</strong></span> <span class='ocrx_word' id='word_1_233' title='bbox 3497 789 3732 858; x_wconf 83' lang='grc' dir='ltr'>ἀληθές;</span> 
     </span>
    </p>
   </div>
   <div class='ocr_carea' id='block_1_36' title="bbox 2162 876 3735 955">
    <p class='ocr_par' dir='ltr' id='par_1_36' title="bbox 2162 876 3735 955">
     <span class='ocr_line' id='line_1_37' title="bbox 2162 876 3735 955; baseline 0.003 -24"><span class='ocrx_word' id='word_1_234' title='bbox 2162 879 2323 943; x_wconf 72' lang='grc' dir='ltr'>Εἰκὸς</span> <span class='ocrx_word' id='word_1_235' title='bbox 2355 879 2410 931; x_wconf 86' lang='grc' dir='ltr'><strong>δὲ</strong></span> <span class='ocrx_word' id='word_1_236' title='bbox 2441 879 2605 932; x_wconf 74' lang='grc' dir='ltr'>αὑτὸν</span> <span class='ocrx_word' id='word_1_237' title='bbox 2635 880 2698 932; x_wconf 82' lang='grc' dir='ltr'>ὲκ</span> <span class='ocrx_word' id='word_1_238' title='bbox 2729 880 2839 932; x_wconf 79' lang='grc' dir='ltr'>τῶν</span> <span class='ocrx_word' id='word_1_239' title='bbox 2870 879 3041 933; x_wconf 82' lang='grc' dir='ltr'>ἐθνῶν</span> <span class='ocrx_word' id='word_1_240' title='bbox 3072 876 3300 934; x_wconf 70' lang='grc' dir='ltr'>ἐκείνων</span> <span class='ocrx_word' id='word_1_241' title='bbox 3331 876 3606 935; x_wconf 74' lang='grc' dir='ltr'>εἶναιτῶν</span> <span class='ocrx_word' id='word_1_242' title='bbox 3637 883 3735 955; x_wconf 81' lang='grc' dir='ltr'>τὴν</span> 
     </span>
    </p>
   </div>
   <div class='ocr_carea' id='block_1_37' title="bbox 2161 968 3737 1045">
    <p class='ocr_par' dir='ltr' id='par_1_37' title="bbox 2161 968 3737 1045">
     <span class='ocr_line' id='line_1_38' title="bbox 2161 968 3737 1045; baseline 0.004 -23"><span class='ocrx_word' id='word_1_243' title='bbox 2161 969 2531 1041; x_wconf 80' lang='grc' dir='ltr'><strong>Παλαιστίνην</strong></span> <span class='ocrx_word' id='word_1_244' title='bbox 2567 968 2883 1025; x_wconf 74' lang='grc' dir='ltr'>οἰκούντων.</span> <span class='ocrx_word' id='word_1_245' title='bbox 2938 971 3198 1025; x_wconf 84' lang='grc' dir='ltr'>Ἕκείνων</span> <span class='ocrx_word' id='word_1_246' title='bbox 3226 970 3334 1042; x_wconf 82' lang='grc' dir='ltr'><strong>γάρ</strong></span> <span class='ocrx_word' id='word_1_247' title='bbox 3361 972 3474 1045; x_wconf 84' lang='grc'><strong>(97)</strong></span> <span class='ocrx_word' id='word_1_248' title='bbox 3500 976 3595 1028; x_wconf 72' lang='grc' dir='ltr'><strong>καὶ</strong></span> <span class='ocrx_word' id='word_1_249' title='bbox 3616 974 3737 1045; x_wconf 74' lang='grc' dir='ltr'><strong>βα·-</strong></span> 
     </span>
    </p>
   </div>
   <div class='ocr_carea' id='block_1_38' title="bbox 2166 1060 3735 1133">
    <p class='ocr_par' dir='ltr' id='par_1_38' title="bbox 2166 1060 3735 1133">
     <span class='ocr_line' id='line_1_39' title="bbox 2166 1060 3735 1133; baseline 0.005 -21"><span class='ocrx_word' id='word_1_250' title='bbox 2166 1060 2346 1122; x_wconf 81' lang='grc' dir='ltr'>σιλεὺς</span> <span class='ocrx_word' id='word_1_251' title='bbox 2377 1060 2471 1114; x_wconf 74' lang='grc' dir='ltr'>καὶ</span> <span class='ocrx_word' id='word_1_252' title='bbox 2500 1061 2677 1132; x_wconf 80' lang='grc' dir='ltr'>ἱερεὺς</span> <span class='ocrx_word' id='word_1_253' title='bbox 2712 1060 3009 1130; x_wconf 75' lang='grc' dir='ltr'>ἐτύγχανεν</span> <span class='ocrx_word' id='word_1_254' title='bbox 3032 1060 3132 1124; x_wconf 81' lang='grc' dir='ltr'><strong>ὢν.</strong></span> <span class='ocrx_word' id='word_1_255' title='bbox 3180 1063 3362 1133; x_wconf 73' lang='grc' dir='ltr'>ίεριὺς</span> <span class='ocrx_word' id='word_1_256' title='bbox 3411 1063 3469 1116; x_wconf 85' lang='grc' dir='ltr'><strong>δὲ</strong></span> <span class='ocrx_word' id='word_1_257' title='bbox 3503 1063 3597 1117; x_wconf 83' lang='grc' dir='ltr'>τοῦ</span> <span class='ocrx_word' id='word_1_258' title='bbox 3625 1069 3735 1120; x_wconf 81' lang='grc' dir='ltr'>τῶν</span> 
     </span>
    </p>
   </div>
   <div class='ocr_carea' id='block_1_39' title="bbox 2164 1146 3735 1224">
    <p class='ocr_par' dir='ltr' id='par_1_39' title="bbox 2164 1146 3735 1224">
     <span class='ocr_line' id='line_1_40' title="bbox 2164 1146 3735 1224; baseline 0.003 -21"><span class='ocrx_word' id='word_1_259' title='bbox 2164 1150 2302 1204; x_wconf 77' lang='grc' dir='ltr'>ὅλων</span> <span class='ocrx_word' id='word_1_260' title='bbox 2352 1150 2511 1205; x_wconf 78' lang='grc' dir='ltr'>Θεοῦ.</span> <span class='ocrx_word' id='word_1_261' title='bbox 2554 1169 2573 1202; x_wconf 74' lang='lat' dir='ltr'><strong>t</strong></span> <span class='ocrx_word' id='word_1_262' title='bbox 2608 1146 2718 1204; x_wconf 87' lang='grc' dir='ltr'>Ἦν</span> <span class='ocrx_word' id='word_1_263' title='bbox 2767 1151 2896 1222; x_wconf 84' lang='grc' dir='ltr'>γὰρ,</span> <span class='ocrx_word' id='word_1_264' title='bbox 2947 1152 3132 1223; x_wconf 65' lang='grc' dir='ltr'>φησιν,</span> <span class='ocrx_word' id='word_1_265' title='bbox 3175 1153 3355 1224; x_wconf 74' lang='grc' dir='ltr'>ἱερεὺς</span> <span class='ocrx_word' id='word_1_266' title='bbox 3404 1153 3498 1208; x_wconf 82' lang='grc' dir='ltr'><strong>τοῦ</strong></span> <span class='ocrx_word' id='word_1_267' title='bbox 3532 1154 3735 1209; x_wconf 82' lang='grc' dir='ltr'><strong>Θεοῡ⁸⁶</strong></span> 
     </span>
    </p>
   </div>
   <div class='ocr_carea' id='block_1_40' title="bbox 2163 1243 3737 1316">
    <p class='ocr_par' dir='ltr' id='par_1_40' title="bbox 2163 1243 3737 1316">
     <span class='ocr_line' id='line_1_41' title="bbox 2163 1243 3737 1316; baseline 0.003 -19"><span class='ocrx_word' id='word_1_268' title='bbox 2163 1243 2257 1298; x_wconf 79' lang='grc' dir='ltr'><strong>τοῦ</strong></span> <span class='ocrx_word' id='word_1_269' title='bbox 2310 1244 2560 1313; x_wconf 73' lang='grc' dir='ltr'>ὑψίστου.</span> <span class='ocrx_word' id='word_1_270' title='bbox 2601 1262 2621 1296; x_wconf 78' lang='grc' dir='ltr'><strong>ι</strong></span> <span class='ocrx_word' id='word_1_271' title='bbox 2680 1243 2847 1298; x_wconf 85' lang='grc' dir='ltr'><strong>Ὅθεν</strong></span> <span class='ocrx_word' id='word_1_272' title='bbox 2879 1244 3031 1315; x_wconf 80' lang='grc' dir='ltr'>αὐτῷ</span> <span class='ocrx_word' id='word_1_273' title='bbox 3074 1246 3172 1298; x_wconf 76' lang='grc' dir='ltr'><strong>καὶ</strong></span> <span class='ocrx_word' id='word_1_274' title='bbox 3226 1245 3479 1316; x_wconf 77' lang='grc' dir='ltr'>Ἀϐραὰμ</span> <span class='ocrx_word' id='word_1_275' title='bbox 3537 1249 3567 1299; x_wconf 78' lang='grc' dir='ltr'>ὁ</span> <span class='ocrx_word' id='word_1_276' title='bbox 3628 1266 3737 1301; x_wconf 87' lang='grc' dir='ltr'>πα-</span> 
     </span>
    </p>
   </div>
   <div class='ocr_carea' id='block_1_41' title="bbox 2163 1335 3735 1409">
    <p class='ocr_par' dir='ltr' id='par_1_41' title="bbox 2163 1335 3735 1409">
     <span class='ocr_line' id='line_1_42' title="bbox 2163 1335 3735 1409; baseline 0.002 -20"><span class='ocrx_word' id='word_1_277' title='bbox 2163 1335 2434 1407; x_wconf 83' lang='grc' dir='ltr'>τριάρχης</span> <span class='ocrx_word' id='word_1_278' title='bbox 2483 1336 2850 1407; x_wconf 76' lang='grc' dir='ltr'>προσενήνοχι</span> <span class='ocrx_word' id='word_1_279' title='bbox 2886 1337 2989 1400; x_wconf 77' lang='grc' dir='ltr'>τὰς</span> <span class='ocrx_word' id='word_1_280' title='bbox 3028 1338 3139 1391; x_wconf 84' lang='grc' dir='ltr'>τῶν</span> <span class='ocrx_word' id='word_1_281' title='bbox 3188 1337 3446 1409; x_wconf 79' lang='grc' dir='ltr'><strong>λαφύρων</strong></span> <span class='ocrx_word' id='word_1_282' title='bbox 3480 1339 3735 1402; x_wconf 82' lang='grc' dir='ltr'><strong>δεκάτας.</strong></span> 
     </span>
    </p>
   </div>
   <div class='ocr_carea' id='block_1_42' title="bbox 2166 1427 3736 1502">
    <p class='ocr_par' dir='ltr' id='par_1_42' title="bbox 2166 1427 3736 1502">
     <span class='ocr_line' id='line_1_43' title="bbox 2166 1427 3736 1502; baseline 0.003 -22"><span class='ocrx_word' id='word_1_283' title='bbox 2166 1428 2276 1481; x_wconf 75' lang='grc' dir='ltr'><strong>Καὶ</strong></span> <span class='ocrx_word' id='word_1_284' title='bbox 2306 1428 2518 1491; x_wconf 82' lang='grc' dir='ltr'>δίκαιος</span> <span class='ocrx_word' id='word_1_285' title='bbox 2543 1427 2642 1494; x_wconf 81' lang='grc' dir='ltr'><strong>ὢν,</strong></span> <span class='ocrx_word' id='word_1_286' title='bbox 2677 1429 2772 1482; x_wconf 81' lang='grc' dir='ltr'>καὶ</span> <span class='ocrx_word' id='word_1_287' title='bbox 2802 1429 2899 1482; x_wconf 83' lang='grc' dir='ltr'><strong>τοῦ</strong></span> <span class='ocrx_word' id='word_1_288' title='bbox 2948 1429 3084 1483; x_wconf 77' lang='grc' dir='ltr'>Θεοῦ</span> <span class='ocrx_word' id='word_1_289' title='bbox 3118 1429 3294 1500; x_wconf 80' lang='grc' dir='ltr'><strong>φίλος,</strong></span> <span class='ocrx_word' id='word_1_290' title='bbox 3354 1432 3484 1502; x_wconf 81' lang='grc' dir='ltr'>παρ’</span> <span class='ocrx_word' id='word_1_291' title='bbox 3527 1432 3736 1485; x_wconf 74' lang='grc' dir='ltr'>ἐκείνου</span> 
     </span>
    </p>
   </div>
   <div class='ocr_carea' id='block_1_43' title="bbox 2166 1514 3739 1594">
    <p class='ocr_par' dir='ltr' id='par_1_43' title="bbox 2166 1514 3739 1594">
     <span class='ocr_line' id='line_1_44' title="bbox 2166 1514 3739 1594; baseline 0.001 -22"><span class='ocrx_word' id='word_1_292' title='bbox 2166 1519 2267 1590; x_wconf 83' lang='grc' dir='ltr'>τὴν</span> <span class='ocrx_word' id='word_1_293' title='bbox 2294 1519 2550 1588; x_wconf 78' lang='grc' dir='ltr'>εὐλογίαν</span> <span class='ocrx_word' id='word_1_294' title='bbox 2578 1518 2910 1591; x_wconf 79' lang='grc' dir='ltr'><strong>καρποῦται.</strong></span> <span class='ocrx_word' id='word_1_295' title='bbox 2941 1521 3055 1592; x_wconf 81' lang='grc' dir='ltr'><strong>Τῆς</strong></span> <span class='ocrx_word' id='word_1_296' title='bbox 3085 1521 3194 1594; x_wconf 85' lang='grc' dir='ltr'>γὰρ</span> <span class='ocrx_word' id='word_1_297' title='bbox 3228 1522 3570 1592; x_wconf 83' lang='grc' dir='ltr'>Δεσποτικῆς</span> <span class='ocrx_word' id='word_1_298' title='bbox 3592 1514 3739 1592; x_wconf 75' lang='grc' dir='ltr'>εἶχεν</span> 
     </span>
    </p>
   </div>
   <div class='ocr_carea' id='block_1_44' title="bbox 2170 1610 3739 1685">
    <p class='ocr_par' dir='ltr' id='par_1_44' title="bbox 2170 1610 3739 1685">
     <span class='ocr_line' id='line_1_45' title="bbox 2170 1610 3739 1685; baseline 0.002 -21"><span class='ocrx_word' id='word_1_299' title='bbox 2170 1610 2476 1683; x_wconf 75' lang='grc' dir='ltr'><strong>ἱερωσύνης</strong></span> <span class='ocrx_word' id='word_1_300' title='bbox 2492 1611 2586 1666; x_wconf 76' lang='grc' dir='ltr'><strong>τὸν</strong></span> <span class='ocrx_word' id='word_1_301' title='bbox 2606 1612 2797 1665; x_wconf 82' lang='grc' dir='ltr'>τύπον.</span> <span class='ocrx_word' id='word_1_302' title='bbox 2820 1612 2914 1665; x_wconf 77' lang='grc' dir='ltr'><strong>Διὸ</strong></span> <span class='ocrx_word' id='word_1_303' title='bbox 2932 1612 2997 1683; x_wconf 79' lang='grc' dir='ltr'><strong>δὴ</strong></span> <span class='ocrx_word' id='word_1_304' title='bbox 3017 1614 3110 1666; x_wconf 73' lang='grc' dir='ltr'><strong>καὶ</strong></span> <span class='ocrx_word' id='word_1_305' title='bbox 3129 1613 3328 1684; x_wconf 76' lang='grc' dir='ltr'>ἄρτους</span> <span class='ocrx_word' id='word_1_306' title='bbox 3356 1612 3436 1685; x_wconf 82' lang='grc' dir='ltr'>τῷ</span> <span class='ocrx_word' id='word_1_307' title='bbox 3466 1613 3739 1685; x_wconf 75' lang='grc' dir='ltr'>Ἀϐραὰμ,</span> 
     </span>
    </p>
   </div>
   <div class='ocr_carea' id='block_1_45' title="bbox 2168 1698 3771 1784">
    <p class='ocr_par' dir='ltr' id='par_1_45' title="bbox 2168 1698 3771 1784">
     <span class='ocr_line' id='line_1_46' title="bbox 2168 1698 3771 1784; baseline 0.001 -28"><span class='ocrx_word' id='word_1_308' title='bbox 2168 1704 2263 1757; x_wconf 73' lang='grc' dir='ltr'><strong>καὶ</strong></span> <span class='ocrx_word' id='word_1_309' title='bbox 2276 1698 2420 1756; x_wconf 76' lang='grc' dir='ltr'>οἶνον</span> <span class='ocrx_word' id='word_1_310' title='bbox 2441 1701 2553 1774; x_wconf 84' lang='lat'><strong>(98)</strong></span> <span class='ocrx_word' id='word_1_311' title='bbox 2579 1702 2994 1767; x_wconf 64' lang='grc' dir='ltr'>ἀπέωκενοὼς</span> <span class='ocrx_word' id='word_1_312' title='bbox 3006 1704 3233 1784; x_wconf 76' lang='grc' dir='ltr'>τοιαῦτα</span> <span class='ocrx_word' id='word_1_313' title='bbox 3268 1704 3429 1776; x_wconf 82' lang='grc' dir='ltr'>τυχὸν</span> <span class='ocrx_word' id='word_1_314' title='bbox 3446 1705 3557 1774; x_wconf 86' lang='lat'><strong>(99)</strong></span> <span class='ocrx_word' id='word_1_315' title='bbox 3573 1720 3741 1777; x_wconf 83' lang='grc' dir='ltr'>προσ·</span> <span class='ocrx_word' id='word_1_316' title='bbox 3768 1724 3771 1727; x_wconf 56' lang='grc' dir='ltr'><strong>λ</strong></span> 
     </span>
    </p>
   </div>
   <div class='ocr_carea' id='block_1_46' title="bbox 2100 1792 3744 1897">
    <p class='ocr_par' dir='ltr' id='par_1_46' title="bbox 2100 1792 3744 1897">
     <span class='ocr_line' id='line_1_47' title="bbox 2100 1792 3744 1897; baseline 0.001 -50"><span class='ocrx_word' id='word_1_317' title='bbox 2100 1843 2139 1897; x_wconf 71' lang='grc' dir='ltr'><strong>Β</strong></span> <span class='ocrx_word' id='word_1_318' title='bbox 2179 1793 2392 1864; x_wconf 79' lang='grc' dir='ltr'>φέρειν,</span> <span class='ocrx_word' id='word_1_319' title='bbox 2427 1793 2634 1857; x_wconf 85' lang='grc' dir='ltr'>είωθὼς</span> <span class='ocrx_word' id='word_1_320' title='bbox 2685 1794 2766 1865; x_wconf 82' lang='grc' dir='ltr'><strong>τῷ</strong></span> <span class='ocrx_word' id='word_1_321' title='bbox 2821 1794 2934 1846; x_wconf 84' lang='grc' dir='ltr'><strong>τῶν</strong></span> <span class='ocrx_word' id='word_1_322' title='bbox 2966 1794 3104 1848; x_wconf 82' lang='grc' dir='ltr'>ὅλων</span> <span class='ocrx_word' id='word_1_323' title='bbox 3141 1794 3282 1866; x_wconf 81' lang='grc' dir='ltr'>Θεῷ.</span> <span class='ocrx_word' id='word_1_324' title='bbox 3333 1792 3482 1848; x_wconf 86' lang='grc' dir='ltr'>Ἔδει</span> <span class='ocrx_word' id='word_1_325' title='bbox 3511 1794 3589 1866; x_wconf 70' lang='lat' dir='ltr'><strong>t1)</strong></span> <span class='ocrx_word' id='word_1_326' title='bbox 3632 1798 3744 1867; x_wconf 78' lang='grc' dir='ltr'>γὰρ</span> 
     </span>
    </p>
   </div>
   <div class='ocr_carea' id='block_1_47' title="bbox 2168 1884 3250 1957">
    <p class='ocr_par' dir='ltr' id='par_1_47' title="bbox 2168 1884 3250 1957">
     <span class='ocr_line' id='line_1_48' title="bbox 2168 1884 3250 1957; baseline -0.001 -17"><span class='ocrx_word' id='word_1_327' title='bbox 2168 1887 2274 1940; x_wconf 78' lang='grc' dir='ltr'>κάν</span> <span class='ocrx_word' id='word_1_328' title='bbox 2300 1885 2476 1957; x_wconf 81' lang='grc' dir='ltr'>τούτῳ</span> <span class='ocrx_word' id='word_1_329' title='bbox 2513 1884 2822 1957; x_wconf 73' lang='grc' dir='ltr'><strong>δειχθῆναι,</strong></span> <span class='ocrx_word' id='word_1_330' title='bbox 2855 1886 2949 1939; x_wconf 79' lang='grc' dir='ltr'>τὸν</span> <span class='ocrx_word' id='word_1_331' title='bbox 2979 1885 3150 1939; x_wconf 71' lang='grc' dir='ltr'>τύπον</span> <span class='ocrx_word' id='word_1_332' title='bbox 3178 1885 3250 1939; x_wconf 81' lang='grc'>⁶¹.</span> 
     </span>
    </p>
   </div>
   <div class='ocr_carea' id='block_1_48' title="bbox 2788 1996 3148 2054">
    <p class='ocr_par' dir='ltr' id='par_1_48' title="bbox 2788 1996 3148 2054">
     <span class='ocr_line' id='line_1_49' title="bbox 2788 1996 3148 2054; baseline 0.003 -1"><span class='ocrx_word' id='word_1_333' title='bbox 2788 1996 2990 2054; x_wconf 81' lang='grc' dir='ltr'><strong>ΕΡΩΤ.</strong></span> <span class='ocrx_word' id='word_1_334' title='bbox 3023 1997 3148 2054; x_wconf 69' lang='grc' dir='ltr'><strong>ΞΗ.</strong></span> 
     </span>
    </p>
   </div>
   <div class='ocr_carea' id='block_1_49' title="bbox 2172 2111 3744 2183">
    <p class='ocr_par' dir='ltr' id='par_1_49' title="bbox 2172 2111 3744 2183">
     <span class='ocr_line' id='line_1_50' title="bbox 2172 2111 3744 2183; baseline 0.001 -16"><span class='ocrx_word' id='word_1_335' title='bbox 2172 2111 2305 2179; x_wconf 84' lang='grc' dir='ltr'><strong>Πῶς</strong></span> <span class='ocrx_word' id='word_1_336' title='bbox 2342 2111 2599 2183; x_wconf 79' lang='grc' dir='ltr'>Ἀϐραὰμ</span> <span class='ocrx_word' id='word_1_337' title='bbox 2615 2113 2833 2179; x_wconf 80' lang='grc' dir='ltr'>πιστὸς</span> <span class='ocrx_word' id='word_1_338' title='bbox 2857 2112 3201 2183; x_wconf 71' lang='grc' dir='ltr'>ὀνομάζεται</span> <span class='ocrx_word' id='word_1_339' title='bbox 3220 2114 3474 2183; x_wconf 72' lang='grc' dir='ltr'>εἰρηκὼς</span> <span class='ocrx_word' id='word_1_340' title='bbox 3491 2113 3573 2179; x_wconf 83' lang='grc' dir='ltr'><strong>τῷ</strong></span> <span class='ocrx_word' id='word_1_341' title='bbox 3601 2114 3744 2180; x_wconf 81' lang='grc' dir='ltr'>Θεῷ,</span> 
     </span>
    </p>
   </div>
   <div class='ocr_carea' id='block_1_50' title="bbox 2241 2182 3749 2322">
    <p class='ocr_par' dir='ltr' id='par_1_50' title="bbox 2241 2182 3749 2322">
     <span class='ocr_line' id='line_1_51' title="bbox 2241 2182 3749 2322; baseline 0.002 -87"><span class='ocrx_word' id='word_1_342' title='bbox 2241 2182 2404 2322; x_wconf 59' lang='grc' dir='ltr'><strong>Κειτὲ</strong></span> <span class='ocrx_word' id='word_1_343' title='bbox 2452 2184 2512 2237; x_wconf 82' lang='grc' dir='ltr'>τι</span> <span class='ocrx_word' id='word_1_344' title='bbox 2555 2184 2860 2254; x_wconf 73' lang='grc' dir='ltr'><strong>γνώσομαι</strong></span> <span class='ocrx_word' id='word_1_345' title='bbox 2899 2182 3096 2250; x_wconf 75' lang='grc' dir='ltr'>τοῦτο,</span> <span class='ocrx_word' id='word_1_346' title='bbox 3159 2182 3279 2238; x_wconf 57' lang='grc' dir='ltr'>ὅτι</span> <span class='ocrx_word' id='word_1_347' title='bbox 3312 2184 3749 2255; x_wconf 75' lang='grc' dir='ltr'><strong>κληρονομήσω</strong></span> 
     </span>
     <span class='ocr_line' id='line_1_52' title="bbox 2241 2269 2478 2316; baseline 0.004 -11"><span class='ocrx_word' id='word_1_348' title='bbox 2241 2269 2356 2305; x_wconf 79' lang='grc' dir='ltr'><strong>αυτ</strong></span> <span class='ocrx_word' id='word_1_349' title='bbox 2403 2269 2478 2316; x_wconf 80' lang='grc' dir='ltr'><strong>ν;</strong></span> 
     </span>
    </p>
   </div>
   <div class='ocr_carea' id='block_1_51' title="bbox 2244 2342 3750 2415">
    <p class='ocr_par' dir='ltr' id='par_1_51' title="bbox 2244 2342 3750 2415">
     <span class='ocr_line' id='line_1_53' title="bbox 2244 2342 3750 2415; baseline 0.003 -18"><span class='ocrx_word' id='word_1_350' title='bbox 2244 2345 2340 2410; x_wconf 84' lang='grc' dir='ltr'>Τὸ,</span> <span class='ocrx_word' id='word_1_351' title='bbox 2389 2363 2408 2396; x_wconf 80' lang='grc' dir='ltr'><strong>ι</strong></span> <span class='ocrx_word' id='word_1_352' title='bbox 2443 2343 2602 2398; x_wconf 83' lang='grc' dir='ltr'>Κατὰ</span> <span class='ocrx_word' id='word_1_353' title='bbox 2635 2344 2689 2397; x_wconf 85' lang='grc' dir='ltr'><strong>τί</strong></span> <span class='ocrx_word' id='word_1_354' title='bbox 2730 2342 3009 2415; x_wconf 79' lang='grc' dir='ltr'><strong>γνώσομαι</strong></span> <span class='ocrx_word' id='word_1_355' title='bbox 3041 2343 3223 2409; x_wconf 83' lang='grc' dir='ltr'>τοῦτο,</span> <span class='ocrx_word' id='word_1_356' title='bbox 3264 2364 3282 2396; x_wconf 77' lang='grc' dir='ltr'><strong>ι</strong></span> <span class='ocrx_word' id='word_1_357' title='bbox 3318 2344 3418 2398; x_wconf 82' lang='grc' dir='ltr'>οὐκ</span> <span class='ocrx_word' id='word_1_358' title='bbox 3452 2346 3750 2401; x_wconf 81' lang='grc' dir='ltr'>ἀπιστοῦν-</span> 
     </span>
    </p>
   </div>
   <div class='ocr_carea' id='block_1_52' title="bbox 2173 2432 3754 2509">
    <p class='ocr_par' dir='ltr' id='par_1_52' title="bbox 2173 2432 3754 2509">
     <span class='ocr_line' id='line_1_54' title="bbox 2173 2432 3754 2509; baseline 0.001 -19"><span class='ocrx_word' id='word_1_359' title='bbox 2173 2435 2265 2500; x_wconf 86' lang='grc' dir='ltr'>τός</span> <span class='ocrx_word' id='word_1_360' title='bbox 2289 2438 2458 2502; x_wconf 65' lang='grc' dir='ltr'>ἐστιν,</span> <span class='ocrx_word' id='word_1_361' title='bbox 2493 2435 2634 2491; x_wconf 83' lang='grc' dir='ltr'>ἀλλὰ</span> <span class='ocrx_word' id='word_1_362' title='bbox 2682 2432 2874 2507; x_wconf 78' lang='grc' dir='ltr'>μαθεῖν</span> <span class='ocrx_word' id='word_1_363' title='bbox 2904 2435 3202 2500; x_wconf 81' lang='grc' dir='ltr'>ποθοῦντος</span> <span class='ocrx_word' id='word_1_364' title='bbox 3241 2437 3342 2507; x_wconf 83' lang='grc' dir='ltr'>τῆς</span> <span class='ocrx_word' id='word_1_365' title='bbox 3384 2434 3754 2509; x_wconf 76' lang='grc' dir='ltr'>κληρονομίας</span> 
     </span>
    </p>
   </div>
   <div class='ocr_carea' id='block_1_53' title="bbox 2174 2526 3758 2601">
    <p class='ocr_par' dir='ltr' id='par_1_53' title="bbox 2174 2526 3758 2601">
     <span class='ocr_line' id='line_1_55' title="bbox 2174 2526 3758 2601; baseline 0.001 -19"><span class='ocrx_word' id='word_1_366' title='bbox 2174 2529 2265 2582; x_wconf 83' lang='grc' dir='ltr'><strong>τὸν</strong></span> <span class='ocrx_word' id='word_1_367' title='bbox 2299 2529 2523 2601; x_wconf 85' lang='grc' dir='ltr'>τρόπον.</span> <span class='ocrx_word' id='word_1_368' title='bbox 2568 2526 2790 2599; x_wconf 79' lang='grc' dir='ltr'><strong>Ἐπειδὴ</strong></span> <span class='ocrx_word' id='word_1_369' title='bbox 2838 2528 2951 2600; x_wconf 85' lang='grc' dir='ltr'>γὰρ</span> <span class='ocrx_word' id='word_1_370' title='bbox 2994 2527 3143 2600; x_wconf 78' lang='grc' dir='ltr'>ἑώρα</span> <span class='ocrx_word' id='word_1_371' title='bbox 3192 2527 3371 2599; x_wconf 75' lang='grc' dir='ltr'>πλήθη</span> <span class='ocrx_word' id='word_1_372' title='bbox 3428 2528 3597 2600; x_wconf 84' lang='grc' dir='ltr'>μυρία</span> <span class='ocrx_word' id='word_1_373' title='bbox 3654 2530 3758 2601; x_wconf 75' lang='grc' dir='ltr'>τὴν</span> 
     </span>
    </p>
   </div>
   <div class='ocr_carea' id='block_1_54' title="bbox 2176 2618 3756 2692">
    <p class='ocr_par' dir='ltr' id='par_1_54' title="bbox 2176 2618 3756 2692">
     <span class='ocr_line' id='line_1_56' title="bbox 2176 2618 3756 2692; baseline -0.001 -17"><span class='ocrx_word' id='word_1_374' title='bbox 2176 2621 2543 2689; x_wconf 77' lang='grc' dir='ltr'>Παλαιστίνην</span> <span class='ocrx_word' id='word_1_375' title='bbox 2560 2620 2835 2685; x_wconf 78' lang='grc' dir='ltr'>οἰκοῦντα,</span> <span class='ocrx_word' id='word_1_376' title='bbox 2873 2621 3069 2691; x_wconf 81' lang='grc' dir='ltr'>μαθεῖν</span> <span class='ocrx_word' id='word_1_377' title='bbox 3122 2619 3382 2690; x_wconf 75' lang='grc' dir='ltr'>ἠϐούλετο</span> <span class='ocrx_word' id='word_1_378' title='bbox 3413 2618 3520 2674; x_wconf 87' lang='grc' dir='ltr'>τίνι</span> <span class='ocrx_word' id='word_1_379' title='bbox 3564 2620 3756 2692; x_wconf 80' lang='grc' dir='ltr'>τρόπῳ</span> 
     </span>
    </p>
   </div>
   <div class='ocr_carea' id='block_1_55' title="bbox 2176 2710 3758 2791">
    <p class='ocr_par' dir='ltr' id='par_1_55' title="bbox 2176 2710 3758 2791">
     <span class='ocr_line' id='line_1_57' title="bbox 2176 2710 3758 2791; baseline -0.001 -24"><span class='ocrx_word' id='word_1_380' title='bbox 2176 2714 2559 2791; x_wconf 76' lang='grc' dir='ltr'>παραλήψεται</span> <span class='ocrx_word' id='word_1_381' title='bbox 2589 2714 2688 2786; x_wconf 77' lang='grc' dir='ltr'>τῆς</span> <span class='ocrx_word' id='word_1_382' title='bbox 2714 2714 2817 2784; x_wconf 81' lang='grc' dir='ltr'>γῆς</span> <span class='ocrx_word' id='word_1_383' title='bbox 2840 2712 3053 2783; x_wconf 74' lang='grc' dir='ltr'>ἐκείνης</span> <span class='ocrx_word' id='word_1_384' title='bbox 3073 2712 3171 2783; x_wconf 81' lang='grc' dir='ltr'>τὴν</span> <span class='ocrx_word' id='word_1_385' title='bbox 3201 2710 3520 2765; x_wconf 83' lang='grc' dir='ltr'>δεσποτείαν</span> <span class='ocrx_word' id='word_1_386' title='bbox 3544 2727 3558 2740; x_wconf 87' lang='grc'><strong>·</strong></span> <span class='ocrx_word' id='word_1_387' title='bbox 3596 2711 3758 2767; x_wconf 79' lang='grc' dir='ltr'>πολέ-</span> 
     </span>
    </p>
   </div>
   <div class='ocr_carea' id='block_1_56' title="bbox 2181 2802 3756 2878">
    <p class='ocr_par' dir='ltr' id='par_1_56' title="bbox 2181 2802 3756 2878">
     <span class='ocr_line' id='line_1_58' title="bbox 2181 2802 3756 2878; baseline -0.001 -18"><span class='ocrx_word' id='word_1_388' title='bbox 2181 2824 2281 2877; x_wconf 89' lang='grc' dir='ltr'><strong>μου</strong></span> <span class='ocrx_word' id='word_1_389' title='bbox 2314 2806 2485 2877; x_wconf 85' lang='grc' dir='ltr'>νόμῳ,</span> <span class='ocrx_word' id='word_1_390' title='bbox 2549 2805 2584 2878; x_wconf 78' lang='grc' dir='ltr'>ἢ</span> <span class='ocrx_word' id='word_1_391' title='bbox 2629 2806 2752 2877; x_wconf 87' lang='grc' dir='ltr'>δίχα</span> <span class='ocrx_word' id='word_1_392' title='bbox 2805 2805 3081 2876; x_wconf 83' lang='grc' dir='ltr'>πολέμου·</span> <span class='ocrx_word' id='word_1_393' title='bbox 3136 2803 3358 2868; x_wconf 78' lang='grc' dir='ltr'>ζώντων</span> <span class='ocrx_word' id='word_1_394' title='bbox 3409 2802 3668 2871; x_wconf 55' lang='grc' dir='ltr'>ἐκείνων,</span> <span class='ocrx_word' id='word_1_395' title='bbox 3720 2803 3756 2873; x_wconf 78' lang='grc' dir='ltr'>ἢ</span> 
     </span>
    </p>
   </div>
   <div class='ocr_carea' id='block_1_57' title="bbox 2177 2892 3759 2967">
    <p class='ocr_par' dir='ltr' id='par_1_57' title="bbox 2177 2892 3759 2967">
     <span class='ocr_line' id='line_1_59' title="bbox 2177 2892 3759 2967; baseline -0.003 -15"><span class='ocrx_word' id='word_1_396' title='bbox 2177 2897 2590 2967; x_wconf 75' lang='grc' dir='ltr'>ἀναιρουμένων</span> <span class='ocrx_word' id='word_1_397' title='bbox 2608 2898 2706 2967; x_wconf 70' lang='lat'><strong>(2),</strong></span> <span class='ocrx_word' id='word_1_398' title='bbox 2737 2895 2769 2966; x_wconf 81' lang='grc' dir='ltr'>ἢ</span> <span class='ocrx_word' id='word_1_399' title='bbox 2804 2894 3246 2966; x_wconf 72' lang='grc' dir='ltr'>ἐξελαυνομένων</span> <span class='ocrx_word' id='word_1_400' title='bbox 3263 2894 3331 2949; x_wconf 81' lang='grc'>⁸³.</span> <span class='ocrx_word' id='word_1_401' title='bbox 3359 2892 3562 2948; x_wconf 79' lang='grc' dir='ltr'>Τούτου</span> <span class='ocrx_word' id='word_1_402' title='bbox 3593 2894 3759 2966; x_wconf 78' lang='grc' dir='ltr'>χάριν</span> 
     </span>
    </p>
   </div>
   <div class='ocr_carea' id='block_1_58' title="bbox 2183 2982 3761 3059">
    <p class='ocr_par' dir='ltr' id='par_1_58' title="bbox 2183 2982 3761 3059">
     <span class='ocr_line' id='line_1_60' title="bbox 2183 2982 3761 3059; baseline -0.001 -18"><span class='ocrx_word' id='word_1_403' title='bbox 2183 2990 2322 3059; x_wconf 80' lang='grc' dir='ltr'>μετὰ</span> <span class='ocrx_word' id='word_1_404' title='bbox 2350 2989 2449 3058; x_wconf 84' lang='grc' dir='ltr'>τὴν</span> <span class='ocrx_word' id='word_1_405' title='bbox 2476 2988 2671 3041; x_wconf 86' lang='grc' dir='ltr'>θυσίαν</span> <span class='ocrx_word' id='word_1_406' title='bbox 2698 2988 2727 3038; x_wconf 85' lang='grc' dir='ltr'>ὁ</span> <span class='ocrx_word' id='word_1_407' title='bbox 2760 2987 2873 3039; x_wconf 83' lang='grc' dir='ltr'>τῶν</span> <span class='ocrx_word' id='word_1_408' title='bbox 2900 2987 3036 3040; x_wconf 82' lang='grc' dir='ltr'>ὅλων</span> <span class='ocrx_word' id='word_1_409' title='bbox 3064 2986 3202 3049; x_wconf 73' lang='grc' dir='ltr'>Θεὸς</span> <span class='ocrx_word' id='word_1_410' title='bbox 3235 2985 3339 3056; x_wconf 77' lang='grc' dir='ltr'><strong>ἔφη</strong></span> <span class='ocrx_word' id='word_1_411' title='bbox 3363 3000 3380 3017; x_wconf 78' lang='grc' dir='ltr'>ο</span> <span class='ocrx_word' id='word_1_412' title='bbox 3412 3004 3432 3037; x_wconf 82' lang='grc' dir='ltr'><strong>ι</strong></span> <span class='ocrx_word' id='word_1_413' title='bbox 3462 2982 3761 3039; x_wconf 73' lang='grc' dir='ltr'>Γινώσκων</span> 
     </span>
    </p>
   </div>
   <div class='ocr_carea' id='block_1_59' title="bbox 2179 3077 3760 3152">
    <p class='ocr_par' dir='ltr' id='par_1_59' title="bbox 2179 3077 3760 3152">
     <span class='ocr_line' id='line_1_61' title="bbox 2179 3077 3760 3152; baseline -0.003 -20"><span class='ocrx_word' id='word_1_414' title='bbox 2179 3077 2386 3152; x_wconf 83' lang='grc' dir='ltr'>γνώσῃ,</span> <span class='ocrx_word' id='word_1_415' title='bbox 2422 3079 2505 3132; x_wconf 81' lang='grc' dir='ltr'><strong>ὅτι</strong></span> <span class='ocrx_word' id='word_1_416' title='bbox 2556 3078 2823 3148; x_wconf 84' lang='grc' dir='ltr'>πάροικον</span> <span class='ocrx_word' id='word_1_417' title='bbox 2872 3077 3026 3131; x_wconf 73' lang='grc' dir='ltr'>ἔσται</span> <span class='ocrx_word' id='word_1_418' title='bbox 3070 3078 3132 3130; x_wconf 76' lang='grc' dir='ltr'>τὸ</span> <span class='ocrx_word' id='word_1_419' title='bbox 3188 3077 3409 3148; x_wconf 81' lang='grc' dir='ltr'>σπέρμα</span> <span class='ocrx_word' id='word_1_420' title='bbox 3458 3092 3553 3131; x_wconf 89' lang='grc' dir='ltr'><strong>σου</strong></span> <span class='ocrx_word' id='word_1_421' title='bbox 3593 3078 3651 3129; x_wconf 78' lang='grc' dir='ltr'>ὲν</span> <span class='ocrx_word' id='word_1_422' title='bbox 3687 3078 3760 3149; x_wconf 74' lang='grc' dir='ltr'>τῇ</span> 
     </span>
    </p>
   </div>
   <div class='ocr_carea' id='block_1_60' title="bbox 501 3161 2072 3241">
    <p class='ocr_par' dir='ltr' id='par_1_60' title="bbox 501 3161 2072 3236">
     <span class='ocr_line' id='line_1_62' title="bbox 501 3161 2072 3236; baseline -0.005 -11"><span class='ocrx_word' id='word_1_423' title='bbox 501 3186 637 3236; x_wconf 88' lang='lat' dir='ltr'><strong>sua;</strong></span> <span class='ocrx_word' id='word_1_424' title='bbox 668 3179 723 3224; x_wconf 90' lang='lat' dir='ltr'><strong>et</strong></span> <span class='ocrx_word' id='word_1_425' title='bbox 759 3167 1004 3224; x_wconf 81' lang='lat' dir='ltr'><strong>servituti</strong></span> <span class='ocrx_word' id='word_1_426' title='bbox 1048 3164 1340 3236; x_wconf 87' lang='lat' dir='ltr'><strong>subjicient</strong></span> <span class='ocrx_word' id='word_1_427' title='bbox 1386 3180 1502 3228; x_wconf 89' lang='lat' dir='ltr'><strong>eos,</strong></span> <span class='ocrx_word' id='word_1_428' title='bbox 1547 3173 1601 3217; x_wconf 82' lang='lat' dir='ltr'><strong>et</strong></span> <span class='ocrx_word' id='word_1_429' title='bbox 1646 3162 1882 3233; x_wconf 71' lang='lat' dir='ltr'><strong>atiligeut</strong></span> <span class='ocrx_word' id='word_1_430' title='bbox 1934 3161 2072 3223; x_wconf 83' lang='lat' dir='ltr'><strong>illos.</strong></span> 
     </span>
    </p>
   </div>
   <div class='ocr_carea' id='block_1_61' title="bbox 2178 3161 3764 3241">
    <p class='ocr_par' dir='ltr' id='par_1_61' title="bbox 2179 3167 3764 3241">
     <span class='ocr_line' id='line_1_63' title="bbox 2179 3167 3764 3241; baseline 0.001 -22"><span class='ocrx_word' id='word_1_431' title='bbox 2179 3172 2250 3241; x_wconf 75' lang='grc' dir='ltr'>γῇ</span> <span class='ocrx_word' id='word_1_432' title='bbox 2271 3172 2346 3240; x_wconf 75' lang='grc' dir='ltr'><strong>(ὅ)</strong></span> <span class='ocrx_word' id='word_1_433' title='bbox 2371 3170 2471 3222; x_wconf 66' lang='grc' dir='ltr'>οὐκ</span> <span class='ocrx_word' id='word_1_434' title='bbox 2505 3167 2636 3240; x_wconf 72' lang='grc' dir='ltr'>ίδίᾳο</span> <span class='ocrx_word' id='word_1_435' title='bbox 2678 3170 2772 3221; x_wconf 72' lang='grc' dir='ltr'><strong>καὶ</strong></span> <span class='ocrx_word' id='word_1_436' title='bbox 2792 3167 3158 3222; x_wconf 83' lang='grc' dir='ltr'>δουλώσουσιν</span> <span class='ocrx_word' id='word_1_437' title='bbox 3191 3168 3411 3233; x_wconf 82' lang='grc' dir='ltr'>αὐτοὺς,</span> <span class='ocrx_word' id='word_1_438' title='bbox 3444 3169 3543 3222; x_wconf 64' lang='grc' dir='ltr'><strong>καλ⁵</strong></span> <span class='ocrx_word' id='word_1_439' title='bbox 3569 3167 3764 3222; x_wconf 81' lang='grc' dir='ltr'>κακώ-</span> 
     </span>
    </p>
   </div>
   <div class='ocr_carea' id='block_1_62' title="bbox 501 3251 2071 3334">
    <p class='ocr_par' dir='ltr' id='par_1_62' title="bbox 501 3251 2071 3334">
     <span class='ocr_line' id='line_1_64' title="bbox 501 3251 2071 3334; baseline -0.005 -21"><span class='ocrx_word' id='word_1_440' title='bbox 501 3270 680 3334; x_wconf 30' lang='grc' dir='ltr'>ιιιιιιιο,</span> <span class='ocrx_word' id='word_1_441' title='bbox 719 3258 1085 3313; x_wconf 88' lang='lat' dir='ltr'><strong>bumiliabunt</strong></span> <span class='ocrx_word' id='word_1_442' title='bbox 1136 3256 1561 3326; x_wconf 74' lang='lat' dir='ltr'><strong>quadringentos</strong></span> <span class='ocrx_word' id='word_1_443' title='bbox 1617 3268 1812 3309; x_wconf 78' lang='lat' dir='ltr'><strong>annos.</strong></span> <span class='ocrx_word' id='word_1_444' title='bbox 1846 3251 2071 3308; x_wconf 84' lang='lat' dir='ltr'><strong>Gentem</strong></span> 
     </span>
    </p>
   </div>
   <div class='ocr_carea' id='block_1_63' title="bbox 500 3336 2074 3415">
    <p class='ocr_par' dir='ltr' id='par_1_63' title="bbox 500 3336 2074 3415">
     <span class='ocr_line' id='line_1_65' title="bbox 500 3336 2074 3415; baseline -0.004 -14"><span class='ocrx_word' id='word_1_445' title='bbox 500 3363 653 3411; x_wconf 78' lang='lat' dir='ltr'><strong>vero,</strong></span> <span class='ocrx_word' id='word_1_446' title='bbox 693 3347 779 3401; x_wconf 90' lang='lat' dir='ltr'><strong>cui</strong></span> <span class='ocrx_word' id='word_1_447' title='bbox 807 3336 1387 3415; x_wconf 53' lang='lat' dir='ltr'><strong>serviering&#39;judicabo</strong></span> <span class='ocrx_word' id='word_1_448' title='bbox 1413 3359 1535 3414; x_wconf 83' lang='lat' dir='ltr'><strong>ego.</strong></span> <span class='ocrx_word' id='word_1_449' title='bbox 1558 3341 1750 3398; x_wconf 84' lang='lat' dir='ltr'><strong>Postea</strong></span> <span class='ocrx_word' id='word_1_450' title='bbox 1775 3356 1904 3396; x_wconf 84' lang='lat' dir='ltr'><strong>vero</strong></span> <span class='ocrx_word' id='word_1_451' title='bbox 1925 3356 2074 3411; x_wconf 78' lang='lat' dir='ltr'><strong>egre-</strong></span> 
     </span>
    </p>
   </div>
   <div class='ocr_carea' id='block_1_64' title="bbox 502 3432 2076 3507">
    <p class='ocr_par' dir='ltr' id='par_1_64' title="bbox 502 3432 2076 3507">
     <span class='ocr_line' id='line_1_66' title="bbox 502 3432 2076 3507; baseline -0.004 -13"><span class='ocrx_word' id='word_1_452' title='bbox 502 3439 718 3494; x_wconf 90' lang='lat' dir='ltr'><strong>dientur</strong></span> <span class='ocrx_word' id='word_1_453' title='bbox 738 3438 848 3493; x_wconf 91' lang='lat' dir='ltr'><strong>buc</strong></span> <span class='ocrx_word' id='word_1_454' title='bbox 879 3452 1003 3492; x_wconf 87' lang='lat' dir='ltr'><strong>cum</strong></span> <span class='ocrx_word' id='word_1_455' title='bbox 1044 3445 1308 3507; x_wconf 87' lang='lat' dir='ltr'><strong>apparatu</strong></span> <span class='ocrx_word' id='word_1_456' title='bbox 1338 3436 1534 3489; x_wconf 89' lang='lat' dir='ltr'><strong>multo.</strong></span> <span class='ocrx_word' id='word_1_457' title='bbox 1563 3432 1645 3487; x_wconf 90' lang='lat' dir='ltr'><strong>Tu</strong></span> <span class='ocrx_word' id='word_1_458' title='bbox 1687 3448 1819 3489; x_wconf 86' lang='lat' dir='ltr'><strong>vero</strong></span> <span class='ocrx_word' id='word_1_459' title='bbox 1846 3432 2076 3488; x_wconf 80' lang='lat' dir='ltr'><strong>decedes</strong></span> 
     </span>
    </p>
   </div>
   <div class='ocr_carea' id='block_1_65' title="bbox 504 3523 2073 3600">
    <p class='ocr_par' dir='ltr' id='par_1_65' title="bbox 504 3523 2073 3600">
     <span class='ocr_line' id='line_1_67' title="bbox 504 3523 2073 3600; baseline -0.004 -16"><span class='ocrx_word' id='word_1_460' title='bbox 504 3531 569 3584; x_wconf 88' lang='lat' dir='ltr'><strong>ad</strong></span> <span class='ocrx_word' id='word_1_461' title='bbox 596 3539 779 3600; x_wconf 87' lang='lat' dir='ltr'><strong>patres</strong></span> <span class='ocrx_word' id='word_1_462' title='bbox 815 3539 938 3584; x_wconf 89' lang='lat' dir='ltr'><strong>tuos</strong></span> <span class='ocrx_word' id='word_1_463' title='bbox 961 3528 1016 3582; x_wconf 90' lang='lat' dir='ltr'><strong>in</strong></span> <span class='ocrx_word' id='word_1_464' title='bbox 1047 3544 1200 3598; x_wconf 87' lang='lat' dir='ltr'><strong>pace,</strong></span> <span class='ocrx_word' id='word_1_465' title='bbox 1233 3528 1471 3583; x_wconf 88' lang='lat' dir='ltr'><strong>nutritus</strong></span> <span class='ocrx_word' id='word_1_466' title='bbox 1506 3526 1557 3580; x_wconf 91' lang='lat' dir='ltr'><strong>iu</strong></span> <span class='ocrx_word' id='word_1_467' title='bbox 1587 3531 1867 3579; x_wconf 85' lang='lat' dir='ltr'><strong>senectute</strong></span> <span class='ocrx_word' id='word_1_468' title='bbox 1911 3523 2073 3578; x_wconf 86' lang='lat' dir='ltr'><strong>bona.</strong></span> 
     </span>
    </p>
   </div>
   <div class='ocr_carea' id='block_1_66' title="bbox 505 3611 2075 3689">
    <p class='ocr_par' dir='ltr' id='par_1_66' title="bbox 505 3611 2075 3689">
     <span class='ocr_line' id='line_1_68' title="bbox 505 3611 2075 3689; baseline -0.005 -15"><span class='ocrx_word' id='word_1_469' title='bbox 505 3621 711 3688; x_wconf 84' lang='lat' dir='ltr'><strong>Quarta</strong></span> <span class='ocrx_word' id='word_1_470' title='bbox 736 3628 915 3674; x_wconf 88' lang='lat' dir='ltr'><strong>autem</strong></span> <span class='ocrx_word' id='word_1_471' title='bbox 942 3618 1292 3689; x_wconf 82' lang='lat' dir='ltr'><strong>generatione</strong></span> <span class='ocrx_word' id='word_1_472' title='bbox 1314 3623 1653 3673; x_wconf 86' lang='lat' dir='ltr'><strong>revertentur</strong></span> <span class='ocrx_word' id='word_1_473' title='bbox 1678 3614 1800 3669; x_wconf 88' lang='lat' dir='ltr'><strong>huc.</strong></span> <span class='ocrx_word' id='word_1_474' title='bbox 1825 3611 2075 3669; x_wconf 83' lang='lat' dir='ltr'><strong>Nondum</strong></span> 
     </span>
    </p>
   </div>
   <div class='ocr_carea' id='block_1_67' title="bbox 503 3707 2077 3781">
    <p class='ocr_par' dir='ltr' id='par_1_67' title="bbox 503 3707 2077 3781">
     <span class='ocr_line' id='line_1_69' title="bbox 503 3707 2077 3781; baseline -0.004 -15"><span class='ocrx_word' id='word_1_475' title='bbox 503 3713 651 3766; x_wconf 91' lang='lat' dir='ltr'><strong>enim</strong></span> <span class='ocrx_word' id='word_1_476' title='bbox 720 3712 1001 3781; x_wconf 75' lang='lat' dir='ltr'><strong>completa:</strong></span> <span class='ocrx_word' id='word_1_477' title='bbox 1064 3721 1192 3766; x_wconf 88' lang='lat' dir='ltr'><strong>sunt</strong></span> <span class='ocrx_word' id='word_1_478' title='bbox 1264 3709 1576 3778; x_wconf 90' lang='lat' dir='ltr'><strong>iniquitates</strong></span> <span class='ocrx_word' id='word_1_479' title='bbox 1636 3707 2077 3776; x_wconf 62' lang='lat' dir='ltr'><strong>Amorrha‘orum</strong></span> 
     </span>
    </p>
   </div>
   <div class='ocr_carea' id='block_1_68' title="bbox 506 3799 2077 3879">
    <p class='ocr_par' dir='ltr' id='par_1_68' title="bbox 506 3799 2077 3879">
     <span class='ocr_line' id='line_1_70' title="bbox 506 3799 2077 3879; baseline -0.005 -17"><span class='ocrx_word' id='word_1_480' title='bbox 506 3820 683 3876; x_wconf 91' lang='lat' dir='ltr'><strong>usque</strong></span> <span class='ocrx_word' id='word_1_481' title='bbox 732 3821 882 3860; x_wconf 88' lang='lat' dir='ltr'><strong>nunc</strong></span> <span class='ocrx_word' id='word_1_482' title='bbox 907 3816 957 3859; x_wconf 77' lang='grc' dir='ltr'><strong>ει.</strong></span> <span class='ocrx_word' id='word_1_483' title='bbox 996 3823 1015 3855; x_wconf 80' lang='grc' dir='ltr'><strong>ι</strong></span> <span class='ocrx_word' id='word_1_484' title='bbox 1075 3804 1150 3858; x_wconf 86' lang='lat' dir='ltr'><strong>Ex</strong></span> <span class='ocrx_word' id='word_1_485' title='bbox 1214 3802 1566 3879; x_wconf 84' lang='lat' dir='ltr'><strong>responsione</strong></span> <span class='ocrx_word' id='word_1_486' title='bbox 1613 3801 1799 3857; x_wconf 87' lang='lat' dir='ltr'><strong>divina</strong></span> <span class='ocrx_word' id='word_1_487' title='bbox 1845 3799 2077 3855; x_wconf 81' lang='lat' dir='ltr'><strong>formam</strong></span> 
     </span>
    </p>
   </div>
   <div class='ocr_carea' id='block_1_69' title="bbox 505 3891 2075 3967">
    <p class='ocr_par' dir='ltr' id='par_1_69' title="bbox 505 3891 2075 3967">
     <span class='ocr_line' id='line_1_71' title="bbox 505 3891 2075 3967; baseline -0.004 -17"><span class='ocrx_word' id='word_1_488' title='bbox 505 3897 953 3967; x_wconf 86' lang='lat' dir='ltr'><strong>interrogationis</strong></span> <span class='ocrx_word' id='word_1_489' title='bbox 1005 3911 1333 3966; x_wconf 85' lang='lat' dir='ltr'><strong>cognoscere</strong></span> <span class='ocrx_word' id='word_1_490' title='bbox 1388 3895 1534 3950; x_wconf 91' lang='lat' dir='ltr'><strong>licet.</strong></span> <span class='ocrx_word' id='word_1_491' title='bbox 1592 3891 1725 3948; x_wconf 88' lang='lat' dir='ltr'><strong>Nam</strong></span> <span class='ocrx_word' id='word_1_492' title='bbox 1789 3902 2075 3963; x_wconf 79' lang='lat' dir='ltr'><strong>postquam</strong></span> 
     </span>
    </p>
   </div>
   <div class='ocr_carea' id='block_1_70' title="bbox 504 3982 2076 4058">
    <p class='ocr_par' dir='ltr' id='par_1_70' title="bbox 504 3982 2076 4058">
     <span class='ocr_line' id='line_1_72' title="bbox 504 3982 2076 4058; baseline -0.003 -16"><span class='ocrx_word' id='word_1_493' title='bbox 504 3988 642 4042; x_wconf 83' lang='lat' dir='ltr'><strong>dixit</strong></span> <span class='ocrx_word' id='word_1_494' title='bbox 671 4006 685 4043; x_wconf 89' lang='lat'><strong>:</strong></span> <span class='ocrx_word' id='word_1_495' title='bbox 724 4008 743 4040; x_wconf 79' lang='grc' dir='ltr'><strong>ι</strong></span> <span class='ocrx_word' id='word_1_496' title='bbox 787 3982 865 4041; x_wconf 74' lang='lat' dir='ltr'><strong>Ex</strong></span> <span class='ocrx_word' id='word_1_497' title='bbox 897 4002 1007 4057; x_wconf 90' lang='lat' dir='ltr'><strong>quo</strong></span> <span class='ocrx_word' id='word_1_498' title='bbox 1035 4002 1384 4058; x_wconf 78' lang='lat' dir='ltr'><strong>cognoscam,</strong></span> <span class='ocrx_word' id='word_1_499' title='bbox 1416 3985 1562 4055; x_wconf 79' lang='lat' dir='ltr'><strong>quod</strong></span> <span class='ocrx_word' id='word_1_500' title='bbox 1588 4000 1944 4055; x_wconf 85' lang='lat' dir='ltr'><strong>possessurus</strong></span> <span class='ocrx_word' id='word_1_501' title='bbox 1974 3986 2076 4039; x_wconf 88' lang='lat' dir='ltr'><strong>sim</strong></span> 
     </span>
    </p>
   </div>
   <div class='ocr_carea' id='block_1_71' title="bbox 504 4076 2080 4151">
    <p class='ocr_par' dir='ltr' id='par_1_71' title="bbox 504 4076 2080 4151">
     <span class='ocr_line' id='line_1_73' title="bbox 504 4076 2080 4151; baseline -0.003 -15"><span class='ocrx_word' id='word_1_502' title='bbox 504 4078 687 4136; x_wconf 65' lang='lat' dir='ltr'><strong>eam&#39;?</strong></span> <span class='ocrx_word' id='word_1_503' title='bbox 721 4099 739 4131; x_wconf 79' lang='grc' dir='ltr'><strong>ι</strong></span> <span class='ocrx_word' id='word_1_504' title='bbox 789 4080 997 4146; x_wconf 88' lang='lat' dir='ltr'><strong>didicit,</strong></span> <span class='ocrx_word' id='word_1_505' title='bbox 1031 4088 1296 4151; x_wconf 88' lang='lat' dir='ltr'><strong>quantum</strong></span> <span class='ocrx_word' id='word_1_506' title='bbox 1352 4078 1612 4148; x_wconf 88' lang='lat' dir='ltr'><strong>temporis</strong></span> <span class='ocrx_word' id='word_1_507' title='bbox 1668 4077 1859 4132; x_wconf 75' lang='lat' dir='ltr'><strong>incolze</strong></span> <span class='ocrx_word' id='word_1_508' title='bbox 1911 4076 2080 4131; x_wconf 82' lang='lat' dir='ltr'><strong>futuri</strong></span> 
     </span>
    </p>
   </div>
   <div class='ocr_carea' id='block_1_72' title="bbox 504 4169 2079 4244">
    <p class='ocr_par' dir='ltr' id='par_1_72' title="bbox 504 4169 2079 4244">
     <span class='ocr_line' id='line_1_74' title="bbox 504 4169 2079 4244; baseline -0.004 -14"><span class='ocrx_word' id='word_1_509' title='bbox 504 4184 710 4236; x_wconf 85' lang='lat' dir='ltr'><strong>essent,</strong></span> <span class='ocrx_word' id='word_1_510' title='bbox 740 4180 794 4228; x_wconf 90' lang='lat' dir='ltr'><strong>et</strong></span> <span class='ocrx_word' id='word_1_511' title='bbox 820 4188 984 4244; x_wconf 85' lang='lat' dir='ltr'><strong>quam</strong></span> <span class='ocrx_word' id='word_1_512' title='bbox 1017 4172 1212 4227; x_wconf 84' lang='lat' dir='ltr'><strong>misere</strong></span> <span class='ocrx_word' id='word_1_513' title='bbox 1234 4172 1525 4234; x_wconf 84' lang='lat' dir='ltr'><strong>tractandi,</strong></span> <span class='ocrx_word' id='word_1_514' title='bbox 1557 4178 1612 4225; x_wconf 89' lang='lat' dir='ltr'><strong>et</strong></span> <span class='ocrx_word' id='word_1_515' title='bbox 1632 4178 1836 4238; x_wconf 85' lang='lat' dir='ltr'><strong>quanta</strong></span> <span class='ocrx_word' id='word_1_516' title='bbox 1864 4169 2079 4225; x_wconf 86' lang='lat' dir='ltr'><strong>tandem</strong></span> 
     </span>
    </p>
   </div>
   <div class='ocr_carea' id='block_1_73' title="bbox 506 4261 2081 4336">
    <p class='ocr_par' dir='ltr' id='par_1_73' title="bbox 506 4261 2081 4336">
     <span class='ocr_line' id='line_1_75' title="bbox 506 4261 2081 4336; baseline -0.003 -17"><span class='ocrx_word' id='word_1_517' title='bbox 506 4264 849 4336; x_wconf 88' lang='lat' dir='ltr'><strong>providentia</strong></span> <span class='ocrx_word' id='word_1_518' title='bbox 879 4264 972 4319; x_wconf 91' lang='lat' dir='ltr'><strong>Dei</strong></span> <span class='ocrx_word' id='word_1_519' title='bbox 1007 4263 1333 4332; x_wconf 80' lang='lat' dir='ltr'><strong>excipiendi,</strong></span> <span class='ocrx_word' id='word_1_520' title='bbox 1372 4271 1485 4316; x_wconf 91' lang='lat' dir='ltr'><strong>tum</strong></span> <span class='ocrx_word' id='word_1_521' title='bbox 1515 4261 1785 4330; x_wconf 83' lang='lat' dir='ltr'><strong>snpplicio</strong></span> <span class='ocrx_word' id='word_1_522' title='bbox 1815 4261 2081 4315; x_wconf 87' lang='lat' dir='ltr'><strong>sumendo</strong></span> 
     </span>
    </p>
   </div>
   <div class='ocr_carea' id='block_1_74' title="bbox 507 4352 2080 4427">
    <p class='ocr_par' dir='ltr' id='par_1_74' title="bbox 507 4352 2080 4427">
     <span class='ocr_line' id='line_1_76' title="bbox 507 4352 2080 4427; baseline -0.003 -15"><span class='ocrx_word' id='word_1_523' title='bbox 507 4359 576 4413; x_wconf 92' lang='lat' dir='ltr'><strong>de</strong></span> <span class='ocrx_word' id='word_1_524' title='bbox 608 4358 718 4421; x_wconf 90' lang='lat' dir='ltr'><strong>his,</strong></span> <span class='ocrx_word' id='word_1_525' title='bbox 747 4358 840 4427; x_wconf 73' lang='lat' dir='ltr'><strong>Qui</strong></span> <span class='ocrx_word' id='word_1_526' title='bbox 876 4357 983 4411; x_wconf 87' lang='lat' dir='ltr'><strong>illis</strong></span> <span class='ocrx_word' id='word_1_527' title='bbox 1028 4357 1228 4411; x_wconf 72' lang='lat' dir='ltr'><strong>bellum</strong></span> <span class='ocrx_word' id='word_1_528' title='bbox 1254 4355 1457 4411; x_wconf 83' lang='lat' dir='ltr'><strong>inferre</strong></span> <span class='ocrx_word' id='word_1_529' title='bbox 1489 4352 1714 4421; x_wconf 82' lang='lat' dir='ltr'><strong>vellent,</strong></span> <span class='ocrx_word' id='word_1_530' title='bbox 1746 4360 1859 4407; x_wconf 88' lang='lat' dir='ltr'><strong>tum</strong></span> <span class='ocrx_word' id='word_1_531' title='bbox 1889 4367 2080 4408; x_wconf 90' lang='lat' dir='ltr'><strong>eorum</strong></span> 
     </span>
    </p>
   </div>
   <div class='ocr_carea' id='block_1_75' title="bbox 508 4445 2083 4518">
    <p class='ocr_par' dir='ltr' id='par_1_75' title="bbox 508 4445 2083 4518">
     <span class='ocr_line' id='line_1_77' title="bbox 508 4445 2083 4518; baseline -0.003 -13"><span class='ocrx_word' id='word_1_532' title='bbox 508 4450 669 4505; x_wconf 89' lang='lat' dir='ltr'><strong>bonis</strong></span> <span class='ocrx_word' id='word_1_533' title='bbox 706 4449 936 4505; x_wconf 83' lang='lat' dir='ltr'><strong>fruendo</strong></span> <span class='ocrx_word' id='word_1_534' title='bbox 972 4457 1065 4503; x_wconf 90' lang='lat' dir='ltr'><strong>:et</strong></span> <span class='ocrx_word' id='word_1_535' title='bbox 1103 4450 1246 4518; x_wconf 90' lang='lat' dir='ltr'><strong>quod</strong></span> <span class='ocrx_word' id='word_1_536' title='bbox 1270 4446 1546 4502; x_wconf 85' lang='lat' dir='ltr'><strong>Abraham</strong></span> <span class='ocrx_word' id='word_1_537' title='bbox 1573 4445 1721 4500; x_wconf 85' lang='lat' dir='ltr'><strong>nulla</strong></span> <span class='ocrx_word' id='word_1_538' title='bbox 1749 4446 1945 4500; x_wconf 87' lang='lat' dir='ltr'><strong>horum</strong></span> <span class='ocrx_word' id='word_1_539' title='bbox 1986 4460 2083 4500; x_wconf 78' lang='lat' dir='ltr'><strong>ex-</strong></span> 
     </span>
    </p>
   </div>
   <div class='ocr_carea' id='block_1_76' title="bbox 2182 3260 3762 3333">
    <p class='ocr_par' dir='ltr' id='par_1_76' title="bbox 2182 3260 3762 3333">
     <span class='ocr_line' id='line_1_78' title="bbox 2182 3260 3762 3333; baseline 0.002 -19"><span class='ocrx_word' id='word_1_540' title='bbox 2182 3278 2367 3315; x_wconf 87' lang='grc' dir='ltr'>σουσιν</span> <span class='ocrx_word' id='word_1_541' title='bbox 2398 3260 2618 3325; x_wconf 81' lang='grc' dir='ltr'>αὐτοὺς,</span> <span class='ocrx_word' id='word_1_542' title='bbox 2661 3260 2756 3314; x_wconf 75' lang='grc' dir='ltr'>καὶ</span> <span class='ocrx_word' id='word_1_543' title='bbox 2799 3260 3232 3315; x_wconf 79' lang='grc' dir='ltr'>ταπεινώσουσιν</span> <span class='ocrx_word' id='word_1_544' title='bbox 3268 3260 3362 3332; x_wconf 77' lang='grc' dir='ltr'>ἐτη</span> <span class='ocrx_word' id='word_1_545' title='bbox 3406 3263 3762 3333; x_wconf 77' lang='grc' dir='ltr'>τετρακόσια.</span> 
     </span>
    </p>
   </div>
   <div class='ocr_carea' id='block_1_77' title="bbox 2183 3346 3767 3424">
    <p class='ocr_par' dir='ltr' id='par_1_77' title="bbox 2183 3346 3767 3424">
     <span class='ocr_line' id='line_1_79' title="bbox 2183 3346 3767 3424; baseline 0.003 -20"><span class='ocrx_word' id='word_1_546' title='bbox 2183 3352 2257 3404; x_wconf 85' lang='grc' dir='ltr'><strong>Τὸ</strong></span> <span class='ocrx_word' id='word_1_547' title='bbox 2291 3353 2348 3405; x_wconf 73' lang='grc' dir='ltr'>δὲ</span> <span class='ocrx_word' id='word_1_548' title='bbox 2379 3351 2552 3416; x_wconf 70' lang='grc' dir='ltr'>ἔθνος,</span> <span class='ocrx_word' id='word_1_549' title='bbox 2581 3346 2631 3419; x_wconf 81' lang='grc' dir='ltr'><strong>ᾧ</strong></span> <span class='ocrx_word' id='word_1_550' title='bbox 2663 3352 2760 3405; x_wconf 76' lang='grc' dir='ltr'><strong>ἐὰν</strong></span> <span class='ocrx_word' id='word_1_551' title='bbox 2808 3353 3163 3419; x_wconf 85' lang='grc' dir='ltr'>δουλεύσωσι,</span> <span class='ocrx_word' id='word_1_552' title='bbox 3213 3353 3388 3424; x_wconf 74' lang='grc' dir='ltr'>κρινῶ</span> <span class='ocrx_word' id='word_1_553' title='bbox 3430 3354 3560 3422; x_wconf 77' lang='grc' dir='ltr'>ἐγώ.</span> <span class='ocrx_word' id='word_1_554' title='bbox 3603 3354 3767 3409; x_wconf 66' lang='grc' dir='ltr'>Μετὰ</span> 
     </span>
    </p>
   </div>
   <div class='ocr_carea' id='block_1_78' title="bbox 2181 3438 3763 3516">
    <p class='ocr_par' dir='ltr' id='par_1_78' title="bbox 2181 3438 3763 3516">
     <span class='ocr_line' id='line_1_80' title="bbox 2181 3438 3763 3516; baseline 0.001 -20"><span class='ocrx_word' id='word_1_555' title='bbox 2181 3443 2239 3497; x_wconf 80' lang='grc' dir='ltr'>δὲ</span> <span class='ocrx_word' id='word_1_556' title='bbox 2269 3442 2445 3497; x_wconf 82' lang='grc' dir='ltr'>ταῦτα</span> <span class='ocrx_word' id='word_1_557' title='bbox 2482 3442 2853 3507; x_wconf 77' lang='grc' dir='ltr'>ἐξελεύσονται</span> <span class='ocrx_word' id='word_1_558' title='bbox 2876 3438 2980 3498; x_wconf 85' lang='grc' dir='ltr'>ὧδε</span> <span class='ocrx_word' id='word_1_559' title='bbox 3005 3446 3146 3516; x_wconf 83' lang='grc' dir='ltr'>μετὰ</span> <span class='ocrx_word' id='word_1_560' title='bbox 3180 3447 3497 3516; x_wconf 81' lang='grc' dir='ltr'>ἀποσκευῆς</span> <span class='ocrx_word' id='word_1_561' title='bbox 3521 3445 3763 3515; x_wconf 79' lang='grc' dir='ltr'>πολλῆς·</span> 
     </span>
    </p>
   </div>
   <div class='ocr_carea' id='block_1_79' title="bbox 2185 3533 3763 3611">
    <p class='ocr_par' dir='ltr' id='par_1_79' title="bbox 2185 3533 3763 3611">
     <span class='ocr_line' id='line_1_81' title="bbox 2185 3533 3763 3611; baseline 0.005 -25"><span class='ocrx_word' id='word_1_562' title='bbox 2185 3535 2251 3587; x_wconf 83' lang='grc' dir='ltr'><strong>σὺ</strong></span> <span class='ocrx_word' id='word_1_563' title='bbox 2278 3533 2336 3586; x_wconf 84' lang='grc' dir='ltr'>δὲ</span> <span class='ocrx_word' id='word_1_564' title='bbox 2356 3533 2647 3586; x_wconf 85' lang='grc' dir='ltr'>ἀπελεύσει</span> <span class='ocrx_word' id='word_1_565' title='bbox 2687 3535 2827 3605; x_wconf 78' lang='grc' dir='ltr'>πρὸς</span> <span class='ocrx_word' id='word_1_566' title='bbox 2860 3536 2989 3600; x_wconf 78' lang='grc' dir='ltr'>τοὺς</span> <span class='ocrx_word' id='word_1_567' title='bbox 3018 3537 3264 3607; x_wconf 80' lang='grc' dir='ltr'>πατέρας</span> <span class='ocrx_word' id='word_1_568' title='bbox 3319 3555 3414 3592; x_wconf 90' lang='grc' dir='ltr'><strong>σου</strong></span> <span class='ocrx_word' id='word_1_569' title='bbox 3461 3540 3520 3591; x_wconf 74' lang='grc' dir='ltr'>ὲν</span> <span class='ocrx_word' id='word_1_570' title='bbox 3543 3539 3763 3611; x_wconf 75' lang='grc' dir='ltr'>εἰρήνῃ,</span> 
     </span>
    </p>
   </div>
   <div class='ocr_carea' id='block_1_80' title="bbox 2183 3626 3768 3703">
    <p class='ocr_par' dir='ltr' id='par_1_80' title="bbox 2183 3626 3768 3703">
     <span class='ocr_line' id='line_1_82' title="bbox 2183 3626 3768 3703; baseline 0.003 -26"><span class='ocrx_word' id='word_1_571' title='bbox 2183 3626 2414 3697; x_wconf 79' lang='grc' dir='ltr'>τραφεὶς</span> <span class='ocrx_word' id='word_1_572' title='bbox 2438 3628 2497 3679; x_wconf 83' lang='grc' dir='ltr'><strong>ὲν</strong></span> <span class='ocrx_word' id='word_1_573' title='bbox 2525 3626 2688 3698; x_wconf 83' lang='grc' dir='ltr'>γήρει</span> <span class='ocrx_word' id='word_1_574' title='bbox 2722 3626 2893 3698; x_wconf 81' lang='grc' dir='ltr'>καλῷ.</span> <span class='ocrx_word' id='word_1_575' title='bbox 2950 3628 3198 3701; x_wconf 82' lang='grc' dir='ltr'>Τετάρτῃ</span> <span class='ocrx_word' id='word_1_576' title='bbox 3220 3630 3280 3683; x_wconf 80' lang='grc' dir='ltr'>δὲ</span> <span class='ocrx_word' id='word_1_577' title='bbox 3314 3632 3480 3702; x_wconf 76' lang='grc' dir='ltr'>γενεᾷ</span> <span class='ocrx_word' id='word_1_578' title='bbox 3515 3635 3768 3703; x_wconf 73' lang='grc' dir='ltr'>στραφῆ-</span> 
     </span>
    </p>
   </div>
   <div class='ocr_carea' id='block_1_81' title="bbox 2186 3712 3761 3795">
    <p class='ocr_par' dir='ltr' id='par_1_81' title="bbox 2186 3712 3761 3795">
     <span class='ocr_line' id='line_1_83' title="bbox 2186 3712 3761 3795; baseline 0.003 -23"><span class='ocrx_word' id='word_1_579' title='bbox 2186 3734 2370 3773; x_wconf 78' lang='grc' dir='ltr'>σονται</span> <span class='ocrx_word' id='word_1_580' title='bbox 2394 3712 2496 3772; x_wconf 82' lang='grc' dir='ltr'>ὧδε</span> <span class='ocrx_word' id='word_1_581' title='bbox 2522 3735 2538 3749; x_wconf 91' lang='grc'><strong>·</strong></span> <span class='ocrx_word' id='word_1_582' title='bbox 2568 3718 2719 3773; x_wconf 77' lang='grc' dir='ltr'>οὕπω</span> <span class='ocrx_word' id='word_1_583' title='bbox 2739 3720 2848 3791; x_wconf 79' lang='grc' dir='ltr'>γὰρ</span> <span class='ocrx_word' id='word_1_584' title='bbox 2877 3721 3166 3793; x_wconf 78' lang='grc' dir='ltr'>άναπετιλή</span> <span class='ocrx_word' id='word_1_585' title='bbox 3178 3736 3378 3793; x_wconf 86' lang='grc' dir='ltr'>ρωνται</span> <span class='ocrx_word' id='word_1_586' title='bbox 3404 3726 3459 3776; x_wconf 88' lang='grc' dir='ltr'><strong>αί</strong></span> <span class='ocrx_word' id='word_1_587' title='bbox 3482 3724 3761 3795; x_wconf 65' lang='grc' dir='ltr'>ἁμαρτίαι</span> 
     </span>
    </p>
   </div>
   <div class='ocr_carea' id='block_1_82' title="bbox 2185 3808 3767 3886">
    <p class='ocr_par' dir='ltr' id='par_1_82' title="bbox 2185 3808 3767 3886">
     <span class='ocr_line' id='line_1_84' title="bbox 2185 3808 3767 3886; baseline 0.003 -23"><span class='ocrx_word' id='word_1_588' title='bbox 2185 3808 2295 3864; x_wconf 82' lang='grc' dir='ltr'>τῶν</span> <span class='ocrx_word' id='word_1_589' title='bbox 2355 3810 2700 3881; x_wconf 68' lang='grc' dir='ltr'>Ἀμορραίων</span> <span class='ocrx_word' id='word_1_590' title='bbox 2759 3813 2864 3875; x_wconf 69' lang='grc' dir='ltr'><strong>ἕως</strong></span> <span class='ocrx_word' id='word_1_591' title='bbox 2910 3811 3006 3865; x_wconf 84' lang='grc' dir='ltr'><strong>τοῦ</strong></span> <span class='ocrx_word' id='word_1_592' title='bbox 3059 3812 3175 3868; x_wconf 81' lang='grc' dir='ltr'>νῦν.</span> <span class='ocrx_word' id='word_1_593' title='bbox 3225 3831 3247 3866; x_wconf 69' lang='grc' dir='ltr'><strong>ι</strong></span> <span class='ocrx_word' id='word_1_594' title='bbox 3316 3815 3409 3867; x_wconf 86' lang='grc' dir='ltr'>Ἐκ</span> <span class='ocrx_word' id='word_1_595' title='bbox 3468 3815 3569 3886; x_wconf 83' lang='grc' dir='ltr'>τῆς</span> <span class='ocrx_word' id='word_1_596' title='bbox 3607 3814 3767 3879; x_wconf 80' lang='grc' dir='ltr'>θείας</span> 
     </span>
    </p>
   </div>
   <div class='ocr_carea' id='block_1_83' title="bbox 2189 3902 3772 3978">
    <p class='ocr_par' dir='ltr' id='par_1_83' title="bbox 2189 3902 3772 3978">
     <span class='ocr_line' id='line_1_85' title="bbox 2189 3902 3772 3978; baseline 0.003 -22"><span class='ocrx_word' id='word_1_597' title='bbox 2189 3902 2532 3973; x_wconf 78' lang='grc' dir='ltr'>ἀποκρίσεως</span> <span class='ocrx_word' id='word_1_598' title='bbox 2557 3902 2674 3956; x_wconf 78' lang='grc' dir='ltr'>ἔστι</span> <span class='ocrx_word' id='word_1_599' title='bbox 2704 3902 2913 3971; x_wconf 85' lang='grc' dir='ltr'>γνῶναι</span> <span class='ocrx_word' id='word_1_600' title='bbox 2943 3904 3019 3974; x_wconf 71' lang='grc'><strong>(4)</strong></span> <span class='ocrx_word' id='word_1_601' title='bbox 3053 3906 3143 3959; x_wconf 73' lang='grc' dir='ltr'>τὸν</span> <span class='ocrx_word' id='word_1_602' title='bbox 3176 3905 3379 3975; x_wconf 82' lang='grc' dir='ltr'>τρόπον</span> <span class='ocrx_word' id='word_1_603' title='bbox 3422 3907 3519 3976; x_wconf 78' lang='grc' dir='ltr'>τῆς</span> <span class='ocrx_word' id='word_1_604' title='bbox 3550 3908 3772 3978; x_wconf 72' lang='grc' dir='ltr'>ἐρωτή-</span> 
     </span>
    </p>
   </div>
   <div class='ocr_carea' id='block_1_84' title="bbox 2192 3989 3770 4067">
    <p class='ocr_par' dir='ltr' id='par_1_84' title="bbox 2192 3989 3770 4067">
     <span class='ocr_line' id='line_1_86' title="bbox 2192 3989 3770 4067; baseline 0.004 -23"><span class='ocrx_word' id='word_1_605' title='bbox 2192 4008 2348 4055; x_wconf 85' lang='grc' dir='ltr'>σεως.</span> <span class='ocrx_word' id='word_1_606' title='bbox 2395 3992 2613 4063; x_wconf 85' lang='grc' dir='ltr'>Ἐπειδὴ</span> <span class='ocrx_word' id='word_1_607' title='bbox 2643 3989 2788 4059; x_wconf 86' lang='grc' dir='ltr'>εἷπε,</span> <span class='ocrx_word' id='word_1_608' title='bbox 2820 4013 2839 4046; x_wconf 77' lang='grc' dir='ltr'><strong>ι</strong></span> <span class='ocrx_word' id='word_1_609' title='bbox 2867 3994 3022 4047; x_wconf 79' lang='grc' dir='ltr'>Κατά</span> <span class='ocrx_word' id='word_1_610' title='bbox 3075 3995 3128 4047; x_wconf 88' lang='grc' dir='ltr'><strong>τί</strong></span> <span class='ocrx_word' id='word_1_611' title='bbox 3161 3994 3442 4066; x_wconf 80' lang='grc' dir='ltr'>γνώσομαι</span> <span class='ocrx_word' id='word_1_612' title='bbox 3497 3997 3581 4049; x_wconf 82' lang='grc' dir='ltr'>ὅτι</span> <span class='ocrx_word' id='word_1_613' title='bbox 3628 3999 3770 4067; x_wconf 69' lang='grc' dir='ltr'>κληο</span> 
     </span>
    </p>
   </div>
   <div class='ocr_carea' id='block_1_85' title="bbox 2184 4084 3769 4157">
    <p class='ocr_par' dir='ltr' id='par_1_85' title="bbox 2184 4084 3769 4157">
     <span class='ocr_line' id='line_1_87' title="bbox 2184 4084 3769 4157; baseline 0.002 -21"><span class='ocrx_word' id='word_1_614' title='bbox 2184 4084 2476 4154; x_wconf 83' lang='grc' dir='ltr'>ρονομήσω</span> <span class='ocrx_word' id='word_1_615' title='bbox 2505 4084 2695 4154; x_wconf 85' lang='grc' dir='ltr'>αὐτὴν,</span> <span class='ocrx_word' id='word_1_616' title='bbox 2731 4104 2750 4136; x_wconf 78' lang='grc' dir='ltr'><strong>ι</strong></span> <span class='ocrx_word' id='word_1_617' title='bbox 2780 4084 3031 4156; x_wconf 72' lang='grc' dir='ltr'>ἐδιδάχθη</span> <span class='ocrx_word' id='word_1_618' title='bbox 3062 4086 3189 4139; x_wconf 80' lang='grc' dir='ltr'>ὅσον</span> <span class='ocrx_word' id='word_1_619' title='bbox 3220 4086 3319 4156; x_wconf 84' lang='grc' dir='ltr'><strong>μὲν</strong></span> <span class='ocrx_word' id='word_1_620' title='bbox 3358 4087 3769 4157; x_wconf 81' lang='grc' dir='ltr'>παροικήσουσι</span> 
     </span>
    </p>
   </div>
   <div class='ocr_carea' id='block_1_86' title="bbox 2187 4175 3755 4248">
    <p class='ocr_par' dir='ltr' id='par_1_86' title="bbox 2187 4175 3755 4248">
     <span class='ocr_line' id='line_1_88' title="bbox 2187 4175 3755 4248; baseline 0.002 -20"><span class='ocrx_word' id='word_1_621' title='bbox 2187 4175 2400 4245; x_wconf 79' lang='grc' dir='ltr'>χρόνον,</span> <span class='ocrx_word' id='word_1_622' title='bbox 2434 4176 2529 4230; x_wconf 79' lang='grc' dir='ltr'><strong>καὶ</strong></span> <span class='ocrx_word' id='word_1_623' title='bbox 2568 4176 2718 4239; x_wconf 81' lang='grc' dir='ltr'>ὅπως</span> <span class='ocrx_word' id='word_1_624' title='bbox 2759 4175 3296 4248; x_wconf 76' lang='grc' dir='ltr'>ταλαιπωρήσουσιν,</span> <span class='ocrx_word' id='word_1_625' title='bbox 3332 4179 3465 4247; x_wconf 65' lang='grc' dir='ltr'>ὅσης</span> <span class='ocrx_word' id='word_1_626' title='bbox 3498 4195 3558 4231; x_wconf 88' lang='grc' dir='ltr'><strong>τε</strong></span> <span class='ocrx_word' id='word_1_627' title='bbox 3588 4175 3755 4242; x_wconf 78' lang='grc' dir='ltr'>ἀξιω-</span> 
     </span>
    </p>
   </div>
   <div class='ocr_carea' id='block_1_87' title="bbox 2188 4264 3765 4337">
    <p class='ocr_par' dir='ltr' id='par_1_87' title="bbox 2188 4264 3765 4337">
     <span class='ocr_line' id='line_1_89' title="bbox 2188 4264 3765 4337; baseline 0.003 -21"><span class='ocrx_word' id='word_1_628' title='bbox 2188 4264 2445 4335; x_wconf 84' lang='grc' dir='ltr'>θήσονται</span> <span class='ocrx_word' id='word_1_629' title='bbox 2475 4265 2840 4337; x_wconf 83' lang='grc' dir='ltr'>προμηθείας,</span> <span class='ocrx_word' id='word_1_630' title='bbox 2874 4266 2983 4320; x_wconf 84' lang='grc' dir='ltr'><strong>τῶν</strong></span> <span class='ocrx_word' id='word_1_631' title='bbox 3018 4267 3119 4336; x_wconf 81' lang='grc' dir='ltr'>μὲν</span> <span class='ocrx_word' id='word_1_632' title='bbox 3171 4268 3504 4337; x_wconf 79' lang='grc' dir='ltr'>πολεμήσειν</span> <span class='ocrx_word' id='word_1_633' title='bbox 3542 4267 3765 4321; x_wconf 65' lang='grc' dir='ltr'>ἐθελόν-</span> 
     </span>
    </p>
   </div>
   <div class='ocr_carea' id='block_1_88' title="bbox 2185 4356 3776 4427">
    <p class='ocr_par' dir='ltr' id='par_1_88' title="bbox 2185 4356 3776 4427">
     <span class='ocr_line' id='line_1_90' title="bbox 2185 4356 3776 4427; baseline 0.002 -19"><span class='ocrx_word' id='word_1_634' title='bbox 2185 4372 2294 4410; x_wconf 91' lang='grc' dir='ltr'><strong>των</strong></span> <span class='ocrx_word' id='word_1_635' title='bbox 2324 4356 2508 4419; x_wconf 78' lang='grc' dir='ltr'>αὐτοϊς</span> <span class='ocrx_word' id='word_1_636' title='bbox 2541 4356 3053 4427; x_wconf 80' lang='grc' dir='ltr'>κολασθησομένων,</span> <span class='ocrx_word' id='word_1_637' title='bbox 3100 4358 3306 4413; x_wconf 85' lang='grc' dir='ltr'>τούτων</span> <span class='ocrx_word' id='word_1_638' title='bbox 3344 4359 3401 4412; x_wconf 82' lang='grc' dir='ltr'>δὲ</span> <span class='ocrx_word' id='word_1_639' title='bbox 3432 4359 3499 4413; x_wconf 84' lang='grc' dir='ltr'>τὰ</span> <span class='ocrx_word' id='word_1_640' title='bbox 3535 4361 3776 4413; x_wconf 74' lang='grc' dir='ltr'>ἐκείνων</span> 
     </span>
    </p>
   </div>
   <div class='ocr_carea' id='block_1_89' title="bbox 2188 4449 3781 4520">
    <p class='ocr_par' dir='ltr' id='par_1_89' title="bbox 2188 4449 3781 4520">
     <span class='ocr_line' id='line_1_91' title="bbox 2188 4449 3781 4520; baseline 0.001 -18"><span class='ocrx_word' id='word_1_641' title='bbox 2188 4449 2670 4520; x_wconf 77' lang='grc' dir='ltr'>καρπωσαμένωνο</span> <span class='ocrx_word' id='word_1_642' title='bbox 2701 4450 2796 4502; x_wconf 74' lang='grc' dir='ltr'>καὶ</span> <span class='ocrx_word' id='word_1_643' title='bbox 2818 4450 2902 4503; x_wconf 82' lang='grc' dir='ltr'>ὅτι</span> <span class='ocrx_word' id='word_1_644' title='bbox 2926 4451 3129 4504; x_wconf 81' lang='grc' dir='ltr'>τούτων</span> <span class='ocrx_word' id='word_1_645' title='bbox 3164 4452 3330 4514; x_wconf 75' lang='grc' dir='ltr'>αὐτὸς</span> <span class='ocrx_word' id='word_1_646' title='bbox 3362 4451 3620 4520; x_wconf 81' lang='grc' dir='ltr'>οὐδεμίαν</span> <span class='ocrx_word' id='word_1_647' title='bbox 3650 4453 3781 4504; x_wconf 82' lang='grc' dir='ltr'>πεῖ·-</span> 
     </span>
    </p>
   </div>
   <div class='ocr_carea' id='block_1_90' title="bbox 509 4513 2072 4612">
    <p class='ocr_par' dir='ltr' id='par_1_90' title="bbox 509 4536 2072 4612">
     <span class='ocr_line' id='line_1_92' title="bbox 509 4536 2072 4612; baseline -0.003 -17"><span class='ocrx_word' id='word_1_648' title='bbox 509 4541 774 4612; x_wconf 86' lang='lat' dir='ltr'><strong>perientia</strong></span> <span class='ocrx_word' id='word_1_649' title='bbox 802 4549 1044 4611; x_wconf 86' lang='lat' dir='ltr'><strong>accepta,</strong></span> <span class='ocrx_word' id='word_1_650' title='bbox 1074 4540 1128 4594; x_wconf 93' lang='lat' dir='ltr'><strong>in</strong></span> <span class='ocrx_word' id='word_1_651' title='bbox 1157 4553 1289 4608; x_wconf 84' lang='lat' dir='ltr'><strong>pace</strong></span> <span class='ocrx_word' id='word_1_652' title='bbox 1317 4553 1347 4591; x_wconf 91' lang='lat' dir='ltr'><strong>e</strong></span> <span class='ocrx_word' id='word_1_653' title='bbox 1378 4538 1485 4591; x_wconf 86' lang='lat' dir='ltr'><strong>vita</strong></span> <span class='ocrx_word' id='word_1_654' title='bbox 1526 4536 1875 4592; x_wconf 81' lang='lat' dir='ltr'><strong>discessurus</strong></span> <span class='ocrx_word' id='word_1_655' title='bbox 1919 4545 2072 4591; x_wconf 77' lang='lat' dir='ltr'><strong>esset.</strong></span> 
     </span>
    </p>
   </div>
   <div class='ocr_carea' id='block_1_91' title="bbox 2178 4513 3779 4612">
    <p class='ocr_par' dir='ltr' id='par_1_91' title="bbox 2194 4513 3779 4610">
     <span class='ocr_line' id='line_1_93' title="bbox 2194 4513 3779 4610; baseline 0.003 -24"><span class='ocrx_word' id='word_1_656' title='bbox 2194 4513 2291 4605; x_wconf 72' lang='grc' dir='ltr'><strong>ραν</strong></span> <span class='ocrx_word' id='word_1_657' title='bbox 2315 4513 2517 4601; x_wconf 76' lang='grc' dir='ltr'>λαϐὼν,</span> <span class='ocrx_word' id='word_1_658' title='bbox 2551 4537 2609 4588; x_wconf 82' lang='grc' dir='ltr'>ὲν</span> <span class='ocrx_word' id='word_1_659' title='bbox 2660 4538 2853 4610; x_wconf 80' lang='grc' dir='ltr'>είρήνῃ</span> <span class='ocrx_word' id='word_1_660' title='bbox 2884 4538 3180 4592; x_wconf 82' lang='grc' dir='ltr'>καταλύσει</span> <span class='ocrx_word' id='word_1_661' title='bbox 3208 4513 3465 4608; x_wconf 11' lang='grc' dir='ltr'>τδννβίον.</span> <span class='ocrx_word' id='word_1_662' title='bbox 3490 4513 3502 4520; x_wconf 32' lang='grc' dir='ltr'><em>υ</em></span> <span class='ocrx_word' id='word_1_663' title='bbox 3524 4539 3779 4603; x_wconf 70' lang='grc' dir='ltr'>Ἑδίδαξε</span> 
     </span>
    </p>
   </div>
   <div class='ocr_carea' id='block_1_92' title="bbox 510 4625 2086 4699">
    <p class='ocr_par' dir='ltr' id='par_1_92' title="bbox 510 4625 2086 4699">
     <span class='ocr_line' id='line_1_94' title="bbox 510 4625 2086 4699; baseline -0.001 -17"><span class='ocrx_word' id='word_1_664' title='bbox 510 4628 708 4682; x_wconf 89' lang='lat' dir='ltr'><strong>Docuit</strong></span> <span class='ocrx_word' id='word_1_665' title='bbox 738 4627 942 4699; x_wconf 86' lang='lat' dir='ltr'><strong>pariter</strong></span> <span class='ocrx_word' id='word_1_666' title='bbox 972 4626 1239 4681; x_wconf 81' lang='lat' dir='ltr'><strong>rationem</strong></span> <span class='ocrx_word' id='word_1_667' title='bbox 1285 4625 1582 4689; x_wconf 88' lang='lat' dir='ltr'><strong>dilationis,</strong></span> <span class='ocrx_word' id='word_1_668' title='bbox 1637 4640 1704 4679; x_wconf 89' lang='lat' dir='ltr'><strong>ne</strong></span> <span class='ocrx_word' id='word_1_669' title='bbox 1743 4626 1866 4693; x_wconf 87' lang='lat' dir='ltr'><strong>quis</strong></span> <span class='ocrx_word' id='word_1_670' title='bbox 1905 4625 2086 4695; x_wconf 84' lang='lat' dir='ltr'><strong>suspi-</strong></span> 
     </span>
    </p>
   </div>
   <div class='ocr_carea' id='block_1_93' title="bbox 512 4717 2083 4788">
    <p class='ocr_par' dir='ltr' id='par_1_93' title="bbox 512 4717 2083 4788">
     <span class='ocr_line' id='line_1_95' title="bbox 512 4717 2083 4788; baseline -0.001 -15"><span class='ocrx_word' id='word_1_671' title='bbox 512 4727 760 4788; x_wconf 90' lang='lat' dir='ltr'><strong>caretur,</strong></span> <span class='ocrx_word' id='word_1_672' title='bbox 813 4720 885 4775; x_wconf 91' lang='lat' dir='ltr'><strong>ob</strong></span> <span class='ocrx_word' id='word_1_673' title='bbox 931 4730 1284 4775; x_wconf 82' lang='lat' dir='ltr'><strong>numerosam</strong></span> <span class='ocrx_word' id='word_1_674' title='bbox 1326 4718 1631 4771; x_wconf 89' lang='lat' dir='ltr'><strong>incolarum</strong></span> <span class='ocrx_word' id='word_1_675' title='bbox 1681 4717 2083 4772; x_wconf 89' lang='lat' dir='ltr'><strong>multitudinem</strong></span> 
     </span>
    </p>
   </div>
   <div class='ocr_carea' id='block_1_94' title="bbox 515 4805 2087 4874">
    <p class='ocr_par' dir='ltr' id='par_1_94' title="bbox 515 4805 2087 4874">
     <span class='ocr_line' id='line_1_96' title="bbox 515 4805 2087 4874; baseline -0.002 -11"><span class='ocrx_word' id='word_1_676' title='bbox 515 4811 806 4866; x_wconf 88' lang='lat' dir='ltr'><strong>Dominum</strong></span> <span class='ocrx_word' id='word_1_677' title='bbox 835 4808 1004 4866; x_wconf 90' lang='lat' dir='ltr'><strong>Deum</strong></span> <span class='ocrx_word' id='word_1_678' title='bbox 1061 4823 1171 4861; x_wconf 89' lang='lat' dir='ltr'><strong>non</strong></span> <span class='ocrx_word' id='word_1_679' title='bbox 1205 4807 1448 4874; x_wconf 87' lang='lat' dir='ltr'><strong>potuisse</strong></span> <span class='ocrx_word' id='word_1_680' title='bbox 1497 4805 1606 4859; x_wconf 90' lang='lat' dir='ltr'><strong>illis</strong></span> <span class='ocrx_word' id='word_1_681' title='bbox 1646 4807 1861 4860; x_wconf 86' lang='lat' dir='ltr'><strong>tradere</strong></span> <span class='ocrx_word' id='word_1_682' title='bbox 1911 4807 2087 4861; x_wconf 88' lang='lat' dir='ltr'><strong>domi-</strong></span> 
     </span>
    </p>
   </div>
   <div class='ocr_carea' id='block_1_95' title="bbox 2190 4624 3781 4701">
    <p class='ocr_par' dir='ltr' id='par_1_95' title="bbox 2190 4624 3781 4701">
     <span class='ocr_line' id='line_1_97' title="bbox 2190 4624 3781 4701; baseline 0.003 -23"><span class='ocrx_word' id='word_1_683' title='bbox 2190 4624 2248 4678; x_wconf 83' lang='grc' dir='ltr'>δὲ</span> <span class='ocrx_word' id='word_1_684' title='bbox 2280 4626 2373 4678; x_wconf 72' lang='grc' dir='ltr'><strong>καὶ</strong></span> <span class='ocrx_word' id='word_1_685' title='bbox 2401 4625 2499 4693; x_wconf 79' lang='grc' dir='ltr'>τῆς</span> <span class='ocrx_word' id='word_1_686' title='bbox 2526 4626 2794 4696; x_wconf 78' lang='grc' dir='ltr'>άναῦολῆς</span> <span class='ocrx_word' id='word_1_687' title='bbox 2817 4628 2918 4696; x_wconf 79' lang='grc' dir='ltr'>τὴν</span> <span class='ocrx_word' id='word_1_688' title='bbox 2956 4630 3160 4695; x_wconf 87' lang='grc' dir='ltr'>αἰτίαν,</span> <span class='ocrx_word' id='word_1_689' title='bbox 3212 4630 3301 4684; x_wconf 79' lang='grc' dir='ltr'>ἵνα</span> <span class='ocrx_word' id='word_1_690' title='bbox 3332 4630 3407 4700; x_wconf 75' lang='grc' dir='ltr'>μή</span> <span class='ocrx_word' id='word_1_691' title='bbox 3439 4646 3522 4693; x_wconf 87' lang='grc' dir='ltr'><strong>τις</strong></span> <span class='ocrx_word' id='word_1_692' title='bbox 3550 4631 3781 4701; x_wconf 80' lang='grc' dir='ltr'>τοπάσῃ</span> 
     </span>
    </p>
   </div>
   <div class='ocr_carea' id='block_1_96' title="bbox 2193 4714 3785 4791">
    <p class='ocr_par' dir='ltr' id='par_1_96' title="bbox 2193 4714 3785 4791">
     <span class='ocr_line' id='line_1_98' title="bbox 2193 4714 3785 4791; baseline 0.004 -24"><span class='ocrx_word' id='word_1_693' title='bbox 2193 4714 2281 4767; x_wconf 88' lang='grc' dir='ltr'>διὰ</span> <span class='ocrx_word' id='word_1_694' title='bbox 2311 4716 2372 4768; x_wconf 88' lang='grc' dir='ltr'>τὸ</span> <span class='ocrx_word' id='word_1_695' title='bbox 2418 4716 2621 4788; x_wconf 82' lang='grc' dir='ltr'>πλῆθος</span> <span class='ocrx_word' id='word_1_696' title='bbox 2663 4718 2773 4769; x_wconf 85' lang='grc' dir='ltr'><strong>τῶν</strong></span> <span class='ocrx_word' id='word_1_697' title='bbox 2820 4720 3172 4774; x_wconf 75' lang='grc' dir='ltr'>ἐνοικούντων</span> <span class='ocrx_word' id='word_1_698' title='bbox 3227 4721 3305 4791; x_wconf 79' lang='grc' dir='ltr'><strong>μὴ</strong></span> <span class='ocrx_word' id='word_1_699' title='bbox 3331 4720 3629 4791; x_wconf 74' lang='grc' dir='ltr'>δυνηθῆναι</span> <span class='ocrx_word' id='word_1_700' title='bbox 3680 4722 3785 4775; x_wconf 74' lang='grc' dir='ltr'>τὸν</span> 
     </span>
    </p>
   </div>
   <div class='ocr_carea' id='block_1_97' title="bbox 2197 4807 3786 4884">
    <p class='ocr_par' dir='ltr' id='par_1_97' title="bbox 2197 4807 3786 4884">
     <span class='ocr_line' id='line_1_99' title="bbox 2197 4807 3786 4884; baseline 0.006 -25"><span class='ocrx_word' id='word_1_701' title='bbox 2197 4807 2475 4877; x_wconf 82' lang='grc' dir='ltr'>Δεσπότην</span> <span class='ocrx_word' id='word_1_702' title='bbox 2502 4808 2635 4863; x_wconf 79' lang='grc' dir='ltr'>Θεὸν</span> <span class='ocrx_word' id='word_1_703' title='bbox 2664 4810 2763 4878; x_wconf 84' lang='grc' dir='ltr'><strong>τῆς</strong></span> <span class='ocrx_word' id='word_1_704' title='bbox 2796 4810 2899 4880; x_wconf 83' lang='grc' dir='ltr'>γῆς</span> <span class='ocrx_word' id='word_1_705' title='bbox 2939 4812 3157 4883; x_wconf 79' lang='grc' dir='ltr'>ἐκείνην</span> <span class='ocrx_word' id='word_1_706' title='bbox 3210 4813 3399 4877; x_wconf 83' lang='grc' dir='ltr'>αὐτοῖς</span> <span class='ocrx_word' id='word_1_707' title='bbox 3428 4811 3786 4884; x_wconf 69' lang='grc' dir='ltr'>παραδοῦναι</span> 
     </span>
    </p>
   </div>
   <div class='ocr_carea' id='block_1_98' title="bbox 565 4947 2072 5018">
    <p class='ocr_par' dir='ltr' id='par_1_98' title="bbox 565 4947 2072 5018">
     <span class='ocr_line' id='line_1_100' title="bbox 565 4947 2072 5018; baseline -0.004 -9"><span class='ocrx_word' id='word_1_708' title='bbox 565 4963 594 4993; x_wconf 77' lang='grc' dir='ltr'><strong>ιι</strong></span> <span class='ocrx_word' id='word_1_709' title='bbox 626 4953 790 5009; x_wconf 84' lang='lat' dir='ltr'><strong>Hebr.</strong></span> <span class='ocrx_word' id='word_1_710' title='bbox 818 4968 916 5018; x_wconf 89' lang='lat' dir='ltr'><strong>vn,</strong></span> <span class='ocrx_word' id='word_1_711' title='bbox 944 4953 1000 5006; x_wconf 80' lang='grc'>5.</span> <span class='ocrx_word' id='word_1_712' title='bbox 1081 4957 1105 4986; x_wconf 85' lang='grc' dir='ltr'><strong><em>ο</em></strong></span> <span class='ocrx_word' id='word_1_713' title='bbox 1129 4949 1265 5005; x_wconf 88' lang='lat' dir='ltr'><strong>Gen.</strong></span> <span class='ocrx_word' id='word_1_714' title='bbox 1293 4964 1402 5011; x_wconf 79' lang='lat' dir='ltr'><strong>xw,</strong></span> <span class='ocrx_word' id='word_1_715' title='bbox 1432 4949 1518 5003; x_wconf 80' lang='lat' dir='ltr'><strong>i8.</strong></span> <span class='ocrx_word' id='word_1_716' title='bbox 1597 4960 1624 4998; x_wconf 86' lang='lat' dir='ltr'><strong>P</strong></span> <span class='ocrx_word' id='word_1_717' title='bbox 1651 4947 1787 5005; x_wconf 88' lang='lat' dir='ltr'><strong>Gen.</strong></span> <span class='ocrx_word' id='word_1_718' title='bbox 1813 4966 1899 5015; x_wconf 79' lang='lat' dir='ltr'><strong>xv,</strong></span> <span class='ocrx_word' id='word_1_719' title='bbox 1925 4948 1980 5004; x_wconf 82' lang='lat'><strong>8.</strong></span> <span class='ocrx_word' id='word_1_720' title='bbox 2058 4962 2072 4987; x_wconf 74' lang='grc' dir='ltr'><strong>ε</strong></span> 
     </span>
    </p>
   </div>
   <div class='ocr_carea' id='block_1_99' title="bbox 2178 4947 3053 5018">
    <p class='ocr_par' dir='ltr' id='par_1_99' title="bbox 2178 4949 3053 5015">
     <span class='ocr_line' id='line_1_101' title="bbox 2178 4949 3053 5015; baseline 0.001 -10"><span class='ocrx_word' id='word_1_721' title='bbox 2178 4967 2251 5005; x_wconf 72' lang='grc' dir='ltr'>ξη.</span> <span class='ocrx_word' id='word_1_722' title='bbox 2281 4966 2372 5014; x_wconf 73' lang='lat' dir='ltr'><strong>xv,</strong></span> <span class='ocrx_word' id='word_1_723' title='bbox 2406 4950 2588 5005; x_wconf 72' lang='grc'><strong>15-16.</strong></span> <span class='ocrx_word' id='word_1_724' title='bbox 2658 4961 2682 4989; x_wconf 70' lang='grc' dir='ltr'><strong><em>τ</em></strong></span> <span class='ocrx_word' id='word_1_725' title='bbox 2717 4949 2855 5006; x_wconf 84' lang='lat' dir='ltr'><strong>Gen.</strong></span> <span class='ocrx_word' id='word_1_726' title='bbox 2880 4967 2970 5015; x_wconf 78' lang='lat' dir='ltr'><strong>xv,</strong></span> <span class='ocrx_word' id='word_1_727' title='bbox 3001 4951 3053 5006; x_wconf 92' lang='lat'><strong>8.</strong></span> 
     </span>
    </p>
   </div>
   <div class='ocr_carea' id='block_1_100' title="bbox 1408 5112 2867 5171">
    <p class='ocr_par' dir='ltr' id='par_1_100' title="bbox 1408 5112 2867 5171">
     <span class='ocr_line' id='line_1_102' title="bbox 1408 5112 2867 5171; baseline 0.003 -5"><span class='ocrx_word' id='word_1_728' title='bbox 1408 5112 1641 5168; x_wconf 75' lang='lat' dir='ltr'><strong>VARle</strong></span> <span class='ocrx_word' id='word_1_729' title='bbox 1666 5113 2045 5170; x_wconf 76' lang='lat' dir='ltr'><strong>LECTIONES</strong></span> <span class='ocrx_word' id='word_1_730' title='bbox 2073 5112 2163 5168; x_wconf 76' lang='lat' dir='ltr'><strong>EX</strong></span> <span class='ocrx_word' id='word_1_731' title='bbox 2206 5112 2482 5170; x_wconf 75' lang='lat' dir='ltr'><strong>CATENA</strong></span> <span class='ocrx_word' id='word_1_732' title='bbox 2513 5114 2867 5171; x_wconf 80' lang='lat' dir='ltr'><strong>LlPSlENSI.</strong></span> 
     </span>
    </p>
   </div>
   <div class='ocr_carea' id='block_1_101' title="bbox 591 5210 2072 5327">
    <p class='ocr_par' dir='ltr' id='par_1_101' title="bbox 591 5210 2072 5327">
     <span class='ocr_line' id='line_1_103' title="bbox 591 5210 2072 5327; baseline -0.003 -17"><span class='ocrx_word' id='word_1_733' title='bbox 591 5259 637 5293; x_wconf 81' lang='lat'><strong>&quot;</strong></span> <span class='ocrx_word' id='word_1_734' title='bbox 670 5260 789 5317; x_wconf 86' lang='lat' dir='ltr'><strong>Cat.</strong></span> <span class='ocrx_word' id='word_1_735' title='bbox 816 5272 871 5327; x_wconf 75' lang='grc' dir='ltr'>ι).</span> <span class='ocrx_word' id='word_1_736' title='bbox 904 5254 1026 5311; x_wconf 79' lang='grc'><strong>198.</strong></span> <span class='ocrx_word' id='word_1_737' title='bbox 1051 5254 1146 5307; x_wconf 78' lang='grc' dir='ltr'><strong>τοῦ</strong></span> <span class='ocrx_word' id='word_1_738' title='bbox 1177 5250 1314 5306; x_wconf 81' lang='grc' dir='ltr'><strong>Θεοῦ</strong></span> <span class='ocrx_word' id='word_1_739' title='bbox 1342 5267 1453 5308; x_wconf 90' lang='lat' dir='ltr'><strong>om.</strong></span> <span class='ocrx_word' id='word_1_740' title='bbox 1529 5253 1572 5284; x_wconf 77' lang='grc'><strong>⁸⁸</strong></span> <span class='ocrx_word' id='word_1_741' title='bbox 1594 5252 1766 5323; x_wconf 85' lang='grc' dir='ltr'>δειχθ.</span> <span class='ocrx_word' id='word_1_742' title='bbox 1791 5251 1882 5307; x_wconf 77' lang='grc' dir='ltr'>τὸν</span> <span class='ocrx_word' id='word_1_743' title='bbox 1912 5210 2072 5323; x_wconf 82' lang='grc' dir='ltr'>τρόπι</span> 
     </span>
    </p>
   </div>
   <div class='ocr_carea' id='block_1_102' title="bbox 2178 5210 3330 5327">
    <p class='ocr_par' dir='ltr' id='par_1_102' title="bbox 2212 5252 3330 5325">
     <span class='ocr_line' id='line_1_104' title="bbox 2212 5252 3330 5325; baseline 0.004 -19"><span class='ocrx_word' id='word_1_744' title='bbox 2212 5253 2256 5284; x_wconf 76' lang='grc'><strong>⁸³</strong></span> <span class='ocrx_word' id='word_1_745' title='bbox 2300 5252 2418 5307; x_wconf 89' lang='lat' dir='ltr'><strong>Cat.</strong></span> <span class='ocrx_word' id='word_1_746' title='bbox 2457 5268 2509 5321; x_wconf 91' lang='lat' dir='ltr'><strong>p.</strong></span> <span class='ocrx_word' id='word_1_747' title='bbox 2542 5253 2669 5308; x_wconf 66' lang='lat'><strong>204.</strong></span> <span class='ocrx_word' id='word_1_748' title='bbox 2704 5253 3191 5325; x_wconf 75' lang='grc' dir='ltr'>ἣὲξελαυνομένων</span> <span class='ocrx_word' id='word_1_749' title='bbox 3219 5270 3330 5311; x_wconf 86' lang='lat' dir='ltr'><strong>om.</strong></span> 
     </span>
    </p>
   </div>
   <div class='ocr_carea' id='block_1_103' title="bbox 2026 5414 2258 5472">
    <p class='ocr_par' dir='ltr' id='par_1_103' title="bbox 2026 5414 2258 5472">
     <span class='ocr_line' id='line_1_105' title="bbox 2026 5414 2258 5472; baseline 0.009 -3"><span class='ocrx_word' id='word_1_750' title='bbox 2026 5414 2258 5472; x_wconf 63' lang='grc' dir='ltr'><strong>ΝΟΤΛΕ.</strong></span> 
     </span>
    </p>
   </div>
   <div class='ocr_carea' id='block_1_104' title="bbox 595 5554 1381 5621">
    <p class='ocr_par' dir='ltr' id='par_1_104' title="bbox 595 5554 1381 5621">
     <span class='ocr_line' id='line_1_106' title="bbox 595 5554 1381 5621; baseline 0.001 -14"><span class='ocrx_word' id='word_1_751' title='bbox 595 5558 708 5621; x_wconf 76' lang='lat'><strong>(9&#39;7)</strong></span> <span class='ocrx_word' id='word_1_752' title='bbox 739 5556 871 5611; x_wconf 89' lang='lat' dir='ltr'><strong>Cod.</strong></span> <span class='ocrx_word' id='word_1_753' title='bbox 909 5565 961 5610; x_wconf 76' lang='lat' dir='ltr'><strong>et</strong></span> <span class='ocrx_word' id='word_1_754' title='bbox 1004 5554 1112 5609; x_wconf 88' lang='lat' dir='ltr'><strong>Pic.</strong></span> <span class='ocrx_word' id='word_1_755' title='bbox 1156 5556 1381 5614; x_wconf 76' lang='grc' dir='ltr'>ἐκεῖνος.</span> 
     </span>
    </p>
   </div>
   <div class='ocr_carea' id='block_1_105' title="bbox 591 5622 2084 5698">
    <p class='ocr_par' dir='ltr' id='par_1_105' title="bbox 591 5622 2084 5698">
     <span class='ocr_line' id='line_1_107' title="bbox 591 5622 2084 5698; baseline -0.001 -17"><span class='ocrx_word' id='word_1_756' title='bbox 591 5628 704 5698; x_wconf 74' lang='lat'><strong>(98)</strong></span> <span class='ocrx_word' id='word_1_757' title='bbox 739 5627 847 5681; x_wconf 76' lang='grc' dir='ltr'><strong>Καὶ</strong></span> <span class='ocrx_word' id='word_1_758' title='bbox 870 5622 1057 5698; x_wconf 77' lang='grc' dir='ltr'>οἶνον.</span> <span class='ocrx_word' id='word_1_759' title='bbox 1097 5623 1232 5698; x_wconf 82' lang='lat' dir='ltr'><strong>God.</strong></span> <span class='ocrx_word' id='word_1_760' title='bbox 1275 5634 1328 5680; x_wconf 91' lang='lat' dir='ltr'><strong>et</strong></span> <span class='ocrx_word' id='word_1_761' title='bbox 1360 5623 1476 5698; x_wconf 84' lang='lat' dir='ltr'><strong>Pic.</strong></span> <span class='ocrx_word' id='word_1_762' title='bbox 1498 5623 1732 5698; x_wconf 64' lang='lat' dir='ltr'><strong>addunt,</strong></span> <span class='ocrx_word' id='word_1_763' title='bbox 1766 5623 1862 5698; x_wconf 77' lang='grc' dir='ltr'>καὶ</span> <span class='ocrx_word' id='word_1_764' title='bbox 1895 5622 2084 5698; x_wconf 79' lang='grc' dir='ltr'>στέαρ.</span> 
     </span>
    </p>
   </div>
   <div class='ocr_carea' id='block_1_106' title="bbox 593 5694 2087 5766">
    <p class='ocr_par' dir='ltr' id='par_1_106' title="bbox 593 5694 2087 5766">
     <span class='ocr_line' id='line_1_108' title="bbox 593 5694 2087 5766; baseline -0.003 -17"><span class='ocrx_word' id='word_1_765' title='bbox 593 5694 703 5766; x_wconf 88' lang='lat'><strong>(99)</strong></span> <span class='ocrx_word' id='word_1_766' title='bbox 740 5696 949 5766; x_wconf 73' lang='grc' dir='ltr'>Τυχόν.</span> <span class='ocrx_word' id='word_1_767' title='bbox 982 5697 1034 5749; x_wconf 90' lang='lat' dir='ltr'><strong>In</strong></span> <span class='ocrx_word' id='word_1_768' title='bbox 1061 5696 1206 5766; x_wconf 36' lang='lat' dir='ltr'><strong>cod:</strong></span> <span class='ocrx_word' id='word_1_769' title='bbox 1222 5704 1275 5766; x_wconf 84' lang='lat' dir='ltr'><strong>ct</strong></span> <span class='ocrx_word' id='word_1_770' title='bbox 1304 5695 1446 5766; x_wconf 79' lang='lat' dir='ltr'><strong>apud</strong></span> <span class='ocrx_word' id='word_1_771' title='bbox 1498 5694 1617 5749; x_wconf 68' lang='lat' dir='ltr'><strong>Pic.</strong></span> <span class='ocrx_word' id='word_1_772' title='bbox 1668 5694 1915 5764; x_wconf 87' lang='lat' dir='ltr'><strong>sequitur</strong></span> <span class='ocrx_word' id='word_1_773' title='bbox 1942 5694 2087 5747; x_wconf 75' lang='grc' dir='ltr'>τινα.</span> 
     </span>
    </p>
   </div>
   <div class='ocr_carea' id='block_1_107' title="bbox 594 5761 1489 5833">
    <p class='ocr_par' dir='ltr' id='par_1_107' title="bbox 594 5761 1489 5833">
     <span class='ocr_line' id='line_1_109' title="bbox 594 5761 1489 5833; baseline 0 -15"><span class='ocrx_word' id='word_1_774' title='bbox 594 5761 695 5833; x_wconf 65' lang='grc' dir='ltr'><strong>(Μ’</strong></span> <span class='ocrx_word' id='word_1_775' title='bbox 730 5761 909 5821; x_wconf 75' lang='grc' dir='ltr'>Ἔδει.</span> <span class='ocrx_word' id='word_1_776' title='bbox 940 5766 1070 5822; x_wconf 84' lang='lat' dir='ltr'><strong>Cod.</strong></span> <span class='ocrx_word' id='word_1_777' title='bbox 1100 5774 1153 5821; x_wconf 90' lang='lat' dir='ltr'><strong>et</strong></span> <span class='ocrx_word' id='word_1_778' title='bbox 1180 5764 1295 5826; x_wconf 86' lang='lat' dir='ltr'><strong>Pic.</strong></span> <span class='ocrx_word' id='word_1_779' title='bbox 1325 5761 1489 5821; x_wconf 75' lang='grc' dir='ltr'>είδεν.</span> 
     </span>
    </p>
   </div>
   <div class='ocr_carea' id='block_1_108' title="bbox 2272 5554 3780 5638">
    <p class='ocr_par' dir='ltr' id='par_1_108' title="bbox 2272 5554 3780 5638">
     <span class='ocr_line' id='line_1_110' title="bbox 2272 5554 3780 5638; baseline 0.008 -32"><span class='ocrx_word' id='word_1_780' title='bbox 2396 5555 2890 5638; x_wconf 46' lang='grc' dir='ltr'>Ἀιάιρουέιέζωις.</span> <span class='ocrx_word' id='word_1_781' title='bbox 3122 5570 3178 5615; x_wconf 80' lang='lat' dir='ltr'><strong>et</strong></span> <span class='ocrx_word' id='word_1_782' title='bbox 3360 5563 3780 5638; x_wconf 67' lang='grc' dir='ltr'>ἐλαυνομένων.</span> 
     </span>
    </p>
   </div>
   <div class='ocr_carea' id='block_1_109' title="bbox 2271 5626 3702 5703">
    <p class='ocr_par' dir='ltr' id='par_1_109' title="bbox 2271 5626 3702 5703">
     <span class='ocr_line' id='line_1_111' title="bbox 2271 5626 3702 5703; baseline 0.007 -28"><span class='ocrx_word' id='word_1_783' title='bbox 2271 5627 2349 5703; x_wconf 57' lang='grc' dir='ltr'><strong>(τι)</strong></span> <span class='ocrx_word' id='word_1_784' title='bbox 2384 5626 2499 5703; x_wconf 41' lang='lat' dir='ltr'><strong>life-</strong></span> <span class='ocrx_word' id='word_1_785' title='bbox 2529 5626 2601 5693; x_wconf 79' lang='grc' dir='ltr'><strong>τῇ</strong></span> <span class='ocrx_word' id='word_1_786' title='bbox 2759 5627 2892 5703; x_wconf 81' lang='lat' dir='ltr'><strong>God.</strong></span> <span class='ocrx_word' id='word_1_787' title='bbox 2922 5639 2975 5684; x_wconf 86' lang='lat' dir='ltr'><strong>et</strong></span> <span class='ocrx_word' id='word_1_788' title='bbox 2994 5630 3112 5703; x_wconf 67' lang='lat' dir='ltr'><strong>Pio.</strong></span> <span class='ocrx_word' id='word_1_789' title='bbox 3148 5632 3383 5703; x_wconf 77' lang='lat' dir='ltr'><strong>addunt,</strong></span> <span class='ocrx_word' id='word_1_790' title='bbox 3418 5626 3702 5703; x_wconf 67' lang='grc' dir='ltr'>ἀλλοτρίᾳ.</span> 
     </span>
    </p>
   </div>
   <div class='ocr_carea' id='block_1_110' title="bbox 2271 5695 3791 5767">
    <p class='ocr_par' dir='ltr' id='par_1_110' title="bbox 2271 5695 3791 5767">
     <span class='ocr_line' id='line_1_112' title="bbox 2271 5695 3791 5767; baseline 0.005 -19"><span class='ocrx_word' id='word_1_791' title='bbox 2271 5696 2586 5767; x_wconf 67' lang='lat' dir='ltr'><strong>(4)_Cod.et</strong></span> <span class='ocrx_word' id='word_1_792' title='bbox 2652 5695 2762 5767; x_wconf 81' lang='lat' dir='ltr'><strong>Pie.</strong></span> <span class='ocrx_word' id='word_1_793' title='bbox 2815 5700 3137 5767; x_wconf 77' lang='grc' dir='ltr'>ἐπιγνῶναι.</span> <span class='ocrx_word' id='word_1_794' title='bbox 3192 5695 3373 5758; x_wconf 79' lang='lat' dir='ltr'><strong>Minus</strong></span> <span class='ocrx_word' id='word_1_795' title='bbox 3408 5695 3791 5758; x_wconf 46' lang='lat' dir='ltr'><strong>benefl‘icus</strong></span> 
     </span>
    </p>
   </div>
   <div class='ocr_carea' id='block_1_111' title="bbox 2201 5765 3239 5835">
    <p class='ocr_par' dir='ltr' id='par_1_111' title="bbox 2201 5765 3239 5835">
     <span class='ocr_line' id='line_1_113' title="bbox 2201 5765 3239 5835; baseline 0.006 -16"><span class='ocrx_word' id='word_1_796' title='bbox 2201 5765 2452 5835; x_wconf 86' lang='lat' dir='ltr'><strong>supplere</strong></span> <span class='ocrx_word' id='word_1_797' title='bbox 2493 5766 2661 5821; x_wconf 89' lang='lat' dir='ltr'><strong>voluit</strong></span> <span class='ocrx_word' id='word_1_798' title='bbox 2690 5766 2889 5835; x_wconf 82' lang='grc' dir='ltr'>ἔξεστι,</span> <span class='ocrx_word' id='word_1_799' title='bbox 2921 5765 3015 5825; x_wconf 83' lang='lat' dir='ltr'><strong>aut</strong></span> <span class='ocrx_word' id='word_1_800' title='bbox 3043 5771 3239 5827; x_wconf 88' lang='lat' dir='ltr'><strong>simile.</strong></span> 
     </span>
    </p>
   </div>
  </div>
