4032 6458
303 446 398 511 ὶἸὸ
1406 445 1690 518 ΟυιΕΒΤ.
1740 448 1819 507 IN
1854 448 1880 506 Ε

1984 449 2123 508 iES.
2161 451 2319 511 CAP.
2359 446 2476 510 XV.
3476 450 3568 514 17$

297 556 391 628 τὴν
420 556 766 612 δεσποτείαν.
814 558 967 628 Ἔφη
998 558 1053 611 δὲ
1083 557 1277 621 οὕτως·
1320 578 1337 609 ι
1371 559 1538 614 Οὔπω
1555 563 1665 632 γὰρ
1691 561 1880 613 ἀναπε-

1995 560 2144 614 nium
2165 561 2313 616 illius
2344 571 2523 616 teme.
2553 562 2695 616 Dixit
2722 572 2903 618 autem
2938 562 3054 620 sic':
3097 583 3114 617 ρ
3145 564 3394 620 Nondum
3422 584 3553 622 com

300 651 619 721 πλήρωνται
663 650 723 703 αἱ
768 649 1047 721 ἁμαρτίαι
1081 650 1191 704 τῶν
1245 651 1593 724 Ἀμορραίων
1641 654 1746 717 ἕως
1789 652 1885 707 τοῦ

293 743 403 798 νῦν.
445 762 465 794 ι
530 742 784 808 Οὐδέπω,
828 744 1023 813 φησὶν,
1074 743 1201 810 ἄξια
1231 744 1608 815 πανωλεθρίας
1668 744 1886 817 πεπρά-

289 852 446 906 χασιν
475 850 490 862 υ
529 835 594 887 οὐ
636 834 744 905 χρὴ
777 835 837 888 δὲ
869 835 977 905 πρὸ
1007 838 1107 905 τῆς
1127 834 1400 906 ἁμαρτίας
1433 837 1496 889 ἐκ
1523 835 1886 906 προγνώσεως

286 925 657 997 ἐπενεχθῆναι
723 926 823 997 τὴν
870 925 1168 997 τιμωρίαν.
1238 926 1363 979 ’Ότι
1413 925 1472 979 δὲ
1528 927 1777 998 ὑπῆρχον
1804 927 1880 997 (5)

284 1022 406 1077 κατ’
438 1024 661 1076 ἐκεῖνον
686 1022 784 1077 τὸν
812 1023 1010 1094 καιρὸν
1035 1020 1301 1086 εὐσεϐεῖς,
1340 1022 1503 1093 δῆλον
1531 1023 1595 1076 ὲκ
1621 1022 1717 1075 τοῦ
1742 1020 1886 1077 Μελ-

281 1115 534 1185 χισεδὲκ,
566 1112 794 1168 καὶτοῦ
851 1112 1167 1185 Ἀϐιμέλεχ,
1217 1117 1313 1167 καὶ
1356 1114 1466 1168 τῶν
1513 1114 1614 1185 τὴν
1656 1111 1885 1187 Χεϐρὼν

285 1207 609 1261 οἰκούντων.
645 1207 760 1260 Καὶ
786 1205 898 1278 γὰρ
930 1207 1135 1260 ἐκεῖνοι
1163 1205 1367 1278 πολλῆς
1412 1206 1504 1260 τὸν
1536 1207 1884 1278 πατριάρχην

287 1299 593 1370 θεραπείας
634 1298 900 1368 ἠξίωσαν·
923 1298 1019 1351 καὶ
1048 1298 1194 1352 ἔστιν
1231 1299 1469 1352 ἀκοῦσαι
1503 1297 1684 1350 αὐτῶν
1715 1297 1883 1369 βοών-

287 1407 422 1443 τωνο
458 1410 478 1441 ι
519 1388 799 1451 Βασιλεὺς
828 1383 881 1442 εί
902 1391 969 1442 σὺ
1001 1389 1153 1460 παρὰ
1178 1388 1314 1441 Θεοῦ
1354 1389 1412 1440 ὲν
1448 1390 1599 1459 ἡμῖν.
1652 1390 1743 1442 Ἐν
1771 1390 1883 1454 τοῖς

285 1484 565 1545 ἐκλεκτοῖς
601 1481 901 1553 μνημείοις
932 1484 966 1551 ἠ
978 1480 1094 1551 μῶν
1127 1479 1296 1550 θάψον
1326 1481 1417 1534 τὸν
1464 1480 1661 1552 νεκρόν
1690 1497 1808 1534 σου.
1849 1498 1869 1532 ι

901 1619 1101 1673 spor.
1141 1617 1276 1686 sq".

276 1758 444 1811 Διατί
484 1755 558 1810 δὲ
600 1755 866 1823 τυθῆναι
901 1753 1239 1822 προσέταξε
1278 1753 1540 1823 δάμαλιν
1567 1752 1883 1823 τριετίζου-

380 1844 529 1891 σαν,
560 1826 665 1880 καὶ
706 1822 882 1893 κριὸν
920 1824 1297 1892 τριετίζοντα,
1351 1825 1450 1878 καὶ
1490 1823 1565 1877 τὰ
1590 1822 1774 1891 ἐεῆς;

1995 651 2153 721 pletze
2174 663 2299 706 sunt
2323 653 2638 723 iniquitates
2656 653 3099 708 Amorrhaeorum
3119 670 3293 724 usque
3315 671 3461 712 nunc
3477 667 3521 711 ³.
3551 679 3566 709 ι

1998 741 2273 806 Nondum,
2307 745 2504 814 inquit,
2556 747 2833 799 eomnnmi
2876 747 3046 800 exitio
3092 748 3255 817 digna
3291 760 3569 820 perpetrat-

1995 845 2143 891 runt.
2205 836 2321 891 Non
2371 838 2523 891 decet
2578 849 2757 891 autem
2818 848 2941 893 ante
2983 850 3265 908 peccatum
3308 858 3371 894 ex
3434 858 3566 908 prae-

1994 926 2225 980 scieutia
2254 942 2473 996 ptenam
2508 927 2770 998 inﬂigere.
2798 928 2952 994 Quod
2984 940 3167 984 autem
3193 932 3297 986 illis
3318 935 3563 1000 tempori-

1996 1015 2100 1069 bus
2129 1027 2316 1072 essent
2340 1018 2440 1071 viri
2477 1019 2569 1087 pii,
2595 1030 2811 1075 constat
2842 1036 2908 1074 ex
2943 1022 3341 1078 Melehisedeco
3363 1031 3418 1077 et
3448 1024 3551 1080 Abi

1994 1105 2265 1170 melecho,
2305 1115 2361 1161 et
2407 1108 2512 1169 his,
2565 1110 2657 1178 qui
2700 1110 3014 1165 incolebant
3063 1121 3261 1165 terram
3291 1115 3569 1170 Chebron.

1991 1195 2074 1249 illi
2132 1198 2279 1252 enim
2335 1199 2704 1268 patriarcham
2754 1215 3083 1270 magnOpere
3126 1205 3366 1256 venerati
3419 1215 3567 1259 sunt.

1991 1288 2306 1346 Audiuntur
2361 1293 2545 1361 itaque
2602 1295 2921 1359 clamantes,
2977 1314 2996 1347 ι
3037 1291 3148 1348 Rex
3180 1311 3239 1349 es
3292 1306 3346 1350 tu
3389 1314 3417 1351 a
3462 1298 3571 1354 Deo

1993 1383 2134 1452 apud
2161 1399 2283 1438 nos.
2313 1382 2366 1438 In
2410 1385 2519 1455 79
2551 1385 2737 1447 electis
2769 1388 3139 1450 monumentis
3168 1391 3370 1445 nostris
3396 1391 3564 1460 sepeli

1993 1485 2271 1532 mortuum
2304 1486 2456 1532 tuum
2494 1480 2538 1532 ί.
2581 1496 2600 1528 ι

2532 1614 2811 1671 lNTEl’tR.
2852 1616 3038 1675 LXVI.

1991 1744 2167 1812 Quare
2203 1749 2339 1801 Deus
2370 1751 2641 1819 praecepit,
2683 1752 2987 1821 sacriﬁcari
3015 1753 3116 1806 sibi
3150 1769 3363 1808 vaccam
3406 1754 3572 1809 trien-

2215 1834 2332 1872 nem
2363 1830 2413 1873 et
2437 1823 2644 1875 [nedum
2690 1824 2992 1879 triennem?
3033 1833 3088 1879 et
3114 1825 3341 1892 reliqua.

342 1940 669 2009 Αἰνίγματα
700 1937 880 1991 ταῦτα
909 1934 978 2009 ἦν
1003 1937 1113 1990 τῶν
1135 1936 1212 2008 τῷ
1238 1935 1387 2006 γένει
1417 1935 1876 2007 συμϐησομένων.

2056 1928 2181 1985 Ηαιο
2212 1940 2367 1985 erant
2405 1931 2626 1988 illorum
2655 1934 2965 2006 aenigmata,
3000 1951 3118 2007 qua:
3149 1935 3384 2005 posteris
3414 1948 3571 1992 erant

274 2030 574 2100 Τοιγάρτοι
634 2028 783 2100 μετὰ
812 2029 915 2091 τὰς
970 2026 1166 2089 Θυσίας
1222 2027 1496 2101 ἐπήγαγε·
1532 2046 1551 2080 ι
1587 2025 1881 2081 Γινώσκων

277 2119 459 2191 γνώσῃ
491 2121 541 2153 ⁸⁸
569 2121 658 2173 ὅτι
713 2120 983 2190 πάροικον
1030 2117 1185 2172 ἔσται
1223 2118 1285 2172 τὸ
1318 2119 1541 2190 σπέρμα
1595 2135 1690 2172 σου
1718 2119 1776 2171 ὲν
1806 2119 1878 2189 γῇ

279 2212 373 2265 οὐκ
412 2211 546 2283 ἰδίᾳ.
588 2229 609 2262 ι
669 2210 788 2264 Καὶ
843 2211 1195 2283 προσέθηκε·
1257 2230 1277 2264 ι
1324 2212 1573 2284 Τετάρτῃ
1622 2211 1680 2266 δὲ
1717 2211 1882 2281 γενεᾷ

277 2303 809 2373 ἀποστραφήσονται
836 2296 963 2357 ὧδε.
992 2322 1011 2356 ›
1038 2304 1138 2359 Διὰ
1156 2305 1315 2358 τοῦτο
1338 2305 1463 2377 τρία
1489 2304 1598 2358 τῶν
1624 2304 1882 2375 καθαρῶν

273 2395 652 2466 τετραπόδων,
684 2395 785 2448 καὶ
822 2395 1058 2449 ἕκαστον
1100 2399 1314 2467 τριετὲς
1341 2396 1416 2468 (6)
1439 2397 1670 2468 τυθῆναι
1707 2412 1882 2468 προσ-

270 2487 455 2552 έταξε,
481 2487 598 2540 τῶν
623 2486 799 2558 τριῶν
834 2487 1042 2557 γενεῶν
1072 2491 1155 2552 εἰς
1191 2488 1445 2562 δήλωσιν,
1487 2488 1547 2541 αἳ
1578 2487 1880 2560 παροικοῦ-

274 2597 365 2632 σαι
400 2580 815 2633 διατελέσουσιν
837 2597 855 2611 ο
883 2582 918 2653 ἡ
948 2581 1006 2635 δὲ
1032 2580 1254 2652 τρυγὼν
1291 2581 1391 2653 τὴν
1427 2580 1621 2650 γενεὰν
1665 2581 1882 2654 ἐκείνην

274 2671 526 2742 ἐνέφηνε,
556 2672 661 2741 τὴν
694 2671 866 2725 οἱονεὶ
908 2670 1238 2724 ἀποπτᾶσαν
1286 2673 1385 2742 μὲν
1412 2672 1506 2725 καὶ¹
1558 2670 1882 2735 ἐξελθοῦσαν

282 2762 344 2827 ἐξ
399 2763 705 2830 Αἰγύπτου,
755 2765 815 2816 ὲν
864 2762 922 2816 δὲ
971 2765 1040 2833 τῇ
1079 2764 1273 2834 ἐρήμῳ
1332 2763 1874 2835 κατασκηνώσασαν·

293 2854 599 2924 εριλέρημον
634 2858 740 2925 γὰρ
767 2857 889 2910 τόδε
923 2857 988 2911 τὸ
1029 2857 1235 2930 ὄρνεον.
1289 2856 1353 2909 Ἡ
1375 2856 1434 2910 δὲ
1457 2857 1757 2928 περιστερᾶ
1781 2857 1881 2927 τὴν

302 2943 476 3013 ἄλλην
516 2948 707 3011 γενεὰν
737 2948 1071 3019 παρεδήλου,
1097 2949 1130 3017 ἢ
1158 2948 1258 3018 τὴν
1303 2947 1724 3018 ἐπηγγελμένην
1773 2948 1881 3001 ἀπε-

306 3036 589 3107 ελάμϐανε
606 3039 731 3106 τῆν’
759 3042 978 3111 ἥμερον
1000 3040 1114 3110 γὰρ
1132 3039 1192 3093 τὸ
1217 3039 1377 3104 ζῶον,
1408 3039 1505 3092 καὶ
1536 3041 1654 3102 ταῖς
1684 3039 1880 3102 οἰκίαις

292 3130 717 3201 ἐμφιλοχωροῦν.
748 3135 852 3187 Διά
898 3150 984 3186 τοι
1010 3131 1195 3195 τοῦτο,
1242 3130 1309 3183 τὰ
1340 3130 1441 3200 μὲν
1464 3130 1525 3182 οὐ
1553 3130 1773 3194 διεῖλεν,
1803 3128 1879 3193 ὼς

284 3222 383 3294 τήν
411 3223 509 3291 τῆς
541 3222 795 3287 δουλείας
823 3222 1158 3292 ἀπαλλαγὴν
1191 3221 1563 3291 αίνιττόμενα.
1590 3220 1674 3274 Τὰ
1699 3221 1757 3274 δὲ
1788 3222 1880 3272 τιε-

1988 2022 2313 2078 obventura.
2350 2022 2630 2095 Siquidem
2666 2029 2939 2083 sacriﬁcio
2969 2037 3214 2099 peracto,
3241 2029 3521 2098 subiunxit
3550 2048 3564 2085 :

1991 2133 2009 2165 ι
2039 2113 2387 2185 Cognoscens
2409 2131 2731 2188 cognosces,
2763 2120 2909 2190 quod
2935 2137 3119 2175 semen
3152 2130 3302 2176 tuum
3328 2122 3569 2193 peregri-

1983 2218 2112 2257 num
2138 2204 2242 2259 erit
2272 2206 2326 2259 in
2350 2215 2493 2263 terra
2536 2224 2646 2263 non
2676 2224 2795 2264 sua.
2868 2230 2888 2262 ι
2920 2210 2987 2265 Et
3011 2211 3217 2268 addidit
3248 2230 3262 2267 :
3306 2232 3327 2265 ι
3358 2212 3566 2280 Quanta

1982 2307 2113 2349 vero
2133 2297 2483 2365 generatione
2509 2309 2855 2356 revertentur
2890 2303 2996 2358 huc
3029 2308 3080 2357 ιι.
3114 2321 3133 2355 ›
3169 2304 3458 2373 Propterea
3498 2319 3566 2360 ex

1982 2389 2424 2459 quadrupedibus
2470 2392 2690 2448 mundis
2740 2394 2873 2459 tria,
2925 2403 2980 2449 et
3018 2398 3451 2466 unumquodque
3474 2410 3567 2451 eo-

1982 2495 2102 2534 rum]
2158 2482 2379 2537 trimum
2417 2484 2712 2540 sacrilicari
2743 2488 3017 2557 praecepit,
3069 2488 3136 2545 ad
3181 2488 3566 2560 signiﬁcandas

1980 2582 2097 2626 tres
2135 2576 2552 2644 generationes,
2622 2594 2746 2648 qua;
2795 2579 2849 2634 in
2902 2580 3144 2636 incolatu
3193 2596 3566 2651 permansurae

1983 2678 2158 2722 erant.
2193 2667 2399 2750 Turtur
2421 2679 2603 2725 autem
2630 2674 3039 2739 generationem
3069 2675 3219 2728 illam
3247 2675 3563 2742 denotabat,

1981 2773 2104 2828 qua:
2135 2774 2200 2813 ex
2234 2758 2471 2831 IEgypw
2501 2778 2722 2832 egressa
2752 2764 2900 2819 velut
2952 2766 3211 2833 avolavit,
3260 2775 3314 2821 et
3345 2768 3565 2822 habita-

1981 2849 2058 2902 vit
2088 2850 2140 2902 in
2179 2850 2416 2905 deserto.
2452 2851 2781 2921 Huiusmodi
2813 2854 2963 2909 enim
2989 2856 3107 2911 avis
3135 2865 3217 2913 est
3240 2872 3432 2911 amans
3465 2857 3563 2911 de-

1982 2938 2133 2994 serti.
2156 2939 2414 2995 Columba
2435 2951 2612 2995 autem
2643 2944 3047 3012 generationem
3085 2947 3248 3002 aliam
3280 2949 3558 3016 inuuebat,

1980 3046 2102 3100 qua
2130 3040 2328 3086 terram
2370 3035 2697 3103 promissam
2743 3038 2979 3107 accepit;
3021 3037 3367 3096 Mansuetum
3415 3044 3560 3098 enim

1980 3137 2064 3182 est
2097 3127 2197 3182 hoc
2227 3127 2431 3183 animal
2458 3136 2512 3183 et
2536 3130 2921 3185 domesticum.
2977 3130 3153 3198 Quam
3201 3134 3273 3190 ob
3310 3149 3561 3201 causam,

1984 3218 2101 3274 haec
2125 3213 2599 3289 quidem'minime
2637 3221 2845 3289 divisit,
2871 3233 2934 3278 ut
2977 3223 3347 3281 liberationem
3378 3242 3408 3281 a
3445 3243 3563 3282 ser-

280 3315 523 3388 τραποδα
568 3316 798 3381 διεῖλεν,
852 3317 981 3369 ἐπεὶ
1020 3317 1124 3386 τὴν
1165 3317 1224 3369 ἐν
1269 3313 1535 3384 Αἰγύπτῳ
1578 3313 1880 3383 κακουχίαν

1984 3313 2154 3366 vitute
2168 3311 2551 3383 signiﬁcantia.
2578 3311 2971 3383 Quadrupedes
2993 3324 3174 3369 autem
3204 3318 3434 3385 partitus
3454 3327 3558 3382 est,

276 3409 560 3477 ἐσήμαινε.
596 3408 684 3461 Τὰ
723 3408 787 3462 δέ
824 3425 892 3476 γε
917 3408 1270 3476 ἐφιπτάμενα
1307 3407 1415 3469 τοῖς
1443 3405 1879 3476 διχοτομήμασιν

272 3499 452 3571 ὄρνεα,
482 3500 637 3571 ἅπερ
657 3503 689 3553 ὁ
729 3500 1095 3569 πατριάρχης
1116 3499 1183 3551 ἐκ
1205 3497 1315 3550 τῶν
1343 3496 1563 3563 ἱερείων
1595 3496 1875 3567 ἐξήλαυνε,

272 3593 369 3660 τὴν
397 3592 638 3662 φονικὴν
678 3591 795 3643 τῶν
836 3588 1160 3655 Αἰγυπτίων
1194 3588 1559 3660 προῃνίττετο
1608 3585 1837 3657 γνώμην
1860 3603 1874 3617 ⁸

268 3681 334 3751 ἣν
352 3681 650 3750 ἄπρακτον
690 3681 984 3750 ἀπέφηνεν
1016 3679 1349 3749 ὁΔεσπότης
1394 3677 1547 3743 Θεὸς,
1596 3677 1694 3740 τὰς
1742 3675 1880 3747 πρὸς

266 3774 360 3824 τὸν
402 3772 674 3844 Ἀϐραὰμ
707 3770 968 3842 ἐμπεδῶν
989 3769 1315 3839 ὑποσχέσεις
1331 3787 1343 3798 ·
1372 3767 1564 3838 ὥσπερ
1584 3767 1694 3838 γὰρ
1709 3767 1770 3820 ἐν
1801 3765 1878 3838 τῷ

269 3863 426 3933 τύπῳ
454 3866 589 3927 τοὺς
636 3861 1020 3933 σαρκοϐόρους
1057 3860 1238 3931 ὄρνεις
1266 3856 1564 3931 ἒξήλαυνεν
1599 3857 1899 3929 Ἀϐραὰμγ

264 3956 439 4018 οὕτως
464 3957 501 4026 ἠ
534 3953 678 4024 τιμὴ
713 3952 813 4006 τοῦ
838 3953 1095 4023 Ἀϐραὰμ
1118 3953 1245 4014 τοὺς
1275 3952 1611 4021 Αἰγυπτίους
1627 3952 1875 4005 ἐκόλασε.

266 4047 339 4099 τὸ
369 4047 429 4099 δὲ
450 4046 591 4117 περὶ
622 4045 784 4116 ἡλίου
819 4044 1034 4115 δυσμὰς
1065 4042 1304 4113 ὀφθῆναι
1334 4043 1428 4098 τὸν
1474 4042 1880 4113 καπνιζόμενον

276 4140 558 4202 κλίϐανον,
591 4139 690 4193 καὶ
721 4138 822 4201 τὰς
862 4136 956 4189 τοῦ
1008 4138 1183 4209 πυρὸς
1205 4136 1520 4207 λαμπάδας,
1551 4135 1744 4209 ἐδήλου
1779 4136 1878 4207 μὲν

281 4232 365 4282 καὶ
397 4230 462 4283 τὸ
496 4229 771 4298 δεχθῆναι
800 4228 872 4281 τὰ
894 4226 1117 4297 θύματα
1134 4244 1149 4259 ·
1175 4226 1552 4297 προεσήμαινε
1578 4225 1637 4278 δὲ
1663 4226 1758 4278 καὶ
1779 4224 1879 4296 τὴν

284 4323 419 4389 παρὰ
461 4322 526 4374 re
571 4320 733 4381 τέλος
775 4319 872 4372 τοῦ
906 4317 1318 4389 προρρηθέντος
1369 4317 1565 4387 χρόνου
1606 4318 1878 4386 ἐσομένην

285 4412 605 4479 ἱπιξάνειαν
638 4411 737 4465 τοῦ
768 4410 878 4464 τῶν
905 4412 1042 4465 ὅλων
1070 4408 1232 4464 Θεοῦ.
1256 4409 1563 4481 Διὰλπυλρὸς
1606 4408 1718 4481 γὰρ
1739 4407 1876 4478 ἐφά-

286 4522 341 4572 νη
367 4504 410 4536 ⁸⁸
436 4507 536 4558 καὶ
570 4505 753 4573 Μωσῇ
802 4500 884 4572 τῷ
919 4502 1208 4574 νομοθέτῃ,
1243 4502 1336 4555 καὶ
1362 4500 1692 4571 μετὰταῦτα
1710 4501 1879 4554 παντὶ

286 4594 353 4661 τῷ
378 4595 512 4665 λαῷ.
570 4592 861 4646 Ἐδίδασκε
912 4592 970 4644 δὲ
1018 4592 1157 4663 πρὸς
1198 4590 1433 4655 τούτοις,
1465 4590 1560 4643 καὶ
1587 4590 1668 4643 ὅτι
1696 4586 1873 4642 ταῦτα

288 4682 502 4757 ὕστερον
554 4684 925 4754 νομοθετήσει
958 4683 1027 4738 τὰ
1064 4682 1182 4746 ζῶα
1212 4681 1647 4752 προσφέρεσθαι.
1710 4681 1867 4744 Τινὲς

286 4773 336 4826 δέ
363 4792 549 4842 φασιν,
583 4777 673 4828 ὃτι
722 4771 954 4843 βεϐαίαν
984 4775 1031 4806 ⁸⁸
1074 4773 1243 4839 δεῖξαι
1297 4772 1627 4842 βουλόμενος
1664 4773 1692 4825 ὁ
1741 4771 1877 4835 Θεὸς

287 4862 372 4931 τὴν
403 4864 734 4934 ὑπόσχεσιν,
776 4864 923 4916 κατὰ
945 4862 1010 4916 τὸ
1038 4863 1277 4935 κρατοῦν
1309 4862 1430 4924 ἔθος
1455 4863 1754 4934 ἐποιήσατο
1771 4861 1870 4926 τὰς

292 4955 574 5024 συνθήκας.
638 4953 884 5007 Εἰώθασι
922 4954 1057 5026 γὰρ,
1087 4953 1163 5017 ὥς
1215 4971 1369 5024 φασι,
1430 4955 1552 5025 διχῆ
1588 4954 1658 5007 τὰ
1706 4957 1876 5026 ἱερεῖα

289 5044 647 5115 διαιροῦντες,
679 5044 827 5100 οὕτω
881 5046 1150 5100 ποιεῖσθαι
1187 5047 1314 5110 τοὺς
1356 5047 1576 5119 ὅρκους.
1618 5047 1762 5115 Ἐγὼ
1818 5046 1876 5100 δὲ

342 5233 364 5262 ⁸
392 5225 534 5281 Gen.
585 5240 680 5291 xv,
730 5223 818 5280 l6.
906 5227 924 5262 ⁸
961 5224 1100 5280 Gen.
1150 5242 1307 5291 xxm,
1346 5228 1400 5280 (ἱ.
1478 5233 1508 5263 τι
1534 5226 1670 5282 Gen.
1710 5244 1800 5292 xv,
1833 5228 1921 5284 15.

1946 3408 2044 3459 'eo
2071 3404 2217 3473 quod
2246 3404 2553 3460 indicarent
2586 3420 2750 3475 quam
2814 3408 2956 3461 male
2998 3408 3265 3463 tractandi
3314 3419 3471 3464 erant
3506 3413 3557 3464 in

1983 3494 2243 3567 Egypto.
2298 3496 2443 3552 Aves
2473 3506 2654 3552 autem
2701 3498 2827 3566 illae,
2883 3515 3006 3569 qua:
3063 3515 3227 3570 supra
3280 3503 3561 3572 portiones

1981 3587 2185 3643 divisas
2222 3586 2541 3653 volitabant,
2571 3604 2709 3659 quas
2738 3591 2960 3660 quidem
2989 3593 3305 3663 patriarcha
3330 3609 3361 3649 a
3394 3594 3562 3650 sacri-

1984 3678 2123 3733 ﬁciis
2154 3678 2429 3749 abigebat,
2480 3681 2805 3736 sententiam
2852 3682 3232 3755 Egyptiorum
3289 3686 3562 3760 signiﬁca-

1982 3769 2134 3834 bant,
2162 3785 2268 3840 qua
2303 3785 2494 3825 omnes
2513 3774 2721 3827 caedere
2738 3774 3092 3829 decreverant
3126 3792 3142 3830 :
3173 3792 3337 3847 quam
3381 3764 3580 3833 tamen’

1982 3862 2192 3915 irritant
2212 3860 2477 3917 Dominus
2506 3862 2646 3918 Deus
2659 3864 2912 3932 reddidit,
2935 3865 3123 3921 volens
3140 3883 3204 3921 ea
3231 3869 3387 3923 ﬁrma
3419 3878 3566 3924 rata-

1980 3969 2089 4023 que
2115 3968 2258 4016 esse,
2316 3969 2439 4024 qua:
2466 3954 2783 4010 Abrahamo
2813 3957 3161 4027 promiserat.
3212 3959 3369 4015 Sicut
3414 3962 3561 4016 enim

1983 4043 2036 4096 in
2058 4042 2226 4112 ﬁgura
2254 4058 2381 4099 aves
2410 4044 2530 4098 illas
2552 4044 2894 4114 praedatrices
2924 4047 3516 4116 expellebatAbrabam
3542 4070 3558 4108 :

1982 4135 2061 4189 sic
2076 4134 2373 4188 Abrahami
2401 4136 2575 4190 honor
2613 4139 2872 4206 repressit
2893 4136 3358 4210 Egyptiosﬂuod
3376 4152 3558 4197 autem

1985 4228 2212 4290 dicitur,
2232 4228 2407 4282 visum
2429 4244 2551 4284 esse
2573 4230 2718 4284 circa
2747 4231 2878 4285 solis
2900 4246 3154 4287 occasum
3171 4233 3450 4290 clibanum
3475 4233 3560 4289 fu-

1985 4326 2250 4379 mantem,
2287 4325 2341 4371 et
2370 4317 2650 4388 lampades
2694 4319 2857 4390 ignis,
2900 4322 3263 4389 signiﬁcabat,
3310 4336 3561 4396 suscepta

1981 4421 2103 4461 esse
2152 4405 2471 4464 sacriﬁcia:
2510 4408 2706 4479 “et
2761 4420 3053 4481 praeterea,
3099 4413 3271 4470 Deum
3315 4419 3559 4474 omnium

1981 4493 2099 4551 fore
2165 4499 2526 4567 conspicuum
2566 4502 2735 4581 _circa
2773 4504 2934 4557 tinem
2982 4504 3225 4573 praedicti
3276 4511 3558 4579 temporis.

1981 4584 2117 4642 Nam
2148 4588 2203 4643 in
2237 4590 2362 4661 igne
2401 4592 2555 4647 visus
2579 4604 2663 4648 est
2690 4593 2824 4650 Mosi
2857 4596 3179 4665 legislatori,
3212 4598 3409 4656 deinde
3435 4603 3562 4656 uni-

1984 4695 2145 4736 verso
2174 4683 2396 4752 populo.
2420 4682 2661 4740 Docebat
2685 4689 2872 4753 etiam,
2905 4689 3050 4759 quod
3081 4690 3310 4760 posthac
3344 4695 3561 4750 anima-

1982 4772 2055 4827 lia
2088 4773 2404 4843 bujusmodi
2441 4791 2538 4846 per
2569 4778 2744 4848 legem
2796 4790 2958 4834 erant
2991 4781 3287 4838 oﬁerenda.
3326 4785 3397 4838 At
3435 4785 3562 4854 qui-

1976 4865 2102 4919 dam
2135 4865 2336 4932 lerunt,
2384 4868 2527 4936 quod
2572 4869 2713 4925 Deus
2742 4871 2934 4928 volens
2989 4873 3389 4939 demonstrare,
3430 4891 3562 4946 pro-

1982 4957 2301 5013 missionem
2349 4974 2506 5016 suam
2550 4961 2764 5018 ﬁrmam
2799 4979 2943 5030 esse,
2989 4966 3055 5021 de
3095 4981 3267 5037 more,
3296 4968 3390 5037 qui
3442 4977 3556 5023 tum

1981 5050 2295 5117 obtinebat,
2342 5054 2622 5122 pactiones
2666 5057 2907 5112 iniverit.
2960 5059 3221 5115 Solebant
3255 5061 3403 5116 enim
3431 5101 3446 5127 ,
3501 5072 3558 5116 ut

1185 5385 1422 5443 VARUE
1455 5387 1840 5446 LECTIONES
1872 5388 1963 5446 ΕΧ
2004 5390 2277 5449 CATENA
2308 5390 2663 5446 LlPSlEN-Sl.

353 5528 395 5558 ⁸³
425 5529 549 5583 Cat.
584 5542 645 5596 ι).
676 5523 808 5579 206.
837 5521 1125 5591 γινώσκων
1155 5520 1379 5591 γνώσει.
1461 5522 1511 5555 ⁸⁵
1543 5523 1660 5579 Cat.
1688 5539 1740 5594 ι).
1766 5524 1872 5580 206

1984 5526 2200 5593 ιεφάνη.

2279 5528 2324 5558 ⁸⁸
2358 5528 2612 5598 βεϐαίως.

1800 5686 2011 5744 NOT/E
2024 5732 2037 5747 .

356 5817 426 5894 ιδ’)
450 5816 583 5885 Cod.
618 5839 674 5883 et
708 5830 827 5882 Plc.
852 5824 1013 5897 ,εἶχον

355 5905 426 5966 με)
467 5901 722 5968 Τριετές.
748 5895 888 5953 Cod.
911 5895 1145 5969 τραπείς.
1173 5896 1256 5953 Ex
1277 5912 1490 5969 errore,
1532 5908 1596 5956 ut
1636 5899 1871 5968 videtur,

1984 5834 2213 5916 librarii.
2253 5835 2405 5908 Apud
2450 5835 2637 5892 Picum
2672 5834 2880 5890 nullum
2929 5832 3089 5903 huius
3140 5845 3289 5887 vocis
3334 5842 3417 5887 est
3453 5842 3543 5883 vc-

1984 5917 2222 5973 stlgtum.
