  <div class='ocr_page' id='page_1' title='image "/cluster/home/n/w/nwhite01/storage/ocr_20150623/80:no.1/coo.31924054869817/099.png"; bbox 0 0 4032 6420; ppageno 0'>
   <div class='ocr_carea' id='block_1_1' title="bbox 448 276 550 349">
    <p class='ocr_par' dir='ltr' id='par_1_1' title="bbox 448 276 550 349">
     <span class='ocr_line' id='line_1_1' title="bbox 448 276 550 349; baseline -0.069 0"><span class='ocrx_word' id='word_1_1' title='bbox 448 276 550 349; x_wconf 83' lang='grc'><strong>183</strong></span> 
     </span>
    </p>
   </div>
   <div class='ocr_carea' id='block_1_2' title="bbox 1444 288 2760 362">
    <p class='ocr_par' dir='ltr' id='par_1_2' title="bbox 1444 288 2760 362">
     <span class='ocr_line' id='line_1_2' title="bbox 1444 288 2760 362; baseline 0.01 -13"><span class='ocrx_word' id='word_1_2' title='bbox 1444 288 1938 352; x_wconf 82' lang='lat' dir='ltr'><strong>THEODORETI</strong></span> <span class='ocrx_word' id='word_1_3' title='bbox 1973 292 2319 356; x_wconf 83' lang='lat' dir='ltr'><strong>EPISCOPI</strong></span> <span class='ocrx_word' id='word_1_4' title='bbox 2388 299 2760 362; x_wconf 81' lang='lat' dir='ltr'><strong>CYRENSIS</strong></span> 
     </span>
    </p>
   </div>
   <div class='ocr_carea' id='block_1_3' title="bbox 3616 306 3718 376">
    <p class='ocr_par' dir='ltr' id='par_1_3' title="bbox 3616 306 3718 376">
     <span class='ocr_line' id='line_1_3' title="bbox 3616 306 3718 376; baseline 0.039 -4"><span class='ocrx_word' id='word_1_5' title='bbox 3616 306 3718 376; x_wconf 66' lang='lat'><strong>134</strong></span> 
     </span>
    </p>
   </div>
   <div class='ocr_carea' id='block_1_4' title="bbox 440 389 2013 489">
    <p class='ocr_par' dir='ltr' id='par_1_4' title="bbox 440 389 2013 460">
     <span class='ocr_line' id='line_1_4' title="bbox 440 389 2013 460; baseline 0.005 -11"><span class='ocrx_word' id='word_1_6' title='bbox 440 389 589 449; x_wconf 67' lang='lat' dir='ltr'><strong>enim</strong></span> <span class='ocrx_word' id='word_1_7' title='bbox 619 398 782 460; x_wconf 82' lang='lat' dir='ltr'><strong>typus</strong></span> <span class='ocrx_word' id='word_1_8' title='bbox 813 399 932 447; x_wconf 85' lang='lat' dir='ltr'><strong>erat</strong></span> <span class='ocrx_word' id='word_1_9' title='bbox 965 391 1293 459; x_wconf 82' lang='lat' dir='ltr'><strong>divinitatis,</strong></span> <span class='ocrx_word' id='word_1_10' title='bbox 1323 395 1468 451; x_wconf 85' lang='lat' dir='ltr'><strong>aries</strong></span> <span class='ocrx_word' id='word_1_11' title='bbox 1498 406 1680 453; x_wconf 84' lang='lat' dir='ltr'><strong>autem</strong></span> <span class='ocrx_word' id='word_1_12' title='bbox 1715 399 2013 456; x_wconf 87' lang='lat' dir='ltr'><strong>humanita-</strong></span> 
     </span>
    </p>
   </div>
   <div class='ocr_carea' id='block_1_5' title="bbox 2119 389 3719 489">
    <p class='ocr_par' dir='ltr' id='par_1_5' title="bbox 2128 404 3719 489">
     <span class='ocr_line' id='line_1_5' title="bbox 2128 404 3719 489; baseline 0.01 -33"><span class='ocrx_word' id='word_1_13' title='bbox 2128 420 2252 473; x_wconf 90' lang='grc' dir='ltr'><strong>νοχε</strong></span> <span class='ocrx_word' id='word_1_14' title='bbox 2307 404 2440 477; x_wconf 77' lang='grc'>(26).</span> <span class='ocrx_word' id='word_1_15' title='bbox 2496 408 2681 473; x_wconf 89' lang='grc' dir='ltr'><strong>Τύπος</strong></span> <span class='ocrx_word' id='word_1_16' title='bbox 2726 408 2839 481; x_wconf 78' lang='grc' dir='ltr'><strong>γὰρ</strong></span> <span class='ocrx_word' id='word_1_17' title='bbox 2902 408 3016 482; x_wconf 75' lang='grc'>(27)</span> <span class='ocrx_word' id='word_1_18' title='bbox 3070 411 3170 483; x_wconf 87' lang='grc' dir='ltr'><strong>τῆς</strong></span> <span class='ocrx_word' id='word_1_19' title='bbox 3222 413 3323 484; x_wconf 76' lang='grc' dir='ltr'><strong>μὶν</strong></span> <span class='ocrx_word' id='word_1_20' title='bbox 3371 413 3627 489; x_wconf 79' lang='grc' dir='ltr'><strong>θεότητος</strong></span> <span class='ocrx_word' id='word_1_21' title='bbox 3687 420 3719 472; x_wconf 86' lang='lat'><strong>6</strong></span> 
     </span>
    </p>
   </div>
   <div class='ocr_carea' id='block_1_6' title="bbox 443 475 2022 560">
    <p class='ocr_par' dir='ltr' id='par_1_6' title="bbox 443 475 2022 560">
     <span class='ocr_line' id='line_1_6' title="bbox 443 475 2022 560; baseline 0.01 -28"><span class='ocrx_word' id='word_1_22' title='bbox 443 475 944 550; x_wconf 71' lang='lat' dir='ltr'><strong>tis.86Tempus</strong></span> <span class='ocrx_word' id='word_1_23' title='bbox 971 489 1154 535; x_wconf 84' lang='lat' dir='ltr'><strong>autem</strong></span> <span class='ocrx_word' id='word_1_24' title='bbox 1200 482 1380 552; x_wconf 89' lang='lat' dir='ltr'><strong>ipsum</strong></span> <span class='ocrx_word' id='word_1_25' title='bbox 1438 487 1668 556; x_wconf 64' lang='lat' dir='ltr'><strong>aequale,</strong></span> <span class='ocrx_word' id='word_1_26' title='bbox 1724 489 1853 560; x_wconf 84' lang='lat' dir='ltr'><strong>quia</strong></span> <span class='ocrx_word' id='word_1_27' title='bbox 1912 500 2022 549; x_wconf 85' lang='lat' dir='ltr'><strong>tres</strong></span> 
     </span>
    </p>
   </div>
   <div class='ocr_carea' id='block_1_7' title="bbox 439 568 1434 632">
    <p class='ocr_par' dir='ltr' id='par_1_7' title="bbox 439 568 1434 632">
     <span class='ocr_line' id='line_1_7' title="bbox 439 568 1434 632; baseline 0.009 -10"><span class='ocrx_word' id='word_1_28' title='bbox 439 568 559 624; x_wconf 85' lang='lat' dir='ltr'><strong>dies</strong></span> <span class='ocrx_word' id='word_1_29' title='bbox 583 578 639 624; x_wconf 85' lang='lat' dir='ltr'><strong>et</strong></span> <span class='ocrx_word' id='word_1_30' title='bbox 664 578 776 626; x_wconf 87' lang='lat' dir='ltr'><strong>tres</strong></span> <span class='ocrx_word' id='word_1_31' title='bbox 801 581 994 628; x_wconf 87' lang='lat' dir='ltr'><strong>noctes</strong></span> <span class='ocrx_word' id='word_1_32' title='bbox 1021 581 1073 627; x_wconf 89' lang='lat' dir='ltr'><strong>et</strong></span> <span class='ocrx_word' id='word_1_33' title='bbox 1100 573 1188 628; x_wconf 92' lang='lat' dir='ltr'><strong>hic</strong></span> <span class='ocrx_word' id='word_1_34' title='bbox 1216 582 1273 630; x_wconf 87' lang='lat' dir='ltr'><strong>et</strong></span> <span class='ocrx_word' id='word_1_35' title='bbox 1305 574 1434 632; x_wconf 90' lang='lat' dir='ltr'><strong>illic.</strong></span> 
     </span>
    </p>
   </div>
   <div class='ocr_carea' id='block_1_8' title="bbox 953 770 1507 831">
    <p class='ocr_par' dir='ltr' id='par_1_8' title="bbox 953 770 1507 831">
     <span class='ocr_line' id='line_1_8' title="bbox 953 770 1507 831; baseline 0.009 -5"><span class='ocrx_word' id='word_1_36' title='bbox 953 770 1235 828; x_wconf 79' lang='lat' dir='ltr'><strong>INTERR.</strong></span> <span class='ocrx_word' id='word_1_37' title='bbox 1266 773 1507 831; x_wconf 81' lang='lat' dir='ltr'><strong>LXXIV.</strong></span> 
     </span>
    </p>
   </div>
   <div class='ocr_carea' id='block_1_9' title="bbox 2140 496 3720 578">
    <p class='ocr_par' dir='ltr' id='par_1_9' title="bbox 2140 496 3720 578">
     <span class='ocr_line' id='line_1_9' title="bbox 2140 496 3720 578; baseline 0.009 -29"><span class='ocrx_word' id='word_1_38' title='bbox 2140 496 2353 551; x_wconf 75' lang='grc' dir='ltr'><strong>ἰσαάκο</strong></span> <span class='ocrx_word' id='word_1_39' title='bbox 2409 499 2513 567; x_wconf 89' lang='grc' dir='ltr'><strong>τῆς</strong></span> <span class='ocrx_word' id='word_1_40' title='bbox 2561 499 2620 554; x_wconf 85' lang='grc' dir='ltr'><strong>δὲ</strong></span> <span class='ocrx_word' id='word_1_41' title='bbox 2667 501 3091 571; x_wconf 77' lang='grc' dir='ltr'><strong>ἀνθρωπὸτητος</strong></span> <span class='ocrx_word' id='word_1_42' title='bbox 3142 505 3374 578; x_wconf 82' lang='grc' dir='ltr'><strong>ὀκριὸς.</strong></span> <span class='ocrx_word' id='word_1_43' title='bbox 3407 507 3516 562; x_wconf 80' lang='grc' dir='ltr'><strong>Καὶ</strong></span> <span class='ocrx_word' id='word_1_44' title='bbox 3551 509 3720 575; x_wconf 72' lang='grc' dir='ltr'><strong>αὐτὸς</strong></span> 
     </span>
    </p>
   </div>
   <div class='ocr_carea' id='block_1_10' title="bbox 2125 586 3719 669">
    <p class='ocr_par' dir='ltr' id='par_1_10' title="bbox 2125 586 3719 669">
     <span class='ocr_line' id='line_1_10' title="bbox 2125 586 3719 669; baseline 0.009 -27"><span class='ocrx_word' id='word_1_45' title='bbox 2125 586 2182 642; x_wconf 84' lang='grc' dir='ltr'><strong>δὲ</strong></span> <span class='ocrx_word' id='word_1_46' title='bbox 2211 591 2239 643; x_wconf 97' lang='lat'><strong>6</strong></span> <span class='ocrx_word' id='word_1_47' title='bbox 2269 591 2463 662; x_wconf 85' lang='grc' dir='ltr'><strong>χρόνος</strong></span> <span class='ocrx_word' id='word_1_48' title='bbox 2488 594 2794 665; x_wconf 81' lang='grc' dir='ltr'><strong>ἰσάριθμος.</strong></span> <span class='ocrx_word' id='word_1_49' title='bbox 2829 597 2991 666; x_wconf 80' lang='grc' dir='ltr'>Τρεῖς</span> <span class='ocrx_word' id='word_1_50' title='bbox 3019 597 3131 668; x_wconf 77' lang='grc' dir='ltr'><strong>γὰρ</strong></span> <span class='ocrx_word' id='word_1_51' title='bbox 3164 598 3370 669; x_wconf 82' lang='grc' dir='ltr'><strong>ἡμέραι</strong></span> <span class='ocrx_word' id='word_1_52' title='bbox 3391 601 3489 654; x_wconf 75' lang='grc' dir='ltr'><strong>καὶ</strong></span> <span class='ocrx_word' id='word_1_53' title='bbox 3519 600 3719 667; x_wconf 80' lang='grc' dir='ltr'><strong>νύκτες</strong></span> 
     </span>
    </p>
   </div>
   <div class='ocr_carea' id='block_1_11' title="bbox 2124 684 3051 760">
    <p class='ocr_par' dir='ltr' id='par_1_11' title="bbox 2124 684 3051 760">
     <span class='ocr_line' id='line_1_11' title="bbox 2124 684 3051 760; baseline 0.011 -25"><span class='ocrx_word' id='word_1_54' title='bbox 2124 684 2295 753; x_wconf 85' lang='grc' dir='ltr'><strong>τρεῖς,</strong></span> <span class='ocrx_word' id='word_1_55' title='bbox 2327 684 2421 738; x_wconf 75' lang='grc' dir='ltr'><strong>καὶ</strong></span> <span class='ocrx_word' id='word_1_56' title='bbox 2453 686 2691 741; x_wconf 79' lang='grc' dir='ltr'><strong>ἐνταῦθα</strong></span> <span class='ocrx_word' id='word_1_57' title='bbox 2725 688 2887 741; x_wconf 81' lang='grc' dir='ltr'><strong>κάκεῖ</strong></span> <span class='ocrx_word' id='word_1_58' title='bbox 2915 688 3051 760; x_wconf 76' lang='grc'>(28).</span> 
     </span>
    </p>
   </div>
   <div class='ocr_carea' id='block_1_12' title="bbox 2724 798 3099 855">
    <p class='ocr_par' dir='ltr' id='par_1_12' title="bbox 2724 798 3099 855">
     <span class='ocr_line' id='line_1_12' title="bbox 2724 798 3099 855; baseline 0.008 -3"><span class='ocrx_word' id='word_1_59' title='bbox 2724 798 2924 855; x_wconf 83' lang='grc' dir='ltr'><strong>ΕΡΩΤ.</strong></span> <span class='ocrx_word' id='word_1_60' title='bbox 2980 802 3099 855; x_wconf 86' lang='grc' dir='ltr'>ΟΔ’.</span> 
     </span>
    </p>
   </div>
   <div class='ocr_carea' id='block_1_13' title="bbox 441 870 2013 991">
    <p class='ocr_par' dir='ltr' id='par_1_13' title="bbox 441 882 2013 991">
     <span class='ocr_line' id='line_1_13' title="bbox 441 882 2013 991; baseline 0.01 -55"><span class='ocrx_word' id='word_1_61' title='bbox 441 882 585 948; x_wconf 84' lang='lat' dir='ltr'><strong>Quid</strong></span> <span class='ocrx_word' id='word_1_62' title='bbox 612 883 708 937; x_wconf 84' lang='lat' dir='ltr'><strong>hoc</strong></span> <span class='ocrx_word' id='word_1_63' title='bbox 739 893 847 938; x_wconf 80' lang='lat' dir='ltr'><strong>est:</strong></span> <span class='ocrx_word' id='word_1_64' title='bbox 903 904 921 936; x_wconf 75' lang='grc' dir='ltr'><strong>ι</strong></span> <span class='ocrx_word' id='word_1_65' title='bbox 979 886 1125 942; x_wconf 82' lang='lat' dir='ltr'><strong>Pone</strong></span> <span class='ocrx_word' id='word_1_66' title='bbox 1180 901 1579 991; x_wconf 61' lang='lat' dir='ltr'><strong>manu’mluam</strong></span> <span class='ocrx_word' id='word_1_67' title='bbox 1638 910 1796 964; x_wconf 77' lang='lat' dir='ltr'><strong>super</strong></span> <span class='ocrx_word' id='word_1_68' title='bbox 1849 897 2013 965; x_wconf 73' lang='lat' dir='ltr'><strong>femur</strong></span> 
     </span>
     <span class='ocr_line' id='line_1_14' title="bbox 1063 971 1411 991; baseline 0 0"><span class='ocrx_word' id='word_1_69' title='bbox 1063 975 1233 991; x_wconf 64' lang='grc' dir='ltr'><strong>...ωη-</strong></span> <span class='ocrx_word' id='word_1_70' title='bbox 1267 971 1290 991; x_wconf 68' lang='grc' dir='ltr'><strong>ε</strong></span> <span class='ocrx_word' id='word_1_71' title='bbox 1394 979 1411 991; x_wconf 89' lang='grc'><strong>.</strong></span> 
     </span>
    </p>
   </div>
   <div class='ocr_carea' id='block_1_14' title="bbox 2119 870 3719 991">
    <p class='ocr_par' dir='ltr' id='par_1_14' title="bbox 2127 908 3719 991">
     <span class='ocr_line' id='line_1_15' title="bbox 2127 908 3719 991; baseline 0.008 -26"><span class='ocrx_word' id='word_1_72' title='bbox 2127 908 2189 965; x_wconf 82' lang='grc' dir='ltr'><strong>Τί</strong></span> <span class='ocrx_word' id='word_1_73' title='bbox 2219 908 2372 979; x_wconf 79' lang='grc' dir='ltr'><strong>ἐστι,</strong></span> <span class='ocrx_word' id='word_1_74' title='bbox 2426 930 2446 963; x_wconf 80' lang='grc' dir='ltr'><strong>ι</strong></span> <span class='ocrx_word' id='word_1_75' title='bbox 2497 913 2608 979; x_wconf 82' lang='grc' dir='ltr'><strong>Θὲς</strong></span> <span class='ocrx_word' id='word_1_76' title='bbox 2656 910 2773 981; x_wconf 79' lang='grc' dir='ltr'><strong>τὴν</strong></span> <span class='ocrx_word' id='word_1_77' title='bbox 2822 912 2993 982; x_wconf 84' lang='grc' dir='ltr'><strong>χεῖρά</strong></span> <span class='ocrx_word' id='word_1_78' title='bbox 3045 930 3163 970; x_wconf 85' lang='grc' dir='ltr'><strong>σου</strong></span> <span class='ocrx_word' id='word_1_79' title='bbox 3209 916 3308 970; x_wconf 73' lang='grc' dir='ltr'><strong>ἐπὶ</strong></span> <span class='ocrx_word' id='word_1_80' title='bbox 3371 917 3481 973; x_wconf 83' lang='grc' dir='ltr'><strong>τὸν</strong></span> <span class='ocrx_word' id='word_1_81' title='bbox 3517 921 3719 991; x_wconf 74' lang='grc' dir='ltr'><strong>μηρόν</strong></span> 
     </span>
    </p>
   </div>
   <div class='ocr_carea' id='block_1_15' title="bbox 1063 961 1411 1014">
    <p class='ocr_par' dir='ltr' id='par_1_15' title="bbox 1063 961 1411 1014">
     <span class='ocr_line' id='line_1_16' title="bbox 1063 961 1411 1014; baseline 0.003 -3"><span class='ocrx_word' id='word_1_82' title='bbox 1063 975 1236 1012; x_wconf 76' lang='lat' dir='ltr'><strong>meum</strong></span> <span class='ocrx_word' id='word_1_83' title='bbox 1267 971 1290 999; x_wconf 77' lang='grc' dir='ltr'><strong>ο</strong></span> <span class='ocrx_word' id='word_1_84' title='bbox 1335 961 1361 1014; x_wconf 85' lang='lat'><strong>.’</strong></span> <span class='ocrx_word' id='word_1_85' title='bbox 1392 979 1411 1012; x_wconf 73' lang='grc' dir='ltr'><strong>ι</strong></span> 
     </span>
    </p>
   </div>
   <div class='ocr_carea' id='block_1_16' title="bbox 505 1042 2017 1113">
    <p class='ocr_par' dir='ltr' id='par_1_16' title="bbox 505 1042 2017 1113">
     <span class='ocr_line' id='line_1_17' title="bbox 505 1042 2017 1113; baseline 0.011 -15"><span class='ocrx_word' id='word_1_86' title='bbox 505 1042 779 1101; x_wconf 86' lang='lat' dir='ltr'><strong>Connubii</strong></span> <span class='ocrx_word' id='word_1_87' title='bbox 831 1048 1195 1104; x_wconf 87' lang='lat' dir='ltr'><strong>contrahendi</strong></span> <span class='ocrx_word' id='word_1_88' title='bbox 1246 1065 1414 1108; x_wconf 89' lang='lat' dir='ltr'><strong>causa</strong></span> <span class='ocrx_word' id='word_1_89' title='bbox 1445 1054 1695 1111; x_wconf 82' lang='lat' dir='ltr'><strong>mittebat</strong></span> <span class='ocrx_word' id='word_1_90' title='bbox 1736 1072 2017 1113; x_wconf 87' lang='lat' dir='ltr'><strong>servorum</strong></span> 
     </span>
    </p>
   </div>
   <div class='ocr_carea' id='block_1_17' title="bbox 437 1134 2016 1212">
    <p class='ocr_par' dir='ltr' id='par_1_17' title="bbox 437 1134 2016 1212">
     <span class='ocr_line' id='line_1_18' title="bbox 437 1134 2016 1212; baseline 0.011 -25"><span class='ocrx_word' id='word_1_91' title='bbox 437 1134 773 1201; x_wconf 68' lang='lat' dir='ltr'><strong>pracfectum,</strong></span> <span class='ocrx_word' id='word_1_92' title='bbox 804 1138 1008 1205; x_wconf 82' lang='lat' dir='ltr'><strong>sciens,</strong></span> <span class='ocrx_word' id='word_1_93' title='bbox 1043 1142 1357 1212; x_wconf 77' lang='lat' dir='ltr'><strong>progeniem</strong></span> <span class='ocrx_word' id='word_1_94' title='bbox 1378 1143 1642 1201; x_wconf 81' lang='lat' dir='ltr'><strong>Chanaan</strong></span> <span class='ocrx_word' id='word_1_95' title='bbox 1676 1148 2016 1204; x_wconf 79' lang='lat' dir='ltr'><strong>maledictum</strong></span> 
     </span>
    </p>
   </div>
   <div class='ocr_carea' id='block_1_18' title="bbox 434 1235 2019 1307">
    <p class='ocr_par' dir='ltr' id='par_1_18' title="bbox 434 1235 2019 1307">
     <span class='ocr_line' id='line_1_19' title="bbox 434 1235 2019 1307; baseline 0.012 -27"><span class='ocrx_word' id='word_1_96' title='bbox 434 1241 574 1293; x_wconf 82' lang='lat' dir='ltr'><strong>csse,</strong></span> <span class='ocrx_word' id='word_1_97' title='bbox 632 1244 790 1284; x_wconf 86' lang='lat' dir='ltr'><strong>suam</strong></span> <span class='ocrx_word' id='word_1_98' title='bbox 828 1246 958 1286; x_wconf 88' lang='lat' dir='ltr'><strong>vero</strong></span> <span class='ocrx_word' id='word_1_99' title='bbox 1007 1235 1389 1304; x_wconf 77' lang='lat' dir='ltr'><strong>cognationem</strong></span> <span class='ocrx_word' id='word_1_100' title='bbox 1432 1238 1682 1307; x_wconf 77' lang='lat' dir='ltr'><strong>adeptam</strong></span> <span class='ocrx_word' id='word_1_101' title='bbox 1742 1256 1867 1297; x_wconf 79' lang='lat' dir='ltr'><strong>esse</strong></span> <span class='ocrx_word' id='word_1_102' title='bbox 1927 1245 2019 1298; x_wconf 89' lang='lat' dir='ltr'><strong>be-</strong></span> 
     </span>
    </p>
   </div>
   <div class='ocr_carea' id='block_1_19' title="bbox 435 1318 2017 1393">
    <p class='ocr_par' dir='ltr' id='par_1_19' title="bbox 435 1318 2017 1393">
     <span class='ocr_line' id='line_1_20' title="bbox 435 1318 2017 1393; baseline 0.012 -22"><span class='ocrx_word' id='word_1_103' title='bbox 435 1318 822 1375; x_wconf 86' lang='lat' dir='ltr'><strong>nedictionem.</strong></span> <span class='ocrx_word' id='word_1_104' title='bbox 859 1320 999 1377; x_wconf 87' lang='lat' dir='ltr'><strong>Cum</strong></span> <span class='ocrx_word' id='word_1_105' title='bbox 1027 1338 1156 1393; x_wconf 85' lang='lat' dir='ltr'><strong>ergo</strong></span> <span class='ocrx_word' id='word_1_106' title='bbox 1185 1326 1239 1380; x_wconf 91' lang='lat' dir='ltr'><strong>in</strong></span> <span class='ocrx_word' id='word_1_107' title='bbox 1264 1327 1477 1383; x_wconf 89' lang='lat' dir='ltr'><strong>semine</strong></span> <span class='ocrx_word' id='word_1_108' title='bbox 1501 1344 1606 1385; x_wconf 90' lang='lat' dir='ltr'><strong>suo</strong></span> <span class='ocrx_word' id='word_1_109' title='bbox 1636 1339 1751 1388; x_wconf 90' lang='lat' dir='ltr'><strong>tum</strong></span> <span class='ocrx_word' id='word_1_110' title='bbox 1794 1331 2017 1389; x_wconf 82' lang='lat' dir='ltr'><strong>benedi-</strong></span> 
     </span>
    </p>
   </div>
   <div class='ocr_carea' id='block_1_20' title="bbox 433 1414 2013 1499">
    <p class='ocr_par' dir='ltr' id='par_1_20' title="bbox 433 1414 2013 1499">
     <span class='ocr_line' id='line_1_21' title="bbox 433 1414 2013 1499; baseline 0.012 -33"><span class='ocrx_word' id='word_1_111' title='bbox 433 1414 670 1468; x_wconf 88' lang='lat' dir='ltr'><strong>ctionem</strong></span> <span class='ocrx_word' id='word_1_112' title='bbox 702 1422 819 1469; x_wconf 90' lang='lat' dir='ltr'><strong>tum</strong></span> <span class='ocrx_word' id='word_1_113' title='bbox 866 1420 1288 1487; x_wconf 80' lang='lat' dir='ltr'><strong>promissionem</strong></span> <span class='ocrx_word' id='word_1_114' title='bbox 1339 1422 1611 1480; x_wconf 88' lang='lat' dir='ltr'><strong>bonorum</strong></span> <span class='ocrx_word' id='word_1_115' title='bbox 1661 1428 2013 1499; x_wconf 86' lang='lat' dir='ltr'><strong>suscepisset,</strong></span> 
     </span>
    </p>
   </div>
   <div class='ocr_carea' id='block_1_21' title="bbox 432 1504 2015 1583">
    <p class='ocr_par' dir='ltr' id='par_1_21' title="bbox 432 1504 2015 1583">
     <span class='ocr_line' id='line_1_22' title="bbox 432 1504 2015 1583; baseline 0.011 -27"><span class='ocrx_word' id='word_1_116' title='bbox 432 1504 543 1558; x_wconf 89' lang='lat' dir='ltr'><strong>illic</strong></span> <span class='ocrx_word' id='word_1_117' title='bbox 581 1520 803 1561; x_wconf 81' lang='lat' dir='ltr'><strong>servum</strong></span> <span class='ocrx_word' id='word_1_118' title='bbox 853 1522 1128 1577; x_wconf 87' lang='lat' dir='ltr'><strong>apponere</strong></span> <span class='ocrx_word' id='word_1_119' title='bbox 1155 1527 1378 1566; x_wconf 90' lang='lat' dir='ltr'><strong>manum</strong></span> <span class='ocrx_word' id='word_1_120' title='bbox 1407 1514 1594 1583; x_wconf 87' lang='lat' dir='ltr'><strong>jussit,</strong></span> <span class='ocrx_word' id='word_1_121' title='bbox 1626 1515 1717 1571; x_wconf 92' lang='lat' dir='ltr'><strong>ubi</strong></span> <span class='ocrx_word' id='word_1_122' title='bbox 1745 1516 1871 1575; x_wconf 75' lang='lat' dir='ltr'><strong>fidei</strong></span> <span class='ocrx_word' id='word_1_123' title='bbox 1924 1519 2015 1574; x_wconf 83' lang='lat' dir='ltr'><strong>si—</strong></span> 
     </span>
    </p>
   </div>
   <div class='ocr_carea' id='block_1_22' title="bbox 434 1600 2011 1679">
    <p class='ocr_par' dir='ltr' id='par_1_22' title="bbox 434 1600 2011 1679">
     <span class='ocr_line' id='line_1_23' title="bbox 434 1600 2011 1679; baseline 0.011 -29"><span class='ocrx_word' id='word_1_124' title='bbox 434 1613 598 1669; x_wconf 86' lang='lat' dir='ltr'><strong>gnum</strong></span> <span class='ocrx_word' id='word_1_125' title='bbox 630 1600 854 1669; x_wconf 73' lang='lat' dir='ltr'><strong>ret-epit.</strong></span> <span class='ocrx_word' id='word_1_126' title='bbox 876 1601 1116 1658; x_wconf 87' lang='lat' dir='ltr'><strong>Credens</strong></span> <span class='ocrx_word' id='word_1_127' title='bbox 1135 1605 1281 1658; x_wconf 92' lang='lat' dir='ltr'><strong>enim</strong></span> <span class='ocrx_word' id='word_1_128' title='bbox 1308 1606 1767 1675; x_wconf 86' lang='lat' dir='ltr'><strong>promissionibus</strong></span> <span class='ocrx_word' id='word_1_129' title='bbox 1789 1610 2011 1679; x_wconf 82' lang='lat' dir='ltr'><strong>divinis,</strong></span> 
     </span>
    </p>
   </div>
   <div class='ocr_carea' id='block_1_23' title="bbox 434 1692 2010 1763">
    <p class='ocr_par' dir='ltr' id='par_1_23' title="bbox 434 1692 2010 1763">
     <span class='ocr_line' id='line_1_24' title="bbox 434 1692 2010 1763; baseline 0.01 -18"><span class='ocrx_word' id='word_1_130' title='bbox 434 1692 644 1762; x_wconf 84' lang='lat' dir='ltr'><strong>accepit</strong></span> <span class='ocrx_word' id='word_1_131' title='bbox 666 1694 1012 1763; x_wconf 86' lang='lat' dir='ltr'><strong>signaculum</strong></span> <span class='ocrx_word' id='word_1_132' title='bbox 1040 1697 1508 1757; x_wconf 87' lang='lat' dir='ltr'><strong>circumcisionis.</strong></span> <span class='ocrx_word' id='word_1_133' title='bbox 1539 1700 1652 1758; x_wconf 84' lang='lat' dir='ltr'><strong>Illic</strong></span> <span class='ocrx_word' id='word_1_134' title='bbox 1682 1714 1865 1760; x_wconf 89' lang='lat' dir='ltr'><strong>autem</strong></span> <span class='ocrx_word' id='word_1_135' title='bbox 1897 1722 2010 1761; x_wconf 91' lang='lat' dir='ltr'><strong>ma-</strong></span> 
     </span>
    </p>
   </div>
   <div class='ocr_carea' id='block_1_24' title="bbox 434 1783 2009 1861">
    <p class='ocr_par' dir='ltr' id='par_1_24' title="bbox 434 1783 2009 1861">
     <span class='ocr_line' id='line_1_25' title="bbox 434 1783 2009 1861; baseline 0.011 -27"><span class='ocrx_word' id='word_1_136' title='bbox 434 1797 563 1835; x_wconf 91' lang='lat' dir='ltr'><strong>num</strong></span> <span class='ocrx_word' id='word_1_137' title='bbox 596 1783 857 1839; x_wconf 83' lang='lat' dir='ltr'><strong>adhibere</strong></span> <span class='ocrx_word' id='word_1_138' title='bbox 887 1786 1076 1856; x_wconf 84' lang='lat' dir='ltr'><strong>jussit,</strong></span> <span class='ocrx_word' id='word_1_139' title='bbox 1130 1797 1191 1842; x_wconf 92' lang='lat' dir='ltr'><strong>ut</strong></span> <span class='ocrx_word' id='word_1_140' title='bbox 1230 1799 1284 1845; x_wconf 91' lang='lat' dir='ltr'><strong>et</strong></span> <span class='ocrx_word' id='word_1_141' title='bbox 1310 1792 1690 1861; x_wconf 83' lang='lat' dir='ltr'><strong>promissionis</strong></span> <span class='ocrx_word' id='word_1_142' title='bbox 1720 1795 1922 1850; x_wconf 74' lang='lat' dir='ltr'><strong>divinze</strong></span> <span class='ocrx_word' id='word_1_143' title='bbox 1954 1810 2009 1852; x_wconf 90' lang='lat' dir='ltr'><strong>et</strong></span> 
     </span>
    </p>
   </div>
   <div class='ocr_carea' id='block_1_25' title="bbox 432 1874 2010 1961">
    <p class='ocr_par' dir='ltr' id='par_1_25' title="bbox 432 1874 2010 1961">
     <span class='ocr_line' id='line_1_26' title="bbox 432 1874 2010 1961; baseline 0.012 -33"><span class='ocrx_word' id='word_1_144' title='bbox 432 1874 872 1933; x_wconf 85' lang='lat' dir='ltr'><strong>circumcisionis</strong></span> <span class='ocrx_word' id='word_1_145' title='bbox 902 1894 1133 1947; x_wconf 88' lang='lat' dir='ltr'><strong>memor,</strong></span> <span class='ocrx_word' id='word_1_146' title='bbox 1165 1885 1514 1941; x_wconf 87' lang='lat' dir='ltr'><strong>matrimonio</strong></span> <span class='ocrx_word' id='word_1_147' title='bbox 1543 1901 1666 1942; x_wconf 90' lang='lat' dir='ltr'><strong>cum</strong></span> <span class='ocrx_word' id='word_1_148' title='bbox 1708 1888 2010 1961; x_wconf 74' lang='lat' dir='ltr'><strong>alienigena</strong></span> 
     </span>
    </p>
   </div>
   <div class='ocr_carea' id='block_1_26' title="bbox 431 1970 2009 2039">
    <p class='ocr_par' dir='ltr' id='par_1_26' title="bbox 431 1970 2009 2039">
     <span class='ocr_line' id='line_1_27' title="bbox 431 1970 2009 2039; baseline 0.011 -18"><span class='ocrx_word' id='word_1_149' title='bbox 431 1977 720 2024; x_wconf 85' lang='lat' dir='ltr'><strong>contracto</strong></span> <span class='ocrx_word' id='word_1_150' title='bbox 772 1970 1112 2028; x_wconf 81' lang='lat' dir='ltr'><strong>nobilitatem</strong></span> <span class='ocrx_word' id='word_1_151' title='bbox 1168 1973 1508 2033; x_wconf 87' lang='lat' dir='ltr'><strong>Dominicam</strong></span> <span class='ocrx_word' id='word_1_152' title='bbox 1576 1995 1686 2036; x_wconf 92' lang='lat' dir='ltr'><strong>non</strong></span> <span class='ocrx_word' id='word_1_153' title='bbox 1742 1982 2009 2039; x_wconf 78' lang='lat' dir='ltr'><strong>inliceret.</strong></span> 
     </span>
    </p>
   </div>
   <div class='ocr_carea' id='block_1_27' title="bbox 431 2057 2013 2146">
    <p class='ocr_par' dir='ltr' id='par_1_27' title="bbox 431 2057 2013 2146">
     <span class='ocr_line' id='line_1_28' title="bbox 431 2057 2013 2146; baseline 0.011 -36"><span class='ocrx_word' id='word_1_154' title='bbox 431 2057 833 2115; x_wconf 86' lang='lat' dir='ltr'><strong>Advertendum</strong></span> <span class='ocrx_word' id='word_1_155' title='bbox 869 2074 954 2118; x_wconf 88' lang='lat' dir='ltr'><strong>est</strong></span> <span class='ocrx_word' id='word_1_156' title='bbox 981 2075 1164 2119; x_wconf 87' lang='lat' dir='ltr'><strong>autem</strong></span> <span class='ocrx_word' id='word_1_157' title='bbox 1212 2068 1356 2137; x_wconf 86' lang='lat' dir='ltr'><strong>quod</strong></span> <span class='ocrx_word' id='word_1_158' title='bbox 1390 2086 1587 2127; x_wconf 89' lang='lat' dir='ltr'><strong>manus</strong></span> <span class='ocrx_word' id='word_1_159' title='bbox 1614 2074 1683 2128; x_wconf 88' lang='lat' dir='ltr'><strong>ad</strong></span> <span class='ocrx_word' id='word_1_160' title='bbox 1706 2071 1886 2130; x_wconf 79' lang='lat' dir='ltr'><strong>femur</strong></span> <span class='ocrx_word' id='word_1_161' title='bbox 1915 2093 2013 2146; x_wconf 73' lang='grc' dir='ltr'><strong>ιιι)-</strong></span> 
     </span>
    </p>
   </div>
   <div class='ocr_carea' id='block_1_28' title="bbox 432 2151 2012 2231">
    <p class='ocr_par' dir='ltr' id='par_1_28' title="bbox 432 2151 2012 2231">
     <span class='ocr_line' id='line_1_29' title="bbox 432 2151 2012 2231; baseline 0.015 -29"><span class='ocrx_word' id='word_1_162' title='bbox 432 2151 629 2218; x_wconf 84' lang='lat' dir='ltr'><strong>posita,</strong></span> <span class='ocrx_word' id='word_1_163' title='bbox 666 2162 721 2208; x_wconf 88' lang='lat' dir='ltr'><strong>at</strong></span> <span class='ocrx_word' id='word_1_164' title='bbox 743 2153 1135 2224; x_wconf 87' lang='lat' dir='ltr'><strong>jusjurandum</strong></span> <span class='ocrx_word' id='word_1_165' title='bbox 1168 2175 1265 2231; x_wconf 84' lang='lat' dir='ltr'><strong>per</strong></span> <span class='ocrx_word' id='word_1_166' title='bbox 1311 2160 1481 2218; x_wconf 90' lang='lat' dir='ltr'><strong>Deum</strong></span> <span class='ocrx_word' id='word_1_167' title='bbox 1518 2165 1764 2222; x_wconf 92' lang='lat' dir='ltr'><strong>omnium</strong></span> <span class='ocrx_word' id='word_1_168' title='bbox 1819 2170 2012 2224; x_wconf 87' lang='lat' dir='ltr'><strong>condi-</strong></span> 
     </span>
    </p>
   </div>
   <div class='ocr_carea' id='block_1_29' title="bbox 430 2246 2016 2331">
    <p class='ocr_par' dir='ltr' id='par_1_29' title="bbox 430 2246 2016 2331">
     <span class='ocr_line' id='line_1_30' title="bbox 430 2246 2016 2331; baseline 0.013 -36"><span class='ocrx_word' id='word_1_169' title='bbox 430 2253 603 2303; x_wconf 74' lang='lat' dir='ltr'><strong>torem</strong></span> <span class='ocrx_word' id='word_1_170' title='bbox 651 2246 954 2315; x_wconf 63' lang='lat' dir='ltr'><strong>praestitum</strong></span> <span class='ocrx_word' id='word_1_171' title='bbox 994 2259 1123 2305; x_wconf 81' lang='lat' dir='ltr'><strong>est:</strong></span> <span class='ocrx_word' id='word_1_172' title='bbox 1190 2271 1209 2305; x_wconf 87' lang='grc'><strong><em>‹</em></strong></span> <span class='ocrx_word' id='word_1_173' title='bbox 1261 2252 1469 2324; x_wconf 81' lang='lat' dir='ltr'><strong>Adjuro</strong></span> <span class='ocrx_word' id='word_1_174' title='bbox 1522 2265 1596 2322; x_wconf 88' lang='lat' dir='ltr'><strong>te,</strong></span> <span class='ocrx_word' id='word_1_175' title='bbox 1648 2260 1846 2330; x_wconf 87' lang='lat' dir='ltr'><strong>inquit,</strong></span> <span class='ocrx_word' id='word_1_176' title='bbox 1919 2278 2016 2331; x_wconf 74' lang='lat' dir='ltr'><strong>per</strong></span> 
     </span>
    </p>
   </div>
   <div class='ocr_carea' id='block_1_30' title="bbox 432 2331 2015 2419">
    <p class='ocr_par' dir='ltr' id='par_1_30' title="bbox 432 2331 2015 2419">
     <span class='ocr_line' id='line_1_31' title="bbox 432 2331 2015 2419; baseline 0.017 -35"><span class='ocrx_word' id='word_1_177' title='bbox 432 2331 600 2388; x_wconf 80' lang='lat' dir='ltr'><strong>Deum</strong></span> <span class='ocrx_word' id='word_1_178' title='bbox 647 2336 772 2391; x_wconf 68' lang='lat' dir='ltr'><strong>cmli</strong></span> <span class='ocrx_word' id='word_1_179' title='bbox 802 2346 859 2394; x_wconf 89' lang='lat' dir='ltr'><strong>et</strong></span> <span class='ocrx_word' id='word_1_180' title='bbox 902 2347 1080 2406; x_wconf 61' lang='lat' dir='ltr'><strong>terra},</strong></span> <span class='ocrx_word' id='word_1_181' title='bbox 1119 2353 1176 2398; x_wconf 87' lang='lat' dir='ltr'><strong>ut</strong></span> <span class='ocrx_word' id='word_1_182' title='bbox 1203 2360 1309 2399; x_wconf 93' lang='lat' dir='ltr'><strong>non</strong></span> <span class='ocrx_word' id='word_1_183' title='bbox 1343 2348 1580 2419; x_wconf 84' lang='lat' dir='ltr'><strong>accipias</strong></span> <span class='ocrx_word' id='word_1_184' title='bbox 1609 2366 1834 2407; x_wconf 79' lang='lat' dir='ltr'><strong>uxorem</strong></span> <span class='ocrx_word' id='word_1_185' title='bbox 1903 2353 2015 2411; x_wconf 86' lang='lat' dir='ltr'><strong>ﬁlio</strong></span> 
     </span>
    </p>
   </div>
   <div class='ocr_carea' id='block_1_31' title="bbox 433 2424 2014 2516">
    <p class='ocr_par' dir='ltr' id='par_1_31' title="bbox 433 2424 2014 2516">
     <span class='ocr_line' id='line_1_32' title="bbox 433 2424 2014 2516; baseline 0.016 -37"><span class='ocrx_word' id='word_1_186' title='bbox 433 2440 555 2482; x_wconf 91' lang='lat' dir='ltr'><strong>meo</strong></span> <span class='ocrx_word' id='word_1_187' title='bbox 583 2424 738 2483; x_wconf 87' lang='lat' dir='ltr'><strong>Isaac</strong></span> <span class='ocrx_word' id='word_1_188' title='bbox 765 2430 833 2486; x_wconf 90' lang='lat' dir='ltr'><strong>de</strong></span> <span class='ocrx_word' id='word_1_189' title='bbox 859 2430 1074 2490; x_wconf 80' lang='lat' dir='ltr'><strong>ﬁliabus</strong></span> <span class='ocrx_word' id='word_1_190' title='bbox 1117 2434 1572 2507; x_wconf 72' lang='lat' dir='ltr'><strong>Chananaeorum,</strong></span> <span class='ocrx_word' id='word_1_191' title='bbox 1633 2457 1759 2499; x_wconf 87' lang='lat' dir='ltr'><strong>cum</strong></span> <span class='ocrx_word' id='word_1_192' title='bbox 1813 2446 2014 2516; x_wconf 87' lang='lat' dir='ltr'><strong>quibus</strong></span> 
     </span>
    </p>
   </div>
   <div class='ocr_carea' id='block_1_32' title="bbox 430 2516 2012 2599">
    <p class='ocr_par' dir='ltr' id='par_1_32' title="bbox 430 2516 2012 2599">
     <span class='ocr_line' id='line_1_33' title="bbox 430 2516 2012 2599; baseline 0.014 -28"><span class='ocrx_word' id='word_1_193' title='bbox 430 2531 534 2587; x_wconf 67' lang='lat' dir='ltr'><strong>ego</strong></span> <span class='ocrx_word' id='word_1_194' title='bbox 561 2516 752 2575; x_wconf 87' lang='lat' dir='ltr'><strong>habito</strong></span> <span class='ocrx_word' id='word_1_195' title='bbox 777 2519 828 2587; x_wconf 76' lang='grc' dir='ltr'><strong>(ι,</strong></span> <span class='ocrx_word' id='word_1_196' title='bbox 859 2540 879 2573; x_wconf 75' lang='grc' dir='ltr'><strong>ι</strong></span> <span class='ocrx_word' id='word_1_197' title='bbox 923 2534 977 2579; x_wconf 87' lang='lat' dir='ltr'><strong>et</strong></span> <span class='ocrx_word' id='word_1_198' title='bbox 1023 2540 1145 2595; x_wconf 67' lang='lat' dir='ltr'><strong>quze</strong></span> <span class='ocrx_word' id='word_1_199' title='bbox 1194 2538 1520 2599; x_wconf 89' lang='lat' dir='ltr'><strong>sequuntur.</strong></span> <span class='ocrx_word' id='word_1_200' title='bbox 1574 2533 2012 2593; x_wconf 86' lang='lat' dir='ltr'><strong>Prudentissima</strong></span> 
     </span>
    </p>
   </div>
   <div class='ocr_carea' id='block_1_33' title="bbox 430 2608 2013 2700">
    <p class='ocr_par' dir='ltr' id='par_1_33' title="bbox 430 2608 2013 2700">
     <span class='ocr_line' id='line_1_34' title="bbox 430 2608 2013 2700; baseline 0.015 -37"><span class='ocrx_word' id='word_1_201' title='bbox 430 2624 562 2664; x_wconf 75' lang='lat' dir='ltr'><strong>vero</strong></span> <span class='ocrx_word' id='word_1_202' title='bbox 606 2608 709 2667; x_wconf 81' lang='lat' dir='ltr'><strong>fuit</strong></span> <span class='ocrx_word' id='word_1_203' title='bbox 738 2614 883 2669; x_wconf 81' lang='lat' dir='ltr'><strong>servi</strong></span> <span class='ocrx_word' id='word_1_204' title='bbox 934 2616 1334 2689; x_wconf 82' lang='lat' dir='ltr'><strong>interrogatio:</strong></span> <span class='ocrx_word' id='word_1_205' title='bbox 1384 2624 1477 2692; x_wconf 91' lang='lat' dir='ltr'><strong>qui</strong></span> <span class='ocrx_word' id='word_1_206' title='bbox 1512 2627 1783 2684; x_wconf 85' lang='lat' dir='ltr'><strong>reveritus</strong></span> <span class='ocrx_word' id='word_1_207' title='bbox 1829 2628 2013 2700; x_wconf 85' lang='lat' dir='ltr'><strong>jusju-</strong></span> 
     </span>
    </p>
   </div>
   <div class='ocr_carea' id='block_1_34' title="bbox 433 2704 2014 2789">
    <p class='ocr_par' dir='ltr' id='par_1_34' title="bbox 433 2704 2014 2789">
     <span class='ocr_line' id='line_1_35' title="bbox 433 2704 2014 2789; baseline 0.015 -33"><span class='ocrx_word' id='word_1_208' title='bbox 433 2704 688 2772; x_wconf 83' lang='lat' dir='ltr'><strong>randum,</strong></span> <span class='ocrx_word' id='word_1_209' title='bbox 740 2706 843 2762; x_wconf 85' lang='lat' dir='ltr'><strong>sibi</strong></span> <span class='ocrx_word' id='word_1_210' title='bbox 877 2708 1023 2766; x_wconf 88' lang='lat' dir='ltr'><strong>clara</strong></span> <span class='ocrx_word' id='word_1_211' title='bbox 1074 2713 1429 2772; x_wconf 75' lang='lat' dir='ltr'><strong>volebatesse</strong></span> <span class='ocrx_word' id='word_1_212' title='bbox 1477 2719 1792 2789; x_wconf 89' lang='lat' dir='ltr'><strong>nuptiarum</strong></span> <span class='ocrx_word' id='word_1_213' title='bbox 1853 2738 2014 2779; x_wconf 87' lang='lat' dir='ltr'><strong>man-</strong></span> 
     </span>
    </p>
   </div>
   <div class='ocr_carea' id='block_1_35' title="bbox 429 2797 2016 2882">
    <p class='ocr_par' dir='ltr' id='par_1_35' title="bbox 429 2797 2016 2882">
     <span class='ocr_line' id='line_1_36' title="bbox 429 2797 2016 2882; baseline 0.016 -36"><span class='ocrx_word' id='word_1_214' title='bbox 429 2797 599 2853; x_wconf 75' lang='lat' dir='ltr'><strong>data:</strong></span> <span class='ocrx_word' id='word_1_215' title='bbox 636 2817 655 2850; x_wconf 73' lang='grc' dir='ltr'><strong>ι</strong></span> <span class='ocrx_word' id='word_1_216' title='bbox 691 2798 746 2854; x_wconf 90' lang='lat' dir='ltr'><strong>Si</strong></span> <span class='ocrx_word' id='word_1_217' title='bbox 774 2801 942 2868; x_wconf 91' lang='lat' dir='ltr'><strong>enim,</strong></span> <span class='ocrx_word' id='word_1_218' title='bbox 1003 2804 1204 2876; x_wconf 86' lang='lat' dir='ltr'><strong>inquit,</strong></span> <span class='ocrx_word' id='word_1_219' title='bbox 1266 2809 1445 2877; x_wconf 89' lang='lat' dir='ltr'><strong>puella</strong></span> <span class='ocrx_word' id='word_1_220' title='bbox 1497 2810 1828 2882; x_wconf 87' lang='lat' dir='ltr'><strong>desponsata</strong></span> <span class='ocrx_word' id='word_1_221' title='bbox 1880 2817 2016 2871; x_wconf 90' lang='lat' dir='ltr'><strong>nolit</strong></span> 
     </span>
    </p>
   </div>
   <div class='ocr_carea' id='block_1_36' title="bbox 429 2886 2011 2970">
    <p class='ocr_par' dir='ltr' id='par_1_36' title="bbox 429 2886 2011 2970">
     <span class='ocr_line' id='line_1_37' title="bbox 429 2886 2011 2970; baseline 0.013 -30"><span class='ocrx_word' id='word_1_222' title='bbox 429 2886 537 2943; x_wconf 91' lang='lat' dir='ltr'><strong>huc</strong></span> <span class='ocrx_word' id='word_1_223' title='bbox 570 2892 775 2959; x_wconf 89' lang='lat' dir='ltr'><strong>venire,</strong></span> <span class='ocrx_word' id='word_1_224' title='bbox 823 2894 917 2949; x_wconf 80' lang='lat' dir='ltr'><strong>sed</strong></span> <span class='ocrx_word' id='word_1_225' title='bbox 934 2894 1129 2964; x_wconf 87' lang='lat' dir='ltr'><strong>jubeat</strong></span> <span class='ocrx_word' id='word_1_226' title='bbox 1158 2912 1420 2968; x_wconf 90' lang='lat' dir='ltr'><strong>sponsum</strong></span> <span class='ocrx_word' id='word_1_227' title='bbox 1458 2900 1524 2954; x_wconf 91' lang='lat' dir='ltr'><strong>ad</strong></span> <span class='ocrx_word' id='word_1_228' title='bbox 1555 2902 1701 2958; x_wconf 85' lang='lat' dir='ltr'><strong>illam</strong></span> <span class='ocrx_word' id='word_1_229' title='bbox 1732 2906 2011 2970; x_wconf 85' lang='lat' dir='ltr'><strong>accedere,</strong></span> 
     </span>
    </p>
   </div>
   <div class='ocr_carea' id='block_1_37' title="bbox 424 2979 2006 3059">
    <p class='ocr_par' dir='ltr' id='par_1_37' title="bbox 424 2979 2006 3059">
     <span class='ocr_line' id='line_1_38' title="bbox 424 2979 2006 3059; baseline 0.011 -26"><span class='ocrx_word' id='word_1_230' title='bbox 424 2979 660 3049; x_wconf 84' lang='lat' dir='ltr'><strong>jubesne</strong></span> <span class='ocrx_word' id='word_1_231' title='bbox 697 2983 866 3038; x_wconf 82' lang='lat' dir='ltr'><strong>lilium</strong></span> <span class='ocrx_word' id='word_1_232' title='bbox 910 2993 1065 3041; x_wconf 88' lang='lat' dir='ltr'><strong>tuum</strong></span> <span class='ocrx_word' id='word_1_233' title='bbox 1094 2988 1160 3042; x_wconf 88' lang='lat' dir='ltr'><strong>ad</strong></span> <span class='ocrx_word' id='word_1_234' title='bbox 1192 2998 1406 3059; x_wconf 78' lang='lat' dir='ltr'><strong>gentem</strong></span> <span class='ocrx_word' id='word_1_235' title='bbox 1446 2991 1594 3047; x_wconf 88' lang='lat' dir='ltr'><strong>illam</strong></span> <span class='ocrx_word' id='word_1_236' title='bbox 1630 2997 1823 3051; x_wconf 88' lang='lat' dir='ltr'><strong>reverti</strong></span> <span class='ocrx_word' id='word_1_237' title='bbox 1889 2998 1958 3052; x_wconf 67' lang='grc' dir='ltr'><strong>οἳ</strong></span> <span class='ocrx_word' id='word_1_238' title='bbox 1988 3017 2006 3050; x_wconf 75' lang='grc' dir='ltr'><strong>ι</strong></span> 
     </span>
    </p>
   </div>
   <div class='ocr_carea' id='block_1_38' title="bbox 2809 1000 3037 1052">
    <p class='ocr_par' dir='ltr' id='par_1_38' title="bbox 2809 1000 3037 1052">
     <span class='ocr_line' id='line_1_39' title="bbox 2809 1000 3037 1052; baseline 0 -15"><span class='ocrx_word' id='word_1_239' title='bbox 2809 1000 2970 1052; x_wconf 80' lang='grc' dir='ltr'><strong>μου;</strong></span> <span class='ocrx_word' id='word_1_240' title='bbox 3017 1004 3037 1037; x_wconf 74' lang='grc' dir='ltr'><strong>ι</strong></span> 
     </span>
    </p>
   </div>
   <div class='ocr_carea' id='block_1_39' title="bbox 2204 1072 3716 1153">
    <p class='ocr_par' dir='ltr' id='par_1_39' title="bbox 2204 1072 3716 1153">
     <span class='ocr_line' id='line_1_40' title="bbox 2204 1072 3716 1153; baseline 0.004 -25"><span class='ocrx_word' id='word_1_241' title='bbox 2204 1073 2330 1128; x_wconf 74' lang='grc' dir='ltr'><strong>Ἐπὶ</strong></span> <span class='ocrx_word' id='word_1_242' title='bbox 2362 1073 2544 1144; x_wconf 82' lang='grc' dir='ltr'><strong>γάμον</strong></span> <span class='ocrx_word' id='word_1_243' title='bbox 2578 1072 2908 1127; x_wconf 79' lang='grc' dir='ltr'><strong>ἀπέστελλεν</strong></span> <span class='ocrx_word' id='word_1_244' title='bbox 2932 1076 3042 1130; x_wconf 84' lang='grc' dir='ltr'><strong>τῶν</strong></span> <span class='ocrx_word' id='word_1_245' title='bbox 3072 1077 3304 1132; x_wconf 77' lang='grc' dir='ltr'><strong>οἰκετῶν</strong></span> <span class='ocrx_word' id='word_1_246' title='bbox 3332 1078 3427 1133; x_wconf 82' lang='grc' dir='ltr'><strong>τὸν</strong></span> <span class='ocrx_word' id='word_1_247' title='bbox 3472 1081 3716 1153; x_wconf 75' lang='grc' dir='ltr'><strong>ἡγούμε-</strong></span> 
     </span>
    </p>
   </div>
   <div class='ocr_carea' id='block_1_40' title="bbox 2119 1164 3711 1241">
    <p class='ocr_par' dir='ltr' id='par_1_40' title="bbox 2119 1164 3711 1241">
     <span class='ocr_line' id='line_1_41' title="bbox 2119 1164 3711 1241; baseline 0.004 -23"><span class='ocrx_word' id='word_1_248' title='bbox 2119 1182 2210 1219; x_wconf 91' lang='grc' dir='ltr'><strong>νον</strong></span> <span class='ocrx_word' id='word_1_249' title='bbox 2230 1164 2535 1237; x_wconf 78' lang='grc' dir='ltr'><strong>’ἐπάρατον</strong></span> <span class='ocrx_word' id='word_1_250' title='bbox 2563 1164 2663 1235; x_wconf 79' lang='grc' dir='ltr'><strong>μὲν</strong></span> <span class='ocrx_word' id='word_1_251' title='bbox 2692 1166 3057 1238; x_wconf 75' lang='grc' dir='ltr'><strong>ἐπιστάμενος</strong></span> <span class='ocrx_word' id='word_1_252' title='bbox 3078 1166 3174 1222; x_wconf 83' lang='grc' dir='ltr'><strong>τοῦ</strong></span> <span class='ocrx_word' id='word_1_253' title='bbox 3205 1170 3427 1225; x_wconf 78' lang='grc' dir='ltr'><strong>Χαναὰν</strong></span> <span class='ocrx_word' id='word_1_254' title='bbox 3457 1172 3711 1241; x_wconf 83' lang='grc' dir='ltr'><strong>τὸγένος,</strong></span> 
     </span>
    </p>
   </div>
   <div class='ocr_carea' id='block_1_41' title="bbox 2119 1246 3713 1333">
    <p class='ocr_par' dir='ltr' id='par_1_41' title="bbox 2119 1246 3713 1333">
     <span class='ocr_line' id='line_1_42' title="bbox 2119 1246 3713 1333; baseline 0.006 -23"><span class='ocrx_word' id='word_1_255' title='bbox 2119 1256 2369 1326; x_wconf 81' lang='grc' dir='ltr'><strong>εὐλογίας</strong></span> <span class='ocrx_word' id='word_1_256' title='bbox 2389 1256 2446 1310; x_wconf 87' lang='grc' dir='ltr'><strong>δὲ</strong></span> <span class='ocrx_word' id='word_1_257' title='bbox 2463 1256 2776 1329; x_wconf 74' lang='grc' dir='ltr'><strong>ἠξιωμένην</strong></span> <span class='ocrx_word' id='word_1_258' title='bbox 2806 1258 2906 1331; x_wconf 75' lang='grc' dir='ltr'><strong>τὴν</strong></span> <span class='ocrx_word' id='word_1_259' title='bbox 2930 1246 3138 1314; x_wconf 78' lang='grc' dir='ltr'><strong>οἰκείαν</strong></span> <span class='ocrx_word' id='word_1_260' title='bbox 3167 1264 3505 1333; x_wconf 86' lang='grc' dir='ltr'><strong>συγγένειαν.</strong></span> <span class='ocrx_word' id='word_1_261' title='bbox 3528 1266 3713 1320; x_wconf 84' lang='grc' dir='ltr'><strong>Ἐπει-</strong></span> 
     </span>
    </p>
   </div>
   <div class='ocr_carea' id='block_1_42' title="bbox 2119 1346 3711 1426">
    <p class='ocr_par' dir='ltr' id='par_1_42' title="bbox 2119 1346 3711 1426">
     <span class='ocr_line' id='line_1_43' title="bbox 2119 1346 3711 1426; baseline 0.007 -25"><span class='ocrx_word' id='word_1_262' title='bbox 2119 1346 2183 1420; x_wconf 77' lang='grc' dir='ltr'><strong>δὴ</strong></span> <span class='ocrx_word' id='word_1_263' title='bbox 2200 1348 2379 1402; x_wconf 86' lang='grc' dir='ltr'><strong>τοίνυν</strong></span> <span class='ocrx_word' id='word_1_264' title='bbox 2401 1349 2460 1402; x_wconf 80' lang='grc' dir='ltr'><strong>ἐν</strong></span> <span class='ocrx_word' id='word_1_265' title='bbox 2483 1348 2559 1420; x_wconf 84' lang='grc' dir='ltr'><strong>τῷ</strong></span> <span class='ocrx_word' id='word_1_266' title='bbox 2589 1348 2865 1421; x_wconf 84' lang='grc' dir='ltr'><strong>σπέρματι</strong></span> <span class='ocrx_word' id='word_1_267' title='bbox 2881 1350 3045 1405; x_wconf 87' lang='grc' dir='ltr'><strong>αύτοῦ</strong></span> <span class='ocrx_word' id='word_1_268' title='bbox 3072 1352 3182 1423; x_wconf 76' lang='lat'><strong>(29)</strong></span> <span class='ocrx_word' id='word_1_269' title='bbox 3201 1353 3296 1407; x_wconf 80' lang='grc' dir='ltr'><strong>καὶ</strong></span> <span class='ocrx_word' id='word_1_270' title='bbox 3317 1355 3415 1426; x_wconf 80' lang='grc' dir='ltr'><strong>τὴν</strong></span> <span class='ocrx_word' id='word_1_271' title='bbox 3438 1356 3711 1425; x_wconf 79' lang='grc' dir='ltr'><strong>εὐλογίαν,</strong></span> 
     </span>
    </p>
   </div>
   <div class='ocr_carea' id='block_1_43' title="bbox 2118 1441 3714 1515">
    <p class='ocr_par' dir='ltr' id='par_1_43' title="bbox 2118 1441 3714 1515">
     <span class='ocr_line' id='line_1_44' title="bbox 2118 1441 3714 1515; baseline 0.007 -20"><span class='ocrx_word' id='word_1_272' title='bbox 2118 1441 2219 1496; x_wconf 70' lang='grc' dir='ltr'><strong>κα)⁸</strong></span> <span class='ocrx_word' id='word_1_273' title='bbox 2246 1443 2343 1513; x_wconf 84' lang='grc' dir='ltr'><strong>τὴν</strong></span> <span class='ocrx_word' id='word_1_274' title='bbox 2380 1442 2491 1497; x_wconf 84' lang='grc' dir='ltr'><strong>τῶν</strong></span> <span class='ocrx_word' id='word_1_275' title='bbox 2519 1444 2742 1512; x_wconf 83' lang='grc' dir='ltr'>ἀγαθῶν</span> <span class='ocrx_word' id='word_1_276' title='bbox 2776 1446 3115 1515; x_wconf 75' lang='grc' dir='ltr'><strong>ἐπαγγελίαν</strong></span> <span class='ocrx_word' id='word_1_277' title='bbox 3140 1448 3376 1515; x_wconf 78' lang='grc' dir='ltr'><strong>ἐδέξατο,</strong></span> <span class='ocrx_word' id='word_1_278' title='bbox 3403 1451 3520 1505; x_wconf 87' lang='grc' dir='ltr'><strong>ἐκεῖ</strong></span> <span class='ocrx_word' id='word_1_279' title='bbox 3541 1452 3714 1506; x_wconf 84' lang='grc' dir='ltr'><strong>θεῖναι</strong></span> 
     </span>
    </p>
   </div>
   <div class='ocr_carea' id='block_1_44' title="bbox 2115 1521 3715 1613">
    <p class='ocr_par' dir='ltr' id='par_1_44' title="bbox 2115 1521 3715 1613">
     <span class='ocr_line' id='line_1_45' title="bbox 2115 1521 3715 1613; baseline 0.006 -24"><span class='ocrx_word' id='word_1_280' title='bbox 2115 1536 2207 1589; x_wconf 79' lang='grc' dir='ltr'><strong>τὸν</strong></span> <span class='ocrx_word' id='word_1_281' title='bbox 2227 1536 2394 1589; x_wconf 85' lang='grc' dir='ltr'><strong>παῖδα</strong></span> <span class='ocrx_word' id='word_1_282' title='bbox 2408 1536 2508 1607; x_wconf 82' lang='grc' dir='ltr'><strong>τὴν</strong></span> <span class='ocrx_word' id='word_1_283' title='bbox 2520 1521 2685 1607; x_wconf 61' lang='grc' dir='ltr'><strong>’χεῖρα</strong></span> <span class='ocrx_word' id='word_1_284' title='bbox 2712 1538 3065 1609; x_wconf 77' lang='grc' dir='ltr'><strong>προσέταξεν,</strong></span> <span class='ocrx_word' id='word_1_285' title='bbox 3083 1539 3211 1594; x_wconf 78' lang='grc' dir='ltr'><strong>ἔνθα</strong></span> <span class='ocrx_word' id='word_1_286' title='bbox 3231 1543 3328 1595; x_wconf 71' lang='grc' dir='ltr'><strong>καὶ</strong></span> <span class='ocrx_word' id='word_1_287' title='bbox 3356 1542 3456 1613; x_wconf 88' lang='grc' dir='ltr'><strong>τῆς</strong></span> <span class='ocrx_word' id='word_1_288' title='bbox 3478 1544 3715 1609; x_wconf 87' lang='grc' dir='ltr'><strong>πίστεως</strong></span> 
     </span>
    </p>
   </div>
   <div class='ocr_carea' id='block_1_45' title="bbox 2114 1626 3710 1704">
    <p class='ocr_par' dir='ltr' id='par_1_45' title="bbox 2114 1626 3710 1704">
     <span class='ocr_line' id='line_1_46' title="bbox 2114 1626 3710 1704; baseline 0.006 -25"><span class='ocrx_word' id='word_1_289' title='bbox 2114 1626 2173 1680; x_wconf 75' lang='grc' dir='ltr'><strong>τὸ</strong></span> <span class='ocrx_word' id='word_1_290' title='bbox 2205 1631 2429 1697; x_wconf 87' lang='grc' dir='ltr'><strong>σημεῖον</strong></span> <span class='ocrx_word' id='word_1_291' title='bbox 2448 1627 2687 1693; x_wconf 79' lang='grc' dir='ltr'><strong>ἐδέξατο.</strong></span> <span class='ocrx_word' id='word_1_292' title='bbox 2712 1628 3019 1695; x_wconf 85' lang='grc' dir='ltr'><strong>Πιστεύσας</strong></span> <span class='ocrx_word' id='word_1_293' title='bbox 3040 1632 3149 1704; x_wconf 83' lang='grc' dir='ltr'><strong>γὰρ</strong></span> <span class='ocrx_word' id='word_1_294' title='bbox 3192 1635 3311 1696; x_wconf 85' lang='grc' dir='ltr'><strong>ταῖς</strong></span> <span class='ocrx_word' id='word_1_295' title='bbox 3334 1634 3508 1698; x_wconf 79' lang='grc' dir='ltr'>θείαις</span> <span class='ocrx_word' id='word_1_296' title='bbox 3534 1637 3710 1703; x_wconf 73' lang='grc' dir='ltr'><strong>ἐπαγο</strong></span> 
     </span>
    </p>
   </div>
   <div class='ocr_carea' id='block_1_46' title="bbox 2115 1716 3715 1794">
    <p class='ocr_par' dir='ltr' id='par_1_46' title="bbox 2115 1716 3715 1794">
     <span class='ocr_line' id='line_1_47' title="bbox 2115 1716 3715 1794; baseline 0.006 -26"><span class='ocrx_word' id='word_1_297' title='bbox 2115 1716 2323 1785; x_wconf 85' lang='grc' dir='ltr'><strong>γελίαις</strong></span> <span class='ocrx_word' id='word_1_298' title='bbox 2356 1716 2515 1771; x_wconf 79' lang='grc' dir='ltr'><strong>ἔλαϐε</strong></span> <span class='ocrx_word' id='word_1_299' title='bbox 2541 1717 2641 1789; x_wconf 89' lang='grc' dir='ltr'><strong>τῆς</strong></span> <span class='ocrx_word' id='word_1_300' title='bbox 2664 1723 2969 1791; x_wconf 81' lang='grc' dir='ltr'><strong>περιτομῆς</strong></span> <span class='ocrx_word' id='word_1_301' title='bbox 3014 1720 3114 1792; x_wconf 82' lang='grc' dir='ltr'><strong>τὴν</strong></span> <span class='ocrx_word' id='word_1_302' title='bbox 3149 1722 3441 1794; x_wconf 82' lang='grc' dir='ltr'><strong>σφραγῖδα.</strong></span> <span class='ocrx_word' id='word_1_303' title='bbox 3489 1724 3635 1777; x_wconf 82' lang='grc' dir='ltr'><strong>Ἐκεῖ</strong></span> <span class='ocrx_word' id='word_1_304' title='bbox 3653 1726 3715 1779; x_wconf 75' lang='grc' dir='ltr'><strong>δὲ</strong></span> 
     </span>
    </p>
   </div>
   <div class='ocr_carea' id='block_1_47' title="bbox 2118 1807 3714 1885">
    <p class='ocr_par' dir='ltr' id='par_1_47' title="bbox 2118 1807 3714 1885">
     <span class='ocr_line' id='line_1_48' title="bbox 2118 1807 3714 1885; baseline 0.006 -24"><span class='ocrx_word' id='word_1_305' title='bbox 2118 1807 2405 1881; x_wconf 80' lang='grc' dir='ltr'><strong>θεῖναιτὴν</strong></span> <span class='ocrx_word' id='word_1_306' title='bbox 2422 1812 2583 1881; x_wconf 85' lang='grc' dir='ltr'><strong>χεῖρα</strong></span> <span class='ocrx_word' id='word_1_307' title='bbox 2603 1810 2962 1880; x_wconf 80' lang='grc' dir='ltr'><strong>προσέταξεν,</strong></span> <span class='ocrx_word' id='word_1_308' title='bbox 3001 1811 3088 1866; x_wconf 84' lang='grc' dir='ltr'><strong>ῐνα</strong></span> <span class='ocrx_word' id='word_1_309' title='bbox 3113 1814 3209 1868; x_wconf 74' lang='grc' dir='ltr'><strong>καὶ</strong></span> <span class='ocrx_word' id='word_1_310' title='bbox 3231 1814 3333 1882; x_wconf 81' lang='grc' dir='ltr'><strong>τῆς</strong></span> <span class='ocrx_word' id='word_1_311' title='bbox 3360 1813 3509 1878; x_wconf 85' lang='grc' dir='ltr'>θείας</span> <span class='ocrx_word' id='word_1_312' title='bbox 3540 1818 3714 1885; x_wconf 81' lang='grc' dir='ltr'><strong>ἐπαγ-</strong></span> 
     </span>
    </p>
   </div>
   <div class='ocr_carea' id='block_1_48' title="bbox 2116 1898 3714 1980">
    <p class='ocr_par' dir='ltr' id='par_1_48' title="bbox 2116 1898 3714 1980">
     <span class='ocr_line' id='line_1_49' title="bbox 2116 1898 3714 1980; baseline 0.005 -28"><span class='ocrx_word' id='word_1_313' title='bbox 2116 1898 2303 1968; x_wconf 85' lang='grc' dir='ltr'><strong>γελίας</strong></span> <span class='ocrx_word' id='word_1_314' title='bbox 2321 1898 2415 1953; x_wconf 83' lang='grc' dir='ltr'><strong>καὶ</strong></span> <span class='ocrx_word' id='word_1_315' title='bbox 2431 1903 2529 1971; x_wconf 81' lang='grc' dir='ltr'><strong>τῆς</strong></span> <span class='ocrx_word' id='word_1_316' title='bbox 2548 1902 2850 1973; x_wconf 82' lang='grc' dir='ltr'><strong>περιτομῆς</strong></span> <span class='ocrx_word' id='word_1_317' title='bbox 2873 1903 3528 1976; x_wconf 78' lang='grc' dir='ltr'><strong>μεμνημένος,ἀλλοφύλῳ</strong></span> <span class='ocrx_word' id='word_1_318' title='bbox 3547 1907 3714 1980; x_wconf 82' lang='grc' dir='ltr'><strong>γάμῳ</strong></span> 
     </span>
    </p>
   </div>
   <div class='ocr_carea' id='block_1_49' title="bbox 2115 1989 3714 2064">
    <p class='ocr_par' dir='ltr' id='par_1_49' title="bbox 2115 1989 3714 2064">
     <span class='ocr_line' id='line_1_50' title="bbox 2115 1989 3714 2064; baseline 0.006 -22"><span class='ocrx_word' id='word_1_319' title='bbox 2115 1991 2215 2061; x_wconf 83' lang='grc' dir='ltr'><strong>τὴν</strong></span> <span class='ocrx_word' id='word_1_320' title='bbox 2255 1989 2591 2062; x_wconf 81' lang='grc' dir='ltr'><strong>Δεσποτικὴν</strong></span> <span class='ocrx_word' id='word_1_321' title='bbox 2621 1991 2905 2060; x_wconf 82' lang='grc' dir='ltr'><strong>εὐγένειαν</strong></span> <span class='ocrx_word' id='word_1_322' title='bbox 2965 1992 3042 2064; x_wconf 83' lang='grc' dir='ltr'><strong>μὴ</strong></span> <span class='ocrx_word' id='word_1_323' title='bbox 3069 1993 3407 2064; x_wconf 76' lang='grc' dir='ltr'><strong>λωϐήσηται.</strong></span> <span class='ocrx_word' id='word_1_324' title='bbox 3452 1996 3646 2050; x_wconf 87' lang='grc' dir='ltr'><strong>Ἰστέον</strong></span> <span class='ocrx_word' id='word_1_325' title='bbox 3664 1996 3714 2029; x_wconf 77' lang='grc'><em>³³</em></span> 
     </span>
    </p>
   </div>
   <div class='ocr_carea' id='block_1_50' title="bbox 2117 2080 3715 2157">
    <p class='ocr_par' dir='ltr' id='par_1_50' title="bbox 2117 2080 3715 2157">
     <span class='ocr_line' id='line_1_51' title="bbox 2117 2080 3715 2157; baseline 0.004 -24"><span class='ocrx_word' id='word_1_326' title='bbox 2117 2080 2175 2133; x_wconf 79' lang='grc' dir='ltr'><strong>δὲ</strong></span> <span class='ocrx_word' id='word_1_327' title='bbox 2209 2080 2286 2142; x_wconf 87' lang='grc' dir='ltr'><strong>ὡς</strong></span> <span class='ocrx_word' id='word_1_328' title='bbox 2338 2082 2373 2153; x_wconf 77' lang='grc' dir='ltr'>ὴ</span> <span class='ocrx_word' id='word_1_329' title='bbox 2425 2081 2524 2152; x_wconf 86' lang='grc' dir='ltr'><strong>μὲν</strong></span> <span class='ocrx_word' id='word_1_330' title='bbox 2560 2082 2684 2152; x_wconf 80' lang='grc' dir='ltr'><strong>χεὶρ</strong></span> <span class='ocrx_word' id='word_1_331' title='bbox 2716 2082 2820 2136; x_wconf 82' lang='grc' dir='ltr'><strong>ὑπὸ</strong></span> <span class='ocrx_word' id='word_1_332' title='bbox 2844 2083 2938 2136; x_wconf 82' lang='grc' dir='ltr'><strong>τὸν</strong></span> <span class='ocrx_word' id='word_1_333' title='bbox 2965 2082 3141 2154; x_wconf 81' lang='grc' dir='ltr'><strong>μηρὸν</strong></span> <span class='ocrx_word' id='word_1_334' title='bbox 3175 2083 3411 2155; x_wconf 63' lang='grc' dir='ltr'><strong>ἐτέθηνρ</strong></span> <span class='ocrx_word' id='word_1_335' title='bbox 3458 2085 3517 2141; x_wconf 70' lang='grc' dir='ltr'><strong>δὲ</strong></span> <span class='ocrx_word' id='word_1_336' title='bbox 3549 2087 3715 2157; x_wconf 82' lang='grc' dir='ltr'><strong>ὅρκος</strong></span> 
     </span>
    </p>
   </div>
   <div class='ocr_carea' id='block_1_51' title="bbox 2115 2171 3716 2244">
    <p class='ocr_par' dir='ltr' id='par_1_51' title="bbox 2115 2171 3716 2244">
     <span class='ocr_line' id='line_1_52' title="bbox 2115 2171 3716 2244; baseline 0.003 -19"><span class='ocrx_word' id='word_1_337' title='bbox 2115 2172 2259 2227; x_wconf 78' lang='grc' dir='ltr'><strong>κατὰ</strong></span> <span class='ocrx_word' id='word_1_338' title='bbox 2305 2171 2417 2244; x_wconf 88' lang='grc'>(50)</span> <span class='ocrx_word' id='word_1_339' title='bbox 2460 2172 2556 2228; x_wconf 78' lang='grc' dir='ltr'><strong>τοῦ</strong></span> <span class='ocrx_word' id='word_1_340' title='bbox 2598 2171 2736 2227; x_wconf 85' lang='grc' dir='ltr'><strong>Θεοῦ</strong></span> <span class='ocrx_word' id='word_1_341' title='bbox 2771 2173 2881 2227; x_wconf 85' lang='grc' dir='ltr'><strong>τῶν</strong></span> <span class='ocrx_word' id='word_1_342' title='bbox 2916 2173 3053 2228; x_wconf 81' lang='grc' dir='ltr'><strong>ὅλων</strong></span> <span class='ocrx_word' id='word_1_343' title='bbox 3099 2175 3355 2243; x_wconf 82' lang='grc' dir='ltr'><strong>ἐγένετο·</strong></span> <span class='ocrx_word' id='word_1_344' title='bbox 3400 2195 3419 2227; x_wconf 71' lang='grc' dir='ltr'><strong>ι</strong></span> <span class='ocrx_word' id='word_1_345' title='bbox 3475 2176 3716 2244; x_wconf 76' lang='grc' dir='ltr'><strong>Ὁρκίζω</strong></span> 
     </span>
    </p>
   </div>
   <div class='ocr_carea' id='block_1_52' title="bbox 2118 2263 3716 2338">
    <p class='ocr_par' dir='ltr' id='par_1_52' title="bbox 2118 2263 3716 2338">
     <span class='ocr_line' id='line_1_53' title="bbox 2118 2263 3716 2338; baseline 0.002 -21"><span class='ocrx_word' id='word_1_346' title='bbox 2118 2280 2177 2317; x_wconf 89' lang='grc' dir='ltr'><strong>σε</strong></span> <span class='ocrx_word' id='word_1_347' title='bbox 2205 2264 2343 2333; x_wconf 77' lang='grc'>(51),</span> <span class='ocrx_word' id='word_1_348' title='bbox 2374 2265 2506 2335; x_wconf 80' lang='grc' dir='ltr'><strong>γὰρ,</strong></span> <span class='ocrx_word' id='word_1_349' title='bbox 2540 2263 2668 2336; x_wconf 80' lang='grc' dir='ltr'><strong>ἔφη,</strong></span> <span class='ocrx_word' id='word_1_350' title='bbox 2701 2266 2908 2337; x_wconf 77' lang='grc' dir='ltr'><strong>Κύριον</strong></span> <span class='ocrx_word' id='word_1_351' title='bbox 2941 2265 3033 2320; x_wconf 84' lang='grc' dir='ltr'><strong>τὸν</strong></span> <span class='ocrx_word' id='word_1_352' title='bbox 3069 2266 3202 2320; x_wconf 76' lang='grc' dir='ltr'><strong>Θεὸν</strong></span> <span class='ocrx_word' id='word_1_353' title='bbox 3230 2266 3328 2321; x_wconf 81' lang='grc' dir='ltr'><strong>τοῦ</strong></span> <span class='ocrx_word' id='word_1_354' title='bbox 3353 2267 3584 2338; x_wconf 78' lang='grc' dir='ltr'><strong>ούρανοῦ</strong></span> <span class='ocrx_word' id='word_1_355' title='bbox 3617 2268 3716 2321; x_wconf 74' lang='grc' dir='ltr'><strong>καὶ</strong></span> 
     </span>
    </p>
   </div>
   <div class='ocr_carea' id='block_1_53' title="bbox 2114 2355 3717 2430">
    <p class='ocr_par' dir='ltr' id='par_1_53' title="bbox 2114 2355 3717 2430">
     <span class='ocr_line' id='line_1_54' title="bbox 2114 2355 3717 2430; baseline 0.004 -22"><span class='ocrx_word' id='word_1_356' title='bbox 2114 2356 2216 2426; x_wconf 88' lang='grc' dir='ltr'><strong>τῆς</strong></span> <span class='ocrx_word' id='word_1_357' title='bbox 2232 2359 2356 2426; x_wconf 88' lang='grc' dir='ltr'><strong>γῆς,</strong></span> <span class='ocrx_word' id='word_1_358' title='bbox 2377 2356 2464 2410; x_wconf 82' lang='grc' dir='ltr'><strong>ῐνα</strong></span> <span class='ocrx_word' id='word_1_359' title='bbox 2493 2355 2568 2427; x_wconf 82' lang='grc' dir='ltr'><strong>μὴ</strong></span> <span class='ocrx_word' id='word_1_360' title='bbox 2594 2356 2767 2430; x_wconf 83' lang='grc' dir='ltr'><strong>λάϐῃς</strong></span> <span class='ocrx_word' id='word_1_361' title='bbox 2782 2360 3015 2427; x_wconf 84' lang='grc' dir='ltr'><strong>γυναῖκα</strong></span> <span class='ocrx_word' id='word_1_362' title='bbox 3037 2358 3116 2429; x_wconf 85' lang='grc' dir='ltr'><strong>τῷ</strong></span> <span class='ocrx_word' id='word_1_363' title='bbox 3138 2359 3238 2429; x_wconf 85' lang='grc' dir='ltr'><strong>υἱῷ</strong></span> <span class='ocrx_word' id='word_1_364' title='bbox 3265 2377 3367 2430; x_wconf 91' lang='grc' dir='ltr'><strong>μου</strong></span> <span class='ocrx_word' id='word_1_365' title='bbox 3398 2359 3584 2414; x_wconf 84' lang='grc' dir='ltr'><strong>Ἰσαὰκ</strong></span> <span class='ocrx_word' id='word_1_366' title='bbox 3600 2360 3717 2415; x_wconf 81' lang='grc' dir='ltr'><strong>ἀπὺ</strong></span> 
     </span>
    </p>
   </div>
   <div class='ocr_carea' id='block_1_54' title="bbox 2114 2444 3716 2521">
    <p class='ocr_par' dir='ltr' id='par_1_54' title="bbox 2114 2444 3716 2521">
     <span class='ocr_line' id='line_1_55' title="bbox 2114 2444 3716 2521; baseline 0.004 -21"><span class='ocrx_word' id='word_1_367' title='bbox 2114 2446 2223 2500; x_wconf 82' lang='grc' dir='ltr'><strong>τῶν</strong></span> <span class='ocrx_word' id='word_1_368' title='bbox 2256 2446 2577 2519; x_wconf 73' lang='grc' dir='ltr'><strong>θυγατέρων</strong></span> <span class='ocrx_word' id='word_1_369' title='bbox 2620 2449 2731 2503; x_wconf 85' lang='grc' dir='ltr'><strong>τῶν</strong></span> <span class='ocrx_word' id='word_1_370' title='bbox 2773 2449 3120 2521; x_wconf 70' lang='grc' dir='ltr'><strong>Χαναναίων,</strong></span> <span class='ocrx_word' id='word_1_371' title='bbox 3159 2451 3278 2521; x_wconf 80' lang='grc' dir='ltr'><strong>μεθ’</strong></span> <span class='ocrx_word' id='word_1_372' title='bbox 3320 2444 3395 2505; x_wconf 83' lang='grc' dir='ltr'><strong>ὧν</strong></span> <span class='ocrx_word' id='word_1_373' title='bbox 3435 2450 3547 2520; x_wconf 81' lang='grc' dir='ltr'><strong>ἐγὼ</strong></span> <span class='ocrx_word' id='word_1_374' title='bbox 3576 2452 3716 2506; x_wconf 76' lang='grc' dir='ltr'><strong>οἰκῶ</strong></span> 
     </span>
    </p>
   </div>
   <div class='ocr_carea' id='block_1_55' title="bbox 2114 2536 3715 2610">
    <p class='ocr_par' dir='ltr' id='par_1_55' title="bbox 2114 2536 3715 2610">
     <span class='ocr_line' id='line_1_56' title="bbox 2114 2536 3715 2610; baseline 0.004 -21"><span class='ocrx_word' id='word_1_375' title='bbox 2114 2536 2174 2591; x_wconf 80' lang='grc' dir='ltr'><strong>ἐν</strong></span> <span class='ocrx_word' id='word_1_376' title='bbox 2199 2538 2410 2605; x_wconf 82' lang='grc' dir='ltr'><strong>αὐτοῖς,</strong></span> <span class='ocrx_word' id='word_1_377' title='bbox 2432 2556 2452 2590; x_wconf 73' lang='grc' dir='ltr'><strong>ι</strong></span> <span class='ocrx_word' id='word_1_378' title='bbox 2487 2538 2580 2592; x_wconf 69' lang='grc' dir='ltr'><strong>καὶ</strong></span> <span class='ocrx_word' id='word_1_379' title='bbox 2596 2539 2664 2592; x_wconf 83' lang='grc' dir='ltr'><strong>τὰ</strong></span> <span class='ocrx_word' id='word_1_380' title='bbox 2694 2539 2842 2610; x_wconf 76' lang='grc' dir='ltr'>ἑξῆς.</span> <span class='ocrx_word' id='word_1_381' title='bbox 2874 2540 3168 2609; x_wconf 84' lang='grc' dir='ltr'><strong>Σοφωτὰτη</strong></span> <span class='ocrx_word' id='word_1_382' title='bbox 3188 2540 3235 2572; x_wconf 70' lang='grc'><strong>’⁸</strong></span> <span class='ocrx_word' id='word_1_383' title='bbox 3256 2540 3314 2594; x_wconf 85' lang='grc' dir='ltr'><strong>δὲ</strong></span> <span class='ocrx_word' id='word_1_384' title='bbox 3336 2540 3475 2609; x_wconf 78' lang='grc' dir='ltr'><strong>ἄγαν</strong></span> <span class='ocrx_word' id='word_1_385' title='bbox 3499 2541 3593 2594; x_wconf 78' lang='grc' dir='ltr'><strong>καὶ</strong></span> <span class='ocrx_word' id='word_1_386' title='bbox 3614 2540 3715 2595; x_wconf 75' lang='grc' dir='ltr'><strong>τοῦ</strong></span> 
     </span>
    </p>
   </div>
   <div class='ocr_carea' id='block_1_56' title="bbox 2114 2628 3715 2704">
    <p class='ocr_par' dir='ltr' id='par_1_56' title="bbox 2114 2628 3715 2704">
     <span class='ocr_line' id='line_1_57' title="bbox 2114 2628 3715 2704; baseline 0.001 -22"><span class='ocrx_word' id='word_1_387' title='bbox 2114 2628 2308 2694; x_wconf 80' lang='grc' dir='ltr'><strong>παιδὸς</strong></span> <span class='ocrx_word' id='word_1_388' title='bbox 2344 2631 2376 2701; x_wconf 85' lang='grc' dir='ltr'><strong>ή</strong></span> <span class='ocrx_word' id='word_1_389' title='bbox 2411 2631 2716 2701; x_wconf 87' lang='grc' dir='ltr'><strong>ἐρώτησις·</strong></span> <span class='ocrx_word' id='word_1_390' title='bbox 2764 2631 2951 2694; x_wconf 84' lang='grc' dir='ltr'>δείσας</span> <span class='ocrx_word' id='word_1_391' title='bbox 2988 2631 3097 2702; x_wconf 81' lang='grc' dir='ltr'><strong>γὰρ</strong></span> <span class='ocrx_word' id='word_1_392' title='bbox 3141 2632 3233 2685; x_wconf 81' lang='grc' dir='ltr'><strong>τὸν</strong></span> <span class='ocrx_word' id='word_1_393' title='bbox 3280 2632 3463 2703; x_wconf 86' lang='grc' dir='ltr'><strong>ὅρκον,</strong></span> <span class='ocrx_word' id='word_1_394' title='bbox 3516 2631 3715 2704; x_wconf 85' lang='grc' dir='ltr'><strong>δήλους</strong></span> 
     </span>
    </p>
   </div>
   <div class='ocr_carea' id='block_1_57' title="bbox 2113 2721 3708 2795">
    <p class='ocr_par' dir='ltr' id='par_1_57' title="bbox 2113 2721 3708 2795">
     <span class='ocr_line' id='line_1_58' title="bbox 2113 2721 3708 2795; baseline 0.001 -18"><span class='ocrx_word' id='word_1_395' title='bbox 2113 2721 2265 2793; x_wconf 81' lang='grc' dir='ltr'><strong>αὐτῷ</strong></span> <span class='ocrx_word' id='word_1_396' title='bbox 2312 2722 2569 2792; x_wconf 84' lang='grc' dir='ltr'><strong>γενέσθαι</strong></span> <span class='ocrx_word' id='word_1_397' title='bbox 2623 2723 2926 2794; x_wconf 82' lang='grc' dir='ltr'><strong>παρεκάλει</strong></span> <span class='ocrx_word' id='word_1_398' title='bbox 2973 2722 3068 2776; x_wconf 79' lang='grc' dir='ltr'><strong>τοῦ</strong></span> <span class='ocrx_word' id='word_1_399' title='bbox 3108 2723 3289 2795; x_wconf 86' lang='grc' dir='ltr'><strong>γάμου</strong></span> <span class='ocrx_word' id='word_1_400' title='bbox 3337 2724 3465 2787; x_wconf 80' lang='grc' dir='ltr'><strong>τοὺς</strong></span> <span class='ocrx_word' id='word_1_401' title='bbox 3507 2725 3708 2794; x_wconf 81' lang='grc' dir='ltr'><strong>ὅρους.</strong></span> 
     </span>
    </p>
   </div>
   <div class='ocr_carea' id='block_1_58' title="bbox 2119 2813 3709 2888">
    <p class='ocr_par' dir='ltr' id='par_1_58' title="bbox 2119 2813 3709 2888">
     <span class='ocr_line' id='line_1_59' title="bbox 2119 2813 3709 2888; baseline 0.001 -21"><span class='ocrx_word' id='word_1_402' title='bbox 2119 2832 2139 2867; x_wconf 76' lang='lat' dir='ltr'><strong>r</strong></span> <span class='ocrx_word' id='word_1_403' title='bbox 2195 2816 2261 2869; x_wconf 76' lang='lat' dir='ltr'><strong>El</strong></span> <span class='ocrx_word' id='word_1_404' title='bbox 2305 2815 2415 2887; x_wconf 84' lang='grc' dir='ltr'><strong>γὰρ</strong></span> <span class='ocrx_word' id='word_1_405' title='bbox 2446 2816 2585 2888; x_wconf 78' lang='grc'>(52),</span> <span class='ocrx_word' id='word_1_406' title='bbox 2621 2817 2775 2887; x_wconf 72' lang='grc' dir='ltr'><strong>φησι,</strong></span> <span class='ocrx_word' id='word_1_407' title='bbox 2816 2815 2892 2887; x_wconf 84' lang='grc' dir='ltr'><strong>μὴ</strong></span> <span class='ocrx_word' id='word_1_408' title='bbox 2939 2815 3115 2869; x_wconf 73' lang='grc' dir='ltr'><strong>ἕλοιτο</strong></span> <span class='ocrx_word' id='word_1_409' title='bbox 3164 2813 3400 2868; x_wconf 81' lang='grc' dir='ltr'><strong>ἐνταῦθα</strong></span> <span class='ocrx_word' id='word_1_410' title='bbox 3442 2815 3623 2869; x_wconf 77' lang='grc' dir='ltr'><strong>ἐλθεῖν</strong></span> <span class='ocrx_word' id='word_1_411' title='bbox 3670 2817 3709 2886; x_wconf 79' lang='grc' dir='ltr'><strong>ἡ</strong></span> 
     </span>
    </p>
   </div>
   <div class='ocr_carea' id='block_1_59' title="bbox 2118 2904 3713 2979">
    <p class='ocr_par' dir='ltr' id='par_1_59' title="bbox 2118 2904 3713 2979">
     <span class='ocr_line' id='line_1_60' title="bbox 2118 2904 3713 2979; baseline -0.001 -17"><span class='ocrx_word' id='word_1_412' title='bbox 2118 2908 2534 2978; x_wconf 82' lang='grc' dir='ltr'><strong>μνηστευομένη</strong></span> <span class='ocrx_word' id='word_1_413' title='bbox 2580 2906 2738 2979; x_wconf 83' lang='grc' dir='ltr'><strong>κόρη,</strong></span> <span class='ocrx_word' id='word_1_414' title='bbox 2771 2906 2910 2961; x_wconf 83' lang='grc' dir='ltr'><strong>ἀλλὰ</strong></span> <span class='ocrx_word' id='word_1_415' title='bbox 2952 2905 3092 2977; x_wconf 77' lang='grc' dir='ltr'><strong>πρὸς</strong></span> <span class='ocrx_word' id='word_1_416' title='bbox 3126 2905 3298 2977; x_wconf 77' lang='grc' dir='ltr'><strong>αὐτὴν</strong></span> <span class='ocrx_word' id='word_1_417' title='bbox 3326 2904 3583 2960; x_wconf 80' lang='grc' dir='ltr'><strong>ἀπελθεῖν</strong></span> <span class='ocrx_word' id='word_1_418' title='bbox 3614 2905 3713 2960; x_wconf 85' lang='grc' dir='ltr'><strong>τὸν</strong></span> 
     </span>
    </p>
   </div>
   <div class='ocr_carea' id='block_1_60' title="bbox 2119 2997 3709 3070">
    <p class='ocr_par' dir='ltr' id='par_1_60' title="bbox 2119 2997 3709 3070">
     <span class='ocr_line' id='line_1_61' title="bbox 2119 2997 3709 3070; baseline 0 -19"><span class='ocrx_word' id='word_1_419' title='bbox 2119 3000 2411 3070; x_wconf 84' lang='grc' dir='ltr'><strong>μνηστῆρα</strong></span> <span class='ocrx_word' id='word_1_420' title='bbox 2456 2997 2698 3065; x_wconf 83' lang='grc' dir='ltr'><strong>κελεύει,</strong></span> <span class='ocrx_word' id='word_1_421' title='bbox 2728 2999 3086 3068; x_wconf 86' lang='grc' dir='ltr'><strong>προστάττεις</strong></span> <span class='ocrx_word' id='word_1_422' title='bbox 3128 2997 3219 3051; x_wconf 81' lang='grc' dir='ltr'><strong>τὸν</strong></span> <span class='ocrx_word' id='word_1_423' title='bbox 3248 2997 3365 3052; x_wconf 79' lang='grc' dir='ltr'><strong>υἱὸν</strong></span> <span class='ocrx_word' id='word_1_424' title='bbox 3398 3000 3481 3060; x_wconf 86' lang='grc' dir='ltr'><strong>είς</strong></span> <span class='ocrx_word' id='word_1_425' title='bbox 3526 2999 3709 3052; x_wconf 82' lang='grc' dir='ltr'><strong>ἐκεῖνο</strong></span> 
     </span>
    </p>
   </div>
   <div class='ocr_carea' id='block_1_61' title="bbox 435 3066 2013 3163">
    <p class='ocr_par' dir='ltr' id='par_1_61' title="bbox 435 3066 2007 3153">
     <span class='ocr_line' id='line_1_62' title="bbox 435 3066 2007 3153; baseline 0.015 -32"><span class='ocrx_word' id='word_1_426' title='bbox 435 3066 630 3124; x_wconf 70' lang='lat' dir='ltr'><strong>Verum</strong></span> <span class='ocrx_word' id='word_1_427' title='bbox 678 3071 954 3129; x_wconf 80' lang='lat' dir='ltr'><strong>Abraham</strong></span> <span class='ocrx_word' id='word_1_428' title='bbox 1011 3077 1346 3146; x_wconf 84' lang='lat' dir='ltr'><strong>patriarcha,</strong></span> <span class='ocrx_word' id='word_1_429' title='bbox 1407 3082 1499 3151; x_wconf 90' lang='lat' dir='ltr'><strong>qui</strong></span> <span class='ocrx_word' id='word_1_430' title='bbox 1544 3084 1713 3153; x_wconf 88' lang='lat' dir='ltr'><strong>probe</strong></span> <span class='ocrx_word' id='word_1_431' title='bbox 1763 3099 2007 3152; x_wconf 86' lang='lat' dir='ltr'><strong>noverat,</strong></span> 
     </span>
    </p>
   </div>
   <div class='ocr_carea' id='block_1_62' title="bbox 2119 3066 3707 3163">
    <p class='ocr_par' dir='ltr' id='par_1_62' title="bbox 2119 3066 3707 3163">
     <span class='ocr_line' id='line_1_63' title="bbox 2119 3066 3707 3163; baseline -0.002 -19"><span class='ocrx_word' id='word_1_432' title='bbox 2119 3066 2173 3144; x_wconf 72' lang='grc' dir='ltr'><strong>τὸ</strong></span> <span class='ocrx_word' id='word_1_433' title='bbox 2204 3066 2355 3156; x_wconf 65' lang='grc' dir='ltr'><strong>ἐθνόξ</strong></span> <span class='ocrx_word' id='word_1_434' title='bbox 2378 3090 2492 3163; x_wconf 79' lang='grc'>(55)</span> <span class='ocrx_word' id='word_1_435' title='bbox 2520 3090 2765 3145; x_wconf 81' lang='grc' dir='ltr'><strong>ἀνελθεῖν</strong></span> <span class='ocrx_word' id='word_1_436' title='bbox 2776 3066 2830 3157; x_wconf 58' lang='grc' dir='ltr'><strong>ξι</strong></span> <span class='ocrx_word' id='word_1_437' title='bbox 2854 3090 2995 3145; x_wconf 79' lang='grc' dir='ltr'><strong>Ἀλλ’</strong></span> <span class='ocrx_word' id='word_1_438' title='bbox 3020 3090 3049 3141; x_wconf 89' lang='lat'><strong>6</strong></span> <span class='ocrx_word' id='word_1_439' title='bbox 3069 3089 3418 3162; x_wconf 81' lang='grc' dir='ltr'><strong>πατριάρχης</strong></span> <span class='ocrx_word' id='word_1_440' title='bbox 3454 3087 3707 3160; x_wconf 70' lang='grc' dir='ltr'><strong>’Δϐραὰμ</strong></span> 
     </span>
    </p>
   </div>
   <div class='ocr_carea' id='block_1_63' title="bbox 431 3164 2010 3251">
    <p class='ocr_par' dir='ltr' id='par_1_63' title="bbox 431 3164 2010 3251">
     <span class='ocr_line' id='line_1_64' title="bbox 431 3164 2010 3251; baseline 0.013 -37"><span class='ocrx_word' id='word_1_441' title='bbox 431 3176 492 3215; x_wconf 84' lang='lat' dir='ltr'><strong>se</strong></span> <span class='ocrx_word' id='word_1_442' title='bbox 518 3164 800 3222; x_wconf 89' lang='lat' dir='ltr'><strong>vocatione</strong></span> <span class='ocrx_word' id='word_1_443' title='bbox 825 3166 1007 3223; x_wconf 85' lang='lat' dir='ltr'><strong>divina</strong></span> <span class='ocrx_word' id='word_1_444' title='bbox 1025 3169 1176 3225; x_wconf 92' lang='lat' dir='ltr'><strong>illinc</strong></span> <span class='ocrx_word' id='word_1_445' title='bbox 1198 3171 1452 3228; x_wconf 92' lang='lat' dir='ltr'><strong>eductum</strong></span> <span class='ocrx_word' id='word_1_446' title='bbox 1475 3174 1666 3242; x_wconf 81' lang='lat' dir='ltr'><strong>fuisse,</strong></span> <span class='ocrx_word' id='word_1_447' title='bbox 1690 3179 1801 3251; x_wconf 73' lang='lat'><strong>87</strong></span> <span class='ocrx_word' id='word_1_448' title='bbox 1822 3195 2010 3236; x_wconf 88' lang='lat' dir='ltr'><strong>verum</strong></span> 
     </span>
    </p>
   </div>
   <div class='ocr_carea' id='block_1_64' title="bbox 433 3253 2009 3338">
    <p class='ocr_par' dir='ltr' id='par_1_64' title="bbox 433 3253 2009 3338">
     <span class='ocr_line' id='line_1_65' title="bbox 433 3253 2009 3338; baseline 0.013 -32"><span class='ocrx_word' id='word_1_449' title='bbox 433 3253 735 3338; x_wconf 20' lang='lat' dir='ltr'><strong>deinuptiis</strong></span> <span class='ocrx_word' id='word_1_450' title='bbox 787 3258 958 3328; x_wconf 91' lang='lat' dir='ltr'><strong>legem</strong></span> <span class='ocrx_word' id='word_1_451' title='bbox 991 3276 1019 3314; x_wconf 88' lang='lat' dir='ltr'><strong>a</strong></span> <span class='ocrx_word' id='word_1_452' title='bbox 1058 3260 1171 3317; x_wconf 92' lang='lat' dir='ltr'><strong>Deo</strong></span> <span class='ocrx_word' id='word_1_453' title='bbox 1197 3279 1306 3319; x_wconf 92' lang='lat' dir='ltr'><strong>non</strong></span> <span class='ocrx_word' id='word_1_454' title='bbox 1356 3269 1652 3338; x_wconf 86' lang='lat' dir='ltr'><strong>accepisse,</strong></span> <span class='ocrx_word' id='word_1_455' title='bbox 1705 3288 1832 3327; x_wconf 87' lang='lat' dir='ltr'><strong>cum</strong></span> <span class='ocrx_word' id='word_1_456' title='bbox 1862 3281 2009 3328; x_wconf 85' lang='lat' dir='ltr'><strong>esset</strong></span> 
     </span>
    </p>
   </div>
   <div class='ocr_carea' id='block_1_65' title="bbox 434 3326 2010 3434">
    <p class='ocr_par' dir='ltr' id='par_1_65' title="bbox 434 3326 2010 3434">
     <span class='ocr_line' id='line_1_66' title="bbox 434 3326 2010 3434; baseline 0.013 -36"><span class='ocrx_word' id='word_1_457' title='bbox 434 3344 490 3406; x_wconf 86' lang='lat' dir='ltr'><strong>in</strong></span> <span class='ocrx_word' id='word_1_458' title='bbox 509 3326 797 3417; x_wconf 33' lang='lat' dir='ltr'><strong>’religione</strong></span> <span class='ocrx_word' id='word_1_459' title='bbox 824 3326 911 3420; x_wconf 75' lang='lat' dir='ltr'><strong>pie</strong></span> <span class='ocrx_word' id='word_1_460' title='bbox 948 3352 1238 3423; x_wconf 84' lang='lat' dir='ltr'><strong>educatus,</strong></span> <span class='ocrx_word' id='word_1_461' title='bbox 1271 3358 1443 3413; x_wconf 89' lang='lat' dir='ltr'><strong>voluit</strong></span> <span class='ocrx_word' id='word_1_462' title='bbox 1485 3326 1610 3416; x_wconf 50' lang='lat' dir='ltr'><strong>Ililio</strong></span> <span class='ocrx_word' id='word_1_463' title='bbox 1661 3377 1728 3417; x_wconf 79' lang='lat' dir='ltr'><strong>ex</strong></span> <span class='ocrx_word' id='word_1_464' title='bbox 1786 3364 2010 3434; x_wconf 85' lang='lat' dir='ltr'><strong>propria</strong></span> 
     </span>
    </p>
   </div>
   <div class='ocr_carea' id='block_1_66' title="bbox 431 3438 2015 3524">
    <p class='ocr_par' dir='ltr' id='par_1_66' title="bbox 431 3438 2015 3524">
     <span class='ocr_line' id='line_1_67' title="bbox 431 3438 2015 3524; baseline 0.014 -36"><span class='ocrx_word' id='word_1_465' title='bbox 431 3438 761 3506; x_wconf 88' lang='lat' dir='ltr'><strong>cognatione</strong></span> <span class='ocrx_word' id='word_1_466' title='bbox 787 3454 1013 3497; x_wconf 81' lang='lat' dir='ltr'><strong>uxorem</strong></span> <span class='ocrx_word' id='word_1_467' title='bbox 1048 3444 1404 3517; x_wconf 86' lang='lat' dir='ltr'><strong>desponsari:</strong></span> <span class='ocrx_word' id='word_1_468' title='bbox 1465 3452 1706 3524; x_wconf 90' lang='lat' dir='ltr'><strong>illudque</strong></span> <span class='ocrx_word' id='word_1_469' title='bbox 1759 3455 2015 3524; x_wconf 79' lang='lat' dir='ltr'><strong>prohibet</strong></span> 
     </span>
    </p>
   </div>
   <div class='ocr_carea' id='block_1_67' title="bbox 417 3526 2009 3611">
    <p class='ocr_par' dir='ltr' id='par_1_67' title="bbox 417 3526 2009 3611">
     <span class='ocr_line' id='line_1_68' title="bbox 417 3526 2009 3611; baseline 0.009 -24"><span class='ocrx_word' id='word_1_470' title='bbox 417 3526 570 3594; x_wconf 71' lang='lat' dir='ltr'><strong>ﬁeri,</strong></span> <span class='ocrx_word' id='word_1_471' title='bbox 600 3533 744 3609; x_wconf 81' lang='lat' dir='ltr'><strong>quod</strong></span> <span class='ocrx_word' id='word_1_472' title='bbox 778 3534 962 3592; x_wconf 88' lang='lat' dir='ltr'><strong>divina</strong></span> <span class='ocrx_word' id='word_1_473' title='bbox 991 3536 1105 3608; x_wconf 90' lang='lat' dir='ltr'><strong>lege</strong></span> <span class='ocrx_word' id='word_1_474' title='bbox 1128 3541 1469 3611; x_wconf 87' lang='lat' dir='ltr'><strong>potissimum</strong></span> <span class='ocrx_word' id='word_1_475' title='bbox 1495 3556 1611 3601; x_wconf 88' lang='lat' dir='ltr'><strong>erat</strong></span> <span class='ocrx_word' id='word_1_476' title='bbox 1630 3538 1648 3555; x_wconf 77' lang='grc'><strong><em>“</em></strong></span> <span class='ocrx_word' id='word_1_477' title='bbox 1675 3545 1967 3602; x_wconf 88' lang='lat' dir='ltr'><strong>inhibitum</strong></span> <span class='ocrx_word' id='word_1_478' title='bbox 1997 3566 2009 3601; x_wconf 95' lang='lat'>:</span> 
     </span>
    </p>
   </div>
   <div class='ocr_carea' id='block_1_68' title="bbox 436 3623 2015 3709">
    <p class='ocr_par' dir='ltr' id='par_1_68' title="bbox 436 3623 2015 3709">
     <span class='ocr_line' id='line_1_69' title="bbox 436 3623 2015 3709; baseline 0.011 -31"><span class='ocrx_word' id='word_1_479' title='bbox 436 3623 544 3678; x_wconf 87' lang='lat' dir='ltr'><strong>hoc</strong></span> <span class='ocrx_word' id='word_1_480' title='bbox 572 3633 754 3679; x_wconf 86' lang='lat' dir='ltr'><strong>autem</strong></span> <span class='ocrx_word' id='word_1_481' title='bbox 783 3625 982 3684; x_wconf 80' lang='lat' dir='ltr'><strong>divinae</strong></span> <span class='ocrx_word' id='word_1_482' title='bbox 1013 3632 1281 3702; x_wconf 88' lang='lat' dir='ltr'><strong>permittit</strong></span> <span class='ocrx_word' id='word_1_483' title='bbox 1307 3632 1691 3702; x_wconf 56' lang='lat' dir='ltr'><strong>Providentia,</strong></span> <span class='ocrx_word' id='word_1_484' title='bbox 1722 3654 1827 3709; x_wconf 86' lang='lat' dir='ltr'><strong>qua</strong></span> <span class='ocrx_word' id='word_1_485' title='bbox 1878 3654 2015 3695; x_wconf 88' lang='lat' dir='ltr'><strong>con-</strong></span> 
     </span>
    </p>
   </div>
   <div class='ocr_carea' id='block_1_69' title="bbox 434 3712 2015 3789">
    <p class='ocr_par' dir='ltr' id='par_1_69' title="bbox 434 3712 2015 3789">
     <span class='ocr_line' id='line_1_70' title="bbox 434 3712 2015 3789; baseline 0.015 -23"><span class='ocrx_word' id='word_1_486' title='bbox 434 3712 571 3768; x_wconf 83' lang='lat' dir='ltr'><strong>ﬁsus</strong></span> <span class='ocrx_word' id='word_1_487' title='bbox 598 3730 790 3773; x_wconf 82' lang='lat' dir='ltr'><strong>servus</strong></span> <span class='ocrx_word' id='word_1_488' title='bbox 819 3720 1100 3789; x_wconf 77' lang='lat' dir='ltr'><strong>profectus</strong></span> <span class='ocrx_word' id='word_1_489' title='bbox 1126 3735 1231 3782; x_wconf 87' lang='lat' dir='ltr'><strong>est.</strong></span> <span class='ocrx_word' id='word_1_490' title='bbox 1279 3727 1351 3782; x_wconf 83' lang='lat' dir='ltr'><strong>At</strong></span> <span class='ocrx_word' id='word_1_491' title='bbox 1375 3744 1504 3785; x_wconf 72' lang='lat' dir='ltr'><strong>vero</strong></span> <span class='ocrx_word' id='word_1_492' title='bbox 1561 3747 1671 3786; x_wconf 91' lang='lat' dir='ltr'><strong>non</strong></span> <span class='ocrx_word' id='word_1_493' title='bbox 1714 3731 2015 3789; x_wconf 85' lang='lat' dir='ltr'><strong>dubitando</strong></span> 
     </span>
    </p>
   </div>
   <div class='ocr_carea' id='block_1_70' title="bbox 431 3807 2013 3892">
    <p class='ocr_par' dir='ltr' id='par_1_70' title="bbox 431 3807 2013 3892">
     <span class='ocr_line' id='line_1_71' title="bbox 431 3807 2013 3892; baseline 0.016 -35"><span class='ocrx_word' id='word_1_494' title='bbox 431 3807 981 3874; x_wconf 81' lang='lat' dir='ltr'><strong>protulitorationem</strong></span> <span class='ocrx_word' id='word_1_495' title='bbox 1017 3815 1185 3885; x_wconf 88' lang='lat' dir='ltr'><strong>illam,</strong></span> <span class='ocrx_word' id='word_1_496' title='bbox 1239 3830 1298 3876; x_wconf 91' lang='lat' dir='ltr'><strong>ut</strong></span> <span class='ocrx_word' id='word_1_497' title='bbox 1318 3823 1542 3892; x_wconf 87' lang='lat' dir='ltr'><strong>quidam</strong></span> <span class='ocrx_word' id='word_1_498' title='bbox 1574 3824 1806 3880; x_wconf 89' lang='lat' dir='ltr'><strong>nimium</strong></span> <span class='ocrx_word' id='word_1_499' title='bbox 1868 3827 2013 3882; x_wconf 87' lang='lat' dir='ltr'><strong>sim-</strong></span> 
     </span>
    </p>
   </div>
   <div class='ocr_carea' id='block_1_71' title="bbox 430 3897 2014 3985">
    <p class='ocr_par' dir='ltr' id='par_1_71' title="bbox 430 3897 2014 3985">
     <span class='ocr_line' id='line_1_72' title="bbox 430 3897 2014 3985; baseline 0.014 -36"><span class='ocrx_word' id='word_1_500' title='bbox 430 3897 604 3968; x_wconf 79' lang='lat' dir='ltr'><strong>plices</strong></span> <span class='ocrx_word' id='word_1_501' title='bbox 631 3900 983 3960; x_wconf 82' lang='lat' dir='ltr'><strong>existimant:</strong></span> <span class='ocrx_word' id='word_1_502' title='bbox 1021 3908 1117 3964; x_wconf 87' lang='lat' dir='ltr'><strong>sed</strong></span> <span class='ocrx_word' id='word_1_503' title='bbox 1144 3925 1269 3965; x_wconf 91' lang='lat' dir='ltr'><strong>cum</strong></span> <span class='ocrx_word' id='word_1_504' title='bbox 1326 3913 1491 3969; x_wconf 87' lang='lat' dir='ltr'><strong>Deum</strong></span> <span class='ocrx_word' id='word_1_505' title='bbox 1525 3914 1672 3971; x_wconf 90' lang='lat' dir='ltr'><strong>illius</strong></span> <span class='ocrx_word' id='word_1_506' title='bbox 1713 3914 2014 3985; x_wconf 84' lang='lat' dir='ltr'><strong>desponsa-</strong></span> 
     </span>
    </p>
   </div>
   <div class='ocr_carea' id='block_1_72' title="bbox 2116 3179 3707 3255">
    <p class='ocr_par' dir='ltr' id='par_1_72' title="bbox 2116 3179 3707 3255">
     <span class='ocr_line' id='line_1_73' title="bbox 2116 3179 3707 3255; baseline -0.002 -18"><span class='ocrx_word' id='word_1_507' title='bbox 2116 3183 2294 3250; x_wconf 72' lang='grc' dir='ltr'><strong>εἰδὼς,</strong></span> <span class='ocrx_word' id='word_1_508' title='bbox 2331 3184 2409 3248; x_wconf 88' lang='grc' dir='ltr'><strong>ὡς</strong></span> <span class='ocrx_word' id='word_1_509' title='bbox 2449 3182 2661 3237; x_wconf 86' lang='grc' dir='ltr'><strong>ἐκεῖθεν</strong></span> <span class='ocrx_word' id='word_1_510' title='bbox 2697 3183 2797 3254; x_wconf 82' lang='grc' dir='ltr'><strong>μὲν</strong></span> <span class='ocrx_word' id='word_1_511' title='bbox 2827 3184 2991 3238; x_wconf 83' lang='grc' dir='ltr'><strong>αὑτὸν</strong></span> <span class='ocrx_word' id='word_1_512' title='bbox 3020 3185 3054 3255; x_wconf 74' lang='grc' dir='ltr'><strong>ἡ</strong></span> <span class='ocrx_word' id='word_1_513' title='bbox 3093 3182 3217 3236; x_wconf 88' lang='grc' dir='ltr'><strong>θεία</strong></span> <span class='ocrx_word' id='word_1_514' title='bbox 3251 3182 3449 3251; x_wconf 84' lang='grc' dir='ltr'><strong>κλῆσις</strong></span> <span class='ocrx_word' id='word_1_515' title='bbox 3481 3182 3590 3254; x_wconf 71' lang='grc'>(54)</span> <span class='ocrx_word' id='word_1_516' title='bbox 3619 3179 3707 3246; x_wconf 81' lang='grc' dir='ltr'><strong>ἐξ-</strong></span> 
     </span>
    </p>
   </div>
   <div class='ocr_carea' id='block_1_73' title="bbox 2116 3273 3705 3347">
    <p class='ocr_par' dir='ltr' id='par_1_73' title="bbox 2116 3273 3705 3347">
     <span class='ocr_line' id='line_1_74' title="bbox 2116 3273 3705 3347; baseline -0.003 -18"><span class='ocrx_word' id='word_1_517' title='bbox 2116 3276 2315 3346; x_wconf 88' lang='grc' dir='ltr'><strong>ήγαγε,</strong></span> <span class='ocrx_word' id='word_1_518' title='bbox 2345 3275 2476 3344; x_wconf 74' lang='grc' dir='ltr'><strong>περὶ</strong></span> <span class='ocrx_word' id='word_1_519' title='bbox 2508 3275 2566 3329; x_wconf 83' lang='grc' dir='ltr'><strong>δὲ</strong></span> <span class='ocrx_word' id='word_1_520' title='bbox 2600 3273 2694 3328; x_wconf 79' lang='grc' dir='ltr'><strong>τοῦ</strong></span> <span class='ocrx_word' id='word_1_521' title='bbox 2732 3274 2916 3344; x_wconf 83' lang='grc' dir='ltr'>γάμου</span> <span class='ocrx_word' id='word_1_522' title='bbox 2943 3275 3108 3347; x_wconf 87' lang='grc' dir='ltr'><strong>νόμον</strong></span> <span class='ocrx_word' id='word_1_523' title='bbox 3134 3276 3237 3328; x_wconf 82' lang='grc' dir='ltr'><strong>οὐκ</strong></span> <span class='ocrx_word' id='word_1_524' title='bbox 3280 3275 3500 3340; x_wconf 79' lang='grc' dir='ltr'><strong>ἐδέξατο</strong></span> <span class='ocrx_word' id='word_1_525' title='bbox 3524 3273 3668 3327; x_wconf 85' lang='grc' dir='ltr'><strong>θεῖον</strong></span> <span class='ocrx_word' id='word_1_526' title='bbox 3689 3290 3705 3303; x_wconf 89' lang='grc'><strong>·</strong></span> 
     </span>
    </p>
   </div>
   <div class='ocr_carea' id='block_1_74' title="bbox 2116 3362 3708 3438">
    <p class='ocr_par' dir='ltr' id='par_1_74' title="bbox 2116 3362 3708 3438">
     <span class='ocr_line' id='line_1_75' title="bbox 2116 3362 3708 3438; baseline -0.001 -19"><span class='ocrx_word' id='word_1_527' title='bbox 2116 3366 2278 3430; x_wconf 81' lang='grc' dir='ltr'><strong>αὐτὸς</strong></span> <span class='ocrx_word' id='word_1_528' title='bbox 2306 3366 2366 3419; x_wconf 82' lang='grc' dir='ltr'><strong>δὲ</strong></span> <span class='ocrx_word' id='word_1_529' title='bbox 2399 3366 2475 3430; x_wconf 88' lang='grc' dir='ltr'><strong>ὼς</strong></span> <span class='ocrx_word' id='word_1_530' title='bbox 2510 3365 2765 3438; x_wconf 76' lang='grc' dir='ltr'><strong>εὐσεϐείᾳ</strong></span> <span class='ocrx_word' id='word_1_531' title='bbox 2796 3365 3298 3436; x_wconf 84' lang='grc' dir='ltr'><strong>συντεθραμμένος,</strong></span> <span class='ocrx_word' id='word_1_532' title='bbox 3331 3365 3599 3435; x_wconf 74' lang='grc' dir='ltr'><strong>ἠθέλησεν</strong></span> <span class='ocrx_word' id='word_1_533' title='bbox 3639 3362 3708 3417; x_wconf 84' lang='grc' dir='ltr'><strong>ἐκ</strong></span> 
     </span>
    </p>
   </div>
   <div class='ocr_carea' id='block_1_75' title="bbox 2117 3455 3709 3529">
    <p class='ocr_par' dir='ltr' id='par_1_75' title="bbox 2117 3455 3709 3529">
     <span class='ocr_line' id='line_1_76' title="bbox 2117 3455 3709 3529; baseline -0.003 -19"><span class='ocrx_word' id='word_1_534' title='bbox 2117 3457 2217 3529; x_wconf 89' lang='grc' dir='ltr'><strong>τῆς</strong></span> <span class='ocrx_word' id='word_1_535' title='bbox 2265 3457 2594 3527; x_wconf 77' lang='grc' dir='ltr'><strong>συγγενικῆς</strong></span> <span class='ocrx_word' id='word_1_536' title='bbox 2644 3457 2825 3520; x_wconf 69' lang='grc' dir='ltr'><strong>οἰκίας</strong></span> <span class='ocrx_word' id='word_1_537' title='bbox 2867 3458 2946 3526; x_wconf 82' lang='grc' dir='ltr'><strong>τῷ</strong></span> <span class='ocrx_word' id='word_1_538' title='bbox 2991 3456 3145 3509; x_wconf 75' lang='grc' dir='ltr'><strong>παιδὶ</strong></span> <span class='ocrx_word' id='word_1_539' title='bbox 3190 3455 3569 3525; x_wconf 89' lang='grc' dir='ltr'><strong>κατεγγυῆσαι</strong></span> <span class='ocrx_word' id='word_1_540' title='bbox 3611 3471 3709 3522; x_wconf 88' lang='grc' dir='ltr'><strong>γυ-</strong></span> 
     </span>
    </p>
   </div>
   <div class='ocr_carea' id='block_1_76' title="bbox 2116 3545 3708 3620">
    <p class='ocr_par' dir='ltr' id='par_1_76' title="bbox 2116 3545 3708 3620">
     <span class='ocr_line' id='line_1_77' title="bbox 2116 3545 3708 3620; baseline -0.004 -16"><span class='ocrx_word' id='word_1_541' title='bbox 2116 3550 2279 3604; x_wconf 86' lang='grc' dir='ltr'><strong>ναῖκα</strong></span> <span class='ocrx_word' id='word_1_542' title='bbox 2301 3566 2313 3579; x_wconf 88' lang='grc'>·</span> <span class='ocrx_word' id='word_1_543' title='bbox 2346 3549 2526 3601; x_wconf 87' lang='grc' dir='ltr'><strong>ἐκεῖνο</strong></span> <span class='ocrx_word' id='word_1_544' title='bbox 2562 3547 2662 3618; x_wconf 80' lang='grc' dir='ltr'><strong>μὲν</strong></span> <span class='ocrx_word' id='word_1_545' title='bbox 2687 3546 3023 3620; x_wconf 85' lang='grc' dir='ltr'><strong>ἀπαγορεύει</strong></span> <span class='ocrx_word' id='word_1_546' title='bbox 3051 3545 3325 3616; x_wconf 85' lang='grc' dir='ltr'><strong>γενέσθαι,</strong></span> <span class='ocrx_word' id='word_1_547' title='bbox 3362 3547 3457 3601; x_wconf 72' lang='grc' dir='ltr'><strong>ἅτε</strong></span> <span class='ocrx_word' id='word_1_548' title='bbox 3489 3545 3554 3617; x_wconf 82' lang='grc' dir='ltr'><strong>δὴ</strong></span> <span class='ocrx_word' id='word_1_549' title='bbox 3577 3545 3708 3616; x_wconf 82' lang='grc' dir='ltr'><strong>θείῳ</strong></span> 
     </span>
    </p>
   </div>
   <div class='ocr_carea' id='block_1_77' title="bbox 2116 3636 3711 3712">
    <p class='ocr_par' dir='ltr' id='par_1_77' title="bbox 2116 3636 3711 3712">
     <span class='ocr_line' id='line_1_78' title="bbox 2116 3636 3711 3712; baseline -0.002 -18"><span class='ocrx_word' id='word_1_550' title='bbox 2116 3641 2268 3712; x_wconf 81' lang='grc' dir='ltr'><strong>νόμῳ</strong></span> <span class='ocrx_word' id='word_1_551' title='bbox 2297 3639 2713 3710; x_wconf 86' lang='grc' dir='ltr'><strong>κεκωλυμένον·</strong></span> <span class='ocrx_word' id='word_1_552' title='bbox 2757 3639 2917 3693; x_wconf 83' lang='grc' dir='ltr'><strong>τοῦτο</strong></span> <span class='ocrx_word' id='word_1_553' title='bbox 2945 3640 3002 3694; x_wconf 81' lang='grc' dir='ltr'><strong>δὲ</strong></span> <span class='ocrx_word' id='word_1_554' title='bbox 3040 3638 3162 3711; x_wconf 77' lang='grc' dir='ltr'><strong>θείᾳ</strong></span> <span class='ocrx_word' id='word_1_555' title='bbox 3207 3638 3503 3710; x_wconf 80' lang='grc' dir='ltr'><strong>ἐγχειρίζει</strong></span> <span class='ocrx_word' id='word_1_556' title='bbox 3546 3636 3711 3709; x_wconf 85' lang='grc' dir='ltr'><strong>κηδε-</strong></span> 
     </span>
    </p>
   </div>
   <div class='ocr_carea' id='block_1_78' title="bbox 2119 3728 3709 3804">
    <p class='ocr_par' dir='ltr' id='par_1_78' title="bbox 2119 3728 3709 3804">
     <span class='ocr_line' id='line_1_79' title="bbox 2119 3728 3709 3804; baseline -0.003 -19"><span class='ocrx_word' id='word_1_557' title='bbox 2119 3733 2303 3804; x_wconf 83' lang='grc' dir='ltr'><strong>μονίᾳ.</strong></span> <span class='ocrx_word' id='word_1_558' title='bbox 2341 3730 2528 3803; x_wconf 81' lang='grc' dir='ltr'><strong>Ταύτῃ</strong></span> <span class='ocrx_word' id='word_1_559' title='bbox 2579 3731 2860 3803; x_wconf 78' lang='grc' dir='ltr'><strong>θαρρήσας</strong></span> <span class='ocrx_word' id='word_1_560' title='bbox 2893 3733 2923 3785; x_wconf 90' lang='lat'><strong>6</strong></span> <span class='ocrx_word' id='word_1_561' title='bbox 2965 3734 3094 3795; x_wconf 82' lang='grc' dir='ltr'><strong>παῖς</strong></span> <span class='ocrx_word' id='word_1_562' title='bbox 3128 3729 3484 3802; x_wconf 79' lang='grc' dir='ltr'><strong>ἑξεδήμησεν.</strong></span> <span class='ocrx_word' id='word_1_563' title='bbox 3531 3728 3709 3781; x_wconf 80' lang='grc' dir='ltr'><strong>Ἐκεί-</strong></span> 
     </span>
    </p>
   </div>
   <div class='ocr_carea' id='block_1_79' title="bbox 2115 3817 3706 3894">
    <p class='ocr_par' dir='ltr' id='par_1_79' title="bbox 2115 3817 3706 3894">
     <span class='ocr_line' id='line_1_80' title="bbox 2115 3817 3706 3894; baseline -0.004 -16"><span class='ocrx_word' id='word_1_564' title='bbox 2115 3839 2215 3894; x_wconf 91' lang='grc' dir='ltr'><strong>νην</strong></span> <span class='ocrx_word' id='word_1_565' title='bbox 2258 3823 2316 3877; x_wconf 74' lang='grc' dir='ltr'><strong>δέ</strong></span> <span class='ocrx_word' id='word_1_566' title='bbox 2345 3822 2444 3894; x_wconf 78' lang='grc' dir='ltr'><strong>τὴν</strong></span> <span class='ocrx_word' id='word_1_567' title='bbox 2473 3822 2642 3894; x_wconf 77' lang='grc' dir='ltr'><strong>εὐχὴν</strong></span> <span class='ocrx_word' id='word_1_568' title='bbox 2670 3824 2732 3877; x_wconf 85' lang='grc' dir='ltr'><strong>οὐ</strong></span> <span class='ocrx_word' id='word_1_569' title='bbox 2781 3821 3129 3894; x_wconf 82' lang='grc' dir='ltr'><strong>συμϐολικῶς</strong></span> <span class='ocrx_word' id='word_1_570' title='bbox 3173 3820 3595 3892; x_wconf 81' lang='grc' dir='ltr'><strong>προσενήνοχεν,</strong></span> <span class='ocrx_word' id='word_1_571' title='bbox 3628 3817 3706 3882; x_wconf 82' lang='grc' dir='ltr'><strong>ὥς</strong></span> 
     </span>
    </p>
   </div>
   <div class='ocr_carea' id='block_1_80' title="bbox 2112 3911 3707 3987">
    <p class='ocr_par' dir='ltr' id='par_1_80' title="bbox 2112 3911 3707 3987">
     <span class='ocr_line' id='line_1_81' title="bbox 2112 3911 3707 3987; baseline -0.004 -17"><span class='ocrx_word' id='word_1_572' title='bbox 2112 3932 2259 3980; x_wconf 85' lang='grc' dir='ltr'><strong>τινες</strong></span> <span class='ocrx_word' id='word_1_573' title='bbox 2287 3914 2395 3970; x_wconf 84' lang='grc' dir='ltr'><strong>τῶν</strong></span> <span class='ocrx_word' id='word_1_574' title='bbox 2429 3916 2571 3986; x_wconf 79' lang='grc' dir='ltr'><strong>ἄγαν</strong></span> <span class='ocrx_word' id='word_1_575' title='bbox 2614 3916 2841 3987; x_wconf 79' lang='grc' dir='ltr'><strong>ἠλιθίων</strong></span> <span class='ocrx_word' id='word_1_576' title='bbox 2872 3915 3143 3970; x_wconf 85' lang='grc' dir='ltr'><strong>ὑπέλαϐον</strong></span> <span class='ocrx_word' id='word_1_577' title='bbox 3166 3930 3180 3945; x_wconf 77' lang='grc' dir='ltr'><strong><em>ο</em></strong></span> <span class='ocrx_word' id='word_1_578' title='bbox 3228 3913 3345 3968; x_wconf 81' lang='grc' dir='ltr'><strong>ἀλλ’</strong></span> <span class='ocrx_word' id='word_1_579' title='bbox 3390 3911 3579 3983; x_wconf 78' lang='grc' dir='ltr'><strong>ἐπειδὴ</strong></span> <span class='ocrx_word' id='word_1_580' title='bbox 3612 3911 3707 3964; x_wconf 80' lang='grc' dir='ltr'><strong>τὸν</strong></span> 
     </span>
    </p>
   </div>
   <div class='ocr_carea' id='block_1_81' title="bbox 431 3990 2013 4081">
    <p class='ocr_par' dir='ltr' id='par_1_81' title="bbox 431 3990 2012 4077">
     <span class='ocr_line' id='line_1_82' title="bbox 431 3990 2012 4077; baseline 0.014 -35"><span class='ocrx_word' id='word_1_581' title='bbox 431 3990 597 4046; x_wconf 90' lang='lat' dir='ltr'><strong>tionis</strong></span> <span class='ocrx_word' id='word_1_582' title='bbox 646 3993 955 4065; x_wconf 88' lang='lat' dir='ltr'><strong>adjutorem</strong></span> <span class='ocrx_word' id='word_1_583' title='bbox 1012 4002 1334 4072; x_wconf 87' lang='lat' dir='ltr'><strong>accepisset,</strong></span> <span class='ocrx_word' id='word_1_584' title='bbox 1396 4005 1551 4077; x_wconf 87' lang='lat' dir='ltr'><strong>signa</strong></span> <span class='ocrx_word' id='word_1_585' title='bbox 1599 4009 1852 4077; x_wconf 75' lang='lat' dir='ltr'><strong>quaedam</strong></span> <span class='ocrx_word' id='word_1_586' title='bbox 1909 4009 2012 4064; x_wconf 89' lang='lat' dir='ltr'><strong>sibi</strong></span> 
     </span>
    </p>
   </div>
   <div class='ocr_carea' id='block_1_82' title="bbox 2119 3990 3706 4081">
    <p class='ocr_par' dir='ltr' id='par_1_82' title="bbox 2119 4004 3706 4081">
     <span class='ocr_line' id='line_1_83' title="bbox 2119 4004 3706 4081; baseline -0.002 -19"><span class='ocrx_word' id='word_1_587' title='bbox 2119 4007 2249 4062; x_wconf 82' lang='grc' dir='ltr'><strong>Θεὸν</strong></span> <span class='ocrx_word' id='word_1_588' title='bbox 2306 4008 2568 4080; x_wconf 83' lang='grc' dir='ltr'><strong>συνεργὸν</strong></span> <span class='ocrx_word' id='word_1_589' title='bbox 2621 4009 2780 4064; x_wconf 78' lang='grc' dir='ltr'><strong>ἔλαϐε</strong></span> <span class='ocrx_word' id='word_1_590' title='bbox 2837 4009 2935 4081; x_wconf 91' lang='grc' dir='ltr'><strong>τῆς</strong></span> <span class='ocrx_word' id='word_1_591' title='bbox 2989 4006 3287 4079; x_wconf 78' lang='grc' dir='ltr'><strong>μνηστείας</strong></span> <span class='ocrx_word' id='word_1_592' title='bbox 3336 4004 3540 4078; x_wconf 85' lang='grc' dir='ltr'><strong>σημεῖὰ</strong></span> <span class='ocrx_word' id='word_1_593' title='bbox 3579 4021 3706 4059; x_wconf 87' lang='grc' dir='ltr'><strong>τινα</strong></span> 
     </span>
    </p>
   </div>
   <div class='ocr_carea' id='block_1_83' title="bbox 432 4082 2013 4173">
    <p class='ocr_par' dir='ltr' id='par_1_83' title="bbox 432 4082 2013 4164">
     <span class='ocr_line' id='line_1_84' title="bbox 432 4082 2013 4164; baseline 0.014 -34"><span class='ocrx_word' id='word_1_594' title='bbox 432 4082 728 4141; x_wconf 84' lang='lat' dir='ltr'><strong>monstrari</strong></span> <span class='ocrx_word' id='word_1_595' title='bbox 757 4086 1090 4154; x_wconf 87' lang='lat' dir='ltr'><strong>postulabat,</strong></span> <span class='ocrx_word' id='word_1_596' title='bbox 1132 4105 1231 4161; x_wconf 88' lang='lat' dir='ltr'><strong>per</strong></span> <span class='ocrx_word' id='word_1_597' title='bbox 1266 4107 1389 4161; x_wconf 61' lang='lat' dir='ltr'><strong>qua;</strong></span> <span class='ocrx_word' id='word_1_598' title='bbox 1415 4094 1558 4149; x_wconf 90' lang='lat' dir='ltr'><strong>scire</strong></span> <span class='ocrx_word' id='word_1_599' title='bbox 1595 4103 1802 4164; x_wconf 78' lang='lat' dir='ltr'><strong>posset,</strong></span> <span class='ocrx_word' id='word_1_600' title='bbox 1833 4110 1902 4149; x_wconf 90' lang='lat' dir='ltr'><strong>an</strong></span> <span class='ocrx_word' id='word_1_601' title='bbox 1926 4096 2013 4152; x_wconf 87' lang='lat' dir='ltr'><strong>de-</strong></span> 
     </span>
    </p>
   </div>
   <div class='ocr_carea' id='block_1_84' title="bbox 2119 4082 3709 4173">
    <p class='ocr_par' dir='ltr' id='par_1_84' title="bbox 2119 4092 3709 4173">
     <span class='ocr_line' id='line_1_85' title="bbox 2119 4092 3709 4173; baseline -0.003 -19"><span class='ocrx_word' id='word_1_602' title='bbox 2119 4099 2266 4169; x_wconf 86' lang='grc' dir='ltr'><strong>αύτῷ</strong></span> <span class='ocrx_word' id='word_1_603' title='bbox 2314 4100 2595 4173; x_wconf 85' lang='grc' dir='ltr'><strong>δειχθῆναι</strong></span> <span class='ocrx_word' id='word_1_604' title='bbox 2641 4100 2849 4170; x_wconf 80' lang='grc' dir='ltr'><strong>ἱκέτευε</strong></span> <span class='ocrx_word' id='word_1_605' title='bbox 2905 4101 3018 4171; x_wconf 83' lang='grc'>(55)</span> <span class='ocrx_word' id='word_1_606' title='bbox 3066 4099 3134 4153; x_wconf 89' lang='grc' dir='ltr'><strong>δι’</strong></span> <span class='ocrx_word' id='word_1_607' title='bbox 3166 4092 3243 4153; x_wconf 86' lang='grc' dir='ltr'><strong>ὧν</strong></span> <span class='ocrx_word' id='word_1_608' title='bbox 3270 4096 3532 4169; x_wconf 65' lang='grc' dir='ltr'><strong>ἠϐούλετο</strong></span> <span class='ocrx_word' id='word_1_609' title='bbox 3564 4094 3709 4165; x_wconf 73' lang='grc' dir='ltr'><strong>γνῶο</strong></span> 
     </span>
    </p>
   </div>
   <div class='ocr_carea' id='block_1_85' title="bbox 431 4173 2013 4262">
    <p class='ocr_par' dir='ltr' id='par_1_85' title="bbox 431 4173 2011 4262">
     <span class='ocr_line' id='line_1_86' title="bbox 431 4173 2011 4262; baseline 0.011 -37"><span class='ocrx_word' id='word_1_610' title='bbox 431 4173 715 4239; x_wconf 79' lang='lat' dir='ltr'><strong>sponsatio</strong></span> <span class='ocrx_word' id='word_1_611' title='bbox 756 4175 865 4231; x_wconf 91' lang='lat' dir='ltr'><strong>Deo</strong></span> <span class='ocrx_word' id='word_1_612' title='bbox 900 4177 1160 4262; x_wconf 64' lang='lat' dir='ltr'><strong>placeret.</strong></span> <span class='ocrx_word' id='word_1_613' title='bbox 1214 4179 1443 4254; x_wconf 87' lang='lat' dir='ltr'><strong>Signum</strong></span> <span class='ocrx_word' id='word_1_614' title='bbox 1492 4192 1679 4240; x_wconf 89' lang='lat' dir='ltr'><strong>autem</strong></span> <span class='ocrx_word' id='word_1_615' title='bbox 1734 4196 1853 4241; x_wconf 87' lang='lat' dir='ltr'><strong>erat</strong></span> <span class='ocrx_word' id='word_1_616' title='bbox 1903 4203 2011 4242; x_wconf 91' lang='lat' dir='ltr'><strong>non</strong></span> 
     </span>
    </p>
   </div>
   <div class='ocr_carea' id='block_1_86' title="bbox 2119 4173 3708 4262">
    <p class='ocr_par' dir='ltr' id='par_1_86' title="bbox 2119 4183 3708 4262">
     <span class='ocr_line' id='line_1_87' title="bbox 2119 4183 3708 4262; baseline -0.007 -17"><span class='ocrx_word' id='word_1_617' title='bbox 2119 4208 2224 4255; x_wconf 86' lang='grc' dir='ltr'><strong>ναι,</strong></span> <span class='ocrx_word' id='word_1_618' title='bbox 2259 4191 2310 4244; x_wconf 80' lang='grc' dir='ltr'><strong>εἰ</strong></span> <span class='ocrx_word' id='word_1_619' title='bbox 2338 4190 2566 4262; x_wconf 78' lang='grc' dir='ltr'><strong>ἀρέσκει</strong></span> <span class='ocrx_word' id='word_1_620' title='bbox 2596 4190 2708 4261; x_wconf 86' lang='grc'>(56)</span> <span class='ocrx_word' id='word_1_621' title='bbox 2738 4189 2814 4261; x_wconf 81' lang='grc' dir='ltr'><strong>τῷ</strong></span> <span class='ocrx_word' id='word_1_622' title='bbox 2853 4189 2974 4259; x_wconf 81' lang='grc' dir='ltr'><strong>Θεῷ</strong></span> <span class='ocrx_word' id='word_1_623' title='bbox 3004 4190 3038 4259; x_wconf 84' lang='grc' dir='ltr'><strong>ἡ</strong></span> <span class='ocrx_word' id='word_1_624' title='bbox 3084 4186 3368 4259; x_wconf 84' lang='grc' dir='ltr'><strong>μνηστεία.</strong></span> <span class='ocrx_word' id='word_1_625' title='bbox 3405 4184 3480 4237; x_wconf 88' lang='grc' dir='ltr'>Τὸ</span> <span class='ocrx_word' id='word_1_626' title='bbox 3519 4183 3577 4237; x_wconf 79' lang='grc' dir='ltr'><strong>δὲ</strong></span> <span class='ocrx_word' id='word_1_627' title='bbox 3611 4199 3708 4253; x_wconf 82' lang='grc' dir='ltr'><strong>ση-</strong></span> 
     </span>
    </p>
   </div>
   <div class='ocr_carea' id='block_1_87' title="bbox 430 4245 2013 4353">
    <p class='ocr_par' dir='ltr' id='par_1_87' title="bbox 430 4245 2012 4348">
     <span class='ocr_line' id='line_1_88' title="bbox 430 4245 2012 4348; baseline 0.015 -36"><span class='ocrx_word' id='word_1_628' title='bbox 430 4260 784 4329; x_wconf 82' lang='lat' dir='ltr'><strong>pulchritudo</strong></span> <span class='ocrx_word' id='word_1_629' title='bbox 835 4245 1118 4341; x_wconf 53' lang='lat' dir='ltr'><strong>corporis:</strong></span> <span class='ocrx_word' id='word_1_630' title='bbox 1137 4286 1248 4326; x_wconf 92' lang='lat' dir='ltr'><strong>non</strong></span> <span class='ocrx_word' id='word_1_631' title='bbox 1278 4245 1495 4344; x_wconf 71' lang='lat' dir='ltr'><strong>generis</strong></span> <span class='ocrx_word' id='word_1_632' title='bbox 1522 4275 1798 4341; x_wconf 89' lang='lat' dir='ltr'><strong>nobilitas,</strong></span> <span class='ocrx_word' id='word_1_633' title='bbox 1833 4293 2012 4348; x_wconf 85' lang='lat' dir='ltr'><strong>neque</strong></span> 
     </span>
    </p>
   </div>
   <div class='ocr_carea' id='block_1_88' title="bbox 2119 4245 3702 4353">
    <p class='ocr_par' dir='ltr' id='par_1_88' title="bbox 2119 4245 3702 4353">
     <span class='ocr_line' id='line_1_89' title="bbox 2119 4245 3702 4353; baseline -0.006 -20"><span class='ocrx_word' id='word_1_634' title='bbox 2119 4245 2267 4352; x_wconf 79' lang='grc' dir='ltr'><strong>μεῖον</strong></span> <span class='ocrx_word' id='word_1_635' title='bbox 2290 4245 2504 4353; x_wconf 54' lang='grc' dir='ltr'><strong>ῆν,¹ούχ</strong></span> <span class='ocrx_word' id='word_1_636' title='bbox 2532 4245 2651 4353; x_wconf 80' lang='grc' dir='ltr'><strong>ὥρα</strong></span> <span class='ocrx_word' id='word_1_637' title='bbox 2687 4245 2962 4349; x_wconf 58' lang='grc' dir='ltr'><strong>σώματος,</strong></span> <span class='ocrx_word' id='word_1_638' title='bbox 2993 4245 3112 4332; x_wconf 68' lang='grc' dir='ltr'><strong>ούδέ</strong></span> <span class='ocrx_word' id='word_1_639' title='bbox 3137 4245 3467 4349; x_wconf 68' lang='grc' dir='ltr'><strong>περιφάνεια</strong></span> <span class='ocrx_word' id='word_1_640' title='bbox 3488 4273 3702 4343; x_wconf 88' lang='grc' dir='ltr'><strong>γένους,</strong></span> 
     </span>
    </p>
   </div>
   <div class='ocr_carea' id='block_1_89' title="bbox 430 4352 2013 4441">
    <p class='ocr_par' dir='ltr' id='par_1_89' title="bbox 430 4352 2005 4439">
     <span class='ocr_line' id='line_1_90' title="bbox 430 4352 2005 4439; baseline 0.011 -32"><span class='ocrx_word' id='word_1_641' title='bbox 430 4352 734 4425; x_wconf 83' lang='lat' dir='ltr'><strong>quidquam</strong></span> <span class='ocrx_word' id='word_1_642' title='bbox 767 4360 912 4428; x_wconf 81' lang='lat' dir='ltr'><strong>aliud</strong></span> <span class='ocrx_word' id='word_1_643' title='bbox 947 4378 1013 4418; x_wconf 79' lang='lat' dir='ltr'><strong>ex</strong></span> <span class='ocrx_word' id='word_1_644' title='bbox 1056 4363 1124 4419; x_wconf 92' lang='lat' dir='ltr'><strong>iis</strong></span> <span class='ocrx_word' id='word_1_645' title='bbox 1178 4380 1300 4435; x_wconf 75' lang='lat' dir='ltr'><strong>qua:</strong></span> <span class='ocrx_word' id='word_1_646' title='bbox 1352 4366 1636 4437; x_wconf 88' lang='lat' dir='ltr'><strong>splendida</strong></span> <span class='ocrx_word' id='word_1_647' title='bbox 1702 4380 2005 4439; x_wconf 87' lang='lat' dir='ltr'><strong>putantur:</strong></span> 
     </span>
    </p>
   </div>
   <div class='ocr_carea' id='block_1_90' title="bbox 2119 4352 3704 4441">
    <p class='ocr_par' dir='ltr' id='par_1_90' title="bbox 2119 4352 3704 4441">
     <span class='ocr_line' id='line_1_91' title="bbox 2119 4352 3704 4441; baseline -0.006 -15"><span class='ocrx_word' id='word_1_648' title='bbox 2119 4371 2233 4433; x_wconf 80' lang='grc' dir='ltr'><strong>οὐδὲ</strong></span> <span class='ocrx_word' id='word_1_649' title='bbox 2253 4371 2383 4430; x_wconf 78' lang='grc' dir='ltr'><strong>ἄλλο</strong></span> <span class='ocrx_word' id='word_1_650' title='bbox 2404 4388 2458 4424; x_wconf 91' lang='grc' dir='ltr'><strong>τι</strong></span> <span class='ocrx_word' id='word_1_651' title='bbox 2482 4352 2593 4425; x_wconf 85' lang='grc' dir='ltr'><strong>τῶν</strong></span> <span class='ocrx_word' id='word_1_652' title='bbox 2613 4370 2914 4426; x_wconf 83' lang='grc' dir='ltr'><strong>δοκούντων</strong></span> <span class='ocrx_word' id='word_1_653' title='bbox 2934 4368 3226 4441; x_wconf 86' lang='grc' dir='ltr'><strong>λαμπρῶν,</strong></span> <span class='ocrx_word' id='word_1_654' title='bbox 3244 4366 3384 4421; x_wconf 76' lang='grc' dir='ltr'><strong>ἀλλὰ</strong></span> <span class='ocrx_word' id='word_1_655' title='bbox 3406 4363 3704 4435; x_wconf 81' lang='grc' dir='ltr'><strong>φιλοξενία,</strong></span> 
     </span>
    </p>
   </div>
   <div class='ocr_carea' id='block_1_91' title="bbox 430 4444 2013 4535">
    <p class='ocr_par' dir='ltr' id='par_1_91' title="bbox 430 4444 2003 4523">
     <span class='ocr_line' id='line_1_92' title="bbox 430 4444 2003 4523; baseline 0.012 -26"><span class='ocrx_word' id='word_1_656' title='bbox 430 4444 522 4499; x_wconf 80' lang='lat' dir='ltr'><strong>scd</strong></span> <span class='ocrx_word' id='word_1_657' title='bbox 560 4445 921 4523; x_wconf 87' lang='lat' dir='ltr'><strong>hospitalitas,</strong></span> <span class='ocrx_word' id='word_1_658' title='bbox 952 4452 1266 4521; x_wconf 76' lang='lat' dir='ltr'><strong>affabilitas,</strong></span> <span class='ocrx_word' id='word_1_659' title='bbox 1297 4464 1351 4513; x_wconf 90' lang='lat' dir='ltr'><strong>et</strong></span> <span class='ocrx_word' id='word_1_660' title='bbox 1378 4459 1551 4514; x_wconf 88' lang='lat' dir='ltr'><strong>animi</strong></span> <span class='ocrx_word' id='word_1_661' title='bbox 1609 4463 2003 4522; x_wconf 84' lang='lat' dir='ltr'><strong>mansuetudo.</strong></span> 
     </span>
    </p>
   </div>
   <div class='ocr_carea' id='block_1_92' title="bbox 2119 4444 3707 4535">
    <p class='ocr_par' dir='ltr' id='par_1_92' title="bbox 2119 4456 3707 4535">
     <span class='ocr_line' id='line_1_93' title="bbox 2119 4456 3707 4535; baseline -0.007 -16"><span class='ocrx_word' id='word_1_662' title='bbox 2119 4465 2207 4519; x_wconf 73' lang='grc' dir='ltr'><strong>καὶ</strong></span> <span class='ocrx_word' id='word_1_663' title='bbox 2235 4456 2628 4535; x_wconf 81' lang='grc' dir='ltr'><strong>φιλοφροσύνη,</strong></span> <span class='ocrx_word' id='word_1_664' title='bbox 2659 4464 2755 4518; x_wconf 75' lang='grc' dir='ltr'><strong>καὶ</strong></span> <span class='ocrx_word' id='word_1_665' title='bbox 2787 4462 3021 4534; x_wconf 75' lang='grc' dir='ltr'><strong>ὴπιότης</strong></span> <span class='ocrx_word' id='word_1_666' title='bbox 3052 4461 3423 4533; x_wconf 85' lang='grc' dir='ltr'><strong>φρονήματος.</strong></span> <span class='ocrx_word' id='word_1_667' title='bbox 3453 4476 3473 4510; x_wconf 77' lang='lat' dir='ltr'><strong>t</strong></span> <span class='ocrx_word' id='word_1_668' title='bbox 3508 4457 3707 4510; x_wconf 84' lang='grc' dir='ltr'><strong>Ἔσται</strong></span> 
     </span>
    </p>
   </div>
   <div class='ocr_carea' id='block_1_93' title="bbox 501 4604 1693 4677">
    <p class='ocr_par' dir='ltr' id='par_1_93' title="bbox 501 4604 1693 4677">
     <span class='ocr_line' id='line_1_94' title="bbox 501 4604 1693 4677; baseline 0.01 -17"><span class='ocrx_word' id='word_1_669' title='bbox 501 4614 521 4641; x_wconf 70' lang='grc' dir='ltr'><strong>ε</strong></span> <span class='ocrx_word' id='word_1_670' title='bbox 582 4604 717 4662; x_wconf 87' lang='lat' dir='ltr'><strong>Gen.</strong></span> <span class='ocrx_word' id='word_1_671' title='bbox 746 4625 892 4677; x_wconf 73' lang='lat' dir='ltr'><strong>xxxv,</strong></span> <span class='ocrx_word' id='word_1_672' title='bbox 928 4611 983 4667; x_wconf 72' lang='lat'><strong>2.</strong></span> <span class='ocrx_word' id='word_1_673' title='bbox 1059 4611 1086 4652; x_wconf 77' lang='grc' dir='ltr'><strong><em>ἀ</em></strong></span> <span class='ocrx_word' id='word_1_674' title='bbox 1120 4613 1252 4673; x_wconf 89' lang='lat' dir='ltr'><strong>ibid.</strong></span> <span class='ocrx_word' id='word_1_675' title='bbox 1284 4615 1339 4670; x_wconf 84' lang='grc'><strong>5.</strong></span> <span class='ocrx_word' id='word_1_676' title='bbox 1419 4625 1444 4656; x_wconf 84' lang='grc' dir='ltr'><strong><em>ο</em></strong></span> <span class='ocrx_word' id='word_1_677' title='bbox 1473 4615 1606 4671; x_wconf 88' lang='lat' dir='ltr'><strong>ibid.</strong></span> <span class='ocrx_word' id='word_1_678' title='bbox 1637 4616 1693 4672; x_wconf 87' lang='lat'><strong>5.</strong></span> 
     </span>
    </p>
   </div>
   <div class='ocr_carea' id='block_1_94' title="bbox 1324 4755 2812 4843">
    <p class='ocr_par' dir='ltr' id='par_1_94' title="bbox 1324 4755 2812 4843">
     <span class='ocr_line' id='line_1_95' title="bbox 1324 4755 2812 4843; baseline -0.003 -26"><span class='ocrx_word' id='word_1_679' title='bbox 1324 4760 1561 4817; x_wconf 64' lang='lat' dir='ltr'><strong>VABIE</strong></span> <span class='ocrx_word' id='word_1_680' title='bbox 1600 4759 1995 4843; x_wconf 17' lang='lat' dir='ltr'><strong>LECTIONES.</strong></span> <span class='ocrx_word' id='word_1_681' title='bbox 2021 4758 2112 4815; x_wconf 83' lang='lat' dir='ltr'><strong>EX</strong></span> <span class='ocrx_word' id='word_1_682' title='bbox 2154 4757 2434 4814; x_wconf 79' lang='lat' dir='ltr'><strong>CATENA</strong></span> <span class='ocrx_word' id='word_1_683' title='bbox 2464 4755 2812 4813; x_wconf 83' lang='lat' dir='ltr'><strong>LlPSlENSl.</strong></span> 
     </span>
    </p>
   </div>
   <div class='ocr_carea' id='block_1_95' title="bbox 498 4897 2013 4978">
    <p class='ocr_par' dir='ltr' id='par_1_95' title="bbox 498 4897 2013 4978">
     <span class='ocr_line' id='line_1_96' title="bbox 498 4897 2013 4978; baseline -0.006 -9"><span class='ocrx_word' id='word_1_684' title='bbox 589 4898 876 4978; x_wconf 67' lang='grc' dir='ltr'><strong>’Ῑστιςεοντ-έ·</strong></span> <span class='ocrx_word' id='word_1_685' title='bbox 898 4903 1035 4974; x_wconf 81' lang='grc' dir='ltr'><strong>οἰκῷ</strong></span> <span class='ocrx_word' id='word_1_686' title='bbox 1060 4904 1123 4978; x_wconf 67' lang='grc' dir='ltr'><strong>ἐν</strong></span> <span class='ocrx_word' id='word_1_687' title='bbox 1143 4905 1350 4978; x_wconf 67' lang='grc' dir='ltr'><strong>αὐτοῖς.</strong></span> <span class='ocrx_word' id='word_1_688' title='bbox 1372 4905 1510 4978; x_wconf 60' lang='lat' dir='ltr'><strong>ﬂare</strong></span> <span class='ocrx_word' id='word_1_689' title='bbox 1540 4908 1594 4962; x_wconf 89' lang='lat' dir='ltr'><strong>in</strong></span> <span class='ocrx_word' id='word_1_690' title='bbox 1616 4917 1727 4964; x_wconf 89' lang='lat' dir='ltr'><strong>cat.</strong></span> <span class='ocrx_word' id='word_1_691' title='bbox 1753 4907 1864 4962; x_wconf 88' lang='lat' dir='ltr'><strong>vid.</strong></span> <span class='ocrx_word' id='word_1_692' title='bbox 1896 4922 1948 4978; x_wconf 91' lang='lat' dir='ltr'><strong>p.</strong></span> <span class='ocrx_word' id='word_1_693' title='bbox 1977 4906 2013 4960; x_wconf 75' lang='lat'><strong>2</strong></span> 
     </span>
    </p>
   </div>
   <div class='ocr_carea' id='block_1_96' title="bbox 2119 4897 3700 4978">
    <p class='ocr_par' dir='ltr' id='par_1_96' title="bbox 2180 4900 3700 4978">
     <span class='ocr_line' id='line_1_97' title="bbox 2180 4900 3700 4978; baseline 0.009 -33"><span class='ocrx_word' id='word_1_694' title='bbox 2180 4905 2349 4978; x_wconf 10' lang='lat' dir='ltr'><strong>arguta</strong></span> <span class='ocrx_word' id='word_1_695' title='bbox 2371 4902 2659 4978; x_wconf 59' lang='grc' dir='ltr'><strong>σοφωτᾲεη</strong></span> <span class='ocrx_word' id='word_1_696' title='bbox 2676 4930 2748 4978; x_wconf 54' lang='grc' dir='ltr'><strong>-π</strong></span> <span class='ocrx_word' id='word_1_697' title='bbox 2764 4900 3100 4975; x_wconf 78' lang='grc' dir='ltr'><strong>ὲξεδήμησεν</strong></span> <span class='ocrx_word' id='word_1_698' title='bbox 3120 4901 3233 4961; x_wconf 89' lang='lat' dir='ltr'><strong>vid.</strong></span> <span class='ocrx_word' id='word_1_699' title='bbox 3264 4900 3318 4956; x_wconf 89' lang='lat' dir='ltr'><strong>in</strong></span> <span class='ocrx_word' id='word_1_700' title='bbox 3352 4910 3459 4956; x_wconf 84' lang='lat' dir='ltr'><strong>cat.</strong></span> <span class='ocrx_word' id='word_1_701' title='bbox 3484 4914 3539 4971; x_wconf 91' lang='lat' dir='ltr'><strong>p.</strong></span> <span class='ocrx_word' id='word_1_702' title='bbox 3564 4900 3700 4958; x_wconf 64' lang='lat'><strong>€93.</strong></span> 
     </span>
    </p>
   </div>
   <div class='ocr_carea' id='block_1_97' title="bbox 427 4969 2013 5049">
    <p class='ocr_par' dir='ltr' id='par_1_97' title="bbox 427 4969 2013 5049">
     <span class='ocr_line' id='line_1_98' title="bbox 427 4969 2013 5049; baseline 0.005 -26"><span class='ocrx_word' id='word_1_703' title='bbox 427 4969 677 5040; x_wconf 76' lang='lat' dir='ltr'><strong>lleliqua,</strong></span> <span class='ocrx_word' id='word_1_704' title='bbox 701 4970 922 5046; x_wconf 80' lang='grc' dir='ltr'><strong>ἐκείνην</strong></span> <span class='ocrx_word' id='word_1_705' title='bbox 936 4969 1187 5030; x_wconf 82' lang='grc' dir='ltr'><strong>-ἐύώδ.</strong></span> <span class='ocrx_word' id='word_1_706' title='bbox 1219 4993 1270 5040; x_wconf 84' lang='grc' dir='ltr'><strong>τ,.</strong></span> <span class='ocrx_word' id='word_1_707' title='bbox 1293 4969 1412 5032; x_wconf 78' lang='grc' dir='ltr'><strong>ὁδόν</strong></span> <span class='ocrx_word' id='word_1_708' title='bbox 1433 4994 1535 5048; x_wconf 89' lang='grc' dir='ltr'><strong>μου</strong></span> <span class='ocrx_word' id='word_1_709' title='bbox 1560 4969 1940 5049; x_wconf 87' lang='lat' dir='ltr'><strong>sequuntur</strong></span> <span class='ocrx_word' id='word_1_710' title='bbox 1969 4978 2013 5030; x_wconf 67' lang='lat'><strong>21</strong></span> 
     </span>
    </p>
   </div>
   <div class='ocr_carea' id='block_1_98' title="bbox 2119 4969 2777 5049">
    <p class='ocr_par' dir='ltr' id='par_1_98' title="bbox 2129 4969 2777 5040">
     <span class='ocr_line' id='line_1_99' title="bbox 2129 4969 2777 5040; baseline -0.009 -8"><span class='ocrx_word' id='word_1_711' title='bbox 2129 4976 2196 5032; x_wconf 87' lang='lat' dir='ltr'><strong>ad</strong></span> <span class='ocrx_word' id='word_1_712' title='bbox 2222 4974 2358 5034; x_wconf 88' lang='lat' dir='ltr'><strong>Gen.</strong></span> <span class='ocrx_word' id='word_1_713' title='bbox 2392 4969 2543 5040; x_wconf 53' lang='grc' dir='ltr'><strong>χειν,</strong></span> <span class='ocrx_word' id='word_1_714' title='bbox 2573 4969 2777 5029; x_wconf 66' lang='lat' dir='ltr'><strong>lf—M.</strong></span> 
     </span>
    </p>
   </div>
   <div class='ocr_carea' id='block_1_99' title="bbox 1936 5159 2172 5219">
    <p class='ocr_par' dir='ltr' id='par_1_99' title="bbox 1936 5159 2172 5219">
     <span class='ocr_line' id='line_1_100' title="bbox 1936 5159 2172 5219; baseline 0 -4"><span class='ocrx_word' id='word_1_715' title='bbox 1936 5159 2172 5219; x_wconf 66' lang='lat' dir='ltr'><strong>NOTAE.</strong></span> 
     </span>
    </p>
   </div>
   <div class='ocr_carea' id='block_1_100' title="bbox 2117 5292 3701 5376">
    <p class='ocr_par' dir='ltr' id='par_1_100' title="bbox 2117 5292 3701 5376">
     <span class='ocr_line' id='line_1_101' title="bbox 2117 5292 3701 5376; baseline 0.001 -26"><span class='ocrx_word' id='word_1_716' title='bbox 2117 5307 2241 5369; x_wconf 85' lang='lat' dir='ltr'><strong>gata</strong></span> <span class='ocrx_word' id='word_1_717' title='bbox 2286 5312 2412 5376; x_wconf 74' lang='lat' dir='ltr'><strong>esse</strong></span> <span class='ocrx_word' id='word_1_718' title='bbox 2461 5295 2749 5364; x_wconf 84' lang='lat' dir='ltr'><strong>videntur;</strong></span> <span class='ocrx_word' id='word_1_719' title='bbox 2789 5293 3072 5376; x_wconf 77' lang='lat' dir='ltr'><strong>recedunt</strong></span> <span class='ocrx_word' id='word_1_720' title='bbox 3125 5294 3271 5376; x_wconf 78' lang='lat' dir='ltr'><strong>enim</strong></span> <span class='ocrx_word' id='word_1_721' title='bbox 3311 5309 3344 5348; x_wconf 82' lang='lat' dir='ltr'><strong>a</strong></span> <span class='ocrx_word' id='word_1_722' title='bbox 3371 5292 3701 5351; x_wconf 81' lang='lat' dir='ltr'><strong>lectionibus</strong></span> 
     </span>
    </p>
   </div>
   <div class='ocr_carea' id='block_1_101' title="bbox 2116 5369 3307 5438">
    <p class='ocr_par' dir='ltr' id='par_1_101' title="bbox 2116 5369 3307 5438">
     <span class='ocr_line' id='line_1_102' title="bbox 2116 5369 3307 5438; baseline -0.004 -14"><span class='ocrx_word' id='word_1_723' title='bbox 2116 5369 2535 5438; x_wconf 82' lang='lat' dir='ltr'><strong>exemplarium,</strong></span> <span class='ocrx_word' id='word_1_724' title='bbox 2560 5382 2686 5438; x_wconf 65' lang='lat' dir='ltr'><strong>qua:</strong></span> <span class='ocrx_word' id='word_1_725' title='bbox 2708 5373 2835 5421; x_wconf 81' lang='lat' dir='ltr'><strong>nota</strong></span> <span class='ocrx_word' id='word_1_726' title='bbox 2857 5369 3307 5438; x_wconf 23' lang='lat' dir='ltr'><strong>su_n‘t,ﬁomnium.</strong></span> 
     </span>
    </p>
   </div>
   <div class='ocr_carea' id='block_1_102' title="bbox 2189 5434 3088 5517">
    <p class='ocr_par' dir='ltr' id='par_1_102' title="bbox 2189 5434 3088 5517">
     <span class='ocr_line' id='line_1_103' title="bbox 2189 5434 3088 5517; baseline 0 0"><span class='ocrx_word' id='word_1_727' title='bbox 2189 5434 2299 5517; x_wconf 62' lang='grc' dir='ltr'><strong>ςὲξ)</strong></span> <span class='ocrx_word' id='word_1_728' title='bbox 2330 5438 2469 5517; x_wconf 69' lang='lat' dir='ltr'><strong>99d.-</strong></span> <span class='ocrx_word' id='word_1_729' title='bbox 2505 5446 2560 5491; x_wconf 73' lang='grc' dir='ltr'><strong>ει</strong></span> <span class='ocrx_word' id='word_1_730' title='bbox 2579 5434 2725 5517; x_wconf 66' lang='grc' dir='ltr'><strong>’ίῗὲοκ</strong></span> <span class='ocrx_word' id='word_1_731' title='bbox 2747 5434 3088 5517; x_wconf 45' lang='lat' dir='ltr'><strong>minus:</strong></span> 
     </span>
    </p>
   </div>
   <div class='ocr_carea' id='block_1_103' title="bbox 2140 5504 3236 5588">
    <p class='ocr_par' dir='ltr' id='par_1_103' title="bbox 2140 5504 3236 5588">
     <span class='ocr_line' id='line_1_104' title="bbox 2140 5504 3236 5588; baseline 0 0"><span class='ocrx_word' id='word_1_732' title='bbox 2140 5574 2143 5577; x_wconf 43' lang='grc' dir='ltr'>ν</span> <span class='ocrx_word' id='word_1_733' title='bbox 2186 5504 2578 5588; x_wconf 65' lang='grc' dir='ltr'><strong>(ἓὲὶῖςλῆσις-</strong></span> <span class='ocrx_word' id='word_1_734' title='bbox 2613 5506 2750 5588; x_wconf 66' lang='lat'><strong>9°“.-</strong></span> <span class='ocrx_word' id='word_1_735' title='bbox 2783 5516 2840 5588; x_wconf 50' lang='lat' dir='ltr'><strong>ei.</strong></span> <span class='ocrx_word' id='word_1_736' title='bbox 2859 5504 2973 5588; x_wconf 61' lang='lat' dir='ltr'><strong>133.c-</strong></span> <span class='ocrx_word' id='word_1_737' title='bbox 3010 5504 3236 5588; x_wconf 64' lang='grc' dir='ltr'><strong>ψῆφοςο,</strong></span> 
     </span>
    </p>
   </div>
   <div class='ocr_carea' id='block_1_104' title="bbox 2187 5572 3348 5658">
    <p class='ocr_par' dir='ltr' id='par_1_104' title="bbox 2187 5572 3348 5658">
     <span class='ocr_line' id='line_1_105' title="bbox 2187 5572 3348 5658; baseline -0.014 -21"><span class='ocrx_word' id='word_1_738' title='bbox 2187 5572 2756 5658; x_wconf 38' lang='grc' dir='ltr'><strong>’ζκιξτευεέβοάτ</strong></span> <span class='ocrx_word' id='word_1_739' title='bbox 2795 5584 2849 5658; x_wconf 70' lang='lat' dir='ltr'><strong>et</strong></span> <span class='ocrx_word' id='word_1_740' title='bbox 2876 5574 2989 5629; x_wconf 81' lang='lat' dir='ltr'><strong>Pic.</strong></span> <span class='ocrx_word' id='word_1_741' title='bbox 3025 5572 3348 5658; x_wconf 67' lang='grc' dir='ltr'><strong>παρεκάλει,</strong></span> 
     </span>
    </p>
   </div>
   <div class='ocr_carea' id='block_1_105' title="bbox 2185 5644 3059 5725">
    <p class='ocr_par' dir='ltr' id='par_1_105' title="bbox 2185 5644 3059 5725">
     <span class='ocr_line' id='line_1_106' title="bbox 2185 5644 3059 5725; baseline -0.008 -20"><span class='ocrx_word' id='word_1_742' title='bbox 2185 5644 2300 5722; x_wconf 83' lang='grc'>(56)</span> <span class='ocrx_word' id='word_1_743' title='bbox 2324 5648 2459 5705; x_wconf 83' lang='lat' dir='ltr'><strong>Cod.</strong></span> <span class='ocrx_word' id='word_1_744' title='bbox 2490 5656 2546 5704; x_wconf 84' lang='lat' dir='ltr'><strong>et</strong></span> <span class='ocrx_word' id='word_1_745' title='bbox 2566 5644 2681 5704; x_wconf 86' lang='lat' dir='ltr'><strong>Pic.</strong></span> <span class='ocrx_word' id='word_1_746' title='bbox 2727 5645 3059 5725; x_wconf 72' lang='grc' dir='ltr'><strong>ἀρέσκουσα.</strong></span> 
     </span>
    </p>
   </div>
   <div class='ocr_carea' id='block_1_106' title="bbox 498 5293 1426 5374">
    <p class='ocr_par' dir='ltr' id='par_1_106' title="bbox 498 5293 1426 5374">
     <span class='ocr_line' id='line_1_107' title="bbox 498 5293 1426 5374; baseline -0.001 0"><span class='ocrx_word' id='word_1_747' title='bbox 498 5298 610 5374; x_wconf 53' lang='lat' dir='ltr'><strong>(sti)</strong></span> <span class='ocrx_word' id='word_1_748' title='bbox 638 5298 776 5374; x_wconf 65' lang='lat' dir='ltr'><strong>qu-</strong></span> <span class='ocrx_word' id='word_1_749' title='bbox 805 5307 866 5374; x_wconf 60' lang='lat' dir='ltr'><strong>et</strong></span> <span class='ocrx_word' id='word_1_750' title='bbox 885 5295 999 5374; x_wconf 68' lang='lat' dir='ltr'><strong>Pic-</strong></span> <span class='ocrx_word' id='word_1_751' title='bbox 1026 5293 1426 5374; x_wconf 59' lang='grc' dir='ltr'><strong>περσῆξςγκεν-</strong></span> 
     </span>
    </p>
   </div>
   <div class='ocr_carea' id='block_1_107' title="bbox 498 5362 1520 5447">
    <p class='ocr_par' dir='ltr' id='par_1_107' title="bbox 498 5362 1520 5447">
     <span class='ocr_line' id='line_1_108' title="bbox 498 5362 1520 5447; baseline 0 0"><span class='ocrx_word' id='word_1_752' title='bbox 498 5362 613 5447; x_wconf 66' lang='grc' dir='ltr'><strong>(ιη)</strong></span> <span class='ocrx_word' id='word_1_753' title='bbox 637 5367 786 5447; x_wconf 57' lang='lat' dir='ltr'><strong>cca-</strong></span> <span class='ocrx_word' id='word_1_754' title='bbox 827 5366 962 5447; x_wconf 63' lang='lat' dir='ltr'><strong>C051-</strong></span> <span class='ocrx_word' id='word_1_755' title='bbox 985 5373 1041 5418; x_wconf 81' lang='grc' dir='ltr'><strong>ει</strong></span> <span class='ocrx_word' id='word_1_756' title='bbox 1062 5362 1321 5447; x_wconf 43' lang='lat' dir='ltr'><strong>llic-35L.</strong></span> <span class='ocrx_word' id='word_1_757' title='bbox 1368 5435 1382 5447; x_wconf 92' lang='lat'><strong>.</strong></span> <span class='ocrx_word' id='word_1_758' title='bbox 1497 5434 1520 5447; x_wconf 88' lang='lat'><strong>-</strong></span> 
     </span>
    </p>
   </div>
   <div class='ocr_carea' id='block_1_108' title="bbox 519 5434 1616 5505">
    <p class='ocr_par' dir='ltr' id='par_1_108' title="bbox 519 5434 1616 5505">
     <span class='ocr_line' id='line_1_109' title="bbox 519 5434 1616 5505; baseline -0.003 -11"><span class='ocrx_word' id='word_1_759' title='bbox 519 5439 610 5505; x_wconf 69' lang='grc'><strong>28)</strong></span> <span class='ocrx_word' id='word_1_760' title='bbox 647 5434 784 5492; x_wconf 76' lang='lat' dir='ltr'><strong>Cod.</strong></span> <span class='ocrx_word' id='word_1_761' title='bbox 812 5447 867 5492; x_wconf 88' lang='lat' dir='ltr'><strong>et</strong></span> <span class='ocrx_word' id='word_1_762' title='bbox 893 5435 1009 5490; x_wconf 90' lang='lat' dir='ltr'><strong>Pic.</strong></span> <span class='ocrx_word' id='word_1_763' title='bbox 1044 5434 1209 5487; x_wconf 81' lang='grc' dir='ltr'><strong>κάκεῖ</strong></span> <span class='ocrx_word' id='word_1_764' title='bbox 1236 5434 1332 5487; x_wconf 74' lang='grc' dir='ltr'><strong>καὶ</strong></span> <span class='ocrx_word' id='word_1_765' title='bbox 1365 5434 1616 5491; x_wconf 79' lang='grc' dir='ltr'><strong>ἐνταῦθα.</strong></span> 
     </span>
    </p>
   </div>
   <div class='ocr_carea' id='block_1_109' title="bbox 521 5506 1225 5586">
    <p class='ocr_par' dir='ltr' id='par_1_109' title="bbox 521 5506 1225 5586">
     <span class='ocr_line' id='line_1_110' title="bbox 521 5506 1225 5586; baseline 0 0"><span class='ocrx_word' id='word_1_766' title='bbox 521 5508 612 5586; x_wconf 53' lang='grc' dir='ltr'><strong>ἓξ)</strong></span> <span class='ocrx_word' id='word_1_767' title='bbox 628 5506 1065 5586; x_wconf 55' lang='grc' dir='ltr'><strong>ᾼΒδτοῦοηθεὶθεί·</strong></span> <span class='ocrx_word' id='word_1_768' title='bbox 1101 5574 1115 5586; x_wconf 92' lang='grc'><strong>.</strong></span> <span class='ocrx_word' id='word_1_769' title='bbox 1165 5575 1225 5586; x_wconf 82' lang='lat'><strong>_.</strong></span> 
     </span>
    </p>
   </div>
   <div class='ocr_carea' id='block_1_110' title="bbox 400 5574 1442 5646">
    <p class='ocr_par' dir='ltr' id='par_1_110' title="bbox 400 5574 1442 5646">
     <span class='ocr_line' id='line_1_111' title="bbox 400 5574 1442 5646; baseline -0.001 -12"><span class='ocrx_word' id='word_1_770' title='bbox 400 5589 409 5597; x_wconf 83' lang='lat'><em>‘</em></span> <span class='ocrx_word' id='word_1_771' title='bbox 498 5574 612 5646; x_wconf 66' lang='grc'>(50)</span> <span class='ocrx_word' id='word_1_772' title='bbox 636 5576 819 5633; x_wconf 75' lang='grc' dir='ltr'>Κατὰ.</span> <span class='ocrx_word' id='word_1_773' title='bbox 849 5576 987 5631; x_wconf 83' lang='lat' dir='ltr'><strong>Cod.</strong></span> <span class='ocrx_word' id='word_1_774' title='bbox 1012 5574 1140 5646; x_wconf 72' lang='grc' dir='ltr'><strong>ὑπῤ.</strong></span> <span class='ocrx_word' id='word_1_775' title='bbox 1165 5575 1282 5633; x_wconf 85' lang='lat' dir='ltr'><strong>Pic.</strong></span> <span class='ocrx_word' id='word_1_776' title='bbox 1313 5575 1442 5633; x_wconf 66' lang='grc' dir='ltr'><strong>ἀπὸ.</strong></span> 
     </span>
    </p>
   </div>
   <div class='ocr_carea' id='block_1_111' title="bbox 499 5645 1785 5731">
    <p class='ocr_par' dir='ltr' id='par_1_111' title="bbox 499 5645 1785 5731">
     <span class='ocr_line' id='line_1_112' title="bbox 499 5645 1785 5731; baseline 0 0"><span class='ocrx_word' id='word_1_777' title='bbox 499 5645 613 5731; x_wconf 63' lang='grc' dir='ltr'>(ἰδὲ)</span> <span class='ocrx_word' id='word_1_778' title='bbox 644 5647 776 5731; x_wconf 63' lang='lat'><strong>99¢</strong></span> <span class='ocrx_word' id='word_1_779' title='bbox 801 5656 858 5731; x_wconf 71' lang='grc' dir='ltr'><strong>ιξι</strong></span> <span class='ocrx_word' id='word_1_780' title='bbox 880 5646 994 5701; x_wconf 54' lang='lat' dir='ltr'><strong>Pis</strong></span> <span class='ocrx_word' id='word_1_781' title='bbox 1018 5716 1030 5729; x_wconf 91' lang='lat'><strong>.</strong></span> <span class='ocrx_word' id='word_1_782' title='bbox 1050 5645 1388 5731; x_wconf 38' lang='lat' dir='ltr'><strong>summa</strong></span> <span class='ocrx_word' id='word_1_783' title='bbox 1775 5720 1785 5731; x_wconf 94' lang='lat'><strong>.</strong></span> 
     </span>
    </p>
   </div>
   <div class='ocr_carea' id='block_1_112' title="bbox 502 5716 2005 5790">
    <p class='ocr_par' dir='ltr' id='par_1_112' title="bbox 502 5716 2005 5790">
     <span class='ocr_line' id='line_1_113' title="bbox 502 5716 2005 5790; baseline 0.003 -16"><span class='ocrx_word' id='word_1_784' title='bbox 502 5717 611 5789; x_wconf 72' lang='lat'><strong>{32)</strong></span> <span class='ocrx_word' id='word_1_785' title='bbox 646 5721 710 5774; x_wconf 73' lang='lat' dir='ltr'><strong>Ei</strong></span> <span class='ocrx_word' id='word_1_786' title='bbox 770 5717 878 5790; x_wconf 76' lang='grc' dir='ltr'><strong>γὰρ</strong></span> <span class='ocrx_word' id='word_1_787' title='bbox 919 5747 974 5761; x_wconf 65' lang='grc' dir='ltr'><strong>-ι</strong></span> <span class='ocrx_word' id='word_1_788' title='bbox 999 5716 1296 5772; x_wconf 71' lang='grc' dir='ltr'><strong>ἀνελθεῖν.</strong></span> <span class='ocrx_word' id='word_1_789' title='bbox 1347 5716 1471 5777; x_wconf 64' lang='lat' dir='ltr'><strong>llaec</strong></span> <span class='ocrx_word' id='word_1_790' title='bbox 1500 5734 1533 5775; x_wconf 93' lang='lat' dir='ltr'><strong>e</strong></span> <span class='ocrx_word' id='word_1_791' title='bbox 1560 5720 1825 5778; x_wconf 87' lang='lat' dir='ltr'><strong>memoria</strong></span> <span class='ocrx_word' id='word_1_792' title='bbox 1868 5720 2005 5778; x_wconf 44' lang='lat' dir='ltr'><strong>alica</strong></span> 
     </span>
    </p>
   </div>
  </div>
