  <div class='ocr_page' id='page_1' title='image "/cluster/home/n/w/nwhite01/storage/ocr_20150623/80:no.1/coo.31924054869817/1000.png"; bbox 0 0 4128 6416; ppageno 0'>
   <div class='ocr_carea' id='block_1_1' title="bbox 331 396 468 461">
    <p class='ocr_par' dir='ltr' id='par_1_1' title="bbox 331 396 468 461">
     <span class='ocr_line' id='line_1_1' title="bbox 331 396 468 461; baseline 0.029 -3"><span class='ocrx_word' id='word_1_1' title='bbox 331 396 468 461; x_wconf 72' lang='grc'><strong>1985</strong></span> 
     </span>
    </p>
   </div>
   <div class='ocr_carea' id='block_1_2' title="bbox 1642 412 2325 477">
    <p class='ocr_par' dir='ltr' id='par_1_2' title="bbox 1642 412 2325 477">
     <span class='ocr_line' id='line_1_2' title="bbox 1642 412 2325 477; baseline 0.004 -4"><span class='ocrx_word' id='word_1_2' title='bbox 1642 412 1728 476; x_wconf 70' lang='lat' dir='ltr'><strong>IN</strong></span> <span class='ocrx_word' id='word_1_3' title='bbox 1781 414 1990 474; x_wconf 78' lang='lat' dir='ltr'><strong>PSAL.</strong></span> <span class='ocrx_word' id='word_1_4' title='bbox 2018 415 2325 477; x_wconf 76' lang='lat' dir='ltr'><strong>CXLVIII.</strong></span> 
     </span>
    </p>
   </div>
   <div class='ocr_carea' id='block_1_3' title="bbox 3472 423 3608 492">
    <p class='ocr_par' dir='ltr' id='par_1_3' title="bbox 3472 423 3608 492">
     <span class='ocr_line' id='line_1_3' title="bbox 3472 423 3608 492; baseline 0.022 -3"><span class='ocrx_word' id='word_1_5' title='bbox 3472 423 3608 492; x_wconf 71' lang='lat'><strong>1986</strong></span> 
     </span>
    </p>
   </div>
   <div class='ocr_carea' id='block_1_4' title="bbox 324 514 1904 600">
    <p class='ocr_par' dir='ltr' id='par_1_4' title="bbox 324 514 1904 591">
     <span class='ocr_line' id='line_1_4' title="bbox 324 514 1904 591; baseline 0.008 -24"><span class='ocrx_word' id='word_1_6' title='bbox 324 514 751 587; x_wconf 77' lang='grc' dir='ltr'><strong>καταφερομένη</strong></span> <span class='ocrx_word' id='word_1_7' title='bbox 776 515 845 570; x_wconf 85' lang='grc' dir='ltr'><strong>τά</strong></span> <span class='ocrx_word' id='word_1_8' title='bbox 873 514 977 588; x_wconf 81' lang='grc' dir='ltr'><strong>ὅρη</strong></span> <span class='ocrx_word' id='word_1_9' title='bbox 1004 515 1205 587; x_wconf 81' lang='grc' dir='ltr'><strong>πληροῖ</strong></span> <span class='ocrx_word' id='word_1_10' title='bbox 1222 534 1235 547; x_wconf 92' lang='grc'><strong>·</strong></span> <span class='ocrx_word' id='word_1_11' title='bbox 1266 519 1547 591; x_wconf 77' lang='grc' dir='ltr'><strong>τηκομένη</strong></span> <span class='ocrx_word' id='word_1_12' title='bbox 1574 522 1635 577; x_wconf 78' lang='grc' dir='ltr'><strong>δὲ</strong></span> <span class='ocrx_word' id='word_1_13' title='bbox 1675 525 1757 587; x_wconf 83' lang='grc' dir='ltr'><strong>είς</strong></span> <span class='ocrx_word' id='word_1_14' title='bbox 1793 526 1904 589; x_wconf 68' lang='grc' dir='ltr'><strong>τοὺς</strong></span> 
     </span>
    </p>
   </div>
   <div class='ocr_carea' id='block_1_5' title="bbox 2007 514 3612 600">
    <p class='ocr_par' dir='ltr' id='par_1_5' title="bbox 2025 527 3612 600">
     <span class='ocr_line' id='line_1_5' title="bbox 2025 527 3612 600; baseline 0.01 -20"><span class='ocrx_word' id='word_1_15' title='bbox 2025 527 2315 597; x_wconf 71' lang='lat' dir='ltr'><strong>liiptefacta</strong></span> <span class='ocrx_word' id='word_1_16' title='bbox 2345 543 2473 583; x_wconf 70' lang='lat' dir='ltr'><strong>vero</strong></span> <span class='ocrx_word' id='word_1_17' title='bbox 2512 528 2566 582; x_wconf 91' lang='lat' dir='ltr'><strong>in</strong></span> <span class='ocrx_word' id='word_1_18' title='bbox 2605 529 2887 599; x_wconf 80' lang='lat' dir='ltr'><strong>proximos</strong></span> <span class='ocrx_word' id='word_1_19' title='bbox 2918 531 3116 590; x_wconf 73' lang='lat' dir='ltr'><strong>ﬂuvios</strong></span> <span class='ocrx_word' id='word_1_20' title='bbox 3150 532 3366 600; x_wconf 86' lang='lat' dir='ltr'><strong>l‘crlur,</strong></span> <span class='ocrx_word' id='word_1_21' title='bbox 3401 549 3458 594; x_wconf 90' lang='lat' dir='ltr'><strong>et</strong></span> <span class='ocrx_word' id='word_1_22' title='bbox 3487 542 3612 597; x_wconf 82' lang='lat' dir='ltr'><strong>aliis</strong></span> 
     </span>
    </p>
   </div>
   <div class='ocr_carea' id='block_1_6' title="bbox 321 606 1922 686">
    <p class='ocr_par' dir='ltr' id='par_1_6' title="bbox 321 606 1922 686">
     <span class='ocr_line' id='line_1_6' title="bbox 321 606 1922 686; baseline 0.006 -27"><span class='ocrx_word' id='word_1_23' title='bbox 321 606 771 678; x_wconf 79' lang='grc' dir='ltr'><strong>παρακειμένους</strong></span> <span class='ocrx_word' id='word_1_24' title='bbox 801 610 973 679; x_wconf 77' lang='grc' dir='ltr'><strong>χωρεῖ</strong></span> <span class='ocrx_word' id='word_1_25' title='bbox 999 609 1303 678; x_wconf 79' lang='grc' dir='ltr'><strong>ποταμοὺς,</strong></span> <span class='ocrx_word' id='word_1_26' title='bbox 1335 611 1433 663; x_wconf 80' lang='grc' dir='ltr'><strong>καὶ</strong></span> <span class='ocrx_word' id='word_1_27' title='bbox 1466 613 1689 684; x_wconf 83' lang='grc' dir='ltr'><strong>χωρίοις</strong></span> <span class='ocrx_word' id='word_1_28' title='bbox 1708 614 1922 686; x_wconf 73' lang='grc' dir='ltr'><strong>ἑτέροις</strong></span> 
     </span>
    </p>
   </div>
   <div class='ocr_carea' id='block_1_7' title="bbox 2022 616 3610 689">
    <p class='ocr_par' dir='ltr' id='par_1_7' title="bbox 2022 616 3610 689">
     <span class='ocr_line' id='line_1_7' title="bbox 2022 616 3610 689; baseline 0.011 -18"><span class='ocrx_word' id='word_1_29' title='bbox 2022 616 2159 673; x_wconf 91' lang='lat' dir='ltr'><strong>locis</strong></span> <span class='ocrx_word' id='word_1_30' title='bbox 2204 619 2584 689; x_wconf 71' lang='lat' dir='ltr'><strong>irrigationem</strong></span> <span class='ocrx_word' id='word_1_31' title='bbox 2623 620 2813 687; x_wconf 78' lang='lat' dir='ltr'><strong>all‘ert,</strong></span> <span class='ocrx_word' id='word_1_32' title='bbox 2878 623 2961 679; x_wconf 86' lang='lat' dir='ltr'><strong>sic</strong></span> <span class='ocrx_word' id='word_1_33' title='bbox 3012 625 3284 682; x_wconf 90' lang='lat' dir='ltr'><strong>bonorum</strong></span> <span class='ocrx_word' id='word_1_34' title='bbox 3331 628 3610 689; x_wconf 81' lang='lat' dir='ltr'><strong>aﬂlueutia</strong></span> 
     </span>
    </p>
   </div>
   <div class='ocr_carea' id='block_1_8' title="bbox 319 694 1904 793">
    <p class='ocr_par' dir='ltr' id='par_1_8' title="bbox 319 694 1904 771">
     <span class='ocr_line' id='line_1_8' title="bbox 319 694 1904 771; baseline 0.005 -21"><span class='ocrx_word' id='word_1_35' title='bbox 319 694 519 768; x_wconf 86' lang='grc' dir='ltr'><strong>ἀρδεία</strong></span> <span class='ocrx_word' id='word_1_36' title='bbox 561 697 973 767; x_wconf 79' lang='grc' dir='ltr'><strong>προσφέρεται·</strong></span> <span class='ocrx_word' id='word_1_37' title='bbox 1011 696 1157 751; x_wconf 80' lang='grc' dir='ltr'><strong>οὕτω</strong></span> <span class='ocrx_word' id='word_1_38' title='bbox 1195 696 1307 751; x_wconf 88' lang='grc' dir='ltr'><strong>τῶν</strong></span> <span class='ocrx_word' id='word_1_39' title='bbox 1351 698 1651 756; x_wconf 89' lang='grc' dir='ltr'><strong>θεοσδότων</strong></span> <span class='ocrx_word' id='word_1_40' title='bbox 1697 704 1904 771; x_wconf 62' lang='grc' dir='ltr'><strong>ἀγαθῶη</strong></span> 
     </span>
    </p>
   </div>
   <div class='ocr_carea' id='block_1_9' title="bbox 2007 694 3608 793">
    <p class='ocr_par' dir='ltr' id='par_1_9' title="bbox 2020 709 3608 793">
     <span class='ocr_line' id='line_1_9' title="bbox 2020 709 3608 793; baseline 0.01 -30"><span class='ocrx_word' id='word_1_41' title='bbox 2020 709 2286 765; x_wconf 79' lang='lat' dir='ltr'><strong>divinitus</strong></span> <span class='ocrx_word' id='word_1_42' title='bbox 2325 711 2490 775; x_wconf 88' lang='lat' dir='ltr'><strong>data,</strong></span> <span class='ocrx_word' id='word_1_43' title='bbox 2540 710 2749 768; x_wconf 65' lang='lat' dir='ltr'><strong>ludatis</strong></span> <span class='ocrx_word' id='word_1_44' title='bbox 2794 715 2989 784; x_wconf 86' lang='lat' dir='ltr'><strong>primis</strong></span> <span class='ocrx_word' id='word_1_45' title='bbox 3035 733 3168 773; x_wconf 87' lang='lat' dir='ltr'><strong>sane</strong></span> <span class='ocrx_word' id='word_1_46' title='bbox 3227 720 3409 775; x_wconf 88' lang='lat' dir='ltr'><strong>oblata</strong></span> <span class='ocrx_word' id='word_1_47' title='bbox 3468 722 3608 793; x_wconf 79' lang='lat' dir='ltr'><strong>fuit,</strong></span> 
     </span>
    </p>
   </div>
   <div class='ocr_carea' id='block_1_10' title="bbox 318 785 1915 860">
    <p class='ocr_par' dir='ltr' id='par_1_10' title="bbox 318 785 1915 860">
     <span class='ocr_line' id='line_1_10' title="bbox 318 785 1915 860; baseline 0.008 -25"><span class='ocrx_word' id='word_1_48' title='bbox 318 789 353 857; x_wconf 78' lang='grc' dir='ltr'>ἡ</span> <span class='ocrx_word' id='word_1_49' title='bbox 399 787 542 857; x_wconf 83' lang='grc' dir='ltr'><strong>φορά</strong></span> <span class='ocrx_word' id='word_1_50' title='bbox 592 785 836 858; x_wconf 80' lang='grc' dir='ltr'><strong>πρώτοις</strong></span> <span class='ocrx_word' id='word_1_51' title='bbox 888 787 988 858; x_wconf 82' lang='grc' dir='ltr'><strong>μὲν</strong></span> <span class='ocrx_word' id='word_1_52' title='bbox 1047 789 1396 860; x_wconf 76' lang='grc' dir='ltr'><strong>προσηνέχθη</strong></span> <span class='ocrx_word' id='word_1_53' title='bbox 1440 794 1552 855; x_wconf 87' lang='grc' dir='ltr'><strong>τοῖς</strong></span> <span class='ocrx_word' id='word_1_54' title='bbox 1598 793 1874 858; x_wconf 79' lang='grc' dir='ltr'><strong>Ἰουδαίοις</strong></span> <span class='ocrx_word' id='word_1_55' title='bbox 1900 811 1915 826; x_wconf 90' lang='grc'><strong>·</strong></span> 
     </span>
    </p>
   </div>
   <div class='ocr_carea' id='block_1_11' title="bbox 320 879 1917 954">
    <p class='ocr_par' dir='ltr' id='par_1_11' title="bbox 320 879 1917 954">
     <span class='ocr_line' id='line_1_11' title="bbox 320 879 1917 954; baseline 0.006 -23"><span class='ocrx_word' id='word_1_56' title='bbox 320 879 549 933; x_wconf 75' lang='grc' dir='ltr'><strong>ἐκείνων</strong></span> <span class='ocrx_word' id='word_1_57' title='bbox 591 880 648 933; x_wconf 82' lang='grc' dir='ltr'><strong>δὲ</strong></span> <span class='ocrx_word' id='word_1_58' title='bbox 681 880 1213 951; x_wconf 82' lang='grc' dir='ltr'><strong>παραπεμψαμένων</strong></span> <span class='ocrx_word' id='word_1_59' title='bbox 1246 880 1345 954; x_wconf 84' lang='grc' dir='ltr'><strong>τὴν</strong></span> <span class='ocrx_word' id='word_1_60' title='bbox 1369 883 1551 954; x_wconf 82' lang='grc' dir='ltr'><strong>χάριν,</strong></span> <span class='ocrx_word' id='word_1_61' title='bbox 1577 884 1664 940; x_wconf 83' lang='grc' dir='ltr'><strong>διὰ</strong></span> <span class='ocrx_word' id='word_1_62' title='bbox 1695 887 1806 940; x_wconf 87' lang='grc' dir='ltr'><strong>τῶν</strong></span> <span class='ocrx_word' id='word_1_63' title='bbox 1840 889 1917 940; x_wconf 81' lang='grc' dir='ltr'><strong>ἱε-</strong></span> 
     </span>
    </p>
   </div>
   <div class='ocr_carea' id='block_1_12' title="bbox 324 971 1915 1050">
    <p class='ocr_par' dir='ltr' id='par_1_12' title="bbox 324 971 1915 1050">
     <span class='ocr_line' id='line_1_12' title="bbox 324 971 1915 1050; baseline 0.006 -27"><span class='ocrx_word' id='word_1_64' title='bbox 324 971 435 1041; x_wconf 87' lang='grc' dir='ltr'><strong>ρῶν</strong></span> <span class='ocrx_word' id='word_1_65' title='bbox 483 971 818 1034; x_wconf 85' lang='grc' dir='ltr'><strong>ἀποστόλων,</strong></span> <span class='ocrx_word' id='word_1_66' title='bbox 854 971 1046 1043; x_wconf 84' lang='grc' dir='ltr'><strong>ὥσπερ</strong></span> <span class='ocrx_word' id='word_1_67' title='bbox 1091 972 1182 1027; x_wconf 83' lang='grc' dir='ltr'><strong>διά</strong></span> <span class='ocrx_word' id='word_1_68' title='bbox 1232 991 1394 1027; x_wconf 87' lang='grc' dir='ltr'><strong>τινων</strong></span> <span class='ocrx_word' id='word_1_69' title='bbox 1425 976 1772 1049; x_wconf 82' lang='grc' dir='ltr'><strong>ποταμῶν,ή</strong></span> <span class='ocrx_word' id='word_1_70' title='bbox 1819 980 1915 1050; x_wconf 82' lang='grc' dir='ltr'><strong>τῆς</strong></span> 
     </span>
    </p>
   </div>
   <div class='ocr_carea' id='block_1_13' title="bbox 318 1062 1664 1137">
    <p class='ocr_par' dir='ltr' id='par_1_13' title="bbox 318 1062 1664 1137">
     <span class='ocr_line' id='line_1_13' title="bbox 318 1062 1664 1137; baseline 0.006 -23"><span class='ocrx_word' id='word_1_71' title='bbox 318 1062 672 1125; x_wconf 80' lang='grc' dir='ltr'><strong>διδασκαλίας</strong></span> <span class='ocrx_word' id='word_1_72' title='bbox 698 1064 891 1134; x_wconf 80' lang='grc' dir='ltr'><strong>ἀρδεία</strong></span> <span class='ocrx_word' id='word_1_73' title='bbox 919 1065 1267 1137; x_wconf 78' lang='grc' dir='ltr'><strong>προσηνέχθη</strong></span> <span class='ocrx_word' id='word_1_74' title='bbox 1296 1068 1408 1130; x_wconf 82' lang='grc' dir='ltr'><strong>τοῖς</strong></span> <span class='ocrx_word' id='word_1_75' title='bbox 1435 1065 1664 1122; x_wconf 69' lang='grc' dir='ltr'><strong>ἔθνεσιν.</strong></span> 
     </span>
    </p>
   </div>
   <div class='ocr_carea' id='block_1_14' title="bbox 394 1171 1911 1251">
    <p class='ocr_par' dir='ltr' id='par_1_14' title="bbox 394 1171 1911 1251">
     <span class='ocr_line' id='line_1_14' title="bbox 394 1171 1911 1251; baseline 0.006 -25"><span class='ocrx_word' id='word_1_76' title='bbox 394 1175 479 1227; x_wconf 90' lang='grc' dir='ltr'><strong>ιθ’.</strong></span> <span class='ocrx_word' id='word_1_77' title='bbox 520 1194 539 1225; x_wconf 77' lang='grc' dir='ltr'><strong>ι</strong></span> <span class='ocrx_word' id='word_1_78' title='bbox 573 1171 632 1228; x_wconf 82' lang='lat'><strong>&#39;0</strong></span> <span class='ocrx_word' id='word_1_79' title='bbox 655 1175 702 1206; x_wconf 73' lang='lat'><strong>”</strong></span> <span class='ocrx_word' id='word_1_80' title='bbox 731 1175 1079 1229; x_wconf 77' lang='grc' dir='ltr'><strong>ἀποστέλλων</strong></span> <span class='ocrx_word' id='word_1_81' title='bbox 1104 1177 1167 1230; x_wconf 83' lang='grc' dir='ltr'><strong>τὸ</strong></span> <span class='ocrx_word' id='word_1_82' title='bbox 1191 1177 1370 1247; x_wconf 82' lang='grc' dir='ltr'><strong>λόγιον</strong></span> <span class='ocrx_word' id='word_1_83' title='bbox 1391 1178 1557 1232; x_wconf 85' lang='grc' dir='ltr'><strong>αὑτοῦ</strong></span> <span class='ocrx_word' id='word_1_84' title='bbox 1587 1179 1667 1251; x_wconf 80' lang='grc' dir='ltr'><strong>τῷ</strong></span> <span class='ocrx_word' id='word_1_85' title='bbox 1695 1182 1911 1236; x_wconf 58' lang='grc' dir='ltr'><strong>Ἰακώϐ·</strong></span> 
     </span>
    </p>
   </div>
   <div class='ocr_carea' id='block_1_15' title="bbox 318 1263 1912 1341">
    <p class='ocr_par' dir='ltr' id='par_1_15' title="bbox 318 1263 1912 1341">
     <span class='ocr_line' id='line_1_15' title="bbox 318 1263 1912 1341; baseline 0.008 -25"><span class='ocrx_word' id='word_1_86' title='bbox 318 1263 671 1333; x_wconf 81' lang='grc' dir='ltr'><strong>δικαιώματα</strong></span> <span class='ocrx_word' id='word_1_87' title='bbox 700 1265 797 1318; x_wconf 77' lang='grc' dir='ltr'><strong>καὶ</strong></span> <span class='ocrx_word' id='word_1_88' title='bbox 826 1266 1071 1337; x_wconf 83' lang='grc' dir='ltr'><strong>κρίματα</strong></span> <span class='ocrx_word' id='word_1_89' title='bbox 1102 1267 1270 1321; x_wconf 80' lang='grc' dir='ltr'><strong>αὑτοῦ</strong></span> <span class='ocrx_word' id='word_1_90' title='bbox 1296 1267 1375 1339; x_wconf 79' lang='grc' dir='ltr'><strong>τῷ</strong></span> <span class='ocrx_word' id='word_1_91' title='bbox 1407 1270 1644 1341; x_wconf 83' lang='grc' dir='ltr'><strong>Ἰσραήλ.</strong></span> <span class='ocrx_word' id='word_1_92' title='bbox 1682 1291 1700 1324; x_wconf 74' lang='grc' dir='ltr'>ι</span> <span class='ocrx_word' id='word_1_93' title='bbox 1736 1273 1912 1328; x_wconf 84' lang='grc' dir='ltr'><strong>Πάλαι</strong></span> 
     </span>
    </p>
   </div>
   <div class='ocr_carea' id='block_1_16' title="bbox 322 1354 1911 1435">
    <p class='ocr_par' dir='ltr' id='par_1_16' title="bbox 322 1354 1911 1435">
     <span class='ocr_line' id='line_1_16' title="bbox 322 1354 1911 1435; baseline 0.009 -30"><span class='ocrx_word' id='word_1_94' title='bbox 322 1354 422 1424; x_wconf 79' lang='grc' dir='ltr'><strong>μὲν</strong></span> <span class='ocrx_word' id='word_1_95' title='bbox 467 1355 559 1407; x_wconf 79' lang='grc' dir='ltr'><strong>τὸν</strong></span> <span class='ocrx_word' id='word_1_96' title='bbox 597 1354 782 1425; x_wconf 87' lang='grc' dir='ltr'><strong>νόμον,</strong></span> <span class='ocrx_word' id='word_1_97' title='bbox 820 1356 960 1425; x_wconf 84' lang='grc' dir='ltr'><strong>μετά</strong></span> <span class='ocrx_word' id='word_1_98' title='bbox 1002 1356 1061 1410; x_wconf 83' lang='grc' dir='ltr'><strong>δὲ</strong></span> <span class='ocrx_word' id='word_1_99' title='bbox 1092 1357 1270 1413; x_wconf 84' lang='grc' dir='ltr'><strong>ταῦτα</strong></span> <span class='ocrx_word' id='word_1_100' title='bbox 1302 1361 1397 1415; x_wconf 79' lang='grc' dir='ltr'><strong>καὶ</strong></span> <span class='ocrx_word' id='word_1_101' title='bbox 1426 1363 1527 1431; x_wconf 82' lang='grc' dir='ltr'><strong>τήν</strong></span> <span class='ocrx_word' id='word_1_102' title='bbox 1571 1363 1768 1435; x_wconf 81' lang='grc' dir='ltr'><strong>χάριν·</strong></span> <span class='ocrx_word' id='word_1_103' title='bbox 1795 1365 1911 1419; x_wconf 79' lang='grc' dir='ltr'><strong>ἀλλ’</strong></span> 
     </span>
    </p>
   </div>
   <div class='ocr_carea' id='block_1_17' title="bbox 318 1448 1218 1521">
    <p class='ocr_par' dir='ltr' id='par_1_17' title="bbox 318 1448 1218 1521">
     <span class='ocr_line' id='line_1_17' title="bbox 318 1448 1218 1521; baseline 0.001 -19"><span class='ocrx_word' id='word_1_104' title='bbox 318 1448 528 1513; x_wconf 77' lang='grc' dir='ltr'><strong>ἀνάξιοι</strong></span> <span class='ocrx_word' id='word_1_105' title='bbox 556 1448 838 1519; x_wconf 77' lang='grc' dir='ltr'><strong>ἑκατέρων</strong></span> <span class='ocrx_word' id='word_1_106' title='bbox 871 1448 1218 1521; x_wconf 70' lang='grc' dir='ltr'><strong>ἐδείχθησαν.</strong></span> 
     </span>
    </p>
   </div>
   <div class='ocr_carea' id='block_1_18' title="bbox 391 1561 1910 1639">
    <p class='ocr_par' dir='ltr' id='par_1_18' title="bbox 391 1561 1910 1639">
     <span class='ocr_line' id='line_1_18' title="bbox 391 1561 1910 1639; baseline 0.006 -26"><span class='ocrx_word' id='word_1_107' title='bbox 391 1561 461 1613; x_wconf 83' lang='grc' dir='ltr'><strong>κ’.</strong></span> <span class='ocrx_word' id='word_1_108' title='bbox 501 1580 519 1612; x_wconf 80' lang='grc' dir='ltr'>ι</span> <span class='ocrx_word' id='word_1_109' title='bbox 548 1561 663 1613; x_wconf 72' lang='grc' dir='ltr'><strong>Οὐκ</strong></span> <span class='ocrx_word' id='word_1_110' title='bbox 689 1561 949 1631; x_wconf 76' lang='grc' dir='ltr'><strong>ἐποίησεν</strong></span> <span class='ocrx_word' id='word_1_111' title='bbox 971 1561 1144 1626; x_wconf 79' lang='grc' dir='ltr'><strong>οὑτως</strong></span> <span class='ocrx_word' id='word_1_112' title='bbox 1178 1564 1343 1616; x_wconf 78' lang='grc' dir='ltr'><strong>παντὶ</strong></span> <span class='ocrx_word' id='word_1_113' title='bbox 1369 1563 1531 1631; x_wconf 81' lang='grc' dir='ltr'><strong>ἔθνει,</strong></span> <span class='ocrx_word' id='word_1_114' title='bbox 1558 1566 1654 1620; x_wconf 75' lang='grc' dir='ltr'><strong>καὶ</strong></span> <span class='ocrx_word' id='word_1_115' title='bbox 1685 1567 1753 1621; x_wconf 85' lang='grc' dir='ltr'><strong>τὰ</strong></span> <span class='ocrx_word' id='word_1_116' title='bbox 1787 1567 1910 1639; x_wconf 88' lang='grc' dir='ltr'><strong>κρί-</strong></span> 
     </span>
    </p>
   </div>
   <div class='ocr_carea' id='block_1_19' title="bbox 321 1651 1907 1729">
    <p class='ocr_par' dir='ltr' id='par_1_19' title="bbox 321 1651 1907 1729">
     <span class='ocr_line' id='line_1_19' title="bbox 321 1651 1907 1729; baseline 0.003 -22"><span class='ocrx_word' id='word_1_117' title='bbox 321 1670 468 1723; x_wconf 87' lang='grc' dir='ltr'><strong>ματα</strong></span> <span class='ocrx_word' id='word_1_118' title='bbox 488 1651 653 1706; x_wconf 82' lang='grc' dir='ltr'><strong>αὑτοῦ</strong></span> <span class='ocrx_word' id='word_1_119' title='bbox 687 1653 788 1706; x_wconf 77' lang='grc' dir='ltr'><strong>οὐκ</strong></span> <span class='ocrx_word' id='word_1_120' title='bbox 808 1653 1079 1724; x_wconf 76' lang='grc' dir='ltr'><strong>ἐδήλωσεν</strong></span> <span class='ocrx_word' id='word_1_121' title='bbox 1102 1653 1168 1709; x_wconf 78' lang='grc'><strong>⁸⁸.</strong></span> <span class='ocrx_word' id='word_1_122' title='bbox 1200 1673 1219 1707; x_wconf 77' lang='grc' dir='ltr'>ι</span> <span class='ocrx_word' id='word_1_123' title='bbox 1259 1655 1450 1710; x_wconf 79' lang='grc' dir='ltr'><strong>Οὐδενὶ</strong></span> <span class='ocrx_word' id='word_1_124' title='bbox 1466 1657 1576 1729; x_wconf 78' lang='grc' dir='ltr'><strong>γὰρ</strong></span> <span class='ocrx_word' id='word_1_125' title='bbox 1604 1658 1713 1712; x_wconf 88' lang='grc' dir='ltr'><strong>τῶν</strong></span> <span class='ocrx_word' id='word_1_126' title='bbox 1738 1658 1907 1712; x_wconf 81' lang='grc' dir='ltr'><strong>ἐθνῶν</strong></span> 
     </span>
    </p>
   </div>
   <div class='ocr_carea' id='block_1_20' title="bbox 316 1744 1905 1825">
    <p class='ocr_par' dir='ltr' id='par_1_20' title="bbox 316 1744 1905 1825">
     <span class='ocr_line' id='line_1_20' title="bbox 316 1744 1905 1825; baseline 0.004 -25"><span class='ocrx_word' id='word_1_127' title='bbox 316 1748 410 1800; x_wconf 81' lang='grc' dir='ltr'><strong>τὸν</strong></span> <span class='ocrx_word' id='word_1_128' title='bbox 436 1745 527 1800; x_wconf 83' lang='grc' dir='ltr'><strong>διὰ</strong></span> <span class='ocrx_word' id='word_1_129' title='bbox 553 1744 756 1800; x_wconf 84' lang='grc' dir='ltr'><strong>Μωσοῦ</strong></span> <span class='ocrx_word' id='word_1_130' title='bbox 789 1745 992 1800; x_wconf 87' lang='grc' dir='ltr'><strong>δέδωκε</strong></span> <span class='ocrx_word' id='word_1_131' title='bbox 1012 1747 1203 1817; x_wconf 81' lang='grc' dir='ltr'><strong>νόμον,</strong></span> <span class='ocrx_word' id='word_1_132' title='bbox 1237 1748 1363 1803; x_wconf 78' lang='grc' dir='ltr'><strong>οὔτε</strong></span> <span class='ocrx_word' id='word_1_133' title='bbox 1391 1749 1491 1822; x_wconf 86' lang='grc' dir='ltr'><strong>τὴν</strong></span> <span class='ocrx_word' id='word_1_134' title='bbox 1520 1751 1611 1806; x_wconf 76' lang='grc' dir='ltr'><strong>διὰ</strong></span> <span class='ocrx_word' id='word_1_135' title='bbox 1638 1752 1746 1806; x_wconf 86' lang='grc' dir='ltr'><strong>τῶν</strong></span> <span class='ocrx_word' id='word_1_136' title='bbox 1771 1770 1905 1825; x_wconf 82' lang='grc' dir='ltr'><strong>προ-</strong></span> 
     </span>
    </p>
   </div>
   <div class='ocr_carea' id='block_1_21' title="bbox 317 1838 1906 1915">
    <p class='ocr_par' dir='ltr' id='par_1_21' title="bbox 317 1838 1906 1915">
     <span class='ocr_line' id='line_1_21' title="bbox 317 1838 1906 1915; baseline 0.006 -25"><span class='ocrx_word' id='word_1_137' title='bbox 317 1839 508 1909; x_wconf 86' lang='grc' dir='ltr'><strong>φητῶν</strong></span> <span class='ocrx_word' id='word_1_138' title='bbox 560 1839 958 1909; x_wconf 84' lang='grc' dir='ltr'><strong>προσενήνοχεν</strong></span> <span class='ocrx_word' id='word_1_139' title='bbox 1001 1838 1294 1907; x_wconf 86' lang='grc' dir='ltr'><strong>ὠφέλειαν.</strong></span> <span class='ocrx_word' id='word_1_140' title='bbox 1322 1841 1562 1906; x_wconf 89' lang='grc' dir='ltr'><strong>Τούτους</strong></span> <span class='ocrx_word' id='word_1_141' title='bbox 1603 1843 1660 1898; x_wconf 85' lang='grc' dir='ltr'><strong>δὲ</strong></span> <span class='ocrx_word' id='word_1_142' title='bbox 1711 1845 1906 1915; x_wconf 84' lang='grc' dir='ltr'><strong>μόνους</strong></span> 
     </span>
    </p>
   </div>
   <div class='ocr_carea' id='block_1_22' title="bbox 2025 800 3612 883">
    <p class='ocr_par' dir='ltr' id='par_1_22' title="bbox 2025 800 3612 883">
     <span class='ocr_line' id='line_1_22' title="bbox 2025 800 3612 883; baseline 0.011 -28"><span class='ocrx_word' id='word_1_143' title='bbox 2025 800 2238 873; x_wconf 74' lang='grc'><strong>1575</strong></span> <span class='ocrx_word' id='word_1_144' title='bbox 2278 803 2384 858; x_wconf 83' lang='lat' dir='ltr'><strong>illis</strong></span> <span class='ocrx_word' id='word_1_145' title='bbox 2412 820 2540 858; x_wconf 85' lang='lat' dir='ltr'><strong>vero</strong></span> <span class='ocrx_word' id='word_1_146' title='bbox 2568 808 2797 875; x_wconf 80' lang='lat' dir='ltr'><strong>gratiam</strong></span> <span class='ocrx_word' id='word_1_147' title='bbox 2840 810 3239 876; x_wconf 72' lang='lat' dir='ltr'><strong>renuentibus,</strong></span> <span class='ocrx_word' id='word_1_148' title='bbox 3282 829 3379 883; x_wconf 88' lang='lat' dir='ltr'><strong>per</strong></span> <span class='ocrx_word' id='word_1_149' title='bbox 3418 830 3612 872; x_wconf 78' lang='lat' dir='ltr'><strong>sacros</strong></span> 
     </span>
    </p>
   </div>
   <div class='ocr_carea' id='block_1_23' title="bbox 2019 897 3612 972">
    <p class='ocr_par' dir='ltr' id='par_1_23' title="bbox 2019 897 3612 972">
     <span class='ocr_line' id='line_1_23' title="bbox 2019 897 3612 972; baseline 0.011 -25"><span class='ocrx_word' id='word_1_150' title='bbox 2019 897 2333 964; x_wconf 85' lang='lat' dir='ltr'><strong>apostolos,</strong></span> <span class='ocrx_word' id='word_1_151' title='bbox 2388 898 2555 952; x_wconf 76' lang='lat' dir='ltr'><strong>veluti</strong></span> <span class='ocrx_word' id='word_1_152' title='bbox 2603 915 2698 964; x_wconf 81' lang='lat' dir='ltr'><strong>per</strong></span> <span class='ocrx_word' id='word_1_153' title='bbox 2738 901 3011 968; x_wconf 90' lang='lat' dir='ltr'><strong>quosdam</strong></span> <span class='ocrx_word' id='word_1_154' title='bbox 3061 901 3301 972; x_wconf 84' lang='lat' dir='ltr'><strong>ﬂuvios,</strong></span> <span class='ocrx_word' id='word_1_155' title='bbox 3342 907 3612 963; x_wconf 68' lang='lat' dir='ltr'><strong>doctrinae</strong></span> 
     </span>
    </p>
   </div>
   <div class='ocr_carea' id='block_1_24' title="bbox 2020 984 2917 1057">
    <p class='ocr_par' dir='ltr' id='par_1_24' title="bbox 2020 984 2917 1057">
     <span class='ocr_line' id='line_1_24' title="bbox 2020 984 2917 1057; baseline 0.01 -19"><span class='ocrx_word' id='word_1_156' title='bbox 2020 984 2270 1057; x_wconf 78' lang='lat' dir='ltr'><strong>irrigatio</strong></span> <span class='ocrx_word' id='word_1_157' title='bbox 2301 989 2557 1056; x_wconf 76' lang='lat' dir='ltr'><strong>gentibus</strong></span> <span class='ocrx_word' id='word_1_158' title='bbox 2592 999 2674 1045; x_wconf 93' lang='lat' dir='ltr'><strong>est</strong></span> <span class='ocrx_word' id='word_1_159' title='bbox 2706 992 2917 1047; x_wconf 84' lang='lat' dir='ltr'><strong>oblata.</strong></span> 
     </span>
    </p>
   </div>
   <div class='ocr_carea' id='block_1_25' title="bbox 2088 1180 3601 1254">
    <p class='ocr_par' dir='ltr' id='par_1_25' title="bbox 2088 1180 3601 1254">
     <span class='ocr_line' id='line_1_25' title="bbox 2088 1180 3601 1254; baseline 0.013 -20"><span class='ocrx_word' id='word_1_160' title='bbox 2088 1180 2252 1238; x_wconf 76' lang='lat' dir='ltr'><strong>Vens.</strong></span> <span class='ocrx_word' id='word_1_161' title='bbox 2288 1185 2402 1239; x_wconf 61' lang='lat'><strong>19.:</strong></span> <span class='ocrx_word' id='word_1_162' title='bbox 2436 1186 2536 1253; x_wconf 85' lang='lat' dir='ltr'><strong>Qui</strong></span> <span class='ocrx_word' id='word_1_163' title='bbox 2559 1189 2850 1243; x_wconf 87' lang='lat' dir='ltr'><strong>annuntiat</strong></span> <span class='ocrx_word' id='word_1_164' title='bbox 2879 1191 3109 1247; x_wconf 82' lang='lat' dir='ltr'><strong>verbum</strong></span> <span class='ocrx_word' id='word_1_165' title='bbox 3148 1211 3309 1250; x_wconf 87' lang='lat' dir='ltr'><strong>suum</strong></span> <span class='ocrx_word' id='word_1_166' title='bbox 3348 1195 3558 1253; x_wconf 82' lang='lat' dir='ltr'><strong>Jacoho</strong></span> <span class='ocrx_word' id='word_1_167' title='bbox 3588 1217 3601 1254; x_wconf 94' lang='lat'>:</span> 
     </span>
    </p>
   </div>
   <div class='ocr_carea' id='block_1_26' title="bbox 2009 1274 3600 1360">
    <p class='ocr_par' dir='ltr' id='par_1_26' title="bbox 2009 1274 3600 1360">
     <span class='ocr_line' id='line_1_26' title="bbox 2009 1274 3600 1360; baseline 0.01 -32"><span class='ocrx_word' id='word_1_168' title='bbox 2009 1274 2261 1343; x_wconf 87' lang='lat' dir='ltr'><strong>justitias</strong></span> <span class='ocrx_word' id='word_1_169' title='bbox 2293 1278 2570 1345; x_wconf 72' lang='lat' dir='ltr'><strong>rtjudicia</strong></span> <span class='ocrx_word' id='word_1_170' title='bbox 2593 1296 2693 1334; x_wconf 85' lang='lat' dir='ltr'><strong>sua</strong></span> <span class='ocrx_word' id='word_1_171' title='bbox 2720 1280 2955 1337; x_wconf 70' lang='lat' dir='ltr'><strong>lsraeli.)</strong></span> <span class='ocrx_word' id='word_1_172' title='bbox 2979 1284 3120 1340; x_wconf 91' lang='lat' dir='ltr'><strong>Olim</strong></span> <span class='ocrx_word' id='word_1_173' title='bbox 3150 1287 3370 1356; x_wconf 80' lang='lat' dir='ltr'><strong>quidem</strong></span> <span class='ocrx_word' id='word_1_174' title='bbox 3399 1290 3600 1360; x_wconf 78' lang='lat' dir='ltr'><strong>legem,</strong></span> 
     </span>
    </p>
   </div>
   <div class='ocr_carea' id='block_1_27' title="bbox 2014 1371 3603 1452">
    <p class='ocr_par' dir='ltr' id='par_1_27' title="bbox 2014 1371 3603 1452">
     <span class='ocr_line' id='line_1_27' title="bbox 2014 1371 3603 1452; baseline 0.013 -34"><span class='ocrx_word' id='word_1_175' title='bbox 2014 1375 2201 1435; x_wconf 82' lang='lat' dir='ltr'><strong>postea</strong></span> <span class='ocrx_word' id='word_1_176' title='bbox 2239 1381 2370 1422; x_wconf 77' lang='lat' dir='ltr'><strong>vero</strong></span> <span class='ocrx_word' id='word_1_177' title='bbox 2418 1378 2472 1424; x_wconf 87' lang='lat' dir='ltr'><strong>et</strong></span> <span class='ocrx_word' id='word_1_178' title='bbox 2505 1371 2737 1440; x_wconf 76' lang='lat' dir='ltr'><strong>gratiam</strong></span> <span class='ocrx_word' id='word_1_179' title='bbox 2775 1389 2789 1425; x_wconf 93' lang='lat'>:</span> <span class='ocrx_word' id='word_1_180' title='bbox 2834 1376 2931 1429; x_wconf 89' lang='lat' dir='ltr'><strong>sed</strong></span> <span class='ocrx_word' id='word_1_181' title='bbox 2965 1387 3202 1449; x_wconf 86' lang='lat' dir='ltr'><strong>utroque</strong></span> <span class='ocrx_word' id='word_1_182' title='bbox 3255 1380 3466 1452; x_wconf 80' lang='lat' dir='ltr'><strong>indigni</strong></span> <span class='ocrx_word' id='word_1_183' title='bbox 3502 1397 3603 1438; x_wconf 84' lang='lat' dir='ltr'><strong>co-</strong></span> 
     </span>
    </p>
   </div>
   <div class='ocr_carea' id='block_1_28' title="bbox 2010 1452 2590 1524">
    <p class='ocr_par' dir='ltr' id='par_1_28' title="bbox 2010 1452 2590 1524">
     <span class='ocr_line' id='line_1_28' title="bbox 2010 1452 2590 1524; baseline 0.014 -18"><span class='ocrx_word' id='word_1_184' title='bbox 2010 1453 2148 1524; x_wconf 73' lang='lat' dir='ltr'><strong>gniti</strong></span> <span class='ocrx_word' id='word_1_185' title='bbox 2174 1464 2326 1511; x_wconf 86' lang='lat' dir='ltr'><strong>sunt.</strong></span> <span class='ocrx_word' id='word_1_186' title='bbox 2583 1452 2590 1458; x_wconf 81' lang='grc'><strong>’</strong></span> 
     </span>
    </p>
   </div>
   <div class='ocr_carea' id='block_1_29' title="bbox 2082 1530 3599 1652">
    <p class='ocr_par' dir='ltr' id='par_1_29' title="bbox 2082 1530 3599 1652">
     <span class='ocr_line' id='line_1_29' title="bbox 2082 1530 3599 1652; baseline 0.012 -30"><span class='ocrx_word' id='word_1_187' title='bbox 2082 1567 2250 1623; x_wconf 74' lang='lat' dir='ltr'><strong>Vens.</strong></span> <span class='ocrx_word' id='word_1_188' title='bbox 2280 1567 2369 1625; x_wconf 74' lang='lat'><strong>20.</strong></span> <span class='ocrx_word' id='word_1_189' title='bbox 2408 1589 2426 1621; x_wconf 78' lang='grc' dir='ltr'>ι</span> <span class='ocrx_word' id='word_1_190' title='bbox 2458 1567 2578 1626; x_wconf 83' lang='grc' dir='ltr'><strong>Νοη</strong></span> <span class='ocrx_word' id='word_1_191' title='bbox 2613 1530 2741 1628; x_wconf 75' lang='lat' dir='ltr'><strong>fecit</strong></span> <span class='ocrx_word' id='word_1_192' title='bbox 2773 1575 2848 1631; x_wconf 88' lang='lat' dir='ltr'><strong>ita</strong></span> <span class='ocrx_word' id='word_1_193' title='bbox 2885 1576 2984 1632; x_wconf 88' lang='lat' dir='ltr'><strong>ulli</strong></span> <span class='ocrx_word' id='word_1_194' title='bbox 3016 1578 3267 1649; x_wconf 88' lang='lat' dir='ltr'><strong>nationi,</strong></span> <span class='ocrx_word' id='word_1_195' title='bbox 3299 1590 3355 1637; x_wconf 92' lang='lat' dir='ltr'><strong>et</strong></span> <span class='ocrx_word' id='word_1_196' title='bbox 3391 1583 3599 1652; x_wconf 81' lang='lat' dir='ltr'><strong>judicia</strong></span> 
     </span>
    </p>
   </div>
   <div class='ocr_carea' id='block_1_30' title="bbox 2010 1658 3602 1741">
    <p class='ocr_par' dir='ltr' id='par_1_30' title="bbox 2010 1658 3602 1741">
     <span class='ocr_line' id='line_1_30' title="bbox 2010 1658 3602 1741; baseline 0.011 -31"><span class='ocrx_word' id='word_1_197' title='bbox 2010 1671 2108 1711; x_wconf 88' lang='lat' dir='ltr'><strong>sua</strong></span> <span class='ocrx_word' id='word_1_198' title='bbox 2122 1671 2233 1712; x_wconf 89' lang='lat' dir='ltr'><strong>non</strong></span> <span class='ocrx_word' id='word_1_199' title='bbox 2256 1658 2649 1717; x_wconf 80' lang='lat' dir='ltr'><strong>manifestavit.</strong></span> <span class='ocrx_word' id='word_1_200' title='bbox 2672 1680 2690 1714; x_wconf 76' lang='grc' dir='ltr'>ι</span> <span class='ocrx_word' id='word_1_201' title='bbox 2713 1661 2857 1718; x_wconf 86' lang='lat' dir='ltr'><strong>Nulli</strong></span> <span class='ocrx_word' id='word_1_202' title='bbox 2878 1666 3026 1721; x_wconf 89' lang='lat' dir='ltr'><strong>enim</strong></span> <span class='ocrx_word' id='word_1_203' title='bbox 3049 1670 3290 1739; x_wconf 76' lang='lat' dir='ltr'><strong>gentium</strong></span> <span class='ocrx_word' id='word_1_204' title='bbox 3305 1687 3403 1741; x_wconf 86' lang='lat' dir='ltr'><strong>per</strong></span> <span class='ocrx_word' id='word_1_205' title='bbox 3416 1672 3602 1728; x_wconf 80' lang='lat' dir='ltr'><strong>Mosen</strong></span> 
     </span>
    </p>
   </div>
   <div class='ocr_carea' id='block_1_31' title="bbox 2012 1748 3602 1825">
    <p class='ocr_par' dir='ltr' id='par_1_31' title="bbox 2012 1748 3602 1825">
     <span class='ocr_line' id='line_1_31' title="bbox 2012 1748 3602 1825; baseline 0.013 -24"><span class='ocrx_word' id='word_1_206' title='bbox 2012 1748 2182 1818; x_wconf 81' lang='lat' dir='ltr'><strong>legem</strong></span> <span class='ocrx_word' id='word_1_207' title='bbox 2208 1749 2373 1813; x_wconf 86' lang='lat' dir='ltr'><strong>dedit.</strong></span> <span class='ocrx_word' id='word_1_208' title='bbox 2400 1766 2579 1822; x_wconf 86' lang='lat' dir='ltr'><strong>neque</strong></span> <span class='ocrx_word' id='word_1_209' title='bbox 2603 1768 2702 1823; x_wconf 90' lang='lat' dir='ltr'><strong>per</strong></span> <span class='ocrx_word' id='word_1_210' title='bbox 2720 1759 3018 1825; x_wconf 81' lang='lat' dir='ltr'><strong>prophetas</strong></span> <span class='ocrx_word' id='word_1_211' title='bbox 3047 1762 3341 1819; x_wconf 78' lang='lat' dir='ltr'><strong>utilitatem</strong></span> <span class='ocrx_word' id='word_1_212' title='bbox 3375 1768 3561 1821; x_wconf 84' lang='lat' dir='ltr'><strong>attulit</strong></span> <span class='ocrx_word' id='word_1_213' title='bbox 3587 1787 3602 1823; x_wconf 88' lang='lat'><strong>:</strong></span> 
     </span>
    </p>
   </div>
   <div class='ocr_carea' id='block_1_32' title="bbox 2011 1838 3600 1925">
    <p class='ocr_par' dir='ltr' id='par_1_32' title="bbox 2011 1838 3600 1925">
     <span class='ocr_line' id='line_1_32' title="bbox 2011 1838 3600 1925; baseline 0.015 -34"><span class='ocrx_word' id='word_1_214' title='bbox 2011 1838 2112 1894; x_wconf 90' lang='lat' dir='ltr'><strong>hos</strong></span> <span class='ocrx_word' id='word_1_215' title='bbox 2163 1850 2348 1896; x_wconf 90' lang='lat' dir='ltr'><strong>autem</strong></span> <span class='ocrx_word' id='word_1_216' title='bbox 2402 1843 2551 1898; x_wconf 88' lang='lat' dir='ltr'><strong>solos</strong></span> <span class='ocrx_word' id='word_1_217' title='bbox 2605 1844 2711 1901; x_wconf 84' lang='lat' dir='ltr'><strong>hac</strong></span> <span class='ocrx_word' id='word_1_218' title='bbox 2766 1847 3085 1919; x_wconf 85' lang='lat' dir='ltr'><strong>irrigatione</strong></span> <span class='ocrx_word' id='word_1_219' title='bbox 3133 1854 3329 1925; x_wconf 78' lang='lat' dir='ltr'><strong>dignos</strong></span> <span class='ocrx_word' id='word_1_220' title='bbox 3387 1858 3600 1915; x_wconf 83' lang='lat' dir='ltr'><strong>habuit.</strong></span> 
     </span>
    </p>
   </div>
   <div class='ocr_carea' id='block_1_33' title="bbox 314 1928 1904 2010">
    <p class='ocr_par' dir='ltr' id='par_1_33' title="bbox 314 1930 1904 2010">
     <span class='ocr_line' id='line_1_33' title="bbox 314 1930 1904 2010; baseline 0.004 -26"><span class='ocrx_word' id='word_1_221' title='bbox 314 1931 419 2000; x_wconf 81' lang='grc' dir='ltr'><strong>τῆς</strong></span> <span class='ocrx_word' id='word_1_222' title='bbox 453 1930 714 1999; x_wconf 75' lang='grc' dir='ltr'><strong>τοιαύτης</strong></span> <span class='ocrx_word' id='word_1_223' title='bbox 744 1931 969 2002; x_wconf 77' lang='grc' dir='ltr'><strong>ἀρδείας</strong></span> <span class='ocrx_word' id='word_1_224' title='bbox 1000 1931 1234 2001; x_wconf 73' lang='grc' dir='ltr'><strong>ἠξίωσεν</strong></span> <span class='ocrx_word' id='word_1_225' title='bbox 1257 1952 1271 1964; x_wconf 93' lang='grc'><strong>·</strong></span> <span class='ocrx_word' id='word_1_226' title='bbox 1318 1933 1433 1988; x_wconf 82' lang='grc' dir='ltr'><strong>ἀλλ’</strong></span> <span class='ocrx_word' id='word_1_227' title='bbox 1460 1935 1746 2007; x_wconf 82' lang='grc' dir='ltr'><strong>ἀχάριστοι</strong></span> <span class='ocrx_word' id='word_1_228' title='bbox 1783 1939 1904 2010; x_wconf 63' lang='grc' dir='ltr'><strong>περὶ</strong></span> 
     </span>
    </p>
   </div>
   <div class='ocr_carea' id='block_1_34' title="bbox 2007 1928 3598 2010">
    <p class='ocr_par' dir='ltr' id='par_1_34' title="bbox 2014 1928 3598 2009">
     <span class='ocr_line' id='line_1_34' title="bbox 2014 1928 3598 2009; baseline 0.015 -26"><span class='ocrx_word' id='word_1_229' title='bbox 2014 1928 2221 1987; x_wconf 88' lang='lat' dir='ltr'><strong>Tamen</strong></span> <span class='ocrx_word' id='word_1_230' title='bbox 2271 1934 2466 2003; x_wconf 80' lang='lat' dir='ltr'><strong>ingrati</strong></span> <span class='ocrx_word' id='word_1_231' title='bbox 2519 1952 2650 2009; x_wconf 75' lang='lat' dir='ltr'><strong>erga</strong></span> <span class='ocrx_word' id='word_1_232' title='bbox 2699 1938 2951 1997; x_wconf 82' lang='lat' dir='ltr'><strong>beneﬁcii</strong></span> <span class='ocrx_word' id='word_1_233' title='bbox 3007 1956 3290 2000; x_wconf 83' lang='lat' dir='ltr'><strong>auctorem</strong></span> <span class='ocrx_word' id='word_1_234' title='bbox 3353 1948 3598 2006; x_wconf 78' lang='lat' dir='ltr'><strong>luerunt.</strong></span> 
     </span>
    </p>
   </div>
   <div class='ocr_carea' id='block_1_35' title="bbox 314 2021 1909 2100">
    <p class='ocr_par' dir='ltr' id='par_1_35' title="bbox 314 2021 1909 2100">
     <span class='ocr_line' id='line_1_35' title="bbox 314 2021 1909 2100; baseline 0.007 -27"><span class='ocrx_word' id='word_1_235' title='bbox 314 2021 408 2074; x_wconf 82' lang='grc' dir='ltr'><strong>τὸν</strong></span> <span class='ocrx_word' id='word_1_236' title='bbox 433 2022 730 2092; x_wconf 81' lang='grc' dir='ltr'><strong>εὐεργέτην</strong></span> <span class='ocrx_word' id='word_1_237' title='bbox 782 2021 1053 2090; x_wconf 72' lang='grc' dir='ltr'><strong>ἐγένοντο.</strong></span> <span class='ocrx_word' id='word_1_238' title='bbox 1084 2022 1166 2076; x_wconf 86' lang='grc' dir='ltr'><strong>Τά</strong></span> <span class='ocrx_word' id='word_1_239' title='bbox 1192 2024 1249 2077; x_wconf 83' lang='grc' dir='ltr'><strong>δὲ</strong></span> <span class='ocrx_word' id='word_1_240' title='bbox 1279 2024 1428 2097; x_wconf 80' lang='grc' dir='ltr'><strong>ἔθνη.</strong></span> <span class='ocrx_word' id='word_1_241' title='bbox 1461 2025 1554 2081; x_wconf 81' lang='grc' dir='ltr'><strong>διὰ</strong></span> <span class='ocrx_word' id='word_1_242' title='bbox 1590 2027 1700 2081; x_wconf 88' lang='grc' dir='ltr'><strong>τῶν</strong></span> <span class='ocrx_word' id='word_1_243' title='bbox 1746 2030 1909 2100; x_wconf 78' lang='grc' dir='ltr'><strong>ἱερῶν</strong></span> 
     </span>
    </p>
   </div>
   <div class='ocr_carea' id='block_1_36' title="bbox 313 2112 1906 2192">
    <p class='ocr_par' dir='ltr' id='par_1_36' title="bbox 313 2112 1906 2192">
     <span class='ocr_line' id='line_1_36' title="bbox 313 2112 1906 2192; baseline 0.006 -25"><span class='ocrx_word' id='word_1_244' title='bbox 313 2114 640 2167; x_wconf 85' lang='grc' dir='ltr'><strong>ἀποστόλων</strong></span> <span class='ocrx_word' id='word_1_245' title='bbox 674 2113 768 2166; x_wconf 90' lang='grc' dir='ltr'><strong>τοῦ</strong></span> <span class='ocrx_word' id='word_1_246' title='bbox 799 2112 991 2183; x_wconf 84' lang='grc' dir='ltr'><strong>νοεροῦ</strong></span> <span class='ocrx_word' id='word_1_247' title='bbox 1026 2114 1205 2183; x_wconf 84' lang='grc' dir='ltr'><strong>φωτὸς</strong></span> <span class='ocrx_word' id='word_1_248' title='bbox 1250 2116 1352 2189; x_wconf 83' lang='grc' dir='ltr'><strong>τὴν</strong></span> <span class='ocrx_word' id='word_1_249' title='bbox 1384 2117 1581 2190; x_wconf 78' lang='grc' dir='ltr'><strong>αἴγλην</strong></span> <span class='ocrx_word' id='word_1_250' title='bbox 1613 2120 1906 2192; x_wconf 77' lang='grc' dir='ltr'><strong>δεξάμενα,</strong></span> 
     </span>
    </p>
   </div>
   <div class='ocr_carea' id='block_1_37' title="bbox 312 2204 1911 2283">
    <p class='ocr_par' dir='ltr' id='par_1_37' title="bbox 312 2204 1911 2283">
     <span class='ocr_line' id='line_1_37' title="bbox 312 2204 1911 2283; baseline 0.004 -25"><span class='ocrx_word' id='word_1_251' title='bbox 312 2205 409 2258; x_wconf 76' lang='grc' dir='ltr'><strong>τὸν</strong></span> <span class='ocrx_word' id='word_1_252' title='bbox 439 2206 644 2259; x_wconf 80' lang='grc' dir='ltr'><strong>οξκεῖον</strong></span> <span class='ocrx_word' id='word_1_253' title='bbox 671 2204 888 2273; x_wconf 80' lang='grc' dir='ltr'><strong>ἐπέγνω</strong></span> <span class='ocrx_word' id='word_1_254' title='bbox 912 2204 1270 2276; x_wconf 79' lang='grc' dir='ltr'><strong>δημιουργὸν,</strong></span> <span class='ocrx_word' id='word_1_255' title='bbox 1294 2207 1390 2260; x_wconf 70' lang='grc' dir='ltr'><strong>καὶ</strong></span> <span class='ocrx_word' id='word_1_256' title='bbox 1411 2207 1587 2280; x_wconf 85' lang='grc' dir='ltr'><strong>τούτῳ</strong></span> <span class='ocrx_word' id='word_1_257' title='bbox 1611 2212 1911 2283; x_wconf 77' lang='grc' dir='ltr'><strong>προσφέρει</strong></span> 
     </span>
    </p>
   </div>
   <div class='ocr_carea' id='block_1_38' title="bbox 313 2294 893 2366">
    <p class='ocr_par' dir='ltr' id='par_1_38' title="bbox 313 2294 893 2366">
     <span class='ocr_line' id='line_1_38' title="bbox 313 2294 893 2366; baseline 0.002 -18"><span class='ocrx_word' id='word_1_258' title='bbox 313 2295 379 2348; x_wconf 82' lang='grc' dir='ltr'><strong>τὸ</strong></span> <span class='ocrx_word' id='word_1_259' title='bbox 413 2294 581 2364; x_wconf 83' lang='grc' dir='ltr'><strong>σέϐας</strong></span> <span class='ocrx_word' id='word_1_260' title='bbox 603 2294 893 2366; x_wconf 82' lang='grc' dir='ltr'><strong>διηνεκῶς.</strong></span> 
     </span>
    </p>
   </div>
   <div class='ocr_carea' id='block_1_39' title="bbox 617 2432 1606 2495">
    <p class='ocr_par' dir='ltr' id='par_1_39' title="bbox 617 2432 1606 2495">
     <span class='ocr_line' id='line_1_39' title="bbox 617 2432 1606 2495; baseline 0.011 -10"><span class='ocrx_word' id='word_1_261' title='bbox 617 2432 885 2487; x_wconf 83' lang='grc' dir='ltr'><strong>ΕΡΜΗΝ.</strong></span> <span class='ocrx_word' id='word_1_262' title='bbox 922 2435 1063 2490; x_wconf 87' lang='grc' dir='ltr'><strong>ΤΟΥ</strong></span> <span class='ocrx_word' id='word_1_263' title='bbox 1090 2440 1256 2494; x_wconf 84' lang='lat' dir='ltr'><strong>PMH&#39;</strong></span> <span class='ocrx_word' id='word_1_264' title='bbox 1280 2440 1606 2495; x_wconf 75' lang='grc' dir='ltr'><strong>ΨΔΔΜΟΥ.</strong></span> 
     </span>
    </p>
   </div>
   <div class='ocr_carea' id='block_1_40' title="bbox 386 2544 1909 2630">
    <p class='ocr_par' dir='ltr' id='par_1_40' title="bbox 386 2544 1909 2630">
     <span class='ocr_line' id='line_1_40' title="bbox 386 2544 1909 2630; baseline 0.01 -32"><span class='ocrx_word' id='word_1_265' title='bbox 386 2544 455 2599; x_wconf 88' lang='grc' dir='ltr'><strong>α’.</strong></span> <span class='ocrx_word' id='word_1_266' title='bbox 485 2566 504 2599; x_wconf 73' lang='grc' dir='ltr'><strong>ι</strong></span> <span class='ocrx_word' id='word_1_267' title='bbox 542 2547 920 2615; x_wconf 58' lang='grc' dir='ltr'><strong>Ἀλληλούῖιι</strong></span> <span class='ocrx_word' id='word_1_268' title='bbox 937 2551 1281 2622; x_wconf 54' lang='lat' dir='ltr'><strong>diduxerit“</strong></span> <span class='ocrx_word' id='word_1_269' title='bbox 1295 2555 1362 2611; x_wconf 81' lang='lat'><strong>&quot;.</strong></span> <span class='ocrx_word' id='word_1_270' title='bbox 1388 2556 1592 2628; x_wconf 78' lang='grc' dir='ltr'><strong>Διπλῆν</strong></span> <span class='ocrx_word' id='word_1_271' title='bbox 1613 2559 1909 2630; x_wconf 80' lang='grc' dir='ltr'><strong>ἐποιήσατο</strong></span> 
     </span>
    </p>
   </div>
   <div class='ocr_carea' id='block_1_41' title="bbox 314 2639 1909 2721">
    <p class='ocr_par' dir='ltr' id='par_1_41' title="bbox 314 2639 1909 2721">
     <span class='ocr_line' id='line_1_41' title="bbox 314 2639 1909 2721; baseline 0.009 -30"><span class='ocrx_word' id='word_1_272' title='bbox 314 2639 414 2711; x_wconf 75' lang='grc' dir='ltr'><strong>τὴν</strong></span> <span class='ocrx_word' id='word_1_273' title='bbox 439 2640 845 2710; x_wconf 65' lang='grc' dir='ltr'><strong>παρακέλευσιν</strong></span> <span class='ocrx_word' id='word_1_274' title='bbox 868 2642 896 2695; x_wconf 98' lang='lat'><strong>6</strong></span> <span class='ocrx_word' id='word_1_275' title='bbox 911 2642 1228 2716; x_wconf 82' lang='grc' dir='ltr'><strong>Προφήτης,</strong></span> <span class='ocrx_word' id='word_1_276' title='bbox 1251 2647 1334 2709; x_wconf 82' lang='grc' dir='ltr'><strong>εἰς</strong></span> <span class='ocrx_word' id='word_1_277' title='bbox 1358 2646 1576 2701; x_wconf 76' lang='grc' dir='ltr'><strong>πλείονα</strong></span> <span class='ocrx_word' id='word_1_278' title='bbox 1596 2649 1909 2721; x_wconf 80' lang='grc' dir='ltr'><strong>προθυμίαν</strong></span> 
     </span>
    </p>
   </div>
   <div class='ocr_carea' id='block_1_42' title="bbox 312 2729 1909 2811">
    <p class='ocr_par' dir='ltr' id='par_1_42' title="bbox 312 2729 1909 2811">
     <span class='ocr_line' id='line_1_42' title="bbox 312 2729 1909 2811; baseline 0.009 -30"><span class='ocrx_word' id='word_1_279' title='bbox 312 2729 416 2793; x_wconf 80' lang='grc' dir='ltr'><strong>τάς</strong></span> <span class='ocrx_word' id='word_1_280' title='bbox 439 2729 619 2800; x_wconf 73' lang='grc' dir='ltr'><strong>ψυχὰς</strong></span> <span class='ocrx_word' id='word_1_281' title='bbox 654 2730 1012 2803; x_wconf 83' lang='grc' dir='ltr'><strong>παραθήγων.</strong></span> <span class='ocrx_word' id='word_1_282' title='bbox 1051 2734 1261 2804; x_wconf 76' lang='grc' dir='ltr'><strong>’Υμνος</strong></span> <span class='ocrx_word' id='word_1_283' title='bbox 1296 2735 1353 2789; x_wconf 81' lang='grc' dir='ltr'><strong>δὲ</strong></span> <span class='ocrx_word' id='word_1_284' title='bbox 1385 2738 1481 2791; x_wconf 80' lang='grc' dir='ltr'><strong>καὶ</strong></span> <span class='ocrx_word' id='word_1_285' title='bbox 1528 2733 1683 2803; x_wconf 77' lang='grc' dir='ltr'><strong>οὗτος</strong></span> <span class='ocrx_word' id='word_1_286' title='bbox 1721 2740 1909 2811; x_wconf 74' lang='grc' dir='ltr'><strong>ἕτερος</strong></span> 
     </span>
    </p>
   </div>
   <div class='ocr_carea' id='block_1_43' title="bbox 212 2816 1906 2904">
    <p class='ocr_par' dir='ltr' id='par_1_43' title="bbox 212 2816 1906 2904">
     <span class='ocr_line' id='line_1_43' title="bbox 212 2816 1906 2904; baseline 0.006 -29"><span class='ocrx_word' id='word_1_287' title='bbox 212 2816 217 2821; x_wconf 81' lang='grc'><strong>’</strong></span> <span class='ocrx_word' id='word_1_288' title='bbox 312 2823 415 2893; x_wconf 81' lang='grc' dir='ltr'><strong>τὴν</strong></span> <span class='ocrx_word' id='word_1_289' title='bbox 447 2823 627 2876; x_wconf 82' lang='grc' dir='ltr'><strong>κτίσιν</strong></span> <span class='ocrx_word' id='word_1_290' title='bbox 652 2822 896 2889; x_wconf 78' lang='grc' dir='ltr'><strong>ἃπασαν,</strong></span> <span class='ocrx_word' id='word_1_291' title='bbox 923 2829 1123 2897; x_wconf 85' lang='grc' dir='ltr'><strong>νοητήν</strong></span> <span class='ocrx_word' id='word_1_292' title='bbox 1150 2843 1211 2878; x_wconf 87' lang='grc' dir='ltr'><strong>τε</strong></span> <span class='ocrx_word' id='word_1_293' title='bbox 1240 2828 1335 2880; x_wconf 70' lang='grc' dir='ltr'><strong>καὶ</strong></span> <span class='ocrx_word' id='word_1_294' title='bbox 1358 2829 1646 2903; x_wconf 74' lang='grc' dir='ltr'><strong>αἰσθητὴν,</strong></span> <span class='ocrx_word' id='word_1_295' title='bbox 1680 2831 1906 2904; x_wconf 89' lang='grc' dir='ltr'><strong>λογικήν</strong></span> 
     </span>
    </p>
   </div>
   <div class='ocr_carea' id='block_1_44' title="bbox 314 2911 1906 2993">
    <p class='ocr_par' dir='ltr' id='par_1_44' title="bbox 314 2911 1906 2993">
     <span class='ocr_line' id='line_1_44' title="bbox 314 2911 1906 2993; baseline 0.007 -28"><span class='ocrx_word' id='word_1_296' title='bbox 314 2929 375 2966; x_wconf 84' lang='grc' dir='ltr'><strong>τε</strong></span> <span class='ocrx_word' id='word_1_297' title='bbox 407 2913 501 2965; x_wconf 80' lang='grc' dir='ltr'><strong>καὶ</strong></span> <span class='ocrx_word' id='word_1_298' title='bbox 527 2913 742 2980; x_wconf 78' lang='grc' dir='ltr'><strong>ἄλογον,</strong></span> <span class='ocrx_word' id='word_1_299' title='bbox 773 2911 1018 2983; x_wconf 72' lang='grc' dir='ltr'><strong>ἔμψυχόν</strong></span> <span class='ocrx_word' id='word_1_300' title='bbox 1041 2931 1104 2968; x_wconf 88' lang='grc' dir='ltr'><strong>τε</strong></span> <span class='ocrx_word' id='word_1_301' title='bbox 1130 2916 1227 2969; x_wconf 81' lang='grc' dir='ltr'><strong>καὶ</strong></span> <span class='ocrx_word' id='word_1_302' title='bbox 1250 2916 1478 2988; x_wconf 75' lang='grc' dir='ltr'><strong>ἄψυχον,</strong></span> <span class='ocrx_word' id='word_1_303' title='bbox 1496 2921 1578 2984; x_wconf 86' lang='grc' dir='ltr'><strong>είς</strong></span> <span class='ocrx_word' id='word_1_304' title='bbox 1607 2919 1739 2991; x_wconf 81' lang='grc' dir='ltr'><strong>μίαν</strong></span> <span class='ocrx_word' id='word_1_305' title='bbox 1764 2939 1906 2993; x_wconf 84' lang='grc' dir='ltr'><strong>συμ-</strong></span> 
     </span>
    </p>
   </div>
   <div class='ocr_carea' id='block_1_45' title="bbox 314 3002 1907 3082">
    <p class='ocr_par' dir='ltr' id='par_1_45' title="bbox 314 3002 1907 3082">
     <span class='ocr_line' id='line_1_45' title="bbox 314 3002 1907 3082; baseline 0.008 -26"><span class='ocrx_word' id='word_1_306' title='bbox 314 3003 526 3073; x_wconf 87' lang='grc' dir='ltr'><strong>φωνίαν</strong></span> <span class='ocrx_word' id='word_1_307' title='bbox 553 3002 655 3073; x_wconf 82' lang='grc' dir='ltr'><strong>τῆς</strong></span> <span class='ocrx_word' id='word_1_308' title='bbox 687 3003 961 3075; x_wconf 84' lang='grc' dir='ltr'><strong>ὑμνῳδίας</strong></span> <span class='ocrx_word' id='word_1_309' title='bbox 982 3004 1291 3077; x_wconf 83' lang='grc' dir='ltr'><strong>διεγείρων.</strong></span> <span class='ocrx_word' id='word_1_310' title='bbox 1322 3009 1567 3080; x_wconf 77' lang='grc' dir='ltr'><strong>Οὐρανὸν</strong></span> <span class='ocrx_word' id='word_1_311' title='bbox 1597 3013 1782 3082; x_wconf 87' lang='grc' dir='ltr'><strong>μέντοι</strong></span> <span class='ocrx_word' id='word_1_312' title='bbox 1812 3015 1907 3069; x_wconf 80' lang='grc' dir='ltr'><strong>καὶ</strong></span> 
     </span>
    </p>
   </div>
   <div class='ocr_carea' id='block_1_46' title="bbox 313 3093 1908 3176">
    <p class='ocr_par' dir='ltr' id='par_1_46' title="bbox 313 3093 1908 3176">
     <span class='ocr_line' id='line_1_46' title="bbox 313 3093 1908 3176; baseline 0.009 -31"><span class='ocrx_word' id='word_1_313' title='bbox 313 3098 442 3166; x_wconf 61' lang='grc' dir='ltr'><strong>γῆν,</strong></span> <span class='ocrx_word' id='word_1_314' title='bbox 495 3095 592 3147; x_wconf 60' lang='grc' dir='ltr'><strong>καὶ⁸</strong></span> <span class='ocrx_word' id='word_1_315' title='bbox 638 3093 933 3161; x_wconf 89' lang='grc' dir='ltr'><strong>ἀϐύσσους,</strong></span> <span class='ocrx_word' id='word_1_316' title='bbox 972 3098 1067 3151; x_wconf 76' lang='grc' dir='ltr'><strong>καὶ</strong></span> <span class='ocrx_word' id='word_1_317' title='bbox 1107 3099 1236 3162; x_wconf 78' lang='grc' dir='ltr'><strong>τοὺς</strong></span> <span class='ocrx_word' id='word_1_318' title='bbox 1278 3100 1397 3154; x_wconf 82' lang='grc' dir='ltr'><strong>κατ’</strong></span> <span class='ocrx_word' id='word_1_319' title='bbox 1423 3102 1654 3172; x_wconf 80' lang='grc' dir='ltr'><strong>οὐρανὸν</strong></span> <span class='ocrx_word' id='word_1_320' title='bbox 1688 3107 1908 3176; x_wconf 84' lang='grc' dir='ltr'><strong>φωστῆ-</strong></span> 
     </span>
    </p>
   </div>
   <div class='ocr_carea' id='block_1_47' title="bbox 318 3188 1902 3262">
    <p class='ocr_par' dir='ltr' id='par_1_47' title="bbox 318 3188 1902 3262">
     <span class='ocr_line' id='line_1_47' title="bbox 318 3188 1902 3262; baseline 0.008 -21"><span class='ocrx_word' id='word_1_321' title='bbox 318 3204 439 3257; x_wconf 80' lang='grc' dir='ltr'><strong>ρας,</strong></span> <span class='ocrx_word' id='word_1_322' title='bbox 483 3189 582 3240; x_wconf 79' lang='grc' dir='ltr'><strong>καὶ</strong></span> <span class='ocrx_word' id='word_1_323' title='bbox 615 3188 742 3258; x_wconf 84' lang='grc' dir='ltr'><strong>δρη.</strong></span> <span class='ocrx_word' id='word_1_324' title='bbox 779 3188 876 3242; x_wconf 65' lang='grc' dir='ltr'><strong>κοιλ⁵</strong></span> <span class='ocrx_word' id='word_1_325' title='bbox 917 3190 1084 3257; x_wconf 82' lang='grc' dir='ltr'><strong>φυτὰ,</strong></span> <span class='ocrx_word' id='word_1_326' title='bbox 1131 3191 1226 3243; x_wconf 78' lang='grc' dir='ltr'><strong>καὶ</strong></span> <span class='ocrx_word' id='word_1_327' title='bbox 1269 3192 1318 3245; x_wconf 81' lang='grc' dir='ltr'><strong>τ’</strong></span> <span class='ocrx_word' id='word_1_328' title='bbox 1346 3193 1485 3248; x_wconf 87' lang='grc' dir='ltr'><strong>ἀλλα</strong></span> <span class='ocrx_word' id='word_1_329' title='bbox 1517 3197 1618 3250; x_wconf 81' lang='grc' dir='ltr'><strong>ὅσα</strong></span> <span class='ocrx_word' id='word_1_330' title='bbox 1649 3198 1902 3262; x_wconf 86' lang='grc' dir='ltr'><strong>τοιαῦτα,</strong></span> 
     </span>
    </p>
   </div>
   <div class='ocr_carea' id='block_1_48' title="bbox 2011 2025 3603 2112">
    <p class='ocr_par' dir='ltr' id='par_1_48' title="bbox 2011 2025 3603 2112">
     <span class='ocr_line' id='line_1_48' title="bbox 2011 2025 3603 2112; baseline 0.013 -34"><span class='ocrx_word' id='word_1_331' title='bbox 2011 2025 2212 2079; x_wconf 79' lang='lat' dir='ltr'><strong>Gentes</strong></span> <span class='ocrx_word' id='word_1_332' title='bbox 2237 2036 2418 2081; x_wconf 83' lang='lat' dir='ltr'><strong>autem</strong></span> <span class='ocrx_word' id='word_1_333' title='bbox 2441 2070 2456 2093; x_wconf 95' lang='lat'><strong>,</strong></span> <span class='ocrx_word' id='word_1_334' title='bbox 2485 2044 2610 2083; x_wconf 90' lang='lat' dir='ltr'><strong>cum</strong></span> <span class='ocrx_word' id='word_1_335' title='bbox 2645 2045 2741 2100; x_wconf 84' lang='lat' dir='ltr'><strong>per</strong></span> <span class='ocrx_word' id='word_1_336' title='bbox 2778 2043 3000 2091; x_wconf 89' lang='lat' dir='ltr'><strong>sanctos</strong></span> <span class='ocrx_word' id='word_1_337' title='bbox 3030 2040 3309 2106; x_wconf 88' lang='lat' dir='ltr'><strong>apostolos</strong></span> <span class='ocrx_word' id='word_1_338' title='bbox 3340 2043 3603 2112; x_wconf 82' lang='lat' dir='ltr'><strong>spiritua-</strong></span> 
     </span>
    </p>
   </div>
   <div class='ocr_carea' id='block_1_49' title="bbox 2013 2114 3597 2193">
    <p class='ocr_par' dir='ltr' id='par_1_49' title="bbox 2013 2114 3597 2193">
     <span class='ocr_line' id='line_1_49' title="bbox 2013 2114 3597 2193; baseline 0.012 -25"><span class='ocrx_word' id='word_1_339' title='bbox 2013 2114 2080 2169; x_wconf 91' lang='lat' dir='ltr'><strong>lis</strong></span> <span class='ocrx_word' id='word_1_340' title='bbox 2127 2116 2355 2173; x_wconf 90' lang='lat' dir='ltr'><strong>luminis</strong></span> <span class='ocrx_word' id='word_1_341' title='bbox 2389 2119 2602 2174; x_wconf 85' lang='lat' dir='ltr'><strong>radium</strong></span> <span class='ocrx_word' id='word_1_342' title='bbox 2647 2124 3029 2193; x_wconf 85' lang='lat' dir='ltr'><strong>accepissent,</strong></span> <span class='ocrx_word' id='word_1_343' title='bbox 3079 2139 3381 2185; x_wconf 89' lang='lat' dir='ltr'><strong>creatorem</strong></span> <span class='ocrx_word' id='word_1_344' title='bbox 3436 2149 3597 2189; x_wconf 88' lang='lat' dir='ltr'><strong>suum</strong></span> 
     </span>
    </p>
   </div>
   <div class='ocr_carea' id='block_1_50' title="bbox 2011 2210 3492 2278">
    <p class='ocr_par' dir='ltr' id='par_1_50' title="bbox 2011 2210 3492 2278">
     <span class='ocr_line' id='line_1_50' title="bbox 2011 2210 3492 2278; baseline 0.014 -19"><span class='ocrx_word' id='word_1_345' title='bbox 2011 2216 2386 2275; x_wconf 77' lang='lat' dir='ltr'><strong>agnoverunt,</strong></span> <span class='ocrx_word' id='word_1_346' title='bbox 2430 2219 2483 2263; x_wconf 81' lang='lat' dir='ltr'><strong>et</strong></span> <span class='ocrx_word' id='word_1_347' title='bbox 2522 2210 2652 2273; x_wconf 82' lang='lat' dir='ltr'><strong>huic</strong></span> <span class='ocrx_word' id='word_1_348' title='bbox 2683 2214 2946 2269; x_wconf 89' lang='lat' dir='ltr'><strong>continue</strong></span> <span class='ocrx_word' id='word_1_349' title='bbox 2981 2216 3188 2273; x_wconf 91' lang='lat' dir='ltr'><strong>cultum</strong></span> <span class='ocrx_word' id='word_1_350' title='bbox 3217 2219 3492 2278; x_wconf 77' lang='lat' dir='ltr'><strong>delerunt.</strong></span> 
     </span>
    </p>
   </div>
   <div class='ocr_carea' id='block_1_51' title="bbox 2364 2390 3261 2491">
    <p class='ocr_par' dir='ltr' id='par_1_51' title="bbox 2364 2390 3261 2491">
     <span class='ocr_line' id='line_1_51' title="bbox 2364 2390 3261 2491; baseline 0.01 -10"><span class='ocrx_word' id='word_1_351' title='bbox 2364 2390 2640 2485; x_wconf 57' lang='lat' dir='ltr'><strong>ms:an</strong></span> <span class='ocrx_word' id='word_1_352' title='bbox 2683 2429 2939 2486; x_wconf 63' lang='lat' dir='ltr'><strong>psam&quot;</strong></span> <span class='ocrx_word' id='word_1_353' title='bbox 2977 2430 3261 2491; x_wconf 78' lang='lat' dir='ltr'><strong>CXLvnt.</strong></span> 
     </span>
    </p>
   </div>
   <div class='ocr_carea' id='block_1_52' title="bbox 2083 2538 3599 2616">
    <p class='ocr_par' dir='ltr' id='par_1_52' title="bbox 2083 2538 3599 2616">
     <span class='ocr_line' id='line_1_52' title="bbox 2083 2538 3599 2616; baseline 0.01 -23"><span class='ocrx_word' id='word_1_354' title='bbox 2083 2538 2251 2595; x_wconf 79' lang='lat' dir='ltr'><strong>Vsus.</strong></span> <span class='ocrx_word' id='word_1_355' title='bbox 2289 2541 2342 2596; x_wconf 79' lang='lat' dir='ltr'><strong>l.</strong></span> <span class='ocrx_word' id='word_1_356' title='bbox 2398 2541 2628 2595; x_wconf 78' lang='lat' dir='ltr'><strong>Alleluia</strong></span> <span class='ocrx_word' id='word_1_357' title='bbox 2658 2581 2674 2605; x_wconf 93' lang='lat'><strong>,</strong></span> <span class='ocrx_word' id='word_1_358' title='bbox 2716 2543 2969 2600; x_wconf 76' lang='lat' dir='ltr'><strong>Alleluia.</strong></span> <span class='ocrx_word' id='word_1_359' title='bbox 3018 2547 3298 2616; x_wconf 82' lang='lat' dir='ltr'><strong>Duplicem</strong></span> <span class='ocrx_word' id='word_1_360' title='bbox 3343 2551 3599 2608; x_wconf 87' lang='lat' dir='ltr'><strong>admoni-</strong></span> 
     </span>
    </p>
   </div>
   <div class='ocr_carea' id='block_1_53' title="bbox 2010 2628 3600 2703">
    <p class='ocr_par' dir='ltr' id='par_1_53' title="bbox 2010 2628 3600 2703">
     <span class='ocr_line' id='line_1_53' title="bbox 2010 2628 3600 2703; baseline 0.007 -22"><span class='ocrx_word' id='word_1_361' title='bbox 2010 2629 2213 2683; x_wconf 86' lang='lat' dir='ltr'><strong>tionem</strong></span> <span class='ocrx_word' id='word_1_362' title='bbox 2264 2628 2535 2698; x_wconf 66' lang='lat' dir='ltr'><strong>Prolihcta</strong></span> <span class='ocrx_word' id='word_1_363' title='bbox 2575 2629 2740 2694; x_wconf 80' lang='lat' dir='ltr'><strong>fecit,</strong></span> <span class='ocrx_word' id='word_1_364' title='bbox 2798 2640 2858 2687; x_wconf 90' lang='lat' dir='ltr'><strong>ut</strong></span> <span class='ocrx_word' id='word_1_365' title='bbox 2917 2632 2984 2687; x_wconf 89' lang='lat' dir='ltr'><strong>ad</strong></span> <span class='ocrx_word' id='word_1_366' title='bbox 3031 2633 3300 2703; x_wconf 85' lang='lat' dir='ltr'><strong>majorem</strong></span> <span class='ocrx_word' id='word_1_367' title='bbox 3341 2637 3600 2692; x_wconf 73' lang='lat' dir='ltr'><strong>alacrita-</strong></span> 
     </span>
    </p>
   </div>
   <div class='ocr_carea' id='block_1_54' title="bbox 2010 2720 3593 2798">
    <p class='ocr_par' dir='ltr' id='par_1_54' title="bbox 2010 2720 3593 2798">
     <span class='ocr_line' id='line_1_54' title="bbox 2010 2720 3593 2798; baseline 0.006 -25"><span class='ocrx_word' id='word_1_368' title='bbox 2010 2727 2120 2773; x_wconf 86' lang='lat' dir='ltr'><strong>tem</strong></span> <span class='ocrx_word' id='word_1_369' title='bbox 2172 2720 2387 2774; x_wconf 87' lang='lat' dir='ltr'><strong>animos</strong></span> <span class='ocrx_word' id='word_1_370' title='bbox 2444 2721 2792 2776; x_wconf 82' lang='lat' dir='ltr'><strong>accenderet.</strong></span> <span class='ocrx_word' id='word_1_371' title='bbox 2831 2720 2932 2778; x_wconf 71' lang='lat' dir='ltr'><strong>[lic</strong></span> <span class='ocrx_word' id='word_1_372' title='bbox 2969 2722 3114 2779; x_wconf 89' lang='lat' dir='ltr'><strong>alius</strong></span> <span class='ocrx_word' id='word_1_373' title='bbox 3175 2735 3260 2780; x_wconf 86' lang='lat' dir='ltr'><strong>est</strong></span> <span class='ocrx_word' id='word_1_374' title='bbox 3320 2728 3593 2798; x_wconf 85' lang='lat' dir='ltr'><strong>hymnus,</strong></span> 
     </span>
    </p>
   </div>
   <div class='ocr_carea' id='block_1_55' title="bbox 2009 2813 3594 2885">
    <p class='ocr_par' dir='ltr' id='par_1_55' title="bbox 2009 2813 3594 2885">
     <span class='ocr_line' id='line_1_55' title="bbox 2009 2813 3594 2885; baseline 0.007 -25"><span class='ocrx_word' id='word_1_375' title='bbox 2009 2822 2229 2862; x_wconf 86' lang='lat' dir='ltr'><strong>onmem</strong></span> <span class='ocrx_word' id='word_1_376' title='bbox 2288 2817 2635 2874; x_wconf 84' lang='lat' dir='ltr'><strong>creaturam,</strong></span> <span class='ocrx_word' id='word_1_377' title='bbox 2707 2818 2763 2864; x_wconf 90' lang='lat' dir='ltr'><strong>et</strong></span> <span class='ocrx_word' id='word_1_378' title='bbox 2818 2826 2944 2881; x_wconf 62' lang='lat' dir='ltr'><strong>qua:</strong></span> <span class='ocrx_word' id='word_1_379' title='bbox 3012 2813 3118 2869; x_wconf 83' lang='lat' dir='ltr'><strong>sub</strong></span> <span class='ocrx_word' id='word_1_380' title='bbox 3156 2814 3594 2885; x_wconf 76' lang='lat' dir='ltr'><strong>intelligentiam</strong></span> 
     </span>
    </p>
   </div>
   <div class='ocr_carea' id='block_1_56' title="bbox 2008 2899 3597 2976">
    <p class='ocr_par' dir='ltr' id='par_1_56' title="bbox 2008 2899 3597 2976">
     <span class='ocr_line' id='line_1_56' title="bbox 2008 2899 3597 2976; baseline 0.005 -22"><span class='ocrx_word' id='word_1_381' title='bbox 2008 2899 2199 2961; x_wconf 82' lang='lat' dir='ltr'><strong>cadit,</strong></span> <span class='ocrx_word' id='word_1_382' title='bbox 2261 2909 2316 2954; x_wconf 85' lang='lat' dir='ltr'><strong>et</strong></span> <span class='ocrx_word' id='word_1_383' title='bbox 2359 2916 2487 2970; x_wconf 75' lang='lat' dir='ltr'><strong>qua:</strong></span> <span class='ocrx_word' id='word_1_384' title='bbox 2559 2901 2665 2957; x_wconf 88' lang='lat' dir='ltr'><strong>sub</strong></span> <span class='ocrx_word' id='word_1_385' title='bbox 2734 2916 3002 2968; x_wconf 87' lang='lat' dir='ltr'><strong>sensum,</strong></span> <span class='ocrx_word' id='word_1_386' title='bbox 3068 2906 3301 2961; x_wconf 89' lang='lat' dir='ltr'><strong>rationis</strong></span> <span class='ocrx_word' id='word_1_387' title='bbox 3366 2922 3597 2976; x_wconf 82' lang='lat' dir='ltr'><strong>compo-</strong></span> 
     </span>
    </p>
   </div>
   <div class='ocr_carea' id='block_1_57' title="bbox 2009 2992 3598 3063">
    <p class='ocr_par' dir='ltr' id='par_1_57' title="bbox 2009 2992 3598 3063">
     <span class='ocr_line' id='line_1_57' title="bbox 2009 2992 3598 3063; baseline 0.004 -18"><span class='ocrx_word' id='word_1_388' title='bbox 2009 2998 2115 3045; x_wconf 88' lang='lat' dir='ltr'><strong>tem</strong></span> <span class='ocrx_word' id='word_1_389' title='bbox 2135 3032 2152 3058; x_wconf 95' lang='lat'><strong>,</strong></span> <span class='ocrx_word' id='word_1_390' title='bbox 2183 3000 2239 3045; x_wconf 89' lang='lat' dir='ltr'><strong>et</strong></span> <span class='ocrx_word' id='word_1_391' title='bbox 2269 2992 2503 3048; x_wconf 87' lang='lat' dir='ltr'><strong>rationis</strong></span> <span class='ocrx_word' id='word_1_392' title='bbox 2536 3006 2819 3063; x_wconf 78' lang='lat' dir='ltr'><strong>expertem</strong></span> <span class='ocrx_word' id='word_1_393' title='bbox 2840 3033 2854 3055; x_wconf 92' lang='lat'><strong>,</strong></span> <span class='ocrx_word' id='word_1_394' title='bbox 2897 2996 3198 3051; x_wconf 74' lang='lat' dir='ltr'><strong>animatam</strong></span> <span class='ocrx_word' id='word_1_395' title='bbox 3234 3006 3289 3051; x_wconf 87' lang='lat' dir='ltr'><strong>et</strong></span> <span class='ocrx_word' id='word_1_396' title='bbox 3322 2997 3598 3052; x_wconf 88' lang='lat' dir='ltr'><strong>inanima-</strong></span> 
     </span>
    </p>
   </div>
   <div class='ocr_carea' id='block_1_58' title="bbox 2008 3082 3599 3161">
    <p class='ocr_par' dir='ltr' id='par_1_58' title="bbox 2008 3082 3599 3161">
     <span class='ocr_line' id='line_1_58' title="bbox 2008 3082 3599 3161; baseline 0.005 -26"><span class='ocrx_word' id='word_1_397' title='bbox 2008 3090 2143 3148; x_wconf 89' lang='lat' dir='ltr'><strong>tam,</strong></span> <span class='ocrx_word' id='word_1_398' title='bbox 2172 3082 2243 3138; x_wconf 87' lang='lat' dir='ltr'><strong>ad</strong></span> <span class='ocrx_word' id='word_1_399' title='bbox 2271 3098 2442 3137; x_wconf 91' lang='lat' dir='ltr'><strong>unum</strong></span> <span class='ocrx_word' id='word_1_400' title='bbox 2486 3084 2648 3153; x_wconf 89' lang='lat' dir='ltr'><strong>quasi</strong></span> <span class='ocrx_word' id='word_1_401' title='bbox 2678 3095 3002 3140; x_wconf 84' lang='lat' dir='ltr'><strong>concentum</strong></span> <span class='ocrx_word' id='word_1_402' title='bbox 3037 3087 3411 3142; x_wconf 88' lang='lat' dir='ltr'><strong>cancudornm</strong></span> <span class='ocrx_word' id='word_1_403' title='bbox 3444 3088 3599 3161; x_wconf 77' lang='lat' dir='ltr'><strong>hym-</strong></span> 
     </span>
    </p>
   </div>
   <div class='ocr_carea' id='block_1_59' title="bbox 2007 3175 3601 3252">
    <p class='ocr_par' dir='ltr' id='par_1_59' title="bbox 2007 3175 3601 3252">
     <span class='ocr_line' id='line_1_59' title="bbox 2007 3175 3601 3252; baseline 0.003 -25"><span class='ocrx_word' id='word_1_404' title='bbox 2007 3188 2205 3229; x_wconf 88' lang='lat' dir='ltr'><strong>norum</strong></span> <span class='ocrx_word' id='word_1_405' title='bbox 2233 3175 2501 3230; x_wconf 82' lang='lat' dir='ltr'><strong>excitans.</strong></span> <span class='ocrx_word' id='word_1_406' title='bbox 2530 3176 2741 3232; x_wconf 52' lang='lat' dir='ltr'><strong>Caelum</strong></span> <span class='ocrx_word' id='word_1_407' title='bbox 2781 3177 2968 3248; x_wconf 70' lang='lat' dir='ltr'><strong>igitur,</strong></span> <span class='ocrx_word' id='word_1_408' title='bbox 3003 3188 3061 3233; x_wconf 83' lang='lat' dir='ltr'><strong>et</strong></span> <span class='ocrx_word' id='word_1_409' title='bbox 3094 3188 3319 3246; x_wconf 85' lang='lat' dir='ltr'><strong>terram,</strong></span> <span class='ocrx_word' id='word_1_410' title='bbox 3350 3190 3402 3235; x_wconf 93' lang='lat' dir='ltr'><strong>ct</strong></span> <span class='ocrx_word' id='word_1_411' title='bbox 3434 3183 3601 3252; x_wconf 79' lang='lat' dir='ltr'><strong>ahys-</strong></span> 
     </span>
    </p>
   </div>
   <div class='ocr_carea' id='block_1_60' title="bbox 312 3266 1904 3357">
    <p class='ocr_par' dir='ltr' id='par_1_60' title="bbox 312 3277 1904 3357">
     <span class='ocr_line' id='line_1_60' title="bbox 312 3277 1904 3357; baseline 0.008 -26"><span class='ocrx_word' id='word_1_412' title='bbox 312 3279 418 3331; x_wconf 81' lang='grc' dir='ltr'><strong>ὃσα</strong></span> <span class='ocrx_word' id='word_1_413' title='bbox 449 3278 495 3309; x_wconf 88' lang='grc'><strong>⁸⁷</strong></span> <span class='ocrx_word' id='word_1_414' title='bbox 523 3277 703 3348; x_wconf 81' lang='grc' dir='ltr'><strong>ψυχῆς</strong></span> <span class='ocrx_word' id='word_1_415' title='bbox 737 3279 833 3332; x_wconf 78' lang='grc' dir='ltr'><strong>καὶ</strong></span> <span class='ocrx_word' id='word_1_416' title='bbox 862 3277 1022 3346; x_wconf 83' lang='grc' dir='ltr'><strong>λόγου</strong></span> <span class='ocrx_word' id='word_1_417' title='bbox 1065 3280 1388 3351; x_wconf 83' lang='grc' dir='ltr'><strong>μετέχοντα,</strong></span> <span class='ocrx_word' id='word_1_418' title='bbox 1438 3287 1776 3357; x_wconf 79' lang='grc' dir='ltr'><strong>προσφέρειν</strong></span> <span class='ocrx_word' id='word_1_419' title='bbox 1812 3290 1904 3345; x_wconf 85' lang='grc' dir='ltr'><strong>τὸν</strong></span> 
     </span>
    </p>
   </div>
   <div class='ocr_carea' id='block_1_61' title="bbox 2007 3266 3601 3357">
    <p class='ocr_par' dir='ltr' id='par_1_61' title="bbox 2007 3266 3601 3338">
     <span class='ocr_line' id='line_1_61' title="bbox 2007 3266 3601 3338; baseline 0.004 -18"><span class='ocrx_word' id='word_1_420' title='bbox 2007 3279 2130 3332; x_wconf 85' lang='lat' dir='ltr'><strong>sos,</strong></span> <span class='ocrx_word' id='word_1_421' title='bbox 2169 3275 2226 3321; x_wconf 87' lang='lat' dir='ltr'><strong>et</strong></span> <span class='ocrx_word' id='word_1_422' title='bbox 2257 3266 2550 3322; x_wconf 89' lang='lat' dir='ltr'><strong>luminaria</strong></span> <span class='ocrx_word' id='word_1_423' title='bbox 2581 3284 2703 3338; x_wconf 70' lang='lat' dir='ltr'><strong>qua:</strong></span> <span class='ocrx_word' id='word_1_424' title='bbox 2734 3270 2787 3323; x_wconf 89' lang='lat' dir='ltr'><strong>in</strong></span> <span class='ocrx_word' id='word_1_425' title='bbox 2819 3271 2959 3326; x_wconf 68' lang='lat' dir='ltr'><strong>caelo</strong></span> <span class='ocrx_word' id='word_1_426' title='bbox 2990 3279 3138 3335; x_wconf 87' lang='lat' dir='ltr'><strong>sunt,</strong></span> <span class='ocrx_word' id='word_1_427' title='bbox 3172 3279 3227 3325; x_wconf 91' lang='lat' dir='ltr'><strong>et</strong></span> <span class='ocrx_word' id='word_1_428' title='bbox 3261 3283 3474 3326; x_wconf 91' lang='lat' dir='ltr'><strong>montes</strong></span> <span class='ocrx_word' id='word_1_429' title='bbox 3500 3312 3515 3337; x_wconf 92' lang='lat'><strong>,</strong></span> <span class='ocrx_word' id='word_1_430' title='bbox 3545 3284 3601 3327; x_wconf 92' lang='lat' dir='ltr'><strong>et</strong></span> 
     </span>
    </p>
   </div>
   <div class='ocr_carea' id='block_1_62' title="bbox 315 3365 1906 3447">
    <p class='ocr_par' dir='ltr' id='par_1_62' title="bbox 315 3365 1906 3447">
     <span class='ocr_line' id='line_1_62' title="bbox 315 3365 1906 3447; baseline 0.006 -26"><span class='ocrx_word' id='word_1_431' title='bbox 315 3367 487 3437; x_wconf 72' lang='grc' dir='ltr'><strong>ὕμνον</strong></span> <span class='ocrx_word' id='word_1_432' title='bbox 547 3368 860 3437; x_wconf 76' lang='grc' dir='ltr'><strong>παρεγγυᾷ.</strong></span> <span class='ocrx_word' id='word_1_433' title='bbox 904 3365 1046 3424; x_wconf 81' lang='grc' dir='ltr'>Ἀλλ’</span> <span class='ocrx_word' id='word_1_434' title='bbox 1077 3370 1159 3431; x_wconf 89' lang='grc' dir='ltr'><strong>είς</strong></span> <span class='ocrx_word' id='word_1_435' title='bbox 1209 3368 1386 3423; x_wconf 90' lang='grc' dir='ltr'><strong>ταῦτα</strong></span> <span class='ocrx_word' id='word_1_436' title='bbox 1429 3371 1526 3426; x_wconf 92' lang='grc' dir='ltr'><strong>τοῦ</strong></span> <span class='ocrx_word' id='word_1_437' title='bbox 1569 3372 1732 3442; x_wconf 87' lang='grc' dir='ltr'><strong>λόγου</strong></span> <span class='ocrx_word' id='word_1_438' title='bbox 1776 3392 1906 3447; x_wconf 85' lang='grc' dir='ltr'><strong>μετ-</strong></span> 
     </span>
    </p>
   </div>
   <div class='ocr_carea' id='block_1_63' title="bbox 314 3458 1908 3535">
    <p class='ocr_par' dir='ltr' id='par_1_63' title="bbox 314 3458 1908 3535">
     <span class='ocr_line' id='line_1_63' title="bbox 314 3458 1908 3535; baseline 0.006 -22"><span class='ocrx_word' id='word_1_439' title='bbox 314 3460 607 3530; x_wconf 81' lang='grc' dir='ltr'><strong>ειληχότας</strong></span> <span class='ocrx_word' id='word_1_440' title='bbox 636 3458 972 3512; x_wconf 85' lang='grc' dir='ltr'><strong>ἀποϐλέπειν</strong></span> <span class='ocrx_word' id='word_1_441' title='bbox 1006 3459 1245 3525; x_wconf 86' lang='grc' dir='ltr'><strong>κελεύει,</strong></span> <span class='ocrx_word' id='word_1_442' title='bbox 1298 3462 1395 3517; x_wconf 76' lang='grc' dir='ltr'><strong>καὶ</strong></span> <span class='ocrx_word' id='word_1_443' title='bbox 1436 3463 1539 3535; x_wconf 79' lang='grc' dir='ltr'><strong>τήν</strong></span> <span class='ocrx_word' id='word_1_444' title='bbox 1589 3464 1647 3517; x_wconf 80' lang='grc' dir='ltr'><strong>ὲν</strong></span> <span class='ocrx_word' id='word_1_445' title='bbox 1693 3465 1908 3530; x_wconf 82' lang='grc' dir='ltr'><strong>τούτοις</strong></span> 
     </span>
    </p>
   </div>
   <div class='ocr_carea' id='block_1_64' title="bbox 315 3549 1906 3631">
    <p class='ocr_par' dir='ltr' id='par_1_64' title="bbox 315 3549 1906 3631">
     <span class='ocr_line' id='line_1_64' title="bbox 315 3549 1906 3631; baseline 0.007 -28"><span class='ocrx_word' id='word_1_446' title='bbox 315 3551 655 3621; x_wconf 79' lang='grc' dir='ltr'><strong>φαινομένην</strong></span> <span class='ocrx_word' id='word_1_447' title='bbox 708 3549 905 3621; x_wconf 77' lang='grc' dir='ltr'><strong>σοφίαν</strong></span> <span class='ocrx_word' id='word_1_448' title='bbox 958 3552 1484 3623; x_wconf 73' lang='grc' dir='ltr'><strong>καταμανθάνοντας</strong></span> <span class='ocrx_word' id='word_1_449' title='bbox 1528 3555 1621 3609; x_wconf 81' lang='grc' dir='ltr'><strong>τὸν</strong></span> <span class='ocrx_word' id='word_1_450' title='bbox 1667 3556 1906 3631; x_wconf 81' lang='grc' dir='ltr'><strong>ῐιοιητὴν</strong></span> 
     </span>
    </p>
   </div>
   <div class='ocr_carea' id='block_1_65' title="bbox 315 3641 1903 3717">
    <p class='ocr_par' dir='ltr' id='par_1_65' title="bbox 315 3641 1903 3717">
     <span class='ocr_line' id='line_1_65' title="bbox 315 3641 1903 3717; baseline 0.008 -25"><span class='ocrx_word' id='word_1_451' title='bbox 315 3643 598 3713; x_wconf 84' lang='grc' dir='ltr'><strong>ἀνυμνεϊν.</strong></span> <span class='ocrx_word' id='word_1_452' title='bbox 641 3658 661 3692; x_wconf 82' lang='grc' dir='ltr'>ι</span> <span class='ocrx_word' id='word_1_453' title='bbox 694 3642 906 3694; x_wconf 77' lang='grc' dir='ltr'><strong>Αἰνεῖτε</strong></span> <span class='ocrx_word' id='word_1_454' title='bbox 965 3641 1060 3695; x_wconf 83' lang='grc' dir='ltr'><strong>τδν</strong></span> <span class='ocrx_word' id='word_1_455' title='bbox 1111 3642 1318 3714; x_wconf 84' lang='grc' dir='ltr'><strong>Κύριον</strong></span> <span class='ocrx_word' id='word_1_456' title='bbox 1362 3646 1430 3699; x_wconf 82' lang='grc' dir='ltr'><strong>ὲκ</strong></span> <span class='ocrx_word' id='word_1_457' title='bbox 1474 3645 1585 3699; x_wconf 88' lang='grc' dir='ltr'><strong>τῶν</strong></span> <span class='ocrx_word' id='word_1_458' title='bbox 1633 3647 1903 3717; x_wconf 84' lang='grc' dir='ltr'><strong>οὐρανῶν,</strong></span> 
     </span>
    </p>
   </div>
   <div class='ocr_carea' id='block_1_66' title="bbox 314 3733 1904 3808">
    <p class='ocr_par' dir='ltr' id='par_1_66' title="bbox 314 3733 1904 3808">
     <span class='ocr_line' id='line_1_66' title="bbox 314 3733 1904 3808; baseline 0.003 -18"><span class='ocrx_word' id='word_1_459' title='bbox 314 3738 517 3790; x_wconf 81' lang='grc' dir='ltr'><strong>αἱνεῖτε</strong></span> <span class='ocrx_word' id='word_1_460' title='bbox 546 3733 710 3789; x_wconf 70' lang='grc' dir='ltr'><strong>αὑτὸν</strong></span> <span class='ocrx_word' id='word_1_461' title='bbox 738 3735 797 3788; x_wconf 76' lang='grc' dir='ltr'><strong>ἐν</strong></span> <span class='ocrx_word' id='word_1_462' title='bbox 827 3738 942 3799; x_wconf 79' lang='grc' dir='ltr'><strong>τοῖς</strong></span> <span class='ocrx_word' id='word_1_463' title='bbox 976 3734 1242 3805; x_wconf 77' lang='grc' dir='ltr'><strong>ὑψίστοις.</strong></span> <span class='ocrx_word' id='word_1_464' title='bbox 1279 3754 1300 3789; x_wconf 73' lang='grc' dir='ltr'><strong>ι</strong></span> <span class='ocrx_word' id='word_1_465' title='bbox 1342 3737 1448 3791; x_wconf 88' lang='grc' dir='ltr'><strong>Δύο</strong></span> <span class='ocrx_word' id='word_1_466' title='bbox 1506 3739 1768 3808; x_wconf 77' lang='grc' dir='ltr'><strong>οὐρανοὺς</strong></span> <span class='ocrx_word' id='word_1_467' title='bbox 1798 3740 1904 3795; x_wconf 82' lang='grc' dir='ltr'><strong>ὑπὸ</strong></span> 
     </span>
    </p>
   </div>
   <div class='ocr_carea' id='block_1_67' title="bbox 311 3824 1893 3900">
    <p class='ocr_par' dir='ltr' id='par_1_67' title="bbox 311 3824 1893 3900">
     <span class='ocr_line' id='line_1_67' title="bbox 311 3824 1893 3900; baseline 0.003 -21"><span class='ocrx_word' id='word_1_468' title='bbox 311 3825 410 3881; x_wconf 86' lang='grc' dir='ltr'><strong>τοῦ</strong></span> <span class='ocrx_word' id='word_1_469' title='bbox 442 3824 578 3879; x_wconf 84' lang='grc' dir='ltr'><strong>Θεοῦ</strong></span> <span class='ocrx_word' id='word_1_470' title='bbox 608 3825 940 3896; x_wconf 79' lang='grc' dir='ltr'><strong>γεγενῆσθαι</strong></span> <span class='ocrx_word' id='word_1_471' title='bbox 979 3825 1008 3878; x_wconf 90' lang='lat'><strong>6</strong></span> <span class='ocrx_word' id='word_1_472' title='bbox 1039 3824 1216 3895; x_wconf 88' lang='grc' dir='ltr'><strong>μέγας</strong></span> <span class='ocrx_word' id='word_1_473' title='bbox 1244 3827 1393 3896; x_wconf 76' lang='grc' dir='ltr'><strong>ἡμᾶς</strong></span> <span class='ocrx_word' id='word_1_474' title='bbox 1423 3826 1631 3891; x_wconf 77' lang='grc' dir='ltr'><strong>ἐδίδαξε</strong></span> <span class='ocrx_word' id='word_1_475' title='bbox 1662 3829 1893 3900; x_wconf 77' lang='grc' dir='ltr'><strong>Μωσῆς·</strong></span> 
     </span>
    </p>
   </div>
   <div class='ocr_carea' id='block_1_68' title="bbox 313 3916 1904 3992">
    <p class='ocr_par' dir='ltr' id='par_1_68' title="bbox 313 3916 1904 3992">
     <span class='ocr_line' id='line_1_68' title="bbox 313 3916 1904 3992; baseline 0.001 -19"><span class='ocrx_word' id='word_1_476' title='bbox 313 3918 467 3973; x_wconf 76' lang='grc' dir='ltr'><strong>τόνδε</strong></span> <span class='ocrx_word' id='word_1_477' title='bbox 509 3918 608 3972; x_wconf 80' lang='grc' dir='ltr'><strong>σὺν</strong></span> <span class='ocrx_word' id='word_1_478' title='bbox 639 3919 709 3989; x_wconf 85' lang='grc' dir='ltr'><strong>τῆ</strong></span> <span class='ocrx_word' id='word_1_479' title='bbox 762 3919 839 3989; x_wconf 75' lang='grc' dir='ltr'><strong>γῇ</strong></span> <span class='ocrx_word' id='word_1_480' title='bbox 868 3917 1260 3989; x_wconf 75' lang='grc' dir='ltr'><strong>γεγενημένον,</strong></span> <span class='ocrx_word' id='word_1_481' title='bbox 1287 3917 1384 3971; x_wconf 82' lang='grc' dir='ltr'><strong>καὶ</strong></span> <span class='ocrx_word' id='word_1_482' title='bbox 1420 3916 1511 3971; x_wconf 83' lang='grc' dir='ltr'><strong>τὸν</strong></span> <span class='ocrx_word' id='word_1_483' title='bbox 1540 3917 1765 3990; x_wconf 77' lang='grc' dir='ltr'><strong>ὕστερον</strong></span> <span class='ocrx_word' id='word_1_484' title='bbox 1809 3919 1904 3992; x_wconf 85' lang='grc' dir='ltr'><strong>μέ-</strong></span> 
     </span>
    </p>
   </div>
   <div class='ocr_carea' id='block_1_69' title="bbox 314 4009 1902 4082">
    <p class='ocr_par' dir='ltr' id='par_1_69' title="bbox 314 4009 1902 4082">
     <span class='ocr_line' id='line_1_69' title="bbox 314 4009 1902 4082; baseline 0.001 -15"><span class='ocrx_word' id='word_1_485' title='bbox 314 4030 410 4067; x_wconf 87' lang='grc' dir='ltr'><strong>σον</strong></span> <span class='ocrx_word' id='word_1_486' title='bbox 434 4013 545 4066; x_wconf 85' lang='grc' dir='ltr'><strong>τῶν</strong></span> <span class='ocrx_word' id='word_1_487' title='bbox 566 4011 778 4066; x_wconf 77' lang='grc' dir='ltr'><strong>ὑδάτων</strong></span> <span class='ocrx_word' id='word_1_488' title='bbox 805 4009 1222 4082; x_wconf 85' lang='grc' dir='ltr'><strong>προσταχθέντα</strong></span> <span class='ocrx_word' id='word_1_489' title='bbox 1252 4010 1530 4079; x_wconf 80' lang='grc' dir='ltr'><strong>γενέσθαι,</strong></span> <span class='ocrx_word' id='word_1_490' title='bbox 1565 4011 1626 4065; x_wconf 79' lang='grc' dir='ltr'><strong>ὃν</strong></span> <span class='ocrx_word' id='word_1_491' title='bbox 1651 4012 1750 4067; x_wconf 76' lang='grc' dir='ltr'><strong>καὶ</strong></span> <span class='ocrx_word' id='word_1_492' title='bbox 1779 4031 1902 4068; x_wconf 81' lang='grc' dir='ltr'><strong>στε-</strong></span> 
     </span>
    </p>
   </div>
   <div class='ocr_carea' id='block_1_70' title="bbox 313 4101 1899 4177">
    <p class='ocr_par' dir='ltr' id='par_1_70' title="bbox 313 4101 1899 4177">
     <span class='ocr_line' id='line_1_70' title="bbox 313 4101 1899 4177; baseline 0.002 -20"><span class='ocrx_word' id='word_1_493' title='bbox 313 4105 509 4177; x_wconf 82' lang='grc' dir='ltr'><strong>ρέωμα</strong></span> <span class='ocrx_word' id='word_1_494' title='bbox 539 4101 979 4177; x_wconf 77' lang='grc' dir='ltr'><strong>προσηγόρευσε.</strong></span> <span class='ocrx_word' id='word_1_495' title='bbox 1015 4102 1116 4156; x_wconf 91' lang='grc' dir='ltr'><strong>Διά</strong></span> <span class='ocrx_word' id='word_1_496' title='bbox 1167 4101 1334 4156; x_wconf 89' lang='grc' dir='ltr'><strong>τοῦτο</strong></span> <span class='ocrx_word' id='word_1_497' title='bbox 1372 4103 1439 4156; x_wconf 81' lang='grc' dir='ltr'><strong>ὲκ</strong></span> <span class='ocrx_word' id='word_1_498' title='bbox 1475 4102 1584 4157; x_wconf 88' lang='grc' dir='ltr'><strong>τῶν</strong></span> <span class='ocrx_word' id='word_1_499' title='bbox 1627 4104 1899 4174; x_wconf 82' lang='grc' dir='ltr'><strong>οὐρανῶν,</strong></span> 
     </span>
    </p>
   </div>
   <div class='ocr_carea' id='block_1_71' title="bbox 312 4191 1896 4264">
    <p class='ocr_par' dir='ltr' id='par_1_71' title="bbox 312 4191 1896 4264">
     <span class='ocr_line' id='line_1_71' title="bbox 312 4191 1896 4264; baseline 0 -15"><span class='ocrx_word' id='word_1_500' title='bbox 312 4196 411 4250; x_wconf 76' lang='grc' dir='ltr'><strong>καὶ</strong></span> <span class='ocrx_word' id='word_1_501' title='bbox 430 4196 497 4249; x_wconf 85' lang='grc' dir='ltr'><strong>ὲκ</strong></span> <span class='ocrx_word' id='word_1_502' title='bbox 520 4194 631 4249; x_wconf 88' lang='grc' dir='ltr'><strong>τῶν</strong></span> <span class='ocrx_word' id='word_1_503' title='bbox 661 4192 925 4264; x_wconf 76' lang='grc' dir='ltr'><strong>ὑψίστων,</strong></span> <span class='ocrx_word' id='word_1_504' title='bbox 959 4191 1250 4263; x_wconf 81' lang='grc' dir='ltr'><strong>ὑμνεῖσθαι</strong></span> <span class='ocrx_word' id='word_1_505' title='bbox 1282 4193 1589 4264; x_wconf 76' lang='grc' dir='ltr'><strong>προσέταξε</strong></span> <span class='ocrx_word' id='word_1_506' title='bbox 1619 4195 1715 4248; x_wconf 79' lang='grc' dir='ltr'><strong>τὸν</strong></span> <span class='ocrx_word' id='word_1_507' title='bbox 1741 4194 1896 4249; x_wconf 82' lang='grc' dir='ltr'><strong>Θεόν⁶</strong></span> 
     </span>
    </p>
   </div>
   <div class='ocr_carea' id='block_1_72' title="bbox 310 4283 1901 4357">
    <p class='ocr_par' dir='ltr' id='par_1_72' title="bbox 310 4283 1901 4357">
     <span class='ocr_line' id='line_1_72' title="bbox 310 4283 1901 4357; baseline -0.005 -13"><span class='ocrx_word' id='word_1_508' title='bbox 310 4289 438 4344; x_wconf 66' lang='grc' dir='ltr'><strong>ἀντ)⁵</strong></span> <span class='ocrx_word' id='word_1_509' title='bbox 460 4286 578 4353; x_wconf 90' lang='grc' dir='ltr'><strong>τοῦ,</strong></span> <span class='ocrx_word' id='word_1_510' title='bbox 605 4286 702 4342; x_wconf 74' lang='grc' dir='ltr'><strong>καὶ</strong></span> <span class='ocrx_word' id='word_1_511' title='bbox 737 4286 867 4350; x_wconf 77' lang='grc' dir='ltr'><strong>τοὺς</strong></span> <span class='ocrx_word' id='word_1_512' title='bbox 903 4286 964 4338; x_wconf 74' lang='grc' dir='ltr'><strong>ὲν</strong></span> <span class='ocrx_word' id='word_1_513' title='bbox 1001 4283 1178 4356; x_wconf 83' lang='grc' dir='ltr'><strong>τούτῳ</strong></span> <span class='ocrx_word' id='word_1_514' title='bbox 1215 4284 1461 4349; x_wconf 73' lang='grc' dir='ltr'><strong>καὶτοὺς</strong></span> <span class='ocrx_word' id='word_1_515' title='bbox 1500 4286 1560 4339; x_wconf 77' lang='grc' dir='ltr'><strong>έν</strong></span> <span class='ocrx_word' id='word_1_516' title='bbox 1593 4283 1790 4357; x_wconf 68' lang='grc' dir='ltr'><strong>ὲκείνῳ</strong></span> <span class='ocrx_word' id='word_1_517' title='bbox 1821 4284 1901 4341; x_wconf 82' lang='grc' dir='ltr'><strong>δι-</strong></span> 
     </span>
    </p>
   </div>
   <div class='ocr_carea' id='block_1_73' title="bbox 311 4365 1899 4449">
    <p class='ocr_par' dir='ltr' id='par_1_73' title="bbox 311 4365 1899 4449">
     <span class='ocr_line' id='line_1_73' title="bbox 311 4365 1899 4449; baseline -0.004 -14"><span class='ocrx_word' id='word_1_518' title='bbox 311 4380 551 4449; x_wconf 81' lang='grc' dir='ltr'><strong>άγοντας</strong></span> <span class='ocrx_word' id='word_1_519' title='bbox 585 4365 714 4432; x_wconf 62' lang='grc' dir='ltr'><strong>’τῶν</strong></span> <span class='ocrx_word' id='word_1_520' title='bbox 762 4374 1076 4446; x_wconf 79' lang='grc' dir='ltr'><strong>ἀσωμάτων</strong></span> <span class='ocrx_word' id='word_1_521' title='bbox 1122 4373 1338 4445; x_wconf 88' lang='grc' dir='ltr'><strong>χορούς.</strong></span> <span class='ocrx_word' id='word_1_522' title='bbox 1378 4374 1600 4447; x_wconf 79' lang='grc' dir='ltr'><strong>Ἐπειδὴ</strong></span> <span class='ocrx_word' id='word_1_523' title='bbox 1657 4377 1753 4431; x_wconf 81' lang='grc' dir='ltr'><strong>καὶ</strong></span> <span class='ocrx_word' id='word_1_524' title='bbox 1777 4376 1822 4409; x_wconf 82' lang='grc'>⁸⁸</span> <span class='ocrx_word' id='word_1_525' title='bbox 1865 4375 1899 4429; x_wconf 84' lang='lat'><strong>6</strong></span> 
     </span>
    </p>
   </div>
   <div class='ocr_carea' id='block_1_74' title="bbox 312 4465 1897 4540">
    <p class='ocr_par' dir='ltr' id='par_1_74' title="bbox 312 4465 1897 4540">
     <span class='ocr_line' id='line_1_74' title="bbox 312 4465 1897 4540; baseline -0.003 -16"><span class='ocrx_word' id='word_1_526' title='bbox 312 4471 456 4534; x_wconf 85' lang='grc' dir='ltr'><strong>θεῖος</strong></span> <span class='ocrx_word' id='word_1_527' title='bbox 498 4468 706 4539; x_wconf 74' lang='grc' dir='ltr'><strong>Μωσῆς</strong></span> <span class='ocrx_word' id='word_1_528' title='bbox 741 4466 895 4520; x_wconf 64' lang='grc' dir='ltr'><strong>οὐδὲν</strong></span> <span class='ocrx_word' id='word_1_529' title='bbox 938 4466 1088 4536; x_wconf 77' lang='grc' dir='ltr'><strong>ήμᾶς</strong></span> <span class='ocrx_word' id='word_1_530' title='bbox 1118 4466 1251 4536; x_wconf 81' lang='grc' dir='ltr'><strong>περὶ</strong></span> <span class='ocrx_word' id='word_1_531' title='bbox 1287 4467 1387 4536; x_wconf 84' lang='grc' dir='ltr'><strong>τῆς</strong></span> <span class='ocrx_word' id='word_1_532' title='bbox 1417 4466 1527 4521; x_wconf 91' lang='grc' dir='ltr'><strong>τῶν</strong></span> <span class='ocrx_word' id='word_1_533' title='bbox 1560 4466 1764 4540; x_wconf 80' lang='grc' dir='ltr'><strong>νοερῶν</strong></span> <span class='ocrx_word' id='word_1_534' title='bbox 1790 4465 1897 4537; x_wconf 84' lang='grc' dir='ltr'><strong>φύ-</strong></span> 
     </span>
    </p>
   </div>
   <div class='ocr_carea' id='block_1_75' title="bbox 314 4557 1897 4631">
    <p class='ocr_par' dir='ltr' id='par_1_75' title="bbox 314 4557 1897 4631">
     <span class='ocr_line' id='line_1_75' title="bbox 314 4557 1897 4631; baseline -0.003 -14"><span class='ocrx_word' id='word_1_535' title='bbox 314 4580 456 4617; x_wconf 85' lang='grc' dir='ltr'><strong>σεων</strong></span> <span class='ocrx_word' id='word_1_536' title='bbox 484 4558 854 4630; x_wconf 83' lang='grc' dir='ltr'><strong>δημιουργίας</strong></span> <span class='ocrx_word' id='word_1_537' title='bbox 882 4557 1143 4623; x_wconf 74' lang='grc' dir='ltr'><strong>ἐδίδαξεν,</strong></span> <span class='ocrx_word' id='word_1_538' title='bbox 1184 4557 1501 4626; x_wconf 74' lang='grc' dir='ltr'><strong>ἀναγκαίως</strong></span> <span class='ocrx_word' id='word_1_539' title='bbox 1539 4560 1568 4612; x_wconf 89' lang='grc' dir='ltr'><strong>ὁ</strong></span> <span class='ocrx_word' id='word_1_540' title='bbox 1601 4560 1897 4631; x_wconf 78' lang='grc' dir='ltr'><strong>Προφήτης</strong></span> 
     </span>
    </p>
   </div>
   <div class='ocr_carea' id='block_1_76' title="bbox 311 4649 1898 4721">
    <p class='ocr_par' dir='ltr' id='par_1_76' title="bbox 311 4649 1898 4721">
     <span class='ocr_line' id='line_1_76' title="bbox 311 4649 1898 4721; baseline -0.001 -14"><span class='ocrx_word' id='word_1_541' title='bbox 311 4652 547 4708; x_wconf 73' lang='grc' dir='ltr'><strong>ἐνταῦθα</strong></span> <span class='ocrx_word' id='word_1_542' title='bbox 575 4651 668 4705; x_wconf 79' lang='grc' dir='ltr'><strong>καὶ</strong></span> <span class='ocrx_word' id='word_1_543' title='bbox 701 4652 802 4721; x_wconf 79' lang='grc' dir='ltr'><strong>τὴν</strong></span> <span class='ocrx_word' id='word_1_544' title='bbox 830 4649 1038 4703; x_wconf 88' lang='grc' dir='ltr'><strong>τούτων</strong></span> <span class='ocrx_word' id='word_1_545' title='bbox 1073 4650 1372 4720; x_wconf 81' lang='grc' dir='ltr'><strong>ἐποιήσατο</strong></span> <span class='ocrx_word' id='word_1_546' title='bbox 1408 4650 1653 4719; x_wconf 86' lang='grc' dir='ltr'><strong>μνήμην.</strong></span> <span class='ocrx_word' id='word_1_547' title='bbox 1678 4650 1771 4703; x_wconf 83' lang='grc' dir='ltr'><strong>Διὸ</strong></span> <span class='ocrx_word' id='word_1_548' title='bbox 1802 4655 1898 4707; x_wconf 77' lang='grc' dir='ltr'><strong>καὶ</strong></span> 
     </span>
    </p>
   </div>
   <div class='ocr_carea' id='block_1_77' title="bbox 307 4739 1900 4819">
    <p class='ocr_par' dir='ltr' id='par_1_77' title="bbox 307 4739 1900 4819">
     <span class='ocr_line' id='line_1_77' title="bbox 307 4739 1900 4819; baseline -0.004 -19"><span class='ocrx_word' id='word_1_549' title='bbox 307 4743 650 4819; x_wconf 79' lang='grc' dir='ltr'><strong>προσφέρειν</strong></span> <span class='ocrx_word' id='word_1_550' title='bbox 678 4742 757 4814; x_wconf 81' lang='grc' dir='ltr'><strong>τῷ</strong></span> <span class='ocrx_word' id='word_1_551' title='bbox 809 4743 1021 4813; x_wconf 81' lang='grc' dir='ltr'><strong>Ποιητῇ</strong></span> <span class='ocrx_word' id='word_1_552' title='bbox 1051 4740 1144 4794; x_wconf 77' lang='grc' dir='ltr'><strong>τὸν</strong></span> <span class='ocrx_word' id='word_1_553' title='bbox 1178 4739 1349 4811; x_wconf 75' lang='grc' dir='ltr'><strong>ὕμνον</strong></span> <span class='ocrx_word' id='word_1_554' title='bbox 1380 4742 1692 4812; x_wconf 83' lang='grc' dir='ltr'><strong>παρεγγυᾷ.</strong></span> <span class='ocrx_word' id='word_1_555' title='bbox 1728 4740 1900 4794; x_wconf 90' lang='grc' dir='ltr'><strong>Τοῦτο</strong></span> 
     </span>
    </p>
   </div>
   <div class='ocr_carea' id='block_1_78' title="bbox 309 4832 1898 4909">
    <p class='ocr_par' dir='ltr' id='par_1_78' title="bbox 309 4832 1898 4909">
     <span class='ocr_line' id='line_1_78' title="bbox 309 4832 1898 4909; baseline -0.003 -18"><span class='ocrx_word' id='word_1_556' title='bbox 309 4840 422 4909; x_wconf 76' lang='grc' dir='ltr'><strong>γὰρ</strong></span> <span class='ocrx_word' id='word_1_557' title='bbox 452 4835 604 4907; x_wconf 85' lang='grc' dir='ltr'><strong>αύτῷ</strong></span> <span class='ocrx_word' id='word_1_558' title='bbox 636 4835 786 4907; x_wconf 71' lang='grc' dir='ltr'><strong>παρὰ</strong></span> <span class='ocrx_word' id='word_1_559' title='bbox 813 4834 924 4888; x_wconf 88' lang='grc' dir='ltr'><strong>τῶν</strong></span> <span class='ocrx_word' id='word_1_560' title='bbox 949 4833 1272 4903; x_wconf 81' lang='grc' dir='ltr'><strong>ποιημάτων</strong></span> <span class='ocrx_word' id='word_1_561' title='bbox 1313 4833 1376 4886; x_wconf 85' lang='grc' dir='ltr'><strong>τὸ</strong></span> <span class='ocrx_word' id='word_1_562' title='bbox 1404 4833 1565 4904; x_wconf 87' lang='grc' dir='ltr'><strong>χρέος</strong></span> <span class='ocrx_word' id='word_1_563' title='bbox 1598 4832 1898 4903; x_wconf 82' lang='grc' dir='ltr'><strong>ὀφείλεται,</strong></span> 
     </span>
    </p>
   </div>
   <div class='ocr_carea' id='block_1_79' title="bbox 310 4924 1898 5000">
    <p class='ocr_par' dir='ltr' id='par_1_79' title="bbox 310 4924 1898 5000">
     <span class='ocr_line' id='line_1_79' title="bbox 310 4924 1898 5000; baseline -0.008 -10"><span class='ocrx_word' id='word_1_564' title='bbox 310 4936 411 4992; x_wconf 74' lang='grc' dir='ltr'><strong>καὶ</strong></span> <span class='ocrx_word' id='word_1_565' title='bbox 432 4935 542 4987; x_wconf 75' lang='grc' dir='ltr'><strong>πᾶν</strong></span> <span class='ocrx_word' id='word_1_566' title='bbox 567 4932 659 4986; x_wconf 82' lang='grc' dir='ltr'><strong>ὑπ’</strong></span> <span class='ocrx_word' id='word_1_567' title='bbox 684 4930 852 4986; x_wconf 79' lang='grc' dir='ltr'><strong>αὐτοῦ</strong></span> <span class='ocrx_word' id='word_1_568' title='bbox 881 4929 1197 5000; x_wconf 77' lang='grc' dir='ltr'><strong>γενόμενον,</strong></span> <span class='ocrx_word' id='word_1_569' title='bbox 1225 4928 1321 4981; x_wconf 68' lang='grc' dir='ltr'><strong>καὶ</strong></span> <span class='ocrx_word' id='word_1_570' title='bbox 1346 4926 1491 4998; x_wconf 82' lang='grc' dir='ltr'><strong>λόγῳ</strong></span> <span class='ocrx_word' id='word_1_571' title='bbox 1512 4924 1898 4996; x_wconf 77' lang='grc' dir='ltr'><strong>τετιμημένον,</strong></span> 
     </span>
    </p>
   </div>
   <div class='ocr_carea' id='block_1_80' title="bbox 309 5012 1901 5095">
    <p class='ocr_par' dir='ltr' id='par_1_80' title="bbox 309 5012 1901 5095">
     <span class='ocr_line' id='line_1_80' title="bbox 309 5012 1901 5095; baseline -0.006 -18"><span class='ocrx_word' id='word_1_572' title='bbox 309 5025 588 5095; x_wconf 86' lang='grc' dir='ltr'><strong>προσήκει</strong></span> <span class='ocrx_word' id='word_1_573' title='bbox 614 5019 774 5074; x_wconf 89' lang='grc' dir='ltr'><strong>τοῦτο</strong></span> <span class='ocrx_word' id='word_1_574' title='bbox 822 5018 913 5074; x_wconf 82' lang='grc' dir='ltr'><strong>διά</strong></span> <span class='ocrx_word' id='word_1_575' title='bbox 960 5019 1163 5082; x_wconf 76' lang='grc' dir='ltr'><strong>παντὸς</strong></span> <span class='ocrx_word' id='word_1_576' title='bbox 1192 5017 1428 5072; x_wconf 73' lang='grc' dir='ltr'><strong>ἐκτίνειν</strong></span> <span class='ocrx_word' id='word_1_577' title='bbox 1466 5014 1527 5070; x_wconf 76' lang='grc' dir='ltr'><strong>τὸ</strong></span> <span class='ocrx_word' id='word_1_578' title='bbox 1555 5013 1802 5086; x_wconf 75' lang='grc' dir='ltr'><strong>ὄφλημα.</strong></span> <span class='ocrx_word' id='word_1_579' title='bbox 1834 5012 1901 5068; x_wconf 82' lang='lat' dir='ltr'><strong>El.</strong></span> 
     </span>
    </p>
   </div>
   <div class='ocr_carea' id='block_1_81' title="bbox 308 5107 1903 5184">
    <p class='ocr_par' dir='ltr' id='par_1_81' title="bbox 308 5107 1903 5184">
     <span class='ocr_line' id='line_1_81' title="bbox 308 5107 1903 5184; baseline -0.006 -14"><span class='ocrx_word' id='word_1_580' title='bbox 308 5115 370 5170; x_wconf 66' lang='grc' dir='ltr'><strong>δὲ</strong></span> <span class='ocrx_word' id='word_1_581' title='bbox 393 5112 466 5167; x_wconf 81' lang='grc' dir='ltr'><strong>τὰ</strong></span> <span class='ocrx_word' id='word_1_582' title='bbox 492 5111 720 5181; x_wconf 81' lang='grc' dir='ltr'><strong>κτιστὴν</strong></span> <span class='ocrx_word' id='word_1_583' title='bbox 738 5109 931 5180; x_wconf 73' lang='grc' dir='ltr'><strong>ἔχοντα</strong></span> <span class='ocrx_word' id='word_1_584' title='bbox 950 5108 1119 5181; x_wconf 90' lang='grc' dir='ltr'><strong>φύσιν</strong></span> <span class='ocrx_word' id='word_1_585' title='bbox 1140 5111 1321 5184; x_wconf 82' lang='grc' dir='ltr'><strong>ὑμνεῖ,</strong></span> <span class='ocrx_word' id='word_1_586' title='bbox 1351 5107 1474 5164; x_wconf 73' lang='grc' dir='ltr'><strong>οὔτε</strong></span> <span class='ocrx_word' id='word_1_587' title='bbox 1501 5109 1560 5163; x_wconf 71' lang='grc' dir='ltr'><strong>δὲ</strong></span> <span class='ocrx_word' id='word_1_588' title='bbox 1581 5111 1610 5162; x_wconf 90' lang='lat'><strong>6</strong></span> <span class='ocrx_word' id='word_1_589' title='bbox 1631 5109 1760 5172; x_wconf 75' lang='grc' dir='ltr'><strong>Υἱὸς</strong></span> <span class='ocrx_word' id='word_1_590' title='bbox 1786 5109 1903 5170; x_wconf 78' lang='grc' dir='ltr'><strong>τοῖς</strong></span> 
     </span>
    </p>
   </div>
   <div class='ocr_carea' id='block_1_82' title="bbox 310 5199 1903 5277">
    <p class='ocr_par' dir='ltr' id='par_1_82' title="bbox 310 5199 1903 5277">
     <span class='ocr_line' id='line_1_82' title="bbox 310 5199 1903 5277; baseline -0.007 -15"><span class='ocrx_word' id='word_1_591' title='bbox 310 5204 601 5277; x_wconf 80' lang='grc' dir='ltr'><strong>ὑμνοῦσιν,</strong></span> <span class='ocrx_word' id='word_1_592' title='bbox 626 5203 751 5258; x_wconf 79' lang='grc' dir='ltr'><strong>οὕτε</strong></span> <span class='ocrx_word' id='word_1_593' title='bbox 791 5203 852 5256; x_wconf 75' lang='grc' dir='ltr'><strong>τὸ</strong></span> <span class='ocrx_word' id='word_1_594' title='bbox 877 5203 1143 5271; x_wconf 89' lang='grc' dir='ltr'><strong>πανάγιον</strong></span> <span class='ocrx_word' id='word_1_595' title='bbox 1158 5202 1517 5258; x_wconf 87' lang='grc' dir='ltr'><strong>συντέτακται</strong></span> <span class='ocrx_word' id='word_1_596' title='bbox 1547 5200 1791 5271; x_wconf 85' lang='grc' dir='ltr'><strong>Πνεῦμα,</strong></span> <span class='ocrx_word' id='word_1_597' title='bbox 1811 5199 1903 5269; x_wconf 54' lang='lat'><strong>8?;-</strong></span> 
     </span>
    </p>
   </div>
   <div class='ocr_carea' id='block_1_83' title="bbox 311 5288 1902 5364">
    <p class='ocr_par' dir='ltr' id='par_1_83' title="bbox 311 5288 1902 5364">
     <span class='ocr_line' id='line_1_83' title="bbox 311 5288 1902 5364; baseline -0.006 -13"><span class='ocrx_word' id='word_1_598' title='bbox 311 5298 403 5351; x_wconf 91' lang='grc' dir='ltr'><strong>λον</strong></span> <span class='ocrx_word' id='word_1_599' title='bbox 440 5296 524 5350; x_wconf 83' lang='grc' dir='ltr'><strong>ὅτι</strong></span> <span class='ocrx_word' id='word_1_600' title='bbox 557 5294 659 5364; x_wconf 82' lang='grc' dir='ltr'><strong>τῆς</strong></span> <span class='ocrx_word' id='word_1_601' title='bbox 690 5292 916 5363; x_wconf 83' lang='grc' dir='ltr'><strong>κτιστῆς</strong></span> <span class='ocrx_word' id='word_1_602' title='bbox 948 5292 1046 5362; x_wconf 80' lang='grc' dir='ltr'><strong>οὐχ</strong></span> <span class='ocrx_word' id='word_1_603' title='bbox 1077 5292 1386 5363; x_wconf 82' lang='grc' dir='ltr'><strong>ὑπάρχουσι</strong></span> <span class='ocrx_word' id='word_1_604' title='bbox 1418 5289 1666 5359; x_wconf 87' lang='grc' dir='ltr'><strong>φύσεως·</strong></span> <span class='ocrx_word' id='word_1_605' title='bbox 1711 5288 1744 5357; x_wconf 84' lang='grc' dir='ltr'>ἢ</span> <span class='ocrx_word' id='word_1_606' title='bbox 1792 5290 1902 5358; x_wconf 81' lang='grc' dir='ltr'><strong>γὰρ</strong></span> 
     </span>
    </p>
   </div>
   <div class='ocr_carea' id='block_1_84' title="bbox 316 5380 1899 5460">
    <p class='ocr_par' dir='ltr' id='par_1_84' title="bbox 316 5380 1899 5460">
     <span class='ocr_line' id='line_1_84' title="bbox 316 5380 1899 5460; baseline -0.008 -16"><span class='ocrx_word' id='word_1_607' title='bbox 316 5389 407 5456; x_wconf 84' lang='grc' dir='ltr'><strong>ἂν,</strong></span> <span class='ocrx_word' id='word_1_608' title='bbox 443 5387 551 5460; x_wconf 76' lang='grc' dir='ltr'><strong>πρὸ</strong></span> <span class='ocrx_word' id='word_1_609' title='bbox 578 5386 688 5440; x_wconf 89' lang='grc' dir='ltr'><strong>τῶν</strong></span> <span class='ocrx_word' id='word_1_610' title='bbox 709 5385 887 5440; x_wconf 78' lang='grc' dir='ltr'><strong>ἄλλων</strong></span> <span class='ocrx_word' id='word_1_611' title='bbox 916 5386 1007 5437; x_wconf 72' lang='grc' dir='ltr'><strong>τὸν</strong></span> <span class='ocrx_word' id='word_1_612' title='bbox 1034 5384 1268 5455; x_wconf 85' lang='grc' dir='ltr'><strong>ποιητὴν</strong></span> <span class='ocrx_word' id='word_1_613' title='bbox 1295 5384 1568 5455; x_wconf 81' lang='grc' dir='ltr'><strong>ὕμνησαν,</strong></span> <span class='ocrx_word' id='word_1_614' title='bbox 1592 5381 1667 5445; x_wconf 84' lang='grc' dir='ltr'><strong>ὡς</strong></span> <span class='ocrx_word' id='word_1_615' title='bbox 1690 5380 1899 5433; x_wconf 80' lang='grc' dir='ltr'><strong>δικαιο-</strong></span> 
     </span>
    </p>
   </div>
   <div class='ocr_carea' id='block_1_85' title="bbox 2012 3355 3601 3432">
    <p class='ocr_par' dir='ltr' id='par_1_85' title="bbox 2012 3355 3601 3432">
     <span class='ocr_line' id='line_1_85' title="bbox 2012 3355 3601 3432; baseline 0.006 -20"><span class='ocrx_word' id='word_1_616' title='bbox 2012 3355 2265 3426; x_wconf 85' lang='lat' dir='ltr'><strong>plantas,</strong></span> <span class='ocrx_word' id='word_1_617' title='bbox 2296 3366 2352 3413; x_wconf 90' lang='lat' dir='ltr'><strong>et</strong></span> <span class='ocrx_word' id='word_1_618' title='bbox 2388 3358 2496 3414; x_wconf 89' lang='lat' dir='ltr'><strong>alia</strong></span> <span class='ocrx_word' id='word_1_619' title='bbox 2538 3359 2855 3431; x_wconf 70' lang='lat' dir='ltr'><strong>hujnsmodi</strong></span> <span class='ocrx_word' id='word_1_620' title='bbox 2888 3377 3232 3432; x_wconf 69' lang='lat' dir='ltr'><strong>quaecunque</strong></span> <span class='ocrx_word' id='word_1_621' title='bbox 3261 3363 3503 3417; x_wconf 80' lang='lat' dir='ltr'><strong>animum</strong></span> <span class='ocrx_word' id='word_1_622' title='bbox 3544 3376 3601 3421; x_wconf 93' lang='lat' dir='ltr'><strong>et</strong></span> 
     </span>
    </p>
   </div>
   <div class='ocr_carea' id='block_1_86' title="bbox 2012 3449 3595 3525">
    <p class='ocr_par' dir='ltr' id='par_1_86' title="bbox 2012 3449 3595 3525">
     <span class='ocr_line' id='line_1_86' title="bbox 2012 3449 3595 3525; baseline 0.005 -22"><span class='ocrx_word' id='word_1_623' title='bbox 2012 3449 2284 3505; x_wconf 87' lang='lat' dir='ltr'><strong>rationem</strong></span> <span class='ocrx_word' id='word_1_624' title='bbox 2315 3450 2540 3519; x_wconf 84' lang='lat' dir='ltr'><strong>habent,</strong></span> <span class='ocrx_word' id='word_1_625' title='bbox 2567 3451 2831 3523; x_wconf 83' lang='lat' dir='ltr'><strong>hymnum</strong></span> <span class='ocrx_word' id='word_1_626' title='bbox 2860 3451 3058 3508; x_wconf 77' lang='lat' dir='ltr'><strong>oli‘erre</strong></span> <span class='ocrx_word' id='word_1_627' title='bbox 3090 3454 3359 3525; x_wconf 64' lang='lat' dir='ltr'><strong>praecipit.</strong></span> <span class='ocrx_word' id='word_1_628' title='bbox 3394 3453 3595 3511; x_wconf 82' lang='lat' dir='ltr'><strong>Verum</strong></span> 
     </span>
    </p>
   </div>
   <div class='ocr_carea' id='block_1_87' title="bbox 2014 3540 3602 3617">
    <p class='ocr_par' dir='ltr' id='par_1_87' title="bbox 2014 3540 3602 3617">
     <span class='ocr_line' id='line_1_87' title="bbox 2014 3540 3602 3617; baseline 0.004 -21"><span class='ocrx_word' id='word_1_629' title='bbox 2014 3540 2070 3596; x_wconf 90' lang='lat' dir='ltr'><strong>in</strong></span> <span class='ocrx_word' id='word_1_630' title='bbox 2098 3541 2215 3597; x_wconf 68' lang='lat' dir='ltr'><strong>haec</strong></span> <span class='ocrx_word' id='word_1_631' title='bbox 2232 3556 2330 3597; x_wconf 87' lang='lat' dir='ltr'><strong>eos</strong></span> <span class='ocrx_word' id='word_1_632' title='bbox 2353 3543 2449 3613; x_wconf 89' lang='lat' dir='ltr'><strong>qui</strong></span> <span class='ocrx_word' id='word_1_633' title='bbox 2474 3544 2717 3600; x_wconf 77' lang='lat' dir='ltr'><strong>ratione‘</strong></span> <span class='ocrx_word' id='word_1_634' title='bbox 2743 3547 2955 3615; x_wconf 72' lang='lat' dir='ltr'><strong>praediti</strong></span> <span class='ocrx_word' id='word_1_635' title='bbox 2980 3547 3344 3611; x_wconf 77' lang='lat' dir='ltr'><strong>suut,inlueri</strong></span> <span class='ocrx_word' id='word_1_636' title='bbox 3363 3547 3602 3617; x_wconf 85' lang='lat' dir='ltr'><strong>jubet,ct</strong></span> 
     </span>
    </p>
   </div>
   <div class='ocr_carea' id='block_1_88' title="bbox 2012 3633 3595 3704">
    <p class='ocr_par' dir='ltr' id='par_1_88' title="bbox 2012 3633 3595 3704">
     <span class='ocr_line' id='line_1_88' title="bbox 2012 3633 3595 3704; baseline 0.004 -16"><span class='ocrx_word' id='word_1_637' title='bbox 2012 3633 2337 3702; x_wconf 82' lang='lat' dir='ltr'><strong>sapientiam</strong></span> <span class='ocrx_word' id='word_1_638' title='bbox 2365 3649 2491 3702; x_wconf 69' lang='lat' dir='ltr'><strong>quae</strong></span> <span class='ocrx_word' id='word_1_639' title='bbox 2518 3650 2571 3686; x_wconf 86' lang='lat' dir='ltr'><strong>tn</strong></span> <span class='ocrx_word' id='word_1_640' title='bbox 2596 3635 2679 3690; x_wconf 88' lang='lat' dir='ltr'><strong>his</strong></span> <span class='ocrx_word' id='word_1_641' title='bbox 2700 3637 2946 3691; x_wconf 76' lang='lat' dir='ltr'><strong>cernitur</strong></span> <span class='ocrx_word' id='word_1_642' title='bbox 2967 3639 3261 3704; x_wconf 85' lang='lat' dir='ltr'><strong>discentes,</strong></span> <span class='ocrx_word' id='word_1_643' title='bbox 3279 3640 3595 3695; x_wconf 68' lang='lat' dir='ltr'><strong>Creatorem</strong></span> 
     </span>
    </p>
   </div>
   <div class='ocr_carea' id='block_1_89' title="bbox 2010 3722 3594 3798">
    <p class='ocr_par' dir='ltr' id='par_1_89' title="bbox 2010 3722 3594 3798">
     <span class='ocr_line' id='line_1_89' title="bbox 2010 3722 3594 3798; baseline 0.006 -21"><span class='ocrx_word' id='word_1_644' title='bbox 2010 3724 2308 3778; x_wconf 88' lang='lat' dir='ltr'><strong>celebrare.</strong></span> <span class='ocrx_word' id='word_1_645' title='bbox 2357 3741 2375 3773; x_wconf 77' lang='grc' dir='ltr'>ι</span> <span class='ocrx_word' id='word_1_646' title='bbox 2404 3722 2652 3779; x_wconf 86' lang='lat' dir='ltr'><strong>Landate</strong></span> <span class='ocrx_word' id='word_1_647' title='bbox 2702 3725 2919 3798; x_wconf 78' lang='lat'><strong>1576</strong></span> <span class='ocrx_word' id='word_1_648' title='bbox 2972 3729 3261 3784; x_wconf 73' lang='lat' dir='ltr'><strong>hominum</strong></span> <span class='ocrx_word' id='word_1_649' title='bbox 3302 3731 3367 3784; x_wconf 89' lang='lat' dir='ltr'><strong>de</strong></span> <span class='ocrx_word' id='word_1_650' title='bbox 3401 3733 3594 3795; x_wconf 76' lang='lat' dir='ltr'><strong>emis,</strong></span> 
     </span>
    </p>
   </div>
   <div class='ocr_carea' id='block_1_90' title="bbox 1936 3810 3596 3877">
    <p class='ocr_par' dir='ltr' id='par_1_90' title="bbox 1936 3810 3596 3877">
     <span class='ocr_line' id='line_1_90' title="bbox 1936 3810 3596 3877; baseline 0.008 -13"><span class='ocrx_word' id='word_1_651' title='bbox 1936 3830 1943 3839; x_wconf 67' lang='grc' dir='ltr'><em>ί</em></span> <span class='ocrx_word' id='word_1_652' title='bbox 2010 3810 2228 3867; x_wconf 84' lang='lat' dir='ltr'><strong>laudato</strong></span> <span class='ocrx_word' id='word_1_653' title='bbox 2262 3826 2388 3867; x_wconf 89' lang='lat' dir='ltr'><strong>eum</strong></span> <span class='ocrx_word' id='word_1_654' title='bbox 2428 3812 2481 3866; x_wconf 94' lang='lat' dir='ltr'><strong>in</strong></span> <span class='ocrx_word' id='word_1_655' title='bbox 2508 3814 2768 3870; x_wconf 76' lang='lat' dir='ltr'><strong>excelsis.</strong></span> <span class='ocrx_word' id='word_1_656' title='bbox 2798 3833 2817 3865; x_wconf 74' lang='grc' dir='ltr'>ι</span> <span class='ocrx_word' id='word_1_657' title='bbox 2859 3817 3004 3872; x_wconf 86' lang='lat' dir='ltr'><strong>Duos</strong></span> <span class='ocrx_word' id='word_1_658' title='bbox 3030 3818 3201 3873; x_wconf 69' lang='lat' dir='ltr'><strong>melos</strong></span> <span class='ocrx_word' id='word_1_659' title='bbox 3225 3834 3256 3873; x_wconf 92' lang='lat' dir='ltr'><strong>a</strong></span> <span class='ocrx_word' id='word_1_660' title='bbox 3283 3820 3392 3874; x_wconf 84' lang='lat' dir='ltr'><strong>Deo</strong></span> <span class='ocrx_word' id='word_1_661' title='bbox 3424 3822 3596 3877; x_wconf 86' lang='lat' dir='ltr'><strong>laetos</strong></span> 
     </span>
    </p>
   </div>
   <div class='ocr_carea' id='block_1_91' title="bbox 2007 3901 3592 3975">
    <p class='ocr_par' dir='ltr' id='par_1_91' title="bbox 2007 3901 3592 3975">
     <span class='ocr_line' id='line_1_91' title="bbox 2007 3901 3592 3975; baseline 0.005 -17"><span class='ocrx_word' id='word_1_662' title='bbox 2007 3916 2133 3959; x_wconf 85' lang='lat' dir='ltr'><strong>esse</strong></span> <span class='ocrx_word' id='word_1_663' title='bbox 2162 3918 2396 3975; x_wconf 72' lang='lat' dir='ltr'><strong>magnus</strong></span> <span class='ocrx_word' id='word_1_664' title='bbox 2421 3901 2604 3960; x_wconf 83' lang='lat' dir='ltr'><strong>Moses</strong></span> <span class='ocrx_word' id='word_1_665' title='bbox 2631 3920 2731 3960; x_wconf 90' lang='lat' dir='ltr'><strong>nos</strong></span> <span class='ocrx_word' id='word_1_666' title='bbox 2769 3906 3031 3974; x_wconf 88' lang='lat' dir='ltr'><strong>edocuit,</strong></span> <span class='ocrx_word' id='word_1_667' title='bbox 3062 3925 3232 3964; x_wconf 81' lang='lat' dir='ltr'><strong>mium</strong></span> <span class='ocrx_word' id='word_1_668' title='bbox 3277 3911 3436 3966; x_wconf 87' lang='lat' dir='ltr'><strong>simul</strong></span> <span class='ocrx_word' id='word_1_669' title='bbox 3466 3927 3592 3966; x_wconf 90' lang='lat' dir='ltr'><strong>cum</strong></span> 
     </span>
    </p>
   </div>
   <div class='ocr_carea' id='block_1_92' title="bbox 2009 3996 3596 4075">
    <p class='ocr_par' dir='ltr' id='par_1_92' title="bbox 2009 3996 3596 4075">
     <span class='ocr_line' id='line_1_92' title="bbox 2009 3996 3596 4075; baseline 0.006 -23"><span class='ocrx_word' id='word_1_670' title='bbox 2009 4006 2155 4052; x_wconf 89' lang='lat' dir='ltr'><strong>terra</strong></span> <span class='ocrx_word' id='word_1_671' title='bbox 2178 3996 2485 4062; x_wconf 68' lang='lat' dir='ltr'><strong>conditurus,</strong></span> <span class='ocrx_word' id='word_1_672' title='bbox 2515 3997 2747 4053; x_wconf 86' lang='lat' dir='ltr'><strong>alterum</strong></span> <span class='ocrx_word' id='word_1_673' title='bbox 2777 4008 2963 4068; x_wconf 86' lang='lat' dir='ltr'><strong>postea</strong></span> <span class='ocrx_word' id='word_1_674' title='bbox 2993 4001 3234 4058; x_wconf 89' lang='lat' dir='ltr'><strong>medium</strong></span> <span class='ocrx_word' id='word_1_675' title='bbox 3260 4004 3400 4058; x_wconf 88' lang='lat' dir='ltr'><strong>inter</strong></span> <span class='ocrx_word' id='word_1_676' title='bbox 3421 4020 3596 4075; x_wconf 86' lang='lat' dir='ltr'><strong>aquas</strong></span> 
     </span>
    </p>
   </div>
   <div class='ocr_carea' id='block_1_93' title="bbox 2006 4087 3597 4163">
    <p class='ocr_par' dir='ltr' id='par_1_93' title="bbox 2006 4087 3597 4163">
     <span class='ocr_line' id='line_1_93' title="bbox 2006 4087 3597 4163; baseline 0.002 -19"><span class='ocrx_word' id='word_1_677' title='bbox 2006 4087 2125 4144; x_wconf 81' lang='lat' dir='ltr'><strong>ﬁeri</strong></span> <span class='ocrx_word' id='word_1_678' title='bbox 2159 4088 2401 4159; x_wconf 84' lang='lat' dir='ltr'><strong>jussum.</strong></span> <span class='ocrx_word' id='word_1_679' title='bbox 2430 4089 2574 4158; x_wconf 87' lang='lat' dir='ltr'><strong>quod</strong></span> <span class='ocrx_word' id='word_1_680' title='bbox 2601 4098 2656 4144; x_wconf 87' lang='lat' dir='ltr'><strong>et</strong></span> <span class='ocrx_word' id='word_1_681' title='bbox 2684 4090 3088 4147; x_wconf 90' lang='lat' dir='ltr'><strong>lirmamentum</strong></span> <span class='ocrx_word' id='word_1_682' title='bbox 3112 4093 3429 4163; x_wconf 78' lang='lat' dir='ltr'><strong>appellavit.</strong></span> <span class='ocrx_word' id='word_1_683' title='bbox 3462 4096 3597 4150; x_wconf 75' lang='lat' dir='ltr'><strong>Pro-</strong></span> 
     </span>
    </p>
   </div>
   <div class='ocr_carea' id='block_1_94' title="bbox 2006 4177 3600 4257">
    <p class='ocr_par' dir='ltr' id='par_1_94' title="bbox 2006 4177 3600 4257">
     <span class='ocr_line' id='line_1_94' title="bbox 2006 4177 3600 4257; baseline 0.004 -19"><span class='ocrx_word' id='word_1_684' title='bbox 2006 4192 2192 4253; x_wconf 87' lang='lat' dir='ltr'><strong>pterea</strong></span> <span class='ocrx_word' id='word_1_685' title='bbox 2210 4184 2280 4237; x_wconf 88' lang='lat' dir='ltr'><strong>de</strong></span> <span class='ocrx_word' id='word_1_686' title='bbox 2302 4181 2459 4238; x_wconf 69' lang='lat' dir='ltr'><strong>cmlis</strong></span> <span class='ocrx_word' id='word_1_687' title='bbox 2480 4193 2530 4237; x_wconf 90' lang='lat' dir='ltr'><strong>et</strong></span> <span class='ocrx_word' id='word_1_688' title='bbox 2552 4181 2620 4238; x_wconf 89' lang='lat' dir='ltr'><strong>de</strong></span> <span class='ocrx_word' id='word_1_689' title='bbox 2641 4177 2878 4239; x_wconf 74' lang='grc' dir='ltr'><strong>ειειιείε</strong></span> <span class='ocrx_word' id='word_1_690' title='bbox 2899 4182 3061 4239; x_wconf 86' lang='lat' dir='ltr'><strong>Deum</strong></span> <span class='ocrx_word' id='word_1_691' title='bbox 3086 4184 3297 4242; x_wconf 88' lang='lat' dir='ltr'><strong>laudari</strong></span> <span class='ocrx_word' id='word_1_692' title='bbox 3316 4188 3565 4257; x_wconf 61' lang='lat' dir='ltr'><strong>praecepit</strong></span> <span class='ocrx_word' id='word_1_693' title='bbox 3585 4224 3600 4245; x_wconf 82' lang='grc'><strong>.</strong></span> 
     </span>
    </p>
   </div>
   <div class='ocr_carea' id='block_1_95' title="bbox 2007 4270 3586 4352">
    <p class='ocr_par' dir='ltr' id='par_1_95' title="bbox 2007 4270 3586 4352">
     <span class='ocr_line' id='line_1_95' title="bbox 2007 4270 3586 4352; baseline 0.008 -26"><span class='ocrx_word' id='word_1_694' title='bbox 2007 4271 2115 4327; x_wconf 90' lang='lat' dir='ltr'><strong>hoc</strong></span> <span class='ocrx_word' id='word_1_695' title='bbox 2142 4278 2263 4338; x_wconf 83' lang='lat' dir='ltr'><strong>est,</strong></span> <span class='ocrx_word' id='word_1_696' title='bbox 2294 4285 2392 4327; x_wconf 88' lang='lat' dir='ltr'><strong>eos</strong></span> <span class='ocrx_word' id='word_1_697' title='bbox 2420 4270 2516 4342; x_wconf 90' lang='lat' dir='ltr'><strong>qui</strong></span> <span class='ocrx_word' id='word_1_698' title='bbox 2552 4278 2609 4325; x_wconf 89' lang='lat' dir='ltr'><strong>et</strong></span> <span class='ocrx_word' id='word_1_699' title='bbox 2656 4271 2712 4326; x_wconf 91' lang='lat' dir='ltr'><strong>in</strong></span> <span class='ocrx_word' id='word_1_700' title='bbox 2755 4272 2901 4340; x_wconf 91' lang='lat' dir='ltr'><strong>hoc,</strong></span> <span class='ocrx_word' id='word_1_701' title='bbox 2960 4277 3017 4327; x_wconf 88' lang='lat' dir='ltr'><strong>et</strong></span> <span class='ocrx_word' id='word_1_702' title='bbox 3069 4272 3127 4328; x_wconf 91' lang='lat' dir='ltr'><strong>in</strong></span> <span class='ocrx_word' id='word_1_703' title='bbox 3196 4273 3290 4334; x_wconf 91' lang='lat' dir='ltr'><strong>illo</strong></span> <span class='ocrx_word' id='word_1_704' title='bbox 3340 4280 3586 4352; x_wconf 76' lang='lat' dir='ltr'><strong>degunt.</strong></span> 
     </span>
    </p>
   </div>
   <div class='ocr_carea' id='block_1_96' title="bbox 2006 4361 3594 4431">
    <p class='ocr_par' dir='ltr' id='par_1_96' title="bbox 2006 4361 3594 4431">
     <span class='ocr_line' id='line_1_96' title="bbox 2006 4361 3594 4431; baseline 0.004 -13"><span class='ocrx_word' id='word_1_705' title='bbox 2006 4361 2459 4431; x_wconf 78' lang='lat' dir='ltr'><strong>incorporearum</strong></span> <span class='ocrx_word' id='word_1_706' title='bbox 2521 4361 2750 4417; x_wconf 87' lang='lat' dir='ltr'><strong>choros.</strong></span> <span class='ocrx_word' id='word_1_707' title='bbox 2816 4361 3089 4429; x_wconf 86' lang='lat' dir='ltr'><strong>Quoniam</strong></span> <span class='ocrx_word' id='word_1_708' title='bbox 3154 4367 3304 4423; x_wconf 88' lang='lat' dir='ltr'><strong>enim</strong></span> <span class='ocrx_word' id='word_1_709' title='bbox 3373 4369 3594 4425; x_wconf 84' lang='lat' dir='ltr'><strong>divinus</strong></span> 
     </span>
    </p>
   </div>
   <div class='ocr_carea' id='block_1_97' title="bbox 2004 4452 3593 4528">
    <p class='ocr_par' dir='ltr' id='par_1_97' title="bbox 2004 4452 3593 4528">
     <span class='ocr_line' id='line_1_97' title="bbox 2004 4452 3593 4528; baseline 0.003 -19"><span class='ocrx_word' id='word_1_710' title='bbox 2004 4452 2185 4510; x_wconf 75' lang='lat' dir='ltr'><strong>Moses</strong></span> <span class='ocrx_word' id='word_1_711' title='bbox 2221 4452 2360 4508; x_wconf 86' lang='lat' dir='ltr'><strong>nihil</strong></span> <span class='ocrx_word' id='word_1_712' title='bbox 2393 4453 2462 4508; x_wconf 89' lang='lat' dir='ltr'><strong>de</strong></span> <span class='ocrx_word' id='word_1_713' title='bbox 2506 4460 2720 4508; x_wconf 71' lang='lat' dir='ltr'><strong>natura:</strong></span> <span class='ocrx_word' id='word_1_714' title='bbox 2758 4454 3068 4512; x_wconf 70' lang='lat' dir='ltr'><strong>cmlestium</strong></span> <span class='ocrx_word' id='word_1_715' title='bbox 3103 4459 3399 4528; x_wconf 83' lang='lat' dir='ltr'><strong>spirituum</strong></span> <span class='ocrx_word' id='word_1_716' title='bbox 3436 4476 3593 4515; x_wconf 83' lang='lat' dir='ltr'><strong>crea-</strong></span> 
     </span>
    </p>
   </div>
   <div class='ocr_carea' id='block_1_98' title="bbox 2007 4545 3589 4619">
    <p class='ocr_par' dir='ltr' id='par_1_98' title="bbox 2007 4545 3589 4619">
     <span class='ocr_line' id='line_1_98' title="bbox 2007 4545 3589 4619; baseline 0.004 -18"><span class='ocrx_word' id='word_1_717' title='bbox 2007 4546 2151 4602; x_wconf 89' lang='lat' dir='ltr'><strong>tione</strong></span> <span class='ocrx_word' id='word_1_718' title='bbox 2191 4560 2291 4601; x_wconf 87' lang='lat' dir='ltr'><strong>nos</strong></span> <span class='ocrx_word' id='word_1_719' title='bbox 2330 4545 2558 4608; x_wconf 89' lang='lat' dir='ltr'><strong>docuit.</strong></span> <span class='ocrx_word' id='word_1_720' title='bbox 2584 4548 2897 4603; x_wconf 87' lang='lat' dir='ltr'><strong>necessario</strong></span> <span class='ocrx_word' id='word_1_721' title='bbox 2938 4548 3027 4604; x_wconf 91' lang='lat' dir='ltr'><strong>hic</strong></span> <span class='ocrx_word' id='word_1_722' title='bbox 3065 4548 3340 4619; x_wconf 86' lang='lat' dir='ltr'><strong>Propheta</strong></span> <span class='ocrx_word' id='word_1_723' title='bbox 3390 4552 3589 4608; x_wconf 87' lang='lat' dir='ltr'><strong>horum</strong></span> 
     </span>
    </p>
   </div>
   <div class='ocr_carea' id='block_1_99' title="bbox 2002 4633 3595 4709">
    <p class='ocr_par' dir='ltr' id='par_1_99' title="bbox 2002 4633 3595 4709">
     <span class='ocr_line' id='line_1_99' title="bbox 2002 4633 3595 4709; baseline 0.005 -18"><span class='ocrx_word' id='word_1_724' title='bbox 2002 4636 2166 4691; x_wconf 88' lang='lat' dir='ltr'><strong>etiam</strong></span> <span class='ocrx_word' id='word_1_725' title='bbox 2202 4633 2328 4691; x_wconf 78' lang='lat' dir='ltr'><strong>fecit</strong></span> <span class='ocrx_word' id='word_1_726' title='bbox 2367 4636 3039 4709; x_wconf 60' lang='lat' dir='ltr'><strong>mentionem,.Propterea</strong></span> <span class='ocrx_word' id='word_1_727' title='bbox 3073 4650 3133 4696; x_wconf 92' lang='lat' dir='ltr'><strong>ut</strong></span> <span class='ocrx_word' id='word_1_728' title='bbox 3163 4640 3395 4697; x_wconf 85' lang='lat' dir='ltr'><strong>oll&#39;erant</strong></span> <span class='ocrx_word' id='word_1_729' title='bbox 3427 4645 3595 4699; x_wconf 79' lang='lat' dir='ltr'><strong>Crea-</strong></span> 
     </span>
    </p>
   </div>
   <div class='ocr_carea' id='block_1_100' title="bbox 2007 4726 3595 4801">
    <p class='ocr_par' dir='ltr' id='par_1_100' title="bbox 2007 4726 3595 4801">
     <span class='ocr_line' id='line_1_100' title="bbox 2007 4726 3595 4801; baseline 0.005 -19"><span class='ocrx_word' id='word_1_730' title='bbox 2007 4728 2111 4782; x_wconf 90' lang='lat' dir='ltr'><strong>tori</strong></span> <span class='ocrx_word' id='word_1_731' title='bbox 2150 4726 2417 4798; x_wconf 82' lang='lat' dir='ltr'><strong>hymnum</strong></span> <span class='ocrx_word' id='word_1_732' title='bbox 2450 4727 2713 4782; x_wconf 80' lang='lat' dir='ltr'><strong>mandat:</strong></span> <span class='ocrx_word' id='word_1_733' title='bbox 2765 4730 3215 4801; x_wconf 88' lang='lat' dir='ltr'><strong>quandoquidem</strong></span> <span class='ocrx_word' id='word_1_734' title='bbox 3247 4733 3355 4789; x_wconf 89' lang='lat' dir='ltr'><strong>hoc</strong></span> <span class='ocrx_word' id='word_1_735' title='bbox 3387 4734 3467 4790; x_wconf 88' lang='lat' dir='ltr'><strong>illi</strong></span> <span class='ocrx_word' id='word_1_736' title='bbox 3502 4737 3595 4790; x_wconf 87' lang='lat' dir='ltr'><strong>de-</strong></span> 
     </span>
    </p>
   </div>
   <div class='ocr_carea' id='block_1_101' title="bbox 2006 4820 3595 4900">
    <p class='ocr_par' dir='ltr' id='par_1_101' title="bbox 2006 4820 3595 4900">
     <span class='ocr_line' id='line_1_101' title="bbox 2006 4820 3595 4900; baseline 0.006 -26"><span class='ocrx_word' id='word_1_737' title='bbox 2006 4820 2184 4875; x_wconf 87' lang='lat' dir='ltr'><strong>bitum</strong></span> <span class='ocrx_word' id='word_1_738' title='bbox 2213 4834 2243 4874; x_wconf 91' lang='lat' dir='ltr'><strong>a</strong></span> <span class='ocrx_word' id='word_1_739' title='bbox 2277 4820 2551 4876; x_wconf 80' lang='lat' dir='ltr'><strong>creaturis</strong></span> <span class='ocrx_word' id='word_1_740' title='bbox 2589 4820 2852 4887; x_wconf 90' lang='lat' dir='ltr'><strong>debetur,</strong></span> <span class='ocrx_word' id='word_1_741' title='bbox 2902 4832 2959 4879; x_wconf 87' lang='lat' dir='ltr'><strong>et</strong></span> <span class='ocrx_word' id='word_1_742' title='bbox 3001 4824 3153 4878; x_wconf 90' lang='lat' dir='ltr'><strong>omni</strong></span> <span class='ocrx_word' id='word_1_743' title='bbox 3194 4826 3343 4897; x_wconf 90' lang='lat' dir='ltr'><strong>quod</strong></span> <span class='ocrx_word' id='word_1_744' title='bbox 3375 4828 3446 4883; x_wconf 90' lang='lat' dir='ltr'><strong>ab</strong></span> <span class='ocrx_word' id='word_1_745' title='bbox 3476 4829 3595 4900; x_wconf 77' lang='lat' dir='ltr'><strong>ipso</strong></span> 
     </span>
    </p>
   </div>
   <div class='ocr_carea' id='block_1_102' title="bbox 2008 4911 3591 4983">
    <p class='ocr_par' dir='ltr' id='par_1_102' title="bbox 2008 4911 3591 4983">
     <span class='ocr_line' id='line_1_102' title="bbox 2008 4911 3591 4983; baseline 0.001 -14"><span class='ocrx_word' id='word_1_746' title='bbox 2008 4911 2294 4970; x_wconf 91' lang='lat' dir='ltr'><strong>conditum</strong></span> <span class='ocrx_word' id='word_1_747' title='bbox 2331 4920 2387 4966; x_wconf 92' lang='lat' dir='ltr'><strong>et</strong></span> <span class='ocrx_word' id='word_1_748' title='bbox 2423 4912 2643 4968; x_wconf 85' lang='lat' dir='ltr'><strong>ratione</strong></span> <span class='ocrx_word' id='word_1_749' title='bbox 2671 4913 3004 4970; x_wconf 87' lang='lat' dir='ltr'><strong>honoratum</strong></span> <span class='ocrx_word' id='word_1_750' title='bbox 3038 4925 3158 4983; x_wconf 86' lang='lat' dir='ltr'><strong>est,</strong></span> <span class='ocrx_word' id='word_1_751' title='bbox 3211 4917 3320 4976; x_wconf 86' lang='lat' dir='ltr'><strong>hoc</strong></span> <span class='ocrx_word' id='word_1_752' title='bbox 3347 4919 3591 4977; x_wconf 81' lang='lat' dir='ltr'><strong>debitum</strong></span> 
     </span>
    </p>
   </div>
   <div class='ocr_carea' id='block_1_103' title="bbox 2006 5007 3598 5085">
    <p class='ocr_par' dir='ltr' id='par_1_103' title="bbox 2006 5007 3598 5085">
     <span class='ocr_line' id='line_1_103' title="bbox 2006 5007 3598 5085; baseline 0.003 -19"><span class='ocrx_word' id='word_1_753' title='bbox 2006 5023 2226 5080; x_wconf 82' lang='lat' dir='ltr'><strong>semper</strong></span> <span class='ocrx_word' id='word_1_754' title='bbox 2253 5007 2539 5064; x_wconf 79' lang='lat' dir='ltr'><strong>exsolvere</strong></span> <span class='ocrx_word' id='word_1_755' title='bbox 2565 5009 2844 5066; x_wconf 81' lang='lat' dir='ltr'><strong>convenit.</strong></span> <span class='ocrx_word' id='word_1_756' title='bbox 2874 5008 3032 5077; x_wconf 87' lang='lat' dir='ltr'><strong>Quod</strong></span> <span class='ocrx_word' id='word_1_757' title='bbox 3085 5013 3132 5068; x_wconf 87' lang='lat' dir='ltr'><strong>si</strong></span> <span class='ocrx_word' id='word_1_758' title='bbox 3166 5025 3349 5071; x_wconf 84' lang='lat' dir='ltr'><strong>autem</strong></span> <span class='ocrx_word' id='word_1_759' title='bbox 3380 5032 3444 5071; x_wconf 87' lang='lat' dir='ltr'><strong>ea</strong></span> <span class='ocrx_word' id='word_1_760' title='bbox 3473 5032 3598 5085; x_wconf 72' lang='lat' dir='ltr'><strong>qua:</strong></span> 
     </span>
    </p>
   </div>
   <div class='ocr_carea' id='block_1_104' title="bbox 2008 5100 3595 5176">
    <p class='ocr_par' dir='ltr' id='par_1_104' title="bbox 2008 5100 3595 5176">
     <span class='ocr_line' id='line_1_104' title="bbox 2008 5100 3595 5176; baseline 0.003 -20"><span class='ocrx_word' id='word_1_761' title='bbox 2008 5111 2247 5157; x_wconf 86' lang='lat' dir='ltr'><strong>creatam</strong></span> <span class='ocrx_word' id='word_1_762' title='bbox 2278 5109 2533 5155; x_wconf 87' lang='lat' dir='ltr'><strong>naturam</strong></span> <span class='ocrx_word' id='word_1_763' title='bbox 2565 5100 2771 5156; x_wconf 85' lang='lat' dir='ltr'><strong>habent</strong></span> <span class='ocrx_word' id='word_1_764' title='bbox 2797 5101 3061 5167; x_wconf 86' lang='lat' dir='ltr'><strong>laudant,</strong></span> <span class='ocrx_word' id='word_1_765' title='bbox 3098 5115 3153 5160; x_wconf 89' lang='lat' dir='ltr'><strong>et</strong></span> <span class='ocrx_word' id='word_1_766' title='bbox 3180 5122 3360 5176; x_wconf 86' lang='lat' dir='ltr'><strong>neque</strong></span> <span class='ocrx_word' id='word_1_767' title='bbox 3389 5105 3557 5161; x_wconf 82' lang='lat' dir='ltr'><strong>Filius</strong></span> <span class='ocrx_word' id='word_1_768' title='bbox 3580 5145 3595 5170; x_wconf 91' lang='lat'><strong>,</strong></span> 
     </span>
    </p>
   </div>
   <div class='ocr_carea' id='block_1_105' title="bbox 2010 5189 3633 5277">
    <p class='ocr_par' dir='ltr' id='par_1_105' title="bbox 2010 5189 3633 5277">
     <span class='ocr_line' id='line_1_105' title="bbox 2010 5189 3633 5277; baseline 0.002 -28"><span class='ocrx_word' id='word_1_769' title='bbox 2010 5208 2189 5265; x_wconf 85' lang='lat' dir='ltr'><strong>neque</strong></span> <span class='ocrx_word' id='word_1_770' title='bbox 2223 5198 2449 5249; x_wconf 87' lang='lat' dir='ltr'><strong>sanctus</strong></span> <span class='ocrx_word' id='word_1_771' title='bbox 2485 5189 2723 5263; x_wconf 84' lang='lat' dir='ltr'><strong>Spiritus</strong></span> <span class='ocrx_word' id='word_1_772' title='bbox 2752 5211 2879 5252; x_wconf 89' lang='lat' dir='ltr'><strong>cum</strong></span> <span class='ocrx_word' id='word_1_773' title='bbox 2914 5198 3267 5255; x_wconf 86' lang='lat' dir='ltr'><strong>laudantibus</strong></span> <span class='ocrx_word' id='word_1_774' title='bbox 3292 5212 3599 5253; x_wconf 84' lang='lat' dir='ltr'><strong>connumc-</strong></span> <span class='ocrx_word' id='word_1_775' title='bbox 3627 5271 3633 5277; x_wconf 27' lang='lat'><strong><em>.</em></strong></span> 
     </span>
    </p>
   </div>
   <div class='ocr_carea' id='block_1_106' title="bbox 2010 5284 3599 5359">
    <p class='ocr_par' dir='ltr' id='par_1_106' title="bbox 2010 5284 3599 5359">
     <span class='ocr_line' id='line_1_106' title="bbox 2010 5284 3599 5359; baseline 0.002 -17"><span class='ocrx_word' id='word_1_776' title='bbox 2010 5295 2163 5342; x_wconf 87' lang='lat' dir='ltr'><strong>ratus</strong></span> <span class='ocrx_word' id='word_1_777' title='bbox 2189 5293 2302 5350; x_wconf 76' lang='lat' dir='ltr'><strong>est,</strong></span> <span class='ocrx_word' id='word_1_778' title='bbox 2341 5292 2518 5355; x_wconf 87' lang='lat' dir='ltr'><strong>patet,</strong></span> <span class='ocrx_word' id='word_1_779' title='bbox 2563 5284 2665 5343; x_wconf 86' lang='lat' dir='ltr'><strong>hos</strong></span> <span class='ocrx_word' id='word_1_780' title='bbox 2695 5299 2894 5346; x_wconf 68' lang='lat' dir='ltr'><strong>creata:</strong></span> <span class='ocrx_word' id='word_1_781' title='bbox 2932 5301 3141 5347; x_wconf 80' lang='lat' dir='ltr'><strong>natura:</strong></span> <span class='ocrx_word' id='word_1_782' title='bbox 3172 5290 3599 5359; x_wconf 83' lang='lat' dir='ltr'><strong>haudquaquam</strong></span> 
     </span>
    </p>
   </div>
   <div class='ocr_carea' id='block_1_107' title="bbox 2007 5377 3598 5452">
    <p class='ocr_par' dir='ltr' id='par_1_107' title="bbox 2007 5377 3598 5452">
     <span class='ocr_line' id='line_1_107' title="bbox 2007 5377 3598 5452; baseline 0.002 -18"><span class='ocrx_word' id='word_1_783' title='bbox 2007 5393 2128 5434; x_wconf 87' lang='lat' dir='ltr'><strong>esse</strong></span> <span class='ocrx_word' id='word_1_784' title='bbox 2153 5396 2164 5430; x_wconf 93' lang='lat'><strong>:</strong></span> <span class='ocrx_word' id='word_1_785' title='bbox 2195 5377 2447 5448; x_wconf 85' lang='lat' dir='ltr'><strong>alioquin</strong></span> <span class='ocrx_word' id='word_1_786' title='bbox 2465 5386 2591 5433; x_wconf 88' lang='lat' dir='ltr'><strong>ante</strong></span> <span class='ocrx_word' id='word_1_787' title='bbox 2613 5393 2808 5437; x_wconf 86' lang='lat' dir='ltr'><strong>omnes</strong></span> <span class='ocrx_word' id='word_1_788' title='bbox 2833 5382 2971 5437; x_wconf 88' lang='lat' dir='ltr'><strong>alios</strong></span> <span class='ocrx_word' id='word_1_789' title='bbox 2997 5382 3249 5452; x_wconf 80' lang='lat' dir='ltr'><strong>opiﬁcem</strong></span> <span class='ocrx_word' id='word_1_790' title='bbox 3286 5380 3598 5449; x_wconf 79' lang='lat' dir='ltr'><strong>laudarent,</strong></span> 
     </span>
    </p>
   </div>
   <div class='ocr_carea' id='block_1_108' title="bbox 1391 5557 2463 5618">
    <p class='ocr_par' dir='ltr' id='par_1_108' title="bbox 1391 5557 2463 5618">
     <span class='ocr_line' id='line_1_108' title="bbox 1391 5557 2463 5618; baseline 0.001 -3"><span class='ocrx_word' id='word_1_791' title='bbox 1391 5562 1626 5618; x_wconf 65' lang='lat' dir='ltr'><strong>\‘Allle</strong></span> <span class='ocrx_word' id='word_1_792' title='bbox 1668 5557 2060 5616; x_wconf 81' lang='lat' dir='ltr'><strong>LECTIONES</strong></span> <span class='ocrx_word' id='word_1_793' title='bbox 2096 5558 2186 5614; x_wconf 82' lang='lat' dir='ltr'><strong>ET</strong></span> <span class='ocrx_word' id='word_1_794' title='bbox 2222 5558 2463 5616; x_wconf 64' lang='lat' dir='ltr'><strong>NOTIE.</strong></span> 
     </span>
    </p>
   </div>
   <div class='ocr_carea' id='block_1_109' title="bbox 377 5713 1904 5793">
    <p class='ocr_par' dir='ltr' id='par_1_109' title="bbox 377 5716 1904 5793">
     <span class='ocr_line' id='line_1_109' title="bbox 377 5716 1904 5793; baseline -0.006 -14"><span class='ocrx_word' id='word_1_795' title='bbox 377 5716 424 5748; x_wconf 69' lang='grc'><strong>⁸⁸</strong></span> <span class='ocrx_word' id='word_1_796' title='bbox 464 5716 594 5772; x_wconf 77' lang='grc' dir='ltr'><strong>Ὀι-</strong></span> <span class='ocrx_word' id='word_1_797' title='bbox 617 5726 845 5793; x_wconf 76' lang='grc' dir='ltr'><strong>λόγων.</strong></span> <span class='ocrx_word' id='word_1_798' title='bbox 882 5720 1012 5793; x_wconf 79' lang='lat' dir='ltr'><strong>Rec.</strong></span> <span class='ocrx_word' id='word_1_799' title='bbox 1040 5719 1199 5793; x_wconf 82' lang='lat' dir='ltr'><strong>lectio</strong></span> <span class='ocrx_word' id='word_1_800' title='bbox 1232 5730 1318 5776; x_wconf 87' lang='lat' dir='ltr'><strong>est</strong></span> <span class='ocrx_word' id='word_1_801' title='bbox 1354 5717 1904 5793; x_wconf 45' lang='grc' dir='ltr'><strong>’.ἀπαγγέλλων-τον]</strong></span> 
     </span>
    </p>
   </div>
   <div class='ocr_carea' id='block_1_110' title="bbox 2007 5713 3599 5793">
    <p class='ocr_par' dir='ltr' id='par_1_110' title="bbox 2007 5713 3599 5793">
     <span class='ocr_line' id='line_1_110' title="bbox 2007 5713 3599 5793; baseline 0.001 -22"><span class='ocrx_word' id='word_1_802' title='bbox 2007 5734 2073 5793; x_wconf 69' lang='lat' dir='ltr'><strong>iv.</strong></span> <span class='ocrx_word' id='word_1_803' title='bbox 2118 5717 2195 5793; x_wconf 80' lang='lat'><strong>_&quot;</strong></span> <span class='ocrx_word' id='word_1_804' title='bbox 2215 5714 2436 5793; x_wconf 63' lang='grc' dir='ltr'><strong>⁸ἰἸδῄλ.</strong></span> <span class='ocrx_word' id='word_1_805' title='bbox 2468 5717 2648 5793; x_wconf 23' lang='lat' dir='ltr'><strong>coda!</strong></span> <span class='ocrx_word' id='word_1_806' title='bbox 2668 5714 2802 5793; x_wconf 78' lang='lat' dir='ltr'><strong>add.</strong></span> <span class='ocrx_word' id='word_1_807' title='bbox 2830 5716 3105 5793; x_wconf 55' lang='grc' dir='ltr'><strong>αὐτοῖςιιι</strong></span> <span class='ocrx_word' id='word_1_808' title='bbox 3127 5715 3180 5770; x_wconf 86' lang='lat' dir='ltr'><strong>in</strong></span> <span class='ocrx_word' id='word_1_809' title='bbox 3214 5723 3358 5771; x_wconf 82' lang='lat' dir='ltr'><strong>textu</strong></span> <span class='ocrx_word' id='word_1_810' title='bbox 3388 5713 3497 5771; x_wconf 85' lang='grc' dir='ltr'><strong>τῶν</strong></span> <span class='ocrx_word' id='word_1_811' title='bbox 3518 5713 3599 5773; x_wconf 86' lang='grc'><strong>0⁸.</strong></span> 
     </span>
    </p>
   </div>
   <div class='ocr_carea' id='block_1_111' title="bbox 322 5790 1461 5866">
    <p class='ocr_par' dir='ltr' id='par_1_111' title="bbox 322 5790 1461 5866">
     <span class='ocr_line' id='line_1_111' title="bbox 322 5790 1461 5866; baseline -0.002 -21"><span class='ocrx_word' id='word_1_812' title='bbox 322 5791 628 5866; x_wconf 47' lang='lat' dir='ltr'><strong>&quot;must.</strong></span> <span class='ocrx_word' id='word_1_813' title='bbox 677 5790 795 5849; x_wconf 81' lang='lat' dir='ltr'><strong>Non</strong></span> <span class='ocrx_word' id='word_1_814' title='bbox 849 5792 1109 5863; x_wconf 85' lang='lat' dir='ltr'><strong>repetitur</strong></span> <span class='ocrx_word' id='word_1_815' title='bbox 1170 5791 1225 5844; x_wconf 89' lang='lat' dir='ltr'><strong>in</strong></span> <span class='ocrx_word' id='word_1_816' title='bbox 1279 5790 1461 5844; x_wconf 88' lang='lat' dir='ltr'><strong>cod.l</strong></span> 
     </span>
    </p>
   </div>
   <div class='ocr_carea' id='block_1_112' title="bbox 1582 5786 2410 5856">
    <p class='ocr_par' dir='ltr' id='par_1_112' title="bbox 1582 5786 2410 5856">
     <span class='ocr_line' id='line_1_112' title="bbox 1582 5786 2410 5856; baseline 0.002 -16"><span class='ocrx_word' id='word_1_817' title='bbox 1582 5790 1625 5821; x_wconf 81' lang='grc'><strong>⁸⁷</strong></span> <span class='ocrx_word' id='word_1_818' title='bbox 1696 5789 1872 5843; x_wconf 67' lang='lat' dir='ltr'><strong>&quot;06a.</strong></span> <span class='ocrx_word' id='word_1_819' title='bbox 1942 5789 2063 5843; x_wconf 81' lang='lat' dir='ltr'><strong>cod.</strong></span> <span class='ocrx_word' id='word_1_820' title='bbox 2113 5786 2275 5856; x_wconf 73' lang='grc' dir='ltr'><strong>ὶούχ</strong></span> <span class='ocrx_word' id='word_1_821' title='bbox 2314 5786 2410 5852; x_wconf 83' lang='grc' dir='ltr'><strong>ὡς.</strong></span> 
     </span>
    </p>
   </div>
   <div class='ocr_carea' id='block_1_113' title="bbox 2492 5784 3099 5855">
    <p class='ocr_par' dir='ltr' id='par_1_113' title="bbox 2492 5784 3099 5855">
     <span class='ocr_line' id='line_1_113' title="bbox 2492 5784 3099 5855; baseline 0 -16"><span class='ocrx_word' id='word_1_822' title='bbox 2492 5789 2540 5821; x_wconf 83' lang='grc'><strong>⁸⁸</strong></span> <span class='ocrx_word' id='word_1_823' title='bbox 2566 5787 2696 5840; x_wconf 81' lang='grc' dir='ltr'><strong>Καί.</strong></span> <span class='ocrx_word' id='word_1_824' title='bbox 2744 5785 2866 5842; x_wconf 89' lang='lat' dir='ltr'><strong>cod.</strong></span> <span class='ocrx_word' id='word_1_825' title='bbox 2912 5789 2931 5838; x_wconf 87' lang='lat' dir='ltr'><strong>l</strong></span> <span class='ocrx_word' id='word_1_826' title='bbox 2968 5784 3099 5855; x_wconf 83' lang='grc' dir='ltr'><strong>γάρ.</strong></span> 
     </span>
    </p>
   </div>
  </div>
