4128 6454
355 437 490 502 1980

422 555 497 613 ς’.
535 566 555 598 ι
593 544 865 612 Ἐστησεν
914 539 1054 593 αὑτά
1101 541 1182 603 εἰς
1214 540 1306 592 τὸν
1344 539 1542 601 αἰῶνα,
1591 541 1687 594 καὶ
1723 542 1804 602 εἰς
1854 540 1945 591 τὸν
1979 547 2018 597 Α

347 638 523 693 αἰῶνα
571 633 665 687 τοῦ
689 632 889 695 αἰῶνος
917 648 931 662 ν
966 631 1301 701 πρόσταγμα
1350 628 1524 694 ἔθετο,
1558 631 1649 682 καὶ
1691 630 1755 682 οὑ
1802 646 1943 698 παρ-

345 730 652 784 ελεύσεται.
687 745 706 778 ι
738 726 815 779 υὺ
868 723 1033 793 μόνον
1083 723 1141 776 δὲ
1184 723 1647 793 ἐδημιούργησεν,
1682 721 1821 776 ἀλλὰ
1845 721 1942 775 καὶ

347 819 806 894 προμηθούμενος
836 817 1016 870 αὑτῶν
1049 816 1314 868 διατελεῖ·
1349 815 1475 868 ὃθεν
1504 815 1601 868 καὶ
1634 815 1694 868 τὸ
1719 814 1943 885 διαρκὲς

349 914 589 981 ἔχουσιν,
623 910 701 971 ὡς
726 908 771 940 ³⁸
797 906 863 961 ἂν
894 908 1059 969 αὑτὸς
1090 905 1346 977 ἐθελήσῃ.
1376 904 1510 957 Οὐδὲ
1541 906 1651 975 7&9
1683 905 1810 967 τοὺς
1848 904 1941 955 ὑπ’

349 999 515 1054 αὑτοῦ
560 998 814 1058 τεθέντας
861 996 1022 1066 ὅρους
1066 994 1385 1065 παραϐῆναι
1434 992 1726 1063 δυνήσεται
1755 993 1820 1043 ⁶⁹.
1860 992 1945 1043 Τὰ

354 1094 454 1165 μὲν
483 1087 577 1146 οὖν
608 1090 812 1161 ἀψυχα,
848 1088 944 1141 καὶ
979 1087 1170 1155 μέντοι
1199 1086 1295 1139 καὶ
1325 1087 1436 1138 τῶν
1474 1085 1650 1140 ἄλλων
1677 1085 1720 1116 ’⁸
1753 1084 1824 1137 τὰ
1851 1085 1945 1151 γέ-

350 1204 440 1258 νη,
482 1186 608 1248 τοὺς
634 1183 889 1245 τεθέντας
926 1179 1245 1251 αἰσχύνεται
1290 1180 1519 1249 νόμους’
1579 1179 1715 1249 μόνη
1748 1179 1805 1231 δὲ
1836 1178 1944 1230 τῶν

352 1280 659 1351 ἀνθρώπων
698 1280 731 1348 ἡ
763 1276 949 1345 φύσις,
974 1277 1009 1345 ἡ
1042 1274 1188 1343 λόγῳ
1218 1271 1588 1343 τετιμημένη,
1613 1269 1944 1342 παραϐαίνει

352 1376 482 1438 τοὺς
503 1375 723 1444 νόμους.
755 1373 863 1425 Καὶ
888 1372 923 1442 ἡ
957 1370 1056 1439 μὲν
1087 1368 1338 1422 θάλασσα
1359 1368 1488 1428 τοὺς
1521 1368 1681 1436 ὅρους
1717 1367 1945 1419 ἐπίστα-

354 1485 471 1534 ται,
496 1469 589 1520 καὶ
610 1467 710 1534 τὴν
733 1465 962 1535 ψάμμον
986 1460 1325 1532 αἰσχύνεται,
1359 1459 1453 1512 καὶ
1486 1458 1584 1524 νὺξ
1625 1460 1718 1512 καὶ
1760 1458 1947 1527 ἡμέρα

357 1560 429 1613 τὰ
476 1556 702 1611 τεθέντα
759 1555 1087 1624 φυλάττουσι
1139 1552 1345 1622 μέτρω
1404 1550 1683 1621 ἄνθρωποι
1729 1550 1785 1601 δὲ
1837 1549 1946 1601 τῶν

367 1650 528 1706 θείων
561 1650 741 1719 νόμων
775 1645 1234 1717 καταφρονοῦσιν.
1261 1643 1420 1698 Οὑτω
1458 1645 1514 1697 δὲ
1558 1644 1653 1697 καί
1680 1642 1723 1674 ⁷¹
1751 1643 1819 1695 τὰ
1845 1644 1946 1695 ἐπα

359 1742 589 1813 ουράνια
613 1740 706 1793 καὶ
731 1740 961 1810 οὐράνια
987 1738 1068 1801 είς
1092 1736 1381 1790 κοινωνίαν
1410 1734 1511 1804 τῆς
1549 1732 1821 1804 ὑμνῳδίαις
1849 1748 1948 1785 κα-

357 1834 541 1900 λέσας,
583 1834 663 1896 εἰς
716 1831 814 1902 τὴν
856 1831 960 1899 γῆν
1000 1828 1320 1900 μεταόαίνει
1355 1827 1457 1898 τὴν
1487 1824 1676 1896 κοινὴν
1710 1823 1820 1877 τῶν
1848 1825 1944 1877 ἁν-

359 1926 619 1998 θρὼπων,
653 1925 749 1978 καὶ
782 1924 894 1976 τῶν
923 1923 1137 1991 ἀλόγων
1166 1920 1401 1992 μητέρα.

430 2016 496 2081 ζ’.
529 2035 547 2068 ι
578 2017 788 2069 Αἰνεῖτε
841 2017 934 2067 τὸν
965 2012 1171 2082 Κύριον
1202 2013 1267 2064 ὲκ
1290 1999 1390 2080 τῆς
1417 2010 1545 2080 γῆς.
1583 2028 1602 2062 ι
1637 2004 1773 2062 Εἶτα
1809 2006 1950 2062 κατά

359 2110 547 2180 μέρος,
588 2107 943 2176 Δράκοντες,
977 2105 1077 2158 καί
1101 2102 1291 2159 πᾶσαι
1319 2102 1603 2158 ἄϐυσσοι.
1634 2090 1817 2172 Μέρος
1850 2100 1949 2172 τῆς

356 2199 460 2269 γῆς
488 2201 520 2268 ἡ
548 2196 817 2262 θάλασσα,
852 2199 909 2250 ὲν
934 2196 991 2249 δὲ
1020 2194 1194 2267 ταύτῃ
1224 2192 1295 2248 τὰ
1317 2195 1480 2265 κήτη.
1515 2191 1869 2262 Ἀξιάγαστος
1890 2193 1949 2246 δὲ

355 2289 452 2342 τοῦ
476 2287 826 2360 Δημιουργοῦ
850 2287 944 2340 καὶ
972 2286 1111 2357 αὕτη
1144 2288 1178 2358 ἠ
1213 2285 1466 2358 πρόνοια,
1498 2286 1581 2339 ὃτι
1608 2284 1677 2338 τὰ
1705 2285 1950 2356 ὑπερμε-

355 2381 497 2450 γέθη
523 2381 618 2433 καὶ
644 2380 928 2451 ὑπέρογκα
959 2377 1075 2444 ζῶα
1094 2377 1140 2410 ⁷⁸
1162 2377 1600 2449 δημιουργήσας,
1628 2377 1741 2439 τοῖς
1766 2374 1951 2428 ἀπλώο

355 2481 469 2528 τοις
499 2464 821 2535 ἐγκαθεῖρξε
848 2465 1140 2533 πελάγεσι·
1161 2465 1345 2530 δείξας
1373 2466 1471 2536 μὲν
1495 2467 1560 2537 τῇ
1590 2464 1947 2535 δημιουργίᾳ,

357 2553 403 2584 ⁷³
425 2555 520 2607 καὶ
549 2558 615 2626 τῇ
644 2554 855 2609 τούτων
890 2555 1083 2626 μνήμῃ
1137 2553 1512 2625 δεδιττόμενος
1560 2555 1688 2618 τοὺς
1736 2552 1950 2624 ἀνθρώ-

356 2665 514 2716 πους,
543 2650 624 2721 τῷ
656 2650 714 2704 δὲ
750 2651 852 2722 τὴν
891 2650 1141 2706 ἐντεῦθεν
1171 2649 1419 2705 κωλύσαι
1443 2648 1627 2722 λώϐην
1658 2647 1948 2722 κηρύττων

353 2740 456 2812 τὴν
488 2740 825 2813 ἀγαθότητα.

429 2924 496 2990 η’.
531 2937 550 2972 ι
579 2920 722 2993 Πύρ,
750 2921 982 2993 χάλαζα,
1006 2921 1166 2992 χιὼν,
1189 2922 1550 2996 κρύσταλλος,
1572 2921 1792 2994 πνεῦμα
1812 2938 1949 2978 κατ-

354 3017 585 3083 αιγίδος.
622 3033 642 3067 ι
674 3016 785 3070 Καὶ
814 3016 861 3048 ⁷⁵
908 3015 1086 3070 ταῦτα
1134 3017 1196 3083 ἐξ
1229 3018 1441 3071 ὑδάτων
1482 3015 1597 3087 ἔχει
1636 3014 1738 3088 τὴν
1779 3017 1950 3089 ἀφορ-

357 3110 490 3179 μήν.
541 3109 629 3162 Ἐν
658 3109 783 3182 ἀέρι
808 3109 868 3164 δὲ
897 3112 1110 3176 γίνεται
1144 3111 1243 3164 καὶ
1269 3109 1504 3181 χάλαζα,
1540 3108 1635 3163 καὶ
1665 3108 1822 3180 χιὼν,
1851 3109 1948 3162 καὶ

353 3197 711 3270 κρύσταλλος,
758 3200 853 3251 καὶ
891 3200 961 3253 τὰ
1006 3200 1214 3271 σφοδρὰ
1259 3198 1567 3269 πνεύματα.
1600 3197 1787 3254 Ταῦτα
1837 3198 1946 3270 γὰρ

2050 3198 2336 3255 hementes
2368 3199 2515 3254 venti
2565 3216 2581 3253 :

1627 429 1711 490 IN
1763 427 1973 490 PSAL.
2021 427 2337 486 CXLVIII.

3508 430 3647 498 199)

2130 538 2293 591 Vens.
2321 537 2374 591 6.
2415 556 2432 588 ι
2472 536 2674 592 Statuit
2707 554 2769 594 ea
2806 537 2859 593 in
2889 549 3178 605 mternum,
3209 550 3261 596 et
3293 542 3344 599 in
3384 546 3643 602 saeculum

2050 629 2286 683 saeculi:
2339 638 2673 699 praeceptum
2722 634 2941 699 posuit,
2992 643 3047 685 et
3087 648 3195 685 non
3245 634 3565 702 praeteribit.
3620 656 3641 689 ι

2050 719 2166 773 Non
2211 722 2375 775 modo
2413 733 2596 777 autem
2650 724 2935 787 condidit,
2971 739 3159 777 verum
3192 727 3360 780 etiam
3395 728 3462 780 de
3511 727 3647 797 ipsis

2049 828 2239 868 Curam
2287 828 2477 884 gerere
2522 815 2731 886 pergit:
2768 817 2910 869 unde
2949 825 3002 869 et
3040 818 3506 885 perseverantiam
3550 821 3648 873 ha-

2049 907 2202 969 bent,
2234 915 2399 973 prout
2428 907 2544 975 ipse
2578 908 2834 962 voluerit.
2868 909 3079 963 Etenim
3128 924 3227 964 nec
3272 913 3536 967 terminos
3578 917 3646 969 ab

2051 996 2175 1066 ipso
2213 998 2419 1066 positos
2453 999 2765 1069 transgredi
2818 1002 3037 1069 poterit.
3094 1004 3396 1057 Inanimata
3452 1004 3645 1073 igitur.

2051 1096 2104 1141 et
2134 1088 2366 1141 aliorum
2401 1104 2598 1159 genera
2630 1091 2835 1154 omnia,
2873 1092 3019 1161 leges
3050 1094 3259 1160 positas
3290 1104 3643 1148 reverentur:

2052 1179 2169 1234 sola
2196 1189 2379 1234 autem
2410 1181 2696 1235 hominum
2726 1192 2946 1246 natura,
2972 1186 3185 1238 ratione
3216 1184 3465 1254 praedita.
3500 1187 3645 1252 leges

2055 1274 2479 1342 transgreditur.
2519 1273 2586 1327 Et
2629 1290 2780 1330 mare
2820 1277 3045 1345 quidem
3094 1278 3361 1333 terminos
3409 1277 3547 1340 scit,
3591 1288 3647 1331 et

2051 1380 2279 1419 arenam
2318 1374 2537 1419 veretur
2559 1406 2576 1433 ,
2605 1376 2661 1420 et
2693 1382 2800 1420 nox
2833 1378 2997 1436 atque
3022 1369 3139 1421 dies
3175 1386 3463 1425 mensuras
3495 1371 3644 1436 posi-

2055 1466 2138 1512 tas
2177 1468 2558 1513 conservant:
2621 1458 2874 1512 homines
2926 1472 3055 1512 vero
3096 1460 3312 1514 divinas
3360 1461 3506 1529 leges
3547 1474 3646 1528 pro

2055 1549 2232 1604 nihilo
2267 1552 2499 1628 ducunt.
2552 1547 2646 1605 Sic
2673 1548 2858 1604 autem
2886 1591 2902 1616 ,
2949 1560 3241 1620 postquam
3285 1552 3526 1606 «miestia
3548 1591 3564 1617 ,
3591 1561 3648 1604 et

2054 1659 2116 1698 ea
2150 1660 2276 1714 qua:
2300 1658 2465 1714 snpra
2487 1644 2659 1698 eteius
2678 1654 2831 1709 sunt,
2863 1646 2914 1697 in
2941 1646 3384 1699 eonnnunionent
3413 1645 3646 1714 hymno-

2055 1751 2178 1790 rum
2222 1737 2475 1799 vocavit,
2518 1734 2585 1788 ad
2623 1744 2825 1788 terram
2854 1750 3205 1791 communem
3231 1740 3248 1758 '
3284 1746 3509 1795 matrem
3549 1736 3648 1788 ho-

2057 1829 2269 1882 minum
2309 1837 2364 1883 et
2411 1826 2730 1881 animalium
2783 1825 3001 1882 ratione
3043 1827 3352 1883 carentium
3404 1843 3467 1883 se
3511 1844 3648 1884 con-

1981 1908 2023 1966 Β
2052 1923 2236 1976 vertit.

2126 2012 2288 2067 Vsus.
2318 2011 2371 2064 7.
2418 2029 2438 2063 ι
2473 2010 2719 2066 Laudate
2752 2010 3047 2067 Dominum
3085 2010 3156 2066 de
3192 2020 3357 2066 terra.
3389 2030 3409 2065 ι
3441 2011 3648 2069 Deinde

2052 2103 2445 2175 particulatim,
2480 2102 2775 2170 Dracones,
2806 2113 2855 2159 et
2886 2118 3067 2158 omnes
3095 2102 3291 2173 abyssi.
3318 2104 3456 2161 Pars
3490 2115 3648 2161 terra:

2050 2203 2137 2250 est
2158 2209 2330 2260 mare,
2353 2203 2408 2249 et
2429 2196 2481 2249 in
2512 2194 2616 2250 hoc
2642 2204 2773 2255 sunt
2793 2204 2932 2251 cete.
2953 2193 3289 2248 Admiranda
3323 2193 3540 2265 1579
3562 2211 3647 2249 ve-

2051 2301 2116 2341 ro
2160 2287 2279 2342 haec
2313 2286 2653 2357 providentia
2682 2283 2942 2356 Opilicis,
2991 2285 3138 2355 quod
3177 2285 3417 2339 maxima
3457 2294 3512 2339 et
3539 2285 3644 2338 im-

2052 2391 2258 2432 mensa:
2295 2376 2458 2431 molis
2486 2376 2748 2430 animalia
2781 2377 2853 2429 ab
2886 2376 3004 2445 ipso
3030 2373 3252 2429 condita
3290 2375 3342 2428 in
3376 2374 3643 2441 maribus,

2050 2483 2175 2539 quae
2213 2466 2460 2539 navigari
2503 2482 2612 2521 non
2659 2478 2887 2536 possunt
2913 2505 2930 2532 ,
2982 2464 3322 2520 concluserit
3356 2504 3371 2530 ,
3423 2464 3644 2535 Opiﬁrio

2049 2559 2270 2630 quidem
2301 2558 2437 2615 haec.
2458 2556 2843 2613 demonstrans
2863 2595 2880 2621 ,
2911 2565 2969 2612 et
2996 2556 3195 2613 borum
3231 2570 3643 2612 commemora-

2051 2651 2199 2707 tione
2228 2650 2481 2706 homines
2512 2658 2726 2705 terrens
2755 2665 2771 2702 :
2814 2663 2971 2704 suam
3003 2663 3135 2704 vero
3169 2648 3468 2703 bonitatem
3510 2663 3648 2718 prte-

2050 2740 2243 2796 dicans
2263 2780 2280 2806 ,
2319 2752 2446 2795 cum
2477 2740 2892 2808 detrimentum,
2923 2737 3071 2810 quod
3113 2738 3244 2794 hinc
3269 2738 3406 2793 oriri
3431 2743 3642 2809 posset,

2050 2831 2421 2902 impedivcrit.

2128 2923 2292 2981 Vens.
2328 2925 2384 2980 8.
2434 2942 2455 2977 ι
2495 2922 2662 2996 Ignis,
2717 2924 2946 2994 grando,
2997 2923 3112 2988 nix,
3168 2923 3397 2993 glacies,
3447 2933 3646 2980 ventus

2047 3014 2441 3084 procellarum.
2475 3034 2495 3067 ι
2545 3014 2613 3069 Et
2646 3017 2761 3089 haec
2795 3029 2861 3068 ex
2895 3014 3056 3084 aquis
3093 3025 3276 3068 ortum
3327 3014 3552 3068 habent.
3587 3015 3644 3068 In

2050 3121 2178 3162 aere
2213 3100 2397 3162 autem
2434 3115 2489 3162 et
2542 3108 2781 3177 grando,
2812 3113 2866 3161 et
2898 3107 3011 3171 nix,
3043 3115 3098 3161 et
3130 3106 3332 3177 glacies
3361 3108 3439 3174 tit,
3469 3115 3525 3161 et
3550 3121 3645 3162 ve-

2634 3199 2734 3255 hos
2780 3199 2925 3253 enim
2968 3197 3231 3267 procellas
3282 3201 3643 3269 nuncupavit.

353 3261 704 3358 καταιγίδας
759 3290 1011 3347 ἐκάλεσε.
1051 3261 1186 3346 ’Κάι
1233 3291 1294 3346 τὸ
1337 3261 1451 3363 πύρ
1485 3290 1543 3344 δὲ
1582 3261 1860 3354 ὡσαύτως.
1883 3261 1946 3344 οὑ

2050 3289 2119 3346 Ει
2153 3291 2296 3361 ignis
2327 3291 2582 3346 similiter
2615 3306 2720 3345 non
2753 3290 2932 3345 solum
2970 3290 3024 3343 in
3062 3299 3226 3355 terra,
3265 3289 3359 3346 sed
3388 3291 3552 3346 etiam
3585 3291 3643 3347 in

356 3381 518 3450 μόνον
538 3381 597 3433 ἐν
620 3384 713 3450 γῇ,
744 3380 881 3434 ἀλλὰ
905 3381 1001 3434 xci.
1025 3383 1083 3435 ἐν
1107 3380 1230 3453 ἀέρι
1256 3382 1589 3451 φαινόμενον
1618 3381 1768 3435 ἔστιν
1794 3381 1944 3435 ἰδεῖν.

353 3472 464 3525 Καὶ
494 3471 602 3541 γὰρ
629 3470 931 3541 ἀστραπαὶ,
957 3472 1052 3524 καὶ
1079 3472 1359 3543 κεραυνοὶ,
1387 3470 1485 3525 καὶ
1515 3471 1860 3543 πρηστῆρες,
1887 3470 1947 3539 ἐξ

353 3562 516 3631 ἀέρος
545 3562 920 3634 ἐπιφέρονται.
962 3582 982 3616 ι
1010 3564 1091 3618 Τὰ
1115 3564 1376 3620 ποιοῦντα
1401 3565 1496 3619 τὸν
1522 3564 1680 3632 λόγον
1707 3564 1894 3618 αὑτοῦ.
1921 3581 1942 3615 ι

355 3652 469 3706 Καὶ
502 3653 679 3706 ταῦτα
710 3654 792 3718 δὲ,
823 3655 977 3725 φησι,
1013 3659 1128 3719 τοῖς
1164 3656 1333 3709 αὑτοῦ
1360 3656 1627 3727 νεύμασιν
1658 3658 1815 3721 εἴκει,
1848 3658 1948 3727 οὑχ

354 3744 431 3806 ὡς
465 3743 688 3816 ἔμψυχα
717 3745 814 3797 καὶ
845 3743 1066 3813 λογικὰ,
1097 3745 1216 3799 ἀλλ’
1240 3744 1318 3809 ὡς
1346 3746 1594 3815 ἑπόμενα
1639 3746 1719 3815 τῷ
1749 3746 1947 3817 βουλή-

358 3856 514 3910 ματι.
547 3839 820 3902 Νεύοντος
864 3838 973 3909 γὰρ
1024 3837 1118 3891 τοῦ
1151 3835 1286 3890 Θεοῦ
1331 3835 1539 3889 τούτων
1588 3836 1822 3890 ἕκαστον
1858 3837 1946 3905 γί-

357 3948 530 3984 νεται.

427 4022 492 4077 0'.
533 4041 551 4074 ι
593 4022 677 4076 Τὰ
707 4022 808 4095 ὅρη
839 4022 936 4077 καὶ
964 4021 1166 4088 πάντες
1218 4023 1268 4076 οἱ
1311 4021 1524 4093 βουνολη⁶
1549 4019 1685 4087 ξύλα
1736 4039 1946 4093 καρπο-

356 4116 523 4186 φόρα,
582 4116 680 4169 καὶ
728 4117 899 4169 πᾶσαι
958 4114 1166 4186 κέδροι.
1202 4134 1222 4168 ι
1266 4114 1452 4170 Ἱκανὰ
1495 4114 1593 4168 καὶ
1637 4113 1814 4169 ταῦτα
1864 4116 1945 4179 εἰς

355 4208 710 4278 εὐχαριστίαν
741 4208 965 4279 κινῆσαι
998 4207 1158 4280 ἡμῶν
1184 4207 1287 4271 τὰς
1308 4206 1576 4276 γλώττας.
1609 4206 1685 4261 Οὑ
1716 4205 1824 4277 γὰρ
1856 4206 1947 4278 μό-

353 4314 445 4351 νον
500 4299 562 4352 τὸ
623 4298 831 4353 τούτων
889 4299 1123 4371 μέγεθος
1178 4299 1533 4367 ἁξιάγαστον,
1580 4297 1720 4352 ἀλλὰ
1774 4299 1868 4351 καὶ
1909 4299 1943 4369 ἡ

352 4388 606 4444 ἐντεῦθεν
645 4391 890 4462 φυομένη
936 4390 1135 4462 χρείαο
1181 4392 1411 4461 πλείστη
1445 4391 1555 4463 γὰρ
1602 4390 1701 4444 καὶ
1744 4407 1944 4444 παντο-

350 4481 519 4553 δαπή.

2050 3401 2177 3443 aere
2211 3401 2485 3457 apparens
2512 3387 2665 3442 cerni"
2694 3394 2873 3456 potest
2903 3403 2915 3439 :
2949 3385 3152 3441 etenim
3183 3385 3423 3455 fulgura,
3450 3392 3499 3439 et
3536 3385 3645 3440 l'ul-

2050 3482 2222 3546 mina,
2257 3489 2313 3536 et
2347 3481 2493 3553 ignei
2525 3480 2778 3536 turbines
2802 3495 2868 3534 ex
2905 3494 3031 3535 aere
3070 3477 3416 3534 deferuntur.
3455 3498 3473 3531 ι
3512 3479 3646 3547 Quae

2051 3571 2265 3628 faciunt
2297 3572 2524 3628 verbum
2551 3572 2693 3642 ejus.
2736 3591 2757 3624 ι
2792 3568 2856 3625 Et
2881 3570 2996 3625 [nec
3028 3582 3218 3640 porro,
3252 3571 3348 3635 ait,
3390 3569 3510 3640 ejus
3537 3587 3642 3624 nu-

2051 3665 2199 3720 tibus
2230 3664 2450 3728 cedunt,
2495 3677 2606 3716 non
2661 3670 2922 3729 tanquam
2960 3661 3205 3717 animata
3257 3671 3312 3716 et
3366 3662 3641 3716 rationem

2051 3744 2329 3818 habentia,
2373 3753 2468 3808 sed
2504 3763 2565 3807 ut
2591 3753 2865 3807 voluntati
2917 3751 3040 3821 ejus
3074 3752 3460 3824 obsequentia.
3504 3752 3642 3809 Nam

2052 3843 2160 3900 Deo
2192 3852 2470 3899 annuente
2504 3844 2786 3915 quodlibet
2823 3856 3015 3900 eorum
3044 3843 3127 3898 ﬁt.

2119 4022 2288 4080 Vsus.
2325 4023 2381 4080 9.
2421 4042 2439 4077 ι
2472 4022 2705 4090 Montes,
2732 4034 2787 4081 et
2818 4038 3011 4080 omnes
3040 4023 3230 4088 colles,
3265 4024 3412 4096 ligna
3450 4023 3640 4080 fructi-

2049 4117 2185 4183 fera,
2225 4124 2280 4171 et
2303 4132 2496 4172 omnes
2524 4116 2700 4172 cedri.
2743 4135 2762 4169 ι
2805 4116 2870 4171 Ει
2901 4119 3015 4172 haec
3046 4117 3209 4172 etiam
3246 4117 3298 4171 in
3337 4118 3637 4187 gratiarum

2047 4209 2320 4264 actionem
2354 4209 2571 4280 linguas
2612 4215 2834 4264 nostras
2878 4206 3159 4278 impellere
3193 4217 3448 4278 possunt.
3495 4207 3636 4263 Nam

2046 4315 2156 4355 non
2212 4299 2378 4355 modo
2426 4299 2624 4355 horam
2679 4299 3004 4371 magnitudo
3061 4299 3429 4353 admiratione
3473 4298 3635 4368 digna

2045 4401 2150 4454 est,
2197 4389 2291 4444 sed
2349 4390 2515 4444 etiam
2556 4406 2712 4457 usus,
2764 4389 2860 4460 qui
2894 4390 3024 4445 hinc
3081 4391 3260 4446 oritur
3301 4406 3314 4443 :
3351 4388 3635 4460 multiplex

2044 4480 2189 4535 enim
2216 4490 2298 4536 est
2326 4488 2380 4536 et
2409 4481 2614 4537 diversi
2641 4482 2879 4550 generis.

423 4590 476 4648 t'.
516 4611 535 4646 ι
572 4594 653 4648 Τὰ
690 4595 877 4667 θηρία,
922 4597 1018 4651 καὶ
1049 4598 1229 4653 πάντα
1275 4597 1345 4652 τὰ
1390 4597 1587 4670 κτήνη.
1615 4616 1634 4649 ι
1672 4598 1830 4651 Κατὰ
1859 4596 1940 4651 δι-

2117 4593 2285 4650 Vens.
2333 4595 2417 4650 10.
2463 4614 2480 4647 ι
2532 4594 2748 4657 Bestia).
2798 4604 2849 4651 et
2902 4594 3161 4650 universa
3212 4608 3430 4664 pecora.
3466 4612 3485 4645 ι
3536 4592 3635 4648 Per

349 4679 562 4751 αἰρεσιν
590 4682 686 4737 καὶ
722 4684 917 4739 ταῦτα.
946 4687 1021 4740 Οὑ
1050 4688 1159 4759 γὰρ
1194 4687 1386 4752 ἁπλῶς
1414 4683 1539 4742 εἶπε
1573 4686 1641 4741 τὰ
1668 4689 1940 4756 τετράπο-

347 4769 434 4835 δα,
478 4771 615 4826 ἀλλὰ
656 4772 893 4846 διέκρινε
941 4775 1052 4830 τῶν
1096 4778 1325 4849 ἡμέρων
1358 4779 1426 4832 τὰ
1467 4778 1657 4849 ἄγρια.
1704 4781 1816 4833 Καὶ
1851 4779 1941 4835 διὰ

346 4860 555 4913 τούτων
590 4862 797 4932 μέντοι,
824 4867 919 4921 καὶ
948 4867 1017 4920 δι’
1042 4869 1291 4933 ἐκείνων,
1323 4868 1538 4923 κελεύει
1577 4870 1669 4923 τὸν
1698 4872 1938 4944 Ποιητὴν

346 4951 629 5021 ἁνυμνεῑν.
678 4955 848 5010 Οὐδὲν
892 4957 1006 5030 γὰρ
1050 4959 1315 5030 περιττὸν
1334 4962 1431 5015 καὶ
1460 4962 1763 5033 ἀχάριστον
1787 4965 1854 5029 ⁷⁸,
1888 4964 1938 5017 εἰ

348 5043 445 5095 καὶ
484 5043 586 5115 τὴν
625 5047 905 5119 ἡμετέραν
933 5049 1223 5123 διαφεύγει
1255 5052 1480 5123 γνῶσιν.
1514 5071 1535 5105 ι
1571 5052 1810 5126 Ἐρπετὰ
1844 5055 1941 5108 καὶ

347 5135 573 5190 πετεινά
622 5141 903 5210 πτερωτά.
938 5160 959 5193 ι
1000 5143 1080 5215 Τῇ
1140 5146 1332 5218 μνήμῃ
1388 5145 1503 5199 τῶν
1549 5146 1798 5218 ἑρπετῶν
1844 5146 1942 5201 καὶ

344 5223 457 5278 τῶν
485 5228 703 5298 νηκτῶν
734 5232 766 5302 ἡ
797 5232 962 5302 φύσις
997 5236 1376 5302 συνέζευκται·
1410 5237 1574 5311 ἕρπει
1604 5239 1714 5311 γὰρ
1739 5241 1797 5294 ὲν
1826 5242 1943 5305 τοῖς

346 5313 558 5372 ὕδασιν.
594 5320 751 5378 Οὖτω
784 5324 844 5379 δὲ
874 5325 1017 5381 αὑτὰ
1070 5327 1168 5383 καὶ
1215 5330 1245 5384 ὁ
1291 5329 1427 5394 Θεὸς
1469 5332 1940 5403 προσηγόρευσεν.

2047 4689 2373 4745 divisionem
2405 4691 2574 4743 etiam
2612 4689 2727 4745 tneo
2759 4689 2917 4744 dixit.
2958 4687 3074 4743 Non
3112 4687 3256 4741 enim
3307 4686 3636 4757 simpliciter

2046 4793 2283 4853 quatuor
2314 4781 2511 4852 pedum
2541 4782 2797 4836 animalia
2834 4781 2996 4847 dixit,
3028 4781 3121 4836 sed
3147 4780 3388 4850 agrestia
3417 4795 3448 4835 a
3478 4796 3635 4834 tuan-

2046 4875 2219 4929 suetis
2259 4872 2518 4942 seiunxit.
2558 4870 2624 4927 Et
2665 4888 2762 4942 per
2791 4872 2906 4928 haec
2938 4871 3104 4942 igitur
3127 4879 3182 4925 et
3208 4885 3303 4940 per
3345 4869 3435 4925 illa
3462 4868 3631 4925 Deum

2045 4965 2324 5022 celebrare
2349 4964 2527 5036 jubet.
2558 4964 2706 5020 Nihil
2735 4965 2881 5020 enim
2927 4977 3399 5035 supervacaneum
3451 4970 3504 5016 et
3548 4962 3629 5015 in.

2044 5057 2181 5112 utile
2225 5064 2331 5123 est,
2387 5056 2518 5113 licet
2570 5062 2811 5111 nostram
2860 5054 3147 5111 srientiam
3191 5050 3409 5124 1580
3438 5045 3651 5136 fugiat.

2050 5167 2069 5201 ι
2108 5147 2404 5219 Serpentes
2456 5160 2511 5205 et
2569 5149 2822 5207 volucres
2880 5157 3151 5219 pennatae.
3206 5165 3225 5198 ι
3281 5137 3645 5215 Serpentium"

2043 5242 2552 5299 conm'iemorationi
2579 5243 2744 5298 etiam
2774 5242 3080 5297 natantium
3110 5248 3307 5296 natura
3339 5237 3626 5308 conjungi-
3660 5285 3668 5295 .

2045 5341 2136 5387 tur
2173 5350 2186 5386 :
2221 5340 2453 5401 serpunt
2501 5333 2648 5387 enim
2686 5333 2741 5399 in
2777 5333 2960 5401 aquis.
2999 5331 3091 5387 Sic
3123 5339 3306 5387 autem
3342 5329 3435 5385 illa
3465 5328 3630 5386 etiam

1444 5507 1681 5563 VARle
1724 5507 2112 5565 LECTIONES
2166 5506 2257 5563 ET
2289 5505 2522 5563 ΝΟΤΑΞ.

411 5642 456 5676 ⁸³
496 5642 611 5708 Ὧς.
661 5642 785 5697 cod.
812 5643 834 5696 1
858 5643 988 5707 ἕως.
1063 5644 1108 5677 ⁸⁸
1133 5643 1208 5697 ih.
1269 5642 1492 5697 δύναται
1526 5685 1540 5710 ,
1574 5645 1810 5714 ascripta
1846 5651 1946 5699 tam

411 5714 464 5767 ιί.
505 5714 670 5783 Abest
700 5728 729 5766 a
761 5714 883 5768 cod.
912 5715 966 5767 1.
1026 5713 1086 5783 ᾇτ’
1110 5712 1261 5767 Ζῶα.
1294 5713 1416 5769 cod.
1450 5713 1473 5767 t
1512 5715 1672 5783 μέρη.
1706 5716 1751 5747 ’³
1780 5718 1946 5783 Amm

2062 5645 2233 5702 altera
2268 5644 2526 5701 lectione.
2616 5645 2663 5677 "
2693 5644 2761 5701 Ἀ

2049 5717 2159 5783 ria.
2186 5717 2261 5772 ib.
2294 5730 2449 5783 sequ.
2476 5716 2537 5769 τὸ
2569 5715 2763 5769 δυνατό

1660 5755 1672 5768 .
1712 5730 1751 5747 ’σ
1780 5730 2159 5787 Δᾼημιοοργίᾳ.
2186 5730 2261 5772 ιι).
2294 5730 2449 5787 sequ.
2476 5730 2814 5787 τοουνατον.

345 5714 464 5787 ειμι.
505 5714 670 5787 abest
700 5728 730 5787 ιι
761 5714 883 5787 cod.
912 5715 966 5787 ᾖ.
1016 5713 1086 5787 ³η
1110 5712 1261 5787 ζῶα.
1294 5713 1416 5769 cod.
1446 5713 1485 5787 j
1512 5715 1652 5787 μέρη

2616 5645 2663 5677 ⁷⁸
2693 5644 2957 5701 Ἀλλων.
2978 5644 3101 5701 cod.
3147 5644 3167 5697 ι
3195 5642 3426 5710 ἀλόγων.
3481 5640 3529 5672 ⁷⁸
3555 5638 3629 5694 Δὲ

2903 5716 2949 5746 ’⁵
2974 5714 3083 5771 Καὶ
3114 5744 3184 5754 -
3220 5709 3628 5783 ἐπιφέρονται.

346 5774 477 5838 llaec
514 5781 733 5854 Origeni
766 5783 954 5840 tribuit
1004 5781 1170 5840 Cord.
1198 5783 1233 5838 l.
1261 5799 1311 5841 c.
1350 5799 1402 5855 ρ.
1438 5774 1595 5841 853'
1640 5774 1690 5819 ²¹⁵
1720 5774 1946 5854 Kath;

2049 5774 2228 5841 Ῑστον.
2261 5774 2387 5842 cod:
2422 5787 2445 5840 Ι
2476 5785 2597 5840 οὑδὲ
2628 5786 2919 5858 ἄχρηστον.
