4128 6430
529 398 656 462 19f}

1600 385 2093 448 THEODOIlETI
2131 383 2464 443 EPISCOPI
2510 379 2878 441 CYRENSIS

3670 373 3807 436 1993!

529 512 674 564 Deus
713 502 1007 577 appellavit
1047 518 1058 554 :
1102 519 1117 548 ι
1159 497 1478 552 Producant
1509 495 1682 555 cnim.
1721 496 1919 564 inquit,
1960 509 2116 563 aqua:

2238 515 2242 544 ι
2281 493 2633 561 Ἐξαγαγέτω
2687 491 2816 560 γὰρ,
2865 489 2997 558 ἔφη.
3044 485 3114 541 τὰ
3157 487 3326 540 ὕδατα
3377 486 3586 559 ἑρπετὰ
3618 487 3808 558 ψυχῶν

529 599 743 671 neptilia
783 596 1093 650 animarum
1136 589 1461 649 viventium,
1498 599 1553 640 et
1607 586 1844 639 volatilia
1881 585 2119 638 volantia

528 709 624 764 per
657 692 1064 744 ﬁrmamentum
1104 683 1230 738 σα)ιὶ
1271 681 1322 734 ἀ.
1383 701 1401 733 3
1442 679 1571 734 Post
1607 682 1722 734 tunc
1761 676 1944 730 onmia
1971 690 2118 741 eum,

2223 585 2434 649 ζωσῶν.
2463 585 2556 637 καὶ
2589 584 2658 635 τὰ
2683 582 2908 635 πετεινὰ
2931 580 3205 650 πετόμενα
3239 581 3384 634 κατᾶ
3409 583 3453 614 ⁷⁸
3478 581 3540 634 τὸ
3571 584 3809 652 στερέω-

2227 695 2306 748 μα
2334 677 2429 730 τοῦ
2462 674 2718 739 ούρανοῦ.
2754 694 2772 725 3
2811 672 2970 728 Μετὰ
3009 673 3186 727 ταῦτα
3218 673 3401 726 πάντα
3425 672 3517 726 τὸν
3553 674 3641 727 διὰ
3673 674 3812 726 πάν-

526 785 620 856 qui
679 799 774 853 per
830 779 1014 834 omnia
1063 774 1272 838 laudat,
1323 782 1485 825 vocat
1526 789 1539 825 :
1580 779 1704 841 post
1749 769 1934 825 omnia
1975 767 2122 821 enim

2238 788 2331 823 των
2358 772 2402 800 ⁷⁷
2440 769 2719 839 ὑμνοῦντα
2761 767 2950 820 καλεῖ·
2989 767 3129 837 μετὰ
3179 766 3360 820 πάντα
3389 767 3500 836 γὰρ
3529 768 3625 836 τῆς
3659 766 3812 830 θείας

527 877 713 930 divina
745 873 1022 927 creatione
1054 868 1254 937 dignus
1289 864 1505 917 habitus
1538 862 1641 916 luit
1671 861 1855 916 Immo.
1885 859 1951 913 Et
1980 861 2126 914 hunc

530 983 695 1037 porro
730 980 824 1033 per
858 963 1069 1016 classes
1100 969 1148 1012 et
1189 956 1410 1010 ordines
1454 962 1743 1014 convocat,
1777 952 2126 1022 primumque

532 1071 721 1126 regum
750 1051 1051 1106 introducit
1084 1049 1340 1110 chorum,
1389 1045 1586 1099 deinde
1635 1045 1981 1098 subditorum
2027 1059 2127 1112 po-

533 1149 716 1219 pulos,
756 1156 807 1200 et
847 1145 922 1198 ait
949 1161 964 1198 :

608 1266 624 1282 '
657 1258 822 1313 Vens.
867 1257 955 1310 ll.
1007 1273 1025 1306 ι
1066 1255 1244 1323 lleges
1279 1261 1458 1314 terrae,
1510 1259 1565 1304 ct
1624 1263 1816 1304 omnes
1866 1248 2072 1318 populi.
2103 1267 2122 1299 3

533 1358 649 1411 Nec
702 1353 975 1408 secundos
1025 1350 1305 1421 principes
1341 1347 1667 1416 hymnorum
1717 1351 1880 1396 cantu
1929 1341 2127 1410 privat,

535 1462 640 1501 nec
667 1445 764 1514 qui
803 1445 903 1497 bos
931 1449 1240 1510 sequuntur
1272 1435 1486 1505 judices
1524 1451 1537 1484 :
1570 1434 1664 1488 sed
1707 1433 1793 1488 bis
1826 1433 1989 1486 etiam
2020 1431 2139 1484 uti-‘

537 1536 712 1592 litatis
740 1543 952 1605 partem
993 1530 1388 1588 communicat.
1450 1545 1467 1578 ι
1504 1523 1810 1593 Principes,
1841 1533 1896 1578 et
1939 1536 2132 1576 omnes

534 1628 752 1698 iudices
811 1635 990 1679 terrae.
1052 1642 1072 1675 3
1144 1621 1211 1674 Et
1273 1628 1488 1674 aetatem
1545 1628 2025 1685 unamquamque,
2078 1623 2133 1668 et

541 1731 841 1788 utrumque
869 1731 1088 1779 sexum,
1119 1715 1365 1767 virorum
1395 1720 1447 1764 et
1477 1709 1794 1773 mulierum,
1821 1707 1924 1761 boc
1955 1705 2132 1760 facere

535 1814 694 1881 jubet
725 1831 739 1866 ;
767 1821 819 1864 et
853 1811 1060 1879 primos
1085 1807 1306 1877 quidem
1346 1813 1400 1860 et
1434 1803 1660 1872 primas,
1692 1799 1991 1871 perfectam
2037 1801 2133 1852 ha-

543 1907 735 1958 bentes
762 1911 1006 1956 aetatem.

620 2019 784 2070 Vens.
819 2017 906 2068 t‘z.
941 2035 958 2066 ι
990 2013 1227 2068 Juvenes
1252 2021 1306 2067 et
1332 2010 1594 2081 virgines.
1631 2028 1650 2059 3
1685 2007 1889 2062 Deinde
1918 2017 2134 2060 utrum-

541 2125 649 2177 que
706 2119 1014 2160 extremum
1071 2104 1204 2158 dicit
1261 2121 1274 2157 :
1337 2120 1356 2152 ι
1415 2105 1587 2155 Senes
1648 2117 1773 2154 cum
1818 2099 2133 2168 junioribus

544 2197 770 2251 laudent
813 2209 1014 2248 nomen
1064 2191 1305 2246 Domini.
1339 2209 1358 2242 3
1395 2189 1454 2245 Et
1490 2191 1807 2254 immatura,
1854 2189 2051 2257 inquit,
2082 2199 2135 2242 et

543 2289 786 2342 exsoleta
815 2297 950 2341 atlas
980 2285 1151 2340 Deutn
1181 2284 1438 2338 celebret.

617 2401 782 2456 Vens.
818 2402 905 2458 15.
952 2420 970 2452 ι
1011 2398 1147 2465 Quia
1193 2398 1492 2453 exaltatum
1527 2405 1612 2450 est
1653 2411 1845 2449 nomen
1881 2394 1999 2462 ejus
2047 2409 2136 2447 so-

545 2495 675 2549 lius.
716 2513 733 2543 3
771 2493 1057 2546 Exstincta
1091 2492 1236 2544 enim
1267 2499 1351 2544 est
1379 2489 1639 2542 falsorum
1677 2488 1904 2541 deorum
1931 2500 2138 2540 memo-

545 2588 650 2650 ria,
691 2594 746 2638 et
777 2585 952 2638 solius
976 2584 1091 2638 veri
1127 2582 1218 2635 Dei
1251 2581 1621 2636 venerandum
1658 2580 1852 2634 uoinen
1886 2587 2134 2648 apparet.

620 2696 788 2753 Vens.
824 2697 912 2750 M.
958 2715 976 2748 ι
1017 2695 1307 2751 Confessio
1335 2695 1455 2765 ejus
1488 2709 1655 2764 super
1705 2693 1902 2749 coelum
1939 2703 1992 2746 et
2027 2702 2136 2745 ιιι·-

549 2809 688 2848 ram.
747 2812 765 2844 3
800 2790 936 2844 Nam
990 2806 1096 2844 non
1151 2789 1390 2858 amplius
1431 2789 1609 2844 Solum
1667 2789 1914 2842 cwlestta
1957 2788 2136 2856 ipsum

546 2883 797 2946 laudant,
828 2881 923 2936 sed
960 2900 977 2931 ι
1009 2879 1147 2934 Tuta
1181 2889 1324 2934 terra
1363 2878 1579 2934 Domini
1625 2881 1937 2949 cognitione
1981 2881 2137 2948 plena

547 2987 649 3039 est,
672 2985 731 3030 ut
757 2974 968 3044 1581
999 2972 1166 3026 multa
1191 2987 1330 3042 aqua
1355 2970 1421 3025 ad
1450 2971 1806 3040 aperiendum
1835 2971 2002 3025 maria
2031 2982 2075 3025 θ.
2114 2989 2133 3022 3

547 3097 617 3106 -—-
651 3086 668 3117 ι
709 3065 773 3117 Et
815 3063 1083 3118 exaltabit
1111 3078 1282 3118 cornu
1317 3063 1504 3132 populi
1535 3061 1640 3117 sui.
1677 3081 1695 3114 3
1743 3063 2141 3132 lnexpugnabi-

550 3159 681 3218 lem.
710 3157 806 3221 ait,
834 3171 995 3210 suum
1031 3155 1318 3224 populum,
1351 3165 1404 3208 et
1426 3153 1698 3208 illustrem
1724 3155 1933 3209 reddet.
1959 3154 2140 3210 Cornu

2224 865 2433 935 ἠξιώθη
2460 863 2822 934 δημιουργίας
2849 863 2882 914 ὁ
2903 863 3210 932 ἄνθρωπος.
3240 864 3351 915 Κοιλ⁸
3372 861 3565 914 τοῦτον
3589 863 3644 914 δὲ
3671 881 3742 914 κα
3761 864 3816 916 ,ὰ

2227 957 2538 1029 συμμορίας
2591 956 2837 1025 ἀγείρει·
2886 954 3106 1024 πρῶτον
3157 953 3216 1005 δὲ
3261 953 3353 1004 τὸν
3386 953 3496 1004 τῶν
3547 952 3817 1021 βασιλέων

2227 1050 2439 1116 εἰσάγει
2473 1049 2654 1118 χορὸν,
2690 1043 2812 1101 εἶτα
2846 1047 2955 1099 τῶν
2997 1045 3257 1115 ὑπηκόων
3301 1045 3428 1108 τοὺς
3457 1045 3685 1114 δήμους,
3721 1044 3816 1097 καί

2231 1154 2416 1209 φησιν’

2305 1259 2394 1306 ια’.
2429 1271 2447 1304 ι
2477 1251 2728 1317 Βασιλεῖς
2777 1253 2879 1322 τῆς
2937 1253 3061 1321 γῆς,
3097 1251 3188 1304 καὶ
3220 1252 3424 1314 πάντες
3462 1250 3603 1303 λαοί.
3644 1269 3662 1302 3
3699 1251 3818 1304 Ούκ

2229 1344 2529 1414 ἀποστερεῖ
2551 1345 2608 1398 δὲ
2647 1344 2746 1413 τῆς
2779 1343 3076 1413 ὑμνῳδίας,
3103 1341 3226 1396 οὔτε
3255 1341 3382 1405 τοὺς
3405 1342 3693 1414 δευτέρους
3719 1343 3821 1412 ἄρ-

2231 1453 2444 1506 χοντας,
2461 1434 2586 1489 οὔτε
2608 1435 2733 1499 τοὺς
2759 1435 2898 1504 μετὰ
2929 1434 3154 1497 τούτους
3183 1433 3400 1501 κριτὰς,
3420 1433 3558 1487 ἀλλὰ
3581 1435 3674 1486 καὶ
3694 1435 3820 1486 τού-

2230 1546 2357 1591 τους
2371 1529 2471 1598 τῆς
2487 1527 2734 1581 ἐντεῦθεν
2759 1527 3114 1597 μεταδίδωσιν
3135 1525 3424 1596 ὠφελείας.
3451 1543 3470 1576 ε
3496 1527 3562 1578 Ἀ
3575 1544 3818 1598 ρχοντες,

2231 1624 2326 1671 καὶ
2346 1620 2549 1683 πάντες
2572 1619 2757 1690 κριταὶ
2778 1619 2902 1688 γῆς.
2930 1639 2949 1671 3
2981 1621 3090 1672 Καὶ
3117 1620 3334 1690 ἡλικίαν
3356 1619 3410 1672 δὲ
3438 1621 3696 1690 ἑκάστην,
3725 1621 3825 1674 καὶ

2232 1710 2388 1776 γένκ
2419 1709 2701 1778 ἑκάτερον,
2735 1709 2796 1763 τό
2824 1727 2883 1762 τε
2926 1711 3094 1781 ἄρσεν
3125 1710 3220 1764 καὶ
3250 1712 3311 1764 τὸ
3343 1711 3502 1780 θῆλυ,
3541 1710 3699 1764 τοῦτο
3727 1730 3825 1764 κε-

2234 1800 2381 1854 λεύει
2423 1803 2632 1854 ποιεῖν·
2669 1802 2762 1854 xui.
2811 1801 3064 1874 πρώτους
3110 1803 3210 1872 μὲν
3271 1804 3366 1856 καὶ
3413 1802 3637 1872 πρώτας
3692 1805 3824 1866 τοὺς

2163 1911 2206 1965 Β
2235 1894 2449 1946 τελείαν
2483 1893 2716 1961 ἄγοντας
2751 1893 2850 1963 τὴν
2883 1893 3122 1963 ἡλικίαν.

2308 2006 2397 2076 ιβ’.
2441 2024 2458 2056 ι
2495 2004 2789 2058 Νεανίσκοι
2845 2010 2938 2057 καὶ
2979 2005 3260 2076 παρθένοι.
3299 2026 3317 2058 3
3371 2003 3504 2060 Εἶτα
3559 2009 3823 2078 ἑκάτερον

2235 2102 2424 2170 ἄκρον,
2468 2120 2485 2152 ι
2522 2101 2892 2171 Πρεσϐύτεροι
2924 2101 2966 2132 ⁷⁸
3017 2101 3154 2172 μετὰ
3201 2103 3484 2173 νεωτέρων
3522 2104 3824 2157 αἰνεσὰτω-

2237 2212 2338 2248 σαν
2367 2195 2429 2246 τὸ
2454 2193 2629 2264 ὄνομα
2664 2195 2892 2266 Κυρίου.
2935 2213 2954 2245 3
2989 2195 3097 2248 Καὶ
3136 2197 3170 2267 ἡ
3198 2195 3396 2266 ἄωρος,
3433 2197 3598 2267 φησὶν
3631 2199 3697 2259 ⁷⁸,
3730 2199 3825 2250 καὶ

2237 2284 2442 2356 ἔξωρος
2476 2285 2664 2355 ἡλικία
2689 2284 2781 2338 τὸν
2814 2285 2948 2338 Θεὸν
2976 2287 3284 2358 ἀνυμνείτω
3310 2287 3378 2343 ⁸⁸.

2313 2401 2403 2470 ιγ’.
2434 2422 2451 2451 ‹
2479 2402 2602 2454 ’Ὁτι
2629 2401 2819 2470 ὑψώθη
2845 2402 2906 2456 τὸ
2931 2403 3103 2474 ὄνομα
3133 2404 3300 2458 αὑτοῦ
3339 2404 3524 2474 μόνου.
3566 2424 3584 2456 3
3627 2405 3824 2458 Ἕσϐε-

2241 2511 2362 2546 σται
2393 2493 2503 2564 γὰρ
2535 2496 2568 2562 ἠ
2602 2495 2791 2565 μνήμη
2821 2495 2928 2547 τῶν
2952 2495 3322 2566 ψευδωνύμων
3352 2497 3510 2564 θεῶν,
3538 2498 3633 2550 καὶ
3658 2499 3826 2568 μόνου

2237 2579 2332 2632 τοῦ
2366 2580 2518 2644 ὄντος
2543 2579 2680 2633 θεοῦ
2712 2582 2910 2637 σεπτὸν
2942 2583 3003 2636 τὸ
3033 2584 3204 2655 ὄνομα
3240 2585 3504 2657 πέφηνεν.

3135 2700 3160 2712 ”

2312 2699 2396 2753 ιδ’.
2432 2718 2450 2751 ι
2493 2699 2557 2752 Ἡ
2578 2699 2965 2771 ἐξομολόγησις
2997 2700 3162 2754 αὑτοῦ
3195 2701 3238 2734 ⁸⁸
3268 2701 3361 2754 ἐπὶ
3393 2701 3497 2771 γῆς
3527 2701 3621 2753 καὶ
3655 2701 3829 2769 οὐρα-

2240 2791 2354 2845 νοῦ.
2389 2810 2408 2843 3
2445 2793 2560 2845 Οὐκ
2597 2792 2677 2845 ἔτι
2703 2793 2810 2863 γὰρ
2841 2793 3003 2846 αὑτὸν
3033 2793 3194 2864 μόνον
3224 2794 3270 2825 θ’
3305 2796 3466 2864 ὑμνεῖ
3494 2794 3561 2846 τὰ
3591 2795 3830 2864 ἐπουρά-

2241 2903 2348 2948 νια,
2387 2885 2530 2938 ἀλλ’(
2557 2885 2880 2957 Ἐπληρώθη
2911 2888 2942 2955 ἡ
2973 2887 3237 2957 σύμπασα
3272 2890 3342 2958 γῆ
3373 2887 3469 2940 τοῦ
3499 2887 3706 2955 γνῶναι
3736 2889 3828 2940 τὸν

2242 2976 2449 3047 Κύριον
2473 2993 2486 3006 ⁸
2519 2975 2594 3039 ὡς
2632 2975 2778 3046 ὕδωρ
2809 2977 2942 3029 πολὺ
2980 2977 3360 3046 κατακαλύψαι
3383 2978 3428 3009 ⁸³
3474 2979 3770 3042 θαλάσσας.
3805 2997 3822 3027 3

2240 3085 2350 3117 --ι
2384 3069 2493 3121 Καὶ
2525 3067 2732 3136 ὑψώσει
2773 3068 2944 3138 κέρας
2989 3069 3118 3122 λαοῦ
3163 3069 3349 3124 αὑτοῦ.
3389 3089 3408 3123 3
3451 3071 3699 3140 Ἀμαχον
3748 3069 3826 3130 δὲ.

2244 3159 2400 3229 φησὶ,
2419 3159 2583 3223 δείξει
2613 3161 2709 3213 καὶ
2733 3161 3098 3232 περίϐλεπτον
3120 3162 3210 3215 τὸν
3234 3164 3433 3215 οἰκεῖον
3459 3161 3608 3216 λαόν.
3636 3161 3828 3231 Κέρας

549 3250 696 3304 enim
742 3249 908 3302 robur
954 3248 1192 3312 vocavit,
1232 3247 1553 3317 metaphora
1583 3247 1871 3316 desumpta
1922 3249 1989 3300 ab
2019 3249 2134 3301 ani-

2244 3249 2353 3319 γὰρ
2382 3250 2481 3320 τὴν
2527 3251 2680 3320 ἰσχὺν
2719 3252 3000 3318 ἐκάλεσεν,
3033 3255 3096 3306 ὲκ
3138 3257 3454 3324 μεταφορᾶς
3495 3253 3604 3306 τῶν
3635 3271 3832 3323 κερασο

553 3341 788 3394 malibus
819 3339 1087 3405 cornutis,
1121 3355 1242 3407 qua:
1267 3339 1438 3393 robur
1473 3342 1526 3394 in
1559 3339 1668 3394 illis
1697 3355 1757 3394 se
1789 3339 1990 3393 habere
2021 3341 2136 3409 glo-

555 3433 785 3484 riantur.
849 3449 867 3479 ι
903 3430 1149 3500 Hymnus
1191 3429 1450 3482 omnibus
1494 3429 1700 3483 sanctis
1755 3429 1898 3497 ejus.
1953 3447 1968 3477 3
2020 3426 2137 3481 Non

553 3523 700 3576 enim
747 3521 922 3575 solum
964 3522 1132 3574 fortes
1167 3535 1260 3574 eos
1293 3521 1384 3589 qui
1432 3521 1486 3574 in
1539 3521 1717 3590 ipsum
1765 3521 2138 3582 crediderunt,

554 3614 646 3667 sed
698 3617 862 3666 etiam
917 3613 1164 3668 celebres
1231 3613 1374 3682 apud
1437 3628 1630 3667 omnes
1696 3612 1848 3666 facit.
1912 3631 1930 3663 ι
1988 3611 2142 3666 Filiis

555 3705 743 3770 Israel,
791 3706 991 3776 populo
1040 3706 1508 3775 appropinquanti
1553 3704 1681 3760 sibi.
1723 3724 1741 3757 3
1795 3703 1911 3759 Hac
1959 3715 2138 3758 autem

551 3799 727 3867 gloria
750 3809 803 3852 et
827 3798 994 3852 Israel
1027 3799 1236 3867 potitus
1257 3807 1362 3862 est,
1392 3797 1615 3867 quando
1645 3797 1751 3850 Deo
1775 3796 2090 3850 adhaerebat
2125 3816 2138 3851 :

555 3891 650 3944 sed
681 3904 826 3946 nunc
858 3905 985 3944 cum
1019 3891 1222 3958 pietate
1247 3890 1508 3959 splendor
1537 3890 1811 3953 transivit,
1843 3900 1896 3943 et
1935 3889 1986 3941 lii
2021 3889 2142 3957 qui-

553 3979 676 4034 dem
713 3981 816 4037 hoc
844 3982 1038 4050 privati
1075 3992 1227 4046 sunt,
1253 3990 1444 4053 gentes
1479 3996 1608 4036 vero
1637 3981 1838 4036 divinis
1865 3980 2026 4035 donis
2051 3979 2141 4034 la:-

557 4081 762 4126 tantur.

928 4270 1208 4326 INTERP.
1246 4269 1504 4327 PSALMI
1542 4268 1774 4326 CXLIX.
1840 4345 1848 4353 .

628 4427 796 4484 Vens.
823 4428 876 4483 1.
902 4427 1165 4493 Alleluia,
1192 4428 1446 4483 Alleluia.
1474 4427 1628 4482 ﬂunc
1660 4428 1855 4484 ollerre
1881 4429 2142 4500 hymnum

551 4519 814 4590 jubentur
847 4519 947 4582 illi,
983 4520 1078 4588 qui
1121 4529 1244 4588 post
1267 4520 1505 4574 reditum
1558 4522 1759 4574 multas
1806 4520 1925 4572 illas
1957 4529 2145 4588 gentes

555 4611 742 4665 divino
775 4611 897 4665 freti
953 4610 1162 4666 auxilio
1211 4613 1479 4666 vicerunt.
1537 4612 1706 4665 llabet
1754 4621 1935 4665 autem
1977 4613 2140 4664 ttiam

2244 3343 2426 3411 φόρων
2457 3339 2632 3405 ζώων,
2663 3342 2700 3396 ἆ
2725 3342 2826 3413 τὴν
2860 3344 3014 3414 ἰσχὺν
3037 3345 3184 3413 ἔχειν
3232 3345 3290 3396 ἐν
3316 3345 3548 3408 ἐκείνοις
3577 3344 3830 3414 σεμνύνε-

2241 3449 2352 3486 ται.
2384 3453 2401 3483 ι
2427 3434 2636 3502 ’Ὑμνος
2666 3436 2801 3488 πᾶσι
2831 3439 2944 3498 τοῖς
2965 3437 3129 3499 ὁσίοις
3154 3436 3338 3490 αὑτοῦ.
3369 3455 3387 3487 3
3423 3438 3498 3489 Ού
3529 3439 3689 3507 μόνον
3719 3438 3786 3504 γὲΔ
3798 3455 3828 3506 ρ

2247 3524 2498 3593 ἰσχυροὺς
2549 3526 2678 3588 τοὺς
2715 3528 2795 3589 εἰς
2834 3527 2998 3580 αὑτὸν
3048 3529 3504 3590 πεπιστευκότας,
3552 3528 3689 3582 ἀλλὰ
3735 3530 3828 3581 καὶ

2243 3615 2524 3683 ἀοιδίμους
2554 3619 2706 3687 παρὰ
2735 3619 2868 3672 πᾶσι
2901 3622 3066 3674 ποιεῖ.
3099 3640 3117 3671 ι
3143 3621 3268 3682 Τοῖς
3289 3622 3423 3682 υἱοῖς
3453 3620 3696 3690 Ἰσραὴλ,
3719 3619 3830 3690 λαῷ

2243 3708 2517 3776 ἐγγίζοντι
2571 3710 2737 3779 αὐτῷ.
2789 3730 2807 3763 3
2855 3710 3074 3782 Ταύτης
3118 3712 3175 3764 δὲ
3226 3712 3327 3781 τῆς
3373 3713 3625 3775 εὐκλείας
3671 3714 3762 3766 καὶ
3802 3716 3830 3766 ὁ

2255 3801 2474 3873 Ἰσραὴλ
2507 3803 2846 3873 ἀπήλαυσεν,
2877 3804 3037 3874 ἡνίκα
3065 3803 3299 3868 ἐπέλαζε
3325 3804 3404 3876 τῷ
3436 3805 3554 3876 Θεῷ
3574 3824 3586 3836 ·
3625 3805 3828 3876 μετέϐη

2244 3895 2301 3948 δὲ
2332 3896 2428 3949 νῦν
2459 3897 2600 3966 μετὰ
2629 3898 2730 3966 τῆς
2760 3899 3046 3960 εὐσεϐείας
3083 3901 3116 3970 ὴ
3151 3901 3503 3972 περιφάνεια,
3537 3899 3630 3952 καὶ
3655 3901 3702 3952 οί
3735 3898 3832 3968 μὲν

2244 3989 2649 4061 ἐγυμνώθησαν
2681 3991 2906 4062 ταύτης,
2931 3993 3000 4046 τὰ
3027 3993 3085 4046 δὲ
3113 3993 3244 4065 ἔθνη
3282 3995 3402 4057 ταῖς
3444 3991 3615 4053 θείαις
3657 3991 3832 4060 ἀγάλ-

2245 4081 2400 4134 λεται
2430 4081 2680 4154 δωρεαῖς.

2533 4265 2798 4320 ΕΡΜΗΝ.
2841 4262 2980 4321 ΤΟΥ
3029 4264 3187 4320 ΡΜΘ¹
3225 4266 3546 4324 ΨΔΛΜΟΥ.

2317 4429 2388 4478 α’.
2439 4422 2820 4491 Ἀλληλούιϊι,
2855 4422 3198 4489 (iunicum
3238 4423 3306 4476 “.
3343 4421 3545 4476 Τοῦτον
3588 4419 3838 4490 προσφέ-

2253 4530 2369 4583 ρειν
2392 4512 2485 4565 τὸν
2515 4511 2686 4581 ὕμνον
2730 4510 3196 4582 παρακελεύονται
3231 4513 3278 4564 οἱ
3331 4513 3471 4581 μετὰ
3526 4510 3623 4582 τὴν
3667 4512 3838 4564 ἐπάν-

2256 4605 2372 4656 οδον
2403 4604 2469 4656 τὰ
2495 4603 2666 4655 πολλὰ
2695 4604 2821 4672 ἔθνη
2852 4606 3036 4656 ἐκεῖνα
3069 4603 3158 4656 διὰ
3182 4603 3281 4672 τῆς
3311 4603 3461 4667 Θείας
3485 4604 3838 4674 νενικηκότες

556 4704 964 4773 pmdietioncm
990 4745 1006 4770 ,
1039 4704 1108 4759 de
1142 4705 1210 4759 iis
1253 4721 1375 4774 qua:
1405 4721 1432 4758 a
1459 4703 1787 4759 Machabmis
1819 4713 1965 4759 recte
1991 4717 2134 4774 gesta

2251 4696 2446 4768 ῥοπῆς.
2486 4697 2640 4765 Ἔχει
2672 4695 2729 4747 δὲ
2765 4697 3075 4768 πρόρρησιν
3109 4695 3203 4748 καὶ
3243 4694 3351 4748 τῶν
3385 4695 3488 4747 ὑπὸ
3530 4694 3639 4747 τῶν
3662 4673 3840 4748 Max-

557 4795 727 4848 fuere.

630 4904 798 4960 Vens.
823 4905 878 4959 2.
912 4923 931 4956 ι
955 4904 1183 4961 Cantate
1211 4907 1441 4962 Domino
1465 4909 1738 4962 canticum
1775 4923 1998 4968 novum,
2025 4909 2144 4964 laus

555 4996 676 5065 ejus
709 4996 760 5048 in
784 4994 1016 5052 ecclesia
1047 5011 1388 5053 sanetorum.
1421 5017 1440 5050 3
1481 4995 1599 5052 Non
1623 5000 1768 5053 enim
1801 4999 2139 5068 iniquorum,

557 5085 654 5139 sed
683 5095 1001 5142 sanctorum
1029 5088 1309 5157 proprium
1344 5097 1429 5144 est
1463 5088 1632 5144 Deum
1669 5090 1910 5144 laudare.

625 5254 654 5297 δ
684 5255 819 5311 Gen.
859 5274 896 5323 I,
921 5257 1013 5314 9.0.
1095 5269 1119 5296 ι’
1147 5257 1351 5314 llabuc.
1389 5275 1446 5321 ιι,
1486 5260 1572 5314 Η.

2251 4789 2496 4842 καϐαίων
2529 4787 2983 4858 κατορθωθέντων
3015 4789 3081 4839 ⁸⁸.

2323 4902 2389 4972 β’.
2441 4920 2460 4954 ‹
2508 4902 2712 4973 ’ᾼσατε
2759 4900 2838 4971 τῷ
2886 4899 3075 4970 Κυρίῳ
3103 4895 3254 4968 ᾆσμα
3288 4897 3497 4962 καινὸν,
3548 4898 3581 4968 ἡ
3627 4895 3846 4962 αἴνεσις

2250 4993 2415 5047 αὑτοῦ
2443 4995 2501 5046 ὲν
2531 4992 2801 5064 ἐκκλησίᾳ
2827 4993 3012 5047 ὁσίων.
3051 5010 3068 5043 3
3095 4991 3168 5045 Οὐ
3203 4991 3314 5060 γὰρ
3341 4989 3451 5042 τῶν
3477 4988 3840 5061 παρανόμων,

2253 5087 2388 5140 ἀλλὰ
2419 5085 2528 5140 τῶν
2560 5086 2723 5139 ὁσίων
2754 5086 2885 5138 ἴδιον
2912 5085 3005 5138 τὸν
3039 5084 3171 5137 Θεὸν
3198 5083 3477 5152 ἀνυμνεῖν.

1671 5432 1905 5489 VARI};
1967 5431 2353 5487 Llitfl'IONES
2393 5430 2477 5484 ET
2510 5430 2742 5486 NOTAE.

624 5589 670 5621 ⁷⁸
716 5590 892 5644 lintei.
941 5591 1061 5645 cod.
1104 5593 1123 5645 1
1187 5606 1376 5658 praem.
1428 5590 1518 5640 ἐπὶ
1576 5591 1672 5656 τῆς
1701 5591 1824 5657 γῆς.

575 5664 621 5697 ⁸³
640 5659 855 5723 φησίν.
907 5661 1086 5713 rud.l
1131 5661 1314 5728 φύσις.

575 5729 619 5800 1’
637 5731 937 5800 Κᾳτᾳκαλ.
988 5730 1150 5784 (Soul'.
1177 5747 1232 5800 p.
1271 5729 1431 5800 1407,
1462 5745 1515 5782 n.
1549 5732 1602 5800 '5.

1935 5590 1976 5619 ⁷⁷
2015 5591 2086 5644 ib.
2139 5591 2343 5644 τούτων
2389 5593 2661 5644 ἁπάντων.

1391 5659 1435 5690 ⁸³
1470 5660 1880 5728 ἰί)ἰ‹1.ύμνείτω.
1933 5660 1996 5711 ἹΙ
2031 5662 2134 5724 ἐξο

2238 5662 2475 5728 ιόγησις
2515 5660 2724 5714 αὑτοῦ.
2751 5659 2916 5715 Hebr.
2944 5659 3113 5712 Decus
3153 5661 3287 5728 ejus.

1682 5729 1726 5759 ⁸³
1779 5729 2028 5795 Ἀλληλ.
2063 5731 2180 5783 Non
2207 5733 2467 5798 repetitur
2492 5734 2544 5784 in
2581 5732 2703 5785 cod.
2739 5732 2761 5784 1
2800 5745 2898 5786 nec
2930 5730 2982 5784 in
3019 5741 3163 5784 textu
3197 5733 3302 5786 τῶν
3327 5734 3403 5785 0'.

2740 5591 2786 5622 ’⁸
2818 5587 2948 5642 Rec.
2983 5589 3140 5644 lectio
3170 5589 3224 5642 h.
3277 5591 3317 5647 l.
3369 5599 3453 5644 est
3506 5589 3828 5661 πρεσϐύται.

2751 5659 2916 5712 Hebr.
2944 5659 3113 5712 Decus
3153 5661 3287 5712 eius.
3365 5661 3410 5690 ⁸³
3443 5663 3564 5712 md.
3607 5663 3622 5712 1
3671 5661 3824 5712 μόνα.

3443 5677 3564 5712 fuit.
3607 5677 3622 5712 1
3670 5677 3824 5729 μονα.

3487 5731 3532 5765 ⁸³
3577 5733 3826 5796 Europa.

566 5793 879 5862 Cordcrius,
910 5813 1031 5866 qua:
1079 5793 1194 5853 bare
1235 5815 1286 5868 p.
1316 5793 1441 5853 8-H.
1475 5801 1540 5853 ad
1577 5798 1724 5868 Orig.
1763 5793 1970 5864 retulit,
2003 5799 2104 5868 leg.

2238 5793 2613 5870 τορθωμάτων.
