2064 3210
187 179 193 208 1
202 177 254 208 9'53

875 173 913 202 IN
939 173 1042 204 PSAL.
1064 174 1120 203 CL.

1755 177 1821 208 19M

215 232 255 264 γ’,
275 238 284 254 ‹
309 226 496 262 Εὑφρανθήτω
515 224 626 261 Ἰσραὴλ
642 226 688 252 ἐπὶ
703 225 741 261 τῷ
767 227 910 261 ποιήσαντι
925 227 974 253 αὐ-

1063 227 1145 254 Vizns.
1161 227 1187 254 3.
1207 236 1215 252 ι
1234 227 1350 255 Laetetur
1363 227 1445 257 Israel
1460 230 1494 258 de
1509 239 1541 258 eo
1555 231 1603 266 qui
1616 231 1678 258 fecit
1693 232 1779 264 ἰιΙιιιιι,
1796 238 1819 259 ‹-ι

181 278 240 308 τὴν,
264 275 311 302 καὶ
334 274 388 301 υἱοὶ
406 273 474 300 Σιὼν
491 273 719 307 ἀγαλλιάσοιυσαν
742 274 788 301 ἐπὶ
812 273 849 308 τῷ
874 273 979 308 βασιλεῖ

181 322 284 349 αὲτῶν.
307 330 315 346 ι
336 321 450 347 Πάντων
466 319 516 354 μὲν
536 319 602 351 Θεὸς
626 320 639 346 ὁ
654 319 708 346 τῶν
727 320 797 347 ὅλων
810 319 887 352 Θεὸς,
907 320 978 352 ἰδίως

182 368 210 394 δὲ
228 367 282 393 τῶν
316 366 493 402 Ἰσραηλιτῶν
515 365 686 402 ἐχρημάτιζε
711 366 850 401 βασιλεύς.
874 367 979 394 Αὐτίκα

184 412 273 439 τοίνυν
288 411 337 447 τὴν
361 412 523 447 ἀχαριστίαν
542 413 739 447 νενοσηκότων,
755 413 804 439 καὶ
819 412 913 447 ἕτερον
930 413 979 439 αὺ-

183 459 240 490 τοῖς
256 458 428 493 αἰτησάντων
451 458 564 493 βασιλέα
580 458 719 493 γενέσθαι,
749 459 816 494 φησὶ
841 458 910 494 πρὸς
934 458 979 485 τὸν

184 504 313 539 Σαμουὴλ
323 505 336 531 ὀ
346 504 482 538 Θεὸς,‹οὐ
493 504 522 531 σὲ
531 503 816 540 ὲξουδενήκασιν,ἁλλ’
826 505 849 521 ⁸⁸
860 504 921 541 ἐμὲ,
932 506 978 532 τοῦ

183 550 223 585 μὴ
240 549 395 585 βασιλεύειν
409 550 508 578 αὐτῶν.
528 561 537 577 ι

219 597 251 623 δ’.
277 605 287 622 ι
312 597 505 625 Δίνεσάτωσαν
530 598 561 625 τὸ
578 598 664 634 ὄνομα
689 598 773 625 αὑτοῦ
799 600 829 626 ἐν
850 599 934 635 χορῷ,
951 600 980 626 ὲν

184 643 319 678 τυμπάνῳ
347 644 395 671 καὶ
417 643 562 680 ψαλτηρῐῳ
585 644 751 680 ψαλάτωσαν
776 645 862 680 αὐτῷ.
893 655 902 672 ν
929 646 980 672 Διὰ

183 688 286 720 παντὸς
302 689 432 724 ὀργάνου,
448 691 526 725 φησὶ,
543 690 615 717 κατὰ
628 690 675 718 τὸν
693 690 774 726 νόμον
787 690 832 717 τὸν
846 691 979 727 ἡμέτερον

185 733 354 769 ὑμνήσωμεν
369 734 416 761 τὸν
430 735 589 771 εὐεργέτην.

221 778 253 806 ε’.
271 788 280 805 ι
295 780 355 807 Ὀτι
369 780 475 807 εὐδοκεῖ
488 781 592 816 Κύριος
607 782 636 809 ἐν
651 781 689 817 τῷ
701 782 759 818 λαῷ
775 783 869 810 αὐτοῦ.
885 793 894 809 ι
910 783 978 810 Πολ-

185 825 233 860 λῆς
257 826 342 861 ἡμᾶς,
362 827 430 862 φησὶ
454 827 489 860 ⁸⁷,
514 827 722 863 φιλανθρωπίας
736 828 847 864 ἠξίωσε.
866 829 914 856 καὶ
930 829 980 864 τὴν

184 872 289 899 οἰκείαν
313 873 382 908 ἡμῖν
405 873 505 906 ἔδειξεν
526 874 695 909 ἀγαθότητα.
719 883 729 900 ι
757 875 812 901 Καὶ
835 874 938 909 ὑψώσει
955 875 979 891 ⁸⁸

1030 273 1077 300 ﬁlii
1093 272 1186 300 Sionis
1200 273 1337 301 exsultent
1353 274 1379 301 in
1392 283 1455 310 rege
1468 284 1527 304 suo.
1548 287 1557 303 ι
1573 276 1699 304 Omnium
1713 278 1821 312 quidem

1032 320 1102 347 Deus
1118 320 1310 348 universorum
1323 326 1364 349 est
1379 322 1450 350 Deus
1464 332 1471 350 :
1486 323 1597 358 proprie
1611 329 1702 351 autem
1716 324 1822 352 lsi-acli-

1030 370 1119 393 tarum
1151 374 1198 394 rex
1235 368 1457 403 nuncupabatur.
1486 369 1580 404 Itaque
1607 379 1670 398 cum
1695 371 1821 407 ‘ingrati

1030 412 1114 439 animi
1135 412 1231 440 morbo
1248 413 1417 446 laborarent,
1436 420 1463 443 et
1478 416 1563 443 alium
1580 425 1672 452 regem
1688 422 1820 453 peterent,

1032 458 1140 494 1582
1157 459 1226 487 dixit
1243 460 1316 488 Deus
1334 460 1455 489 Samueli
1479 471 1486 489 :
1506 472 1516 488 ‹
1535 463 1594 491 Non
1611 468 1636 492 te
1656 465 1821 500 reiecerunt,

1031 505 1078 532 sed
1096 512 1148 538 tne,
1163 513 1197 534 ne
1212 514 1322 541 regnem
1336 515 1418 543 super
1435 515 1481 536 eos
1500 507 1521 535 ε.
1544 518 1554 534 ι

1067 592 1149 621 Vens.
1173 594 1200 621 4.
1228 605 1237 621 ι
1253 595 1375 624 Laudent
1396 606 1493 626 nomen
1509 599 1569 634 ejus
1595 600 1621 627 in
1640 601 1736 634 choro,
1758 609 1821 629 cum

1031 642 1160 674 tympano
1174 645 1200 668 et
1215 641 1344 675 psalterio
1360 644 1476 677 psallunt
1491 645 1526 672 ei.
1545 654 1554 671 ›
1575 645 1627 673 Per
1640 654 1721 675 omne
1735 656 1822 683 genus

1030 692 1207 720 organorum,
1221 687 1269 720 ait,
1284 687 1364 722 juxta
1379 689 1464 724 legem
1479 691 1681 721 benefactorem
1696 699 1821 723 nostrum

1030 729 1158 758 laudibus
1177 731 1335 760 elleramus.

1068 775 1148 803 Vens.
1213 786 1222 802 α
1237 777 1306 811 Quia
1322 779 1525 814 bencplacitum
1541 787 1582 810 est
1596 783 1713 812 Domino
1730 785 1758 812 in
1773 793 1822 821 po-

1030 822 1096 857 pulo
1114 830 1176 850 suo.
1192 832 1201 849 )
1221 823 1305 851 Multa
1320 825 1500 861 benignitate,
1518 828 1617 863 inquit,
1634 838 1684 858 nos
1694 831 1822 866 dignatus

1029 871 1082 899 est,
1094 872 1120 894 et
1135 868 1285 895 bonitatem
1301 877 1379 897 suam
1394 871 1473 899 nobis
1488 873 1603 906 aperuit.
1624 884 1633 900 ‹
1647 875 1680 902 Et
1692 876 1824 905 exaltabit

185 918 284 952 πραεῖς
298 919 327 944 ὲν
342 918 473 954 σωτηρίᾳ.
493 927 502 944 ι
519 919 588 950 Τοὺς
601 919 631 946 δὲ
642 908 765 955 έρὴμους
780 908 919 956 βοηθείας,
931 920 979 947 καὶ

1030 918 1188 941 mansuetos
1202 914 1228 941 in
1251 915 1349 943 salute.
1369 925 1378 942 ι
1397 916 1451 944 Eos
1469 922 1570 951 autent,
1588 920 1633 954 qui
1659 923 1763 951 auxilio
1775 924 1823 951 dc-

184 962 296 999 τρὸποις
310 963 424 998 ἀγαθοῖς
436 967 634 1001 κεχρημένους,
653 966 772 1002 ὑψηλοὺς
784 966 920 1000 ἀποφανεῖ
933 967 979 994 καὶ

186 1008 398 1044 περιϐλέπτους.

221 1057 260 1086 ς’.
283 1064 293 1081 ‹
312 1056 505 1091 Καυχήσονται
530 1056 598 1083 ὅσιοι
621 1057 651 1084 ἐν
674 1056 748 1092 δόξῃ,
779 1056 825 1083 καὶ
849 1055 978 1090 ἀγαλλιά-

185 1109 280 1127 σονται
303 1101 351 1128 ἐπὶ
372 1102 426 1128 τῶν
442 1102 540 1130 κοιτὼν
564 1102 664 1131 αὐτῶν.
689 1112 700 1129 ι
717 1102 773 1129 Καὶ
788 1103 811 1129 οἱ
830 1102 859 1129 τὸ
874 1102 979 1129 δίκαιον

184 1146 333 1181 τιμῶντες,
352 1148 381 1174 ἐν
396 1148 508 1184 εὐκλείᾳ
525 1148 697 1184 γενήσονται,
714 1147 814 1183 πολλῆς
830 1148 979 1176 ἀπολαύον-

185 1200 230 1224 τες
246 1193 416 1229 ἀναπαύλης.
432 1194 543 1228 Κοιτην
561 1193 615 1229 γὰρ
632 1194 681 1230 τὴν
703 1194 863 1221 ἀνάπαυλαν
877 1195 899 1211 ⁸⁰
915 1195 978 1222 ἐκά-

184 1235 281 1264 λεσεν·
295 1238 457 1274 ἀναπαύλης
471 1240 525 1274 γὰρ
539 1239 556 1274 ἡ
573 1239 652 1275 κλίνη
667 1239 834 1274 σημαντικὴ.

223 1284 257 1316 ζ’.
278 1295 287 1312 ι
305 1286 339 1312 Δί
352 1285 471 1320 ὑψώσεις
480 1286 527 1312 τοῦ
539 1284 607 1312 Θεοῦ
625 1286 654 1312 ἐν
666 1285 705 1320 τῷ
717 1285 836 1320 λάρυγγι
849 1285 949 1312 αὐτῶν.
966 1295 975 1311 ι

184 1331 326 1367 Διηνεκῶς
342 1330 371 1356 δὲ
387 1330 437 1362 τὰς
460 1330 537 1361 θείας
554 1329 715 1366 εὐεργεσίας
739 1329 914 1365 κηρύττουσι,
933 1330 977 1356 τὸν

183 1377 289 1405 τούτων
304 1376 392 1403 αἴτιον
416 1376 612 1411 ἁνυμνοῦντες.

223 1432 233 1449 ί
262 1423 317 1449 Καὶ
330 1424 462 1458 ρομφαϊαι
478 1423 600 1458 δίστομοι
623 1424 652 1451 ἐν
673 1426 734 1456 ταῖς
758 1424 851 1460 χερσὶν
877 1424 975 1451 αὐτῶν.

187 1468 248 1505 [η’.]
261 1469 313 1495 Τοῦ
327 1470 438 1504 ποιῆσαι
455 1470 594 1505 ἐκδίκησιν
604 1471 633 1497 ἐν
646 1471 702 1502 τοῖς
716 1471 832 1504 ἔθνεσιν,
844 1471 978 1507 ὲλεγμοὺς

186 1516 215 1540 ἐν
226 1516 281 1546 τοῖς
296 1514 381 1545 λαοῖς.
399 1524 407 1539 ι
418 1515 474 1541 Οὐκ
489 1514 609 1542 ἐναντίον
619 1517 652 1551 τῇ
661 1516 805 1552 ἀναπαύλῃ
815 1516 844 1543 τὸ
856 1518 885 1544 ἐν
900 1516 978 1543 πολέ-

186 1570 248 1594 μοις
262 1561 351 1596 νικᾷν.
365 1561 459 1596 Πάσης
475 1561 527 1596 γὰρ
542 1561 702 1596 ἀναπαύλης
713 1562 743 1588 τὺ
756 1563 834 1598 νικᾷν
856 1561 977 1597 θυμηρὲ-
991 1577 1012 1606 C

188 1614 294 1641 ctapov.
309 1606 440 1641 Πρῡλέγει
456 1607 547 1640 μέντοι
563 1607 606 1634 διὰ
622 1607 726 1634 τούτων
740 1608 851 1643 τὴντῶν
862 1608 977 1636 Μακκα-

187 1650 272 1678 ὗιίων
283 1652 403 1687 ἀνδρίαν,
446 1652 623 1687 χρησάμενοι,
636 1654 757 1686 καὶτοὺς
772 1653 978 1689 πλησιοχώρους

188 1697 380 1732 ἐχειρώσαντο,
396 1698 441 1724 καὶ
459 1699 521 1730 τοὺς
532 1699 690 1731 Μακεδόνας
706 1700 952 1734 κατηγωνίσαντοξ

224 1743 255 1769 0'.
275 1752 284 1768 ι
303 1743 356 1770 Τοῦ
383 1743 461 1779 δῆσαι
485 1745 549 1776 τοὺς
567 1745 687 1779 βασιλεῖς
712 1745 802 1773 αὐτῶν
819 1746 848 1772 ἐν
869 1746 977 1778 πέδαις,

187 1788 234 1815 καὶ
249 1790 312 1820 τοὺς
330 1789 452 1823 ἐνδόξους
466 1790 556 1817 αὐτῶν
572 1790 599 1817 ὲν
620 1791 794 1826 χειροπὲδαις
812 1792 945 1827 σιδηραῖς.
966 1801 975 1817 ι

188 1835 277 1861 Πολλὰ
303 1834 415 1862 τοιαῦτα
432 1836 478 1862 ὑπ’
495 1837 608 1863 ἐκείνων
623 1837 815 1872 κατορθῶσθαι
831 1838 847 1871 ἡ
874 1837 978 1872 ἱστορία

187 1880 319 1912 διδάσκει,
334 1880 380 1908 καὶ
405 1881 497 1916 ῥᾴδιον
517 1883 574 1913 τοῖς
596 1882 717 1916 ἐντυχεῖν
733 1881 904 1917 βουλομένοις
926 1881 978 1916 τῆς

189 1927 357 1962 προφητείας
373 1928 542 1962 καταμαθεῖν
557 1928 606 1963 τὴν
622 1927 763 1963 ἀλήθειαν.

229 1973 252 2000 ι’.
279 1983 287 1998 ‹
310 1973 363 2000 Τοῦ
384 1974 495 2008 ποιῆσαι
514 1975 542 2000 ὲν
566 1975 658 2006 αὐτοῖς
673 1975 760 2010 κρῖμα
776 1974 941 2010 ἔγγραπτον.
965 1983 975 2000 ›

191 2018 225 2044 Ἀ
242 2018 296 2054 γὰρ
306 2019 346 2050 εις
361 2019 483 2051 ἐκείνους
498 2019 611 2051 ἐνδίκως
626 2020 801 2055 εἰργάσαντο,
815 2020 979 2054 ἀνάγραπτα

187 2064 295 2098 γέγονε,
315 2064 361 2091 καὶ
377 2064 459 2100 μέχρι
475 2065 595 2101 τήμερον
610 2066 633 2082 ⁹⁰
653 2066 819 2102 ἀείμνηστον
843 2065 933 2093 αὐτῶν
948 2065 979 2092 τὸ

188 2110 267 2141 κλέος
282 2110 414 2145 διέμεινε.
441 2109 526 2137 Τοῦτο
549 2110 603 2147 γὰρ
625 2111 767 2146 ἐπήγαγε·
787 2121 796 2138 ι
818 2111 887 2144 Δόξα
909 2111 978 2146 αὕτη

187 2154 265 2183 ἔσται
283 2156 304 2172 ⁹¹
322 2157 389 2183 πᾶσι
403 2157 459 2189 τοῖς
483 2157 567 2189 ὁσίοις
591 2157 688 2185 αὐτοῦ.
707 2167 717 2183 ι
741 2158 843 2193 Μήτηρ
860 2157 914 2194 γὰρ
929 2158 979 2194 τῆς

188 2202 314 2234 εὐκλείας
328 2203 344 2237 ἡ
360 2203 535 2238 όσιότης,καὶ
545 2204 570 2230 οι
584 2203 685 2239 ταύτης
701 2204 845 2239 emam."
852 2204 885 2231 δι’
895 2204 979 2240 αὐτὴν

187 2247 305 2282 ἀοίδιμοι
321 2248 452 2282 γίνονται.

342 2304 475 2332 ΕΡΜΗΝ.
495 2304 564 2332 ΤΟΥ
582 2304 637 2331 PN'
643 2305 822 2340 _‘PAAMOY.

224 2359 257 2387 α’.
281 2360 476 2395 numam,
488 2361 670 2394 ἀλληλούῑα.
678 2361 828 2393 Ἐπινίκιος
842 2362 890 2389 καὶ
902 2359 979 2395 οὗτος

186 2406 202 2432 ὁ
223 2405 307 2441 ὕμνος
320 2414 326 2421 ·
347 2406 478 2442 προλέγει
492 2406 521 2432 δὲ
536 2406 586 2441 τὴν
600 2405 735 2442 ἐσομένην
764 2407 848 2434 πᾶσιν
873 2407 980 2443 ἀνθρώ-

187 2459 250 2482 ποις
263 2451 287 2467 ⁹¹
302 2450 479 2485 Θεογνωσίαν.

224 2501 257 2536 β’.
270 2510 280 2527 ι
292 2501 397 2528 Αἰνεῖτε
408 2503 456 2529 τδν
470 2501 537 2528 Θεὸν
551 2502 580 2528 ἓν
594 2501 650 2533 τοῖς
662 2500 751 2536 ἁγίοις
761 2499 872 2527 αὑτοῦ.»
889 2500 981 2536 Ἰκανὴ

186 2547 242 2583 γὰρ
264 2547 376 2583 ἀφορμὴ
401 2548 440 2579 εἰς
459 2547 596 2584 ὑμνῳδίαν
612 2547 682 2582 αὕτη
698 2547 731 2573 ³⁸.
758 2556 767 2573 ι
791 2546 822 2573 Εἰ
849 2545 903 2581 γὰρ
927 2546 982 2573 ἀπδ

227 2634 238 2655 ί
256 2634 264 2662 Ι
281 2634 349 2671 Reg.
366 2642 430 2667 vm,
447 2635 475 2661 7.

1030 959 1118 987 stituti
1136 965 1211 993 sunt,
1230 961 1365 996 bonisque
1378 963 1500 992 moribus
1514 969 1639 999 utuntur,
1653 968 1784 997 sublimes
1796 974 1823 997 ct

1030 1005 1150 1033 illustres
1166 1007 1270 1034 reddet.

1066 1045 1157 1079 Vens:
1168 1052 1195 1079 6.
1226 1062 1235 1077 ί
1256 1052 1438 1082 Exsultabunt
1466 1057 1553 1083 sancti
1574 1057 1601 1083 in
1621 1058 1719 1093 gloria,
1746 1060 1821 1088 [mla-

1029 1095 1132 1123 buntur
1150 1096 1176 1123 in
1194 1097 1331 1126 cubilibus
1351 1099 1420 1126 suis.
1436 1108 1445 1125 ι
1462 1099 1495 1127 Ει
1515 1101 1561 1135 qui
1575 1101 1712 1136 justitiam
1733 1104 1821 1132 hono-

1030 1146 1103 1174 rant,
1127 1142 1154 1169 in
1183 1143 1269 1178 gloria
1293 1148 1384 1177 erunt,
1410 1145 1499 1180 multa
1525 1147 1617 1181 quiete
1637 1148 1821 1184 perfruentcs.

1029 1187 1123 1215 Cubile
1133 1189 1205 1216 enim
1221 1190 1338 1225 quietem
1352 1191 1507 1226 appellavit,
1520 1192 1583 1228 quia
1598 1193 1687 1222 lectus
1702 1196 1820 1230 quietem

1031 1233 1142 1260 indicat.

1066 1278 1148 1307 Vens.
1167 1281 1192 1306 7.
1214 1289 1223 1305 ι
1242 1280 1431 1310 Exaltationes
1450 1283 1497 1311 Dei
1514 1284 1542 1312 in
1555 1289 1666 1320 gutture
1681 1294 1787 1315 eorum.
1810 1299 1819 1314 ι

1030 1325 1125 1352 Divina
1145 1331 1236 1354 autem
1251 1327 1381 1356 beneﬁcia
1401 1330 1531 1358 continue
1545 1332 1705 1366 praedicant,
1722 1333 1820 1361 horum

1030 1377 1168 1399 auctorem
1181 1373 1362 1402 celebrantes.

1067 1427 1076 1443 ι
1090 1417 1122 1445 Ει
1132 1418 1213 1453 gladii
1224 1419 1359 1454 ancipites
1369 1420 1394 1447 in
1410 1421 1538 1450 manibus
1548 1430 1654 1451 eorum.
1667 1424 1763 1458 [Vens.
1780 1426 1820 1462 8.]

1030 1464 1070 1490 Ad
1094 1465 1276 1493 exercendam
1296 1466 1443 1495 vindictam
1463 1468 1489 1495 in
1507 1468 1675 1503 nationibus,
1696 1471 1821 1507 increpa-

1031 1510 1116 1538 tioncs
1133 1510 1159 1537 in
1183 1511 1302 1546 populis.
1321 1521 1330 1538 ι
1358 1512 1416 1540 Non
1439 1518 1481 1541 est
1500 1514 1586 1549 quieti
1610 1524 1777 1552 repugnans,
1794 1518 1821 1545 in

1031 1556 1108 1583 bellis
1125 1557 1244 1586 vincere.
1260 1557 1340 1585 Omni
1354 1559 1428 1586 enim
1445 1560 1537 1595 quiete
1546 1561 1695 1596 jucundius
1706 1568 1748 1591 est
1761 1564 1821 1591 vin-

1032 1610 1103 1630 cere.
1123 1602 1250 1631 Prazdieit
1267 1604 1352 1640 igitur
1368 1613 1415 1641 per
1434 1606 1491 1634 haec
1507 1606 1725 1636 Machabmorum
1743 1609 1823 1638 forti-

1031 1648 1164 1682 tudinem,
1183 1657 1236 1684 qua
1250 1650 1303 1682 usi,
1317 1655 1343 1678 et
1354 1650 1485 1680 ﬁnitimos
1503 1653 1625 1687 captivos
1639 1659 1783 1689 ceperunt,
1795 1661 1822 1684 et

1031 1694 1192 1722 Macedones
1205 1695 1388 1724 debellarunt.

1067 1739 1148 1767 Vens.
1167 1740 1194 1767 9.
1214 1749 1223 1766 ι
1239 1739 1451 1769 Advinciendos
1466 1750 1545 1778 rcges
1564 1751 1659 1772 eorum
1672 1746 1698 1773 in
1711 1754 1824 1784 compe-

1031 1785 1124 1818 dibus,
1139 1790 1164 1813 et
1180 1786 1286 1813 nobiles
1298 1793 1393 1813 eorum
1408 1788 1435 1814 in
1450 1789 1568 1816 manicis
1583 1789 1687 1818 lerreis.
1709 1800 1718 1817 ›
1739 1792 1823 1820 Multa

1032 1831 1189 1865 hujusmodi
1209 1831 1244 1858 ab
1264 1831 1317 1858 illis
1340 1832 1471 1866 praeclare
1492 1838 1567 1867 gesta
1598 1835 1711 1863 historia
1732 1838 1822 1870 docet.

1032 1876 1138 1911 1583
1157 1881 1183 1903 et
1212 1877 1293 1906 facile
1312 1883 1353 1906 est
1380 1878 1471 1912 legere
1497 1879 1652 1908 volentibus
1674 1882 1823 1916 prophetia:

1029 1922 1170 1949 veritatem
1185 1923 1317 1951 ediscere.

1067 1968 1148 1996 Vens.
1168 1969 1211 1996 l0.
1230 1978 1239 1994 ί
1261 1969 1296 1997 Ut
1319 1969 1423 1998 faciant
1438 1971 1465 1998 in
1488 1972 1529 1999 eis
1543 1971 1678 2007 judicium
1699 1975 1822 2002 conscri-

1030 2019 1116 2049 ptum.
1136 2024 1146 2041 ι
1164 2015 1230 2048 Quae
1245 2016 1317 2043 enim
1331 2016 1358 2043 in
1373 2016 1437 2044 illos
1449 2017 1524 2052 justo
1539 2023 1693 2052 gesserunt,
1713 2020 1823 2055 Scriptis

1029 2062 1159 2090 mandata
1182 2066 1257 2094 sunt,
1274 2067 1301 2090 ct
1323 2070 1411 2098 usque
1430 2063 1458 2090 iu
1477 2064 1639 2091 hodiermnn
1660 2065 1732 2093 diem
1751 2067 1823 2093 cclc-

1030 2108 1149 2135 berrima
1166 2116 1261 2137 eorum
1278 2108 1364 2144 gloria
1381 2110 1543 2144 permansit.
1559 2110 1618 2138 Hoc
1633 2111 1705 2138 enim
1729 2111 1821 2140 inl‘ert.

1034 2161 1043 2180 ι
1059 2154 1152 2182 Gloria
1165 2155 1223 2182 haec
1237 2155 1289 2182 erit
1303 2155 1433 2183 omnibus
1450 2157 1552 2183 sanctis
1568 2156 1638 2191 ejus.
1658 2167 1667 2183 ι
1684 2157 1752 2185 Nam
1768 2158 1823 2193 glo-

1030 2200 1078 2229 riae
1090 2205 1177 2228 mater
1190 2205 1232 2229 est
1246 2201 1390 2234 sanctitas,
1407 2206 1434 2230 et
1448 2202 1529 2236 hujus
1541 2203 1658 2238 operarii
1672 2211 1719 2238 per
1735 2204 1821 2240 ipsam

998 2265 1019 2292 D
1031 2248 1151 2276 celebres
1168 2248 1246 2275 ﬁunt.

1247 2303 1385 2330 lNTERP.
1408 2303 1534 2332 PSALMI
1554 2304 1609 2333 CL.

1068 2359 1150 2387 Vens.
1190 2360 1215 2387 ι.
1245 2360 1381 2392 Alleluia,
1409 2359 1536 2387 Alleluia.
1566 2360 1599 2387 Et
1630 2360 1674 2387 hic
1704 2360 1823 2396 hymnus

1029 2407 1205 2442 triumphalis
1215 2411 1266 2435 est.
1283 2405 1454 2435 Vaticinatur
1471 2411 1563 2435 autem
1587 2407 1716 2435 omnibus
1733 2408 1823 2435 honti-

1029 2452 1112 2480 nibus
1129 2452 1250 2481 futuram
1263 2452 1311 2481 Dei
1326 2453 1522 2489 cognitionem.

1067 2499 1151 2528 Vens.
1164 2500 1192 2527 2.
1206 2501 1229 2526 ἐ
1243 2500 1365 2529 Lnudate
1385 2500 1531 2529 Dominum
1553 2502 1580 2529 in
1603 2501 1705 2530 sanctis
1724 2500 1797 2535 ejus.
1810 2509 1820 2526 ν

1031 2543 1099 2572 Nam
1112 2545 1169 2573 haac
1177 2549 1220 2573 est
1234 2545 1373 2574 sumciens
1384 2547 1495 2575 occasio
1507 2546 1692 2575 canendorum
1707 2546 1823 2581 hymno-

738 2734 855 2764 VARME
871 2733 1066 2763 LECTIONES
1084 2733 1128 2762 ET
1147 2735 1264 2764 NOTAE.

223 2817 352 2845 "nam.
371 2815 434 2844 cod.
468 2816 479 2842 t
510 2815 573 2842 add.
601 2815 628 2850 ἦ.

661 2815 684 2831 ⁸⁷
716 2816 805 2850 Φησὶ.
837 2814 921 2842 Abest
944 2823 961 2842 a
989 2816 1050 2843 cod.
1084 2817 1109 2844 Ι.

188 2853 351 2880 ἀνάπαυσιν.
385 2851 409 2867 ³⁸
423 2850 564 2887 Τήμερον.
575 2850 644 2887 _cod.
662 2850 674 2877 i
690 2858 785 2886 prtem.
798 2850 856 2877 καί.
888 2851 911 2887 'f
927 2850 979 2887 nec

1030 2853 1093 2887 :ctio
1111 2853 1137 2879 h.
1159 2852 1176 2879 1.
1192 2856 1235 2879 est
1251 2850 1320 2879 ὲστίᾲ

1153 2816 1176 2832 ⁸⁸
1202 2817 1258 2845 Καὶ
1287 2817 1413 2851 ὑψώσει.
1438 2815 1473 2843 Et
1503 2815 1620 2844 ornabit.
1662 2817 1684 2831 ”
1710 2816 1770 2843 cod.
1810 2817 1819 2842 ι

1363 2851 1546 2886 ³³Ἐργιίται.
1570 2852 1632 2878 cod.
1658 2851 1670 2878 1
1694 2852 1820 2885 ἐρασταί.

189 2887 212 2903 ’³
224 2887 409 2922 Ἁνθρώποις.
422 2884 482 2914 cod.
500 2886 514 2912 1
534 2885 633 2919 ἁγίοις.
650 2884 770 2921 ascripta
785 2890 876 2914 tamen
893 2884 979 2913 lectio]

1030 2886 1121 2916 litera.
1160 2889 1184 2928 ἠδ
1197 2887 1289 2921 Αὕτη.
1305 2887 1365 2915 cod.
1384 2887 1394 2914 i
1411 2884 1504 2922 praem.
1516 2886 1574 2915 καί.

339 2936 474 2966 ΡΑτιιοι.
493 2933 552 2963 Gn.
564 2931 681 2962 LXXX.

1604 2931 1641 2962 63
