4128 6306
513 283 659 353 1995

1229 257 1725 344 ἸἨΕΟΒΟΒΕΤΙ
1774 276 2124 341 EPISCOPI
2165 277 2535 341 CYRENSIS
2584 281 2666 343 IN
2697 283 2903 345 PSAL.
2938 261 3048 346 CL.

3658 276 3796 355 1.996

518 413 664 454 rum.
699 395 757 451 Si
793 394 940 452 enim
977 408 1006 448 a
1043 392 1264 464 plantis,
1301 403 1355 447 et
1400 392 1557 455 feris,
1608 401 1662 447 et
1698 390 2003 463 reptilibus,
2038 389 2105 445 ad

2211 393 2416 461 φυτῶν,
2449 396 2545 449 καὶ
2576 395 2803 469 θηρίων,
2844 398 2939 451 καὶ
2985 395 3254 467 ἑρπετῶν,
3291 396 3568 469 πρόφασιν
3594 399 3673 464 εἰς
3701 405 3795 455 εὖ-

517 490 819 561 gratiarum
872 487 1146 543 actionem
1177 501 1368 542 ansam
1414 485 1657 555 arripere
1692 485 1833 554 jussi
1886 499 2099 547 sumus,

516 581 692 637 multo
723 581 898 652 magis
935 579 1146 650 justum
1194 588 1275 635 est
1308 578 1365 633 in
1397 589 1619 634 sanctos
1660 576 1886 643 intueri,
1918 584 1973 631 et
2001 575 2103 629 hoc

508 688 639 727 rum
671 672 951 729 celebrare
996 673 1188 728 Deum.
1223 669 1361 738 Quis
1402 671 1549 726 enim
1586 685 1713 725 cum
1752 683 1838 736 ea,
1871 683 1993 739 quae
2022 667 2105 723 vel

515 766 680 821 beato
708 765 882 821 Paulo
911 764 1253 829 acciderunt,
1288 762 1370 819 vel
1410 760 1598 819 divino
1629 759 1810 826 Petro,
1846 760 1931 815 vel
1967 759 2107 815 divi-

516 854 750 912 nissimo
795 851 1016 920 Joanni,
1057 854 1142 910 vel
1191 853 1313 909 aliis
1357 851 1647 924 apostolis,
1682 851 1769 907 vel
1806 844 2105 907 victoribus

515 950 877 1022 martyribus,
927 949 1014 1004 vel
1050 948 1266 1004 caeteris
1305 947 1534 1013 sanctis,
1586 944 1670 1001 vel
1707 944 1795 1000 his
1834 944 1927 1014 qui
1959 959 2107 998 nunc

515 1047 763 1104 veritatis
794 1046 1014 1102 athleta:
1035 1056 1184 1109 sunt,
1211 1043 1488 1110 didicerit,
1516 1043 1759 1115 linguam
1791 1057 1899 1098 non
1927 1050 2109 1097 movet

517 1142 583 1197 ad
627 1140 964 1196 laudandum
1012 1156 1162 1205 eum,
1206 1139 1301 1210 qui
1344 1145 1553 1193 tantam
1586 1136 1861 1193 bonorum
1893 1136 2105 1206 copiam

515 1235 836 1290 hominibus
873 1235 1101 1305 largitus
1131 1233 1252 1289 est?
1285 1250 1305 1285 ι
1340 1228 1583 1287 Laudate
1637 1245 1761 1286 eum
1810 1230 1864 1285 in
1920 1230 2107 1285 ﬁrma-

514 1337 705 1381 mento
761 1326 987 1381 virtutis
1048 1325 1192 1395 ejus.
1230 1343 1251 1377 ι
1313 1322 1677 1396 Symmachus
1735 1332 1929 1397 autem.
1961 1323 2041 1379 sic
2090 1341 2104 1378 :

2208 489 2497 560 χαριστίαν
2537 488 2722 543 λαϐεῖν
2750 490 3228 562 προσετάχθημεν,
3261 490 3444 562 πολλῷ
3477 491 3680 562 μᾶλλον
3715 494 3798 558 εἰς

2206 581 2335 645 τοὺς
2379 581 2567 651 ἁγίους
2593 582 2827 654 ἀφορᾷν,
2881 584 2976 637 καί
3020 584 3110 637 τὸν
3136 584 3344 638 τούτων
3368 584 3502 638 Θεὸν
3534 586 3796 655 άνυμνεῖν

2206 674 2565 747 δικαιότερον.
2616 676 2713 740 Τίς
2742 676 2849 748 γάρ
2896 677 2967 731 τὰ
3015 678 3156 732 κατὰ
3188 678 3281 732 τὸν
3329 678 3603 748 μακάριον
3646 678 3797 733 διδα-

2210 769 2475 839 σκόμενος
2515 769 2754 837 Παῦλον,
2803 769 2837 839 ἢ
2891 770 2985 825 τὸν
3031 770 3318 825 θεσπέσιον
3352 771 3583 840 Πέτρον,
3618 772 3653 843 ἢ
3703 772 3796 826 τὸν

2209 852 2487 914 θειότατον
2531 860 2807 933 Ἰωάννην,
2851 862 2885 933 ἢ
2937 864 3065 929 τοὺς
3113 862 3311 928 ἄλλους
3368 863 3726 931 ἀποστόλους,
3758 863 3793 934 ἦ

2207 954 2335 1016 τοὺς
2364 951 2696 1024 νικηφόρους
2729 952 3036 1025 μάρτυρας,
3064 956 3099 1024 ἦ
3129 953 3257 1018 τοὺς
3286 954 3482 1020 ἄλλους
3511 954 3723 1023 ἁγίους,
3758 956 3793 1025 ἢ

2208 1046 2335 1108 τοὺς
2363 1044 2457 1098 νῦν
2482 1048 2581 1116 τῆς
2608 1046 2812 1116 ἀρετῆς
2840 1045 3102 1117 ἀθλητάς,
3133 1046 3196 1100 ού
3236 1049 3378 1100 κινεῖ
3400 1046 3503 1117 τὴν
3542 1045 3796 1115 γλῶτταν

2209 1138 2287 1201 εἰς
2318 1138 2595 1209 ὑμνῳδίαν
2623 1138 2715 1192 τοῦ
2747 1139 3018 1212 τοσαύτην
3044 1140 3158 1203 τοῖς
3188 1138 3498 1212 ἀνθρώποις
3522 1136 3636 1191 τῶν
3658 1138 3798 1206 άγα-

2208 1227 2317 1284 οῶν
2353 1228 2748 1302 δωρησαμένου
2777 1231 2988 1303 φοράν;
3044 1249 3064 1283 ι
3120 1233 3331 1287 Αἰνεῖτε
3372 1230 3535 1284 αὑτὸν
3564 1231 3623 1284 ὲν
3671 1246 3798 1283 στε-

2210 1322 2459 1392 ρεώματι
2490 1321 2776 1393 δυνάμεως
2803 1323 2990 1377 αὐτοῦ.
3032 1341 3051 1375 ι
3101 1324 3160 1376 Ὀ
3185 1322 3242 1376 δὲ
3271 1323 3564 1393 Σύμμαχος
3597 1321 3795 1384 οὕτως’

513 1418 760 1473 Laudate
789 1435 909 1473 eum
938 1419 996 1473 in
1021 1419 1359 1488 ﬁrmamento
1392 1414 1790 1486 inexpugnabili
1825 1415 1961 1485 ejus.
2004 1415 2107 1470 So-

2211 1410 2424 1465 Αἰνεῖτε
2465 1412 2512 1445 ⁵⁵
2548 1414 2739 1468 αὐτὸν
2779 1413 2849 1467 ἐν
2894 1413 3256 1499 στερεώματι
3308 1412 3389 1478 τῷ
3426 1412 3798 1481 ἀκαθαιρέτῳ

513 1514 603 1567 lus
632 1511 781 1565 enim
823 1509 1067 1575 ﬁrmum,
1108 1517 1164 1564 et
1204 1509 1558 1574 immortale,
1597 1516 1653 1562 et
1712 1508 2104 1578 sempiternum

516 1602 682 1658 habet
706 1600 923 1673 1584
954 1600 1269 1670 imperium.

586 1692 755 1748 Vsus.
797 1693 852 1747 ὅ.
895 1710 915 1743 ι
962 1690 1208 1747 Laudate
1241 1705 1365 1746 eum
1406 1691 1458 1745 in
1489 1690 1861 1761 potentatibus
1893 1691 2034 1763 ejus.
2077 1710 2097 1745 ι
2134 1733 2177 1790 Β

514 1785 812 1842 lneﬂabilia
842 1785 992 1841 enim
1027 1792 1158 1842 sunt
1185 1800 1270 1853 ea,
1295 1800 1416 1855 quae
1448 1800 1544 1854 per
1569 1795 1791 1841 sanctos
1820 1785 1941 1856 ejus
1967 1800 2102 1840 con-

514 1882 670 1935 tinue
716 1886 866 1934 recte
909 1885 1200 1949 geruntur.
1258 1896 1277 1931 ι
1327 1877 1570 1934 Laudate
1615 1893 1743 1933 eum
1800 1879 2101 1934 secundum

514 1969 932 2026 multitudinem
979 1968 1377 2041 magnitudinis
1410 1969 1553 2041 ejus.
1592 1989 1611 2023 ι
1657 1968 1852 2027 Simile
1889 1978 1975 2025 est
1999 1970 2105 2026 hoc

514 2060 609 2125 iis,
649 2076 771 2131 qua:
815 2061 929 2130 jam
972 2075 1003 2115 a
1046 2060 1206 2116 nobis
1257 2060 1504 2131 exposita
1550 2060 1702 2116 fuere
1733 2079 1747 2117 :
1778 2078 1797 2113 ι
1834 2058 2103 2127 Quoniam

514 2151 917 2223 magnitudinis
940 2152 1060 2221 ejus
1085 2166 1196 2207 non
1221 2160 1304 2207 est
1328 2153 1452 2209 linis
1475 2161 1524 2207 Β.
1551 2172 1569 2205 ι
1605 2151 1817 2207 lntinita
1848 2152 1995 2207 enim
2022 2162 2106 2208 est

515 2244 658 2315 ejus,
715 2244 814 2309 ait,
856 2244 1200 2315 magnitudo,
1239 2253 1293 2299 et
1342 2244 1615 2300 immensa
1668 2243 1916 2316 potentia
1956 2259 1971 2298 :
2006 2258 2105 2315 per

514 2334 700 2392 omnia
739 2336 904 2407 igitur
936 2337 1114 2407 ipsum
1159 2346 1422 2408 perpetuo
1456 2336 1748 2395 celebrate.

584 2428 753 2484 Vens.
789 2430 843 2483 4.
876 2447 895 2480 ι
920 2427 1164 2484 Laudate
1191 2444 1316 2485 eum
1340 2444 1477 2486 sono
1506 2429 1668 2497 tubas,
1700 2449 1719 2483 ι
1755 2429 2105 2489 Sacerdotale

515 2532 635 2579 erat
697 2523 803 2579 hoc
844 2522 1278 2579 instrumentum
1333 2541 1347 2580 :
1395 2525 1713 2582 sacerdotes
1759 2527 1907 2582 enim
1957 2527 2105 2585 tubis

516 2608 833 2682 utebantur,
879 2617 1040 2673 tubas
1078 2631 1203 2686 quae
1245 2616 1304 2672 in
1342 2616 1500 2673 Sinai
1546 2625 1731 2675 monte
1776 2616 1994 2675 fuerant
2047 2619 2103 2675 in

518 2709 842 2765 memoriam
880 2716 1235 2765 revocantes.

597 2822 616 2853 ι
655 2801 896 2858 Laudate
917 2817 1043 2859 eum
1068 2816 1194 2857 cum
1220 2801 1482 2872 psalterio
1503 2809 1558 2858 et
1573 2802 1809 2861 cithara.
1831 2803 2020 2877 [Vens
2049 2807 2105 2871 5,

520 2894 603 2967 6.]
632 2894 874 2952 Laudate
911 2910 1037 2951 eum
1077 2910 1205 2951 cum
1236 2903 1495 2967 tympano
1539 2904 1595 2951 et
1637 2896 1850 2953 choro:
1891 2897 2109 2956 laudate

519 3000 645 3040 eum
680 2986 901 3042 chordis
930 2993 987 3041 et
1013 2998 1243 3056 organo.
1279 2983 1525 3041 Laudate
1559 2999 1687 3040 eum
1722 3001 1847 3041 cum
1886 2987 2110 3059 cymba-

2205 1504 2416 1560 αὐτοῦ.
2470 1505 2648 1570 Μόνος
2702 1506 2813 1577 γὰρ
2863 1507 3124 1579 στερρὸν,
3168 1507 3263 1562 καὶ
3312 1505 3653 1576 ἀνώλεθρον,
3699 1506 3800 1560 καὶ

2207 1598 2429 1652 αἰώνιον
2453 1598 2568 1669 ἔχει
2600 1599 2663 1653 τὸ
2686 1599 2910 1670 κράτος.
3656 1580 3706 1591 τ’

2278 1690 2350 1761 γ’.
2386 1709 2406 1743 ι
2446 1692 2657 1745 Αἰνεῖτε
2688 1691 2851 1746 αὑτὸν
2883 1692 2977 1745 ἐπὶ
3010 1692 3131 1755 ταῖς
3170 1688 3513 1755 δυναστείαις
3545 1689 3734 1747 αὐτοῦ.
3773 1710 3794 1744 ι

2212 1786 2466 1858 Ἀῤῥητα
2493 1784 2604 1857 γὰρ
2631 1784 2699 1839 τά
2725 1783 2933 1840 διὰτῶν
2964 1784 3136 1853 ἁγίων
3167 1782 3334 1837 αὐτοῦ
3366 1782 3636 1853 διηνεκῶς
3657 1799 3798 1837 κατ-

2208 1879 2538 1951 ορθούμενα.
2584 1879 2798 1934 Αἰνεῖτε
2847 1878 3011 1932 αὐτὸν
3049 1877 3192 1933 κατὰ
3232 1876 3294 1930 τὸ
3332 1875 3535 1948 πλῆθος
3561 1878 3662 1948 τῆς
3700 1893 3799 1945 με·

2208 1972 2532 2042 γαλωσύνης
2563 1970 2751 2027 αὐτοῦ.
2790 1972 2974 2026 Ἐοικε
3012 1969 3172 2041 τοῦτο
3192 1973 3307 2034 τοῖς
3337 1970 3439 2041 ἥδη
3473 1969 3603 2039 παρ’
3637 1968 3798 2040 ἡμῶν

2209 2063 2671 2136 ἑρμηνευομένοις
2696 2063 2795 2114 ⁹⁶·›
2819 2063 2943 2116 Ὀτι
2964 2063 3062 2132 τῆς
3084 2061 3480 2133 μεγαλωσύνης
3500 2059 3669 2116 αὐτοῦ
3694 2061 3801 2115 οὐκ

2209 2156 2325 2211 ἔστι
2370 2156 2567 2226 πέρας.
2607 2173 2627 2205 υ
2666 2156 2928 2225 Ἀπειρον
2961 2154 3071 2226 γὰρ
3105 2152 3296 2221 αὑτοῦ,
3346 2153 3502 2224 φησί,
3532 2153 3597 2208 τὸ
3631 2154 3800 2225 μέγεο

2210 2247 2321 2314 θος,
2357 2248 2669 2320 ἀμέτρητος
2705 2248 2738 2319 ἡ
2780 2245 3044 2317 δύναμις·
3074 2245 3163 2301 διὰ
3199 2245 3378 2300 πάντα
3412 2245 3595 2301 τοίνυν
3630 2245 3799 2299 αὑτὸν

2209 2336 2509 2409 ὑμνοῦντες
2539 2335 2915 2391 διατελέσατε.

2277 2428 2344 2484 δ’.
2385 2447 2406 2482 ι
2439 2430 2651 2484 Αἰνεῖτε
2683 2420 2935 2484 αὑτὸνὲν
2976 2427 3094 2499 ἤχῳ
3133 2426 3455 2497 σάλπιγγος.
3492 2447 3511 2481 ι
3562 2427 3799 2500 Ἱερατι-

2210 2522 2305 2576 κὸν
2348 2516 2420 2593 ἧν
2466 2520 2629 2576 τοῦτο
2671 2522 2733 2575 τὸ
2773 2521 3037 2593 ὄργανον·
3083 2521 3134 2574 οἰ
3185 2522 3352 2592 ἰερεῖς
3394 2518 3504 2590 γάρ
3553 2520 3802 2591 ἐχρῶντο

2208 2616 2330 2680 ταῖς
2364 2615 2642 2685 σάλπιγξι,
2681 2615 2791 2669 τῶν
2830 2616 2888 2668 ὲν
2919 2615 3050 2685 Σινᾷ
3076 2613 3193 2685 ὄρει
3215 2612 3530 2683 γενομένων
3562 2611 3803 2683 σαλπίγ-

2209 2723 2323 2778 γων
2348 2707 2901 2778 ἀναμιμνήσκοντες.
3298 2770 3305 2773 _

2285 2819 2306 2855 ι
2340 2801 2555 2855 Αἰνεῖτε
2586 2798 2750 2854 αὐτὸν
2779 2801 2838 2853 ὲν
2871 2797 3159 2870 ψαλτηρίῳ
3194 2796 3291 2852 καὶ
3320 2794 3546 2869 κιθάρᾳ.
3579 2801 3665 2864 ιε’,
3696 2792 3805 2867 ςη

2210 2895 2422 2949 Αἰνεῖτε
2446 2891 2607 2947 αὑτὸν
2628 2892 2684 2946 ὲν
2708 2890 2979 2962 τυμπάνῳ
3008 2890 3105 2945 καὶ
3125 2890 3273 2963 χορῷ
3290 2905 3304 2919 ·
3333 2892 3535 2945 αἰνεϊτε
3559 2889 3723 2943 αὑτὸν
3742 2889 3803 2942 ἐν

2212 2984 2434 3056 χορδαῖς
2468 2982 2564 3038 καὶ
2586 2981 2824 3054 ὀργάνῳ.
2858 2982 3069 3036 Αἰνεῖτε
3096 2981 3259 3036 αὐτὸν
3290 2982 3348 3036 ὲν
3377 2979 3680 3051 κυμϐάλοις
3708 2979 3804 3032 εὐ·-

520 3078 589 3131 lis
617 3077 756 3133 bene
800 3076 1152 3141 sonantibus,
1207 3075 1422 3133 laudate
1456 3092 1584 3132 eum
1616 3077 1883 3148 cymbalis
1907 3079 2107 3150 jubila-

2214 3080 2368 3150 ήχοις
2382 3078 2449 3143 ’⁷,
2463 3076 2663 3130 αἰνεῖτε
2681 3076 2843 3129 αὐτὸν
2861 3076 2919 3129 ὲν
2937 3074 3241 3146 κυμϐάλοις
3256 3071 3602 3144 ἀλαλαγμοῦ.
3617 3090 3636 3123 ι
3664 3071 3805 3125 Τού-

518 3166 709 3222 tionis.
754 3186 776 3221 ι
819 3165 919 3223 His
958 3167 1344 3225 instrumentis
1383 3163 1514 3224 olim
1560 3166 1763 3225 Levitaa
1790 3170 2104 3240 utebantur,

518 3257 688 3314 Deum
725 3258 781 3313 in
810 3259 1000 3314 divino
1037 3260 1241 3330 templo
1273 3259 1558 3317 laudantes
1589 3280 1603 3316 :
1639 3278 1750 3317 non
1786 3264 1931 3333 quod
1963 3264 2107 3321 Deus

520 3352 720 3405 horum
752 3366 892 3407 sono
922 3352 1310 3417 obiectaretur,
1342 3354 1438 3409 sed
1469 3354 1731 3425 quoniam
1762 3357 2106 3427 propositum

520 3456 737 3509 eorum,
788 3441 883 3511 qui
935 3442 1055 3497 haec
1109 3441 1403 3510 faciebant,
1452 3446 1903 3515 amplectebatur.
1967 3447 2105 3504 Nam

523 3536 695 3590 Deum
728 3535 956 3591 minime
983 3536 1240 3592 cantibus
1268 3547 1322 3592 et
1355 3537 1509 3594 sonis
1534 3538 1812 3607 delectari,
1853 3541 2109 3598 audimus

523 3629 705 3699 ipsum
764 3626 969 3684 Judaeis
1016 3628 1286 3684 dicentem
1335 3651 1347 3685 :
1396 3649 1415 3682 ι
1453 3632 1650 3688 Averte
1702 3648 1732 3689 a
1782 3647 1871 3688 me
1906 3650 2106 3691 sonum

523 3720 843 3777 cantionum
883 3728 1127 3787 tuarum,
1174 3731 1229 3777 et
1259 3736 1455 3777 sonum
1504 3739 1834 3795 organorum
1887 3734 2104 3781 tuorum

523 3825 630 3866 non
670 3810 888 3866 audiam
925 3821 978 3864 ιι.
1016 3828 1034 3862 ι
1071 3810 1200 3866 Haec
1233 3811 1399 3882 igitur
1422 3812 1549 3879 ﬁeri
1584 3813 1850 3883 permisit,
1882 3830 2006 3870 cum
2039 3815 2109 3870 ab

522 3901 798 3957 idolorum
838 3916 1025 3957 errore
1058 3915 1155 3957 eos
1182 3902 1420 3958 liberare
1449 3903 1627 3959 vellet.
1657 3903 1926 3970 Quoniam
1959 3907 2106 3961 enim

525 3994 779 4049 nonnulli
818 3993 1074 4048 ludorum
1113 3993 1348 4049 studiosi
1372 4002 1425 4049 et
1457 3993 1604 4049 risus
1630 4004 1902 4051 amatores
1929 4006 2105 4063 erant,

524 4087 642 4141 haec
667 4085 855 4140 omnia
886 4094 1070 4140 autem
1096 4086 1151 4139 in
1182 4084 1454 4139 idolorum
1486 4085 1705 4155 templis
1742 4085 1962 4151 ﬁebant,
1996 4088 2110 4143 lucc

522 4176 795 4246 permisit,
834 4175 940 4230 hoc
970 4183 1130 4246 pacto
1163 4189 1260 4229 eos
1283 4175 1552 4239 alliciens,
1579 4184 1633 4230 et
1667 4175 1865 4230 minori
1907 4176 2110 4233 damno

2213 3186 2328 3233 τοις
2344 3170 2396 3222 οἰ
2418 3167 2643 3223 Λευῖται
2660 3167 2826 3222 πάλαι
2840 3169 2953 3230 τοῖς
2968 3166 3220 3239 ὀργάνοις
3238 3165 3480 3236 ἐχρῶντο
3503 3166 3562 3221 ὲν
3580 3163 3659 3235 τῷ
3672 3164 3805 3232 θείῳ

2214 3257 2323 3329 νεῷ
2343 3258 2435 3312 τὸν
2455 3257 2588 3313 Θεὸν
2607 3256 2975 3328 άνυμνοῦντες
2995 3274 3009 3289 ο
3038 3256 3140 3310 ούκ
3163 3255 3355 3327 ἐπειδὴ
3385 3255 3518 3318 Θεὸς
3541 3254 3807 3326 ἐτέρπετο

2215 3354 2283 3425 τῇ
2305 3350 2510 3405 τούτων
2525 3353 2658 3423 ἠχῇ,
2669 3349 2783 3404 ἀλλ’
2797 3349 2985 3420 ἐπειδὴ
3000 3347 3109 3402 τῶν
3134 3346 3473 3417 γιγνομένων
3487 3346 3579 3399 τὸν
3600 3343 3806 3398 σκοπὸν

2215 3444 2532 3516 ἀπεδέχετο.
2552 3443 2677 3496 Ὅτι
2696 3441 2803 3514 γὰρ
2824 3439 2991 3511 ᾠδαῖς
3013 3442 3105 3494 καὶ
3135 3439 3269 3510 κρού
3278 3453 3411 3508 μασι
3440 3435 3501 3491 τὸ
3520 3436 3673 3491 Θεῖον
3701 3437 3807 3489 οὐκ

2215 3532 2596 3604 ἐπιτέρπεται,
2649 3529 2920 3601 ἀκούομεν
2968 3526 3135 3582 αὐτοῦ
3187 3526 3440 3595 λέγοντος
3479 3524 3755 3588 Ἰουδαίοις
3785 3539 3803 3554 θ

2222 3642 2241 3677 ι
2292 3622 2627 3694 Ἀπόστησον
2670 3622 2766 3676 ἀπ’
2798 3618 2933 3691 ἐμοῦ
2963 3616 3097 3692 ἦχον
3141 3618 3294 3690 ᾠδῶν
3333 3634 3448 3682 σου,
3489 3617 3583 3670 καὶ
3620 3618 3807 3687 φωνῆς

2215 3715 2464 3787 ὀργάνων
2510 3730 2603 3766 σου
2635 3712 2736 3767 οὐκ
2770 3711 3101 3782 ἀκούσομαι.
3143 3728 3162 3762 ι
3199 3708 3387 3764 Ταῦτα
3429 3708 3613 3761 τοίνυν
3649 3709 3809 3776 γίνε-

2219 3808 2344 3862 σθαι
2390 3805 2758 3877 συνεχώρησε,
2789 3803 2890 3874 τῆς
2922 3802 3032 3856 τῶν
3076 3800 3312 3855 εἰδώλων
3359 3798 3560 3863 αὐτοὺς
3595 3798 3809 3869 πλάνης

2215 3897 2524 3964 ἀπαλλάξαι
2559 3894 2815 3966 θελήσας.
2872 3893 3086 3963 Ἐπειδὴ
3118 3891 3227 3962 γὰρ
3267 3889 3696 3962 φιλοπαίγμονές
3725 3904 3811 3939 τι-

2215 4008 2306 4054 νες
2333 3987 2497 4062 ἦσαν,
2526 3987 2621 4041 καὶ
2659 3983 3041 4057 φιλογέλωτες,
3075 3982 3247 4037 ταῦτα
3273 3981 3329 4034 δὲ
3359 3980 3580 4037 ἅπαντα
3607 3979 3666 4032 ὲν
3689 3979 3808 4039 τοῖς

2217 4081 2453 4138 εἰδώλων
2501 4078 2809 4134 ἑπετελεῖτο
2852 4077 3024 4140 ναοῖς,
3069 4073 3421 4145 συνεχώρησε
3471 4072 3666 4137 ταῦτα,
3712 4070 3807 4125 διὰ

2216 4175 2422 4229 τούτων
2454 4173 2651 4235 αὐτοὺς
2681 4169 3070 4240 ἐφελκόμενος,
3119 4167 3214 4222 καὶ
3245 4170 3311 4239 τῇ
3342 4165 3587 4221 ἐλάττονι
3628 4163 3807 4236 βλάϐῃ

524 4268 705 4336 majus
729 4266 1055 4338 impediens,
1084 4264 1300 4337 1585
1325 4273 1379 4322 et
1409 4280 1503 4335 per
1533 4265 1848 4335 imperfecta
1871 4268 2107 4339 perfecta

2217 4267 2445 4324 κωλύων
2483 4265 2584 4336 τὴν
2626 4262 2873 4335 μείζονα,
2906 4263 3002 4316 καὶ
3043 4260 3130 4314 διὰ
3163 4259 3274 4314 τῶν
3309 4257 3519 4313 ἀτελῶν
3561 4273 3805 4328 προπαι-

527 4365 546 4381 ‘
580 4360 805 4414 docens.
845 4376 864 4409 ι
898 4355 1092 4413 Omnis
1124 4356 1352 4427 spiritus
1379 4354 1564 4411 laudet
1592 4346 1905 4413 Dominum.
1938 4377 1957 4410 ›
1991 4357 2107 4415 Non

2217 4358 2387 4414 δεύων
2415 4357 2461 4392 ⁸⁸
2490 4356 2560 4410 τά
2594 4356 2796 4411 τέλεια.
2832 4373 2852 4407 ι
2890 4353 3047 4407 Πᾶσα
3074 4349 3211 4422 πνοὴ
3259 4348 3527 4403 αἰνεσάτω
3562 4348 3655 4401 τὸν
3689 4346 3808 4400 Κύ-

526 4452 699 4507 Judaei
745 4451 951 4519 solum,
991 4450 1084 4506 sed
1126 4464 1318 4505 omnes
1356 4448 1630 4506 homines.
1676 4448 1796 4506 Non
1838 4452 1982 4506 enim
2013 4451 2107 4506 .ln-

2217 4467 2354 4524 ριον.
2393 4468 2412 4501 ι
2444 4449 2560 4503 Οὐκ
2596 4447 2840 4503 Ἰουδαῖοι
2871 4447 3052 4515 μόνον,
3095 4441 3235 4497 ἀλλὰ
3268 4444 3470 4505 πάντες
3499 4441 3804 4512 ἄνθρωποι.

530 4544 773 4600 decorum
803 4543 948 4600 Deus
981 4541 1064 4601 est
1100 4551 1331 4609 tantum,
1357 4542 1658 4599 secundum
1692 4543 1938 4600 divinum
1964 4543 2107 4615 Apo-

2218 4543 2291 4596 Ού
2319 4542 2428 4613 γὰρ
2467 4539 2738 4594 Ἰουδαίων
2762 4538 2898 4600 Θεὸς
2938 4536 3120 4609 μόνον,
3147 4533 3290 4589 κατὰ
3326 4534 3420 4588 τὸν
3454 4532 3597 4587 θεῖον
3639 4531 3807 4586 Ἀπό-

529 4639 732 4694 stolum
765 4639 810 4706 ί,
836 4642 933 4694 sed
956 4638 1120 4694 etiam
1146 4638 1412 4708 gentium.
1438 4636 1496 4692 in
1526 4636 1835 4693 centesimo
1868 4637 2037 4707 igitur
2061 4646 2107 4694 et

2217 4634 2427 4700 στολον,
2473 4631 2612 4686 ἀλλὰ
2652 4630 2748 4686 καὶ
2787 4629 2979 4684 ἐθνῶν.
3023 4630 3114 4682 Ἐν
3141 4629 3242 4698 μὲν
3269 4626 3363 4680 οὖν
3401 4624 3479 4698 τῷ
3521 4632 3566 4696 ρ’
3594 4625 3689 4679 καὶ
3721 4624 3806 4694 μδ¹

531 4730 955 4801 quadragesimo
984 4739 1184 4802 quarto
1212 4731 1426 4802 psalmo
1459 4729 1537 4785 ait
1569 4747 1584 4785 :
1621 4748 1641 4782 ι
1673 4728 1971 4785 Benedicat
1995 4744 2107 4785 om-

2216 4725 2322 4799 ἔφη
2368 4722 2608 4795 ιίιαλμῷο
2638 4741 2659 4776 ι
2712 4720 3022 4791 Εὐλογείτω
3069 4721 3220 4774 πᾶσα
3265 4717 3404 4789 σάρξ
3440 4715 3501 4772 τὸ
3543 4717 3717 4786 ὄνομα
3744 4716 3806 4770 τὸ

532 4820 619 4875 nis
649 4834 779 4875 caro
799 4820 1009 4875 nomini
1041 4830 1236 4878 sancto
1261 4821 1382 4893 ejus
1404 4818 1419 4872 l
1439 4859 1455 4876 .
1490 4838 1510 4872 ι
1542 4820 1657 4876 Hoc
1682 4830 1865 4877 autem
1894 4821 2107 4889 inloco,

2219 4816 2375 4885 ἆγιον
2406 4810 2593 4868 αὑτοῦ.
2642 4830 2663 4863 ι
2708 4808 2975 4865 Ἐνταῦθα
3000 4808 3091 4875 δὲ,
3122 4827 3141 4860 ι
3177 4809 3336 4862 Πᾶσα
3365 4807 3503 4878 πνοὴ
3537 4806 3807 4861 αἰνεσάτω

537 4929 558 4963 ι
585 4910 779 4969 Omnis
810 4912 1056 4983 spiritus,
1085 4913 1236 4980 dicit,
1271 4913 1456 4969 laudet
1483 4913 1800 4969 Dominum.
1832 4933 1852 4967 ι
1882 4914 1989 4971 Sed
2014 4929 2107 4971 nec

2220 4907 2313 4962 τὸν
2351 4905 2581 4977 Κύριον.
2615 4922 2639 4958 ι
2681 4902 2821 4958 Οὔτε
2849 4904 2907 4956 δὲ
2933 4903 3052 4956 ἐκεῖ
3080 4901 3248 4973 μόνην
3285 4900 3384 4971 τὴν
3435 4900 3637 4971 σάρκα,
3681 4898 3806 4952 οὔτε

535 5002 611 5058 ibi
642 5003 814 5058 solam
845 5018 1090 5070 carnem,
1118 5019 1222 5060 nec
1244 5004 1338 5060 hic
1372 5003 1626 5074 spiritum
1652 5004 1835 5060 solum
1862 5004 2076 5059 vocavit
2105 5026 2107 5057 :

2216 4999 2452 5054 ἐνταῦθα
2506 4996 2674 5069 μόνην
2727 4995 2954 5052 ἐκάλεσε
3000 4993 3099 5067 τὴν
3145 4993 3318 5064 πνοήν
3341 5012 3354 5025 ·
3407 4990 3549 5047 ἀλλὰ
3595 4990 3692 5044 καὶ
3740 4990 3805 5045 δι’

536 5110 727 5150 verum
769 5104 824 5151 et
854 5111 952 5167 per
992 5096 1097 5151 hoc
1125 5105 1180 5153 et
1208 5112 1305 5167 per
1335 5096 1494 5163 illud,
1523 5104 1578 5153 et
1602 5110 1834 5166 corpore
1856 5104 1908 5150 et
1934 5094 2107 5149 anima

2219 5093 2433 5147 ἐκείνου
2460 5092 2555 5146 καὶ
2581 5090 2668 5145 διὰ
2696 5090 2908 5155 τούτου,
2946 5086 3043 5142 καὶ
3065 5085 3281 5157 σώματι
3311 5085 3407 5138 καὶ
3433 5082 3582 5155 ψυχῇ
3616 5083 3808 5153 ὑμνεῖν

538 5185 708 5242 Deum
740 5188 1126 5244 universorum
1158 5187 1369 5245 laudari
1412 5187 1683 5259 praecipit.
1719 5186 1991 5243 Caeterum
2023 5185 2107 5241 ad-

2224 5183 2662 5259 παρακελεύεται
2703 5183 2797 5236 τὸν
2832 5181 2941 5236 τῶν
2974 5180 3114 5235 ὅλων
3160 5178 3313 5232 Θεόν.
3365 5176 3722 5244 Ἀξιάγαστον
3750 5173 3807 5228 δὲ

1787 5370 1810 5412 1
1844 5371 2005 5429 Rom.
2038 5348 2143 5439 ιιι,
2172 5370 2265 5428 29.
2349 5369 2363 5422 i
2407 5369 2553 5427 Psal.
2585 5384 2770 5439 cxuv,
2806 5369 2899 5425 21.

1612 5522 1851 5580 VARUE
1883 5524 2268 5583 LECTIONES
2310 5523 2398 5580 ET
2427 5520 2661 5580 ΝΟΤΛΕ.

542 5644 922 5770 saltm?“
948 5646 1024 5705 ἰδ’
1059 5643 1306 5717 ὑμν⁶ἶτε⁹
1374 5645 1422 5682 ’⁸
1451 5644 1573 5704 θοάο
1602 5645 1627 5702 ί
1659 5645 2107 5719 ἡρμηνευμένοιςγ

2211 5645 2252 5678 ’⁷
2276 5643 2638 5732 Εὐήχοιςέο-
2661 5643 3010 5724 κυμϐάλοις.
3041 5642 3164 5701 Des.
3203 5644 3334 5701 ibid.
3412 5645 3458 5678 ’⁸
3471 5643 3594 5701 cod.
3634 5644 3659 5700 1
3690 5626 3823 5697 παι-

612 5383 639 5423 s
664 5372 809 5431 Psal.
845 5389 1026 5443 cxuv,
1053 5375 1109 5433 5.
1231 5374 1261 5415 ιι
1293 5372 1465 5430 Amos
1498 5387 1554 5441 v,
1582 5372 1674 5429 23.
