4032 6446
448 340 557 409 Ῑῡι

1470 342 1963 406 THEODORETI
1993 344 2334 407 EPISCOPI
2370 346 2738 407 CYIIENSIS

3604 348 3694 416 192

449 456 617 522 Deus,
656 468 780 511 cum
822 454 895 510 sit
927 453 1242 518 invisibilis,
1279 469 1377 524 per
1401 453 1635 522 lcarnem
1683 457 1834 513 visus
1874 457 2041 513 estin

2151 457 2301 528 δήληο
2332 457 2506 523 οὕτως
2545 459 2776 529 ἀόρατος
2818 455 2894 510 ὢν
2928 457 2957 511 6
2990 455 3124 520 Θεὸς
3148 457 3326 525 Λόγος
3363 457 3469 528 (61)
3498 458 3582 514 διὰ
3608 461 3697 533 τῆς

451 560 617 614 terra,
655 559 710 605 et
739 565 864 605 cum
897 549 1211 605 hominibus
1257 560 1612 606 conversatus
1644 562 1747 617 est,
1782 562 1836 607 et
1867 568 2034 623 appa-

456 642 563 696 ruit
628 643 682 696 in
743 657 926 706 carne,
984 641 1283 697 secundum
1349 643 1596 697 divinum
1657 643 2031 714 Apostolum‘.

455 736 806 791 Frumentum
855 742 1034 789 autem
1086 744 1140 788 et
1182 734 1369 787 vinum
1402 742 1528 788 sunt
1557 735 1786 803 aenigma
1824 737 2037 790 divino-

456 844 573 881 rum
615 825 1015 891 mysteriorum.
1071 826 1136 879 Et
1166 825 1292 879 huic
1324 824 1757 893 interpretationi
1810 841 2035 880 consen-

456 921 613 983 tiunt,
635 934 755 987 qu:e
783 922 1115 987 sequuntur:
1153 934 1171 966 ι
1204 915 1268 970 Et
1297 915 1538 969 servient
1567 916 1662 969 tibi
1695 924 1882 984 gentes
1914 928 2034 969 ιι.-

453 1006 654 1061 Omnes
700 1006 843 1060 enim
892 1014 1079 1074 gentes
1117 1006 1358 1059 servient
1402 1005 1497 1064 illi.
1541 1025 1559 1058 ι
1604 1014 1667 1061 ιιι
1709 1008 1785 1059 ait
1820 1007 2037 1061 divinus

456 1096 619 1149 David
643 1103 690 1160 ν,
724 1114 743 1145 σ
784 1094 846 1149 Et
874 1096 1179 1149 adorabunt
1229 1104 1282 1149 te
1328 1095 1621 1166 principes.
1665 1096 1840 1166 Reges
1869 1098 2036 1159 enim,

454 1187 649 1256 inquit,
682 1187 908 1241 'I‘harsis
937 1198 990 1241 et
1032 1187 1222 1242 insulae
1273 1202 1499 1242 munera
1551 1187 1802 1243 olfereut.
1857 1188 2028 1257 Reges

454 1280 692 1333 Arabum
723 1287 778 1332 et
816 1277 973 1332 Sabae
1001 1277 1140 1332 dona
1171 1277 1462 1343 adducent,
1488 1287 1543 1332 et
1572 1277 1878 1332 adorabunt
1906 1294 2031 1332 eum

455 1384 645 1423 omnes
675 1384 830 1437 reges
866 1378 1035 1423 terrae.
1081 1387 1098 1418 ι
1150 1366 1298 1423 Hauc
1340 1383 1561 1439 quoque
1611 1369 2039 1424 benedictionem

459 1459 822 1524 conﬁrmavit,
854 1459 1071 1529 quando
1119 1460 1268 1515 misit
1309 1475 1435 1514 eum
1470 1460 1524 1513 in
1566 1458 2038 1529 Mesopotamiam.

467 1571 487 1603 ι
518 1551 647 1605 Fias
679 1551 843 1611 enim.
877 1552 1071 1620 inquit,
1121 1553 1573 1621 congregationes
1616 1551 1959 1622 populorum,
1992 1560 2046 1607 et

463 1645 552 1697 det
602 1643 694 1697 tibi
750 1641 1011 1697 Dominus
1063 1643 1495 1698 benedictionem
1552 1644 1842 1698 Ahrahami
1875 1644 2045 1713 patris

466 1734 542 1786 tui
564 1739 611 1785 ι.
652 1751 670 1782 ›
705 1732 962 1796 Quaenam
1013 1741 1189 1786 autem
1221 1742 1369 1787 esset
1414 1732 1738 1794 benedictio,
1772 1731 1931 1787 facile
1962 1742 2047 1788 est

2138 547 2339 617 σαρκὸς
2384 548 2477 600 ἐπὶ
2507 546 2612 618 γῆς
2656 546 2835 617 ὤφθη,
2876 546 3115 610 καὶτοῖς
3157 545 3470 617 ἀνθρώποις
3525 566 3697 603 συνανε

2139 638 2413 707 εστράφη,
2450 638 2544 690 καὶ
2594 636 2913 710 ἐφανερώθη
2956 639 3012 690 ὲν
3057 637 3243 709 σαρκὶ,
3278 638 3419 692 κατά
3461 640 3549 693 τὸν
3571 640 3700 694 Θεῖον

2150 725 2488 781 Ἀπόστολον.
2523 727 2632 780 Καὶ
2660 729 2687 780 6
2710 729 2856 791 σῖτος
2873 727 2928 779 δὲ
2957 728 3051 781 κα)⁵
3072 729 3099 781 6
3131 723 3270 790 οἶνος
3291 728 3401 781 τῶν
3422 729 3573 781 θείων
3592 731 3697 784 ἐστὶ

2140 818 2457 888 μυστηρίων
2508 819 2739 889 αἴνιγμα
2759 836 2772 851 ⁸
2801 818 2978 889 τούτῳ
3025 823 3313 889 συμφωνεῖ
3338 820 3414 891 τῷ
3447 821 3589 892 λόγῳ
3614 816 3713 876 καῖ

2135 911 2203 964 τὰ
2224 911 2350 981 ἑξῆς
2372 929 2386 943 ·
2412 930 2431 963 ‹
2451 912 2562 965 Καὶ
2593 912 3041 967 δουλευσάτωσάν
3075 928 3157 964 σοι
3195 911 3344 982 ἔθνη.
3393 913 3575 966 Πάντα
3601 914 3700 985 γὰρ

2136 1002 2205 1054 τὰ
2228 1000 2354 1072 ἔθνη
2378 1000 2759 1055 δουλεύσουσιν
2788 999 2957 1071 αὐτῷ,
2984 1018 3004 1052 ι
3044 1001 3213 1071 φησὶν
3243 1000 3356 1072 (62)
3391 1003 3419 1055 6
3451 1002 3589 1067 θεῖος
3611 1005 3704 1055 Aa.-

2139 1091 2239 1145 6l6.
2265 1111 2284 1143 ι
2307 1092 2417 1144 Καὶ
2439 1094 2915 1161 προσκυνήσουσιν
2933 1092 2981 1145 oi
3010 1091 3293 1161 ἄρχοντες.
3315 1092 3562 1155 Βασιλεῖς
3582 1093 3705 1163 γὰρ,

2141 1179 2544 1250 φησὶ,Θαρσεῖς
2569 1180 2791 1250 (65)κα“ι
2807 1181 2962 1248 νῆσοι
2991 1178 3141 1250 δῶρα
3168 1180 3710 1246 προσοίσουσι.Βασιο

2139 1272 2252 1335 λεῖς
2280 1272 2528 1344 Ἀράϐων
2560 1272 2657 1325 καὶ
2691 1270 2840 1324 Σαόἀ
2863 1271 3012 1341 δῶρα
3047 1268 3401 1339 προσάξουσι,
3428 1270 3520 1324 καὶ
3547 1286 3710 1340 προσ-

2140 1364 2467 1435 κυνήσουσιν
2523 1363 2674 1432 αὐτῷ
2742 1363 2945 1425 πάντες
2982 1363 3048 1415 οἱ
3099 1361 3341 1433 βασιλεῖς
3398 1360 3500 1431 τῆς
3545 1362 3708 1431 γῆς.»

2142 1455 2359 1528 Ταύτην
2380 1455 2645 1526 ἐκράτυνε
2675 1455 2773 1525 τὴν
2802 1452 3075 1522 εὐλογίαν,
3121 1454 3218 1507 καὶ
3249 1453 3419 1523 ἡνίκα
3453 1452 3613 1507 αὐτὸν
3641 1453 3717 1517 είς
3748 1527 3759 1532 ί

2141 1547 2240 1619 τὴν
2256 1546 2687 1616 Μεσοποταμίαν
2720 1545 3048 1613 ἐξέπεμψεν.
3077 1565 3094 1595 ι
3120 1544 3259 1616 Ἔστι
3287 1545 3418 1615 γὰρ,
3437 1544 3716 1615 φησὶν,είς

2145 1638 2467 1708 συναγωγὰς
2488 1637 2679 1702 ἐθνῶν,
2719 1640 2815 1690 καὶ
2847 1636 2961 1707 δῴη
2992 1653 3077 1689 σοι
3108 1636 3317 1705 Κύριος
3353 1635 3457 1706 τὴν
3479 1635 3721 1703 εὐλογίαν

2156 1730 2410 1802 ’Δσραάμ
2436 1728 2532 1783 τοῦ
2580 1729 2790 1799 πατρός
2835 1746 2930 1781 σου
2961 1727 3098 1797 (64).
3130 1746 3148 1778 ι
3185 1728 3283 1790 Τίς
3314 1728 3374 1780 δὲ
3409 1729 3444 1796 ἠ
3484 1727 3721 1792 εὐλογία,

460 1825 671 1879 discere
724 1824 946 1878 volenti.
1003 1824 1317 1878 Abrahamo
1359 1824 1505 1879 enim
1557 1823 1696 1878 dixit
1738 1823 1882 1879 Deus
1926 1839 2043 1877 om-

2152 1824 2333 1895 ρᾴδιον
2356 1822 2439 1893 τῷ
2475 1821 2783 1895 βουλομένῳ
2808 1820 3174 1890 καταμαθεῖν.
3197 1821 3291 1890 Τῷ
3325 1820 3439 1890 γὰρ
3479 1820 3724 1891 Ἀϐραὰμ

462 1915 651 1968 nium:
685 1932 704 1965 ι
746 1914 800 1966 ln
833 1913 1040 1968 semine
1088 1922 1182 1967 tuo
1211 1912 1601 1967 benedicentur
1634 1926 1824 1967 omnes
1860 1921 2045 1980 gentes

464 2016 622 2061 terra;
651 2014 702 2060 Y.
742 2022 767 2058 ι

955 2114 1235 2171 INTERR.
1262 2113 1552 2170 LXXXIII.
1658 2142 1667 2150 -

463 2234 575 2306 βεεν
603 2233 771 2288 Iacob
804 2244 981 2306 lentas
1016 2234 1397 2306 benedictione:
1437 2234 1678 2303 adeptus,
1712 2233 1929 2306 fratrem
1962 2231 2048 2299 [uo

532 2307 630 2376 git,
665 2315 713 2357 et
770 2305 935 2369 solus,
970 2302 1121 2358 rebus
1151 2305 1459 2359 necessariis
1517 2320 1724 2371 carem,
1769 2303 1879 2357 abit
1928 2316 2048 2370 per-

533 2391 654 2445 egre
671 2377 696 2429 ?

538 2466 882 2521 Providentia
922 2466 1105 2521 divina
1141 2466 1488 2522 manifestius
1531 2466 1845 2522 declaratur
1875 2467 1928 2521 in
1963 2483 2047 2522 re-

465 2558 615 2619 bus,
665 2571 788 2627 qua:
830 2558 1082 2612 videntur
1132 2559 1394 2613 adversae.
1446 2556 1581 2612 Nam
1635 2560 1836 2629 quibus
1864 2560 2046 2613 omnia

468 2663 726 2719 prospere
748 2649 963 2711 cedunt,
997 2663 1102 2702 non
1138 2647 1246 2717 93
1278 2646 1501 2718 perinde
1536 2648 1852 2717 intelligunt
1875 2663 2049 2717 quan-

468 2741 540 2795 tis
574 2738 731 2794 bonis
762 2737 1033 2793 fruantur.
1067 2737 1178 2793 Ilac
1207 2740 1277 2793 de’
1322 2753 1482 2793 causa
1522 2737 1689 2794 Jacob
1724 2736 1956 2809 aufugit,
1996 2748 2049 2793 et

467 2832 621 2887 solus
660 2832 1054 2902 peregrinatur,
1113 2841 1169 2885 ut
1216 2830 1681 2900 locupletissimus
1736 2830 1951 2884 rediens
1995 2838 2049 2884 et

465 2920 585 2987 ipse
612 2918 922 2988 experiatur
943 2927 1147 2988 quanta
1180 2918 1253 2973 sit
1281 2916 1373 2971 Dei
1407 2917 1654 2971 omnium
1687 2917 2047 2987 providentia,

465 3022 519 3065 et
554 3010 693 3064 alios
741 3010 947 3065 doceat.
983 3008 1135 3063 Hanc
1174 3007 1601 3063 sollicitudinem
1643 3023 1796 3062 suam
1834 3007 2049 3076 appari-

466 3103 613 3156 tione
641 3098 1277 3155 coul‘estim‘declaravit.
1309 3099 1560 3154 Ostendit
1587 3100 1733 3154 enim
1764 3100 1812 3154 ei
1844 3100 2046 3155 scalam

469 3193 537 3248 ad
575 3193 773 3248 coelum
811 3193 990 3261 ipsum
1043 3207 1216 3262 usque
1268 3192 1688 3262 pertingentem,
1738 3202 1791 3247 et
1832 3202 2051 3248 sanctos

470 3276 691 3357 angelos
738 3285 1094 3340 ascendentes
1150 3294 1206 3339 et
1262 3283 1705 3340 descendentes,
1751 3284 1871 3356 Ipse
1920 3301 2052 3342 vero

429 3437 435 3443 ,
473 3377 737 3431 Dominus
783 3390 1002 3430 sursum
1059 3373 1371 3431 consistens
1407 3375 1767 3431 conﬁrmabat
1804 3392 1950 3441 eum,
2002 3386 2058 3435 et

472 3478 679 3522 metum
726 3466 1051 3537 expellebat.
1084 3466 1442 3522 Declarabant
1471 3476 1652 3522 autem
1684 3464 1859 3538 angeli
1892 3469 2056 3523 mini-

473 3559 698 3615 sterium
732 3558 998 3623 divinum,
1031 3559 1099 3614 de
1143 3558 1345 3629 quibus
1380 3560 1571 3616 beatus
1602 3559 1803 3616 Paulus
1838 3561 2052 3631 inquit:

478 3668 499 3701 ι
560 3647 751 3704 Nonne
795 3657 923 3704 sunt
967 3664 1158 3704 omnes
1198 3649 1644 3706 administratorii
1699 3652 1944 3722 spiritus,
1990 3650 2058 3707 ad

475 3738 838 3793 ministerium
865 3739 1017 3795 missi
1045 3748 1267 3809 propter
1295 3754 1412 3806 eos,
1442 3741 1534 3811 qui
1578 3743 1943 3797 hereditatem
1976 3757 2062 3796 ca.

474 3831 626 3903 pient
652 3831 925 3887 salutis'?
953 3851 973 3883 ι
1007 3829 1213 3886 Horum
1243 3840 1423 3886 autem
1456 3832 1886 3903 unumquodque
1916 3844 2063 3903 pote-

476 3931 565 3978 rat
609 3937 862 3978 securum
906 3923 1135 3978 reddere
1177 3923 1568 3992 patriarcbam.
1628 3922 1865 3979 Docelur
1912 3925 2057 3979 enim

367 4011 387 4027 ’
476 4013 615 4068 nihil
644 4015 975 4085 negligenter
1002 4023 1057 4068 et
1102 4014 1222 4068 sine
1266 4029 1399 4069 cura
1436 4015 1505 4069 ab
1546 4016 1791 4068 omnium
1826 4014 1935 4071 Deo
1963 4016 2060 4070 ad-

477 4105 818 4161 ministrari:
862 4107 956 4161 sed
999 4105 1177 4176 ipsum
1217 4107 1399 4162 omnia
1451 4107 1793 4177 dispensare,
1839 4117 2061 4165 sancto-

477 4210 599 4250 rum
667 4196 985 4267 angelorum
1039 4204 1279 4252 utentem
1331 4198 1661 4253 ministerio.
1723 4196 1784 4252 Ei
1841 4214 2061 4270 quoque

478 4287 707 4356 largitus
746 4295 831 4343 est
878 4288 1341 4354 benedictionem,
1385 4302 1550 4358 quam
1597 4297 1653 4343 et
1699 4290 1836 4359 patri
1865 4297 1920 4344 et
1958 4303 2061 4345 avo

2147 1916 2175 1968 6
2203 1915 2311 1968 τῶν
2336 1914 2471 1967 ὅλων
2498 1913 2603 1984 ἔφη
2626 1913 2779 1977 Θεόςο
2818 1932 2837 1965 ι
2879 1913 2968 1965 Ἐν
3013 1911 3092 1981 τῷ
3126 1912 3409 1983 σπέρματί
3440 1928 3537 1964 σου
3578 1911 3723 1964 εὐλο-

2146 2006 2450 2080 γηθήσεται
2490 2008 2669 2061 πάντα
2693 2006 2764 2060 τὰ
2795 2004 2924 2075 ἔθνη
2959 2004 3061 2075 τῆς
3086 2003 3213 2074 γῆς.
3248 2022 3268 2056 ι

2755 2121 2952 2177 ΕΡΩΤ.
2982 2122 3104 2175 III".

2153 2239 2215 2293 Τί
2257 2237 2481 2304 δήποτε
2518 2237 2821 2301 τοσαύτας
2865 2235 3157 2305 εὐλογίας
3189 2234 3424 2305 Δλαϐὼν·
3461 2235 3496 2305 ο
3542 2231 3735 2305 ἰακὼξ

2215 2300 2642 2375 ἀποδιδράσκει
2664 2307 2772 2359 τὸν
2791 2300 3080 2375 ἇδελςρὸῇρ,
3104 2302 3203 2357 καὶ
3220 2304 3422 2373 μόνος
3444 2300 3735 2371 ἀποδημεῖ

2216 2378 2338 2432 τῶν
2374 2373 2716 2446 άῦαγκαίων
2742 2373 3145 2445 ἐστερημένος
3162 2390 3181 2433 ;

2229 2469 2654 2541 Ἐναργέστερον
2687 2469 2743 2522 ὲν
2776 2470 2897 2545 ταῖς
2939 2466 3226 2530 δοκούσαις
3267 2465 3736 2536 κακοπραγίαιςή

2146 2562 2240 2617 τοῦ
2270 2562 2406 2615 Θεοῦ
2446 2561 2743 2632 κηδεμονία
2778 2558 3055 2632 δηλοῦται.
3109 2562 3171 2615 Oi
3213 2558 3334 2632 γὰρ
3377 2561 3439 2613 ὲν
3479 2558 3743 2629 εὐκληρίᾳ

2146 2653 2297 2715 ὄντες
2314 2653 2411 2723 οὐχ
2440 2644 2616 2715 οὕτως
2670 2651 2850 2705 ἴσασιν
2904 2651 3047 2705 ὅσων
3087 2649 3319 2718 ἀγαθῶν
3384 2647 3739 2703 ἀπολαύουσι.

2147 2746 2351 2799 Τούτου
2395 2746 2556 2816 χάριν
2616 2744 3028 2815 ἀποδιδράσκει,
3076 2744 3173 2797 καὶ
3221 2743 3399 2813 μόνος
3453 2741 3741 2811 ἀποδημεῖ,

2148 2837 2234 2890 ἵνα
2268 2835 2407 2907 μετά
2429 2834 2629 2906 πολλῆς
2661 2835 2773 2906 (65)
2802 2835 2901 2904 τῆς
2931 2834 3250 2906 περιουσίας
3289 2831 3639 2896 ἐπανελθὼν,
3659 2830 3743 2911 καὶ

2148 2928 2309 2990 αὐτὸς
2332 2926 2467 2997 γνῷ,
2491 2927 2588 2997 ὅση
2622 2925 2716 2980 τοῦ
2744 2924 2879 2980 Θεοῦ
2906 2925 3015 2979 τῶν
3038 2925 3178 2980 ὅλων
3206 2926 3237 2995 ἠ
3275 2923 3631 2996 προμήθεια.
3659 2919 3746 2974 καὶ

2147 3020 2272 3082 τοὺς
2287 3017 2478 3080 ἀλλους
2494 3015 2818 3089 διδάξῃ.Ταύ
2826 3034 2920 3096 την
2937 3016 3101 3069 αὑτοῦ
3122 3013 3220 3086 τὴν
3241 3015 3389 3086 κηδε
3400 3014 3598 3085 μονίαν
3617 3027 3745 3079 παρ-

2154 3109 2351 3164 αυτίκα
2402 3109 2514 3181 (66)
2569 3108 2659 3162 διὰ
2716 3109 2816 3178 τῆς
2871 3105 3198 3176 ἐπιφανείας
3254 3107 3574 3180 ἐδήλωσεν.
3627 3104 3745 3158 Ἐπ-

2158 3202 2331 3269 έδειξε
2368 3203 2469 3275 μὲν
2491 3201 2602 3271 γάρ
2634 3200 2785 3271 αὐτῷ
2814 3200 3059 3271 κλίμακα
3090 3198 3297 3270 μέχρις
3314 3200 3495 3254 αὐτοῦ
3527 3199 3747 3252 διικνου-

2161 3294 2328 3365 μένην
2353 3292 2447 3346 τοῦ
2477 3290 2711 3362 οὐρανοῦ
2737 3308 2751 3323 ο
2782 3292 2909 3354 τοὺς
2940 3291 2997 3344 δὲ
3024 3289 3214 3359 ἁγίους
3249 3290 3555 3360 ἀγγέλους
3587 3285 3756 3343 ἀνιόν-

2155 3400 2254 3447 τας
2285 3383 2379 3436 καὶ
2403 3382 2708 3445 κατιόντας.
2733 3381 2902 3446 Αὐτὸς
2942 3381 2999 3434 δὲ
3033 3381 3238 3436 ἀνωθεν
3293 3382 3561 3453 ἐφεστὼς
3627 3397 3760 3449 παρη

2158 3474 2424 3546 εθάρρυνέ
2452 3491 2512 3527 τε
2542 3476 2636 3528 καὶ
2667 3474 2727 3527 τὸ
2764 3475 2880 3539 δέος
2903 3474 3194 3543 ἐξήλαυνεν
3220 3474 3379 3546 (67).
3419 3474 3681 3547 Ἐδήλουν
3714 3471 3768 3524 δὲ

2157 3568 2207 3619 oi
2238 3564 2460 3632 ἄγγελοι
2480 3566 2580 3636 τὴν
2618 3564 2769 3618 θείαν
2797 3565 3091 3619 διακονίαν.
3124 3564 3270 3633 Περὶ
3298 3566 3520 3621 τούτων
3543 3565 3650 3637 γὰρ
3678 3562 3766 3617 καὶ

2158 3656 2186 3709 6
2214 3655 2483 3725 μακάριος
2507 3654 2609 3726 ἔφη
2637 3654 2874 3718 Παῦλος,
2899 3675 2917 3706 ι
2942 3654 3077 3725 οὐχ).
3111 3653 3327 3721 πάντες
3378 3657 3498 3711 εἰσ).
3524 3656 3766 3724 λειτουρ-

2158 3746 2291 3816 γικά
2317 3745 2603 3816 πνεύματα
2621 3748 2703 3810 είς
2732 3746 3007 3801 διακονίαν
3032 3748 3506 3819 ἀποστελλόμενα
3527 3748 3620 3802 διὰ
3648 3746 3771 3809 τοὺς

2162 3840 2460 3911 μέλλοντας
2481 3840 2837 3912 κληρονομεῖν
2863 3840 3172 3911 σωτηρίαν;
3214 3844 3237 3892 ι
3282 3842 3532 3896 Τούτων
3554 3842 3617 3896 δὲ.
3645 3838 3775 3894 Exa-

2162 3948 2287 3985 στον
2317 3931 2499 3986 ἱκανὸν
2526 3927 2593 4003 ἦν
2627 3932 2827 4002 Θάρσος
2859 3932 3092 3985 ἐνθεῖναι
3124 3932 3237 4002 (68)
3273 3933 3362 4004 τῷ
3398 3933 3738 4004 πατριάρχῃ
3763 3944 3776 3959 '

2160 4023 2470 4077 διδάσκεται
2501 4024 2630 4094 γάρ,
2661 4022 2738 4087 ὡς
2777 4022 2928 4076 οὐδὲν
2963 4021 3345 4095 ἀτημέλητον,
3401 4025 3538 4079 οὐδὲ
3579 4022 3780 4093 ἀκηδε-

2165 4114 2419 4185 μόνευτον
2445 4130 2521 4168 πα
2530 4114 2597 4187 ρά
2617 4115 2697 4186 τῷ
2718 4115 2825 4168 τῶν
2852 4115 2988 4168 ὅλων
3010 4114 3128 4185 Θεῷ
3147 4130 3163 4146 “
3192 4114 3320 4169 ἀλλ’
3352 4117 3535 4179 αὐτὸς
3568 4116 3784 4169 ἅπαντα

2162 4205 2511 4277 πρυτανεύει,
2548 4207 2816 4270 διακόνοις
2846 4206 3135 4277 ,χρώμενος
3182 4209 3308 4271 τοῖς
3352 4209 3553 4277 ἁγίοις
3615 4204 3784 4275 ἀγγέ-

2160 4299 2305 4363 λοις..
2322 4298 2534 4354 Ἔδωκε
2570 4299 2627 4353 δὲ
2654 4298 2817 4377 αὐτῷ
2857 4299 2953 4352 καὶ
2995 4299 3094 4368 τὴν
3139 4297 3441 4369 εὐλογίαν,
3478 4305 3552 4374 ἢν
3588 4302 3689 4355 καὶ
3715 4296 3791 4366 τῷ

480 4380 806 4448 praebuerat,
856 4390 969 4436 tum
1018 4381 1087 4437 de
1133 4381 1545 4452 multiplicando
1590 4384 1817 4448 semine,
1848 4392 1959 4438 tum
1993 4383 2050 4438 de

2162 4391 2334 4461 πατρὶ
2359 4392 2459 4444 καὶ
2489 4390 2567 4461 τῷ
2593 4391 2901 4462 προπάτορι
2935 4389 3211 4454 ἐδεδώκει,
3248 4393 3398 4463 περί
3452 4411 3522 4448 τε
3558 4398 3667 4464 τῆς
3701 4387 3792 4447 τοῦ

482 4478 605 4524 ortu
659 4469 872 4525 Domini
910 4472 1079 4527 totius
1116 4472 1347 4527 mundi:
1390 4491 1409 4525 ‹
1445 4471 1842 4529 Benedicentur
1886 4475 2050 4538 enim1

2164 4483 2479 4553 σπέρματος
2508 4482 2850 4551 πολυγονίας,
2884 4483 2979 4535 καὶ
3012 4484 3140 4554 περ).
3168 4482 3271 4539 τοῦ
3306 4486 3424 4557 τῆς
3446 4488 3798 4558 οἰκουμένης

466 4557 660 4627 inquit
681 4569 731 4623 ο,
761 4559 817 4613 in
844 4560 1052 4616 semine
1079 4570 1172 4616 tuo
1199 4577 1389 4618 omnes
1412 4563 1587 4619 tribus
1618 4572 1792 4620 terra.
1816 4584 1835 4616 ι
1868 4563 2050 4621 Postea

2163 4576 2455 4628 Δεσπότου.
2505 4592 2523 4625 ι
2569 4575 3116 4646 Ἐνευλογηθήσονται
3167 4577 3311 4649 γάρ,
3361 4581 3578 4652 φησιν,
3630 4557 3701 4633 γὲν
3724 4575 3803 4648 τῷ

460 4649 879 4719 “illiipollicetur
926 4653 980 4706 iu
1023 4655 1379 4723 praesentibus
1422 4669 1642 4726 quoque
1672 4658 1834 4714 rebus
1867 4674 2050 4714 curam

2165 4665 2443 4735 σπέρματί
2473 4681 2568 4718 σου
2608 4667 2780 4718 πᾶσαι
2825 4666 2880 4717 oti
2913 4663 3079 4739 φυλαὶ
3103 4666 3206 4733 τῆς
3257 4649 3458 4739 γῆς.ι
3507 4667 3657 4724 Εἶτα
3706 4671 3806 4721 ὐπ-

482 4752 538 4797 οι
594 4743 882 4800 auxilium.
933 4762 952 4796 ι
991 4744 1130 4801 Ecce
1175 4746 1344 4810 enim,
1400 4745 1646 4819 inquit”,
1679 4757 1855 4803 tecum
1909 4766 2050 4818 sum,

2165 4757 2433 4826 ισχνείται
2454 4754 2623 4826 αὐτῷ,
2656 4757 2755 4808 κα).
2791 4755 2893 4826 τὴν
2933 4758 3122 4819 ἐντοῖς
3163 4763 3604 4832 προκειμένοις
3647 4760 3809 4832 κηδε-

484 4834 799 4890 custodiens
832 4843 892 4923 te
912 4836 968 4890 in
997 4830 1106 4903 via,
1142 4854 1251 4909 qua
1281 4837 1666 4895 ambulaveris.
1701 4840 1766 4895 Et
1799 4842 2050 4899 reducam

2166 4848 2432 4918 μονίαν..‹
2465 4848 2597 4902 Ἰδοὺ
2639 4847 2769 4919 γάρ,
2808 4848 2964 4919 φησι,
3000 4847 3139 4918 μετά
3168 4849 3270 4902 σοῦ
3306 4830 3446 4924 εἰμι
3494 4830 3813 4925 διαφυλάσ-

488 4937 542 4985 ιε
576 4926 657 5019 'in
712 4936 914 4985 terram
974 4931 1152 4999 hanc,
1210 4931 1339 5003 quia
1392 4945 1506 4989 non
1557 4940 1612 4987 te
1664 4932 2050 5005 derelinquam,

2166 4954 2279 4992 σων
2302 4955 2363 4992 σε
2392 4940 2451 4993 ὲν
2481 4942 2548 5011 τῇ
2578 4937 2684 5009 ὁδῷ
2764 4940 2862 4993 ὲάν
2888 4939 3184 5012 πορευθῇς,
3206 4942 3317 4996 καὶ
3343 4945 3725 5019 ἀποστρέψω
3753 4959 3812 4995 σε

460 5038 518 5152 ί-
683 5064 947 5152 Tim._ni,
1020 5067 1109 5152 16.
1184 5081 1217 5110 ιι
1249 5069 1409 5152 Gen_.-
1447 5070 1815 5152 ηψπ-29..-
1878 5058 2050 5152 ᾕρεε

2152 5091 2304 5144 um,
2368 5078 2455 5135 10.
2568 5086 2597 5116 ι
2631 5077 2767 5135 Gen.
2807 5093 3000 5145 xxvnt,
3028 5078 3085 5144 '5,
3116 5077 3169 5131 4.
3254 5088 3291 5128 1
3325 5081 3490 5140 Gen.
3531 5100 3688 5152 xm,
3729 5082 3814 5137 18-

464 5133 722 5195 ιῑιιιειιτ.
759 5154 798 5204 t,
834 5133 938 5193 M.
997 5152 1024 5181 ει
1061 5139 1198 5196 Gen.
1233 5146 1428 5208 xxvm,
1474 5140 1561 5195 M.
1605 5133 1664 5181 Vb
1707 5141 1840 5199 ibid.
1893 5142 1982 5200 15.

2009 5273 2241 5332 NOTAE.

567 5420 679 5490 (6|)
712 5422 926 5489 Λόγος.
959 5422 1085 5479 Des.
1118 5423 1173 5479 in
1214 5422 1339 5479 cod.
1365 5431 1420 5478 et
1454 5414 1574 5479 Pic.

569 5491 681 5565 (62)
713 5493 931 5565 (Mair.
966 5492 1152 5565 Picus,
1250 5510 1435 5565 φησιν.
1466 5492 1677 5565 Bene.__
1770 5559 1826 5565 __
1868 5561 1878 5565 _
1967 5560 1996 5565 _

2240 5423 2355 5565 (65)
2390 5425 2626 5515 Πολλῆς
2682 5425 2819 5481 Cod.
2844 5433 2900 5480 et
2922 5423 3035 5482 Pic.
3071 5431 3467 5563 παμπολληξ.

2263 5494 2350 5565 66)
2381 5499 2774 5565 Κηὸεμονιαν.
2815 5495 3019 5552 Incod.
3050 5507 3107 5553 et
3164 5504 3331 5565 apud
3424 5507 3467 5564 it

591 5487 681 5584 E22
713 5487 939 5584 fecit:
966 5487 1220 5584 Pisaei
1250 5510 1435 5584 ερηῖει·
1466 5492 1701 5584 Bene...
1964 5560 2028 5584 ρ,

2168 5487 2350 5584 ,(66)
2381 5487 2774 5565 Κηδεμοὶριαν.
2815 5495 2874 5551 In
2896 5500 3019 5552 cod.
3050 5507 3107 5553 et
3156 5487 3331 5568 apud
3371 5487 3510 5565 ᾖξε.
3556 5511 3833 5584 sequitur

592 5559 681 5635 63)
715 5559 991 5635 Θαρσεῖς.
1032 5559 1220 5635 Abest"
1249 5559 1278 5616 a
1313 5559 1445 5635 "cod.
1499 5570 1553 5616 et
1596 5560 1735 5635 edit.
1770 5559 1903 5635 Pici.
1963 5560 2068 5617 Sed
2165 5559 2255 5635 ἥνζ

496 5631 781 5704 Icgendum
809 5641 893 5687 est
923 5632 1149 5704 Θαρσίς,
1185 5632 1509 5687 auctoritate
1567 5631 1771 5687 codicis
1796 5631 1952 5688 Alex.
2018 5648 2047 5688 c

2189 5631 2198 5635 ⁷
2236 5634 2347 5704 (67)
2387 5635 2525 5691 Cod.
2553 5646 2606 5691 et
2644 5634 2757 5692 Pic.
2788 5636 3069 5704 ἐξήλασεν.

497 5636 781 5755 ξρςριιιιιιιιι
809 5641 893 5687 est
923 5636 1149 5704 Θαρσίς,
1185 5636 1509 5687 auctoritate
1567 5636 1771 5687 codicis
1796 5636 1952 5688 Alex.
2018 5648 2047 5688 c

547 5719 574 5753 a
604 5718 674 5756 lC.

2236 5636 2348 5777 (67)
2387 5636 2525 5691 Cod.
2553 5646 2606 5691 et
2644 5636 2757 5718 Pio.
2788 5636 3059 5759 ὲξίὸλασεν.

2259 5705 2327 5760 68
2378 5705 2509 5762 Cod.
2545 5707 2729 5764 ctPtc.
2769 5709 2857 5761 ὲπι
2900 5723 3059 5765 ειναι.

567 5771 684 5842 (64)
721 5774 862 5828 Σου.
897 5770 1032 5827 Cod.
1062 5780 1116 5827 et
1140 5771 1253 5828 Pic.
1284 5787 1405 5842 μου.
