4032 6456
471 347 577 417 199

1419 335 1919 399 THEODORETI
1950 312 2305 401 EPiSCOPL
2330 338 2699 402 CYRENSIS

3631 337 3738 405 εοο

467 475 593 519 sum
644 471 743 529 pro
776 455 910 523 Deo,
939 469 1034 525 qui
1068 461 1120 509 te
1166 449 1400 522 privavit
1447 449 1627 505 fructu
1684 450 1890 505 ventris
1923 449 1991 503 ιτ
2028 468 2046 500 ι

2175 454 2327 525 >ησέν
2357 472 2418 509 σε
2450 456 2664 528 καρπὸν
2690 453 2931 521 κοιλίας;
2976 474 2995 507 ι
3026 453 3273 527 δηλονότι
3303 455 3417 527 (89)
3450 456 3728 511 σπουδαιο-

465 548 909 607 vehementiores
949 543 1063 599 Deo
1112 557 1302 615 preces
1350 540 1573 608 obtulit,
1622 550 1677 596 et
1722 542 1917 611 adepta
1969 551 2054 597 est

468 641 617 714 quod
664 637 949 710 poscebat.
978 635 1158 703 Atque
1189 634 1356 687 etiam
1416 641 1540 702 post
1601 642 1817 704 partum
1882 634 2054 704 picta-

468 745 578 788 tem
611 746 771 788 suam
832 725 1253 783 demonstravit.
1316 742 1335 776 ι
1370 723 1537 789 Dixit,
1592 725 1767 794 inquit
1827 724 2052 789 enim',

465 822 709 880 Rachel:
744 818 985 874 Abstulit
1008 832 1037 871 a
1071 832 1160 870 me
1190 815 1335 871 Deus
1377 815 1757 885 opprobrium,
1788 824 1843 870 et
1888 830 2053 870 voca-

466 915 547 969 vit
584 927 783 968 nomen
817 910 964 965 illius
996 906 1221 977 Joseph,
1256 907 1479 962 dicens:
1515 905 1692 960 Addat
1727 906 1857 961 mihi
1910 905 2055 961 Deus

470 1006 705 1060 alterum
748 1002 941 1056 lilium.
981 1018 1000 1051 ›
1029 999 1320 1066 Quomodo
1360 999 1525 1066 igitur
1554 997 1659 1051 hoc
1700 997 1753 1051 in
1789 995 2054 1051 Deumal-

471 1095 619 1150 fectu
647 1094 900 1165 praedita,
942 1092 1124 1155 idolis,
1159 1106 1281 1160 quae
1310 1104 1417 1143 non
1442 1098 1573 1142 sunt
1625 1088 1722 1155 dii,
1791 1088 2058 1143 inservire

471 1186 787 1260 potuisset?
839 1185 1043 1240 Verum
1080 1184 1346 1246 arbitror,
1382 1192 1435 1236 et
1480 1180 1627 1235 aliud
1658 1197 1755 1251 per
1808 1180 1924 1235 haec
1980 1180 2058 1235 si-

472 1279 741 1352 gnificari.
783 1277 996 1349 Typum
1022 1277 1166 1330 enim
1200 1274 1293 1329 Dei
1333 1274 1580 1327 omnium
1616 1273 1837 1344 gerebat
1866 1273 2055 1329 Jacob.

470 1371 606 1426 Nam
633 1370 746 1442 99
771 1368 913 1424 duos
944 1367 1176 1438 populos
1198 1365 1339 1421 Deus
1371 1366 1558 1419 habuit
1585 1382 1597 1418 :
1628 1363 1900 1419 seniorem
1932 1365 2060 1433 qui-

473 1466 596 1518 dem
629 1464 921 1517 habentem
959 1475 1125 1528 supcr
1176 1474 1275 1512 cor
1306 1458 1578 1520 velamen,
1612 1456 1892 1526 juniorem
1929 1471 2060 1511 vero

472 1556 669 1609 decore
716 1551 842 1607 fidei
906 1558 1253 1604 exornatum.
1317 1546 1393 1602 ita
1463 1546 1630 1602 Jacob
1669 1548 1805 1601 duas
1860 1561 2062 1602 uxores

474 1646 731 1710 habebat,
780 1642 944 1697 Lcam
978 1641 1250 1703 videlicet,
1284 1655 1406 1710 quae
1459 1639 1649 1694 oculos
1684 1638 1919 1693 habebat
1979 1639 2064 1692 in-

2154 546 2324 617 τέραν
2355 544 2435 616 τῷ
2472 545 2592 617 Θεῷ
2649 545 3018 616 προσενήνοχε
3058 546 3400 618 προσευχὴν,
3446 546 3541 598 καὶ
3579 546 3741 602 τετύ-

2156 655 2294 708 χηκε
2348 636 2459 707 (90)
2508 638 2610 706 τῆς
2660 639 2952 708 αἰτήσεως.
2993 639 3104 692 Kal.
3141 639 3326 707 μέντοι
3363 638 3459 692 καὶ
3502 639 3741 694 τεκοῦσα

2154 729 2426 800 δεδήλωκε
2468 730 2567 801 τὴν
2629 730 2953 784 εὐσέϐειαν⁶
3002 748 3020 781 ι
3065 725 3200 783 Eius
3238 730 3368 800 γὰρ,
3422 732 3577 801 φησὶ,
3626 731 3747 785 Ῥα-

2157 821 2260 890 χήλ
2283 821 2327 853 ³⁸
2344 840 2359 853 ·
2401 822 2618 890 ’Δφείλὲ
2641 840 2764 892 μου,
2798 824 2827 876 6
2849 822 2999 887 Θεὸς,
3024 822 3087 877 τὸ
3116 823 3316 885 ὄνειδος
3336 839 3350 852 ·
3383 823 3476 877 καὶ
3509 823 3745 878 ἐκάλεσε

2158 914 2218 967 τὸ
2248 914 2417 984 ὄνομα
2451 913 2618 967 αὐτοῦ
2655 914 2877 985 Ἰωσὴφ,
2931 913 3168 981 λέγουσα
3191 930 3206 944 ο
3266 913 3569 984 Προσθήτω
3627 915 3747 981 (91)

2163 1023 2252 1077 μοι
2276 1008 2304 1059 6
2334 1007 2467 1067 Θεὸς
2495 1005 2610 1058 υἱὸν
2635 1005 2844 1075 ἓτερον.
2892 1023 2910 1056 ι
2949 1004 3070 1068 Πῶς
3094 1005 3275 1058 τοίνυν
3305 1005 3512 1075 ταύτην
3539 1006 3754 1077 ἔχουσα

2160 1097 2292 1167 περὶ
2315 1097 2407 1150 τὸν
2441 1097 2575 1149 Θεὸν
2601 1096 2699 1169 τὴν
2721 1097 2983 1160 διάθεσιν,
3011 1101 3126 1162 τοῖς
3161 1099 3263 1151 οὐκ
3292 1093 3412 1152 οὖσι
3444 1098 3586 1162 Θεοῖς
3619 1102 3752 1152 δου-

2158 1188 2337 1243 λεύειν
2360 1190 2660 1260 ὴνέσχετος
2707 1189 2849 1260 Ἐγὼ
2876 1190 2933 1244 δὲ
2963 1189 3117 1263 οἶμαι
3148 1193 3244 1245 καὶ
3272 1191 3462 1261 ἕτερον
3496 1193 3756 1247 ἐντεῦθεν

2161 1281 2588 1352 προδηλοῦσθαι.
2644 1281 2828 1334 Τύπον
2862 1282 2974 1354 γὰρ
3028 1279 3179 1353 εἶχεν
3207 1284 3237 1336 6
3279 1282 3475 1337 Ἰακὼϐ
3504 1284 3600 1339 τοῦ
3638 1286 3759 1339 τῶν

2160 1372 2301 1427 ὅλων
2335 1372 2492 1427 Θεοῦ.
2515 1372 2622 1426 Δύο
2651 1375 2760 1444 γὰρ
2791 1374 2884 1427 καὶ
2908 1376 2937 1428 6
2963 1375 3251 1447 Θεὺςιέσχε
3291 1376 3485 1440 λαούς·
3523 1377 3616 1430 τὸν
3647 1379 3760 1448 μὲν

2163 1462 2560 1534 πρεσϐύτερον,
2598 1463 2863 1534 κάλυμμα
2894 1464 3089 1535 ἔχοντα
3119 1467 3215 1519 ἐπὶ
3236 1466 3337 1537 τὴν
3372 1467 3630 1538 καρδίανο
3657 1468 3763 1523 τὸν

2163 1556 2221 1609 δὲ
2246 1555 2533 1628 νεώτερον,
2590 1557 2652 1610 τὸ
2684 1557 2784 1627 τῆς
2831 1557 3075 1621 πίστεως
3106 1560 3494 1630 περικείμενον
3528 1560 3760 1624 κάλλος.

2164 1649 2276 1703 Καὶ
2307 1649 2337 1701 6
2384 1648 2579 1702 Ἰακὼϐ
2616 1648 2712 1702 δύο
2754 1651 3055 1717 γυναῖκας’
3092 1649 3193 1719 τὴν
3250 1650 3351 1720 μὲν
3394 1651 3561 1706 Λείαν
3590 1651 3768 1705 ἀσθε-

475 1737 664 1791 lirmos
687 1775 703 1801 ,
736 1744 788 1790 et
820 1733 1137 1799 Rachelem,
1174 1733 1354 1801 specie
1383 1732 1664 1800 pulchram
1700 1740 1754 1785 et
1773 1731 1888 1783 visu
1909 1730 2064 1784 valde

2175 1742 2279 1801 νεῖς
2309 1739 2541 1810 ἔχουσαν
2591 1740 2931 1811 ὀφθαλμοὺς,
2983 1742 3084 1814 τὴν
3117 1742 3175 1795 δὲ
3209 1743 3412 1813 Ῥαχὴλ
3457 1743 3628 1814 καλὴν
3673 1744 3767 1814 τῷ

475 1830 810 1886 formosam:
846 1838 900 1880 et
933 1825 1206 1880 seniorem
1239 1824 1427 1878 liberis
1456 1823 1854 1886 abundantem,
1879 1823 2066 1893 junio-

2175 1798 2478 1896 si’Bst,nxal.
2513 1798 2725 1903 ὡραίαν
2762 1798 2830 1904 τῇ
2875 1798 2998 1903 lit-iet
3038 1798 3254 1906 ’σφόδρα
3275 1798 3423 1888 ’,καὶ
3447 1798 3770 1890 πολύπαιδα.

474 1935 591 1975 rem
619 1935 751 1974 vero
800 1917 1066 1973 sterilem.
1109 1914 1244 1970 Nam
1301 1931 1367 1969 ex
1426 1914 1681 1984 gentibus
1738 1923 2065 1984 congregata

2175 1925 2270 1996 μὲν
2324 1925 2423 1994 τὴν
2470 1926 2870 1998 πρεσϐυτέραν,
2905 1929 3170 2000 στερίφην
3203 1928 3260 1983 δὲ
3312 1929 3413 2001 τὴν
3455 1932 3765 2003 νεωτέραν.

478 2010 722 2066 Ecclesia
758 2008 962 2064 sterilis
991 2016 1110 2062 erat
1150 2007 1454 2076 quondam,
1488 2005 1582 2061 sed
1630 2015 1819 2075 postea
1875 2004 2064 2061 liberis

2175 2016 2279 2071 Kal.
2330 2017 2503 2088 γὰρὴ
2536 2017 2592 2083 ἐξ
2627 2016 2798 2071 ἐθνῶν
2840 2018 3139 2089 Ἐκκλησία
3189 2022 3379 2091 στεῖρα
3425 2016 3493 2091 ἦν
3534 2022 3701 2075 πάλαι
3742 2038 3766 2054 ο

478 2104 711 2159 fecunda
740 2102 882 2157 facta
913 2110 1018 2156 est.
1066 2099 1251 2169 lnquit
1280 2100 1424 2152 enim
1451 2114 1464 2151 :
1524 2117 1543 2148 ‹
1581 2095 1793 2152 Laetare
1817 2137 1833 2162 ,
1867 2098 2068 2152 sterilis

2175 2107 2286 2161 ἀλλ’
2320 2110 2540 2177 ἐγένετο
2603 2111 2743 2179 μετὰ
2791 2108 2967 2164 ταῦτα
3009 2112 3303 2176 πολύπαις.
3344 2132 3364 2165 ‹
3403 2114 3770 2185 Εὐφράνθητι

476 2207 600 2263 quae
642 2206 748 2246 non
780 2190 949 2261 paris.
999 2186 1259 2256 Erumpc,
1294 2194 1348 2240 et
1376 2187 1575 2248 clama,
1616 2201 1738 2254 qua:
1779 2200 1887 2239 non
1943 2201 2068 2255 par-

2175 2198 2303 2268 γὰρ,
2337 2202 2493 2267 φησὶ,
2533 2203 2724 2273 στεῖρα
2754 2203 2787 2273 ὴ
2818 2202 2880 2255 οὐ
2911 2203 3191 2268 τίκτουσα,
3228 2205 3392 2276 ῥῆξον
3435 2208 3531 2259 καὶ
3560 2206 3771 2277 βόησον

481 2284 641 2348 turis,
690 2282 950 2352 quoniam
984 2277 1171 2349 plures
1229 2284 1392 2330 erunt
1442 2275 1537 2329 hlii
1597 2276 1847 2337 desertae,
1901 2290 2065 2344 quam

2175 2291 2335 2361 ἡούκ
2365 2292 2633 2347 ὠδίνουσα
2673 2313 2687 2325 ο
2725 2296 2809 2349 ὅτι
2868 2296 3042 2350 πολλὰ
3074 2298 3145 2350 τὰ
3182 2275 3350 2352 τέκνα
3392 2299 3494 2366 τῆς
3518 2275 3767 2370 ἐρήμου,

441 2436 447 2443 ,
477 2375 600 2446 ejus
632 2388 757 2443 qum
784 2373 962 2426 virum
998 2371 1162 2425 habet
1190 2371 1235 2424 ί.
1268 2387 1287 2419 ι
1314 2368 1585 2434 Quoniam
1612 2367 1776 2436 igitur
1802 2366 2066 2431 Ecclesia,

2175 2385 2378 2455 μᾶλλον
2413 2386 2447 2456 ἢ
2483 2386 2584 2455 τῆς
2618 2389 2848 2458 ἐχούσης
2876 2389 2967 2442 τὸν
2993 2388 3218 2460 ἄνδρα.»
3254 2390 3474 2461 Ἐπειδὴ
3518 2366 3699 2443 cervi»
3726 2394 3771 2463 ἡ

480 2481 605 2536 qua:
641 2467 753 2519 Deo
780 2463 1053 2518 Salvatori
1083 2460 1338 2523 credidit,
1394 2460 1665 2529 majorum
1701 2474 1927 2513 suorum
1979 2474 2068 2513 er-

2188 2476 2488 2547 Ἐκκλησία
2518 2477 2598 2547 τῷ
2627 2480 2847 2551 Σωτῆρι
2880 2484 3286 2535 πεπιπευκυία
3309 2460 3582 2552 Θεῷ,τὴν
3617 2460 3767 2552 προξ

482 2573 665 2613 rorem
721 2556 987 2610 radicitus
1036 2552 1379 2623 exstirpavit,
1442 2551 1609 2620 hujus
1673 2560 1854 2604 autem
1909 2561 2068 2621 typus

2175 2569 2399 2637 γονικὴν
2445 2570 2743 2642 πρόρριζον
2777 2571 3057 2626 ἀνέσπασε
3092 2572 3326 2644 πλάνην,
3359 2551 3602 2639 τύποςδὲ
3627 2551 3774 2630 ταύο

481 2658 601 2704 erat
633 2648 855 2714 Rachel,
884 2646 1064 2703 furata
1092 2653 1177 2702 est
1200 2646 1343 2701 idola
1372 2646 1566 2715 patris,
1588 2653 1648 2699 ut
1674 2645 1729 2698 in
1762 2659 1828 2699 eo
1850 2659 2068 2714 quoque

2175 2677 2275 2731 της
2312 2659 2610 2732 ἐτύγχανεν
2644 2657 2780 2717 οὖσα
2822 2665 2855 2732 ἡ
2905 2663 3128 2734 Ῥαχὴλ,
3157 2664 3392 2732 κέκλοφε
3445 2666 3517 2718 τὰ
3565 2665 3773 2720 εἴδωλα

482 2741 767 2798 veritatem
800 2739 1171 2796 adumbraret.

999 2950 1020 2970 ⁹
1038 2958 1317 3015 lNTERR.
1370 2956 1509 3013 XCI.

2171 2753 2270 2807 τοῦ
2304 2754 2541 2825 πατρὸς,
2577 2755 2663 2810 ἵνα
2691 2754 2792 2826 τὴν
2823 2755 3085 2827 ἀλήθειαν
3136 2757 3241 2812 κάν
3270 2757 3449 2829 τούτῳ
3492 2774 3772 2830 σκιαγρα-

2172 2848 2343 2921 cmon-

2774 2962 2975 3019 ΕΡΩΤ.
3030 2962 3149 3032 ιιΑι

484 3081 627 3147 Quid
653 3089 730 3135 est
760 3079 892 3133 hoc:
931 3094 951 3127 ‹
987 3072 1395 3150 Ιανοοίι-Ιαεοὺ
1423 3088 1544 3150 _per
1604 3073 1845 3126 timorem
1898 3072 2068 3142 patria

2178 3077 2242 3131 Τι’
2269 3077 2464 3142 ἐστιν,
2503 3098 2521 3131 ι
2555 3079 2817 3150 ’Ὤμοσεν
2858 3078 3062 3150 Ἰακὼβ
3106 3077 3258 3150 κατὰ
3287 3076 3395 3134 τοῦ
3436 3080 3626 3150 φόϐου
3647 3078 3765 3134 τοῦ

1054 3147 1138 3201 sui
1185 3143 1346 3199 Isaac
1372 3143 1445 3197 u?
1480 3161 1500 3194 ι

561 3242 842 3298 Timorem
880 3239 1055 3297 lsaaci
1087 3237 1303 3293 vocavit
1334 3236 1595 3306 pietatem
1628 3233 1827 3306 ipsius,
1862 3234 1967 3290 boc
1988 3245 2072 3293 est

487 3337 683 3417 Deum,
715 3335 878 3407 cujus
935 3333 1029 3389 ille
1062 3331 1319 3388 timorem
1354 3329 1412 3383 in
1437 3328 1624 3384 animo
1669 3343 1775 3384 suo
1803 3328 2069 3398 gestabat.

1046 3548 1328 3606 INTERR.
1356 3547 1521 3605 XCII.

627 3666 987 3736 Quamobrem
1027 3665 1262 3721 luctatur
1284 3664 1503 3737 angelus
1539 3680 1660 3719 cum
1690 3662 1935 3720 Jacobo?

558 3758 718 3814 Illum
745 3757 943 3813 ﬁducia
972 3756 1327 3826 roborat,qui
1356 3754 1580 3811 fratrem
1600 3756 1896 3811 metuebat.
1926 3754 2077 3821 Qua-

410 3888 411 3891 η
489 3861 709 3923 propter
736 3850 900 3905 etiam
931 3848 1008 3904 illi
1040 3848 1325 3904 victoriam
1376 3848 1675 3914 concessit,
1718 3847 1825 3902 hoc
1876 3862 2076 3916 prope-

487 3944 711 4000 modum
743 3943 934 3997 dicens
963 3959 976 3996 :
1010 3940 1095 3996 Me
1122 3941 1327 4009 vicisti,
1362 3950 1418 3995 et
1438 3941 1718 3995 hominem
1746 3938 1950 3994 times?
1997 3936 2077 3992 Ne

490 4051 620 4091 vero
671 4034 998 4105 superbiret,
1032 4032 1179 4104 quod
1236 4033 1342 4089 sibi
1385 4034 1557 4088 Deum
1591 4044 1883 4101 superasse
1922 4029 2077 4084 vide-

488 4134 660 4191 retur,
691 4133 839 4180 tactu
877 4123 1104 4180 femoris
1135 4138 1195 4178 se
1223 4123 1498 4178 volentem
1530 4123 1735 4176 victum
1765 4133 1890 4175 esse
1934 4119 2078 4173 indi-

489 4216 651 4269 cavit.
700 4215 873 4268 Tactu
896 4214 1041 4267 enim
1079 4224 1361 4283 torporem
1396 4210 1630 4265 induxit.
1652 4256 1657 4267 .
1683 4211 1755 4263 At
1801 4224 1926 4264 cum
1951 4224 2077 4265 sen-

491 4310 655 4363 sisset
705 4306 878 4362 Jacoh
908 4308 1165 4361 virtutem
1201 4304 1321 4375 ejus
1372 4305 1466 4373 qui
1499 4309 1847 4371 apparuerat,
1886 4308 2078 4371 postu-

490 4401 624 4455 lavit
674 4400 742 4455 ab
775 4414 840 4454 eo
863 4397 1342 4454 benedictionem:
1379 4393 1539 4464 100
1565 4392 1660 4462 qui
1690 4399 1746 4447 et
1785 4393 1935 4447 dedit
1996 4393 2076 4447 illi

2612 3148 2835 3216 πατρὸς
2856 3147 3044 3203 αὑτοῦ
3060 3149 3258 3203 Ἰσαάκ
3276 3165 3326 3214 ;›

2243 3242 2413 3296 Φόϐον
2454 3239 2552 3295 τοῦ
2600 3239 2789 3293 Ἰσαὰκ
2822 3237 2923 3310 τὴν
2966 3239 3252 3294 εὐσέϐειαν
3296 3241 3549 3305 ἐκάλεσε,
3602 3256 3770 3294 τουτ-

2175 3337 2294 3388 έστι
2338 3334 2431 3387 τὸν
2473 3331 2629 3397 Θεὸν,
2660 3325 2722 3387 οὗ
2772 3331 2866 3385 τὸν
2896 3332 3063 3402 φόϐον
3106 3334 3165 3387 ὲν
3191 3336 3258 3405 τῇ
3295 3332 3444 3406 ψυχῇ
3504 3333 3773 3406 περιέφε-

2172 3424 2434 3497 ρενιθθη.
2718 3490 2729 3510 ,

2790 3537 2991 3592 ΕΡΩΤ.
3026 3536 3162 3605 CB'.
3241 3557 3268 3581 ο

2254 3654 2427 3719 Τίνος
2451 3651 2665 3707 ἕνεκεν
2702 3651 2943 3705 παλαίει
2975 3649 3053 3716 τῷ
3099 3649 3311 3705 Ἰακὼϐ
3343 3653 3378 3705 ὁ
3398 3649 3697 3721 ἅγγελος-ς

2246 3745 2456 3799 Δεδιότι
2523 3743 2618 3797 τὸν
2673 3742 2902 3813 ἀδελφὺν
2959 3743 3159 3813 θάρσος
3211 3741 3483 3814 ἐντίθησι·
3542 3741 3635 3796 διά
3680 3744 3778 3798 τοι

2175 3837 2338 3891 τοῦτο
2367 3837 2466 3891 καὶ
2491 3836 2591 3906 τῆς
2616 3834 2775 3906 νίκης
2796 3833 2948 3905 αὐτῷ
2984 3835 3370 3905 παρεχώρησε,
3399 3833 3576 3904 λέγων
3604 3852 3781 3906 μονο-

2176 3927 2328 3999 νουχ)⁸
2358 3927 2503 3995 (95),
2538 3927 2671 3999 Ἐμὲ
2703 3926 3017 3996 νενίκηκας,
3046 3927 3142 3981 καὶ
3163 3927 3452 3999 ἄνθρωπον
3479 3927 3777 3996 δέδοικαςς

2181 4019 2299 4073 Ἵνα
2353 4020 2411 4073 δὲ
2443 4018 2522 4090 μὴ
2571 4018 2715 4090 μέγα
2742 4022 2915 4091 φρονῇ
2937 4020 2980 4052 ¹⁸
3019 4019 3179 4086 δόξας
3216 4019 3565 4091 νενικηκέναι
3603 4017 3775 4086 Θεὸν,

2177 4113 2246 4182 τῇ
2280 4112 2390 4183 ἁφῇ
2423 4109 2517 4164 τοῦ
2551 4111 2732 4181 μηροῦ
2747 4111 2810 4164 τὸ
2826 4109 3135 4165 ἐθελούσιον
3171 4111 3272 4180 τῆς
3299 4112 3471 4183 ἥττης
3501 4110 3771 4182 ἐδήλωσε.

2179 4206 2259 4276 Τῇ
2290 4196 2400 4275 γᾶρ
2449 4204 2562 4276 ἁφῇ
2602 4204 2705 4274 τὴν
2756 4204 2970 4275 νάρκην
2997 4202 3318 4274 εἰργάσατο.
3348 4203 3516 4267 Γνοὺς
3559 4204 3618 4257 δὲ
3664 4203 3773 4257 τοῦ

2176 4297 2538 4368 ἐπιφανέντος
2576 4295 2676 4368 τὴν
2705 4294 2962 4367 δύναμιν,
3008 4296 3110 4367 τὴν
3160 4295 3415 4365 εὐλογίαν
3444 4299 3590 4351 αίτεῖ
3611 4313 3625 4326 ⁶
3648 4300 3678 4351 6
3704 4298 3775 4352 δὲ

2178 4393 2276 4445 καὶ
2310 4389 2410 4461 τὴν
2448 4389 2667 4459 αἴτησιν
2683 4388 2892 4443 δίδωσι.
2922 4389 3036 4443 Καὶ
3067 4388 3167 4460 τὴν
3195 4389 3573 4463 προσηγορίαν
3600 4390 3775 4462 ἀμεί-

493 4492 641 4563 quod
686 4492 941 4563 petierat,
1001 4498 1057 4545 et
1087 4503 1285 4544 nomen
1327 4484 1657 4541 immutavit.
1707 4503 1727 4535 ‹
1774 4481 1896 4539 Non
1925 4483 2068 4539 enim

2181 4484 2266 4536 6st
2288 4500 2302 4515 ο
2338 4502 2356 4535 ι
2388 4482 2592 4537 Οὐκέτι
2641 4482 2774 4554 γὰρ,
2806 4483 2966 4556 φησὶ,
3001 4482 3335 4555 κληθήσεται
3363 4484 3427 4537 τὸ
3457 4483 3629 4554 ὄνομά
3669 4500 3776 4537 σου

490 4584 753 4653 amplius,
789 4584 969 4654 inquit
995 4591 1044 4649 ν,
1076 4580 1366 4637 vocabitur
1423 4592 1625 4632 nomen
1673 4585 1824 4632 tuum
1883 4575 2074 4643 Jacob,

499 4676 593 4727 sed
624 4671 789 4729 Israel
819 4673 925 4726 erit
952 4684 1151 4725 nomen
1188 4676 1366 4722 tuum.
1403 4664 1542 4731 Quia
1571 4663 1730 4719 fortis
1768 4662 1917 4719 fuisti
1950 4680 2074 4719 cum

501 4760 636 4826 Deo,
661 4777 786 4819 cum
819 4760 1139 4816 hominibus
1168 4766 1364 4829 potens
1394 4756 1522 4812 eris.
1562 4775 1582 4809 ι
1619 4754 1884 4811 lndicavit
1913 4756 2076 4812 etiam

499 4870 726 4911 causam
753 4853 1016 4909 victoriae.
1046 4850 1127 4907 Ne
1156 4849 1407 4905 timueris
1435 4847 1604 4914 enim,
1637 4848 1736 4912 ait,
1773 4847 2076 4913 hominem,

572 5001 595 5029 τ
623 4990 759 5047 Gen.
790 5005 920 5056 xxx,
948 4988 1007 5043 2.
1068 4987 1091 5019 '
1119 4984 1257 5042 Gen.
1287 4999 1419 5046 xxx,
1445 4983 1539 5051 23,
1596 4982 1689 5038 ει.
1766 4982 1872 5040 lsa.
1906 4999 2018 5045 ιιι,
2051 4985 2105 5044 1.

2199 4575 2420 4641 Ἰακὼϐ,
2456 4575 2572 4630 ἀλλ’
2614 4576 2834 4647 Ἰσραὴλ
2867 4575 3024 4630 ἔσται
3075 4576 3138 4629 τὸ
3180 4576 3356 4647 ὄνομά
3389 4593 3506 4643 σου,
3561 4577 3643 4630 ὅτι
3676 4578 3778 4629 ὲν-

2191 4667 2420 4737 ίσχυσας
2484 4667 2621 4737 μετὰ
2650 4666 2818 4733 Θεοῦ,
2876 4666 2970 4720 καὶ⁸
3006 4666 3145 4736 μετὰ
3205 4665 3513 4738 ἀνθρώπων
3542 4666 3779 4731 δυνατὸς

2182 4760 2290 4832 ἔσῃ
2315 4759 2453 4827 (94).
2485 4758 2700 4825 Ἐδειξε
2729 4757 2786 4812 δὲ
2816 4758 2913 4812 καὶ
2959 4757 3061 4830 τὴν
3108 4757 3291 4810 αἰτίαν
3318 4757 3418 4829 τῆς
3452 4757 3630 4828 νίκης.
3675 4756 3777 4829 Μὴ

2189 4851 2373 4925 δείσῃς
2414 4851 2546 4921 γὰρ,
2607 4850 2797 4923 φησὶν,
2850 4849 3139 4922 ἄνθρωπον
3188 4849 3325 4923 ἐμοῦ
3357 4867 3443 4905 σοι
3481 4851 3582 4922 τῆς
3611 4849 3779 4914 νίκης

2177 4998 2206 5026 ιι
2231 4986 2368 5042 Gen.
2402 5000 2558 5050 xxxi,
2583 4985 2671 5041 5'5.
2747 4994 2775 5024 τ
2803 4983 2941 5042 Gen.
2973 5001 3149 5053 xxxn,
3172 4985 3265 5043 28.

1379 5094 1615 5152 VARUS
1657 5094 2043 5155 LECTIONES
2073 5098 2168 5154 EX
2215 5099 2496 5156 CATENA
2529 5097 2883 5156 LIPSIENSI.

575 5225 620 5257 is
640 5224 760 5280 Cat.
794 5237 851 5290 p.
882 5219 1010 5276 585.
1045 5216 1271 5272 ἐκάλεσε
1306 5214 1530 5286 Ῥαχήλ.
1607 5214 1653 5248 ¹⁸
1680 5214 1803 5271 Cat.
1842 5232 1896 5288 p.
1930 5217 2059 5278 596.

2175 5219 2490 5294 παλοφρονῇ.

1987 5336 2218 5397 NOTAE.

572 5477 685 5551 ea)
718 5475 852 5551 90¢.
889 5474 1051 5551 δῆλρν
1075 5475 1176 5551 δτι.

579 5544 690 5617 (90)
717 5544 852 5617 Cod.
884 5555 939 5598 et
957 5545 1065 5617 P_ic.
1101 5545 1435 5617 ὲτετυχήκει.

504 5650 509 5655 -
579 5612 691 5685 (9i)
723 5616 859 5670 Cod.
895 5622 950 5667 et
972 5612 1089 5668 Pic.
1129 5612 1446 5685 προσέθετο.

601 5621 691 5683 91)
723 5621 859 5670 Cod.
895 5622 950 5667 et
972 5621 1089 5668 Pic.
1129 5621 1446 5685 προσέθετο.

579 5621 693 5753 $91)
726 5685 801 5737 Ita
829 5700 1049 5753 quoque
1075 5698 1177 5738 vox
1211 5684 1374 5753 φόϐος
1405 5695 1516 5738 tum
1549 5683 1653 5739 hoc
1694 5687 1751 5738 in
1780 5677 1925 5753 loco,
1962 5691 2081 5737 tum

513 5756 656 5810 Hist.
680 5752 863 5810 εει-ιω.
899 5752 991 5809 tib.
1019 5769 1092 5820 iv,
1131 5752 1254 5826 cap.
1303 5757 1359 5822 9,
1412 5754 1722 5827 explicatur
1746 5768 1779 5808 a
1808 5752 2086 5825 ,Cotelerio

2189 5476 2243 5531 in
2277 5476 2425 5533 notis
2451 5477 2517 5531 ad
2544 5487 2680 5532 tom.
2708 5474 2727 5529 Ι
2757 5473 3001 5530 Monum.
3025 5470 3196 5527 .Eccl.
3223 5470 3316 5529 Gr.
3339 5485 3404 5541 p.
3435 5469 3562 5525 719.

2282 5547 2374 5619 95)
2410 5547 2779 5615 Μονονουχι.
2806 5545 2920 5601 Pic.
2944 5544 3067 5616 οὐχὶ
3103 5542 3286 5614 μόνον.
3721 5610 3727 5616 .

2260 5548 2377 5688 ξω)
2418 5618 2599 5688 Ἕσῃ.
2644 5617 2762 5673 Hoc
2804 5615 3030 5672 additur
3060 5614 3118 5669 in
3140 5613 3266 5671 cod.
3295 5609 3500 5679 Vatic.,
3533 5609 3688 5669 deest
3720 5624 3727 5663 l

2189 5609 2377 5742 MSS?)
2418 5618 2599 5688 Ἕσῃ.
2644 5609 2762 5673 Hoc
2804 5609 3118 5672 additur'iti
3140 5613 3266 5671 cod.
3295 5609 3500 5679 Vatic.,
3533 5609 3688 5669 deest
3720 5610 3780 5666 in
