4032 6510
367 397 478 460 239

1421 429 1430 436 -
1503 399 1786 470 QU.‘ES'-I‘.
1822 398 1901 459 IN
1955 397 2179 458 ΕΧΟΙ).
2215 397 2374 459 CAP.
2435 399 2548 460 III.

3558 403 3660 465 239

368 505 571 572 ἧψεν-ι
597 502 744 557 ’ἰδὼν
782 500 929 558 εἶδον
959 504 1062 577 τὴν
1093 505 1340 560 κάκωσιν
1373 503 1466 558 τοῦ
1499 503 1632 558 λαοῦ
1665 523 1768 574 μου
1795 507 1887 558 τοῦ
1920 507 1973 560 ἐν

2083 522 2204 590 nem
2239 508 2422 576 populi
2454 507 2580 573 mei,
2619 507 2711 578 qui
2748 516 2831 562 est
2869 508 2920 561 in
2963 506 3224 578 {Egyptm
3275 516 3326 562 et
3364 510 3659 564 clamorem

368 593 665 666 Αἰγύπτῳ,
697 595 797 648 καὶ
819 597 925 668 τῆς
949 598 1210 669 κραυγῆς
1250 597 1433 652 αὐτῶν
1457 597 1701 668 ἥκουσα·
1743 617 1760 650 ι
1801 599 1982 654 καὶτὰ

369 687 525 756 ἑξῆς.
563 689 681 740 Καὶ
708 683 782 741 αὖ
801 687 892 752 eu;
923 705 943 741 ι
978 705 993 719 ·
1035 689 1179 760 Ἐγώ
1209 691 1376 760 εἰμιὸ
1404 688 1498 745 ὢν.
1520 689 1656 761 Τάδε
1696 691 1839 761 ἐρεῖς
1872 693 1984 754 τοῖς

372 783 510 843 υἱοῖς
550 781 799 852 Ἰσραήλ·
835 777 894 834 Ὀ
927 780 1006 833 ὢν
1032 782 1344 834 ἀπέσταλκε
1377 799 1444 852 με
1483 782 1618 852 πρὸς
1655 781 1985 852 ὑμᾶς.ιΚαὶ

369 874 496 926 ’ὅλον
525 873 584 925 δὲ
621 872 687 925 τὸ
723 873 931 943 χωρίον
979 873 1222 925 δείκνυσι
1254 873 1386 925 θεὸν
1421 874 1550 926 ὄντα
1593 873 1685 926 τὸν
1724 873 1979 942 ὀφθέντα.

373 965 642 1034 κεκληκε
703 964 764 1016 δὲ
800 963 968 1017 αὑτὸν
1026 964 1124 1017 καὶ
1172 963 1426 1032 ἄγγελον,
1464 965 1552 1017 ἵνα
1587 964 1805 1034 γνῶμεν
1849 964 1923 1026 ὡς
1955 966 1983 1018 6

369 1055 568 1123 ὀςθεὶς
605 1055 713 1108 οὐκ
749 1054 953 1109 ἐστινὸ
996 1054 1132 1119 Θεὸς
1171 1057 1264 1108 καὶ
1311 1056 1538 1126 Πατήρ⁶
1567 1055 1710 1120 τίνος
1737 1058 1846 1124 γὰρ
1883 1057 1983 1123 ἄγ-

371 1147 535 1213 γελος
577 1145 608 1197 6
649 1145 878 1216 Πατήρς
930 1144 1048 1196 ἀλλ’
1074 1146 1104 1196 6
1143 1144 1440 1216 μονογενὴς
1489 1145 1636 1206 Υἱὸς.
1664 1147 1691 1198 6
1737 1147 1981 1216 μεγάλης

373 1236 578 1306 ﬁnali;
628 1235 872 1304 ἄγγελος
893 1251 906 1265 ·
933 1236 963 1286 6
1000 1236 1116 1298 τοῖς
1173 1236 1342 1305 ἱεροῖς
1401 1237 1668 1306 μαθηταῖς
1695 1238 1933 1307 εἰρηκώς
1967 1253 1978 1266 ·

378 1349 395 1380 ι
435 1329 636 1380 "ina
673 1329 778 1381 ὅσα
816 1328 1030 1397 ἥκουσα
1063 1326 1215 1394 παρὰ
1257 1327 1354 1378 τοῦ
1394 1327 1606 1398 Πατρός
1649 1344 1770 1397 μου,
1825 1329 1980 1398 δεδή-

371 1419 523 1472 λωκα
553 1418 712 1487 ὑμῖν.
745 1437 766 1469 ι
804 1417 1020 1487 ’Ὠσπερ
1041 1415 1100 1469 δὲ
1131 1415 1194 1468 τὸ
1225 1417 1482 1486 ἅγγελος
1513 1415 1684 1484 ὄνομα
1711 1417 1979 1481 τέθεικεν,

369 1508 468 1578 οὐχ
509 1506 837 1578 ὑπουργίαν
865 1506 990 1560 τινὰ
1013 1506 1322 1576 σημαίνων,
1351 1506 1488 1560 ἀλλὰ
1515 1507 1611 1560 τοῦ
1639 1509 1982 1576 Μονογενοῦς

367 1596 671 1666 ἐμφαίνων
692 1597 758 1649 τὸ
797 1595 1094 1666 πρόσωπον
1116 1610 1129 1624 ·
1163 1593 1308 1648 οὓτω
1344 1595 1506 1650 πάλιν
1551 1597 1718 1650 αὑτοῦ
1751 1599 1846 1651 καὶ
1883 1599 1980 1668 τὴν

365 1687 554 1756 φύσιν⁸
583 1688 685 1740 καὶ
715 1687 820 1758 τὴν
849 1686 1103 1752 ἐξουσίαν
1143 1686 1425 1756 κηρύττει,
1459 1687 1636 1756 λέγων
1669 1689 1830 1742 αὑτὸν
1865 1691 1976 1759 εἰρ-

363 1779 586 1848 ηκέναι,
641 1797 661 1828 ι
699 1777 848 1846 Ἐγώ
875 1779 994 1847 εἰμι
1022 1778 1052 1831 6
1075 1776 1173 1842 ὢν,
1206 1777 1304 1833 καὶ
1329 1777 1440 1846 ἑγὼ
1463 1780 1493 1832 6
1525 1778 1656 1844 Θεὸς
1707 1781 1974 1851 Ἀϐραὰμ,

365 1871 460 1921 καὶ
493 1870 637 1932 Θεῦς
672 1869 889 1934 Ἰσαὰκ,
924 1870 1018 1922 καὶ
1042 1868 1176 1933 Θεὸς
1219 1869 1412 1924 Ἰακώῦ
1438 1886 1453 1900 ·
1486 1871 1646 1925 τοῦτό
1687 1889 1779 1943 μοι.
1807 1871 1992 1942 ὀνορα
2011 1853 2050 1908 Β

363 1958 594 2012 αἰώνιον
631 1977 647 1988 ·
685 1959 784 2013 καὶ
837 1959 1186 2030 μνημόσυνον
1234 1960 1459 2030 γενεῶν.
1499 1979 1519 2014 ι
1557 1961 1744 2016 Ταῦτα
1775 1961 1832 2016 δὲ
1883 1965 1978 2016 καὶ

359 2048 462 2119 τὴν
491 2047 655 2102 Θείαν
694 2049 896 2103 οὐσίαν
919 2049 1094 2120 δηλοῖ,
1124 2050 1220 2131 καί.
1242 2049 1308 2104 τὺ
1338 2051 1560 2107 αἰώνιον
1583 2052 1681 2108 καὶ
1708 2053 1772 2107 τὸ
1803 2053 1977 2110 ἀΐδιον

359 2142 665 2197 δείκνυσιν.

1039 2351 1238 2404 sror.
1264 2349 1356 2420 ς’.

359 2462 424 2514 Τί
473 2460 669 2529 δηλοῖ
710 2462 806 2528 τὸ,
837 2461 949 2514 τὸν
979 2461 1180 2526 ,ϐάτον
1224 2462 1521 2529 καίεσθαι,
1549 2462 1649 2516 καὶ
1673 2461 1763 2532 μὴ
1795 2479 1972 2517 κατα-

985 2555 1264 2609 καίεσθαι
1293 2553 1340 2586 ⁸³
1361 2569 1378 2620 ;
1467 2563 1476 2572 '

429 2621 544 2693 Τὴν
559 2622 659 2676 τοῦ
690 2621 836 2676 Θεοῦ
863 2621 1104 2693 δύναμιν
1127 2625 1223 2677 καὶ
1245 2620 1662 2692 φιλανθρωπίαν
1683 2623 1967 2694 κηρύττει,

367 2714 451 2767 ὃτι
481 2713 551 2786 δὴ
597 2713 947 2786 ipp-47aqu
982 2710 1152 2769 οὖσαν
1205 2716 1282 2785 (9)
1321 2713 1383 2768 τὸ
1405 2713 1670 2768 ἄσϐεστον
1707 2715 1808 2768 οὐκ
1838 2715 1971 2786 ἁνή-

377 2806 538 2857 ὶισκε
561 2805 676 2876 πῦρ
705 2807 786 2871 ⁸⁵,
816 2801 982 2876 οἶμαι
1029 2805 1087 2859 δὲ
1131 2806 1226 2859 καὶ
1280 2805 1444 2878 ἕτερα
1473 2805 1560 2859 διὰ
1585 2805 1775 2859 τούτου
1799 2823 1974 2876 παρα-

388 2894 698 2965 δηλοῦσθαι.
717 2895 826 2950 Καὶ
846 2896 940 2950 ὅτι
959 2897 989 2948 6
1025 2895 1244 2968 Ἰσραὴλ
1257 2895 1363 2948 ὑπὸ
1383 2895 1490 2950 τῶν
1513 2895 1829 2963 Αἰγυπτίων
1853 2897 1974 2949 ἐπι·

391 2985 766 3058 ὃουλευόμενος
825 2988 933 3041 οὐκ
1011 2986 1450 3058 ἀναλωθήσεται,
1514 2985 1652 3040 ἀλλὰ
1706 2985 1972 3058 κρείττων

381 3079 533 3130 ἔσται
573 3078 678 3132 τῶν
708 3078 1132 3150 πολεμούντων.
1167 3079 1274 3133 Καὶ
1299 3079 1376 3142 ὡς
1406 3080 1436 3132 6
1469 3077 1782 3150 Μονογενὴς
1813 3079 1970 3132 ἐναν-

2086 609 2276 650 eorum
2321 597 2520 652 audisti
2551 605 2599 664 ο,
2646 616 2664 650 ι
2717 607 2770 652 et
2811 600 3038 670 reiiqua.
3097 599 3162 652 Et
3218 599 3458 654 iterum:
3498 618 3516 650 ι
3553 600 3665 670 Ego

2087 702 2231 753 sum,
2287 689 2379 756 qui
2435 705 2579 744 sum.
2616 691 2742 746 llaec
2790 693 2939 747 dices
2985 692 3112 746 liliis
3152 691 3392 758 lsraelis,
3443 693 3536 760 qui
3581 703 3666 748 est

2087 781 2234 834 misit
2263 795 2351 834 me
2383 781 2450 835 ad
2503 797 2598 837 vos
2622 793 2672 836 Ρ.
2707 803 2724 835 ι
2763 781 3061 840 Universus
3109 785 3198 845 ille
3238 785 3392 840 locus
3432 786 3664 839 demon-

2087 882 2226 927 strat
2277 873 2445 928 Deum
2473 889 2596 930 esse
2617 891 2740 930 eum
2781 878 2875 946 qui
2907 881 3177 946 apparuit.
3210 878 3438 932 Vocavit
3476 886 3662 932 autem

2087 961 2238 1015 illum
2267 963 2543 1032 angelum,
2579 974 2638 1017 ut
2681 979 3097 1034 cognoscamus,
3131 967 3276 1036 quod
3309 968 3356 1022 is
3384 967 3480 1037 qui
3513 967 3666 1022 visus

2084 1062 2185 1118 est,
2219 1070 2327 1108 non
2389 1055 2462 1109 sit
2490 1055 2632 1110 Deus
2661 1057 2820 1110 Pater
2864 1057 3053 1127 (cujus
3086 1061 3230 1112 enim
3265 1059 3490 1130 angi-lus
3519 1070 3666 1113 esset

2085 1145 2341 1214 Patet-‘2),
2383 1148 2476 1201 sed
2515 1147 2827 1218 unigenitns
2870 1147 3069 1213 F.lit:s,
3109 1153 3198 1219 qui
3241 1151 3664 1220 magniconsilii

2083 1247 2166 1289 est
2195 1241 2210 1256 "
2239 1238 2478 1307 Angelus
2525 1257 2538 1293 :
2584 1241 2675 1308 qui
2723 1241 2898 1296 sat-ris
2955 1243 3110 1310 122
3147 1245 3429 1309 dist-ipulis
3480 1242 3658 1296 dixit:

2088 1347 2105 1378 ι
2144 1331 2340 1386 Omnia
2376 1349 2716 1402 quacunque
2746 1335 2928 1388 audhi
2960 1355 2988 1388 ιι
3033 1335 3190 1390 Patre
3221 1354 3361 1401 meo,
3396 1348 3522 1389 nota
3557 1335 3660 1391 feci
3713 1335 3719 1340 ’

2081 1424 2238 1477 vobis
2263 1435 2308 1476 ει.
2362 1443 2381 1475 ι
2442 1423 2908 1490 Quemadmodum
2964 1437 3141 1481 autem
3209 1429 3382 1494 angeli
3459 1444 3658 1481 nomen

2085 1511 2285 1578 posuit,
2341 1529 2448 1566 non
2500 1514 2863 1568 ministerium
2918 1517 3211 1584 quodpiam
3261 1518 3514 1578 innitens,
3563 1517 3659 1570 sed

2082 1617 2368 1672 personam
2405 1605 2680 1676 Unigeniti
2705 1607 3088 1662 demenstrans
3119 1625 3132 1660 :
3158 1609 3238 1662 sic
3265 1608 3460 1661 iterum
3492 1608 3660 1676 ipsius

2085 1703 2196 1746 tum
2252 1704 2504 1748 naturam
2565 1705 2676 1750 tum
2728 1696 3025 1765 potentiam
3075 1699 3368 1766 przedicat,
3417 1698 3547 1751 dum
3583 1698 3661 1752 ait

2083 1787 2259 1855 ipsum
2288 1788 2492 1842 dixisse
2526 1806 2540 1842 :
2580 1807 2599 1840 ι
2638 1787 2752 1858 Ego
2786 1804 2908 1842 sum
2953 1789 3046 1858 qui
3099 1805 3249 1854 sum;
3289 1807 3306 1840 ι
3343 1796 3396 1842 et
3429 1806 3442 1842 :
3482 1807 3500 1868 ι
3543 1787 3659 1858 Ego

2079 1876 2220 1932 Deus
2252 1879 2571 1942 Abrahami,
2619 1876 2763 1932 Deus
2793 1877 2986 1942 lsaaci,
3033 1886 3090 1932 et-
3122 1878 3266 1932 Deus
3314 1877 3526 1946 Jacobi,
3560 1880 3662 1934 hoc

2079 1969 2212 2021 mihi
2257 1984 2304 2021 n.
2330 1983 2451 2022 men
2501 1978 2800 2034 aeternum,
2857 1979 2912 2022 et
2959 1969 3278 2024 memoriale
3328 1985 3424 2038 per
3469 1984 3659 2024 omnes

2078 2063 2462 2129 generationes
2495 2071 2542 2115 τ.
2576 2079 2595 2112 ι
2635 2060 2764 2116 Haec
2792 2071 2974 2116 autem
3017 2072 3071 2115 et
3109 2062 3472 2116 substantiam
3515 2062 3657 2114 divi-

2079 2165 2202 2203 nam
2241 2150 2502 2218 indicant,
2539 2159 2593 2206 et
2627 2150 3011 2218 aeternitatem,
3046 2159 3210 2221 atque
3241 2150 3655 2220 perpetuitatem

2075 2240 2476 2296 demonstrant.

2619 2405 2628 2411 .
2657 2351 2934 2407 INTERR.
2978 2350 3068 2406 γι.

2159 2466 2300 2534 Quid
2333 2468 2434 2521 sibi
2471 2466 2601 2533 vult,
2645 2466 2831 2520 ardere
2863 2465 3072 2533 rubum,
3103 2477 3151 2520 et
3187 2481 3294 2520 non
3329 2464 3483 2520 exuri
3507 2462 3576 2518 ⁵⁸1

2151 2621 2243 2678 Dei
2275 2622 2526 2676 virtutem
2561 2632 2724 2691 atque
2752 2621 3146 2675 humanitatem
3179 2622 3458 2691 praedicat,
3507 2621 3654 2692 quod

2078 2712 2218 2781 ignis
2265 2711 2724 2781 inexstinguibilis
2775 2711 2971 2764 rubum
3021 2711 3234 2765 aridum
3290 2728 3396 2765 non
3448 2726 3656 2766 consu-

2076 2803 2276 2857 mebal.
2334 2803 2448 2872 Ego
2501 2818 2627 2855 vero
2687 2802 2923 2856 arbitror
2971 2803 3133 2856 etiam
3173 2802 3278 2856 alia
3313 2803 3652 2872 signiﬁcari,

2078 2910 2274 2965 nempe
2307 2893 2561 2950 lsraelem
2605 2893 2988 2964 ngyptiurum
3042 2893 3258 2948 insidiis
3313 2895 3654 2963 appetitum,

2074 3003 2183 3041 non
2217 3003 2342 3042 esse
2373 2987 2801 3056 subjugendum,
2825 2985 2918 3040 sed
2948 2985 3277 3042 adversariis
3307 2987 3648 3056 superiorem

2077 3075 2346 3130 futurum.
2379 3073 2534 3138 Item,
2567 3075 2914 3145 Unigenitum
2951 3074 3340 3127 humanitatem
3367 3088 3654 3128 assumen-

371 3169 692 3240 θρωπήσας,
725 3171 828 3223 καὶ
875 3169 1218 3242 παρθενικὴν
1252 3171 1485 3238 οἰκήσας
1523 3169 1708 3241 νηδὺν,
1741 3169 1968 3238 φυλάξει

2079 3177 2208 3231 tem,
2241 3177 2292 3221 et
2324 3167 2639 3237 virginalem
2676 3175 2890 3220 uterum
2928 3165 3355 3231 inhabitantem,
3391 3165 3654 3221 immacu-

363 3262 464 3328 τὴν
492 3261 810 3332 παρθενίαν
831 3262 944 3331 ἁκή
955 3278 1140 3332 ρατον.
1169 3261 1305 3314 Φασὶ
1325 3261 1382 3314 δέ
1406 3277 1550 3324 τινες
1570 3302 1584 3326 ,
1613 3263 1671 3314 ὲν
1693 3261 1841 3333 βάτῳ
1865 3279 1968 3330 φα-

362 3353 520 3423 νῆναι
551 3356 648 3406 τὸν
676 3354 838 3416 θεὸν,
882 3355 980 3407 καὶ
1018 3354 1120 3406 οὐκ
1167 3355 1226 3406 ὲν
1261 3353 1408 3425 ἄλλῳ
1455 3351 1630 3424 φυτῷ,
1670 3353 1760 3407 διὰ
1795 3353 1858 3406 τὸ
1895 3355 1970 3424 μὴ

361 3447 634 3502 δύνασθαί
664 3465 796 3500 τινα
817 3450 884 3500 ἐκ
926 3447 1092 3518 βάτου
1137 3446 1340 3516 γλύψαι
1377 3447 1532 3501 Θεόν.
1565 3447 1726 3510 Εἰκὸς
1766 3445 1873 3518 γὰρ
1902 3443 1971 3518 ἦν

377 3541 680 3604 Ἰουδαίους
707 3541 812 3594 καὶ⁵
835 3539 1000 3594 τοῦτο
1028 3539 1328 3610 τολμῆσαι,
1356 3539 1518 3610 εἴπερ
1555 3541 1614 3592 ὲν
1646 3537 1790 3608 ἄλλῳ
1813 3536 1969 3609 ὤφθη

364 3631 542 3703 φυτῷ.

1057 3743 1255 3798 ΕΡΩΤ.
1279 3743 1354 3796 Z'.

365 3857 532 3908 Διατί
594 3853 993 3924 προσετάχθη
1021 3854 1084 3924 *ὁ
1137 3851 1361 3922 Μωσῆς
1416 3861 1486 3906 τι)
1539 3851 1821 3921 ὑπόδημα
1864 3835 1973 3906 .217-

1115 3938 1221 3976 σαι
1241 3939 1262 3987 ;

448 4019 616 4082 Τινὲς
644 4035 839 4086 φασιν,
859 4017 946 4070 ἵνα
964 4015 1065 4080 τὰς
1085 4014 1344 4084 βιωτικὰς
1366 4014 1647 4085 ἁποῤῥίψῃ
1674 4012 1968 4084 μερίμνας,

2077 3260 2240 3312 latam
2275 3267 2617 3313 servaturum
2653 3271 2774 3313 esse
2801 3257 3186 3328 virginitatem.
3220 3259 3487 3310 Caeterum
3515 3271 3655 3310 neu-

2074 3351 2205 3405 nulli
2239 3349 2450 3416 dicunt,
2493 3351 2660 3404 Deum
2693 3351 2748 3404 in
2779 3350 2938 3412 rubo,
2991 3359 3042 3403 et
3071 3363 3180 3402 non
3215 3348 3265 3402 in
3313 3347 3415 3401 alia
3459 3348 3643 3417 plantt

2075 3445 2415 3514 apparuisse,
2446 3443 2591 3513 quod
2626 3458 2786 3498 nemo
2816 3450 3001 3512 posset
3028 3455 3095 3495 ex
3130 3439 3266 3495 rubo
3300 3438 3471 3494 Deum
3501 3440 3652 3494 eliln-

2073 3552 2219 3606 gere.
2275 3533 2406 3589 Erat
2449 3535 2592 3590 enim
2639 3534 2959 3596 verisimile,
3009 3531 3226 3588 Iudaeos
3279 3532 3383 3588 hoc
3419 3547 3652 3586 ausuros

2073 3644 2214 3693 ess»,
2251 3629 2294 3682 si
2325 3629 2376 3680 in
2412 3628 2514 3681 alia
2555 3627 2736 3696 planta
2771 3625 3132 3696 apparuisset.

2657 3737 2936 3792 lNTliRR.
2980 3737 3084 3792 VII.

2133 3849 2308 3916 Quare
2330 3849 2512 3918 jussus
2547 3858 2624 3902 est
2663 3849 2835 3902 Moses
2871 3848 3285 3903 calceamean
3313 3848 3509 3904 solvere
3539 3848 3599 3902 ίῗ

2149 4007 2344 4062 Dicunt
2370 4005 2639 4070 nonnulli,
2687 4014 2746 4060 ut
2776 4005 3172 4062 sollicitudines
3206 4007 3498 4062 saeculares
3539 4006 3647 4060 ab—

368 4110 470 4174 τὰς
500 4109 589 4180 τῷ
619 4107 808 4180 θνητῷ
839 4109 942 4179 βίῳ
989 4107 1450 4178 συνεζευγμένας.
1494 4105 1688 4176 Νεκρὰ
1722 4106 1832 4176 γὰρ
1861 4106 1971 4160 τῶν

2079 4101 2281 4166 iiceret,
2329 4098 2457 4153 huic
2490 4098 2705 4152 mortali
2741 4097 2866 4152 vitae
2896 4098 3256 4152 adhaerentes.
3307 4096 3444 4149 Nam
3480 4097 3650 4164 pelles

371 4201 756 4272 ὑποδημάτων
811 4199 884 4254 τὰ
939 4200 1210 4270 δέρματα.
1271 4197 1430 4262 Τινὲς
1469 4197 1548 4263 δὲ,
1593 4198 1679 4250 ἵνα
1718 4201 1968 4267 γυμνοῖς,

373 4295 537 4362 φασὶ,
578 4294 700 4355 τοῖς
723 4293 884 4346 ποσὶν
907 4292 1116 4362 ἁγιάσῃ
1134 4291 1234 4360 τὴν
1260 4289 1388 4360 γῆν.
1431 4288 1574 4357 Ἐγὼ
1599 4287 1654 4341 δὲ
1688 4287 1972 4358 οὐδέτερον

374 4383 589 4436 τούτων
634 4382 960 4452 προσίεμαι.
1015 4382 1240 4452 Πρῶτον
1298 4371 1399 4452 μὲν
1451 4380 1582 4450 γὰρ,
1610 4379 1826 4432 οὐδέπω
1846 4379 1973 4433 οὔτε

377 4474 700 4544 ἀρχιερεὺς,
746 4471 873 4525 οὔτε
911 4473 1203 4544 προφήτης
1241 4470 1706 4540 ἐκεχειροτόνητο.
1738 4467 1968 4522 Ἔπειτα

375 4565 454 4624 δὲ.
475 4565 577 4617 τοῦ
620 4562 762 4617 Θεοῦ
811 4563 904 4617 τὸν
942 4565 1106 4616 τύπον
1142 4561 1604 4632 καθιερώσαντος,
1640 4559 1736 4612 καὶ
1763 4558 1964 4612 τούτου

377 4658 537 4728 χάριν
581 4657 744 4725 ἅγιον
796 4657 1169 4726 ὀνομάσαντος
1203 4655 1268 4716 (⁸,
1295 4654 1552 4723 περιττὸν
1583 4647 1740 4722 οἶμαι
1785 4651 1965 4720 λέγειν

375 4750 587 4802 Μωσέα
613 4747 728 4821 (l0)
745 4750 860 4810 τοῖς
884 4749 1042 4800 ποσὶν
1065 4745 1294 4812 ἁγιάσαι
1331 4746 1420 4796 τὸν
1449 4743 1631 4796 τόπον.
1653 4742 1756 4795 Δύο
1784 4743 1964 4795 τοίνυν

376 4839 622 4910 ἠγοῦμαι
651 4838 744 4893 διὰ
761 4839 954 4892 τούτου
985 4837 1304 4907 δηλοῦσθαι.
1343 4835 1565 4908 Πρῶτον
1607 4835 1706 4905 μὲν
1731 4835 1841 4904 γὰρ
1870 4834 1963 4886 εὖ-

375 4931 716 5000 λαὸέστερον
746 4930 912 4984 αὑτὸν
941 4929 1078 4999 τῷδε
1123 4927 1202 4996 τῷ
1237 4927 1383 4996 λόγῳ
1426 4925 1768 4996 καθίστησιν,
1823 4923 1965 4976 ὥστε

2073 4194 2564 4246 calceamentorum
2601 4189 2711 4244 vita
2757 4197 2964 4244 carent.
3010 4190 3112 4243 Alii
3161 4203 3289 4243 vero
3325 4189 3548 4253 dicunt,
3594 4199 3652 4243 ut

2077 4283 2237 4337 nudis
2265 4282 2496 4352 pedibus
2537 4281 2906 4336 sanetiticaret
2933 4289 3153 4334 terram.
3186 4278 3288 4332 Sed
3327 4277 3484 4347 123
3515 4293 3650 4331 nen-

2074 4383 2210 4426 tram
2242 4387 2343 4442 ego
2391 4372 2716 4426 sententiam
2753 4371 3072 4440 amplector.
3115 4367 3358 4422 Primum
3403 4371 3646 4437 quidem,

2074 4463 2204 4530 quia
2237 4459 2483 4514 nondum
2515 4473 2694 4528 neque
2725 4459 2992 4528 pontifex,
3023 4473 3198 4528 neque
3223 4459 3482 4527 prepheta
3515 4471 3650 4512 cun-

2073 4553 2298 4608 stitutus
2349 4550 2578 4607 fuerat:
2629 4550 2823 4604 deinde
2874 4565 3025 4613 vero,
3077 4563 3202 4604 cum
3265 4547 3410 4603 Deus
3467 4548 3648 4602 locum

2072 4643 2228 4696 illum
2285 4640 2713 4704 sanctiﬁcassct,
2767 4648 2822 4693 et
2870 4638 3100 4708 proinde
3155 4647 3403 4694 sanctum
3465 4639 3650 4706 appel-

2078 4739 2265 4800 lasset,
2298 4749 2765 4804 supervacaneum
2810 4743 2938 4800 puto
2971 4729 3154 4786 dicere
3190 4729 3372 4784 Mosen
3423 4727 3650 4795 pedibus

2073 4830 2256 4884 locum
2295 4828 2686 4882 sanctilicasse.
2738 4823 2856 4878 Duo
2899 4823 3064 4892 igitur
3107 4823 3344 4876 arbitror
3394 4834 3490 4888 per
3546 4818 3652 4871 hoc

2074 4919 2390 4989 signiﬁcari.
2424 4917 2668 4972 Primum
2695 4916 2840 4971 enim
2872 4915 3267 4984 religiosior-em
3306 4913 3405 4966 huc
3437 4908 3649 4963 ratione

453 5163 484 5193 °
517 5156 697 5212 Exod.
739 5171 798 5220 ιι,
835 5155 886 5209 6.
935 5164 963 5204 ι»
1002 5151 1136 5208 ibid.
1172 5151 1260 5202 14.
1294 5161 1320 5199 ιι
1349 5148 1508 5203 Joan.
1539 5164 1632 5213 xv,
1671 5147 1759 5202 15.
1799 5155 1824 5188 ³
1872 5145 1973 5200 Exo

2079 5157 2160 5210 ιιι,
2197 5141 2253 5206 6,
2287 5141 2376 5195 15.
2453 5151 2474 5178 ³
2520 5138 2648 5193 ibid.
2682 5153 2762 5202 nt,
2796 5137 2850 5189 Ξ.
2921 5135 3094 5189 1ibid.
3134 5151 3212 5195 Ill,
3241 5134 3293 5190 5.

1269 5315 1507 5372 VARUE
1555 5312 1944 5370 LECTIONES
1972 5310 2066 5380 EX
2095 5306 2370 5366 CATENA
2400 5302 2754 5361 LIPSIEN-Sl.

450 5475 496 5506 ⁸³
523 5471 596 5543 μὴ
627 5466 1102 5536 καταφλέγεσθαι.
1188 5465 1232 5495 εδ
1266 5465 1348 5518 ὅτι
1389 5460 1719 5536 φρυγανὼδη
1744 5460 1874 5515 ὄντα
1911 5457 2004 5511 τὸν
2041 5455 2203 5528 βάθον
2226 5455 2288 5508 οὺ
2324 5449 2783 5506 καταναλίσκεται
2817 5445 2945 5516 πῦρ.

381 5543 537 5614 ὄνομ.

3040 5443 3082 5473 ⁸⁵
3113 5442 3204 5494 καὶ
3254 5435 3442 5490 τοῦτον
3489 5433 3648 5499 arma

1898 5617 2153 5675 NOTAE.-

449 5778 529 5849 (9)
563 5773 798 5833 Οὖσιιν.
830 5773 974 5830 Cod.
1005 5783 1060 5828 et
1093 5769 1208 5827 Pic.
1237 5771 1388 5824 ὅντα.

2156 5756 2269 5830 (10)
2301 5753 2435 5810 Cod.
2467 5752 2723 5821 Μωῦτῆς.
2752 5749 2862 5804 Pic.
2894 5739 3147 5797 Μωυσέα.
