4032 6450
446 321 555 386 23b

1457 312 1945 373 TIlEODOItETl
1988 312 2328 373 EPISCOPI
2357 312 2725 374 CYliENSIS

3624 315 3729 377 2'15

451 433 688 488 Domino
724 430 854 495 Deo,
887 425 1185 496 etjuvenili
1249 430 1550 494 petulantia
1610 424 1846 484 enitens,
1910 423 2065 490 ejus,

2150 426 2435 495 ;ἐρουσαν.
2477 426 2536 478 Ἠ
2556 426 2610 478 δέ
2640 445 2698 494 γε
2725 425 2953 495 ἀπονοίᾳ
2979 424 3089 495 (50)
3114 423 3373 494 χρωμένη
3403 423 3727 495 καρδίαιῦῌ

451 528 707 580 virtutem
743 537 1024 592 superare.
1075 517 1180 570 Cor
1217 518 1360 569 enim
1393 518 1539 585 piunt
1572 516 1717 570 cedit
1753 525 1808 570 ct
1864 515 2036 583 snhji-

450 621 616 684 citur,
649 614 1109 687 quemadmodum
1156 608 1415 662 admouet
1453 609 1725 678 Propheta
1762 610 1775 625 ‘
1807 607 2032 659 dicens:

457 732 477 763 ι
515 710 780 765 Subditus
814 714 930 760 esto
970 698 1220 767 Domino,
1255 711 1309 755 et
1341 716 1437 754 ora
1468 715 1594 754 eum
1621 695 1668 751 ιι.
1709 719 1728 750 ι
1779 700 1883 751 Cor
1938 713 2036 750 au-

451 815 558 857 tent
594 801 856 855 resistens
888 805 939 849 ct
978 796 1138 865 quasi
1171 793 1471 863 lapideum,
1504 791 1817 845 induratur.
1879 787 2037 843 Unde

374 936 379 940 -
451 896 595 950 Deus
626 892 867 949 omnium
904 905 1000 959 per
1026 888 1348 958 prophetam
1382 883 1807 939 Ezechielemde
1838 880 2039 936 Judwis

452 990 620 1042 dixit:
664 1006 680 1037 ι
729 985 792 1039 Ει
823 984 1068 1037 auferam
1104 980 1305 1034 abillis
1337 993 1433 1033 cor
1462 977 1735 1047 lapideum
1782 976 1825 1028 ί.
1864 996 1881 1027 ι
1907 973 2040 1027 Pro-

451 1093 571 1152 pter
617 1081 719 1134 hoc
769 1091 989 1149 quoque
1018 1076 1211 1129 beatus
1243 1073 1439 1138 Moses,
1467 1072 1599 1126 dttm
1656 1069 1900 1124 victoria:
1948 1082 2040 1122 ca-

452 1184 607 1229 neret
660 1172 933 1226 cattticum
994 1168 1061 1221 de
1118 1165 1406 1219 Pharaone
1452 1173 1507 1219 et
1571 1162 1863 1235 Egyptiis,
1930 1161 2036 1214 ait:

458 1287 476 1319 ι
520 1265 929 1321 Descenderunt
970 1261 1023 1313 in
1061 1257 1394 1330 profundum
1446 1255 1603 1327 quasi
1636 1255 1773 1324 lupis
1810 1252 1855 1310 i.
1892 1274 1909 1305 ι
1975 1254 2043 1307 Et

452 1362 650 1414 itezum
681 1380 692 1410 ;
734 1376 751 1406 ‹
798 1352 1081 1407 Submersi
1119 1360 1248 1405 sunt
1277 1348 1434 1419 quasi
1490 1347 1773 1416 plumbum
1808 1347 1860 1400 in
1883 1347 2041 1415 aquis

453 1445 874 1501 \‘rltetttetttibus
906 1443 955 1496 ιι.
995 1462 1012 1493 ι
1077 1441 1144 1494 Et
1188 1440 1449 1509 quoniam
1519 1449 1890 1508 aggravarunt
1947 1452 2042 1491 cor

454 1555 640 1603 suum,
673 1535 945 1593 submersi
982 1543 1110 1588 sunt
1138 1532 1295 1602 quasi
1346 1530 1628 1601 plumbum
1671 1549 1683 1583 :
1729 1530 1857 1600 quia
1914 1546 2043 1585 vero

457 1631 805 1693 imlurarunt,
838 1619 1240 1681 descenderunt
1267 1625 1319 1678 in
1339 1623 1670 1694 profundum
1692 1624 1849 1694 quasi
1882 1623 2041 1693 lapis.

457 1721 614 1787 Quod
656 1730 837 1774 autem
868 1718 1158 1773 reluctatio
1189 1717 1371 1772 cordis
1404 1725 1567 1786 atque
1592 1717 1822 1772 durities
1883 1732 1914 1771 a
1946 1732 2044 1772 no-

463 1786 542 1869 his
575 1815 707 1883 ipsis
742 1811 1021 1880 procedat,
1058 1817 1290 1864 testatur
1343 1808 1566 1863 divinus
1594 1808 1911 1878 Apostolus,
1958 1809 2043 1864 di-
2075 1786 2118 1841 Β

458 1920 590 1959 crus
623 1922 635 1959 :
670 1923 688 1955 ι
735 1905 1014 1973 Ignorans,
1058 1900 1202 1970 quod
1244 1899 1552 1969 benignitas
1610 1899 1706 1955 Dei
1734 1900 1799 1955 ad
1869 1902 2045 1971 poeni-

462 2000 687 2053 tentiam
720 2006 771 2052 te
829 1997 1116 2051 adducat:
1170 1995 1471 2049 secundum
1527 1994 1785 2050 duritiem
1860 2006 2043 2051 autem

462 2102 608 2143 tnam
644 2098 696 2143 et
731 2086 1081 2156 impaanitens
1129 2101 1245 2150 cor,
1298 2086 1540 2139 thesauri
1603 2086 1775 2140 instar
1827 2087 2046 2156 reponis

460 2183 555 2236 tibi
592 2182 725 2236 iram
752 2182 807 2234 in
867 2180 1024 2250 127
1060 2180 1146 2235 die
1181 2180 1277 2233 irae
1308 2188 1361 2233 et
1391 2177 1765 2244 revelationis,
1796 2191 1848 2234 et
1905 2180 2044 2250 justi

452 2274 647 2343 jndicii
680 2271 795 2336 Dei,
856 2272 948 2340 qui
986 2270 1174 2325 reddet
1206 2269 1501 2339 unicuique
1527 2270 1827 2325 secundmu
1884 2288 2047 2341 opera

460 2365 576 2434 ejus
616 2363 656 2417 ι.
693 2382 711 2415 ι
754 2361 834 2416 Ad
881 2363 995 2415 hate
1028 2360 1161 2415 illud
1226 2374 1448 2431 quoque
1500 2360 2046 2417 animadvertendum

473 2465 578 2522 est,
613 2455 782 2526 quod,
816 2453 862 2507 si
909 2453 1125 2507 Pharao
1174 2460 1374 2506 natura
1408 2450 1587 2505 malus
1637 2449 1852 2514 fuisset,
1908 2468 2049 2505 nun-

461 2564 625 2618 quam
657 2548 902 2600 animum
929 2552 1214 2598 mutasset.
1248 2542 1408 2597 Nunc
1438 2551 1623 2597 autem
1663 2543 1914 2598 videmus
1965 2544 2048 2613 ip-

461 2656 582 2693 sum
616 2638 973 2707 castigatione
1010 2635 1231 2705 quidem
1271 2634 1600 2699 emollitum,
1633 2634 2048 2706 longanimitate

462 2747 589 2786 vero
621 2729 1171 2787 divinainduratum.
1205 2726 1344 2780 Nam
1388 2727 1689 2797 castigatus
1722 2728 2049 2784 obsecrabat

458 2822 682 2876 Mosen:
721 2839 741 2872 ι
778 2817 963 2883 Orate,
986 2819 1258 2887 inquiens,
1296 2833 1394 2887 pro
1425 2834 1510 2873 me
1540 2827 1600 2873 ³³.
1632 2837 1653 2870 ι
1691 2818 1754 2875 Ει
1803 2837 2045 2890 rursum,

456 2934 482 2965 τ
512 2912 774 2967 Dominus
789 2922 872 2966 est
894 2911 1076 2981 justus
1103 2930 1114 2964 :
1136 2925 1238 2979 ego
1263 2922 1317 2965 ct
1340 2910 1573 2981 populus
1595 2927 1751 2968 meus
1779 2914 1928 2984 impii
1946 2924 1995 2970 ιι.
2022 2935 2042 2967 ι

456 3005 723 3060 Cessante
779 3019 911 3058 vero
961 3002 1231 3071 supplicio
1287 3002 1708 3071 aggravabatur,
1768 3015 1823 3060 et
1894 3022 2049 3062 mau-

2141 517 2460 586 κατισχύειν
2497 519 2737 586 λέγεται,
2786 518 2860 581 ὡς
2912 517 3285 588 ἀνθισταμένη
3346 516 3422 586 τῷ
3479 518 3726 588 Δεσπόῖῃ

2141 608 2412 678 egeras),
2446 608 2541 661 καὶ
2571 610 2729 679 νικᾷν
2785 608 2951 661 αὑτοῦ
3008 605 3396 676 νεανιευομένη
3439 607 3537 675 τὴν
3570 605 3726 659 δύναο

2143 719 2256 773 μιν.
2298 704 2359 753 ῚΙ
2398 701 2507 770 γὰρ
2541 702 2771 772 εὐσεϐὴς
2816 702 3181 755 ύποτάττεται
3215 698 3357 753 κατὰ
3388 699 3487 769 τὴν
3518 716 3733 769 προγη-

2139 794 2299 864 τικὴν
2329 796 2678 865 παραίνεσιν,
2719 795 2817 865 την
2848 794 3140 863 λέγουσιν,
3202 812 3220 844 ι
3275 791 3617 861 Ὑποτάγηοι
3652 793 3729 859 τῷ

2141 884 2356 956 Κυρίῳ,
2394 887 2489 939 καὶ
2517 887 2801 939 ἱκέτευσον
2838 886 3022 939 αὐτόν.
3070 905 3088 937 ι
3137 885 3200 937 Ἠ
3230 884 3287 937 δέ
3315 900 3380 953 γε
3430 883 3728 945 ἀντίτυπος

2141 976 2235 1027 καὶ
2256 977 2420 1028 οἱονεὶ
2445 976 2619 1046 λιθίνη
2652 975 3037 1047 σκληρύνεται.
3074 976 3237 1029 Ὅθεν
3263 975 3292 1026 6
3318 975 3425 1027 τῶν
3443 974 3578 1028 ὅλων
3599 973 3730 1037 Θεὸς

2140 1066 2229 1120 διὰ
2261 1066 2355 1119 τοῦ
2380 1069 2661 1138 προφήτου
2701 1068 2957 1140 Ἱεζεκιηλ
3000 1071 3129 1139 περὶ
3157 1067 3264 1120 τῶν
3298 1066 3562 1119 Ἰουδαίων
3596 1066 3725 1135 ἔφη’

2148 1180 2167 1213 ι
2203 1163 2311 1215 Καὶ
2340 1162 2602 1216 ἐκσπάσω
2632 1163 2730 1233 τὴν
2764 1162 2991 1231 καρδίαν
3021 1161 3118 1233 τὴν
3150 1160 3358 1230 λιθίνην
3384 1159 3441 1226 ἐξ
3474 1160 3675 1214 αὐτῶν.
3708 1178 3723 1209 ι

2144 1256 2241 1308 Διά
2275 1273 2357 1308 τοι
2387 1255 2545 1309 τοῦτο
2581 1257 2678 1310 καὶ
2708 1259 2735 1309 ὀ
2770 1257 3042 1327 μακάριος
3085 1255 3311 1325 Μωσῆς,
3345 1255 3441 1325 τὴν
3466 1254 3731 1307 ἐπινίκιον

2147 1348 2291 1421 ᾄδων
2313 1348 2457 1419 ᾠδὴν
2492 1351 2615 1421 περὶ
2648 1350 2742 1403 τοῦ
2768 1349 2967 1420 Φαραὼ
3000 1350 3094 1402 καὶ
3140 1348 3250 1402 τῶν
3277 1347 3615 1417 Αἰγυπτίων,
3657 1346 3734 1400 εἶ-

2152 1457 2322 1514 ρηκε’
2367 1462 2385 1494 ι
2432 1442 2749 1497 Κατέδυσαν
2809 1444 2889 1505 εἰς
2948 1442 3109 1513 βυθὸν
3162 1442 3297 1494 ὡσεὶ
3342 1440 3509 1504 λίθος.
3565 1460 3584 1492 ι
3626 1439 3735 1493 Καὶ

2147 1532 2345 1586 πάλιν·
2390 1551 2409 1585 ι
2454 1533 2691 1587 Ἐδυσαν
2724 1533 2857 1586 ὡσεὶ
2891 1532 3144 1603 μόλιϐδος
3170 1534 3228 1585 ὲν
3260 1530 3413 1584 ὕδατι
3442 1529 3678 1601 σφοδρῷ.
3711 1549 3732 1581 ι

2158 1625 2378 1698 Ἐπειδὴ
2431 1626 2540 1698 γὰρ
2590 1625 3003 1697 ὲϐάρυνανίὸὄ)
3053 1625 3265 1678 ὲαυτῶν
3326 1624 3425 1695 τὴν
3486 1623 3733 1693 καρδίαν,

2148 1719 2344 1773 ἔδυσαν
2376 1719 2510 1773 ὡσεὶ
2542 1719 2810 1789 μόλιϐδος·
2833 1719 3099 1789 ἐπειδὴδὲ
3123 1722 3216 1772 καὶ
3242 1718 3584 1790 ἐσκλήρυναν
3599 1718 3737 1789 (54),

2149 1813 2452 1867 κατέδυσαν
2491 1815 2570 1876 είς
2597 1812 2760 1884 βυθὸν
2792 1812 2924 1865 ὡσεὶ
2945 1812 3112 1875 λίθος.
3152 1812 3275 1865 Ὅτι
3307 1811 3365 1864 δὲ
3421 1812 3454 1882 ἡ
3520 1810 3738 1864 ἀντιτυο

2148 1906 2248 1960 πία
2305 1906 2405 1975 τῆς
2470 1904 2718 1977 καρδίας,
2766 1906 2862 1959 καὶ
2912 1906 2946 1976 ἡ
2996 1904 3387 1975 σκληρότηςθῇ
3431 1901 3522 1971 ὑφ’
3578 1900 3738 1972 ἡμῶν

2151 1998 2333 2053 αὐτῶν
2374 1998 2647 2068 γίγνεται,
2680 1999 2889 2070 μάρτυς
2915 2000 2943 2050 6
2969 1997 3111 2060 θεῖος
3160 1994 3486 2058 Ἀπόστολος
3514 1994 3693 2062 λέγων
3719 2009 3733 2020 ·

2154 2113 2171 2141 ι
2222 2089 2459 2156 Ἀγνοῶν
2483 2091 2527 2122 ⁶⁹
2552 2090 2635 2143 ὅτι
2665 2090 2726 2142 τὸ
2749 2087 2987 2160 χρηστὸν
3024 2085 3120 2139 τοῦ
3157 2084 3295 2137 Θεοῦ
3318 2085 3399 2147 είς
3442 2081 3741 2154 μετάνοιάν

2151 2199 2210 2236 σε
2242 2182 2363 2251 ἄγει
2388 2198 2399 2209 ·
2428 2181 2569 2234 κατὰ
2610 2181 2665 2234 δὲ
2694 2181 2796 2253 τὴν
2821 2179 3172 2252 σκληρότητά
3202 2195 3321 2241 σου,
3385 2177 3481 2231 καὶ
3524 2178 3738 2247 ἀμετα-

2149 2276 2337 2347 νόητον
2372 2274 2622 2345 καρδίαν,
2649 2272 3004 2345 θησαυρίζεις
3032 2271 3245 2342 σεαυτῷ
3270 2269 3441 2342 ὀργὴν
3474 2271 3531 2323 ἐν
3555 2267 3745 2341 ἡμέρᾳ

2150 2368 2319 2439 ὀργῆς
2345 2368 2439 2421 καὶ
2460 2365 2879 2436 ἀποκαλύψεως,
2914 2367 3009 2419 καὶ
3023 2364 3428 2435 δικαιοκρισίας
3455 2362 3550 2416 τοῦ
3577 2362 3741 2423 Θεοῦ,

2150 2460 2209 2522 ὃς
2239 2457 2510 2514 ἀποδώσει
2540 2458 2760 2529 ἑκάστῳ
2789 2458 2932 2512 κατὰ
2962 2457 3029 2511 τὰ
3052 2457 3191 2530 ἔργα
3216 2454 3405 2511 αὐτοῦ.
3446 2473 3465 2506 ι
3498 2453 3647 2526 Πρὸς
3682 2453 3746 2505 δὲ

2150 2551 2363 2614 τούτοις
2385 2552 2610 2604 κάκεῖνο
2642 2551 2949 2622 σκοπητέον
2965 2551 3034 2617 ⁷⁸,
3075 2550 3154 2615 ὼς
3203 2550 3252 2603 εί
3297 2547 3463 2618 φύσει
3504 2546 3749 2617 πονηρὸς

2149 2637 2219 2713 ἦν
2259 2644 2285 2694 6
2310 2639 2534 2711 Φαραὼ,
2581 2641 2681 2693 οὐκ
2731 2640 2797 2695 ἂν
2846 2639 3013 2693 αὐτοῦ
3044 2639 3145 2711 τὴν
3172 2637 3403 2709 γνώμην
3437 2635 3704 2707 ἐνήλλαξε
3728 2652 3744 2665 ο

2150 2735 2245 2788 νῦν
2279 2734 2336 2787 δὲ
2374 2733 2592 2805 ὁρῶμεν
2626 2732 2732 2787 ὑπὸ
2769 2732 2873 2803 μὲν
2904 2733 3005 2804 τῆς
3044 2732 3297 2795 παιδείας
3339 2730 3505 2784 αὐτὸν
3534 2729 3749 2799 μαλατ-

2148 2827 2400 2899 τόμενον,
2431 2826 2537 2880 ὑπὸ
2586 2826 2644 2879 δὲ
2697 2826 2795 2897 τῆς
2843 2824 3236 2896 μακροθυμίας
3279 2822 3746 2893 σκληρυνόμενον.

2151 2920 2550 2991 Παιδευόμενος
2578 2919 2689 2990 γὰρ
2716 2918 2987 2989 ἠντιϐόλει
3018 2918 3111 2971 τὸν
3141 2915 3462 2989 νομοθέτην,
3491 2932 3509 2966 ι
3566 2916 3751 2984 Προσ-

2151 3013 2381 3079 εύξασθε
2414 3013 2545 3084 περὶ
2575 3013 2711 3084 ἐμοῦ
2738 3054 2754 3080 ,
2789 3031 2808 3065 ι
2840 3011 3015 3079 λέγων
3036 3028 3050 3041 ·
3079 3011 3171 3065 καὶ
3229 3009 3416 3075 πάλιν,
3469 3028 3487 3060 ι
3544 3007 3601 3061 '0
3631 3006 3749 3059 Κύ-

459 3098 601 3151 datis
626 3097 826 3151 divinis
865 3093 1295 3148 contradiccbat.
1349 3095 1407 3147 lit
1439 3092 1587 3149 illata
1620 3096 1840 3165 quidem
1890 3100 2045 3169 plaga

2155 3123 2267 3178 ριος
2295 3104 2522 3173 δίκαιος,
2558 3104 2781 3173 ἐγὼκαὶ
2806 3107 2832 3158 6
2859 3103 2988 3167 λαός
3026 3120 3129 3174 μου
3163 3101 3367 3172 ἀσεϐής
3389 3100 3525 3172 (55).
3566 3117 3583 3150 ι
3625 3097 3749 3168 Τῆς

457 3202 776 3243 muscarum
827 3188 1177 3249 caninarum,
1204 3185 1258 3238 in
1301 3183 1542 3257 Λίδη)ιο
1575 3189 1888 3245 sacriﬁcare
1936 3190 2048 3246 Deo

456 3283 663 3353 jussit;
741 3294 979 3349 cumque
1051 3277 1229 3332 Moses
1276 3279 1494 3333 divinus
1556 3280 1763 3336 diceret
1829 3298 1887 3338 se
1938 3299 2048 3339 non

456 3390 625 3446 p0sse
688 3374 794 3427 hoc
833 3371 1016 3426 facere
1065 3380 1287 3440 propter
1319 3369 1608 3441 [Egyptios
1656 3391 1670 3426 :
1716 3393 1732 3424 ι
1765 3372 2052 3433 Sacriﬁca-

458 3469 648 3524 bimus
679 3467 851 3528 enim,
888 3462 1086 3532 inquit,
1129 3477 1191 3515 ea
1222 3478 1343 3532 quae
1390 3464 1459 3517 ab
1502 3464 1607 3519 illis
1641 3480 1740 3535 pro
1799 3467 1905 3523 diis
1955 3483 2053 3524 co-

461 3571 668 3625 luntur,
699 3569 751 3613 et
788 3559 892 3611 hoc
934 3557 1080 3611 facto
1116 3555 1387 3625 lapidibus
1433 3556 1669 3613 obruent
1728 3575 1848 3628 nos,
1886 3574 2051 3633 atque

452 3651 799 3709 ‘ittterlicietit
825 3663 869 3714 ο,
911 3666 930 3698 ι
1001 3648 1218 3701 tandem
1256 3650 1502 3718 permisit
1534 3663 1628 3706 eos
1658 3651 1713 3706 in
1770 3654 2049 3710 desertum

460 3746 637 3807 abire,
669 3754 723 3797 et
753 3740 1087 3799 sacriﬁcate.
1120 3740 1316 3796 Postea
1348 3759 1471 3798 cum
1506 3756 1719 3801 orasset
1759 3749 2047 3818 propheta,

462 3847 519 3891 et
554 3853 803 3892 muscam
842 3837 1096 3893 caninam
1128 3838 1418 3894 evanidam
1476 3838 1805 3895 reddidisset
1837 3857 1851 3893 :
1889 3859 1908 3890 ι
1937 3843 2050 3912 Ag-

458 3930 734 4000 gravavit,
766 3931 965 3999 inquit,
995 3947 1090 3987 cur
1120 3947 1280 3987 suum
1312 3932 1477 3986 etiam
1514 3931 1569 3986 in
1629 3932 1735 3986 hoc
1783 3941 2050 4001 tempore,

463 4034 517 4079 et
543 4024 722 4078 noluit
765 4024 1038 4080 dimittere
1089 4027 1349 4097 pepulum
1377 4036 1423 4079 ι).
1458 4044 1476 4075 ι
1536 4023 1793 4094 Idemque
1854 4026 2054 4080 accidit

465 4118 754 4185 pecoribus
779 4127 927 4188 peste
951 4120 1333 4174 morientibus.
1379 4137 1397 4169 ι
1441 4115 1615 4172 Scivit
1648 4118 1818 4185 enim,
1851 4118 2048 4189 inquit,

456 4212 696 4278 Pharao,
721 4214 867 4283 quod
901 4229 969 4269 ex
989 4214 1248 4268 omnibus
1283 4213 1576 4283 pecoribus
1604 4212 1844 4266 ﬁliarum
1877 4215 2053 4269 Israe-

450 4306 531 4361 ‘lis
560 4320 629 4361 ne
657 4321 825 4361 unum
859 4308 1081 4376 quidem
1121 4307 1325 4360 animal
1367 4305 1638 4374 periisset.
1673 4304 1739 4360 Et
1785 4323 2052 4378 aggrava-

465 4407 577 4450 tum
609 4405 692 4451 est
720 4412 815 4452 cor
841 4397 1164 4461 Pharaonis,
1200 4408 1254 4452 et
1280 4411 1387 4451 non
1409 4397 1616 4451 dimisit
1643 4399 1904 4468 populum
1928 4409 1957 4450 σι
1985 4420 1996 4454 :
2027 4419 2046 4453 ι

2152 3194 2208 3248 δὲ
2236 3193 2508 3266 τιμωρίας
2542 3195 2863 3265 παυομένης
2884 3194 3260 3266 ὲ6αρύνετο⁷¹,
3288 3194 3381 3246 καὶ
3428 3194 3539 3257 τοῖς
3576 3208 3751 3262 προσ-

2152 3287 2397 3361 τάγμασι
2430 3288 2541 3351 τοῖς
2602 3287 2767 3349 θείοις
2822 3287 3115 3355 ἀντέλεγε’
3161 3284 3386 3356 καὶτῆς
3442 3284 3538 3355 μὲν
3583 3300 3757 3335 κυνο-

2156 3378 2325 3450 μυίας
2361 3378 2772 3447 ὲπενεχθείσης,
2825 3378 2882 3430 ἐν
2913 3375 3178 3447 Αἰγύπτῳ
3234 3374 3396 3429 θῦσαι
3436 3373 3759 3444 προσέταξε

2151 3470 2232 3543 τῷ
2289 3469 2412 3540 Θεῷ
2439 3487 2453 3500 ·
2488 3468 2585 3522 τοῦ
2629 3468 2912 3522 θειοτάτου
2959 3468 3018 3521 δὲ.
3052 3465 3303 3529 Μωσέως
3339 3464 3625 3535 εἰρηκότος
3674 3465 3761 3534 μὴ

2152 3564 2419 3618 δύνασθαι
2454 3562 2617 3615 τοῦτο
2642 3561 2845 3633 δρᾶσαι
2881 3559 2969 3614 διὰ
3007 3560 3136 3623 τοὺς
3189 3557 3558 3627 Αἰγυπτίους·
3607 3572 3626 3605 ι
3668 3554 3764 3609 Τά

2152 3658 2261 3730 γὰρ
2298 3658 2391 3710 ὑπ’
2424 3655 2673 3719 ἐκείνων,
2711 3654 2869 3725 φησὶ,
2914 3650 3320 3723 θεοποιούμενα
3359 3648 3623 3718 θύσομεν,
3654 3647 3767 3700 καὶ

2153 3751 2556 3811 καταλεύοντες
2590 3747 2701 3817 (56)
2747 3748 2896 3817 ἡμᾶς
2934 3743 3369 3799 ἀποκτενοῦσιν*
3430 3760 3450 3793 ι
3508 3740 3766 3812 ἐπέτρε-

2152 3842 2257 3912 ψεν
2286 3842 2366 3904 είς
2395 3840 2495 3910 τὴν
2523 3837 2732 3909 ἔρημον
2763 3836 3044 3901 ἀπελθεῖν,
3098 3834 3194 3888 καὶ
3246 3833 3345 3895 τὰς
3385 3829 3579 3894 θυσίας
3617 3829 3764 3881 ὲπι-

2152 3932 2395 3987 τελέσαι.
2460 3933 2585 3985 Ἐπὶ
2611 3930 2828 3993 τούτοις
2878 3928 2975 3982 τοῦ
3022 3927 3308 3999 προφήτου
3360 3919 3770 3994 προσευξαμέ-

2153 4043 2270 4092 νου,
2322 4027 2418 4079 καὶ
2474 4023 2572 4094 τὴν
2640 4023 2945 4093 κυνόμυιαν
3019 4020 3405 4089 ἀποφήναντος
3474 4011 3720 4085 φροῦδον
3745 4052 3764 4076 ,

2161 4137 2180 4170 ι
2222 4116 2509 4188 Ἐὀάρυνε,
2545 4114 2703 4185 φησὶ,
2722 4115 2820 4182 τὴν
2855 4111 3086 4182 καρδίαν
3112 4107 3281 4163 αὐτοῦ
3306 4108 3399 4161 καὶ
3432 4105 3525 4158 ἐπὶ
3552 4101 3762 4156 τούτου

2154 4209 2248 4263 τοῦ
2270 4208 2491 4280 καιροῦ,
2510 4209 2605 4261 καὶ
2624 4208 2725 4260 οὐκ
2742 4205 3013 4275 ἠθέλησεν
3039 4200 3421 4269 ἐξαποστεῖλαι
3435 4198 3528 4251 τὸν
3556 4194 3720 4248 λαόν.
3734 4213 3755 4247 ι

2157 4304 2332 4358 Τοῦτο
2368 4304 2466 4357 καὶ
2496 4304 2589 4356 ἐπὶ
2617 4301 2713 4355 τοῦ
2764 4300 2960 4372 λοιμοῦ
3002 4300 3302 4370 γεγένηται
3330 4295 3438 4349 τῶν
3485 4292 3712 4364 κτηνῶν
3740 4308 3758 4324 ·

2162 4419 2181 4452 ι
2222 4396 2343 4453 Είδε
2370 4398 2501 4470 γὰρ,
2536 4399 2689 4469 φησι,
2731 4395 2955 4470 Φαραὼ,
2984 4397 3067 4450 ὅτι
3119 4396 3219 4448 οὐκ
3250 4392 3609 4461 ἐτελεύτησεν
3639 4387 3764 4440 ἀπὸ

461 4492 844 4545 demonstrans
879 4506 974 4559 per
1004 4491 1120 4545 haec
1151 4491 1363 4552 omnia,
1402 4504 1463 4544 se
1487 4506 1552 4543 ex
1581 4490 1749 4545 libera
1767 4492 2051 4548 voluntate

2162 4494 2383 4547 πάντων
2409 4491 2517 4544 τῶν
2542 4491 2753 4563 κτηνῶν
2770 4491 2881 4543 τῶν
2909 4490 3042 4543 υἱῶν
3073 4488 3293 4561 Ἰσραὴλ
3318 4486 3470 4540 οὐδὲν
3490 4483 3626 4555 (57),
3656 4480 3765 4534 καὶ

462 4598 640 4652 agere.
675 4585 852 4654 Atque
880 4584 1043 4638 etiam
1067 4598 1192 4638 cum
1223 4583 1522 4646 docuisset,
1555 4585 1835 4653 quomodo
1865 4587 2049 4642 illatus

469 4676 539 4730 sit
567 4676 698 4745 ipsis
727 4677 1078 4747 pustularum
1112 4675 1358 4742 morbus,
1411 4676 1504 4747 qui
1531 4677 1692 4731 etiam
1743 4678 2050 4734 incantato-

2159 4584 2437 4655 ἐϐαρύνθη
2471 4586 2502 4655 ἡ
2541 4585 2740 4656 καρδία
2772 4582 2995 4656 Φαραὼ,
3033 4583 3127 4635 καὶ
3152 4583 3253 4635 οὐκ
3272 4574 3628 4644 ἐξαπέστειλε
3657 4575 3763 4626 τὸν

2160 4679 2320 4732 λαόν·
2367 4698 2386 4731 ι
2427 4680 2484 4733 ἐν
2529 4679 2743 4743 τούτοις
2784 4679 2960 4733 ἅπασι
3016 4675 3199 4741 δείξας
3259 4676 3319 4729 τὸ
3367 4674 3468 4743 τῆς
3516 4672 3762 4742 γνώμης

533 4830 733 4902 ἣΡείιΙ.
764 4848 950 4896 xxxvr,
984 4832 1036 4885 7.
1102 4832 1133 4902 ξ
1171 4831 1370 4885 Ezeclt.
1416 4846 1475 4895 tt,
1516 4830 1601 4887 19.
1681 4842 1695 4881 ι
1736 4831 1906 4887 Exod.
1942 4836 2065 4901 xv,l

2153 4835 2237 4889 iO.
2318 4837 2344 4876 Ιι
2402 4835 2533 4892 ibid.
2618 4835 2827 4892 lRom.
2893 4835 3095 4902 ",4-6.
3173 4842 3213 4872 ω
3278 4832 3451 4888 Exod.
3522 4847 3646 4894 viti,
3697 4830 3760 4884 8.

462 4910 492 4940 ³
544 4901 717 4957 Exod.
779 4921 851 4967 ix,
884 4903 973 4956 27.
1048 4901 1271 4956 'Exod.
1317 4917 1435 4969 \ttt,
1468 4903 1558 4955 ‘26.
1634 4913 1661 4953 P
1701 4906 1831 4958 ibid.
1869 4905 1957 4959 52.
2037 4915 2064 4955 τι

2150 4907 2268 4961 rod.
2306 4923 2381 4977 ix,
2413 4908 2464 4961 7.

1339 5041 1994 5119 varmﬁ‘iiserros‘ss
2046 5063 2139 5120 ex
2170 5063 2450 5121 CATENA
2497 5063 2860 5121 LIPSIENSI.

537 5199 741 5280 f°_Cat.
780 5214 833 5280 ρ.
871 5196 1000 5252 604.
1028 5198 1125 5252 καὶ
1160 5198 1468 5271 σκληρότης
1494 5217 1765 5276 τιμωριαν
1794 5204 2008 5274 ιπάγει,
2045 5206 2278 5278 μάρτυς,
2311 5214 2418 5262 etc.
2494 5204 2540 5238 "
2567 5205 2780 5275 ἀγνοῶν
2805 5221 2895 5262 om
2996 5206 3042 5238 ⁷⁸
3075 5207 3289 5262 σκόπει.
3371 5209 3416 5239 ⁷⁸
3449 5205 3787 5280 ἐϐαρύνετο,

462 5269 561 5326 καὶ
593 5268 980 5341 ὲσκληρύνετο.

1987 5416 2223 5474 NOTAE.

540 5554 654 5624 (50)
690 5553 829 5610 Cod.
861 5564 916 5609 et
937 5553 1050 5610 Pic.
1084 5555 1334 5610 ἀπονοία.
1816 5616 1821 5623 ι

681 5625 930 5704 Ιςηρδίςλι.
960 5624 1224 5704 DesiiLin
1249 5628 1377 5704 eod.
1408 5638 1462 5704 et
1482 5633 1621 5704 apud
1644 5630 1756 5690 Pic.

685 5696 834 5775 ρεῷ.
1029 5695 1219 5775 etgic.
1248 5700 1485 5775 Χριστῷ.

538 5768 654 5840 4,33)
679 5767 813 5823 Cod.
837 5776 891 5824 et
928 5765 1042 5824 Pic.
1085 5765 1369 5840 ἐδάρυνέν.

2227 5565 2343 5640 (ﬁ)
2369 5566 2509 5640 βοά.
2546 5577 2599 5640 et
2623 5566 2736 5640 Pic.
2767 5568 3122 5640 ἐσκλήρυνεν.

2229 5637 2340 5711 (ξιξ)
2368 5635 2795 5711 ᾉσεϐήςε-Οοιί.
2820 5635 3106 5711 δυσσεβὴς.

2228 5707 2341 5775 (36)
2367 5706 2499 5761 Cod.
2536 5720 2586 5763 et
2627 5707 2738 5763 Pic.
2768 5706 3210 5777 καταλεύσοντες.

2230 5777 2341 5848 (57)
2369 5778 2579 5835 Οὐδέν.
2642 5781 2776 5836 Cod.
2809 5780 2931 5833 οὐδὲ
2960 5783 3037 5836 ἓν.
