4032 6430
314 349 423 416 237

1459 348 1739 419 QUASST.
1771 351 1848 408 ΙΝ
1896 349 2117 417 ΕΧΟΙ).
2159 349 2316 411 CAP.
2352 350 2448 410 IV.

3484 358 3588 414 9.58

313 464 672 535 αὐθαίρετον.
726 463 839 514 Καὶ
891 459 1108 525 διδάξας
1130 460 1244 531 (58)
1306 460 1453 523 ὅπως
1496 461 1677 521 αὐτοῖς
1711 460 1899 529 ἐπηνέ·

2012 476 2097 513 res
2130 461 2426 526 invaserat,
2461 463 2530 514 ita
2570 470 2628 514 ut
2661 476 2768 515 non
2817 474 3042 532 possent
3080 473 3228 521 stare
3255 467 3309 522 in
3362 484 3591 542 conspe-

317 557 418 628 χθη
467 556 582 609 τῶν
648 553 1136 623 φλυκταινῶν(59)
1186 552 1248 604 τὸ
1291 551 1485 615 πάθος,
1540 553 1637 604 καὶ
1677 553 1757 604 ὅτι
1811 554 1905 604 καὶ

312 652 428 710 τοῖς
454 649 785 718 φαρμακοῖς
815 647 850 715 ἡ
878 644 1035 707 νόσος
1064 643 1367 712 ἐπέσκηψε,
1393 642 1489 696 καὶ
1517 642 1616 695 οὐκ
1645 640 1907 710 ἠδύναντο

308 740 359 792 οἱ
403 738 704 808 φαρμακοὶ
744 736 939 806 στῆναι
986 733 1230 787 ἐναντίον
1284 733 1456 802 Μωσῆ
1491 732 1578 784 διὰ
1621 733 1689 785 τὰ
1735 732 1904 800 ’ἑλκη-

310 829 621 901 ῂσχύνοντο
652 828 764 898 γὰρ
825 824 1266 896 καθηλκωμένοι,
1328 824 1424 876 καὶ
1482 823 1668 891 σφίσιν
1725 823 1908 884 αὐτοῖς

308 920 601 991 ἐπαμῦναι
641 920 719 989 μὴ
773 918 1090 987 δυνάμενοι,
1144 918 1425 986 ἐπήγαγε’
1474 932 1491 966 ι
1548 915 1659 967 Καὶ
1714 914 1908 984 ἐσκλή-

309 1031 446 1086 ρυνε
477 1013 693 1082 Κύριος
728 1010 829 1080 τὴν
856 1008 1085 1080 καρδίαν
1112 1006 1335 1077 Φαραὼ,
1366 1007 1460 1059 καὶ
1503 1008 1603 1059 οὐκ
1646 1007 1904 1075 εἰσήκου-

307 1124 401 1160 σεν
444 1104 659 1170 αὐτῶν,
718 1102 867 1155 καθὰ
902 1100 1193 1163 συνέταξεν
1224 1099 1405 1160 αὐτοῖς
1451 1096 1672 1167 Κύριος.
1718 1116 1737 1148 ι
1796 1097 1907 1149 Καὶ

308 1199 433 1268 μετ’
466 1196 633 1264 ὀλίγα
664 1195 804 1265 πρὸς
843 1192 1010 1247 αὑτὸν
1054 1191 1158 1261 ἔφη
1190 1189 1283 1243 τὸν
1311 1188 1514 1259 Φαραώ
1534 1205 1547 1217 ·
1596 1208 1617 1240 ί
1679 1188 1907 1241 Ἕνεκεν

308 1292 501 1341 τούτου
578 1283 943 1356 διετηρήοης,
998 1283 1088 1335 ἵνα
1154 1280 1477 1350 ἐνδείξωμαι
1538 1281 1595 1331 ὲν
1649 1282 1732 1331 σοὶ
1806 1278 1907 1346 τὴν

312 1382 469 1451 ’σχύν
498 1378 619 1450 (40)
653 1396 783 1447 μου,
819 1376 916 1430 καὶ
962 1377 1112 1436 ὅπως
1171 1372 1430 1442 διαγγελῇ
1484 1371 1547 1425 τὺ
1595 1372 1766 1440 ὄνομα
1804 1387 1903 1440 μου

304 1560 407 1629 ἔφη
434 1575 450 1589 ·
500 1557 656 1610 Ἰδὼν
690 1557 825 1628 γὰρ,
852 1554 1008 1625 φησὶ,
1041 1552 1239 1623 Φαραὼ
1255 1552 1337 1605 ὅτι
1368 1551 1644 1605 πέπαυται
1677 1554 1705 1604 ὁ
1728 1551 1902 1615 ὑετὸς,

302 1651 445 1718 γαὶὴ
474 1647 723 1717 χάλαζα,
740 1647 835 1698 καὶ
854 1647 907 1697 al
926 1644 1123 1713 φωναὶ,
1141 1643 1235 1696 καὶ
1260 1640 1561 1712 προσέθετο
1591 1640 1792 1710 Φαραὼ
1807 1641 1904 1694 τοῦ

305 1740 698 1811 ἁμαρτάνειν·
749 1737 846 1790 καὶ
887 1735 1116 1806 ἐϐάρυνε
1155 1733 1253 1804 τὴν
1288 1732 1516 1803 καρδίαν
1573 1731 1737 1784 αὐτοῦ
1759 1774 1773 1796 ,
1808 1734 1902 1786 καὶ

2014 561 2111 604 ctu
2153 551 2317 606 Mosis
2371 561 2589 621 propter
2627 554 2805 607 ulcera
2858 553 3116 624 (pudebat
3160 559 3305 614 enim
3359 577 3457 617 cos
3516 566 3592 619 ul-

2018 656 2227 705 cerum,
2271 642 2432 711 128
2468 652 2522 697 et
2552 645 2697 712 quod
2734 647 2835 699 sibi
2866 648 2998 716 ipsis
3032 664 3138 702 non
3179 663 3401 720 possent
3463 672 3590 710 suc-

2015 732 2280 802 currere),
2306 735 2622 804 snbjnnxit:
2676 754 2695 786 ι
2730 735 2813 791 Et“
2847 739 3119 794 induravit
3179 742 3439 798 Dominus
3496 762 3590 802 cor

2014 824 2337 889 Pharaonis,
2378 838 2431 879 et
2462 841 2570 879 non
2599 827 2801 881 audivit
2847 846 2964 896 eos,
2991 835 3451 901 quemadmodum
3484 849 3589 893 sta-

2016 924 2195 970 tnerat
2224 916 2305 971 eis
2342 916 2604 972 Dominus
2635 926 2675 974 τ.
2715 937 2733 968 ι
2766 918 2829 972 Ει
2861 923 3019 988 paulo
3041 935 3162 992 post
3193 927 3329 981 dixit
3359 929 3425 983 ad
3446 929 3588 984 Pha-

2015 1022 2276 1062 raonem:
2321 1026 2340 1058 ι
2383 1008 2540 1062 llunc
2580 1009 2631 1061 in
2670 1010 2830 1062 linem
2862 1026 3217 1071 conservatus
3258 1034 3341 1083 es,
3379 1032 3440 1075 ut
3491 1036 3586 1077 os-

2014 1098 2229 1152 ten'lam
2257 1098 2311 1152 in
2347 1108 2396 1153 te
2445 1099 2697 1155 virtutem
2738 1117 2934 1167 meatu,
2956 1109 3457 1165 etutannuntietnr
3487 1127 3586 1167 no-

2016 1206 2138 1243 men
2172 1206 2355 1245 meum
2403 1193 2456 1246 in
2490 1194 2742 1247 universa
2774 1203 2917 1249 terra
2948 1207 2992 1249 ε.
3041 1215 3058 1247 ι
3096 1196 3159 1251 Et
3210 1200 3404 1255 iterum
3459 1214 3589 1273 post

2014 1296 2187 1349 pauca
2213 1282 2348 1338 dixit
2401 1285 2563 1339 etiam
2597 1301 2717 1352 quae
2763 1295 3106 1355 sequuntur:
3168 1310 3187 1340 ‹
3234 1290 3429 1346 Videtis
3453 1293 3589 1349 Plia-

2013 1388 2133 1435 rao.
2196 1373 2343 1443 quod
2401 1385 2667 1430 cessasset
2696 1436 2697 1439 η
2728 1377 2932 1446 pluvia,
2975 1382 3180 1448 grando
3217 1392 3269 1437 et
3327 1385 3583 1447 tonitrua.

2014 1462 2197 1517 denuo
2232 1464 2479 1532 peccavit
2521 1464 2755 1530 Pltzrao,
2810 1476 2863 1519 et
2897 1470 3211 1537 aggravavit
3260 1487 3354 1526 cor
3401 1489 3587 1536 suum,

2012 1563 2067 1606 et
2094 1567 2378 1607 servorum
2409 1568 2669 1608 suorum:
2719 1565 2772 1610 et
2826 1556 3100 1612 induravit
3129 1575 3225 1615 cor
3277 1561 3509 1628 Pharao,
3535 1574 3590 1619 et

2013 1659 2121 1697 non
2162 1642 2370 1699 dimisit
2400 1644 2538 1699 ﬁlios
2573 1642 2808 1709 lsraelis,
2856 1647 3016 1702 sicuti
3052 1650 3269 1706 dixerat
3327 1652 3589 1710 Dominus

2012 1734 2151 1789 Mosi
2200 1740 2243 1788 ι.
2281 1754 2299 1786 ι
2338 1734 2465 1790 Haec
2515 1746 2694 1790 autem
2755 1738 2942 1805 verba,
2980 1740 3139 1794 sicuti
3190 1744 3417 1810 dixerat,
3455 1760 3591 1813 pra:-

304 1834 410 1886 τὼν
471 1830 840 1903 θεραπόντων
898 1825 1097 1881 αὑτοῦ·
1146 1826 1241 1879 καὶ
1297 1825 1596 1895 ὲσκλήρυνε
1642 1825 1738 1896 τὴν
1767 1842 1899 1896 καρ-

2011 1825 2296 1881 scientiam
2333 1825 2428 1878 Dei
2461 1826 2724 1893 indicant,
2758 1830 2917 1897 quasi
2947 1830 3192 1886 diceret:
3218 1831 3363 1887 Nihil
3394 1835 3588 1890 horum

302 1925 415 1978 δίαν
444 1924 561 1994 (41)
604 1920 898 1990 Φαραὼ’²,
954 1919 1049 1972 καὶ
1095 1918 1195 1970 οὐκ
1221 1915 1568 1983 ἐξαπέστειλε
1595 1917 1720 1979 τοὺς
1755 1917 1905 1980 υίοὺς

308 2016 562 2088 Ἰσραὴλ,
599 2014 867 2084 καθάπερ
915 2011 1146 2082 ὲλάλησε
1190 2008 1396 2080 Κύριος
1424 2008 1504 2078 τῷ
1549 2009 1744 2078 Μωσῇ.
1779 2025 1797 2058 ι
1830 2008 1905 2060 Τὸ

291 2108 369 2169 δὲ,
415 2104 705 2173 καθάπερ
763 2102 1056 2169 Aldinae,
1110 2100 1208 2171 τὴν
1266 2100 1580 2171 πρόγνωσιν
1630 2099 1725 2152 τοῦ
1766 2099 1901 2153 Θεοῦ

299 2198 466 2269 δηλοῖ,
503 2195 643 2250 ἀντὶ
672 2193 797 2260 τοῦ,
830 2192 998 2247 Οὐδὲν
1036 2190 1241 2245 τούτων
1270 2190 1538 2260 ἠγνόησεν
1566 2190 1594 2242 6
1631 2189 1734 2243 τῶν
1765 2190 1903 2243 ὅλων

296 2289 444 2353 θεὸς,
475 2287 605 2342 ἀλλ’
623 2284 875 2357 ἐξαρχῆς
919 2282 1238 2355 προείρηκε.
1271 2282 1457 2335 Ταῦτα
1495 2282 1552 2334 δὲ
1609 2282 1786 2335 πάντα
1824 2280 1902 2334 δι-

292 2381 546 2451 εξῆλθον,
596 2380 782 2445 δεῖξαι
835 2377 1193 2447 βουλόμενος,
1232 2374 1309 2438 ώς
1369 2373 1493 2427 οὗτε
1533 2374 1747 2443 φύσεως
1777 2370 1846 2445 ἦν
1873 2377 1901 2428 6

290 2472 497 2544 Φαραὼ
521 2471 807 2542 πονηρᾶς,
832 2466 959 2522 οὒτε
983 2468 1012 2520 6
1040 2469 1317 2538 Δεσπότης
1348 2465 1480 2528 Θεὸς
1517 2465 1763 2536 σκληρὰν
1800 2467 1900 2519 αύ-

289 2567 386 2620 τοῦ
425 2566 526 2620 καὶ
553 2563 873 2619 ἀντίτυπον
917 2560 1017 2630 τὴν
1065 2558 1298 2628 γνώμην
1352 2558 1679 2628 εἰργάσατο·
1711 2559 1739 2610 ό
1790 2556 1900 2626 γάρ

292 2657 388 2709 νῦν
420 2657 524 2725 μὲν
563 2656 653 2715 εἰς
677 2649 846 2705 τοῦτο
868 2649 1077 2719 ῥέπων,
1105 2647 1200 2701 νῦν
1227 2647 1283 2699 δὲ
1318 2648 1398 2710 εἰς
1423 2649 1624 2710 ἐκεῖνο,
1656 2647 1899 2700 δείκνυσι

300 2750 365 2802 το
398 2749 506 2817 τῆς
538 2746 777 2817 γνώμης
826 2745 1179 2814 αὐθαίρετον.
1243 2744 1363 2799 ’Ίνα
1400 2742 1458 2796 δὲ
1506 2742 1602 2797 καὶ
1644 2742 1708 2795 ἔκ
1752 2759 1897 2806 τινος

314 2838 529 2900 εἰκόνος
548 2837 733 2907 (me
759 2835 1256 2907 ἀμφιϐαλλόμενον
1277 2833 1621 2901 διαλύσωμεν
1637 2850 1652 2866 ο
1687 2837 1714 2887 ὁ
1748 2834 1899 2905 ἥλιος

318 2932 388 2999 τῇ
416 2929 521 2999 τῆς
552 2928 752 2999 θέρμης
780 2927 1042 2999 ἐνεργείᾳ
1064 2928 1153 2981 τὸν
1186 2926 1286 2998 μὲν
1317 2926 1487 2999 κηρὸν
1511 2926 1781 3007 immittat,
1807 2926 1899 2980 τὸν

312 3021 371 3075 δὲ
426 3019 597 3091 πηλὸν
643 3020 923 3091 ξηραίνει,
960 3019 1060 3074 καὶ
1105 3019 1197 3072 τὸν
1252 3019 1353 3090 μὲν
1410 3018 1695 3088 μαλάττει.
1725 3021 1816 3072 τὸν
1841 3018 1898 3072 δὲ

308 3113 625 3185 σκληρύνει.
670 3113 896 3182 Ὠσπερ
914 3110 1099 3164 τοίνυν
1130 3104 1285 3174 οὗτος
1310 3108 1421 3180 (45)
1444 3112 1510 3180 τῇ
1549 3108 1800 3181 ἐνεργείᾳ
1828 3111 1895 3178 τῇ

298 3206 399 3277 μιᾷ
422 3204 492 3258 τὰ
550 3204 785 3259 ἐναντία
818 3202 987 3265 ποιεῖ,
1030 3201 1174 3255 οὕτω
1205 3204 1273 3273 τῇ
1312 3201 1407 3255 τοῦ
1448 3200 1585 3254 Θεοῦ
1623 3201 1732 3257 τῶν
1764 3201 1900 3256 ὅλων

298 3295 687 3367 μακροθυμίᾳ,
747 3296 936 3365 οἱμὲν
985 3293 1279 3364 ὠφέλειαν,
1315 3294 1366 3347 oi
1412 3292 1470 3347 δὲ
1508 3292 1715 3363 βλάϐην
1759 3309 1898 3363 καρ-

294 3388 569 3443 ποῦνταισ
600 3387 708 3441 καὶ
760 3388 814 3440 οί
874 3386 975 3457 μὲν
1028 3386 1416 3457 μαλάττονται,
1456 3386 1505 3439 οἱ
1556 3384 1613 3439 δὲ
1662 3383 1900 3455 σκληρύ-

292 3497 501 3534 νονται.
536 3478 724 3533 Τοῦτο
758 3479 861 3532 καὶ
894 3479 923 3530 6
947 3477 1158 3549 Κύριος
1197 3479 1254 3531 ὲν
1283 3481 1395 3539 τοῖς
1447 3480 1614 3548 ἱεροῖς
1657 3478 1901 3547 Εὑαγγεο

291 3569 427 3633 λίοις
457 3570 816 3640 δεδήλωκεν.
858 3587 879 3621 ι
920 3570 1013 3634 Εἰς
1047 3572 1222 3641 κρῖμα
1263 3568 1397 3641 γὰρ,
1441 3570 1628 3640 φησὶν,
1680 3568 1791 3639 ἐγὼ
1818 3571 1900 3634 εἰς

291 3664 381 3716 τὸν
410 3663 634 3732 κόσμον
669 3659 870 3716 τοῦτον
899 3656 1088 3733 ἦλθον,
1134 3662 1221 3717 ἵνα
1256 3663 1308 3715 οἱ
1339 3661 1414 3733 μὴ
1458 3662 1748 3732 βλέποντες
1780 3661 1902 3733 βλέ-

294 3770 463 3818 πωσι,
492 3754 597 3808 καὶ
655 3755 709 3807 οί
754 3753 1051 3823 βλέποντες
1100 3753 1292 3822 τυφλοὶ
1324 3753 1613 3823 γένωνται.
1671 3771 1691 3805 ι
1730 3752 1901 3807 Τοῦτο

292 3846 350 3898 δὲ
381 3846 446 3899 οὐ
481 3844 584 3898 τοῦ
613 3845 897 3898 Δεσπότου
925 3844 1081 3914 δηλοί
1097 3844 1188 3898 τὸν
1216 3845 1448 3899 σκοπόν.
1486 3845 1606 3898 οὐδὲ
1635 3845 1744 3916 γάρ
1777 3844 1901 3899 τού-

292 3954 387 3991 του
418 3937 596 4008 χάριν
633 3934 923 4007 ἐλήλυθεν,
943 3936 1033 3990 ἵνα
1058 3935 1297 4006 τυφλοὺς
1329 3937 1589 4011 ἀποφήνῃ
1619 3938 1745 4000 τοὺς
1774 3935 1899 4007 βλέ-

293 4044 525 4091 ποντας·
550 4026 696 4081 ἀλλά
711 4028 775 4080 τὸ
794 4026 1177 4097 γεγενημένον
1201 4026 1525 4098 δεδήλωκεν.
1549 4045 1569 4079 ι
1592 4027 1761 4091 Αὐτὸς
1786 4027 1898 4097 (44)

297 4120 401 4189 μὲν
432 4122 550 4190 γὰρ
589 4119 855 4190 βούλεται
884 4121 1100 4184 πάντας
1140 4118 1467 4190 ἀνθρώπους
1509 4118 1776 4189 σωθῆναι,
1806 4120 1901 4173 καὶ

298 4214 377 4274 εἰς
421 4211 739 4280 ἐπίγνωσιν
792 4210 1054 4281 ἀληθείας
1106 4210 1300 4265 ἐλθεῖν.
1371 4233 1389 4262 ι
1447 4211 1665 4281 Ἐπειδὴ
1734 4211 1791 4264 δὲ
1837 4210 1900 4264 τὸ

299 4303 641 4373 αὐθαίρετον
700 4303 819 4374 ἔχει
871 4304 984 4357 τῶν
1033 4301 1342 4375 ἀνθρώπων
1404 4305 1437 4375 ἡ
1478 4302 1664 4372 φύσις,
1715 4303 1899 4373 οἱμὲν

302 4394 752 4458 πεπιστευκότες
781 4394 1062 4465 σωτηρίας
1092 4395 1441 4467 ἀπήλαυσαν,
1470 4397 1520 4447 οἰ
1560 4395 1617 4448 δὲ
1660 4395 1900 4466 ἀπιστή-

303 4500 501 4549 σαντες
528 4484 793 4557 πρόξενοι
837 4487 1056 4548 ἑαυτοῖς
1072 4486 1183 4556 (45)
1216 4486 1320 4556 τῆς
1363 4486 1590 4557 γεέννης
1638 4486 1898 4556 γεγένην-

300 4592 412 4630 ται.
467 4575 665 4641 Οὕτως
700 4577 731 4629 6
797 4577 1003 4639 Ἰούδας
1034 4576 1250 4649 βλέπων
1300 4577 1619 4648 (ἀπόστολος
1650 4578 1761 4650 γάρ
1785 4576 1898 4650 ἦν),

309 4666 540 4739 ὕστερον
562 4668 857 4740 ἐτυφλώθη
879 4685 894 4700 ·
930 4671 960 4722 6
997 4670 1055 4723 δὲ
1107 4669 1398 4734 θεσπέσιος
1432 4670 1645 4734 Παῦλος
1700 4670 1901 4740 τυφλὸς

302 4758 380 4812 ὢν
410 4760 713 4833 πρότερον,
742 4760 1043 4832 ἀνέϐλεψεν
1075 4760 1325 4834 ὕστερον.
1355 4762 1512 4817 Οὕτω
1541 4764 1631 4817 διὰ
1668 4762 1769 4835 τῆς
1804 4763 1900 4817 τοῦ

2013 1916 2156 1972 Deus
2208 1918 2448 1973 omnium
2511 1919 2799 1988 ignoravit,
2842 1920 2936 1976 sed
2973 1922 3041 1977 ab
3103 1924 3260 1979 initio
3316 1928 3586 1995 praedixit.

2010 2005 2139 2064 Haec
2182 2016 2366 2065 autem
2399 2010 2655 2065 universa
2697 2013 2973 2077 recensui,
3003 2016 3196 2071 docere
3248 2018 3456 2082 volens.
3489 2036 3587 2076 ne-

2011 2113 2119 2168 que
2165 2100 2509 2155 Pharaonem
2537 2099 2708 2156 fuisse
2739 2113 2950 2158 natura:
3007 2120 3205 2174 pravae,
3262 2124 3439 2179 neque
3481 2109 3589 2163 Do-

2011 2191 2218 2246 minum
2269 2191 2437 2245 Deum
2468 2192 2712 2246 animum
2759 2194 2881 2264 ejus
2906 2196 3108 2250 durum
3139 2207 3193 2253 et
3223 2200 3585 2255 reluctantem

2009 2281 2226 2337 fecisse.
2274 2281 2409 2336 Nam
2441 2283 2530 2351 qui
2574 2285 2737 2339 modo
2790 2286 2847 2340 in
2882 2288 3042 2354 hanc,
3109 2290 3274 2345 modo
3326 2292 3378 2345 in
3437 2294 3584 2347 illam

2009 2386 2216 2443 partem
2254 2375 2501 2441 inclinat,
2538 2377 2878 2433 demonstrat
2902 2380 3129 2454 liberam
3160 2383 3332 2438 animi
3391 2386 3587 2440 volun~

2010 2475 2197 2522 tatem.
2251 2468 2557 2536 Cteterutn,
2599 2481 2657 2527 ut
2695 2474 2878 2545 aliqua
2924 2477 3161 2533 adducta
3223 2479 3587 2538 similitudine

2008 2561 2439 2615 controversiam
2467 2563 2853 2629 dissolvamns,
2887 2568 2966 2622 sol
2995 2569 3045 2623 vi
3074 2569 3272 2626 caloris
3300 2573 3383 2628 sui
3402 2589 3585 2628 ceram

2007 2648 2228 2717 quidem
2255 2650 2558 2720 liquefacit,
2608 2655 2782 2711 lututn
2827 2673 2957 2713 vero
2995 2660 3275 2716 exsiccat:
3329 2672 3384 2719 et
3440 2666 3587 2720 illam

2007 2737 2228 2806 quidem
2257 2740 2486 2809 emollit,
2539 2744 2645 2799 hoc
2697 2755 2877 2800 autem
2927 2746 3166 2805 indurat.
3216 2751 3588 2818 Quemadmo-

2006 2830 2135 2884 dum
2186 2846 2318 2901 ergo
2348 2833 2431 2887 sol
2461 2834 2567 2889 iste
2600 2851 2707 2890 una
2741 2846 2794 2892 et
2834 2840 3024 2893 eadem
3058 2841 3257 2898 virtute
3311 2847 3588 2902 contraria

2005 2932 2303 2990 operatur:
2347 2925 2427 2980 sic
2459 2941 2525 2981 ex
2557 2927 2971 2998 longanimitate
3001 2931 3093 2987 Dei
3151 2936 3396 2990 omnium
3445 2953 3586 2991 non-

2008 3016 2143 3070 nulli
2194 3016 2417 3086 capiunt
2442 3018 2750 3087 utilitatem,
2783 3024 2872 3076 alii
2907 3039 3034 3079 vero
3082 3027 3340 3081 damnum
3368 3046 3383 3083 :
3414 3040 3468 3083 et
3511 3030 3590 3086 illi

2008 3106 2386 3173 emolliuntur,
2420 3108 2512 3164 isti
2544 3125 2674 3164 vero
2723 3112 3073 3169 indurantur.
3106 3115 3261 3182 Quod
3294 3127 3346 3173 et
3402 3118 3591 3174 Domi-

2009 3214 2114 3255 nus
2140 3198 2439 3255 declaravit
2465 3201 2520 3256 in
2573 3203 2745 3259 sacris
2777 3205 3117 3276 Evangeliis:
3159 3228 3177 3261 ι
3212 3211 3293 3266 Ad
3319 3212 3588 3280 judicium

2007 3290 2177 3356 enim,
2208 3289 2406 3361 inquit,
2440 3308 2540 3364 ego
2568 3293 2622 3347 in
2656 3295 2800 3350 hunc
2837 3297 2996 3368 129
3030 3301 3294 3356 mundum
3332 3305 3476 3370 veni,
3531 3315 3591 3359 ut

2007 3380 2102 3448 qui
2128 3396 2238 3435 non
2270 3383 2474 3450 vident,
2501 3384 2718 3440 videant
2745 3398 2825 3440 :et
2851 3390 2944 3457 qui
2972 3390 3170 3457 vident,
3187 3393 3313 3448 (ξιιεοί
3344 3392 3536 3449 ﬁant".
3562 3414 3584 3447 ι

2008 3469 2129 3527 Non
2187 3474 2334 3543 quod
2365 3491 2460 3545 per
2492 3475 2597 3532 hoc
2631 3477 2942 3534 declaretur
2978 3482 3137 3536 talem
3167 3481 3335 3538 fuisse
3372 3483 3582 3542 Domini

2011 3579 2277 3635 scopum:
2319 3569 2670 3637 nequeenim
2709 3570 2874 3641 hujus
2934 3572 3012 3627 rei
3068 3577 3242 3643 gratia
3305 3577 3471 3642 venit,
3528 3587 3588 3632 ut

2007 3657 2199 3713 reddat
2230 3674 2324 3714 eos
2356 3660 2450 3729 qui
2482 3660 2667 3716 vident
2693 3678 2909 3732 caecos;
2955 3666 3049 3721 sed
3083 3667 3138 3722 id
3186 3668 3333 3738 quod
3383 3668 3584 3726 factum

2007 3756 2093 3805 est
2125 3750 2387 3806 indicavit
2412 3769 2425 3806 :
2465 3772 2484 3804 ι
2530 3751 2649 3823 Ipse
2667 3755 2812 3809 enim
2834 3756 2951 3812 vult
2979 3772 3171 3815 omnes
3197 3760 3451 3817 homines
3479 3765 3589 3818 sal-

2007 3855 2104 3896 vos
2132 3840 2268 3909 lieri,
2317 3850 2372 3897 et
2423 3842 2488 3897 ad
2544 3845 2912 3915 cognitionem
2964 3850 3208 3906 veritatis
3258 3855 3444 3908 venire
3472 3865 3520 3910 ν.
3561 3877 3582 3909 ι

2008 3929 2112 3988 Sed
2142 3947 2266 3987 cum
2302 3933 2540 3989 humana
2576 3947 2771 3991 natura
2801 3937 3015 3993 arbitrii
3050 3941 3247 3995 habeat
3281 3943 3585 4001 libertatem

2007 4023 2099 4093 qui
2144 4024 2512 4091 crediderunt,
2545 4028 2773 4083 salutem
2807 4039 2934 4085 sunt
2980 4035 3296 4088 consecuti:
3343 4037 3589 4105 quivero

2007 4131 2118 4170 non
2154 4116 2527 4183 crediderunt,
2573 4118 2834 4189 gehennae
2861 4122 2967 4177 sibi
2992 4123 3121 4178 lacti
3152 4134 3277 4180 sunt
3307 4138 3584 4185 auctores.

2010 4205 2103 4263 Sic
2147 4216 2202 4263 et
2237 4206 2408 4263 Judas
2439 4209 2607 4274 vidit,
2650 4213 2923 4282 siquidem
2952 4217 3236 4284 aposwlus
3263 4227 3399 4281 erat,
3436 4231 3588 4288 post-

2007 4314 2069 4353 ea
2101 4314 2225 4354 vero
2253 4310 2557 4357 cxcaacatus
2587 4312 2669 4358 est
2697 4323 2709 4358 :
2746 4305 2963 4362 divinus
2990 4317 3171 4364 autem
3196 4307 3417 4378 Paulus,
3462 4328 3584 4366 cum

2008 4398 2168 4444 antea
2195 4403 2374 4444 caecus
2402 4400 2567 4456 esset,
2599 4401 2788 4462 postea
2834 4394 3011 4450 visum
3064 4399 3288 4467 recepit.
3345 4397 3437 4454 Sic
3492 4415 3588 4469 per

2007 4482 2300 4539 adventum
2333 4483 2636 4542 Salvatoris
2686 4490 3001 4547 Judaeorum
3055 4491 3277 4562 plurimi
3327 4496 3586 4550 excwcatl

2004 4583 2153 4640 sunt,
2188 4584 2376 4646 gentes
2406 4587 2585 4631 autem
2625 4578 2802 4634 visum
2856 4594 3198 4652 receperunt.
3238 4583 3351 4639 Non
3407 4594 3585 4640 tamen

2009 4667 2081 4722 ob
2114 4666 2188 4731 id,
2213 4666 2360 4736 quod
2393 4668 2613 4736 quidam
2649 4684 2755 4724 non
2783 4684 2939 4726 erant
2972 4674 3255 4741 credituri,
3299 4677 3587 4745 oportebat

2006 4758 2469 4829 dispensationem
2498 4758 2801 4817 Salvatoris
2827 4764 3003 4819 nostri
3026 4766 3327 4821 secundum
3362 4779 3583 4821 carnem

379 4937 843 5004 εειοά.ιι,ιε.
924 4937 1227 4994 'ibid.l6.
1311 4902 1882 5004 tExod.rx,54,35.
1960 4936 2408 5005 uJoan.u,39.
2479 4942 2912 5006 vtrim.n,4.

1200 5091 1435 5149 νΑῐὶΙίΕ
1475 5091 1858 5149 LECTIONES
1889 5091 1977 5148 EX
2022 5092 2298 5149 CATENA
2334 5093 2691 5151 LIPSIENSL

370 5235 419 5267 "
448 5234 566 5289 Cat.
604 5248 660 5304 p.
695 5233 824 5291 605.
850 5232 1005 5288 ὲσκλ.
1029 5234 1065 5305 ἡ
1096 5233 1291 5305 καρδία
1317 5235 1455 5304 Φαρ.

373 5400 491 5470 ('58)
518 5399 800 5467 Διδάξας.
835 5399 971 5455 Cod.
1003 5410 1056 5455 et
1076 5399 1189 5456 Pic.
1223 5398 1427 5465 δείξας.

376 5468 489 5540 (59)
523 5472 660 5524 Cod.
687 5481 743 5525 et
771 5470 882 5525 Pic.
907 5470 1240 5539 φλυκτενῶν.
1263 5470 1590 5540 lnterpretes
1609 5468 1782 5524 Gruter
1805 5483 1891 5523 usx

294 5550 609 5619 attnt‘voce
640 5541 949 5619 φλυκτίδες.
1044 5610 1099 5619 Μ
1196 5610 1246 5619 Η
1737 5610 1748 5619 _
1822 5608 1852 5619 Α,

374 5610 489 5687 (ῥυ)
513 5611 771 5687 ΔἹεγχψκ
792 5610 936 5687 llo-1.
956 5622 1024 5687 _e_t
1042 5610 1157 5687 Dic.
1190 5610 1442 5687 δύναμιν,
1478 5625 1601 5687 qua:
1623 5620 1707 5687 est
1720 5610 1893 5687 lectio

295 5681 429 5753 god:
459 5681 828 5753 Alenrlihxnd.
852 5682 1134 5753 tx,16.lta
1155 5698 1375 5753 quoque
1405 5679 1603 5752 legitur
1635 5681 1687 5734 in
1720 5679 1890 5749 Epist.

299 5746 370 5802 Β.
398 5747 548 5806 Pauli
579 5752 649 5805 ad
680 5748 843 5805 Rom.
876 5766 952 5815 ιι,
992 5752 1077 5805 l7.

2070 5404 2183 5472 (ΔΙ)
2211 5404 2343 5458 Cod.
2373 5404 2701 5474 ὲσκλήρυνεν
2729 5406 2763 5475 ή
2785 5404 3004 5473 καρδία.

2070 5475 2469 5543 (δεθείκόνος.
2506 5472 2627 5529 Des.
2663 5477 2716 5529 itt
2742 5472 2945 5531 comet
2976 5474 3119 5543 apud
3150 5472 3260 5528 Pic.

2070 5547 2181 5612 (45)
2211 5544 2344 5598 Cod.
2366 5545 2556 5607 οὕτως.

2077 5606 2191 5681 (Η)
2213 5615 2424 5680 Αὐτός.
2451 5614 2587 5668 Cod.
2621 5613 2815 5677 οὕτως.
2855 5615 2963 5668 i’ic.
2997 5606 3173 5673 οὗτος.

2077 5686 2185 5755 (45)
2226 5684 2511 5750 Ἑαυτοῖς.
2547 5685 2685 5743 Cod.
2722 5694 2777 5738 ct
2800 5685 2910 5740 νίς.
2951 5684 3120 5750 again.
