4090 6480
324 418 427 484 ὅίθ

1316 414 1809 475 THEODOHETI
1856 413 2199 472 EPISCOPI
2232 410 2601 475 CYRENSIS

3504 420 3612 483 880

325 546 386 593 ut
414 535 582 602 Deus,
632 544 688 591 et
733 534 934 605 accipit
985 541 1045 588 ut
1080 533 1263 588 homo.
1313 529 1517 584 Eodem
1556 530 1737 595 modo,
1780 544 1905 583 eum

2011 534 2103 580 τον
2132 526 2350 598 ψαλμὸν
2378 528 2406 579 ὁ
2437 530 2711 599 μακάριος
2743 528 2956 593 Παῦλος
2977 531 3058 594 είς
3079 530 3170 585 τὸν
3190 532 3319 586 Υίὸν
3350 534 3608 605 εἰρῆσθαί

323 630 628 686 altissimus
659 628 978 682 nominatus
1013 626 1086 681 sit
1123 640 1182 679 ut
1213 624 1378 686 Deus,
1408 623 1678 678 cxaltatus
1723 631 1808 678 est
1853 632 1912 676 ut

324 722 510 775 homo.
544 716 611 772 Et
638 717 807 771 David
838 716 1058 786 quidem
1093 715 1333 769 divinam
1384 712 1728 767 altitudinem
1770 728 1913 783 prte-

321 810 555 871 dieans,
600 805 849 861 clamat:
891 822 911 857 ι
952 805 1335 874 Cognoscant,
1379 802 1527 872 quod
1562 817 1762 857 nomen
1814 801 1910 856 tibi

321 904 393 958 sit
426 900 713 965 Dominus,
762 907 934 969 tuque
974 897 1125 954 solus
1172 898 1249 952 sis
1281 895 1587 951 altissimus
1617 910 1716 965 per
1745 896 1907 966 621

321 1008 540 1050 omnem
565 990 767 1047 terram
791 989 842 1045 (ι.
879 1008 898 1042 ι
935 991 1001 1046 Et
1028 988 1325 1044 Zacharias
1352 987 1483 1043 dicit
1509 988 1576 1043 ad
1602 986 1910 1043 Joannem:

325 1105 344 1139 ι
367 1087 435 1142 Ει
468 1096 548 1153 ιιι,
577 1101 739 1156 puer,
768 1084 1036 1155 propheta
1055 1082 1324 1138 Altissimi
1358 1081 1646 1136 vocaberis
1671 1091 1716 1135 ο.
1743 1099 1762 1132 ι
1800 1079 1913 1134 Hu-

320 1192 544 1235 manam
576 1191 708 1232 vero
738 1173 1086 1232 altitudinem
1123 1176 1319 1231 beatus
1366 1172 1575 1229 Paulus
1609 1172 1790 1238 docet,
1822 1172 1908 1226 di—

319 1287 452 1328 cens
488 1289 503 1325 :
542 1289 559 1323 ι
597 1270 894 1341 Propterea
939 1276 996 1324 et
1046 1268 1192 1324 Deus
1217 1265 1482 1323 exaltavit
1510 1265 1688 1331 illum,
1721 1273 1777 1321 et
1810 1265 1913 1320 do-

321 1367 472 1421 navit
503 1365 581 1420 illi
618 1379 843 1427 nomen,
884 1360 1033 1431 quod
1063 1369 1151 1415 est
1180 1372 1348 1429 super
1381 1372 1544 1414 omne
1570 1371 1770 1412 nomen
1806 1356 1852 1411 ί.
1888 1373 1908 1409 ι

321 1458 596 1513 Ριιιιιιειρε
626 1470 827 1511 nomen
860 1453 965 1508 Fili
999 1450 1264 1523 unigeniti
1310 1452 1453 1505 Deus
1497 1447 1735 1504 Verbum
1788 1457 1914 1501 ante

320 1554 520 1611 saecula
547 1552 786 1607 habebat
813 1554 1117 1605 ‘c‘onnatum
1159 1550 1234 1602 rei
1268 1566 1281 1601 :
1317 1547 1411 1602 sed
1448 1557 1651 1610 tamen,
1687 1555 1745 1599 ut
1771 1543 1913 1598 Deus

322 1638 789 1712 nuncupationem
820 1640 944 1695 Filii
979 1638 1210 1703 habens,
1242 1637 1405 1692 etiam
1442 1645 1503 1692 ut
1538 1637 1707 1690 homo
1736 1635 1915 1691 SUSt'i-

322 1734 402 1805 pit
453 1732 625 1787 illam.
680 1730 1021 1801 Quapropter
1061 1729 1115 1782 in
1166 1728 1270 1783 hoc
1319 1727 1531 1797 psalmo
1581 1726 1781 1795 adjecit
1828 1725 1913 1781 di-

321 1841 454 1882 cens
481 1843 495 1879 Ξ

392 2003 560 2060 Vens.
598 2003 649 2056 7.
688 2023 707 2055 ι
748 2001 1016 2055 Dominus
1047 1998 1190 2054 dixit
1210 1998 1279 2052 ad
1312 2011 1421 2064 me,
1454 1994 1626 2051 Filius
1658 2009 1813 2049 meus
1845 2010 1907 2050 es

320 2104 415 2162 tu‘,
451 2102 557 2167 ego
595 2094 759 2149 hodie
788 2090 954 2162 genui
991 2099 1065 2146 te.
1104 2107 1124 2142 ι
1164 2088 1319 2145 Hane
1349 2101 1477 2143 vero
1502 2076 1689 2141 vocem
1722 2076 1905 2167 nem'o,

315 2190 412 2259 qui
445 2188 685 2258 Spiritus
717 2183 892 2240 sancti
941 2181 1207 2237 doctrinae
1251 2178 1458 2243 credat,
1491 2176 1763 2233 divinitati
1803 2166 1909 2230 Do-

319 2282 454 2336 mini
488 2279 695 2335 Christi
740 2275 1059 2347 applicabit.
1097 2273 1175 2328 De
1198 2273 1290 2328 illa
1328 2272 1477 2328 enim
1514 2260 1905 2327 universorum

321 2373 490 2429 Deum
526 2370 746 2427 Davidis
775 2384 872 2426 ore
905 2368 1178 2429 dicentem
1209 2365 1502 2421 audiamus
1534 2382 1547 2417 τ
1585 2383 1605 2416 ι
1639 2364 1719 2418 Ειι
1752 2370 1909 2418 utero

319 2474 448 2521 ante
506 2459 796 2518 luciferum
853 2460 1019 2532 genui
1070 2466 1122 2514 te
1153 2460 1199 2513 ε.
1240 2477 1259 2510 ι
1313 2456 1382 2513 Ut
1432 2458 1596 2513 homo
1642 2457 1807 2530 igitur
1856 2466 1910 2512 et

318 2560 463 2615 hanc
493 2570 685 2614 vocem
718 2554 933 2625 recipit,
962 2563 1023 2609 ut
1053 2553 1218 2609 homo
1249 2553 1413 2609 etiam
1441 2566 1564 2623 qua)
1593 2552 1904 2621 sequuntur

317 2652 496 2709 audit.

390 2826 557 2883 Vens.
593 2824 649 2881 8.
695 2841 715 2877 ι
754 2821 981 2880 Postula
1013 2834 1045 2875 a
1095 2833 1221 2884 me,
1269 2828 1326 2873 et
1375 2817 1517 2873 dabo
1564 2818 1661 2872 tibi
1715 2828 1909 2887 gentes

334 2921 707 2978 haereditatem
746 2926 919 2982 tuam,
944 2922 999 2969 et
1023 2906 1436 2982 possessionem
1469 2920 1618 2965 tuam
1643 2908 1907 2966 terminos

321 3028 498 3069 terrm.
540 3031 559 3065 ι
593 3015 609 3032 ·
641 3011 854 3080 Quippe
903 3016 962 3061 ut
1012 3004 1176 3068 Deus,
1218 3003 1603 3058 universorum
1646 3011 1730 3057 est
1771 3016 1906 3057 con-

318 3107 482 3159 ditor.
522 3122 541 3155 ι
576 3100 712 3155 Nam
767 3097 954 3154 omnia
994 3111 1093 3166 per
1123 3097 1301 3165 ipsum
1343 3092 1490 3148 facta
1522 3101 1673 3159 sunt,
1706 3102 1761 3147 et
1790 3093 1909 3147 sine

322 3196 441 3262 ipso
480 3190 686 3245 factum
735 3200 818 3244 est
859 3186 997 3241 nihil
1022 3186 1084 3252 h;
1129 3203 1147 3236 ι
1185 3195 1348 3253 atque
1377 3200 1397 3235 ι
1433 3184 1489 3237 in
1529 3182 1649 3252 ipso
1686 3182 1903 3238 condita

321 3294 450 3336 sunt
480 3280 685 3345 omnia,
721 3288 835 3333 tum
863 3291 987 3346 quae
1012 3275 1284 3339 videmus,
1320 3282 1438 3328 tum
1467 3288 1590 3343 quae
1619 3287 1726 3328 non
1756 3273 1904 3328 vide-

322 3390 443 3429 mus
472 3374 515 3428 ί.
558 3390 579 3424 ι
618 3369 674 3425 Si
709 3369 958 3425 omnium
986 3379 1069 3423 est
1102 3366 1366 3421 Dominus
1395 3374 1451 3421 et
1477 3365 1683 3436 opifex,
1713 3380 1904 3421 eorum

317 3468 484 3523 etiam
507 3478 631 3535 quae
655 3461 783 3518 fecit
808 3459 1075 3517 Dominus
1097 3468 1181 3514 est
1199 3467 1252 3514 et
1275 3467 1482 3514 rector.
1514 3455 1902 3527 Verumtamen

319 3574 445 3614 cum
484 3555 746 3612 Dominus
786 3561 981 3608 natura
1035 3551 1105 3607 sit
1134 3559 1195 3605 ut
1234 3550 1399 3615 Deus,
1445 3551 1610 3606 etiam
1652 3560 1712 3605 ut
1740 3550 1906 3606 homo

320 3651 704 3705 universorum
733 3646 1040 3703 dominium
1071 3643 1290 3714 accipit.
1339 3644 1410 3699 Et
1441 3656 1566 3700 cum
1597 3643 1906 3713 antiquitus

318 3740 636 3797 Judaaorum
686 3745 898 3794 tantum
930 3750 1123 3807 gerere
1152 3750 1342 3791 curam
1374 3734 1655 3790 videretur
1689 3753 1702 3788 :
1738 3754 1756 3786 ι
1797 3734 1905 3789 Fa-

319 3842 441 3887 ctus
473 3837 554 3885 est
584 3828 755 3894 enim,
789 3826 1002 3896 inquit,
1054 3840 1183 3895 pars
1218 3823 1437 3880 Domini
1474 3826 1710 3896 pupulus
1738 3826 1903 3896 622

318 3923 509 3989 Jacob,
545 3930 599 3977 et
636 3919 916 3976 funiculus
947 3918 1286 3973 baereditatis
1330 3917 1452 3987 ejus
1501 3917 1672 3973 Israel
1698 3915 1713 3967 i
1744 3934 1760 3982 ;
1797 3937 1818 3969 ι
1850 3927 1905 3973 et

321 4019 409 4072 hic
438 4015 766 4086 reprobatns
794 4013 886 4079 sit,
922 4019 980 4066 ut
1011 4012 1107 4082 qui
1133 4026 1197 4066 ex
1229 4011 1332 4066 hac
1362 4024 1496 4066 cura
1523 4010 1728 4066 nullam
1753 4010 1902 4065 utili-

323 4118 487 4162 tatem
531 4106 839 4176 perciperet
873 4120 887 4156 :
923 4103 1118 4157 merito
1158 4100 1227 4156 ad
1259 4109 1447 4171 gentes
1481 4115 1670 4156 curam
1719 4111 1902 4156 trans-

320 4204 448 4264 i‘ert,
482 4213 622 4268 quas
656 4211 834 4267 neque
868 4195 938 4250 ab
968 4196 1197 4264 antiquo
1228 4193 1447 4263 penitus
1478 4192 1831 4263 despiciebat,
1850 4204 1905 4248 et

321 4290 616 4351 Mosaicam
657 4288 1101 4343 vaticinationem
1142 4284 1401 4353 complet.
1438 4283 1589 4339 Illius
1625 4285 1772 4339 enim
1819 4293 1904 4340 est

320 4396 424 4435 vox
455 4398 468 4433 :
508 4399 527 4432 ι
555 4377 864 4444 ιωιιιιιιίιιί,
896 4386 1108 4448 gentes,
1143 4390 1268 4430 cum
1295 4373 1451 4443 plebe
1476 4373 1596 4445 ejus
1618 4376 1667 4431 ιι.
1704 4395 1722 4429 ι
1754 4375 1903 4432 Licet

320 4482 504 4527 autem
538 4480 792 4527 eventum
830 4466 1167 4541 praedictioui
1203 4466 1595 4538 congruentem
1633 4469 1898 4523 invenire.

321 4562 434 4619 Eos
459 4563 627 4627 enim,
661 4565 756 4633 qui
808 4578 872 4616 ex
925 4559 1132 4615 Judaais
1171 4558 1330 4613 [idem
1370 4572 1753 4631 susceperunt,
1788 4576 1898 4615 non

322 4665 531 4712 tantum
563 4655 851 4710 duodecim
886 4652 1187 4722 apostolos,
1237 4651 1330 4705 sed
1362 4651 1528 4706 etiam
1559 4656 1901 4723 septuaginta

318 4746 643 4816 discipulos,
679 4754 734 4801 et
766 4755 986 4801 centum
1023 4742 1251 4810 viginti,
1306 4743 1506 4811 quibus
1553 4746 1901 4814 congregatis

320 4843 512 4895 beatus
557 4837 747 4895 Petrus
783 4837 1104 4894 concionem
1159 4835 1371 4900 habuit,
1429 4846 1481 4888 ct
1532 4837 1895 4905 quingentos,

317 4930 521 4999 quibus
548 4930 714 4986 simul
742 4938 862 4999 post
893 4926 1657 4994 resurrectionem.apparuit,
1694 4942 1896 4982 secun-

2015 635 2184 691 φησιν
2204 636 2217 649 '
2273 617 2389 672 ἁλλ’
2419 620 2570 690 ὅμως
2604 622 2700 673 καὶ
2728 620 2844 689 ἔχει
2890 622 2990 692 τὴν
3018 621 3296 693 βασιλείαν
3339 625 3416 689 ὡς
3453 625 3611 697 Θεὸς,

2017 711 2113 764 καὶ
2144 710 2420 781 λαμϐάνει
2452 712 2528 775 ὡς
2560 710 2870 783 ἅνθρωπος.
2920 714 3109 779 Οὕτως
3141 716 3187 748 ¹⁶
3232 715 3461 787 ὕψιστος
3490 721 3606 773 όνο-

2019 802 2326 873 μαζὸμενος
2353 804 2429 867 ὡς
2458 804 2612 869 Θεὸς,
2640 804 2830 877 ὑψώθη
2861 806 2938 869 ὡς
2963 805 3274 878 ἄνθρωπος.
3310 809 3421 862 Καὶ
3452 812 3482 863 ό
3508 812 3604 880 μὲν

2016 894 2183 949 Δαϐὶδ
2214 895 2275 948 τὸ
2304 895 2451 949 θεῖον
2486 894 2620 966 ὕψος
2648 896 2935 968 κηρύττων
2974 897 3097 969 βοᾷ,
3136 918 3155 950 ‹
3193 899 3500 954 Γνώτωσαν
3526 903 3610 955 ὅτι

2015 984 2188 1055 ὄνομά
2239 1001 2324 1038 σοι
2369 985 2597 1054 Κύριος,
2632 987 2696 1039 σὺ
2748 986 2909 1056 μόνος
2960 987 3185 1057 ὕψιστος
3218 988 3258 1021 ⁸⁷
3301 991 3395 1043 ἐπὶ
3426 995 3610 1045 πᾶσαν

2014 1077 2112 1148 τὴν
2141 1077 2269 1148 γῆν.
2296 1100 2315 1129 ι
2340 1078 2448 1131 Καὶ
2480 1079 2508 1130 ὁ
2536 1078 2807 1149 Ζαχαρίας
2837 1079 2975 1149 πρὸς
3002 1081 3093 1133 τὸν
3139 1081 3421 1153 Ἰωάννην,
3450 1103 3469 1134 ι
3495 1085 3607 1138 Καὶ

2016 1168 2105 1235 σὺ,
2131 1168 2367 1234 παιδίον,
2396 1170 2684 1241 προφήτης
2748 1168 3003 1240 Ὑψίστου
3050 1171 3318 1245 κληθήσῃ.
3372 1193 3391 1226 ι
3447 1176 3522 1229 Τὸ
3562 1175 3611 1229 δ’

2012 1259 2361 1331 ἀνθρώπινον
2384 1258 2519 1330 ὕψος
2546 1263 2574 1314 ὁ
2599 1261 2870 1331 μακάριος
2901 1263 3115 1327 Παῦλος
3134 1262 3378 1318 διδάσκει
3404 1266 3605 1334 λέγων,

2021 1370 2039 1403 ι
2076 1352 2168 1405 Διὸ
2198 1354 2293 1405 καὶ
2325 1352 2353 1405 ὁ
2389 1352 2522 1416 Θεὸς
2565 1353 2734 1407 αὑτὸν
2776 1354 3131 1426 ὑπερύψωσε,
3160 1358 3261 1410 καὶ
3304 1358 3608 1428 ἐχαρίσατο

2015 1443 2165 1514 αὑτῷ
2192 1442 2365 1514 δνομα
2398 1443 2459 1496 τὸ
2491 1443 2634 1514 ὑπὲρ
2665 1445 2772 1497 πᾶν
2807 1444 3001 1516 ὄνομα.
3039 1465 3059 1497 ι
3098 1447 3208 1499 Καὶ
3245 1448 3353 1517 μὴν
3389 1448 3450 1502 τὸ
3480 1450 3610 1513 Tib;

2017 1535 2315 1605 μονογενὴς
2344 1534 2516 1605 ὄνομα
2537 1535 2646 1605 πρὸ
2670 1536 2778 1589 τῶν
2801 1534 3014 1591 αἰώνων
3037 1533 3185 1609 εἶχεν
3209 1538 3239 1591 ό
3267 1538 3400 1603 Θεὸς
3431 1541 3608 1609 Λόγος

2014 1629 2095 1698 τῷ
2153 1628 2446 1698 πράγματι
2499 1628 2782 1698 συμφυέςο
2831 1628 2950 1683 ἀλλ’
2977 1630 3129 1699 ὅμως
3160 1629 3301 1701 ἔχων
3349 1632 3423 1695 ὡς
3469 1632 3606 1697 θεὸς

2012 1721 2112 1791 τὴν
2138 1720 2232 1773 τοῦ
2260 1719 2392 1773 Υἱοῦ
2427 1720 2827 1792 προσηγορίαν,
2857 1720 3130 1792 λαμϐάνει
3171 1722 3345 1793 αὐτὴν
3391 1723 3488 1777 καὶ
3530 1724 3607 1788 ὡς

2013 1811 2323 1883 ἄνθρωπος.
2361 1810 2454 1864 Διὸ
2493 1811 2590 1865 καὶ
2634 1813 2692 1864 ὲν
2712 1811 2794 1883 τῷ
2842 1813 3195 1885 προκειμένῳ
3222 1814 3427 1887 ψαλμῷ
3464 1816 3607 1887 ἐπή-

2015 1919 2156 1972 γαγε
2182 1903 2358 1973 λέγων
2387 1903 2452 1958 ’⁸.
2487 1922 2505 1955 ι

2086 1995 2153 2060 ζ’.
2200 2014 2218 2047 ι
2264 1994 2467 2066 Κύριος
2515 1991 2636 2049 εἷπε
2682 1995 2820 2067 πρός
2870 2013 2960 2066 με,
2994 1995 3124 2060 Υἱός
3162 2013 3265 2066 μου
3292 1992 3345 2049 εἶ
3374 1997 3462 2063 σὺ,
3494 1997 3606 2065 ἐγὼ

2017 2086 2259 2158 σήμερον
2292 2087 2603 2158 γεγέννηκά
2630 2104 2711 2143 σε.
2753 2106 2773 2141 ι
2808 2088 3026 2160 Ταύτην
3061 2089 3119 2143 δὲ
3148 2089 3248 2161 τὴν
3293 2090 3478 2160 φωνὴν
3503 2092 3604 2145 οὐκ

2015 2177 2081 2231 ἄν
2105 2195 2209 2240 τις,
2242 2181 2309 2249 τῇ
2338 2178 2432 2231 τοῦ
2461 2178 2607 2234 θείου
2640 2180 2959 2251 Πνεύματος
2989 2181 3312 2253 διδασκαλίᾳ
3338 2182 3602 2244 πειθόμεσ

2015 2285 2127 2331 νος,
2169 2271 2237 2339 τῇ
2284 2269 2501 2341 θεότητι
2554 2271 2843 2341 προσάψοι⁴
2875 2270 2968 2326 τοῦ
3019 2272 3293 2329 Δεσπότου
3334 2272 3600 2345 Χριστοῦ.

2015 2362 2155 2432 Περὶ
2182 2361 2290 2431 γάρ
2322 2364 2541 2434 ἐκείνης
2565 2362 2894 2434 ἀκούσωμεν
2924 2363 3020 2418 τοῦ
3048 2363 3184 2418 Θεοῦ
3217 2365 3326 2418 τῶν
3348 2366 3487 2421 ὅλων
3514 2366 3604 2422 διὰ

2016 2452 2111 2508 τοῦ
2149 2453 2314 2508 Δαϐὶδ
2364 2454 2616 2524 λέγοντος
2639 2469 2658 2488 ⁸
2692 2475 2713 2510 ε
2759 2457 2856 2511 Ἐκ
2900 2458 3141 2529 γαστρὸς
3180 2458 3289 2530 πρὸ
3321 2460 3601 2531 ἑωσφόρον

2015 2546 2287 2617 ὲγέννησά
2316 2565 2399 2602 σε.
2438 2566 2458 2600 ι
2506 2549 2597 2612 Ὠς
2628 2549 2916 2621 ἄνθρωπος
2944 2553 3125 2604 τοίνυν
3159 2553 3250 2605 καὶ
3278 2551 3487 2624 ταύτην
3515 2552 3604 2607 δέ·

2014 2655 2171 2709 χεται
2212 2639 2316 2709 τὴν
2364 2641 2551 2712 φωνὴν
2585 2643 2650 2706 ¹⁹,
2687 2642 2763 2706 ὡς
2793 2641 3083 2713 ἄνθρωπος
3126 2643 3221 2697 καὶ
3252 2643 3363 2697 τῶν
3396 2643 3601 2713 ιπαγο-

2018 2733 2198 2803 μένων
2227 2732 2437 2787 ἀκούει.

2083 2824 2156 2895 η’.
2205 2842 2223 2877 ι
2269 2825 2503 2896 Αίτησαι
2549 2827 2683 2895 παρ’
2714 2825 2872 2897 ἐμοῦ,
2908 2827 3002 2880 καὶ
3032 2825 3193 2881 δώσω
3230 2844 3313 2882 σοι
3343 2829 3470 2901 ἔθνη
3500 2830 3600 2902 τὴν

2015 2913 2387 2987 κληρονομίαν
2419 2933 2535 2982 σου,
2564 2917 2660 2969 καὶ
2688 2919 2788 2987 τὴν
2812 2917 3147 2988 κατάσχεσίν
3177 2936 3273 2972 σου
3296 2919 3365 2973 τά
3386 2919 3600 2991 πέρατα

2013 3007 2113 3076 τῆς
2138 3007 2243 3078 γῆς
2270 3007 2337 3060 ⁸⁸.
2368 3026 2388 3059 ι
2433 3008 2519 3070 Ὠς
2544 3009 2656 3079 γάρ
2684 3007 2839 3073 Θεὸς,
2871 3010 3108 3081 ποιητής
3139 3012 3260 3065 ἐστι
3285 3011 3395 3065 τῶν
3426 3013 3602 3067 ἁπάν-

2014 3113 2123 3149 των
2144 3112 2158 3126 ’
2197 3114 2216 3148 ι
2254 3098 2441 3151 Πάντα
2472 3098 2580 3168 γάρ
2609 3098 2677 3151 δι’
2713 3100 2883 3153 αὐτοῦ
2909 3101 3148 3170 ἐγένετο,
3181 3103 3275 3155 καὶ
3303 3104 3473 3176 χωρὶς
3502 3106 3599 3157 αὐ-

2013 3188 2110 3241 τοῦ
2150 3188 2367 3259 ἐγένετο
2399 3191 2552 3244 οὐδέν
2592 3192 2636 3222 ²¹
2665 3209 2679 3223 ο
2723 3210 2741 3243 ι
2792 3192 2885 3245 καὶ
2930 3213 2948 3245 ι
2983 3196 3041 3248 ἐν
3084 3194 3233 3265 αὐτῴ
3270 3196 3494 3267 ἐκτίσθη
3527 3197 3597 3250 τὰ

2009 3279 2209 3348 πάντα,
2257 3280 2368 3335 εἴτε
2410 3282 2608 3352 ὁρατὰ,
2641 3282 2751 3335 εἴτε
2796 3283 3025 3354 ἀόρατα.
3069 3303 3086 3335 ι
3132 3286 3194 3340 Εἰ
3240 3287 3521 3359 Δεσπότης
3550 3289 3597 3322 ³³

2006 3374 2123 3426 ἐστι
2170 3373 2264 3426 καὶ
2306 3374 2641 3446 δημιουργὸς
2691 3375 2799 3429 τῶν
2829 3376 2989 3442 ὅλων,
3019 3379 3115 3432 καὶ
3166 3382 3446 3453 Δεσπότης
3477 3383 3596 3435 ἐστὶ

2007 3464 2101 3517 καὶ
2134 3464 2341 3536 Κύριος
2376 3458 2452 3518 ὧν
2481 3465 2741 3536 ἐποίησεν
2762 3482 2776 3498 ·
2810 3467 2930 3520 ἀλλ’
2976 3468 3126 3539 ὅμως
3158 3471 3253 3524 καὶ
3292 3470 3452 3540 φύσει
3496 3475 3595 3526 Δε-

2010 3556 2221 3627 σπότης
2255 3554 2329 3610 ὢν
2362 3555 2439 3620 ὡς
2463 3556 2617 3625 Θεὸς,
2647 3558 2917 3628 λαμϐάνει
2944 3561 3035 3613 καὶ
3068 3561 3142 3625 ὡς
3171 3563 3460 3635 ἄνθρωπος
3486 3565 3596 3619 τῶν

2005 3647 2145 3701 ὃλων
2175 3648 2275 3718 τὴν
2304 3648 2649 3703 δεσποτείαν.
2696 3652 2808 3704 Καὶ
2837 3653 3026 3723 ἐπειδὴ
3055 3652 3223 3708 πάλαι
3260 3654 3423 3725 μόνον
3461 3657 3590 3710 Ἰου-

2005 3739 2172 3794 δαίων
2214 3740 2388 3793 ἐδόκει
2427 3740 2848 3812 προμηθεῖσθαι,
2889 3763 2907 3796 ι
2958 3745 3224 3817 Ἐγενήθη
3271 3747 3401 3818 γάρ,
3438 3750 3592 3820 φησὶ,

2009 3835 2169 3904 μερὶς
2198 3834 2408 3903 Κυρίου
2430 3833 2555 3897 λαὸς
2583 3835 2630 3865 ⁸³
2670 3836 2886 3901 Ἰακὼϐ,
2912 3838 3198 3909 σχοίνισμα
3228 3839 3596 3911 κληρονομίας

2005 3925 2171 3979 αὐτοῦ
2231 3927 2486 3999 Ἰσραήλ·
2530 3948 2549 3980 ι
2586 3928 2961 4000 ἀπεϐλήθηηδὲ
3000 3924 3176 3997 οὗτος,
3221 3932 3295 3996 ὡς
3337 3933 3595 4000 οὐδεμίαν

2003 4020 2275 4090 ὠφέλειαν
2321 4024 2386 4076 ὲκ
2425 4024 2525 4093 τῆς
2563 4024 2611 4056 ’⁸
2642 4026 2968 4096 κηδεμονίας
2994 4024 3287 4096 δεξάμενος
3309 4044 3323 4058 ·
3357 4027 3589 4091 εἰκότως

2003 4114 2097 4167 ἐπὶ
2116 4114 2187 4168 τὰ
2207 4113 2335 4186 ἔθνη
2364 4117 2666 4187 μεταφέρει
2685 4118 2783 4188 τὴν
2807 4118 3174 4189 προμήθειαν,
3200 4119 3321 4172 οὐδὲ
3350 4120 3520 4174 πάλαι
3545 4121 3590 4151 ’⁸

2003 4206 2210 4260 τούτων
2252 4207 2573 4275 ἠμεληκὼς,
2606 4209 2705 4280 τὴν
2733 4210 2791 4263 δὲ
2845 4211 3151 4283 Μωσαῖκὴν
3184 4212 3591 4283 χρησμολογίαν

2003 4297 2249 4367 πληρῶν·
2276 4299 2495 4352 ἐκείνου
2520 4302 2630 4371 γάρ
2652 4304 2766 4355 ἐστι
2797 4301 2971 4373 φωνὴ,
2992 4321 3010 4353 ι
3038 4302 3416 4375 Εὐφράνθητε,
3437 4304 3588 4373 ἔθνη,

2006 4389 2147 4459 μετὰ
2179 4388 2277 4442 τοῦ
2327 4390 2457 4444 λαοῦ
2501 4391 2690 4447 αὑτοῦ.
2732 4412 2750 4445 ι
2790 4395 2946 4446 Ἔστι
2977 4393 3031 4447 δὲ
3072 4394 3167 4448 καὶ
3213 4395 3313 4465 τὴν
3364 4394 3589 4448 ἔκϐασιν

2004 4479 2186 4548 εὑρεῖν
2216 4481 2283 4550 τῇ
2312 4480 2619 4551 προρρήσει
2667 4482 3095 4551 συμϐαίνουσαν.
3144 4482 3285 4547 Τοὺς
3313 4483 3423 4554 γὰρ
3452 4484 3498 4515 ³⁸
3528 4484 3588 4551 ἐξ

2019 4568 2294 4622 Ἰουδαίων
2356 4572 2811 4636 πεπιστευκότας,
2870 4572 2931 4624 οὐ
2982 4572 3110 4635 τοὺς
3168 4572 3375 4626 δώδεκα
3427 4574 3588 4642 μόνον

2009 4660 2365 4724 ἀποστόλους,
2415 4661 2550 4715 ἀλλὰ
2587 4664 2679 4716 καὶ
2723 4664 2850 4726 τοὺς
2895 4663 3268 4733 ἑϐδομήκοντα
3315 4663 3584 4733 μαθητὰς,

2009 4750 2105 4802 καὶ
2146 4751 2267 4814 τοὺς
2318 4753 2512 4805 ἑκατὸν
2544 4752 2770 4819 εἴκοσιν,
2803 4747 2878 4808 ὧν
2927 4754 3285 4824 συνηγμένων
3332 4755 3360 4806 ό
3406 4755 3588 4821 μακά-

2009 4861 2124 4915 ριος
2150 4846 2193 4876 ⁸⁷
2221 4845 2602 4915 ἐδημηγόρησε
2630 4846 2855 4915 Πέτρος,
2888 4846 2982 4898 καὶ
3013 4847 3141 4908 τοὺς
3171 4846 3583 4912 πεντακοσίους,

2004 4926 2088 4999 οἷς
2107 4936 2153 4969 ³⁸
2177 4937 2316 5007 μετὰ
2340 4935 2439 5008 τὴν
2465 4937 2762 4991 ἀνάστασιν
2786 4935 2941 5007 ὤφθη
2974 4935 3119 4990 κατὰ
3146 4937 3340 4989 ταύτὸν
3369 4939 3415 4968 ²⁹
3442 4937 3584 4990 κατὰ

391 5085 420 5123 «ι
460 5085 603 5163 ligat.
651 5102 822 5149 xxxii,
867 5083 954 5139 18.
1014 5093 1058 5163 Λθ
1100 5074 1327 5163 Lecti.
1364 5082 1459 5163 7Q;
1531 5082 1552 5123 ί
1592 5084 1832 5158 Philipp.
1874 5108 1906 5145 ιι

2011 5099 2037 5146 ι.
2120 5096 2144 5134 8
2184 5093 2331 5150 Psal.
2374 5110 2486 5163 etx,
2532 5096 2585 5150 5.
2666 5093 2694 5132 ιι
2732 5095 2891 5151 Joan.
2932 5080 2995 5163 ἰ,
3044 5094 3100 5150 5.
3185 5096 3201 5135 ί
3247 5082 3462 5154 Coloss.
3533 5109 3576 5161 ι,

323 5157 412 5211 16.
492 5156 506 5206 i
563 5156 720 5211 Deut.
776 5169 969 5217 xxx“,
1013 5152 1066 5205 9.
1150 5153 1177 5190 ι
1218 5152 1350 5206 ibid.
1393 5153 1485 5207 45.

1410 5288 1644 5345 VARle
1685 5288 2068 5348 LECTIONES
2111 5293 2197 5349 ΕΤ
2236 5295 2471 5353 ΝΟΤᾸΕ.

389 5412 436 5445 ¹⁶
471 5408 692 5474 οὕτως.
727 5407 849 5461 cod.
879 5405 901 5458 1
932 5396 1103 5466 οὗτος.

317 5495 440 5550 qua:
467 5479 629 5550 habet
648 5472 815 5550 θοι-ό.
854 5490 905 5544 p.
934 5475 1021 5550 ἰῇ.
1128 5473 1169 5505 ¹⁹
1208 5472 1327 5550 Thr

1221 5404 1269 5489 ς.
1292 5403 1599 5489 ’Ὺψιστρᾳ
1637 5404 1906 5489 ,βρρυιίιιιι

2039 5411 2162 5489 _eod.
2184 5412 2295 5489 Δ2...
2326 5413 2369 5442 ⁸⁸
2397 5414 2478 5467 Οὐ
2503 5444 2570 5453 -
2599 5413 2863 5489 ἐπήγαγε
2884 5415 3111 5489 λέγων.
3154 5415 3416 5474 Pauciora
3449 5432 3575 5476 sunt

1364 5473 1593 5555 ερωγήν.
1632 5473 1758 5555 Des:
1792 5474 1906 5555 ini:

2031 5481 2079 5533 ί,
2156 5482 2203 5555 ευ
2239 5483 2346 5555 [Ως
2365 5473 2849 5555 Ϊ-Απρρμήθεὶαᾶκ
2880 5473 3005 5555 llaec
3029 5501 3198 5555 pauca
3236 5473 3576 5545 tanti-meat;

318 5541 466 5605 stant
493 5548 634 5617 apud
656 5546 819 5601 Cord.
852 5541 906 5614 p.
939 5543 1009 5596 52
1032 5558 1146 5666 seq;
1253 5543 1295 5583 ιι
1323 5541 1534 5625 Οὐδέν.
1564 5542 1683 5596 cod.
1729 5543 1779 5596 1.
1812 5545 1905 5597 οὐδ

321 5635 360 5668 ι.
391 5620 446 5668 3-
537 5619 581 5650 ³³
617 5619 690 5668 El
725 5614 1055 5668 Δεσπότης.
1138 5621 1322 5668 rmstat
1361 5613 1519 5666 lectio
1550 5613 1671 5666 cod.
1716 5615 1741 5667 1
1776 5622 1831 5667 et
1859 5615 1893 5666 2

2011 5567 2040 5602 ι.
2078 5552 2201 5605 cod.
2233 5551 2270 5605 2
2297 5541 2418 5605 οὐδὲ
2440 5541 2514 5605 ἕν’
2538 5541 2844 5621 δ’γέγονεν.
2878 5553 2952 5607 lla
2990 5541 3211 5626 quoque
3395 5541 3572 5616 "1058.

2011 5619 2049 5668 ῑὲ
2078 5622 2328 5668 ποιητής-
2374 5622 2466 5668 Sin
2499 5638 2606 5668 mm
2626 5639 2715 5668 nm
2745 5626 2867 5668 lenit
2898 5624 3060 5668 ίῖηιιιΙ-
3090 5627 3121 5668 l,
3161 5644 3208 5668 n,
3313 5629 3358 5662 ﬂ
3402 5632 3552 5668 Ann'n

321 5635 360 5681 I,
391 5620 446 5674 '5.
527 5614 581 5650 ’⁸⁵
617 5619 690 5671 El
725 5614 1055 5679 Δεσπότης.

321 5771 350 5809 a
384 5758 507 5811 cod.
540 5752 619 5809 1.”
668 5756 713 5786 ’τ
751 5755 805 5805 '0
827 5752 1133 5820 μακάριος.
1173 5752 1296 5809 Des.
1330 5752 1385 5807 in
1424 5755 1544 5809 cod.
1581 5753 1635 5807 2.

325 5824 370 5855 ³⁸
395 5828 570 5893 εοιΙ.,1
602 5835 653 5880 et
681 5825 716 5876 2
751 5823 868 5875 κατ’
896 5823 1075 5878 αὐτόν.

834 5612 1065 5701 uidene.-
1094 5612 1322 5701 Ριερειςιι
1361 5612 1519 5701 lectio
1550 5613 1742 5701 «lini.
1776 5615 1893 5701 et“?

2011 5619 2049 5671 ῑὲ
2078 5622 2328 5701 ποιητῄς.
2374 5622 2466 5701 _Sic
2499 5612 2715 5701 quoque
2745 5626 2872 5701 legit
2898 5612 3061 5701 (Iord.
3089 5612 3134 5680 Ι.’
3158 5644 3212 5701 c.

319 5690 441 5743 cod.
465 5696 694 5757 uterque
725 5686 875 5757 addit
902 5683 1091 5757 αὐτοῦ,
1124 5684 1204 5757 ad‘
1218 5682 1524 5757 exemplum
1554 5682 1662 5757 τῷν
1688 5687 1779 5757 οιῇ
1821 5683 1906 5757 ηιξ

2011 5707 2036 5740 ·.
2079 5682 2204 5746 θοαί
2228 5692 2263 5743 ‘2

1739 5754 1783 5786 ³⁸
1826 5748 2137 5819 Οἶς.Ᾰίιοει
2167 5775 2196 5814 a
2235 5762 2356 5817 cod.
2388 5748 2557 5817 2.”Ιιι
2586 5765 2709 5821 cod.
2744 5766 2764 5819 1
2796 5766 3015 5833 punitur
3037 5748 3041 5749 ί
3063 5748 3195 5835 ipost
3232 5748 3573 5825 -άνῗίσίασῖνί

3313 5629 3358 5662 ’³
3392 5632 3573 5694 Λαός.

2291 5693 2516 5765 ταύτης.
2597 5695 2643 5726 ’⁵
2676 5693 2865 5748 εοιΙῘΞ
2891 5696 3074 5750 πάλιν.
3152 5700 3199 5728 ’⁸
3232 5698 3379 5765 Γάρ.
3410 5701 3576 5755 Abest
