4090 6442
341 458 452 525 £93

1762 465 1847 525 IN
1882 466 2088 527 PSAL.
2123 469 2203 528 ΙῘ.

3515 475 3622 542 8¹Ἆ

337 574 463 643 λάς,
487 573 634 630 κατὰ
653 574 699 607 ⁸³
725 574 824 639 τὰς
849 574 992 646 εμὰς
1020 564 1368 644 νομοθεσὶαξ,
1412 573 1552 645 μετά
1576 573 1678 642 τῆς
1711 575 1792 637 εἰς
1822 575 1925 644 ἐμὲ

2036 577 2330 632 humanam
2361 579 2589 650 gloriam
2611 582 2796 637 virtuti
2824 583 3046 639 studere
3074 584 3381 641 videantur.
3419 605 3437 637 ι
3466 586 3619 642 Multi

340 667 583 729 πίστεως
609 667 654 698 ⁸⁸
683 666 759 730 ὥς
798 684 959 721 τινων
1005 669 1098 720 καὶ
1125 666 1251 737 δίχα
1283 667 1384 736 τῆς
1426 667 1508 729 είς
1542 664 1705 719 αὑτὸν
1733 666 1927 734 ὁμολοο

338 756 468 825 γίας
501 756 588 810 διὰ
623 757 782 822 δόξαν
828 758 1180 829 ἀνθρωπίνην
1209 758 1254 789 ⁸⁷
1302 757 1507 827 ἀρετῆς
1546 756 1928 828 ἐπιμελεῖσθαι

338 848 666 903 δοκούντων.
717 869 735 902 ‹
800 850 995 903 Πολλοὶ
1031 848 1274 918 λέγουσι,
1329 848 1428 911 Τίς
1464 849 1627 916 δείξει
1677 851 1811 919 ἡμῖν
1861 849 1931 903 τὰ

340 943 563 1011 ἀγαθά;
618 964 636 996 ι
679 944 989 999 Αἰνίττεται
1032 944 1123 1009 οὒς
1170 944 1572 1016 βαρυκαρδίους
1621 944 1930 1013 ὠνόμασεν,

2035 669 2245 734 dicunt,
2280 668 2415 737 Quis
2450 672 2702 725 ostemh-t
2732 674 2889 728 nobis
2916 674 3094 729 bona?
3138 694 3157 728 ι
3195 673 3381 731 lnnuit
3425 692 3621 746 graves

2036 760 2201 814 corde
2228 776 2369 830 quos
2405 762 2730 827 nominavit,
2762 773 3019 834 tanquam
3045 766 3390 836 indignantes
3424 770 3620 824 adver-

2038 849 2115 904 sis
2172 850 2223 903 in
2254 849 2417 907 rebus
2454 852 2507 909 in
2535 866 2673 920 quas
2701 852 3035 914 inciderunt.
3068 864 3124 908 et
3169 856 3370 911 divime
3429 856 3620 911 Provi-

2038 942 2237 995 dentiae
2266 941 2616 1010 dissidentes,
2649 953 2701 997 et
2727 944 2907 999 dicere
2934 946 3049 1000 lucc
3080 949 3367 1002 audentes.

338 1036 418 1102 ὡς
455 1036 910 1108 δυσχεραίνοντας
937 1038 1031 1091 ἐπὶ
1057 1039 1168 1097 τοῖς
1198 1038 1605 1108 προσπίπτουσι
1670 1037 1959 1105 λυπηροῖς,
2001 1033 2095 1087 καὶ
2164 1036 2233 1105 τῇ
2277 1031 2372 1088 τοῦ
2426 1033 2563 1090 Θεοῦ
2610 1035 2925 1107 προμηθείᾳ
2968 1038 3011 1068 ⁵⁸
3056 1037 3494 1107 διαπιστοῦντας,
3525 1045 3620 1097 καὶ
3666 1104 3675 1112 ,

338 1128 522 1199 λέγειν
552 1131 713 1184 τοῦτο
743 1131 1061 1202 τολμῶντας

415 1263 481 1329 ζ’.
516 1282 535 1315 ι
593 1261 940 1332 Ἐσημειώθη
972 1262 1058 1330 ἐφ’
1080 1263 1229 1332 ἡμᾶς
1249 1261 1315 1315 τὺ
1347 1261 1465 1331 φῶς
1498 1262 1594 1317 τοῦ
1634 1261 1930 1333 προσώπου

342 1372 464 1419 σου,
522 1353 698 1425 Κύριε
734 1369 747 1381 '
790 1352 999 1416 ἔδωκας
1044 1351 1388 1422 εὐφροσύνην
1431 1353 1511 1416 είς
1555 1352 1659 1423 τὴν
1698 1351 1929 1421 καρδίαν
1968 1378 1969 1381 η

2102 1258 2268 1315 Vsus.
2301 1261 2352 1315 7.
2387 1281 2406 1313 ‹
2441 1261 2727 1331 Signatum
2771 1273 2852 1319 cst
2894 1279 3059 1335 super
3089 1283 3192 1322 nos
3218 1272 3404 1326 lumen
3433 1275 3615 1331 vultus

2030 1353 2133 1415 tui,
2162 1352 2430 1409 Domine:
2467 1354 2665 1409 dedisti
2706 1357 2949 1412 lattitiam
2985 1360 3038 1412 in
3095 1361 3261 1415 corde
3287 1380 3429 1419 meo.
3472 1385 3488 1416 ι
3533 1368 3613 1422 Illi

342 1464 448 1517 μου
472 1446 565 1500 δν.
599 1466 618 1497 ι
665 1443 895 1497 Ἐκεῖνοι
916 1443 958 1478 δ’
989 1443 1087 1513 μὲν
1113 1438 1206 1496 οὖν
1242 1443 1472 1497 τοιαῦτα
1498 1443 1594 1496 καὶ
1618 1441 1929 1510 λογίζονται

2036 1441 2250 1510 quidem
2285 1442 2452 1513 igitur
2478 1452 2534 1499 et
2566 1447 2812 1517 cogitant
2844 1457 2900 1502 et
2954 1449 3149 1504 dicunt
3177 1451 3330 1507 haec:
3370 1471 3466 1509 nos
3520 1473 3610 1508 ve-

339 1538 439 1591 καὶ
475 1535 812 1605 φθέγγονται
844 1551 857 1564 ·
909 1535 1073 1605 ἡμεῖς
1104 1534 1161 1587 δὲ
1192 1534 1243 1586 οί
1280 1533 1383 1603 τῆς
1436 1533 1538 1603 σῆς
1585 1532 1929 1602 θεογνωσίας

336 1629 441 1700 τὴν
477 1627 674 1699 αἴγλην
718 1626 1035 1697 δεξάμενοι,
1065 1626 1160 1679 καὶ
1183 1628 1304 1689 ταῖς
1330 1626 1481 1696 παρά
1509 1623 1605 1679 σοῦ
1636 1624 1930 1694 φωτισθέν-

335 1739 432 1785 τες
457 1723 663 1779 ἀκτῖσι,
696 1722 791 1773 atati.
823 1722 882 1771 ἐν
922 1720 1117 1782 αὐταῖς
1155 1722 1275 1783 ταῖς
1301 1718 1766 1788 ὲπανισταμέναις
1790 1717 1924 1788 ἡμῖν

336 1815 656 1884 συμφοραῖς
706 1810 1038 1883 ἀποχρῶσαν
1089 1809 1287 1882 ἔχομεν
1336 1810 1672 1882 παραψυχὴν
1709 1808 1808 1880 τὴν
1844 1808 1925 1870 είς

338 1906 401 1958 σὲ
430 1904 625 1960 ἐλπίδα
660 1904 731 1959 ⁸⁸.

405 2039 482 2111 η’.
517 2060 535 2092 ι
587 2039 723 2093 Ἀπὸ
772 2040 986 2111 καρποῦ
1017 2040 1062 2072 ⁸⁸
1107 2040 1280 2104 σίτου,
1322 2040 1468 2095 οῐνου
1492 2040 1562 2104 ⁸¹,
1613 2039 1706 2092 καὶ
1739 2038 1924 2092 ελαίου

335 2132 520 2187 αὐτῶν
547 2130 1025 2203 ὲπληθύνθησαν.»
1057 2131 1228 2186 Πάλιν
1259 2130 1484 2185 ἐκείνων
1497 2132 1798 2202 κατηγορεῖ
1815 2129 1924 2184 τῶν

335 2225 627 2295 λεγόντων·
677 2241 696 2275 ‹
738 2225 835 2289 Τίς
860 2224 1025 2290 δείξει
1064 2225 1196 2295 ἡμῖν
1217 2223 1286 2276 τά
1311 2223 1525 2291 ἀγαθάς
1566 2241 1585 2275 ι
1632 2222 1708 2286 ὡς
1730 2222 1925 2276 τοσού-

337 2335 450 2372 των
505 2316 603 2372 καὶ
652 2316 795 2370 κατὰ
839 2316 932 2369 τὸν
980 2316 1227 2387 παρόντα
1274 2314 1390 2384 βίον
1448 2313 1834 2367 ἀπολαυόντων
1854 2315 1923 2381 ⁵³,

334 2413 435 2466 καὶ
460 2409 788 2481 ἀχαριστίαν
822 2408 1145 2463 νοσούντων.
1176 2406 1334 2462 Ἐστι
1357 2407 1414 2460 δὲ
1462 2406 1523 2460 τδ
1569 2407 1749 2477 νόημα
1796 2405 1928 2476 μεθ-

334 2502 686 2573 υπὲρὸατον·
744 2500 986 2553 «Πολλοὶ
1036 2498 1408 2568 λέγουσι-Τίς
1458 2497 1622 2564 δείξει
1675 2498 1810 2568 ἡμῖν
1855 2495 1926 2550 τὰ

334 2594 563 2663 ἀγαθάς
647 2594 756 2647 ἀπὸ
832 2590 1050 2662 καρποῦ
1127 2590 1311 2655 σίτου,
1363 2590 1460 2643 καὶ
1496 2588 1544 2622 ⁵⁸
1594 2588 1779 2652 οἴνου,
1829 2588 1927 2642 καὶ

337 2688 522 2739 ἐλαίου
544 2685 724 2738 αὐτῶν
742 2683 1211 2754 ἐπληθύνθηων.»
1240 2683 1455 2746 Καίτοι,
1476 2681 1662 2751 φησὶν,
1688 2682 1735 2733 οἱ
1750 2680 1926 2733 ταῦτα

336 2776 591 2843 λέγοντες
644 2774 754 2827 τῶν
807 2772 1165 2828 παντοδαπῶν
1212 2772 1314 2841 τῆς
1366 2771 1471 2841 γῆς
1523 2770 1752 2841 καρπῶν
1788 2771 1926 2823 ἀπο-

341 2864 603 2920 λαύουσιο
634 2864 721 2918 διὰ
758 2865 866 2935 γὰρ
908 2863 1019 2918 τῶν
1055 2862 1221 2933 τριῶν
1266 2862 1473 2917 τούτων
1513 2860 1671 2919 εἰδῶν
1721 2861 1830 2914 τῶν
1857 2863 1923 2932 τῇ

344 2951 665 3024 ἀνθρωπεία
716 2952 876 3021 φύσει
922 2952 1316 3023 διαφερόντων.
1357 2952 1674 3021 ἀναγκαίως
1716 2952 1811 3007 καὶ
1857 2951 1927 3005 τὰ

2029 1546 2111 1596 ro,
2144 1535 2239 1603 qui
2289 1536 2623 1605 cognitionis
2650 1537 2741 1594 Dei
2769 1554 2798 1593 a
2828 1548 2879 1594 te
2908 1540 3092 1596 lumen
3125 1544 3463 1615 accepimus,
3526 1563 3617 1601 ra-

2034 1624 2253 1695 diisque
2285 1628 2394 1682 tuis
2432 1628 2694 1683 illustrati
2736 1646 2950 1696 sumus,
2984 1632 3150 1688 etiam
3197 1634 3249 1688 in
3283 1636 3416 1705 ipsis
3460 1640 3614 1694 caluo

2035 1714 2342 1780 mitatibus,
2376 1730 2500 1784 qua:
2532 1717 2695 1772 nobis
2716 1720 2999 1784 accidunt,
3033 1720 3391 1777 sufficientem
3447 1740 3512 1778 ex
3550 1743 3616 1781 co

2033 1805 2467 1862 consolationem
2499 1808 2792 1878 habemus,
2828 1812 2974 1881 quod
3029 1812 3084 1868 iu
3117 1822 3169 1868 te
3227 1829 3379 1885 spem
3447 1818 3617 1871 collo-

2033 1909 2246 1951 camus.

2104 2032 2268 2089 Vrsas.
2295 2034 2349 2091 8.
2387 2054 2407 2087 ‹
2443 2038 2482 2090 Λ
2522 2036 2702 2093 fructu
2735 2039 3022 2107 frumenti,
3074 2043 3209 2110 vini,
3251 2052 3307 2099 et
3350 2045 3455 2100 olei
3504 2046 3615 2113 sui,

2032 2127 2377 2196 multiplicati
2408 2140 2560 2184 sunt.
2596 2150 2614 2183 ι
2645 2131 2858 2189 Rursus
2884 2144 3110 2190 accusat
3133 2135 3258 2190 illos
3282 2136 3375 2206 qui
3398 2136 3614 2201 dicunt,

2039 2238 2058 2273 ι
2105 2220 2241 2286 Quis
2273 2224 2528 2277 ostendet
2560 2224 2722 2279 nobis
2751 2225 2939 2280 bona?
2976 2246 2995 2279 ι
3024 2237 3083 2282 ut
3103 2229 3196 2299 qui
3222 2237 3301 2284 tot
3338 2231 3616 2299 tantisque

2032 2305 2194 2362 bonis
2224 2308 2389 2361 etiam
2427 2309 2480 2363 in
2522 2314 2777 2379 prmsenti
2849 2314 2961 2369 vita
2998 2316 3370 2385 perfruantur,
3430 2330 3485 2374 et
3533 2319 3643 2373 in!

2034 2398 2173 2467 grati
2202 2399 2373 2453 animi
2402 2400 2535 2455 vitio
2559 2401 2831 2458 laborent.
2866 2403 3074 2461 Sensus
3121 2416 3206 2463 est
3234 2424 3358 2462 cum
3417 2408 3617 2481 hyper-

2033 2490 2182 2547 bato.
2220 2508 2239 2542 ι
2278 2489 2434 2546 Multi
2463 2493 2675 2558 dicunt,
2713 2495 2838 2564 quis
2869 2499 3122 2554 ostendet
3167 2500 3327 2556 nobis
3374 2501 3617 2556 bona?a

2035 2581 2210 2637 fructu
2248 2581 2531 2649 frumenti,
2560 2586 2693 2648 vini,
2719 2596 2770 2642 et
2800 2588 2906 2641 olei
2939 2591 3048 2653 sui,
3083 2591 3429 2661 multiplicati
3465 2603 3616 2647 sunt.

2032 2670 2222 2739 Atqui,
2254 2675 2352 2740 ait,
2390 2675 2485 2744 qui
2514 2676 2631 2732 hate
2677 2677 2890 2743 dicunt,
2930 2682 3244 2750 omnigenis
3286 2690 3445 2738 terra:
3502 2683 3619 2739 frn-

2033 2762 2214 2818 ctibus
2261 2762 2562 2821 fruuntur:
2620 2768 2722 2822 sub
2767 2768 2851 2824 his
2890 2771 3033 2824 enim
3101 2772 3280 2829 tribus
3327 2774 3617 2844 speciebus

2035 2854 2293 2910 humana:
2323 2865 2534 2914 naturae
2587 2860 2920 2927 utilissimis,
2982 2864 3234 2934 apposite
3301 2867 3408 2920 alia
3468 2882 3619 2922 com—

2035 2945 2325 3015 prehendit
2384 2948 2584 3006 bona:
2637 2950 2854 3007 illorum
2910 2954 3187 3011 inscitiam
3258 2959 3614 3029 redarguens,

343 3044 485 3099 ἄλλα
518 3044 953 3117 συμπριέλαὸεν
969 3047 1017 3078 ⁸⁵
1055 3045 1236 3115 ἀγαθά
1273 3063 1287 3078 ·
1311 3046 1412 3116 τὴν
1435 3044 1659 3099 ἐκείνων
1689 3043 1930 3114 ἐλέγχων

2036 3036 2200 3111 634
2230 3041 2378 3109 quod
2410 3041 2465 3095 in
2502 3043 2760 3100 manibus
2799 3044 2894 3100 Dei
2949 3063 3178 3104 munera
3240 3048 3500 3117 ferentes,
3564 3062 3621 3108 et

337 3137 778 3206 ἀγνωμοσύνην,
820 3139 903 3192 ὅτι
948 3138 1045 3194 καὶ
1091 3140 1151 3191 ὲν
1190 3141 1312 3203 ταῖς
1340 3138 1498 3209 χερσὶ
1528 3137 1784 3208 φέροντες
1830 3135 1930 3200 τὰς

338 3228 436 3283 τοῦ
470 3230 606 3284 Θεοῦ
634 3230 864 3302 δωρεὰς,
897 3230 993 3284 καὶ
1036 3230 1336 3301 φιλοτίμως
1366 3228 1532 3283 αὑτοῦ
1565 3231 1675 3293 τοῖς
1704 3227 1931 3297 ἀγαθοῖς

341 3323 745 3397 ἐντρυφῶντες,
775 3323 849 3388 ὼς
874 3323 1101 3394 μηδενὸς
1126 3322 1494 3385 ἀπολαύοντες
1511 3320 1692 3389 λέγειν
1720 3320 1933 3392 τολμῶ-

339 3433 397 3472 σι
424 3431 437 3445 ·
478 3434 498 3470 ι
534 3414 631 3479 Τίς
663 3414 825 3482 δείξει
853 3417 984 3485 ἡμῖν
1015 3415 1083 3470 τά
1124 3414 1308 3482 ἀγαθά
1340 3431 1355 3479 ;
1389 3430 1408 3466 ι
1458 3410 1676 3480 Ἐγὼδὲ
1703 3412 1799 3465 τοῦ
1833 3411 1930 3465 σοῦ

337 3507 521 3580 φωτὸς
574 3507 913 3571 ἀπολαύσας,
966 3508 1060 3561 καὶ
1127 3508 1228 3579 τὴν
1296 3505 1498 3575 γνῶσιν
1548 3505 1597 3536 ⁸⁸
1647 3503 1932 3574 κτησάμεν

336 3618 431 3666 νος
452 3600 522 3662 s1,

410 3737 479 3799 θ’,
514 3742 571 3790 ι’.
625 3755 645 3788 ‹
700 3736 789 3789 Ἐν
826 3735 1024 3807 εἰρήνῃ
1070 3734 1164 3787 ἐπὶ
1216 3732 1277 3786 τὸ
1310 3733 1444 3787 αὐτὸ
1494 3732 1931 3804 κοιμηθήσομαι,

336 3830 437 3887 καὶ
477 3828 737 3883 ὑπνώσω.
762 3828 888 3881 ’Ότι
914 3828 1001 3892 σὺ,
1034 3826 1232 3898 Κύριε,
1260 3826 1404 3880 κατά
1438 3827 1607 3895 μόνας
1640 3824 1729 3879 ἐπ’
1754 3822 1934 3878 ἐλπίδι

337 3920 660 3992 κατῴκισάς
691 3936 780 3991 με.
818 3930 841 3971 ἰ
877 3920 1063 3972 Πάντα
1106 3918 1217 3988 γὰρ
1245 3917 1495 3988 θόρυϐον,
1534 3916 1628 3970 καὶ
1669 3914 1934 3984 διχόνοιαν

340 4014 461 4067 ⁶τῶν
487 4012 771 4082 λογισμῶν
804 4010 1085 4076 ἐξελάσας,
1117 4011 1214 4063 καὶ⁵
1238 4010 1452 4070 τούτοις
1475 4009 1520 4041 ⁵⁸
1553 4006 1935 4078 πρυτανεύσας

338 4106 592 4175 εἰρήνην,
643 4104 742 4158 καὶ
776 4102 953 4157 ταῦτα
992 4102 1123 4173 περὶ
1165 4101 1265 4171 τῆς
1294 4100 1507 4170 ἀγαθῆς
1537 4115 1634 4152 σου
1675 4098 1935 4167 προνοίας

338 4196 566 4262 διδάξας
626 4198 867 4267 φρονεῖν,
927 4195 1017 4248 ἐπ’
1070 4193 1245 4248 ἐλπίδι
1291 4193 1391 4263 τῆς
1444 4193 1796 4255 ἀναστάσεως
1845 4189 1937 4243 τὸν

340 4289 575 4344 θάνατον
626 4286 882 4357 δέξομαι.
929 4286 1136 4339 ’Υπνον
1188 4284 1298 4355 γὰρ
1352 4279 1681 4336 ἐνταῦθατδν
1708 4281 1939 4336 θάνατον

2036 3130 2326 3201 magnifice
2354 3132 2476 3203 ejus
2502 3133 2662 3191 bouis
2691 3150 2751 3192 se
2772 3138 3135 3208 obiectantes,
3184 3143 3342 3211 quasi
3375 3145 3523 3198 nulla
3560 3160 3620 3199 re

2033 3222 2411 3293 perfruantur,
2447 3226 2633 3283 dicere
2669 3229 2896 3299 audent,
2934 3249 2953 3282 ι
2992 3233 3128 3298 Quis
3161 3235 3413 3290 ostendet
3459 3237 3622 3293 nobis

2034 3316 2220 3373 bona?
2257 3336 2275 3370 ι
2305 3317 2418 3389 Ego
2446 3335 2578 3377 vero
2620 3330 2716 3379 tuo
2738 3323 2948 3381 lumine
2977 3323 3155 3385 fretus
3195 3337 3252 3385 et
3298 3329 3378 3384 tui
3426 3331 3620 3402 cogni-

2037 3408 2207 3465 tionis
2246 3411 2477 3482 adeptus
2493 3451 2511 3479 ,

2113 3715 2280 3772 Vens.
2316 3716 2368 3782 9,
2392 3702 2493 3774 ~10.
2530 3733 2549 3770 ι
2588 3717 2648 3773 In
2679 3733 2816 3790 pace
2847 3734 2955 3776 una
2987 3721 3288 3790 dormiam,
3329 3733 3383 3781 ct
3438 3727 3625 3797 requi-

2035 3822 2244 3863 escam.
2281 3808 2555 3874 Quoniam
2590 3820 2668 3877 tu,
2700 3810 2954 3880 Domine,
2992 3815 3229 3871 seorsim
3262 3816 3317 3870 in
3348 3832 3445 3888 spe
3486 3833 3623 3874 eon-

2036 3900 2265 3955 stituisti
2301 3916 2410 3955 me.
2457 3920 2477 3954 ι
2517 3902 2655 3957 Cum
2680 3903 2826 3957 enim
2859 3919 3079 3960 omnem
3113 3908 3436 3973 tumultum,
3470 3910 3623 3980 cogi--

2038 3996 2417 4065 tationumqne
2455 3995 2747 4051 dissidium
2780 3998 3108 4067 expulerint,
3153 4009 3207 4054 et
3240 4014 3365 4055 cum
3401 4000 3487 4056 his
3528 4018 3624 4071 pa—

2038 4102 2157 4141 cem
2197 4087 2551 4154 Iirmaverim,
2588 4096 2751 4158 atque
2779 4089 2850 4145 ita
2905 4088 2973 4145 de
3000 4098 3090 4145 tua
3117 4091 3463 4160 providentia
3493 4108 3622 4146 seu-

2041 4180 2146 4235 tire
2181 4179 2322 4235 alios
2372 4179 2685 4247 docuerim,
2742 4180 2798 4236 in
2857 4196 2954 4252 spe
2990 4183 3420 4239 resurrectionis
3471 4200 3621 4239 mor-

2040 4282 2147 4327 tem
2180 4271 2531 4343 exspectabo.
2591 4269 2727 4327 Nam
2775 4286 3032 4328 somnum
3087 4273 3194 4330 hoc
3220 4273 3340 4329 loco
3390 4282 3620 4329 mortem

340 4380 820 4454 προσηγόρευσεν.
859 4379 1102 4441 Είκότως
1160 4378 1216 4430 δὲ
1265 4376 1409 4447 μάλα
1442 4378 1510 4445 τῇ
1551 4375 1645 4428 τοῦ
1695 4372 1932 4426 θανάτου

2040 4363 2350 4433 appellavit.
2384 4361 2769 4433 Congruenter
2798 4373 2980 4420 autem
3000 4364 3296 4421 admodum
3321 4380 3446 4420 cum
3470 4382 3621 4422 mor-

346 4475 545 4547 μνήμῃ
591 4474 692 4544 τὴν
725 4472 919 4525 ἐλπίδα
982 4469 1293 4535 συνέζευξε,
1326 4470 1454 4532 τοὺς
1502 4468 1633 4537 περὶ
1682 4464 1937 4536 προνοίας

339 4567 540 4636 λόγους
560 4564 872 4630 διεξελθών.
888 4561 1114 4633 Ἐπειδὴ
1146 4561 1256 4632 γὰρ
1291 4558 1480 4613 πολλοὶ
1504 4557 1652 4611 κατά
1675 4558 1766 4610 τὸν
1790 4573 1940 4628 παρ-

341 4658 482 4714 όντα
522 4656 638 4728 βίον
687 4656 1003 4728 δυσπραγίᾳ
1062 4654 1455 4723 περιπεσόντες
1482 4691 1497 4718 ,
1533 4650 1631 4703 καὶ
1672 4649 1780 4703 ὑπὸ
1829 4649 1942 4704 τῶν

343 4749 591 4822 πονηρίᾳ
633 4747 924 4812 συζώντων
946 4748 991 4780 ⁸⁸
1021 4744 1374 4815 ἀδικούμενοι
1417 4744 1501 4809 ⁸ο,
1543 4742 1794 4812 δέχονται
1844 4738 1940 4794 τοῦ

342 4840 468 4913 βίου
524 4841 587 4894 τδ
636 4839 791 4902 τέλος
841 4838 1100 4909 οὐδεμιᾶς
1152 4837 1301 4899 τινὸς
1344 4834 1666 4906 ἐπικουρίας
1700 4850 1938 4903 τετυχη-

342 4932 508 4995 κότες
527 4973 542 4995 ,
575 4931 819 4985 διδάσκει
857 4932 932 5001 μὴ
960 4929 1342 5001 δυσχεραίνειν
1372 4928 1401 4981 ὁ
1428 4925 1603 4998 μέγας
1646 4924 1833 4990 Δαδὶδ,
1858 4924 1936 4987 ὡς

339 5024 449 5092 τῆς
503 5023 724 5087 ἐλπίδος
753 5023 836 5095 τῷ
874 5022 1091 5094 θανάτῳ
1123 5020 1588 5093 συνεζευγμένης,
1641 5018 1739 5074 καὶ
1794 5016 1938 5088 μετὰ

341 5114 583 5172 θάνατον
614 5117 715 5188 τῆς
745 5115 1075 5179 ἀντιδόσεως
1108 5112 1402 5187 ἐσομένης.

2038 4455 2111 4511 tis
2148 4456 2413 4512 memoria
2443 4470 2596 4526 spem
2632 4455 2945 4526 conjunxit,
2981 4456 3187 4513 habitis
3215 4458 3284 4514 de
3335 4460 3627 4529 providen-

2039 4549 2112 4602 tia
2163 4548 2532 4603 sermonibus.
2595 4547 2869 4614 Quoniam
2924 4551 3075 4605 enim
3127 4549 3308 4615 multi,
3370 4565 3494 4605 cum
3567 4551 3626 4607 in

2038 4640 2294 4709 praesenti
2324 4639 2435 4693 vita
2467 4639 2520 4692 in
2573 4639 2862 4694 adversam
2905 4639 3181 4695 fortunam
3218 4640 3538 4707 inciderint,
3573 4653 3628 4696 et

2039 4734 2109 4789 ab
2137 4734 2346 4805 iniquis
2393 4732 2709 4789 hominibus
2762 4732 2967 4804 injuria
3015 4732 3198 4790 aﬂ'ecti
3250 4731 3481 4798 fuerint,
3540 4735 3627 4788 vi-

2045 4833 2157 4879 tam
2190 4835 2321 4881 ante
2351 4825 2576 4888 finiunt,
2616 4839 2781 4895 quam
2805 4840 2966 4896 opem
3007 4825 3253 4897 aliquam
3282 4825 3396 4881 sint
3423 4826 3629 4897 adepti,

2041 4918 2200 4976 docet
2249 4936 2482 4991 magnus
2512 4920 2705 4989 David,
2736 4936 2805 4978 ne
2852 4921 3230 4993 indignentur,
3304 4922 3454 4993 quod
3502 4937 3629 4993 spes

2046 5031 2171 5071 cum
2227 5027 2406 5072 morte
2438 5018 2735 5089 conjuncta
2767 5020 2859 5087 sit,
2900 5026 2955 5075 et
2979 5030 3107 5092 post
3159 5019 3374 5077 obitum
3440 5018 3627 5075 futura

2047 5109 2118 5165 sit
2153 5112 2549 5167 remuneratio.

1473 5314 1710 5373 VARIE
1757 5314 2147 5373 LECTIONES
2184 5315 2273 5385 ET
2311 5315 2548 5373 NOTAE.

424 5478 475 5510 "
500 5468 681 5534 Kurd.
715 5478 840 5535 cod.
869 5479 907 5533 2
934 5479 1049 5534 καί.

1161 5477 1208 5512 ⁸⁸
1229 5478 1393 5534 Μετὰ
1419 5506 1491 5550 j—
1533 5478 1815 5550 πίστεως.
1847 5474 1931 5550 in;

2043 5517 2060 5550 ε
2098 5477 2153 5542 1,
2192 5479 2505 5550 praecedunt
2535 5477 2673 5542 hac,
2707 5475 2849 5550 μετά
2882 5477 3111 5550 τῆςᾼείς
3142 5473 3250 5550 ἐμὲ,
3276 5470 3626 5550 νομοθεσίας,

346 5564 480 5616 quae
510 5564 575 5602 ex
611 5565 799 5604 errore
829 5549 1035 5603 librarii
1062 5551 1352 5619 irrepsisse
1382 5548 1663 5619 videntur.
1695 5547 1741 5579 ⁸⁷
1763 5546 1932 5619 cod.ﬂ_

2038 5546 2286 5619 θρωπίνη

346 5614 531 5675 Abest
565 5633 594 5673 a
622 5621 745 5675 cod.
777 5618 834 5674 2.
904 5623 948 5654 δ’
987 5614 1242 5674 Ἐκεῖνίοι
1267 5650 1338 5659 -
1361 5617 1602 5673 ἐλπίδα.
1634 5617 1759 5673 Des.
1793 5616 1932 5684 apud

2036 5614 2131 5670 ινδ.
2210 5614 2404 5675 “cod.
2452 5614 2853 5682 Γὲλπίζοντα.

3381 5541 3448 5574 ⁸⁸¹
3472 5545 3628 5597 Μου.

2292 5567 2340 5612 ς.
2380 5548 2428 5582 ⁸⁸
2455 5545 2811 5616 Προμηθείᾳ.
2843 5545 2966 5603 οοᾶ.
2998 5547 3034 5602 9.
3064 5545 3307 5615 προνοίᾳ.
3381 5545 3448 5574 δ”
3472 5545 3628 5597 Μου.

2292 5620 2404 5675 eod.
2452 5620 2473 5672 l
2535 5618 2853 5682 ἐλπίζοντα.
2945 5618 2991 5650 ⁸⁸
3021 5613 3285 5683 Rapaci).
3326 5611 3453 5678 Leg.
3506 5627 3632 5683 esse

346 5690 593 5749 videtur,
633 5690 866 5759 καιροῦ,
911 5698 971 5744 ut
1011 5704 1074 5743 ex
1119 5691 1351 5759 origeue
1380 5689 1519 5759 bene
1554 5688 1769 5759 monuit
1814 5682 1932 5759 μοι]

2043 5684 2271 5759 Hexapl.
2306 5701 2346 5746 t.
2377 5690 2413 5746 Ι.
2442 5705 2492 5759 p.
2522 5689 2648 5743 477.
2721 5690 2768 5720 δ’
2806 5687 3006 5759 ρτνου.
3045 5682 3169 5759 cod.
3204 5685 3225 5739 1
3270 5698 3454 5751 prtem.
3509 5682 3627 5739 καί.

344 5759 403 5792 ⁸⁸
433 5759 560 5813 cod.
593 5759 629 5812 2
656 5754 1065 5829 ἀπολαϐόντων.
1153 5754 1356 5829 ⁵⁸ξΚαί.
1392 5756 1563 5829 Abest
1585 5774 1615 5812 a
1646 5756 1768 5829 cod.
1809 5756 1895 5829 2._

2036 5758 2135 5812 rod.
2161 5754 2574 5829 [περιέλαϐεν.
2653 5760 2703 5829 ’ἦ
2730 5756 2993 5829 (rerum.
3020 5754 3629 5829 cod.A_uterque_pratm.

352 5829 484 5899 σήν.
561 5829 611 5899 ’ζ
629 5830 750 5883 Ὀτι
775 5828 1174 5899 κτησάμενος.
1206 5827 1331 5885 Des.
1363 5827 1506 5899 apud
1531 5827 1695 5886 Gord.
1735 5840 1793 5897 p.
1826 5824 1917 5882 77.

2036 5846 2037 5849 ‘
2068 5829 2191 5888 cod.
2224 5829 2261 5884 2
2279 5822 2458 5886 ¹ιέοῢτο.
2535 5829 2583 5862 ⁵⁸
2606 5828 2732 5886 cod.
2754 5827 2790 5881 2
2817 5825 3058 5891 ζώντων.
3138 5824 3185 5858 ⁸⁸
3211 5822 3613 5881 Καὶ-ἀδικού

350 5897 554 5970 μένοι.
588 5897 716 5956 Des.
747 5897 893 5969 apud
928 5897 1096 5954 (30rd.
1119 5898 1157 5952 ί.
1182 5913 1234 5953 c.
