4090 6440
524 308 644 374 9θῖ

1539 297 2029 360 THEODORETI
2070 294 2411 356 EPISCOPI
2454 293 2825 356 CYRENSIS

3712 303 3806 364 9x18

537 418 844 492 genitorem
887 414 1092 470 bellum
1125 419 1389 466 moveret.
1431 408 1667 465 Mmrore
1689 410 1857 481 igitur
1878 407 2108 463 affectus

2237 407 2582 476 συναγεῖραι,
2636 404 2730 458 καὶ
2768 403 3078 475 τηνικαῦτα
3125 404 3264 459 κατὰ
3297 406 3391 460 τοῦ
3426 412 3807 481 γεγεννηκότος

534 518 591 566 et
630 508 925 565 admodum
959 505 1320 562 conturbatus
1348 502 1696 573 Achitophel,
1728 517 1794 556 eo
1823 501 1971 572 quod
1995 514 2125 554 eon-

534 604 718 658 silium
738 600 905 656 Chusi
928 597 1278 669 pra-stantius
1296 595 1475 650 visum
1497 595 1622 659 fuit,
1646 593 1823 648 factus
1845 592 1931 648 sui
1951 591 2122 661 ipsius

534 691 831 756 homicida,
883 690 1186 760 suspendio
1233 690 1398 743 vitam
1444 688 1605 741 finiit.
1660 687 1888 742 Diviuus
1938 695 2120 740 autem

534 782 723 843 David,
755 796 882 836 cum
923 796 989 834 ex
1025 780 1332 835 invasionis
1360 778 1627 833 dilatione
1661 775 2008 831 occasionem
2038 774 2123 828 fu-

530 874 710 946 giendi
761 873 1106 938 arripuisset,
1142 872 1337 927 salutis
1364 885 1595 939 compos
1617 868 1739 922 fuit.
1769 868 1928 923 llunc
1958 867 2122 936 igitur

529 966 825 1036 psalmum,
853 965 1017 1019 veluti
1047 967 1339 1034 quemdam
1364 962 1627 1033 hymnum
1653 961 2124 1032 deprecationem-

526 1073 657 1129 que,
712 1057 822 1112 Deo
880 1056 1140 1111 salvatori
1164 1055 1339 1110 offert.
1387 1053 1699 1109 Doctrinam
1736 1062 1918 1107 autem
1952 1052 2118 1106 etiam

528 1150 699 1212 addit,
938 1164 1032 1204 eos
1070 1148 1396 1213 adhortans,
1423 1147 1517 1217 qui
1550 1162 1580 1200 a
1617 1144 1940 1215 quibusdam
1975 1144 2120 1214 iniu-

528 1244 609 1296 ria
638 1250 762 1296 sunt
794 1239 998 1303 allecti,
1042 1248 1104 1294 ut
1143 1254 1297 1309 spem
1336 1239 1391 1292 in
1421 1238 1534 1294 Deo
1562 1238 1856 1302 collocent,
1891 1245 1945 1291 ct
1968 1236 2118 1292 illinc

527 1347 685 1403 opem
726 1338 1084 1401 exspectent:
1110 1346 1206 1386 eos
1239 1339 1420 1385 autem
1444 1330 1545 1400 qui
1568 1329 1824 1399 iniuriam
1852 1321 2142 1395 inferunt,

527 1423 671 1478 facta
693 1421 888 1492 iudicii
916 1420 1088 1476 divini
1122 1421 1398 1475 mentione
1422 1418 1725 1475 deterrens.

598 1596 765 1654 Vens.
788 1598 843 1663 2,
878 1599 932 1654 3.
976 1618 993 1651 ι
1027 1598 1253 1653 Domine
1307 1597 1451 1654 Deus
1477 1598 1572 1663 mi,
1606 1598 1660 1652 in
1694 1607 1744 1654 te
1777 1599 2014 1669 speravi,
2050 1600 2115 1654 li-

531 1700 659 1748 hcra
699 1710 785 1749 me
816 1693 886 1748 ab
931 1695 1191 1749 omnibus
1222 1694 1682 1765 persequentibus
1733 1710 1840 1760 me,
1870 1704 1925 1749 et
1963 1695 2116 1765 eripe

2230 496 2584 567 στρατεῦσαι.
2642 496 2952 569 Ἀχθεσθεὶς
2994 498 3179 553 τοίνυν
3229 502 3324 554 καὶ⁵
3368 500 3491 555 λίαν
3538 504 3807 575 ἀδημονή.

2228 605 2329 653 σας
2364 590 2393 642 ό
2443 588 2751 660 Ἀχιτόφελ,
2779 589 2857 653 ὡς
2898 591 3273 660 αἱρετωτέρας
3301 591 3565 664 όφθείσης
3596 597 3695 667 τῆς
3721 598 3807 651 τοῦ

2223 678 2400 732 Χουσὶ
2426 678 2761 750 συμϐουλῆς,
2797 681 3060 752 αὐτόχειρ
3082 682 3247 747 αὐτὸς
3270 684 3315 716 ⁸¹
3350 686 3672 756 γενόμενος,
3712 688 3805 759 τὴν

2223 770 2293 824 δι’
2324 772 2567 844 ἀγχόνης
2600 771 2821 838 ἐδέξατο
2862 773 3145 846 τελευτήν.
3197 776 3255 829 Ὀ
3285 776 3344 829 δέ
3374 795 3438 843 γε
3470 777 3618 843 θεῖος
3650 781 3809 836 Δαδιδ

2221 864 2322 934 τῆς
2353 863 2548 932 ἐφόδου
2582 863 2681 935 τὴν
2720 863 2995 936 ἀναϐολὴν
3032 865 3229 936 καιρὸν
3259 868 3343 932 είς
3389 870 3572 939 φυγὴν
3612 869 3807 939 λαϐὼν,

2220 954 2329 1024 τῆς
2349 955 2626 1027 σωτηρίας
2662 956 2854 1026 ἔτυχε·
2888 955 3080 1011 τοῦτον
3117 958 3414 1031 τοιγαροῦν
3459 961 3552 1015 τὸν
3576 962 3806 1034 ψαλμὸν,

2221 1036 2335 1096 οἷόν
2368 1061 2492 1097 τινα
2519 1044 2692 1116 ὕμνον
2730 1046 2827 1099 καὶ⁵
2856 1046 3189 1118 προσευχὴν,
3219 1048 3298 1120 τῷ
3332 1051 3541 1124 σωτῆρι
3571 1055 3810 1124 προστρέ-

2223 1155 2308 1208 ρει
2335 1136 2457 1209 Θεῷ
2481 1154 2495 1167 ·
2545 1138 2879 1209 προστίθησι
2909 1138 2966 1191 δὲ
3007 1140 3104 1192 καὶ
3138 1140 3516 1207 διδασκαλίαν,
3547 1146 3675 1209 τοὺς
3717 1148 3811 1217 μὲν

2222 1232 2329 1284 ὑπό
2356 1248 2519 1285 τινων
2548 1232 2943 1302 ἀδικουμένους
2964 1234 3046 1295 είς
3069 1232 3162 1286 τὸν
3188 1233 3320 1289 Θεὸν
3346 1234 3496 1304 ἔχειν
3529 1238 3628 1301 τὰς
3655 1239 3809 1294 ἐλπί-

2219 1321 2316 1385 δας
2346 1323 2699 1394 προτρέπων,
2745 1323 2842 1375 καὶ
2880 1323 2982 1392 τὴν
3036 1322 3250 1376 ἐκεῖθεν
3290 1326 3586 1396 ἀναμένειν
3615 1330 3806 1400 ῥοπὴν,

2217 1414 2346 1478 τοὺς
2376 1414 2433 1467 δὲ
2459 1413 2786 1476 ἀδικοῦντας
2814 1413 3188 1485 δεδιττόμενος
3221 1417 3319 1488 τῆς
3344 1418 3389 1450 ⁵⁸
3436 1418 3529 1473 τοῦ
3562 1419 3697 1475 Θεοῦ
3728 1422 3800 1476 δι.

2220 1505 2384 1568 καίας
2415 1505 2651 1577 κρίσεως
2673 1507 2883 1577 μνήμῃ.

2291 1595 2359 1666 β’,
2397 1604 2468 1667 γ’.
2509 1614 2527 1647 ί
2566 1596 2766 1668 Κύριε,
2792 1595 2822 1651 ὁ
2849 1598 2984 1662 Θεός
3019 1616 3156 1669 μου,
3191 1602 3287 1654 ἐπὶ
3316 1602 3403 1656 σοὶ
3436 1603 3663 1674 ἤλπισα,
3698 1607 3807 1660 σῶς

2220 1686 2313 1740 σόν
2344 1703 2413 1757 με
2463 1690 2528 1742 ἐκ
2587 1689 2808 1742 πάντων
2852 1689 2960 1743 τῶν
2998 1690 3311 1746 διωκόντων
3342 1710 3410 1764 με
3438 1732 3454 1758 ,
3515 1696 3609 1749 καὶ
3643 1696 3804 1768 ῥῦσαί

526 1802 632 1844 me.
671 1786 747 1841 Ne
783 1785 958 1857 rapiat
991 1796 1050 1841 ut
1076 1786 1160 1841 leo
1194 1788 1432 1841 animam
1470 1801 1672 1849 meam,
1716 1786 1845 1841 dum
1880 1802 1991 1840 non
2030 1795 2111 1842 est

2221 1794 2312 1846 με.
2372 1779 2603 1849 Μήποτε
2657 1780 2888 1853 ἁρπάσῃ
2950 1780 3027 1845 ὡς
3090 1782 3234 1835 λέων
3292 1784 3397 1854 τὴν
3454 1785 3637 1857 ψυχήν
3678 1805 3803 1859 μου,

524 1880 619 1950 qui
660 1880 911 1946 redimat,
941 1896 1119 1951 neque
1147 1881 1237 1951 qui
1268 1880 1482 1937 salvum
1520 1879 1706 1935 faciat.
1747 1898 1766 1932 ι
1807 1879 1989 1945 Nullo,
2024 1882 2113 1935 in-

523 1972 666 2043 quit,
697 1973 939 2028 humano
964 1972 1169 2029 auxilio
1206 1971 1407 2038 fretus,
1446 1973 1542 2029 sed
1575 1981 1725 2028 tuam
1759 1974 1933 2030 solam
1958 1988 2111 2044 spem

524 2065 580 2120 in
611 2079 697 2119 me
722 2064 842 2135 ipso
875 2064 1295 2132 circumferens,
1330 2079 1526 2135 precor
1559 2075 1620 2121 ut
1642 2074 1733 2121 tua
1755 2064 1910 2121 fruar
1930 2065 2114 2136 provi-

522 2153 731 2211 dentia.
763 2154 956 2211 Timeo
988 2156 1133 2211 enim
1179 2171 1249 2211 ne
1287 2171 1439 2212 more
1482 2157 1712 2227 agrestis
1748 2156 1896 2221 ferae,
1936 2157 1973 2211 ii
2018 2157 2110 2226 qui

522 2246 668 2302 bello
701 2263 787 2303 me
816 2250 832 2268 '
874 2256 1283 2319 persequuntur
1316 2250 1643 2321 irrumpant,
1677 2265 1870 2320 meque
1893 2261 1982 2305 tua
2013 2266 2111 2305 cu-

522 2338 699 2394 stodia
738 2339 1061 2397 destitutum
1112 2341 1477 2406 invenientes,
1528 2341 1747 2412 penitus
1775 2340 2027 2411 perdant.

594 2511 763 2570 Vens.
795 2514 880 2569 4.(
907 2514 1137 2571 Domine
1158 2513 1301 2572 Deus
1327 2517 1425 2581 mi,
1461 2517 1508 2574 si
1540 2517 1642 2572 feci
1668 2517 1831 2573 istud.
1861 2535 1878 2567 ι
1907 2516 2111 2573 Deinde

521 2605 870 2662 ntauifcstius
898 2607 1060 2663 docet
1097 2608 1241 2679 quod
1273 2609 1447 2666 dicit:
1489 2627 1509 2661 ι
1548 2608 1604 2663 Si
1638 2619 1721 2664 est
1759 2609 2025 2680 iniquitas
2053 2610 2109 2664 in

517 2696 777 2754 manibus
824 2698 986 2754 meis.
1023 2716 1043 2750 ›
1100 2698 1169 2754 Et
1218 2700 1628 2764 demonstrans,
1675 2716 1841 2768 quam
1870 2702 2107 2771 speciem

521 2787 805 2860 iniustitiae
840 2789 928 2845 hic
960 2790 1127 2858 dicat,
1165 2791 1313 2847 illico
1343 2791 1647 2862 subiungit.

595 2878 758 2937 Vens.
814 2881 869 2946 5,
918 2880 973 2936 6.
1028 2901 1047 2934 ι
1110 2882 1168 2938 Si
1221 2882 1433 2938 reddidi
1484 2882 1917 2940 retribuentibus
1969 2884 2105 2939 mihi

520 2969 685 3037 mala,
715 2971 962 3027 decidam
995 2974 1190 3029 merito
1213 2974 1283 3028 ah
1315 2973 1557 3030 inimicis
1585 2975 1723 3030 meis
1751 2976 1950 3032 inanis.
1976 2975 2106 3032 Per-

516 3071 781 3132 sequatur
801 3063 1060 3119 inimicus
1089 3065 1332 3119 animam
1351 3080 1551 3131 meam,
1571 3076 1625 3120 et
1653 3066 2097 3136 comprehendat,
2131 3108 2173 3165 Ο

517 3166 573 3212 et
595 3158 883 3214 conculcet
915 3158 968 3213 in
999 3167 1150 3217 terra
1172 3160 1337 3215 vitam
1372 3175 1571 3222 meam,
1595 3170 1650 3215 et
1670 3160 1899 3231 gloriam
1924 3177 2101 3217 meam

517 3248 572 3303 in
619 3250 901 3320 pulverem
935 3250 1186 3307 deducat.
1227 3270 1246 3303 ›
1289 3252 1468 3307 Multae
1492 3264 1616 3307 sunt
1650 3262 1830 3323 partes
1864 3253 2100 3310 virtutis.

516 3331 636 3389 Non
680 3336 857 3392 solum
899 3339 1045 3392 enim
1089 3341 1446 3410 temperantia
1476 3352 1530 3396 et
1559 3342 1868 3413 prudentia,
1911 3359 2100 3407 verum

516 3426 681 3482 etiam
736 3426 1001 3486 fortitudo
1031 3440 1085 3486 et
1108 3431 1344 3502 iustitia.
1380 3433 1481 3490 llic
1510 3435 1678 3507 igitur
1705 3451 1813 3491 non
1841 3437 2099 3492 eximiam

520 3518 774 3574 virtutem
827 3521 930 3575 sibi
983 3522 1229 3590 ascribit,
1277 3524 1373 3580 sed
1409 3526 1578 3596 quod,
1615 3542 1742 3582 cum
1780 3526 1945 3581 hosce
1971 3542 2101 3582 svos

517 3609 704 3667 hostes
752 3611 979 3667 minime
1023 3614 1331 3681 offenderit,
1381 3616 1647 3688 iniustum
1697 3626 1919 3688 propter
1952 3618 2100 3687 ipsos

517 3703 784 3759 suStineat
836 3707 1111 3763 exsilium.
1143 3706 1262 3767 Non
1298 3710 1475 3765 solum
1501 3711 1669 3778 enim,
1702 3710 1900 3780 inquit,
1953 3711 2102 3780 prior

515 3795 772 3865 iniuriam
817 3813 924 3853 non
957 3798 1141 3864 intuli,
1181 3800 1275 3855 sed
1309 3814 1489 3871 neque
1523 3800 1668 3862 illos,
1700 3799 1794 3867 qui
1828 3799 1963 3853 mihi
1999 3814 2101 3853 no—

513 3896 768 3955 cucrunt,
821 3904 1066 3961 unquam
1113 3891 1305 3947 ulcisci
1351 3891 1521 3946 volui.
1567 3887 1703 3944 Nam
1735 3904 1860 3945 cum
1901 3891 2100 3961 saepius

513 3980 735 4038 Saulem
782 3982 1060 4051 captivum
1118 3983 1398 4051 haberem,
1441 3983 1576 4052 justi
1616 3982 1726 4037 odii
1756 3999 1949 4054 pinnas
1988 3998 2099 4038 non

511 4075 691 4145 exegi.
740 4076 908 4149 65.6
950 4074 1294 4148 Quapropter
1329 4085 1402 4139 te,
1435 4073 1683 4141 Domine,
1711 4075 1962 4141 obsecro,
2004 4075 2098 4147 qui

511 4168 697 4223 omnia
734 4171 864 4235 scis,
898 4180 957 4225 ut
982 4170 1129 4240 iuste
1166 4184 1253 4223 me
1280 4167 1520 4238 iudices,
1550 4177 1602 4222 et
1634 4168 1680 4222 si
1702 4169 1833 4238 quid
1859 4169 1965 4223 tale
1992 4184 2097 4222 un-

510 4271 680 4327 quam
718 4259 1111 4325 commiserim,
1153 4274 1241 4313 me
1276 4267 1369 4312 tua
1401 4272 1531 4313 cura
1564 4257 1745 4329 prives
1777 4258 1904 4328 (hoc
1948 4257 2095 4312 enim

511 4346 690 4401 dicit:
728 4367 747 4400 ι
788 4348 1037 4405 Decidam
1072 4349 1143 4404 ab
1197 4347 1439 4404 inimicis
1492 4350 1629 4403 meis
1670 4349 1851 4404 inanis
1899 4349 1969 4418 ι),
2010 4363 2097 4403 me

476 4446 694 4493 -autem
762 4439 1002 4497 inimicis
1060 4439 1196 4495 meis
1228 4439 1514 4511 subiicias,
1560 4440 1731 4496 sicut
1769 4454 1876 4495 non
1913 4440 2093 4496 solum
2128 4453 2171 4508 ι)

510 4528 681 4597 gloria
713 4539 769 4586 et
795 4546 964 4602 regno
987 4545 1017 4585 a
1050 4539 1101 4585 te
1133 4529 1265 4585 mihi
1299 4530 1429 4587 dato
1456 4545 1544 4586 me
1569 4530 1805 4600 privent,
1835 4531 1929 4586 sed
1962 4530 2094 4585 ridi-

510 4619 647 4675 culae
671 4621 830 4677 morti
867 4636 955 4676 me
980 4620 1216 4676 tradant.
1249 4616 1384 4674 Nam
1421 4619 1475 4674 id
1505 4618 1833 4690 significavit
1859 4619 2088 4674 dicens:

516 4731 533 4762 ι
571 4710 812 4768 Gloriam
845 4727 1024 4769 meam
1058 4712 1110 4766 in
1136 4713 1414 4783 pulverem
1445 4710 1703 4766 deducat.
1747 4729 1765 4762 ι

582 4952 743 5010 Vens.
783 4955 835 5010 7.
875 4972 893 5006 ι
932 4952 1199 5024 Exsurge,
1236 4952 1489 5019 Domine,
1519 4954 1571 5008 in
1609 4954 1685 5009 ira
1722 4964 1835 5022 ttta,
1863 4970 1914 5013 et
1937 4959 2084 5012 exal-

508 5054 627 5102 tare
662 5050 714 5100 in
744 5046 943 5102 finibus
976 5047 1327 5101 inimicorum
1356 5062 1627 5104 meorum.
1670 5068 1688 5101 ›
1728 5049 2092 5123 Symmachus

2221 1867 2298 1938 μὴ
2329 1867 2485 1933 ὄντος
2505 1869 2904 1941 λυτρουμένου,
2934 1871 3071 1941 μηδέ
3094 1870 3387 1937 σώζοντος.
3419 1894 3437 1927 ι
3476 1878 3721 1949 Οὑδεμιᾷ
3737 1880 3803 1943 ⁸³,

2217 1957 2405 2027 φησὶν,
2464 1958 2786 2031 ἀνθρωπίνῃ
2832 1959 3059 2034 βοηθείᾳ
3101 1962 3407 2035 θαῤῥῶνδδ,
3442 1966 3545 2038 τὴν
3603 1968 3659 2021 δὲ
3708 1973 3807 2039 σὴν

2216 2050 2412 2105 ἐλπίδα
2446 2052 2615 2123 μόνην
2651 2053 2709 2107 ἐν
2730 2053 2775 2085 ⁵⁵
2825 2054 3054 2125 ἐμαυτῷ
3093 2057 3431 2129 περιφέρων,
3492 2061 3724 2116 ἱκετεύω
3757 2064 3804 2095 ⁵⁸

2214 2142 2315 2212 τῆς
2345 2143 2446 2213 σῆς
2502 2143 2852 2216 προμηθείας
2902 2149 3112 2217 τυχεῖν.
3162 2149 3323 2204 Δέδια
3346 2151 3393 2181 ⁵⁷
3418 2151 3527 2224 γὰρ
3552 2153 3628 2224 μὴ
3650 2154 3804 2225 δίκην

2214 2235 2412 2307 ἀγρίου
2469 2237 2636 2310 θηρὸς
2694 2239 3017 2304 ἐπελθόντες
3061 2244 3112 2296 ot
3169 2243 3541 2314 πολεμοῦντες
3569 2247 3634 2309 ³⁵,
3710 2251 3804 2302 καὶ

2213 2326 2425 2398 ἔρημόν
2457 2346 2524 2399 με
2568 2329 2669 2401 τῆς
2718 2330 2822 2401 σῆς
2881 2333 3142 2403 προνοίας
3199 2335 3475 2407 εὑρόντες,
3521 2339 3804 2404 παντελῶς

2213 2417 2630 2490 διαφθείρωσιν.

2283 2508 2346 2564 δ’.
2395 2531 2412 2561 ι
2460 2512 2634 2585 Κύριε
2672 2515 2701 2567 ὁ
2725 2513 2858 2579 Θεός
2889 2533 3014 2587 μου,
3045 2518 3096 2569 εί
3130 2518 3366 2591 ἐποίησα
3390 2521 3571 2575 τοῦτο.
3612 2543 3631 2575 ι
3668 2519 3802 2578 Εἶτα

2210 2599 2457 2654 διδάσκει
2514 2603 2851 2676 σαφέστερον
2894 2606 2922 2659 ὃ
2952 2606 3104 2675 λέγει
3136 2625 3148 2639 ·
3186 2627 3203 2659 ι
3244 2611 3306 2663 Εί
3344 2610 3494 2664 ἐστιν
3523 2612 3708 2667 ἀδικία
3740 2616 3801 2667 ἐν

2210 2695 2369 2764 χερσί
2399 2712 2523 2766 μου.
2558 2716 2577 2748 ι
2614 2697 2725 2751 Καὶ
2750 2698 2967 2763 δεικνὺς
2998 2704 3150 2754 ποῖον
3180 2696 3321 2767 εἶδος
3350 2703 3571 2770 ἀδικίας
3602 2706 3801 2762 ἐνταῦ-

2210 2782 2282 2837 θά
2304 2783 2350 2816 ⁸⁸
2381 2802 2568 2855 φησιν,
2598 2786 2761 2851 εὐθὺς
2793 2788 2991 2853 ἐπάγει
3018 2806 3032 2819 ο

2280 2882 2342 2940 ε’,
2377 2881 2454 2941 ς’.
2496 2895 2513 2926 ι
2555 2878 2619 2930 Et
2674 2878 3037 2933 ἀνταπέδωκα
3075 2882 3191 2942 τοῖς
3245 2883 3664 2939 ἀνταποδιδοῦσί
3704 2904 3802 2957 μοι

2208 2964 2374 3029 κακὰ,
2408 2965 2751 3036 ἀποπέσοιμι
2779 2968 2889 3039 ἄρα
2922 2968 3029 3021 ἀπὸ
3051 2967 3162 3023 τῶν
3205 2970 3427 3041 ἐχθρῶν,
3469 2990 3572 3043 μου
3608 2975 3796 3039 κενός.

2207 3054 2553 3121 Καταδιῶξαι
2580 3056 2687 3128 ἄρα
2711 3059 2738 3111 ὁ
2767 3058 2961 3131 ἐχθρὸς
2997 3060 3096 3130 τὴν
3126 3060 3310 3131 ψυχήν
3344 3080 3469 3135 μου,
3501 3065 3594 3118 καὶ
3626 3082 3801 3120 κατα-

2205 3147 2384 3213 λάϐοι,
2415 3150 2511 3204 καὶ
2535 3154 2939 3225 καταπατήσαι
2982 3156 3060 3219 είς
3100 3155 3206 3225 γῆν
3234 3157 3335 3228 τὴν
3368 3157 3516 3229 ζωήν
3542 3176 3665 3229 μου,
3698 3162 3802 3215 καὶ

2203 3237 2304 3309 τὴν
2322 3239 2479 3305 δόξαν
2510 3259 2611 3312 μου
2637 3245 2718 3308 είς
2738 3246 2870 3314 χοῦν
2903 3248 3359 3320 κατασκηνὼσαι.
3387 3270 3406 3302 ι
3441 3251 3555 3321 Τῆς
3583 3253 3795 3324 ἀρετῆς

2204 3329 2380 3384 πολλά
2412 3332 2600 3405 μόρια.
2629 3335 2704 3387 Uti
2728 3338 2839 3408 γὰρ
2863 3338 3025 3408 μόνον
3040 3340 3369 3412 σωφροσύνη
3394 3344 3488 3395 καὶ
3500 3345 3795 3416 φρόνησις,

2204 3417 2341 3473 ἀλλὰ
2368 3422 2461 3474 καὶ⁸
2483 3422 2707 3492 ἀνδρεία
2733 3425 2829 3477 καὶ
2850 3425 3191 3499 δικαιοσύνη.
3233 3429 3498 3483 Ἐνταῦθα
3519 3433 3703 3487 τοίνυν
3725 3436 3794 3488 οὺ

2203 3512 2304 3583 τὴν
2334 3512 2515 3585 ἄκραν
2547 3514 2755 3587 ἀρετὴν
2780 3516 2960 3588 ἐαυτῷ
2980 3523 3288 3592 μαρτυρεῖ·
3313 3521 3430 3575 ἀλλ’
3453 3522 3534 3577 ὅτι
3562 3524 3796 3590 τούτους

2202 3602 2406 3672 ἥκιστα
2451 3604 2579 3668 τοὺς
2626 3606 2923 3678 πολεμίους
2974 3608 3279 3682 ἠδικηκὼς,
3332 3613 3434 3683 τὴν
3480 3614 3665 3668 ἄδικον
3714 3615 3795 3668 δι’

2202 3689 2403 3756 αὐτοὺς
2429 3692 2694 3764 ὑπομένει
2737 3698 2938 3769 φυγήν.
2975 3700 3051 3752 υύ
3095 3701 3254 3772 μόνον
3286 3704 3418 3772 γὰρ,
3453 3706 3640 3777 φησὶν,
3663 3707 3793 3761 ἀδι-

2203 3782 2325 3847 κίας
2349 3783 2450 3837 οὐκ
2480 3778 2644 3856 ἦρξα,
2668 3786 2783 3841 ἀλλ’
2815 3789 2935 3843 οὐδὲ
2968 3792 3095 3856 τοὺς
3126 3792 3455 3864 ἠδικηκότας
3476 3797 3797 3869 ἠνεσχόμην

2202 3874 2517 3944 ἀμύνασθαι
2541 3876 2785 3934 πώποτε.
2817 3880 3086 3948 Πολλάκις
3117 3883 3226 3956 γὰρ
3247 3886 3336 3940 τὸν
3363 3888 3537 3945 Σαοὺλ
3568 3891 3799 3961 ὑποχεί-

2202 3984 2320 4039 ριον
2353 3967 2559 4035 λαδὼν,
2596 3970 2699 4041 τῆς
2748 3972 2936 4027 ἀδίκου
2962 3972 3289 4043 δυσμενείας
3316 3978 3473 4043 δίκας
3510 3983 3611 4035 οὐκ
3662 3984 3792 4035 εἰσ-

2200 4057 2533 4131 επραξαμην
2557 4062 2622 4116 ⁸⁸.
2647 4055 2722 4115 Οὗ
2756 4063 2820 4133 δὴ
2844 4064 3004 4136 χάριν
3036 4083 3115 4133 σε,
3156 4068 3426 4136 Δέσποτα,
3455 4074 3793 4144 παρακαλῶ,

2199 4148 2293 4203 τὸν
2324 4152 2502 4205 πάντα
2534 4151 2723 4221 σαφῶς
2744 4155 3132 4226 ἐπιστάμενον,
3164 4159 3385 4215 δικάσαι
3415 4181 3506 4233 μοι
3534 4164 3795 4231 δικαίως

2201 4241 2297 4294 καὶ
2330 4242 2383 4294 εί
2407 4259 2459 4293 τι
2495 4243 2705 4297 τοιοῦτο
2725 4244 2961 4318 δέδρακα
2995 4249 3240 4317 πώποτε,
3276 4254 3373 4324 τῆς
3411 4255 3512 4325 μὲν
3547 4258 3648 4328 σῆς
3686 4276 3803 4331 κη-

2199 4332 2450 4401 δεμονίας
2503 4336 2826 4406 γυμνῶσαν
2881 4340 3044 4393 τοῦτο
3074 4343 3183 4412 γάρ
3229 4344 3411 4413 λέγει,
3470 4366 3489 4399 ι
3544 4348 3801 4403 Ἀποπὲ-

2201 4441 2354 4494 σοιμι
2382 4425 2491 4498 ἄρα
2521 4427 2631 4481 ἀπὸ
2665 4428 2774 4482 τῶν
2801 4430 3016 4502 ἐχθρῶν
3039 4451 3142 4505 μου
3172 4438 3329 4501 κενός
3357 4455 3370 4470 ο
3408 4458 3427 4491 ι
3466 4441 3799 4512 ὑποχείριον

2199 4515 2259 4569 δὲ
2286 4518 2401 4581 τοῖς
2450 4518 2780 4591 δυσμενέσιν
2822 4524 3107 4578 ἐκδοῦναιο
3154 4527 3229 4591 ὡς
3258 4531 3325 4584 ἂν
3361 4533 3437 4601 μὴ
3477 4532 3639 4602 μόνον
3681 4534 3797 4605 τῆς

2201 4605 2356 4676 παρὰ
2410 4606 2504 4661 σοῦ
2566 4626 2636 4679 με
2679 4610 2840 4685 δόξης
2902 4616 2999 4668 καὶ
3060 4616 3346 4687 βασιλείας
3402 4622 3792 4693 γυμνώσαιεν,

2199 4694 2339 4750 ἀλλὰ
2374 4698 2469 4752 καὶ
2506 4702 2899 4775 καταγελάστῳ
2951 4706 3249 4778 παραδοῖεν
3314 4711 3558 4785 Θανάτῳ.
3608 4715 3795 4771 Τοῦτο

2199 4788 2307 4858 γὰρ
2339 4789 2618 4861 ἐσήμανεν
2664 4795 2927 4867 εἰρηκὼς,
2960 4816 2979 4847 ι
3037 4797 3144 4870 Τὴν
3179 4801 3338 4867 δόξαν
3380 4819 3481 4874 μου
3530 4808 3612 4870 εἰς
3650 4807 3796 4878 χοῦν

2196 4883 2639 4954 κατασκηνώσαι.
2691 4906 2708 4938 ι
3762 4896 3767 4899 ’

2271 4971 2337 5034 ζ’.
2367 4991 2384 5023 ι
2407 4974 2720 5049 Ἀνάστηθι,
2741 4979 2935 5050 Κύριε,
2959 4983 3015 5037 ἐν
3035 4984 3170 5056 ὀργῇ
3194 5003 3308 5039 σου·
3332 4985 3578 5058 cedenti
3594 4992 3652 5042 ἐν
3668 4994 3796 5055 τοῖς

2201 5062 2404 5133 πέρασι
2429 5063 2472 5094 ⁶¹
2509 5065 2617 5119 τῶν
2652 5067 2865 5139 ἐχθρῶν
2895 5090 2997 5143 μου
3027 5076 3093 5128 ³⁸.
3141 5097 3159 5129 ι
3202 5078 3262 5130 Ὀ
3316 5079 3416 5149 μὲν
3439 5078 3534 5134 οὖν
3569 5080 3613 5112 ⁸³
3639 5083 3795 5152 Σύμη

1627 5182 1860 5239 νΑιιιΑζ
1894 5186 2279 5248 ιΕΟΤΙΟΝΕΞ
2310 5194 2400 5249 ΕΤ
2439 5197 2653 5253 NOTAE

580 5290 623 5322 ⁵¹
657 5290 872 5361 ᾼύτός.
913 5289 1036 5344 eod.
1072 5299 1299 5361 uterque
1327 5291 1516 5347 αὐτοῦ.

506 5569 551 5641 ‘f
579 5569 695 5641 ΔἘν
719 5568 1109 5641 τοῖςγπέριισι.
1144 5570 1377 5638 Propius
1404 5575 1469 5623 ad
1529 5568 1698 5625 llehr.
1735 5574 2014 5631 veritatem
2052 5578 2110 5634 lt.

502 5636 702 5693 deinde
756 5655 785 5692 a
838 5636 1037 5697 Nostro
1097 5636 1474 5696 recensentur.
1589 5641 1634 5678 ⁸³
1664 5644 1813 5698 Μου.

497 5707 555 5739 ⁵³
582 5704 729 5765 Οὗν.
753 5710 921 5767 Abest
948 5713 1020 5767 ab
1051 5720 1287 5777 utroque
1314 5707 1447 5760 cod.

1167 5306 1299 5361 rque
1327 5294 1516 5347 αὑτοῦ.
1623 5294 1670 5325 ⁸⁸
1710 5294 1845 5362 Τῆς.
1894 5298 2016 5352 cod.
2050 5308 2111 5353 ut

1161 5361 1212 5416 iu
1240 5363 1363 5417 cod.
1396 5361 1638 5416 Flet-ent.
1672 5379 1837 5431 supra
1878 5380 2111 5423 commel

2210 5318 2281 5357 ne
2325 5318 2514 5374 praem.
2547 5311 2636 5431 ﬁl:
2740 5310 2788 5343 ³³
2819 5315 2940 5371 cod.
2993 5328 3178 5375 noster
3210 5334 3437 5394 uterque
3466 5326 3630 5383 habet
3656 5328 3794 5381 οὐδὲ

2208 5381 2327 5428 ato.
2370 5375 2417 5407 ἰ
2439 5377 2563 5431 cod.
2641 5379 2738 5431 lor.
2773 5381 2981 5431 (labem-
3079 5391 3124 5423 σι
3153 5391 3259 5431 ἰι-ν
3311 5396 3470 5431 um.
3506 5412 3533 5431 α.
3565 5400 3667 5431 ..ολ
3725 5402 3762 5431 ω

533 5361 652 5434 μιᾷ.
686 5359 758 5415 Ita
788 5361 1131 5434 quaqueleg.
1159 5359 1363 5434 ἱμόοό.
1396 5361 1638 5434 Flet-ent.
1672 5359 1837 5432 supra
1878 5359 2341 5428 commemorato:
2370 5359 2738 5434 l“chidfft‘ﬁlor.

507 5426 554 5512 ξ
583 5426 956 5512 Περιφέῥωτρ.
1003 5426 1265 5512 ίλιέτξιεηύξιξ³
1299 5431 1601 5512 οοιξκῖιος.
1657 5426 1986 5512 napum-59m,
2027 5440 2110 5512 ίκε

2208 5460 2309 5497 κων.
2394 5445 2439 5477 ⁸⁷
2468 5449 2591 5502 cod.
2625 5426 3059 5512 Fto}."s'é‘6323ta.

510 5499 720 5590 Resgin
748 5500 873 5580 cod.
901 5500 1044 5590 F'lor.
1125 5500 1512 5590 ‘l'Eaftaﬁafe.
1536 5502 1705 5590 ﬁblcst
1736 5499 1766 5558 ἐι
1797 5499 1921 5590 cod.
1948 5499 2002 5561 2.
2052 5511 2111 5590 ,υ

2208 5514 2402 5589 ῐσεεειιπρι
2433 5499 2601 5571 cedes
2623 5499 3157 5590 iniéi-qu'e'éimébrd.

2773 5381 2981 5455 θαρρῶ.
3079 5391 3124 5423 ⁵⁸
3153 5391 3277 5447 Ἐν.
3306 5381 3474 5450 Abest
3503 5412 3535 5451 a
3557 5381 3694 5454 hoc.
3725 5402 3791 5452 2.

3164 5462 3210 5495 ⁸⁸
3244 5467 3309 5516 Οἱ
3319 5466 3788 5536 πολεμοῦντες.

3197 5547 3245 5601 p.
3276 5534 3400 5607 121,
3425 5534 3793 5607 ἐπραξάμην.

2146 5581 2193 5673 l;
2206 5669 2226 5673 _
2239 5581 2592 5673 accesserunt
2616 5581 2823 5660 Symm.
2853 5603 2904 5648 et
2930 5581 3269 5673 Τῆρᾷαἷιίὶἶ,
3282 5581 3800 5673 'c’dj'n'sK'vEFs'iSu'aé

1850 5648 1972 5702 cod.
2004 5648 2039 5703 2
2091 5651 2257 5708 habet
2299 5670 2416 5721 σου,
2453 5665 2506 5712 et
2548 5658 2628 5715 sic
2657 5648 2898 5735 'quoque
2939 5648 3793 5750 ié'gi'ilfétiiifiiiii
