  <div class='ocr_page' id='page_1' title='image "/cluster/home/n/w/nwhite01/storage/ocr_20150623/80:no.1/coo.31924054869817/462.png"; bbox 0 0 4090 6476; ppageno 0'>
   <div class='ocr_carea' id='block_1_1' title="bbox 391 378 500 446">
    <p class='ocr_par' dir='ltr' id='par_1_1' title="bbox 391 378 500 446">
     <span class='ocr_line' id='line_1_1' title="bbox 391 378 500 446; baseline -0.046 -1"><span class='ocrx_word' id='word_1_1' title='bbox 391 378 500 446; x_wconf 76' lang='lat'><strong>909</strong></span> 
     </span>
    </p>
   </div>
   <div class='ocr_carea' id='block_1_2' title="bbox 405 568 1985 644">
    <p class='ocr_par' dir='ltr' id='par_1_2' title="bbox 405 568 1985 644">
     <span class='ocr_line' id='line_1_2' title="bbox 405 568 1985 644; baseline -0.009 -11"><span class='ocrx_word' id='word_1_2' title='bbox 405 576 667 643; x_wconf 70' lang='grc' dir='ltr'>Ἀκύλας,</span> <span class='ocrx_word' id='word_1_3' title='bbox 701 575 771 629; x_wconf 80' lang='grc' dir='ltr'><strong>ἐν</strong></span> <span class='ocrx_word' id='word_1_4' title='bbox 806 575 1221 642; x_wconf 79' lang='grc' dir='ltr'>ἁνυπερθεσίςι</span> <span class='ocrx_word' id='word_1_5' title='bbox 1265 572 1606 644; x_wconf 83' lang='grc' dir='ltr'>ἡρμήνευσε.</span> <span class='ocrx_word' id='word_1_6' title='bbox 1666 568 1985 637; x_wconf 84' lang='grc' dir='ltr'>Παρακαλεῖ</span> 
     </span>
    </p>
   </div>
   <div class='ocr_carea' id='block_1_3' title="bbox 1804 366 2969 426">
    <p class='ocr_par' dir='ltr' id='par_1_3' title="bbox 1804 366 2969 426">
     <span class='ocr_line' id='line_1_3' title="bbox 1804 366 2969 426; baseline -0.002 0"><span class='ocrx_word' id='word_1_7' title='bbox 1804 366 1888 426; x_wconf 81' lang='lat' dir='ltr'><strong>IN</strong></span> <span class='ocrx_word' id='word_1_8' title='bbox 1934 366 2136 426; x_wconf 81' lang='lat' dir='ltr'><strong>PSAL.</strong></span> <span class='ocrx_word' id='word_1_9' title='bbox 2165 366 2297 426; x_wconf 85' lang='lat' dir='ltr'><strong>VII.</strong></span> <span class='ocrx_word' id='word_1_10' title='bbox 2966 412 2969 415; x_wconf 61' lang='grc' dir='ltr'><strong>ς</strong></span> 
     </span>
    </p>
   </div>
   <div class='ocr_carea' id='block_1_4' title="bbox 393 471 1981 558">
    <p class='ocr_par' dir='ltr' id='par_1_4' title="bbox 393 475 1979 558">
     <span class='ocr_line' id='line_1_4' title="bbox 393 475 1979 558; baseline -0.008 -18"><span class='ocrx_word' id='word_1_11' title='bbox 393 501 593 558; x_wconf 83' lang='grc' dir='ltr'>μαχος,</span> <span class='ocrx_word' id='word_1_12' title='bbox 629 482 700 537; x_wconf 72' lang='grc' dir='ltr'>ἐν</span> <span class='ocrx_word' id='word_1_13' title='bbox 719 481 906 554; x_wconf 72' lang='grc' dir='ltr'>χόλῳ,</span> <span class='ocrx_word' id='word_1_14' title='bbox 932 480 959 533; x_wconf 99' lang='lat'><strong>6</strong></span> <span class='ocrx_word' id='word_1_15' title='bbox 1003 478 1059 534; x_wconf 80' lang='grc' dir='ltr'>δὲ</span> <span class='ocrx_word' id='word_1_16' title='bbox 1086 477 1405 544; x_wconf 87' lang='grc' dir='ltr'>Θεοδοτίων,</span> <span class='ocrx_word' id='word_1_17' title='bbox 1442 477 1510 532; x_wconf 81' lang='grc' dir='ltr'>ἐν</span> <span class='ocrx_word' id='word_1_18' title='bbox 1539 475 1724 546; x_wconf 78' lang='grc' dir='ltr'>θυμῷ,</span> <span class='ocrx_word' id='word_1_19' title='bbox 1764 478 1789 529; x_wconf 81' lang='lat'><strong>6</strong></span> <span class='ocrx_word' id='word_1_20' title='bbox 1818 476 1873 528; x_wconf 78' lang='grc' dir='ltr'><strong>δέ</strong></span> <span class='ocrx_word' id='word_1_21' title='bbox 1916 493 1979 543; x_wconf 85' lang='grc' dir='ltr'><strong>γε</strong></span> 
     </span>
    </p>
   </div>
   <div class='ocr_carea' id='block_1_5' title="bbox 2083 471 3674 558">
    <p class='ocr_par' dir='ltr' id='par_1_5' title="bbox 2084 471 3674 546">
     <span class='ocr_line' id='line_1_5' title="bbox 2084 471 3674 546; baseline 0.006 -19"><span class='ocrx_word' id='word_1_22' title='bbox 2084 472 2306 544; x_wconf 85' lang='lat' dir='ltr'><strong>quidem</strong></span> <span class='ocrx_word' id='word_1_23' title='bbox 2336 473 2392 527; x_wconf 79' lang='lat' dir='ltr'><strong>in</strong></span> <span class='ocrx_word' id='word_1_24' title='bbox 2422 471 2901 539; x_wconf 74' lang='lat' dir='ltr'><strong>bile,’l‘lieodotion</strong></span> <span class='ocrx_word' id='word_1_25' title='bbox 2928 474 2982 529; x_wconf 82' lang='lat' dir='ltr'><strong>in</strong></span> <span class='ocrx_word' id='word_1_26' title='bbox 3006 474 3208 544; x_wconf 77' lang='lat' dir='ltr'><strong>furore,</strong></span> <span class='ocrx_word' id='word_1_27' title='bbox 3227 475 3424 546; x_wconf 83' lang='lat' dir='ltr'><strong>Aquila</strong></span> <span class='ocrx_word' id='word_1_28' title='bbox 3456 493 3584 534; x_wconf 88' lang='lat' dir='ltr'><strong>vero</strong></span> <span class='ocrx_word' id='word_1_29' title='bbox 3618 485 3674 538; x_wconf 81' lang='lat' dir='ltr'><strong>in</strong></span> 
     </span>
    </p>
   </div>
   <div class='ocr_carea' id='block_1_6' title="bbox 3567 339 3702 437">
    <p class='ocr_par' dir='ltr' id='par_1_6' title="bbox 3567 339 3702 437">
     <span class='ocr_line' id='line_1_6' title="bbox 3567 339 3702 437; baseline -0.022 0"><span class='ocrx_word' id='word_1_30' title='bbox 3567 339 3702 437; x_wconf 46' lang='lat'><strong>910&#39;</strong></span> 
     </span>
    </p>
   </div>
   <div class='ocr_carea' id='block_1_7' title="bbox 2086 564 3672 641">
    <p class='ocr_par' dir='ltr' id='par_1_7' title="bbox 2086 564 3672 641">
     <span class='ocr_line' id='line_1_7' title="bbox 2086 564 3672 641; baseline 0.007 -25"><span class='ocrx_word' id='word_1_31' title='bbox 2086 564 2357 618; x_wconf 82' lang='lat' dir='ltr'><strong>celeritate</strong></span> <span class='ocrx_word' id='word_1_32' title='bbox 2407 564 2745 636; x_wconf 75' lang='lat' dir='ltr'><strong>interpretati</strong></span> <span class='ocrx_word' id='word_1_33' title='bbox 2787 573 2937 621; x_wconf 89' lang='lat' dir='ltr'><strong>sunt.</strong></span> <span class='ocrx_word' id='word_1_34' title='bbox 2974 566 3234 623; x_wconf 78' lang='lat' dir='ltr'><strong>Obsecrat</strong></span> <span class='ocrx_word' id='word_1_35' title='bbox 3276 569 3441 639; x_wconf 85' lang='lat' dir='ltr'><strong>igitur</strong></span> <span class='ocrx_word' id='word_1_36' title='bbox 3464 570 3672 641; x_wconf 88' lang='lat' dir='ltr'><strong>jnslnm</strong></span> 
     </span>
    </p>
   </div>
   <div class='ocr_carea' id='block_1_8' title="bbox 388 655 1981 737">
    <p class='ocr_par' dir='ltr' id='par_1_8' title="bbox 388 658 1981 737">
     <span class='ocr_line' id='line_1_8' title="bbox 388 658 1981 737; baseline -0.008 -13"><span class='ocrx_word' id='word_1_37' title='bbox 388 669 575 724; x_wconf 81' lang='grc' dir='ltr'>τοίνυν</span> <span class='ocrx_word' id='word_1_38' title='bbox 595 667 687 722; x_wconf 78' lang='grc' dir='ltr'><strong>τὸν</strong></span> <span class='ocrx_word' id='word_1_39' title='bbox 717 666 928 720; x_wconf 87' lang='grc' dir='ltr'>δίκαιον</span> <span class='ocrx_word' id='word_1_40' title='bbox 952 665 1146 737; x_wconf 84' lang='grc' dir='ltr'>κριτὴν</span> <span class='ocrx_word' id='word_1_41' title='bbox 1181 664 1383 737; x_wconf 77' lang='grc' dir='ltr'><strong>μηκέτι</strong></span> <span class='ocrx_word' id='word_1_42' title='bbox 1421 661 1780 734; x_wconf 70' lang='grc' dir='ltr'>μακροθυμία</span> <span class='ocrx_word' id='word_1_43' title='bbox 1799 700 1813 721; x_wconf 88' lang='grc'><strong>,</strong></span> <span class='ocrx_word' id='word_1_44' title='bbox 1847 658 1981 712; x_wconf 72' lang='grc' dir='ltr'>ἀλλὰ</span> 
     </span>
    </p>
   </div>
   <div class='ocr_carea' id='block_1_9' title="bbox 2083 655 3674 737">
    <p class='ocr_par' dir='ltr' id='par_1_9' title="bbox 2083 655 3674 733">
     <span class='ocr_line' id='line_1_9' title="bbox 2083 655 3674 733; baseline 0.007 -25"><span class='ocrx_word' id='word_1_45' title='bbox 2083 655 2347 725; x_wconf 74' lang='lat' dir='ltr'><strong>jutlicem,</strong></span> <span class='ocrx_word' id='word_1_46' title='bbox 2399 671 2467 713; x_wconf 91' lang='lat' dir='ltr'><strong>ne</strong></span> <span class='ocrx_word' id='word_1_47' title='bbox 2516 656 2752 727; x_wconf 83' lang='lat' dir='ltr'><strong>amplius</strong></span> <span class='ocrx_word' id='word_1_48' title='bbox 2784 657 3214 730; x_wconf 81' lang='lat' dir='ltr'><strong>longanimitate,</strong></span> <span class='ocrx_word' id='word_1_49' title='bbox 3251 664 3346 717; x_wconf 86' lang='lat' dir='ltr'><strong>sed</strong></span> <span class='ocrx_word' id='word_1_50' title='bbox 3370 662 3521 733; x_wconf 88' lang='lat' dir='ltr'><strong>jusla</strong></span> <span class='ocrx_word' id='word_1_51' title='bbox 3551 680 3674 722; x_wconf 89' lang='lat' dir='ltr'><strong>sen-</strong></span> 
     </span>
    </p>
   </div>
   <div class='ocr_carea' id='block_1_10' title="bbox 388 749 1983 830">
    <p class='ocr_par' dir='ltr' id='par_1_10' title="bbox 388 749 1983 830">
     <span class='ocr_line' id='line_1_10' title="bbox 388 749 1983 830; baseline -0.009 -14"><span class='ocrx_word' id='word_1_52' title='bbox 388 758 579 830; x_wconf 71' lang='grc' dir='ltr'>δικαία</span> <span class='ocrx_word' id='word_1_53' title='bbox 606 758 960 829; x_wconf 71' lang='grc' dir='ltr'>χρησάμενον</span> <span class='ocrx_word' id='word_1_54' title='bbox 993 755 1182 828; x_wconf 67' lang='grc' dir='ltr'>ψήφῳ,</span> <span class='ocrx_word' id='word_1_55' title='bbox 1247 755 1350 825; x_wconf 81' lang='grc' dir='ltr'>τὴν</span> <span class='ocrx_word' id='word_1_56' title='bbox 1386 752 1668 824; x_wconf 79' lang='grc' dir='ltr'><strong>τιμωρίαν</strong></span> <span class='ocrx_word' id='word_1_57' title='bbox 1709 749 1983 804; x_wconf 83' lang='grc' dir='ltr'>ἐπιθεῖναι</span> 
     </span>
    </p>
   </div>
   <div class='ocr_carea' id='block_1_11' title="bbox 388 840 1982 919">
    <p class='ocr_par' dir='ltr' id='par_1_11' title="bbox 388 840 1982 919">
     <span class='ocr_line' id='line_1_11' title="bbox 388 840 1982 919; baseline -0.008 -15"><span class='ocrx_word' id='word_1_58' title='bbox 388 852 503 912; x_wconf 80' lang='grc' dir='ltr'>τοῖς</span> <span class='ocrx_word' id='word_1_59' title='bbox 543 847 818 902; x_wconf 83' lang='grc' dir='ltr'>ἀδικοῦσι.</span> <span class='ocrx_word' id='word_1_60' title='bbox 842 847 917 899; x_wconf 84' lang='lat' dir='ltr'><em>T6</em></span> <span class='ocrx_word' id='word_1_61' title='bbox 947 847 1082 918; x_wconf 73' lang='grc' dir='ltr'>γὰρ,</span> <span class='ocrx_word' id='word_1_62' title='bbox 1106 844 1427 913; x_wconf 77' lang='grc' dir='ltr'><strong>ἀνάστηθι,</strong></span> <span class='ocrx_word' id='word_1_63' title='bbox 1460 843 1582 897; x_wconf 77' lang='grc' dir='ltr'>ἀντὶ</span> <span class='ocrx_word' id='word_1_64' title='bbox 1618 840 1740 919; x_wconf 71' lang='grc' dir='ltr'>τοῦ,</span> <span class='ocrx_word' id='word_1_65' title='bbox 1782 840 1982 911; x_wconf 79' lang='grc' dir='ltr'><strong>μηκέτι</strong></span> 
     </span>
    </p>
   </div>
   <div class='ocr_carea' id='block_1_12' title="bbox 392 933 1984 1013">
    <p class='ocr_par' dir='ltr' id='par_1_12' title="bbox 392 933 1984 1013">
     <span class='ocr_line' id='line_1_12' title="bbox 392 933 1984 1013; baseline -0.007 -17"><span class='ocrx_word' id='word_1_66' title='bbox 392 940 861 1013; x_wconf 80' lang='grc' dir='ltr'>μακροθυμήσῃς,</span> <span class='ocrx_word' id='word_1_67' title='bbox 882 937 1096 992; x_wconf 79' lang='grc' dir='ltr'><strong>τέθεικε</strong></span> <span class='ocrx_word' id='word_1_68' title='bbox 1114 953 1127 968; x_wconf 86' lang='grc'><strong>·</strong></span> <span class='ocrx_word' id='word_1_69' title='bbox 1149 935 1396 991; x_wconf 75' lang='grc' dir='ltr'>τοιοῦτον</span> <span class='ocrx_word' id='word_1_70' title='bbox 1426 937 1545 990; x_wconf 87' lang='grc' dir='ltr'>ἐστι</span> <span class='ocrx_word' id='word_1_71' title='bbox 1565 935 1646 1001; x_wconf 85' lang='grc' dir='ltr'><strong>τὸ,</strong></span> <span class='ocrx_word' id='word_1_72' title='bbox 1673 953 1691 986; x_wconf 84' lang='grc' dir='ltr'>ι</span> <span class='ocrx_word' id='word_1_73' title='bbox 1731 933 1984 1005; x_wconf 79' lang='grc' dir='ltr'>Ἐξεγέρ-</span> 
     </span>
    </p>
   </div>
   <div class='ocr_carea' id='block_1_13' title="bbox 390 1024 1983 1103">
    <p class='ocr_par' dir='ltr' id='par_1_13' title="bbox 390 1024 1983 1103">
     <span class='ocr_line' id='line_1_13' title="bbox 390 1024 1983 1103; baseline -0.006 -17"><span class='ocrx_word' id='word_1_74' title='bbox 390 1033 539 1103; x_wconf 86' lang='grc' dir='ltr'>θητι,</span> <span class='ocrx_word' id='word_1_75' title='bbox 600 1031 690 1084; x_wconf 85' lang='grc' dir='ltr'><strong>ἵνα</strong></span> <span class='ocrx_word' id='word_1_76' title='bbox 748 1031 803 1083; x_wconf 88' lang='grc' dir='ltr'><strong>τί</strong></span> <span class='ocrx_word' id='word_1_77' title='bbox 854 1030 1066 1093; x_wconf 84' lang='grc' dir='ltr'>ὁπνοῖς,</span> <span class='ocrx_word' id='word_1_78' title='bbox 1098 1028 1297 1101; x_wconf 80' lang='grc' dir='ltr'>Κύριε,</span> <span class='ocrx_word' id='word_1_79' title='bbox 1342 1047 1360 1080; x_wconf 76' lang='grc' dir='ltr'>ι</span> <span class='ocrx_word' id='word_1_80' title='bbox 1401 1026 1629 1099; x_wconf 75' lang='grc' dir='ltr'>καὶγὰρ</span> <span class='ocrx_word' id='word_1_81' title='bbox 1659 1027 1780 1080; x_wconf 82' lang='grc' dir='ltr'>ἐκεῖ</span> <span class='ocrx_word' id='word_1_82' title='bbox 1817 1024 1983 1078; x_wconf 76' lang='grc' dir='ltr'>ὕπνον</span> 
     </span>
    </p>
   </div>
   <div class='ocr_carea' id='block_1_14' title="bbox 387 1116 1980 1197">
    <p class='ocr_par' dir='ltr' id='par_1_14' title="bbox 387 1116 1980 1197">
     <span class='ocr_line' id='line_1_14' title="bbox 387 1116 1980 1197; baseline -0.006 -18"><span class='ocrx_word' id='word_1_83' title='bbox 387 1125 490 1197; x_wconf 84' lang='grc' dir='ltr'>τὴν</span> <span class='ocrx_word' id='word_1_84' title='bbox 529 1121 922 1196; x_wconf 80' lang='grc' dir='ltr'><strong>μακροθυμίαν</strong></span> <span class='ocrx_word' id='word_1_85' title='bbox 954 1120 1207 1176; x_wconf 82' lang='grc' dir='ltr'>ἐκάλεσε.</span> <span class='ocrx_word' id='word_1_86' title='bbox 1243 1121 1374 1185; x_wconf 71' lang='grc' dir='ltr'>Καὶ,</span> <span class='ocrx_word' id='word_1_87' title='bbox 1416 1137 1435 1171; x_wconf 79' lang='grc' dir='ltr'>ι</span> <span class='ocrx_word' id='word_1_88' title='bbox 1493 1119 1750 1184; x_wconf 81' lang='grc' dir='ltr'><strong>Ἀνάστα,</strong></span> <span class='ocrx_word' id='word_1_89' title='bbox 1785 1116 1980 1189; x_wconf 86' lang='grc' dir='ltr'>Κύριε,</span> 
     </span>
    </p>
   </div>
   <div class='ocr_carea' id='block_1_15' title="bbox 391 1210 1980 1288">
    <p class='ocr_par' dir='ltr' id='par_1_15' title="bbox 391 1210 1980 1288">
     <span class='ocr_line' id='line_1_15' title="bbox 391 1210 1980 1288; baseline -0.006 -19"><span class='ocrx_word' id='word_1_90' title='bbox 391 1216 664 1288; x_wconf 76' lang='grc' dir='ltr'><strong>βοήθησον</strong></span> <span class='ocrx_word' id='word_1_91' title='bbox 693 1216 848 1285; x_wconf 80' lang='grc' dir='ltr'>ἡμῖν.</span> <span class='ocrx_word' id='word_1_92' title='bbox 894 1232 913 1265; x_wconf 77' lang='grc' dir='ltr'><strong>ι</strong></span> <span class='ocrx_word' id='word_1_93' title='bbox 947 1214 1007 1267; x_wconf 89' lang='lat'><strong>&#39;0</strong></span> <span class='ocrx_word' id='word_1_94' title='bbox 1038 1213 1232 1283; x_wconf 81' lang='grc' dir='ltr'>καιρὸς</span> <span class='ocrx_word' id='word_1_95' title='bbox 1257 1213 1364 1284; x_wconf 80' lang='grc' dir='ltr'>γὰρ</span> <span class='ocrx_word' id='word_1_96' title='bbox 1389 1212 1449 1265; x_wconf 79' lang='grc' dir='ltr'><strong>ού</strong></span> <span class='ocrx_word' id='word_1_97' title='bbox 1477 1210 1523 1242; x_wconf 61' lang='grc'>⁸⁸</span> <span class='ocrx_word' id='word_1_98' title='bbox 1545 1210 1980 1282; x_wconf 75' lang='grc' dir='ltr'><strong>φιλανθρωπίας,</strong></span> 
     </span>
    </p>
   </div>
   <div class='ocr_carea' id='block_1_16' title="bbox 390 1298 1982 1376">
    <p class='ocr_par' dir='ltr' id='par_1_16' title="bbox 390 1298 1982 1376">
     <span class='ocr_line' id='line_1_16' title="bbox 390 1298 1982 1376; baseline -0.006 -16"><span class='ocrx_word' id='word_1_99' title='bbox 390 1307 527 1361; x_wconf 82' lang='grc' dir='ltr'>ἀλλὰ</span> <span class='ocrx_word' id='word_1_100' title='bbox 564 1306 783 1369; x_wconf 76' lang='grc' dir='ltr'>δικαίας</span> <span class='ocrx_word' id='word_1_101' title='bbox 835 1303 1033 1376; x_wconf 81' lang='grc' dir='ltr'>ὀργῆς.</span> <span class='ocrx_word' id='word_1_102' title='bbox 1089 1302 1312 1367; x_wconf 86' lang='grc' dir='ltr'>Ἐπίθες</span> <span class='ocrx_word' id='word_1_103' title='bbox 1382 1301 1567 1355; x_wconf 89' lang='grc' dir='ltr'>τοίνυν</span> <span class='ocrx_word' id='word_1_104' title='bbox 1608 1302 1722 1364; x_wconf 86' lang='grc' dir='ltr'>τοῖς</span> <span class='ocrx_word' id='word_1_105' title='bbox 1767 1298 1982 1369; x_wconf 78' lang='grc' dir='ltr'><strong>ἐχθροῖς</strong></span> 
     </span>
    </p>
   </div>
   <div class='ocr_carea' id='block_1_17' title="bbox 392 1396 1982 1472">
    <p class='ocr_par' dir='ltr' id='par_1_17' title="bbox 392 1396 1982 1472">
     <span class='ocr_line' id='line_1_17' title="bbox 392 1396 1982 1472; baseline -0.003 -17"><span class='ocrx_word' id='word_1_106' title='bbox 392 1418 499 1472; x_wconf 88' lang='grc' dir='ltr'>μου</span> <span class='ocrx_word' id='word_1_107' title='bbox 549 1401 610 1455; x_wconf 83' lang='grc' dir='ltr'><strong>τὸ</strong></span> <span class='ocrx_word' id='word_1_108' title='bbox 666 1401 880 1471; x_wconf 84' lang='grc' dir='ltr'>πέρας,</span> <span class='ocrx_word' id='word_1_109' title='bbox 943 1397 1045 1470; x_wconf 72' lang='grc' dir='ltr'>τὴν</span> <span class='ocrx_word' id='word_1_110' title='bbox 1094 1398 1281 1454; x_wconf 79' lang='grc' dir='ltr'>ἄδικον</span> <span class='ocrx_word' id='word_1_111' title='bbox 1340 1396 1524 1452; x_wconf 81' lang='grc' dir='ltr'>αὐτῶν</span> <span class='ocrx_word' id='word_1_112' title='bbox 1572 1396 1760 1467; x_wconf 76' lang='grc' dir='ltr'>ἔφοδον</span> <span class='ocrx_word' id='word_1_113' title='bbox 1810 1412 1982 1451; x_wconf 87' lang='grc' dir='ltr'>κατα-</span> 
     </span>
    </p>
   </div>
   <div class='ocr_carea' id='block_1_18' title="bbox 399 1493 645 1558">
    <p class='ocr_par' dir='ltr' id='par_1_18' title="bbox 399 1493 645 1558">
     <span class='ocr_line' id='line_1_18' title="bbox 399 1493 645 1558; baseline -0.004 -10"><span class='ocrx_word' id='word_1_114' title='bbox 399 1493 645 1558; x_wconf 83' lang='grc' dir='ltr'>παύσας.</span> 
     </span>
    </p>
   </div>
   <div class='ocr_carea' id='block_1_19' title="bbox 461 1582 1983 1657">
    <p class='ocr_par' dir='ltr' id='par_1_19' title="bbox 461 1582 1983 1657">
     <span class='ocr_line' id='line_1_19' title="bbox 461 1582 1983 1657; baseline -0.005 -17"><span class='ocrx_word' id='word_1_115' title='bbox 461 1592 532 1657; x_wconf 82' lang='grc' dir='ltr'>η’.</span> <span class='ocrx_word' id='word_1_116' title='bbox 571 1604 590 1637; x_wconf 81' lang='grc' dir='ltr'>ι</span> <span class='ocrx_word' id='word_1_117' title='bbox 630 1583 740 1639; x_wconf 78' lang='lat' dir='ltr'><strong>Kal.</strong></span> <span class='ocrx_word' id='word_1_118' title='bbox 764 1583 1111 1655; x_wconf 80' lang='grc' dir='ltr'>ἐξεγέρθητι,</span> <span class='ocrx_word' id='word_1_119' title='bbox 1147 1583 1322 1656; x_wconf 83' lang='grc' dir='ltr'>Κύριε</span> <span class='ocrx_word' id='word_1_120' title='bbox 1353 1582 1382 1636; x_wconf 91' lang='lat'><strong>6</strong></span> <span class='ocrx_word' id='word_1_121' title='bbox 1407 1582 1540 1647; x_wconf 82' lang='grc' dir='ltr'>Θεὸς</span> <span class='ocrx_word' id='word_1_122' title='bbox 1572 1599 1698 1653; x_wconf 86' lang='grc' dir='ltr'>μου,</span> <span class='ocrx_word' id='word_1_123' title='bbox 1726 1582 1785 1636; x_wconf 88' lang='grc' dir='ltr'><strong>ἐν</strong></span> <span class='ocrx_word' id='word_1_124' title='bbox 1807 1596 1983 1653; x_wconf 89' lang='grc' dir='ltr'>προσ-</span> 
     </span>
    </p>
   </div>
   <div class='ocr_carea' id='block_1_20' title="bbox 388 1669 1982 1750">
    <p class='ocr_par' dir='ltr' id='par_1_20' title="bbox 388 1669 1982 1750">
     <span class='ocr_line' id='line_1_20' title="bbox 388 1669 1982 1750; baseline -0.004 -16"><span class='ocrx_word' id='word_1_125' title='bbox 388 1678 637 1750; x_wconf 79' lang='grc' dir='ltr'><strong>τάγματι</strong></span> <span class='ocrx_word' id='word_1_126' title='bbox 673 1669 719 1745; x_wconf 82' lang='grc' dir='ltr'><strong>ᾧ</strong></span> <span class='ocrx_word' id='word_1_127' title='bbox 756 1676 1027 1732; x_wconf 83' lang='grc' dir='ltr'>ἐνετείλω.</span> <span class='ocrx_word' id='word_1_128' title='bbox 1073 1697 1092 1731; x_wconf 74' lang='grc' dir='ltr'>ι</span> <span class='ocrx_word' id='word_1_129' title='bbox 1133 1677 1208 1731; x_wconf 83' lang='grc' dir='ltr'>Σὺ</span> <span class='ocrx_word' id='word_1_130' title='bbox 1255 1678 1365 1748; x_wconf 79' lang='grc' dir='ltr'>γὰρ</span> <span class='ocrx_word' id='word_1_131' title='bbox 1417 1675 1825 1748; x_wconf 84' lang='grc' dir='ltr'>ἐνομοθέτησας</span> <span class='ocrx_word' id='word_1_132' title='bbox 1867 1676 1982 1738; x_wconf 86' lang='grc' dir='ltr'>τοῖς</span> 
     </span>
    </p>
   </div>
   <div class='ocr_carea' id='block_1_21' title="bbox 388 1767 1981 1843">
    <p class='ocr_par' dir='ltr' id='par_1_21' title="bbox 388 1767 1981 1843">
     <span class='ocr_line' id='line_1_21' title="bbox 388 1767 1981 1843; baseline -0.004 -16"><span class='ocrx_word' id='word_1_133' title='bbox 388 1771 774 1843; x_wconf 77' lang='grc' dir='ltr'><strong>ἀδικουμένοις</strong></span> <span class='ocrx_word' id='word_1_134' title='bbox 802 1770 1056 1842; x_wconf 77' lang='grc' dir='ltr'>ἀμύνειν.</span> <span class='ocrx_word' id='word_1_135' title='bbox 1101 1772 1168 1824; x_wconf 89' lang='grc' dir='ltr'><strong>Ὃ</strong></span> <span class='ocrx_word' id='word_1_136' title='bbox 1202 1772 1387 1825; x_wconf 78' lang='grc' dir='ltr'>τοίνυν</span> <span class='ocrx_word' id='word_1_137' title='bbox 1411 1770 1524 1836; x_wconf 84' lang='grc' dir='ltr'>τοῖς</span> <span class='ocrx_word' id='word_1_138' title='bbox 1561 1767 1747 1834; x_wconf 81' lang='grc' dir='ltr'>ἄλλοις</span> <span class='ocrx_word' id='word_1_139' title='bbox 1775 1767 1981 1822; x_wconf 83' lang='grc' dir='ltr'>ἐνετεί-</span> 
     </span>
    </p>
   </div>
   <div class='ocr_carea' id='block_1_22' title="bbox 2088 749 3675 824">
    <p class='ocr_par' dir='ltr' id='par_1_22' title="bbox 2088 749 3675 824">
     <span class='ocr_line' id='line_1_22' title="bbox 2088 749 3675 824; baseline 0.007 -23"><span class='ocrx_word' id='word_1_140' title='bbox 2088 750 2255 804; x_wconf 89' lang='lat' dir='ltr'><strong>tentia</strong></span> <span class='ocrx_word' id='word_1_141' title='bbox 2308 757 2493 815; x_wconf 90' lang='lat' dir='ltr'><strong>utens,</strong></span> <span class='ocrx_word' id='word_1_142' title='bbox 2539 749 2607 804; x_wconf 91' lang='lat' dir='ltr'><strong>iis</strong></span> <span class='ocrx_word' id='word_1_143' title='bbox 2639 750 2731 820; x_wconf 89' lang='lat' dir='ltr'><strong>qni</strong></span> <span class='ocrx_word' id='word_1_144' title='bbox 2770 751 3028 822; x_wconf 89' lang='lat' dir='ltr'><strong>injuriam</strong></span> <span class='ocrx_word' id='word_1_145' title='bbox 3064 751 3313 808; x_wconf 85' lang='lat' dir='ltr'><strong>inferunt</strong></span> <span class='ocrx_word' id='word_1_146' title='bbox 3346 768 3567 824; x_wconf 77' lang='lat' dir='ltr'><strong>pmnam</strong></span> <span class='ocrx_word' id='word_1_147' title='bbox 3599 756 3675 812; x_wconf 88' lang='lat' dir='ltr'><strong>ir-</strong></span> 
     </span>
    </p>
   </div>
   <div class='ocr_carea' id='block_1_23' title="bbox 2087 840 3676 922">
    <p class='ocr_par' dir='ltr' id='par_1_23' title="bbox 2087 840 3676 922">
     <span class='ocr_line' id='line_1_23' title="bbox 2087 840 3676 922; baseline 0.008 -29"><span class='ocrx_word' id='word_1_148' title='bbox 2087 849 2259 911; x_wconf 81' lang='lat' dir='ltr'><strong>rogel.</strong></span> <span class='ocrx_word' id='word_1_149' title='bbox 2300 840 2543 912; x_wconf 74' lang='lat' dir='ltr'><strong>Exsurge</strong></span> <span class='ocrx_word' id='word_1_150' title='bbox 2581 845 2754 910; x_wconf 89' lang='lat' dir='ltr'><strong>enim,</strong></span> <span class='ocrx_word' id='word_1_151' title='bbox 2788 861 2889 916; x_wconf 88' lang='lat' dir='ltr'><strong>pro</strong></span> <span class='ocrx_word' id='word_1_152' title='bbox 2917 845 2996 902; x_wconf 89' lang='lat' dir='ltr'><strong>Ne</strong></span> <span class='ocrx_word' id='word_1_153' title='bbox 3026 849 3266 917; x_wconf 86' lang='lat' dir='ltr'><strong>amplius</strong></span> <span class='ocrx_word' id='word_1_154' title='bbox 3301 848 3378 904; x_wconf 88' lang='lat' dir='ltr'><strong>sis</strong></span> <span class='ocrx_word' id='word_1_155' title='bbox 3425 849 3676 922; x_wconf 81' lang='lat' dir='ltr'><strong>longani—</strong></span> 
     </span>
    </p>
   </div>
   <div class='ocr_carea' id='block_1_24' title="bbox 2087 933 3677 1014">
    <p class='ocr_par' dir='ltr' id='par_1_24' title="bbox 2087 933 3677 1014">
     <span class='ocr_line' id='line_1_24' title="bbox 2087 933 3677 1014; baseline 0.006 -27"><span class='ocrx_word' id='word_1_156' title='bbox 2087 933 2210 995; x_wconf 88' lang='lat' dir='ltr'><strong>mis,</strong></span> <span class='ocrx_word' id='word_1_157' title='bbox 2243 935 2444 1004; x_wconf 86' lang='lat' dir='ltr'><strong>posuit.</strong></span> <span class='ocrx_word' id='word_1_158' title='bbox 2481 935 2609 991; x_wconf 80' lang='lat' dir='ltr'><strong>Tale</strong></span> <span class='ocrx_word' id='word_1_159' title='bbox 2634 945 2720 993; x_wconf 89' lang='lat' dir='ltr'><strong>est</strong></span> <span class='ocrx_word' id='word_1_160' title='bbox 2744 938 2879 994; x_wconf 89' lang='lat' dir='ltr'><strong>illud</strong></span> <span class='ocrx_word' id='word_1_161' title='bbox 2905 940 3069 996; x_wconf 82' lang='lat' dir='ltr'><strong>etiam</strong></span> <span class='ocrx_word' id='word_1_162' title='bbox 3099 959 3113 998; x_wconf 88' lang='lat'><strong>:</strong></span> <span class='ocrx_word' id='word_1_163' title='bbox 3148 961 3167 995; x_wconf 82' lang='grc' dir='ltr'><strong>ι</strong></span> <span class='ocrx_word' id='word_1_164' title='bbox 3202 941 3472 1014; x_wconf 76' lang='lat' dir='ltr'><strong>Exsurge,</strong></span> <span class='ocrx_word' id='word_1_165' title='bbox 3500 958 3677 1014; x_wconf 87' lang='lat' dir='ltr'><strong>quare</strong></span> 
     </span>
    </p>
   </div>
   <div class='ocr_carea' id='block_1_25' title="bbox 2085 1024 3675 1108">
    <p class='ocr_par' dir='ltr' id='par_1_25' title="bbox 2085 1024 3675 1108">
     <span class='ocr_line' id='line_1_25' title="bbox 2085 1024 3675 1108; baseline 0.006 -27"><span class='ocrx_word' id='word_1_166' title='bbox 2085 1024 2390 1093; x_wconf 82' lang='lat' dir='ltr'><strong>obdormis,</strong></span> <span class='ocrx_word' id='word_1_167' title='bbox 2426 1028 2654 1086; x_wconf 82' lang='lat' dir='ltr'><strong>Domine</strong></span> <span class='ocrx_word' id='word_1_168' title='bbox 2686 1028 2699 1080; x_wconf 84' lang='lat' dir='ltr'><strong>i</strong></span> <span class='ocrx_word' id='word_1_169' title='bbox 2739 1030 2762 1084; x_wconf 90' lang='lat'><strong>?</strong></span> <span class='ocrx_word' id='word_1_170' title='bbox 2800 1050 2819 1085; x_wconf 75' lang='grc' dir='ltr'><strong>ι</strong></span> <span class='ocrx_word' id='word_1_171' title='bbox 2851 1029 2988 1087; x_wconf 87' lang='lat' dir='ltr'><strong>Nam</strong></span> <span class='ocrx_word' id='word_1_172' title='bbox 3025 1034 3098 1090; x_wconf 89' lang='lat' dir='ltr'><strong>ibi</strong></span> <span class='ocrx_word' id='word_1_173' title='bbox 3126 1049 3380 1091; x_wconf 89' lang='lat' dir='ltr'><strong>somnum</strong></span> <span class='ocrx_word' id='word_1_174' title='bbox 3422 1036 3675 1108; x_wconf 84' lang='lat' dir='ltr'><strong>longani-</strong></span> 
     </span>
    </p>
   </div>
   <div class='ocr_carea' id='block_1_26' title="bbox 2086 1120 3675 1200">
    <p class='ocr_par' dir='ltr' id='par_1_26' title="bbox 2086 1120 3675 1200">
     <span class='ocr_line' id='line_1_26' title="bbox 2086 1120 3675 1200; baseline 0.007 -27"><span class='ocrx_word' id='word_1_175' title='bbox 2086 1120 2330 1175; x_wconf 65' lang='lat' dir='ltr'><strong>unitatem</strong></span> <span class='ocrx_word' id='word_1_176' title='bbox 2349 1120 2661 1191; x_wconf 89' lang='lat' dir='ltr'><strong>appellavit.</strong></span> <span class='ocrx_word' id='word_1_177' title='bbox 2698 1122 2763 1177; x_wconf 87' lang='lat' dir='ltr'><strong>Et</strong></span> <span class='ocrx_word' id='word_1_178' title='bbox 2794 1142 2806 1178; x_wconf 89' lang='lat'><strong>:</strong></span> <span class='ocrx_word' id='word_1_179' title='bbox 2844 1142 2861 1175; x_wconf 80' lang='grc' dir='ltr'>ι</span> <span class='ocrx_word' id='word_1_180' title='bbox 2898 1123 3166 1198; x_wconf 78' lang='lat' dir='ltr'><strong>Exsurge,</strong></span> <span class='ocrx_word' id='word_1_181' title='bbox 3194 1125 3444 1197; x_wconf 85' lang='lat' dir='ltr'><strong>Domine,</strong></span> <span class='ocrx_word' id='word_1_182' title='bbox 3471 1127 3675 1200; x_wconf 88' lang='lat' dir='ltr'><strong>adjuva</strong></span> 
     </span>
    </p>
   </div>
   <div class='ocr_carea' id='block_1_27' title="bbox 2086 1212 3676 1291">
    <p class='ocr_par' dir='ltr' id='par_1_27' title="bbox 2086 1212 3676 1291">
     <span class='ocr_line' id='line_1_27' title="bbox 2086 1212 3676 1291; baseline 0.005 -23"><span class='ocrx_word' id='word_1_183' title='bbox 2086 1227 2189 1268; x_wconf 91' lang='lat' dir='ltr'><strong>nos</strong></span> <span class='ocrx_word' id='word_1_184' title='bbox 2207 1213 2255 1267; x_wconf 76' lang='grc' dir='ltr'>ιε.</span> <span class='ocrx_word' id='word_1_185' title='bbox 2291 1232 2309 1265; x_wconf 75' lang='grc' dir='ltr'>ι</span> <span class='ocrx_word' id='word_1_186' title='bbox 2340 1212 2582 1284; x_wconf 85' lang='lat' dir='ltr'><strong>Tempus</strong></span> <span class='ocrx_word' id='word_1_187' title='bbox 2606 1215 2752 1270; x_wconf 88' lang='lat' dir='ltr'><strong>enim</strong></span> <span class='ocrx_word' id='word_1_188' title='bbox 2775 1231 2881 1271; x_wconf 91' lang='lat' dir='ltr'><strong>non</strong></span> <span class='ocrx_word' id='word_1_189' title='bbox 2905 1217 3253 1290; x_wconf 74' lang='lat' dir='ltr'><strong>benignitatis</strong></span> <span class='ocrx_word' id='word_1_190' title='bbox 3271 1229 3373 1288; x_wconf 86' lang='lat' dir='ltr'><strong>est,</strong></span> <span class='ocrx_word' id='word_1_191' title='bbox 3394 1222 3488 1278; x_wconf 88' lang='lat' dir='ltr'><strong>sed</strong></span> <span class='ocrx_word' id='word_1_192' title='bbox 3512 1220 3676 1291; x_wconf 68' lang='lat' dir='ltr'><strong>iusta:</strong></span> 
     </span>
    </p>
   </div>
   <div class='ocr_carea' id='block_1_28' title="bbox 2087 1303 3671 1383">
    <p class='ocr_par' dir='ltr' id='par_1_28' title="bbox 2087 1303 3671 1383">
     <span class='ocr_line' id='line_1_28' title="bbox 2087 1303 3671 1383; baseline 0.005 -25"><span class='ocrx_word' id='word_1_193' title='bbox 2087 1303 2204 1359; x_wconf 67' lang='lat' dir='ltr'><strong>irae.</strong></span> <span class='ocrx_word' id='word_1_194' title='bbox 2260 1304 2482 1375; x_wconf 82' lang='lat' dir='ltr'><strong>impone</strong></span> <span class='ocrx_word' id='word_1_195' title='bbox 2517 1305 2684 1377; x_wconf 83' lang='lat' dir='ltr'><strong>igitur</strong></span> <span class='ocrx_word' id='word_1_196' title='bbox 2736 1306 2975 1365; x_wconf 87' lang='lat' dir='ltr'><strong>inimicis</strong></span> <span class='ocrx_word' id='word_1_197' title='bbox 3012 1309 3146 1367; x_wconf 85' lang='lat' dir='ltr'><strong>meis</strong></span> <span class='ocrx_word' id='word_1_198' title='bbox 3181 1312 3365 1379; x_wconf 83' lang='lat' dir='ltr'><strong>linem,</strong></span> <span class='ocrx_word' id='word_1_199' title='bbox 3402 1311 3671 1383; x_wconf 90' lang='lat' dir='ltr'><strong>injustum</strong></span> 
     </span>
    </p>
   </div>
   <div class='ocr_carea' id='block_1_29' title="bbox 2084 1397 3012 1472">
    <p class='ocr_par' dir='ltr' id='par_1_29' title="bbox 2084 1397 3012 1472">
     <span class='ocr_line' id='line_1_29' title="bbox 2084 1397 3012 1472; baseline 0.004 -21"><span class='ocrx_word' id='word_1_200' title='bbox 2084 1412 2277 1452; x_wconf 90' lang='lat' dir='ltr'><strong>eorum</strong></span> <span class='ocrx_word' id='word_1_201' title='bbox 2310 1397 2574 1468; x_wconf 87' lang='lat' dir='ltr'><strong>impetum</strong></span> <span class='ocrx_word' id='word_1_202' title='bbox 2604 1413 2964 1472; x_wconf 90' lang='lat' dir='ltr'><strong>compescens</strong></span> <span class='ocrx_word' id='word_1_203' title='bbox 2997 1416 3012 1455; x_wconf 90' lang='lat'><strong>:</strong></span> 
     </span>
    </p>
   </div>
   <div class='ocr_carea' id='block_1_30' title="bbox 2155 1582 3678 1662">
    <p class='ocr_par' dir='ltr' id='par_1_30' title="bbox 2155 1582 3678 1662">
     <span class='ocr_line' id='line_1_30' title="bbox 2155 1582 3678 1662; baseline 0.005 -24"><span class='ocrx_word' id='word_1_204' title='bbox 2155 1582 2324 1639; x_wconf 71' lang='lat' dir='ltr'><strong>Vsus.</strong></span> <span class='ocrx_word' id='word_1_205' title='bbox 2348 1584 2400 1639; x_wconf 90' lang='lat'><strong>8.</strong></span> <span class='ocrx_word' id='word_1_206' title='bbox 2441 1603 2461 1638; x_wconf 78' lang='grc' dir='ltr'>ι</span> <span class='ocrx_word' id='word_1_207' title='bbox 2500 1583 2565 1640; x_wconf 87' lang='lat' dir='ltr'><strong>Et</strong></span> <span class='ocrx_word' id='word_1_208' title='bbox 2595 1600 2849 1658; x_wconf 81' lang='lat' dir='ltr'><strong>exsurge,</strong></span> <span class='ocrx_word' id='word_1_209' title='bbox 2884 1588 3116 1645; x_wconf 85' lang='lat' dir='ltr'><strong>Domine</strong></span> <span class='ocrx_word' id='word_1_210' title='bbox 3163 1587 3306 1645; x_wconf 87' lang='lat' dir='ltr'><strong>Deus</strong></span> <span class='ocrx_word' id='word_1_211' title='bbox 3326 1590 3421 1658; x_wconf 91' lang='lat' dir='ltr'><strong>mi,</strong></span> <span class='ocrx_word' id='word_1_212' title='bbox 3458 1591 3513 1644; x_wconf 91' lang='lat' dir='ltr'><strong>in</strong></span> <span class='ocrx_word' id='word_1_213' title='bbox 3543 1604 3678 1662; x_wconf 77' lang='lat' dir='ltr'><strong>prae-</strong></span> 
     </span>
    </p>
   </div>
   <div class='ocr_carea' id='block_1_31' title="bbox 2084 1677 3676 1752">
    <p class='ocr_par' dir='ltr' id='par_1_31' title="bbox 2084 1677 3676 1752">
     <span class='ocr_line' id='line_1_31' title="bbox 2084 1677 3676 1752; baseline 0.006 -22"><span class='ocrx_word' id='word_1_214' title='bbox 2084 1685 2245 1747; x_wconf 84' lang='lat' dir='ltr'><strong>cepto</strong></span> <span class='ocrx_word' id='word_1_215' title='bbox 2277 1677 2423 1748; x_wconf 90' lang='lat' dir='ltr'><strong>quod</strong></span> <span class='ocrx_word' id='word_1_216' title='bbox 2463 1678 2759 1736; x_wconf 76' lang='lat' dir='ltr'><strong>mandasti.</strong></span> <span class='ocrx_word' id='word_1_217' title='bbox 2800 1698 2820 1732; x_wconf 76' lang='grc' dir='ltr'><strong>ι</strong></span> <span class='ocrx_word' id='word_1_218' title='bbox 2854 1680 2874 1701; x_wconf 72' lang='lat'><strong>‘</strong></span> <span class='ocrx_word' id='word_1_219' title='bbox 2905 1679 2988 1736; x_wconf 91' lang='lat' dir='ltr'><strong>Tu</strong></span> <span class='ocrx_word' id='word_1_220' title='bbox 3033 1681 3180 1736; x_wconf 90' lang='lat' dir='ltr'><strong>enim</strong></span> <span class='ocrx_word' id='word_1_221' title='bbox 3210 1682 3423 1752; x_wconf 85' lang='lat' dir='ltr'><strong>jussiin</strong></span> <span class='ocrx_word' id='word_1_222' title='bbox 3464 1692 3526 1738; x_wconf 88' lang='lat' dir='ltr'><strong>ut</strong></span> <span class='ocrx_word' id='word_1_223' title='bbox 3578 1698 3676 1739; x_wconf 85' lang='lat' dir='ltr'><strong>eos</strong></span> 
     </span>
    </p>
   </div>
   <div class='ocr_carea' id='block_1_32' title="bbox 2086 1770 3676 1847">
    <p class='ocr_par' dir='ltr' id='par_1_32' title="bbox 2086 1770 3676 1847">
     <span class='ocr_line' id='line_1_32' title="bbox 2086 1770 3676 1847; baseline 0.005 -26"><span class='ocrx_word' id='word_1_224' title='bbox 2086 1775 2344 1824; x_wconf 88' lang='lat' dir='ltr'><strong>tueamur</strong></span> <span class='ocrx_word' id='word_1_225' title='bbox 2377 1770 2475 1841; x_wconf 90' lang='lat' dir='ltr'><strong>qui</strong></span> <span class='ocrx_word' id='word_1_226' title='bbox 2513 1770 2717 1841; x_wconf 86' lang='lat' dir='ltr'><strong>injuria</strong></span> <span class='ocrx_word' id='word_1_227' title='bbox 2777 1771 3112 1830; x_wconf 60' lang='lat' dir='ltr'><strong>abiciuntur.</strong></span> <span class='ocrx_word' id='word_1_228' title='bbox 3146 1772 3304 1841; x_wconf 87' lang='lat' dir='ltr'><strong>Quod</strong></span> <span class='ocrx_word' id='word_1_229' title='bbox 3338 1774 3506 1847; x_wconf 87' lang='lat' dir='ltr'><strong>igitur</strong></span> <span class='ocrx_word' id='word_1_230' title='bbox 3549 1777 3676 1831; x_wconf 85' lang='lat' dir='ltr'><strong>aliis</strong></span> 
     </span>
    </p>
   </div>
   <div class='ocr_carea' id='block_1_33' title="bbox 388 1834 1981 1938">
    <p class='ocr_par' dir='ltr' id='par_1_33' title="bbox 388 1834 1980 1936">
     <span class='ocr_line' id='line_1_33' title="bbox 388 1834 1980 1936; baseline -0.003 -19"><span class='ocrx_word' id='word_1_231' title='bbox 388 1862 469 1918; x_wconf 82' lang='grc' dir='ltr'><strong>λω</strong></span> <span class='ocrx_word' id='word_1_232' title='bbox 496 1834 694 1927; x_wconf 76' lang='grc' dir='ltr'>ποιεῖν,</span> <span class='ocrx_word' id='word_1_233' title='bbox 727 1834 954 1936; x_wconf 72' lang='grc' dir='ltr'>δρᾶσον,</span> <span class='ocrx_word' id='word_1_234' title='bbox 989 1856 1035 1917; x_wconf 82' lang='grc' dir='ltr'><strong>ὦ</strong></span> <span class='ocrx_word' id='word_1_235' title='bbox 1065 1860 1339 1927; x_wconf 82' lang='grc' dir='ltr'><strong>Δέσποτα,</strong></span> <span class='ocrx_word' id='word_1_236' title='bbox 1369 1861 1464 1915; x_wconf 77' lang='grc' dir='ltr'><strong>καὶ</strong></span> <span class='ocrx_word' id='word_1_237' title='bbox 1494 1834 1595 1933; x_wconf 73' lang='grc' dir='ltr'>τῆς</span> <span class='ocrx_word' id='word_1_238' title='bbox 1627 1860 1729 1931; x_wconf 86' lang='grc' dir='ltr'>σῆς</span> <span class='ocrx_word' id='word_1_239' title='bbox 1760 1876 1851 1932; x_wconf 86' lang='grc' dir='ltr'>μοι</span> <span class='ocrx_word' id='word_1_240' title='bbox 1884 1876 1980 1928; x_wconf 84' lang='grc' dir='ltr'>με·</span> 
     </span>
    </p>
   </div>
   <div class='ocr_carea' id='block_1_34' title="bbox 2083 1834 3672 1938">
    <p class='ocr_par' dir='ltr' id='par_1_34' title="bbox 2083 1834 3672 1938">
     <span class='ocr_line' id='line_1_34' title="bbox 2083 1834 3672 1938; baseline 0.004 -24"><span class='ocrx_word' id='word_1_241' title='bbox 2083 1859 2199 1915; x_wconf 81' lang='lat' dir='ltr'><strong>ﬁeri</strong></span> <span class='ocrx_word' id='word_1_242' title='bbox 2229 1863 2558 1933; x_wconf 73' lang='lat' dir='ltr'><strong>praecepisti,</strong></span> <span class='ocrx_word' id='word_1_243' title='bbox 2587 1861 2674 1919; x_wconf 82' lang='lat' dir='ltr'><strong>iac</strong></span> <span class='ocrx_word' id='word_1_244' title='bbox 2704 1880 2872 1931; x_wconf 90' lang='lat' dir='ltr'><strong>nunc,</strong></span> <span class='ocrx_word' id='word_1_245' title='bbox 2893 1881 2927 1920; x_wconf 96' lang='lat' dir='ltr'><strong>o</strong></span> <span class='ocrx_word' id='word_1_246' title='bbox 2952 1866 3199 1932; x_wconf 82' lang='lat' dir='ltr'><strong>Domine,</strong></span> <span class='ocrx_word' id='word_1_247' title='bbox 3230 1834 3485 1938; x_wconf 63' lang='lat' dir='ltr'><strong>tuamque</strong></span> <span class='ocrx_word' id='word_1_248' title='bbox 3515 1881 3672 1937; x_wconf 87' lang='lat' dir='ltr'><strong>opem</strong></span> 
     </span>
    </p>
   </div>
   <div class='ocr_carea' id='block_1_35' title="bbox 386 1950 1976 2027">
    <p class='ocr_par' dir='ltr' id='par_1_35' title="bbox 386 1950 1976 2027">
     <span class='ocr_line' id='line_1_35' title="bbox 386 1950 1976 2027; baseline -0.003 -17"><span class='ocrx_word' id='word_1_249' title='bbox 386 1956 550 2019; x_wconf 82' lang='grc' dir='ltr'>τάδος</span> <span class='ocrx_word' id='word_1_250' title='bbox 580 1955 774 2027; x_wconf 78' lang='grc' dir='ltr'>ῥοπῆς.</span> <span class='ocrx_word' id='word_1_251' title='bbox 812 1973 832 2008; x_wconf 78' lang='grc' dir='ltr'>ι</span> <span class='ocrx_word' id='word_1_252' title='bbox 875 1955 987 2009; x_wconf 63' lang='lat' dir='ltr'><strong>Kal</strong></span> <span class='ocrx_word' id='word_1_253' title='bbox 1038 1954 1336 2024; x_wconf 86' lang='grc' dir='ltr'>συναγωγὴ</span> <span class='ocrx_word' id='word_1_254' title='bbox 1365 1953 1514 2007; x_wconf 89' lang='grc' dir='ltr'>λαῶν</span> <span class='ocrx_word' id='word_1_255' title='bbox 1572 1950 1850 2006; x_wconf 79' lang='grc' dir='ltr'><strong>κυκλώσει</strong></span> <span class='ocrx_word' id='word_1_256' title='bbox 1894 1968 1976 2006; x_wconf 89' lang='grc' dir='ltr'><strong>σε.</strong></span> 
     </span>
    </p>
   </div>
   <div class='ocr_carea' id='block_1_36' title="bbox 390 2043 1980 2120">
    <p class='ocr_par' dir='ltr' id='par_1_36' title="bbox 390 2043 1980 2120">
     <span class='ocr_line' id='line_1_36' title="bbox 390 2043 1980 2120; baseline -0.004 -16"><span class='ocrx_word' id='word_1_257' title='bbox 390 2048 504 2104; x_wconf 78' lang='grc' dir='ltr'><strong>Καὶ</strong></span> <span class='ocrx_word' id='word_1_258' title='bbox 533 2047 678 2120; x_wconf 81' lang='grc' dir='ltr'>ὑπὲρ</span> <span class='ocrx_word' id='word_1_259' title='bbox 715 2046 926 2118; x_wconf 82' lang='grc' dir='ltr'>ταύτης</span> <span class='ocrx_word' id='word_1_260' title='bbox 962 2049 1043 2111; x_wconf 84' lang='grc' dir='ltr'>εἰς</span> <span class='ocrx_word' id='word_1_261' title='bbox 1082 2045 1216 2117; x_wconf 72' lang='grc' dir='ltr'>ὕψος</span> <span class='ocrx_word' id='word_1_262' title='bbox 1265 2044 1617 2118; x_wconf 83' lang='grc' dir='ltr'>ἐπίστρεψον.</span> <span class='ocrx_word' id='word_1_263' title='bbox 1684 2064 1703 2098; x_wconf 72' lang='grc' dir='ltr'><strong>ι</strong></span> <span class='ocrx_word' id='word_1_264' title='bbox 1760 2043 1980 2117; x_wconf 82' lang='grc' dir='ltr'>Ταύτης</span> 
     </span>
    </p>
   </div>
   <div class='ocr_carea' id='block_1_37' title="bbox 391 2134 1981 2211">
    <p class='ocr_par' dir='ltr' id='par_1_37' title="bbox 391 2134 1981 2211">
     <span class='ocr_line' id='line_1_37' title="bbox 391 2134 1981 2211; baseline -0.004 -16"><span class='ocrx_word' id='word_1_265' title='bbox 391 2140 502 2211; x_wconf 83' lang='grc' dir='ltr'>γάρ</span> <span class='ocrx_word' id='word_1_266' title='bbox 541 2156 638 2193; x_wconf 88' lang='grc' dir='ltr'>σου</span> <span class='ocrx_word' id='word_1_267' title='bbox 669 2141 772 2210; x_wconf 77' lang='grc' dir='ltr'>τῆς</span> <span class='ocrx_word' id='word_1_268' title='bbox 796 2137 1058 2210; x_wconf 77' lang='grc' dir='ltr'>προνοίας</span> <span class='ocrx_word' id='word_1_269' title='bbox 1089 2136 1420 2207; x_wconf 75' lang='grc' dir='ltr'>δειχθείσης,</span> <span class='ocrx_word' id='word_1_270' title='bbox 1454 2134 1697 2199; x_wconf 71' lang='grc' dir='ltr'>ἅπαντές</span> <span class='ocrx_word' id='word_1_271' title='bbox 1740 2151 1824 2188; x_wconf 89' lang='grc' dir='ltr'>σοι</span> <span class='ocrx_word' id='word_1_272' title='bbox 1852 2135 1981 2198; x_wconf 82' lang='grc' dir='ltr'>τοὺς</span> 
     </span>
    </p>
   </div>
   <div class='ocr_carea' id='block_1_38' title="bbox 389 2227 1978 2311">
    <p class='ocr_par' dir='ltr' id='par_1_38' title="bbox 389 2227 1978 2311">
     <span class='ocr_line' id='line_1_38' title="bbox 389 2227 1978 2311; baseline -0.004 -26"><span class='ocrx_word' id='word_1_273' title='bbox 389 2232 597 2304; x_wconf 75' lang='grc' dir='ltr'>ὕμνους</span> <span class='ocrx_word' id='word_1_274' title='bbox 628 2231 1006 2311; x_wconf 80' lang='grc' dir='ltr'>προσοίσουσι,</span> <span class='ocrx_word' id='word_1_275' title='bbox 1040 2230 1136 2284; x_wconf 75' lang='grc' dir='ltr'>καὶ</span> <span class='ocrx_word' id='word_1_276' title='bbox 1174 2228 1311 2283; x_wconf 84' lang='grc' dir='ltr'>Θεὸν</span> <span class='ocrx_word' id='word_1_277' title='bbox 1340 2227 1568 2299; x_wconf 79' lang='grc' dir='ltr'>ὕψιστον</span> <span class='ocrx_word' id='word_1_278' title='bbox 1600 2227 1978 2283; x_wconf 73' lang='grc' dir='ltr'>ἀποκαλέσουο</span> 
     </span>
    </p>
   </div>
   <div class='ocr_carea' id='block_1_39' title="bbox 388 2319 1981 2393">
    <p class='ocr_par' dir='ltr' id='par_1_39' title="bbox 388 2319 1981 2393">
     <span class='ocr_line' id='line_1_39' title="bbox 388 2319 1981 2393; baseline -0.004 -15"><span class='ocrx_word' id='word_1_279' title='bbox 388 2341 479 2378; x_wconf 87' lang='grc' dir='ltr'>σιν</span> <span class='ocrx_word' id='word_1_280' title='bbox 508 2325 578 2391; x_wconf 81' lang='grc'>⁸⁸,</span> <span class='ocrx_word' id='word_1_281' title='bbox 607 2322 644 2378; x_wconf 79' lang='grc' dir='ltr'>ἂ</span> <span class='ocrx_word' id='word_1_282' title='bbox 669 2340 731 2376; x_wconf 89' lang='grc' dir='ltr'><strong>τε</strong></span> <span class='ocrx_word' id='word_1_283' title='bbox 750 2323 814 2393; x_wconf 81' lang='grc' dir='ltr'>δὴ</span> <span class='ocrx_word' id='word_1_284' title='bbox 842 2323 1022 2377; x_wconf 77' lang='grc' dir='ltr'>πάντα</span> <span class='ocrx_word' id='word_1_285' title='bbox 1043 2320 1354 2392; x_wconf 79' lang='grc' dir='ltr'>ἐφορῶντα,</span> <span class='ocrx_word' id='word_1_286' title='bbox 1385 2322 1483 2375; x_wconf 78' lang='grc' dir='ltr'>καὶ</span> <span class='ocrx_word' id='word_1_287' title='bbox 1506 2322 1608 2392; x_wconf 87' lang='grc' dir='ltr'>τὴν</span> <span class='ocrx_word' id='word_1_288' title='bbox 1637 2320 1800 2385; x_wconf 80' lang='grc' dir='ltr'>ἀξίαν</span> <span class='ocrx_word' id='word_1_289' title='bbox 1821 2319 1981 2390; x_wconf 87' lang='grc' dir='ltr'>δίκην</span> 
     </span>
    </p>
   </div>
   <div class='ocr_carea' id='block_1_40' title="bbox 385 2409 1984 2483">
    <p class='ocr_par' dir='ltr' id='par_1_40' title="bbox 385 2409 1984 2483">
     <span class='ocr_line' id='line_1_40' title="bbox 385 2409 1984 2483; baseline -0.002 -16"><span class='ocrx_word' id='word_1_290' title='bbox 385 2417 507 2478; x_wconf 82' lang='grc' dir='ltr'>τοῖς</span> <span class='ocrx_word' id='word_1_291' title='bbox 538 2412 824 2469; x_wconf 75' lang='grc' dir='ltr'>ἀδικοῦσιν</span> <span class='ocrx_word' id='word_1_292' title='bbox 881 2412 1220 2468; x_wconf 72' lang='grc' dir='ltr'>ἐπιτιθέντα.</span> <span class='ocrx_word' id='word_1_293' title='bbox 1253 2412 1329 2465; x_wconf 87' lang='grc' dir='ltr'><strong>Τὸ</strong></span> <span class='ocrx_word' id='word_1_294' title='bbox 1360 2412 1492 2483; x_wconf 85' lang='grc' dir='ltr'>γὰρ,</span> <span class='ocrx_word' id='word_1_295' title='bbox 1528 2430 1547 2463; x_wconf 79' lang='grc' dir='ltr'>ι</span> <span class='ocrx_word' id='word_1_296' title='bbox 1584 2413 1675 2480; x_wconf 78' lang='grc' dir='ltr'><strong>είς</strong></span> <span class='ocrx_word' id='word_1_297' title='bbox 1697 2410 1830 2482; x_wconf 76' lang='grc' dir='ltr'>ὕψος</span> <span class='ocrx_word' id='word_1_298' title='bbox 1862 2409 1984 2466; x_wconf 83' lang='grc' dir='ltr'>ἐπί-</span> 
     </span>
    </p>
   </div>
   <div class='ocr_carea' id='block_1_41' title="bbox 388 2503 1981 2579">
    <p class='ocr_par' dir='ltr' id='par_1_41' title="bbox 388 2503 1981 2579">
     <span class='ocr_line' id='line_1_41' title="bbox 388 2503 1981 2579; baseline -0.001 -20"><span class='ocrx_word' id='word_1_299' title='bbox 388 2506 647 2579; x_wconf 82' lang='grc' dir='ltr'>στρεψον,</span> <span class='ocrx_word' id='word_1_300' title='bbox 687 2527 706 2560; x_wconf 76' lang='grc' dir='ltr'>ι</span> <span class='ocrx_word' id='word_1_301' title='bbox 738 2507 861 2561; x_wconf 78' lang='grc' dir='ltr'>ἀντὶ</span> <span class='ocrx_word' id='word_1_302' title='bbox 889 2504 1008 2572; x_wconf 84' lang='grc' dir='ltr'>τοῦ,</span> <span class='ocrx_word' id='word_1_303' title='bbox 1035 2504 1263 2576; x_wconf 81' lang='grc' dir='ltr'>ὕψιστος</span> <span class='ocrx_word' id='word_1_304' title='bbox 1295 2504 1373 2559; x_wconf 83' lang='grc' dir='ltr'>ὢν</span> <span class='ocrx_word' id='word_1_305' title='bbox 1395 2505 1580 2576; x_wconf 78' lang='grc' dir='ltr'>φύσει,</span> <span class='ocrx_word' id='word_1_306' title='bbox 1605 2503 1759 2578; x_wconf 83' lang='grc' dir='ltr'>παρὰ</span> <span class='ocrx_word' id='word_1_307' title='bbox 1782 2504 1841 2559; x_wconf 81' lang='grc' dir='ltr'>δὲ</span> <span class='ocrx_word' id='word_1_308' title='bbox 1864 2506 1981 2569; x_wconf 82' lang='grc' dir='ltr'>τοῖς</span> 
     </span>
    </p>
   </div>
   <div class='ocr_carea' id='block_1_42' title="bbox 388 2598 1983 2675">
    <p class='ocr_par' dir='ltr' id='par_1_42' title="bbox 388 2598 1983 2675">
     <span class='ocr_line' id='line_1_42' title="bbox 388 2598 1983 2675; baseline -0.002 -19"><span class='ocrx_word' id='word_1_309' title='bbox 388 2601 609 2666; x_wconf 85' lang='grc' dir='ltr'>πολλοῖς</span> <span class='ocrx_word' id='word_1_310' title='bbox 654 2601 1045 2675; x_wconf 82' lang='grc' dir='ltr'>ἀγνοούμενος,</span> <span class='ocrx_word' id='word_1_311' title='bbox 1103 2601 1348 2673; x_wconf 85' lang='grc' dir='ltr'>δείχθητι</span> <span class='ocrx_word' id='word_1_312' title='bbox 1399 2601 1539 2672; x_wconf 83' lang='grc' dir='ltr'>ὅπερ</span> <span class='ocrx_word' id='word_1_313' title='bbox 1593 2600 1865 2671; x_wconf 83' lang='grc' dir='ltr'>ὑπάρχεις</span> <span class='ocrx_word' id='word_1_314' title='bbox 1892 2598 1983 2653; x_wconf 81' lang='grc' dir='ltr'>διὰ</span> 
     </span>
    </p>
   </div>
   <div class='ocr_carea' id='block_1_43' title="bbox 386 2687 1982 2767">
    <p class='ocr_par' dir='ltr' id='par_1_43' title="bbox 386 2687 1982 2767">
     <span class='ocr_line' id='line_1_43' title="bbox 386 2687 1982 2767; baseline -0.002 -19"><span class='ocrx_word' id='word_1_315' title='bbox 386 2692 494 2763; x_wconf 82' lang='grc' dir='ltr'>τῆς</span> <span class='ocrx_word' id='word_1_316' title='bbox 522 2694 653 2766; x_wconf 83' lang='grc' dir='ltr'>περὶ</span> <span class='ocrx_word' id='word_1_317' title='bbox 677 2695 810 2760; x_wconf 87' lang='grc' dir='ltr'>τοὺς</span> <span class='ocrx_word' id='word_1_318' title='bbox 856 2694 1259 2767; x_wconf 79' lang='grc' dir='ltr'><strong>ἀδικουμένους</strong></span> <span class='ocrx_word' id='word_1_319' title='bbox 1290 2692 1644 2765; x_wconf 81' lang='grc' dir='ltr'>κηδεμονίας.</span> <span class='ocrx_word' id='word_1_320' title='bbox 1683 2687 1817 2747; x_wconf 80' lang='grc' dir='ltr'>Εἶτα</span> <span class='ocrx_word' id='word_1_321' title='bbox 1846 2707 1982 2762; x_wconf 90' lang='grc' dir='ltr'>προ-</span> 
     </span>
    </p>
   </div>
   <div class='ocr_carea' id='block_1_44' title="bbox 390 2803 668 2858">
    <p class='ocr_par' dir='ltr' id='par_1_44' title="bbox 390 2803 668 2858">
     <span class='ocr_line' id='line_1_44' title="bbox 390 2803 668 2858; baseline -0.004 -16"><span class='ocrx_word' id='word_1_322' title='bbox 390 2803 668 2858; x_wconf 72' lang='grc' dir='ltr'>φητικωςο</span> 
     </span>
    </p>
   </div>
   <div class='ocr_carea' id='block_1_45' title="bbox 473 2966 1981 3041">
    <p class='ocr_par' dir='ltr' id='par_1_45' title="bbox 473 2966 1981 3041">
     <span class='ocr_line' id='line_1_45' title="bbox 473 2966 1981 3041; baseline -0.002 -19"><span class='ocrx_word' id='word_1_323' title='bbox 473 2969 541 3025; x_wconf 86' lang='grc' dir='ltr'>θ’.</span> <span class='ocrx_word' id='word_1_324' title='bbox 576 2986 596 3021; x_wconf 76' lang='grc' dir='ltr'><strong>ι</strong></span> <span class='ocrx_word' id='word_1_325' title='bbox 630 2967 830 3041; x_wconf 82' lang='grc' dir='ltr'>Κύριος</span> <span class='ocrx_word' id='word_1_326' title='bbox 860 2970 1044 3039; x_wconf 79' lang='grc' dir='ltr'>κρινεῖ</span> <span class='ocrx_word' id='word_1_327' title='bbox 1085 2967 1270 3032; x_wconf 87' lang='grc' dir='ltr'>λαούς.</span> <span class='ocrx_word' id='word_1_328' title='bbox 1310 2987 1329 3017; x_wconf 74' lang='grc' dir='ltr'><strong>ι</strong></span> <span class='ocrx_word' id='word_1_329' title='bbox 1372 2967 1448 3021; x_wconf 84' lang='grc' dir='ltr'>Ού</span> <span class='ocrx_word' id='word_1_330' title='bbox 1498 2966 1608 3040; x_wconf 79' lang='grc' dir='ltr'>γὰρ</span> <span class='ocrx_word' id='word_1_331' title='bbox 1668 2967 1833 3039; x_wconf 88' lang='grc' dir='ltr'>μόνον</span> <span class='ocrx_word' id='word_1_332' title='bbox 1880 2966 1981 3037; x_wconf 86' lang='grc' dir='ltr'>τὴν</span> 
     </span>
    </p>
   </div>
   <div class='ocr_carea' id='block_1_46' title="bbox 395 3057 1983 3134">
    <p class='ocr_par' dir='ltr' id='par_1_46' title="bbox 395 3057 1983 3134">
     <span class='ocr_line' id='line_1_46' title="bbox 395 3057 1983 3134; baseline -0.002 -19"><span class='ocrx_word' id='word_1_333' title='bbox 395 3061 541 3134; x_wconf 73' lang='grc' dir='ltr'>ἐμὴν</span> <span class='ocrx_word' id='word_1_334' title='bbox 571 3060 725 3132; x_wconf 89' lang='grc' dir='ltr'>δίκην</span> <span class='ocrx_word' id='word_1_335' title='bbox 752 3060 991 3125; x_wconf 80' lang='grc' dir='ltr'>δικάσει,</span> <span class='ocrx_word' id='word_1_336' title='bbox 1026 3060 1166 3115; x_wconf 74' lang='grc' dir='ltr'>ἀλλὰ</span> <span class='ocrx_word' id='word_1_337' title='bbox 1189 3060 1286 3115; x_wconf 80' lang='grc' dir='ltr'>καὶ</span> <span class='ocrx_word' id='word_1_338' title='bbox 1318 3059 1476 3132; x_wconf 80' lang='grc' dir='ltr'>πάσῃ</span> <span class='ocrx_word' id='word_1_339' title='bbox 1524 3060 1594 3131; x_wconf 83' lang='grc' dir='ltr'>τῇ</span> <span class='ocrx_word' id='word_1_340' title='bbox 1622 3058 1734 3112; x_wconf 88' lang='grc' dir='ltr'><strong>τῶν</strong></span> <span class='ocrx_word' id='word_1_341' title='bbox 1768 3057 1983 3129; x_wconf 81' lang='grc' dir='ltr'>ἀνθρὼ-</span> 
     </span>
    </p>
   </div>
   <div class='ocr_carea' id='block_1_47' title="bbox 2082 1950 3675 2029">
    <p class='ocr_par' dir='ltr' id='par_1_47' title="bbox 2082 1950 3675 2029">
     <span class='ocr_line' id='line_1_47' title="bbox 2082 1950 3675 2029; baseline 0.006 -25"><span class='ocrx_word' id='word_1_342' title='bbox 2082 1950 2217 2005; x_wconf 90' lang='lat' dir='ltr'><strong>mihi</strong></span> <span class='ocrx_word' id='word_1_343' title='bbox 2264 1952 2567 2022; x_wconf 88' lang='lat' dir='ltr'><strong>impertias.</strong></span> <span class='ocrx_word' id='word_1_344' title='bbox 2607 1972 2626 2006; x_wconf 78' lang='grc' dir='ltr'>ι</span> <span class='ocrx_word' id='word_1_345' title='bbox 2659 1953 2725 2009; x_wconf 85' lang='grc' dir='ltr'>Ει</span> <span class='ocrx_word' id='word_1_346' title='bbox 2755 1970 3042 2029; x_wconf 83' lang='lat' dir='ltr'><strong>synagoga</strong></span> <span class='ocrx_word' id='word_1_347' title='bbox 3072 1957 3401 2028; x_wconf 88' lang='lat' dir='ltr'><strong>populorum</strong></span> <span class='ocrx_word' id='word_1_348' title='bbox 3434 1957 3675 2014; x_wconf 86' lang='lat' dir='ltr'><strong>circum-</strong></span> 
     </span>
    </p>
   </div>
   <div class='ocr_carea' id='block_1_48' title="bbox 2081 2042 3669 2121">
    <p class='ocr_par' dir='ltr' id='par_1_48' title="bbox 2081 2042 3669 2121">
     <span class='ocr_line' id='line_1_48' title="bbox 2081 2042 3669 2121; baseline 0.003 -23"><span class='ocrx_word' id='word_1_349' title='bbox 2081 2042 2236 2099; x_wconf 86' lang='lat' dir='ltr'><strong>dabit</strong></span> <span class='ocrx_word' id='word_1_350' title='bbox 2292 2055 2365 2100; x_wconf 89' lang='lat' dir='ltr'><strong>te.</strong></span> <span class='ocrx_word' id='word_1_351' title='bbox 2416 2044 2484 2101; x_wconf 85' lang='lat' dir='ltr'><strong>Et</strong></span> <span class='ocrx_word' id='word_1_352' title='bbox 2538 2056 2759 2118; x_wconf 84' lang='lat' dir='ltr'><strong>propter</strong></span> <span class='ocrx_word' id='word_1_353' title='bbox 2810 2048 2956 2104; x_wconf 84' lang='lat' dir='ltr'><strong>hanc</strong></span> <span class='ocrx_word' id='word_1_354' title='bbox 2988 2048 3042 2103; x_wconf 91' lang='lat' dir='ltr'><strong>in</strong></span> <span class='ocrx_word' id='word_1_355' title='bbox 3073 2050 3243 2104; x_wconf 88' lang='lat' dir='ltr'><strong>altum</strong></span> <span class='ocrx_word' id='word_1_356' title='bbox 3293 2050 3603 2121; x_wconf 86' lang='lat' dir='ltr'><strong>regredere.</strong></span> <span class='ocrx_word' id='word_1_357' title='bbox 3649 2068 3669 2103; x_wconf 77' lang='grc' dir='ltr'>ι</span> 
     </span>
    </p>
   </div>
   <div class='ocr_carea' id='block_1_49' title="bbox 2083 2136 3675 2216">
    <p class='ocr_par' dir='ltr' id='par_1_49' title="bbox 2083 2136 3675 2216">
     <span class='ocr_line' id='line_1_49' title="bbox 2083 2136 3675 2216; baseline 0.004 -24"><span class='ocrx_word' id='word_1_358' title='bbox 2083 2136 2297 2193; x_wconf 88' lang='lat' dir='ltr'><strong>Etenim</strong></span> <span class='ocrx_word' id='word_1_359' title='bbox 2352 2154 2482 2194; x_wconf 91' lang='lat' dir='ltr'><strong>cum</strong></span> <span class='ocrx_word' id='word_1_360' title='bbox 2537 2140 2678 2196; x_wconf 74' lang='lat' dir='ltr'><strong>lianc</strong></span> <span class='ocrx_word' id='word_1_361' title='bbox 2728 2149 2873 2197; x_wconf 90' lang='lat' dir='ltr'><strong>tuam</strong></span> <span class='ocrx_word' id='word_1_362' title='bbox 2914 2141 3307 2210; x_wconf 83' lang='lat' dir='ltr'><strong>providentiam</strong></span> <span class='ocrx_word' id='word_1_363' title='bbox 3342 2143 3675 2216; x_wconf 82' lang='lat' dir='ltr'><strong>ostenderis,</strong></span> 
     </span>
    </p>
   </div>
   <div class='ocr_carea' id='block_1_50' title="bbox 2082 2229 3673 2303">
    <p class='ocr_par' dir='ltr' id='par_1_50' title="bbox 2082 2229 3673 2303">
     <span class='ocr_line' id='line_1_50' title="bbox 2082 2229 3673 2303; baseline 0.003 -20"><span class='ocrx_word' id='word_1_364' title='bbox 2082 2241 2277 2285; x_wconf 85' lang='lat' dir='ltr'><strong>omnes</strong></span> <span class='ocrx_word' id='word_1_365' title='bbox 2314 2229 2550 2301; x_wconf 84' lang='lat' dir='ltr'><strong>hymnos</strong></span> <span class='ocrx_word' id='word_1_366' title='bbox 2603 2229 2833 2287; x_wconf 80' lang='lat' dir='ltr'><strong>oﬂ&#39;erent</strong></span> <span class='ocrx_word' id='word_1_367' title='bbox 2877 2231 2994 2298; x_wconf 88' lang='lat' dir='ltr'><strong>tibi,</strong></span> <span class='ocrx_word' id='word_1_368' title='bbox 3031 2230 3311 2303; x_wconf 88' lang='lat' dir='ltr'><strong>Deumque</strong></span> <span class='ocrx_word' id='word_1_369' title='bbox 3341 2233 3673 2289; x_wconf 89' lang='lat' dir='ltr'><strong>altissimum</strong></span> 
     </span>
    </p>
   </div>
   <div class='ocr_carea' id='block_1_51' title="bbox 2082 2322 3670 2399">
    <p class='ocr_par' dir='ltr' id='par_1_51' title="bbox 2082 2322 3670 2399">
     <span class='ocr_line' id='line_1_51' title="bbox 2082 2322 3670 2399; baseline 0.003 -23"><span class='ocrx_word' id='word_1_370' title='bbox 2082 2329 2138 2377; x_wconf 88' lang='lat' dir='ltr'><strong>te</strong></span> <span class='ocrx_word' id='word_1_371' title='bbox 2170 2322 2585 2394; x_wconf 90' lang='lat' dir='ltr'><strong>nuncupabunt,</strong></span> <span class='ocrx_word' id='word_1_372' title='bbox 2619 2332 2679 2379; x_wconf 93' lang='lat' dir='ltr'><strong>ut</strong></span> <span class='ocrx_word' id='word_1_373' title='bbox 2706 2322 2871 2395; x_wconf 67' lang='grc'><strong>64⁵1</strong></span> <span class='ocrx_word' id='word_1_374' title='bbox 2899 2325 3082 2379; x_wconf 89' lang='lat' dir='ltr'><strong>omnia</strong></span> <span class='ocrx_word' id='word_1_375' title='bbox 3111 2324 3554 2399; x_wconf 74' lang='lat' dir='ltr'><strong>prospicientem,</strong></span> <span class='ocrx_word' id='word_1_376' title='bbox 3586 2325 3670 2382; x_wconf 90' lang='lat' dir='ltr'><strong>di-</strong></span> 
     </span>
    </p>
   </div>
   <div class='ocr_carea' id='block_1_52' title="bbox 2083 2414 3672 2487">
    <p class='ocr_par' dir='ltr' id='par_1_52' title="bbox 2083 2414 3672 2487">
     <span class='ocr_line' id='line_1_52' title="bbox 2083 2414 3672 2487; baseline 0.003 -21"><span class='ocrx_word' id='word_1_377' title='bbox 2083 2428 2359 2485; x_wconf 88' lang='lat' dir='ltr'><strong>gnamque</strong></span> <span class='ocrx_word' id='word_1_378' title='bbox 2411 2428 2628 2485; x_wconf 65' lang='lat' dir='ltr'><strong>poenam</strong></span> <span class='ocrx_word' id='word_1_379' title='bbox 2670 2414 3118 2486; x_wconf 83' lang='lat' dir='ltr'><strong>delinquentibus</strong></span> <span class='ocrx_word' id='word_1_380' title='bbox 3148 2417 3504 2487; x_wconf 83' lang='lat' dir='ltr'><strong>irrogantem.</strong></span> <span class='ocrx_word' id='word_1_381' title='bbox 3533 2415 3672 2471; x_wconf 82' lang='lat' dir='ltr'><strong>Nam</strong></span> 
     </span>
    </p>
   </div>
   <div class='ocr_carea' id='block_1_53' title="bbox 2090 2504 3673 2579">
    <p class='ocr_par' dir='ltr' id='par_1_53' title="bbox 2090 2504 3673 2579">
     <span class='ocr_line' id='line_1_53' title="bbox 2090 2504 3673 2579; baseline 0.004 -23"><span class='ocrx_word' id='word_1_382' title='bbox 2090 2524 2111 2556; x_wconf 72' lang='grc' dir='ltr'><em>ς</em></span> <span class='ocrx_word' id='word_1_383' title='bbox 2148 2504 2435 2575; x_wconf 84' lang='lat' dir='ltr'><strong>regredere</strong></span> <span class='ocrx_word' id='word_1_384' title='bbox 2474 2505 2530 2560; x_wconf 91' lang='lat' dir='ltr'><strong>in</strong></span> <span class='ocrx_word' id='word_1_385' title='bbox 2570 2506 2765 2573; x_wconf 88' lang='lat' dir='ltr'><strong>altum,</strong></span> <span class='ocrx_word' id='word_1_386' title='bbox 2798 2523 2818 2558; x_wconf 73' lang='grc' dir='ltr'>ι</span> <span class='ocrx_word' id='word_1_387' title='bbox 2855 2505 3002 2561; x_wconf 89' lang='lat' dir='ltr'><strong>idem</strong></span> <span class='ocrx_word' id='word_1_388' title='bbox 3022 2514 3108 2562; x_wconf 89' lang='lat' dir='ltr'><strong>est</strong></span> <span class='ocrx_word' id='word_1_389' title='bbox 3130 2507 3301 2579; x_wconf 90' lang='lat' dir='ltr'><strong>quod,</strong></span> <span class='ocrx_word' id='word_1_390' title='bbox 3324 2522 3451 2563; x_wconf 91' lang='lat' dir='ltr'><strong>cum</strong></span> <span class='ocrx_word' id='word_1_391' title='bbox 3475 2516 3673 2562; x_wconf 88' lang='lat' dir='ltr'><strong>natura</strong></span> 
     </span>
    </p>
   </div>
   <div class='ocr_carea' id='block_1_54' title="bbox 2083 2594 3669 2670">
    <p class='ocr_par' dir='ltr' id='par_1_54' title="bbox 2083 2594 3669 2670">
     <span class='ocr_line' id='line_1_54' title="bbox 2083 2594 3669 2670; baseline 0.003 -18"><span class='ocrx_word' id='word_1_392' title='bbox 2083 2594 2390 2653; x_wconf 86' lang='lat' dir='ltr'><strong>altissimus</strong></span> <span class='ocrx_word' id='word_1_393' title='bbox 2444 2596 2543 2662; x_wconf 90' lang='lat' dir='ltr'><strong>sis,</strong></span> <span class='ocrx_word' id='word_1_394' title='bbox 2592 2598 2735 2668; x_wconf 90' lang='lat' dir='ltr'><strong>apud</strong></span> <span class='ocrx_word' id='word_1_395' title='bbox 2786 2597 2992 2655; x_wconf 90' lang='lat' dir='ltr'><strong>multos</strong></span> <span class='ocrx_word' id='word_1_396' title='bbox 3033 2612 3163 2654; x_wconf 88' lang='lat' dir='ltr'><strong>vero</strong></span> <span class='ocrx_word' id='word_1_397' title='bbox 3200 2599 3539 2670; x_wconf 85' lang='lat' dir='ltr'><strong>incognitus,</strong></span> <span class='ocrx_word' id='word_1_398' title='bbox 3577 2613 3669 2657; x_wconf 90' lang='lat' dir='ltr'><strong>os-</strong></span> 
     </span>
    </p>
   </div>
   <div class='ocr_carea' id='block_1_55' title="bbox 2086 2685 3671 2765">
    <p class='ocr_par' dir='ltr' id='par_1_55' title="bbox 2086 2685 3671 2765">
     <span class='ocr_line' id='line_1_55' title="bbox 2086 2685 3671 2765; baseline 0.003 -19"><span class='ocrx_word' id='word_1_399' title='bbox 2086 2691 2246 2747; x_wconf 85' lang='lat' dir='ltr'><strong>tende</strong></span> <span class='ocrx_word' id='word_1_400' title='bbox 2279 2692 2427 2763; x_wconf 89' lang='lat' dir='ltr'><strong>qnod</strong></span> <span class='ocrx_word' id='word_1_401' title='bbox 2456 2706 2538 2758; x_wconf 90' lang='lat' dir='ltr'><strong>es,</strong></span> <span class='ocrx_word' id='word_1_402' title='bbox 2590 2707 2689 2763; x_wconf 90' lang='lat' dir='ltr'><strong>per</strong></span> <span class='ocrx_word' id='word_1_403' title='bbox 2732 2685 3180 2760; x_wconf 87' lang='lat' dir='ltr'><strong>sollicitudinem,</strong></span> <span class='ocrx_word' id='word_1_404' title='bbox 3214 2710 3379 2765; x_wconf 87' lang='lat' dir='ltr'><strong>quam</strong></span> <span class='ocrx_word' id='word_1_405' title='bbox 3415 2695 3560 2751; x_wconf 90' lang='lat' dir='ltr'><strong>circa</strong></span> <span class='ocrx_word' id='word_1_406' title='bbox 3589 2696 3671 2750; x_wconf 87' lang='lat' dir='ltr'><strong>in-</strong></span> 
     </span>
    </p>
   </div>
   <div class='ocr_carea' id='block_1_56' title="bbox 2080 2779 3674 2849">
    <p class='ocr_par' dir='ltr' id='par_1_56' title="bbox 2080 2779 3674 2849">
     <span class='ocr_line' id='line_1_56' title="bbox 2080 2779 3674 2849; baseline 0.004 -16"><span class='ocrx_word' id='word_1_407' title='bbox 2080 2779 2227 2849; x_wconf 86' lang='lat' dir='ltr'><strong>juria</strong></span> <span class='ocrx_word' id='word_1_408' title='bbox 2261 2779 2486 2838; x_wconf 80' lang='lat' dir='ltr'><strong>aﬂ’ectos</strong></span> <span class='ocrx_word' id='word_1_409' title='bbox 2518 2780 2709 2838; x_wconf 84' lang='lat' dir='ltr'><strong>babes.</strong></span> <span class='ocrx_word' id='word_1_410' title='bbox 2744 2779 2950 2837; x_wconf 92' lang='lat' dir='ltr'><strong>Deinde</strong></span> <span class='ocrx_word' id='word_1_411' title='bbox 2976 2781 3325 2839; x_wconf 83' lang='lat' dir='ltr'><strong>vaticinantis</strong></span> <span class='ocrx_word' id='word_1_412' title='bbox 3359 2797 3513 2840; x_wconf 90' lang='lat' dir='ltr'><strong>more</strong></span> <span class='ocrx_word' id='word_1_413' title='bbox 3541 2785 3674 2840; x_wconf 86' lang='lat' dir='ltr'><strong>sub-</strong></span> 
     </span>
    </p>
   </div>
   <div class='ocr_carea' id='block_1_57' title="bbox 2079 2867 2304 2940">
    <p class='ocr_par' dir='ltr' id='par_1_57' title="bbox 2079 2867 2304 2940">
     <span class='ocr_line' id='line_1_57' title="bbox 2079 2867 2304 2940; baseline 0 -17"><span class='ocrx_word' id='word_1_414' title='bbox 2079 2867 2263 2940; x_wconf 78' lang='lat' dir='ltr'><strong>iungit</strong></span> <span class='ocrx_word' id='word_1_415' title='bbox 2291 2886 2304 2923; x_wconf 92' lang='lat'><strong>:</strong></span> 
     </span>
    </p>
   </div>
   <div class='ocr_carea' id='block_1_58' title="bbox 2158 2956 3671 3035">
    <p class='ocr_par' dir='ltr' id='par_1_58' title="bbox 2158 2956 3671 3035">
     <span class='ocr_line' id='line_1_58' title="bbox 2158 2956 3671 3035; baseline 0.004 -23"><span class='ocrx_word' id='word_1_416' title='bbox 2158 2956 2323 3035; x_wconf 67' lang='lat' dir='ltr'><strong>Vsus.</strong></span> <span class='ocrx_word' id='word_1_417' title='bbox 2375 2957 2430 3015; x_wconf 90' lang='lat'><strong>9.</strong></span> <span class='ocrx_word' id='word_1_418' title='bbox 2487 2979 2504 3012; x_wconf 82' lang='grc' dir='ltr'>ι</span> <span class='ocrx_word' id='word_1_419' title='bbox 2550 2959 2814 3020; x_wconf 88' lang='lat' dir='ltr'><strong>Dominus</strong></span> <span class='ocrx_word' id='word_1_420' title='bbox 2869 2963 3138 3034; x_wconf 80' lang='lat' dir='ltr'><strong>iudicabit</strong></span> <span class='ocrx_word' id='word_1_421' title='bbox 3193 2963 3446 3034; x_wconf 91' lang='lat' dir='ltr'><strong>populos.</strong></span> <span class='ocrx_word' id='word_1_422' title='bbox 3487 2981 3507 3014; x_wconf 76' lang='grc' dir='ltr'>ι</span> <span class='ocrx_word' id='word_1_423' title='bbox 3548 2960 3671 3018; x_wconf 83' lang='grc' dir='ltr'>Νοη</span> 
     </span>
    </p>
   </div>
   <div class='ocr_carea' id='block_1_59' title="bbox 2085 3049 3675 3127">
    <p class='ocr_par' dir='ltr' id='par_1_59' title="bbox 2085 3049 3675 3127">
     <span class='ocr_line' id='line_1_59' title="bbox 2085 3049 3675 3127; baseline 0.003 -22"><span class='ocrx_word' id='word_1_424' title='bbox 2085 3049 2265 3106; x_wconf 90' lang='lat' dir='ltr'><strong>solum</strong></span> <span class='ocrx_word' id='word_1_425' title='bbox 2302 3066 2481 3108; x_wconf 88' lang='lat' dir='ltr'><strong>meam</strong></span> <span class='ocrx_word' id='word_1_426' title='bbox 2516 3068 2745 3111; x_wconf 86' lang='lat' dir='ltr'><strong>causam</strong></span> <span class='ocrx_word' id='word_1_427' title='bbox 2772 3055 3063 3127; x_wconf 87' lang='lat' dir='ltr'><strong>judicabit.</strong></span> <span class='ocrx_word' id='word_1_428' title='bbox 3112 3070 3300 3112; x_wconf 89' lang='lat' dir='ltr'><strong>verum</strong></span> <span class='ocrx_word' id='word_1_429' title='bbox 3338 3056 3503 3111; x_wconf 86' lang='lat' dir='ltr'><strong>etiam</strong></span> <span class='ocrx_word' id='word_1_430' title='bbox 3547 3055 3675 3110; x_wconf 83' lang='lat' dir='ltr'><strong>uni-</strong></span> 
     </span>
    </p>
   </div>
   <div class='ocr_carea' id='block_1_60' title="bbox 396 3144 1981 3244">
    <p class='ocr_par' dir='ltr' id='par_1_60' title="bbox 396 3148 1981 3224">
     <span class='ocr_line' id='line_1_60' title="bbox 396 3148 1981 3224; baseline -0.002 -17"><span class='ocrx_word' id='word_1_431' title='bbox 396 3168 515 3208; x_wconf 85' lang='grc' dir='ltr'><strong>πων</strong></span> <span class='ocrx_word' id='word_1_432' title='bbox 548 3150 732 3222; x_wconf 84' lang='grc' dir='ltr'>φύσει.</span> <span class='ocrx_word' id='word_1_433' title='bbox 770 3169 790 3204; x_wconf 80' lang='grc' dir='ltr'>ι</span> <span class='ocrx_word' id='word_1_434' title='bbox 820 3151 1027 3224; x_wconf 84' lang='grc' dir='ltr'>Κρῖνόν</span> <span class='ocrx_word' id='word_1_435' title='bbox 1056 3168 1127 3223; x_wconf 89' lang='grc' dir='ltr'><strong>με</strong></span> <span class='ocrx_word' id='word_1_436' title='bbox 1150 3152 1220 3217; x_wconf 77' lang='grc'><strong>⁸⁸,</strong></span> <span class='ocrx_word' id='word_1_437' title='bbox 1259 3149 1455 3222; x_wconf 85' lang='grc' dir='ltr'>Κύριε,</span> <span class='ocrx_word' id='word_1_438' title='bbox 1483 3150 1629 3206; x_wconf 84' lang='grc' dir='ltr'>κατὰ</span> <span class='ocrx_word' id='word_1_439' title='bbox 1658 3148 1757 3222; x_wconf 76' lang='grc' dir='ltr'><strong>τὴν</strong></span> <span class='ocrx_word' id='word_1_440' title='bbox 1773 3150 1981 3205; x_wconf 89' lang='grc' dir='ltr'>δικαιο-</span> 
     </span>
    </p>
   </div>
   <div class='ocr_carea' id='block_1_61' title="bbox 2083 3144 3676 3244">
    <p class='ocr_par' dir='ltr' id='par_1_61' title="bbox 2085 3144 3676 3216">
     <span class='ocr_line' id='line_1_61' title="bbox 2085 3144 3676 3216; baseline 0.006 -22"><span class='ocrx_word' id='word_1_441' title='bbox 2085 3155 2259 3198; x_wconf 72' lang='lat' dir='ltr'><strong>versa:</strong></span> <span class='ocrx_word' id='word_1_442' title='bbox 2294 3144 2580 3201; x_wconf 85' lang='lat' dir='ltr'><strong>hominum</strong></span> <span class='ocrx_word' id='word_1_443' title='bbox 2614 3154 2844 3203; x_wconf 63' lang='lat' dir='ltr'><strong>naturae.</strong></span> <span class='ocrx_word' id='word_1_444' title='bbox 2882 3166 2900 3201; x_wconf 83' lang='grc' dir='ltr'>ι</span> <span class='ocrx_word' id='word_1_445' title='bbox 2939 3149 3135 3206; x_wconf 79' lang='lat' dir='ltr'><strong>Judica</strong></span> <span class='ocrx_word' id='word_1_446' title='bbox 3162 3164 3273 3216; x_wconf 87' lang='lat' dir='ltr'><strong>me,</strong></span> <span class='ocrx_word' id='word_1_447' title='bbox 3308 3147 3559 3214; x_wconf 88' lang='lat' dir='ltr'><strong>Domine,</strong></span> <span class='ocrx_word' id='word_1_448' title='bbox 3585 3161 3676 3204; x_wconf 88' lang='lat' dir='ltr'><strong>se-</strong></span> 
     </span>
    </p>
   </div>
   <div class='ocr_carea' id='block_1_62' title="bbox 393 3240 1978 3317">
    <p class='ocr_par' dir='ltr' id='par_1_62' title="bbox 393 3240 1978 3317">
     <span class='ocr_line' id='line_1_62' title="bbox 393 3240 1978 3317; baseline -0.002 -19"><span class='ocrx_word' id='word_1_449' title='bbox 393 3243 565 3317; x_wconf 86' lang='grc' dir='ltr'>σύνην</span> <span class='ocrx_word' id='word_1_450' title='bbox 597 3261 724 3315; x_wconf 89' lang='grc' dir='ltr'>μου,</span> <span class='ocrx_word' id='word_1_451' title='bbox 758 3243 854 3299; x_wconf 85' lang='grc' dir='ltr'>καὶ</span> <span class='ocrx_word' id='word_1_452' title='bbox 888 3244 1032 3298; x_wconf 81' lang='grc' dir='ltr'>κατὰ</span> <span class='ocrx_word' id='word_1_453' title='bbox 1061 3242 1161 3315; x_wconf 81' lang='grc' dir='ltr'>τὴν</span> <span class='ocrx_word' id='word_1_454' title='bbox 1199 3242 1441 3297; x_wconf 86' lang='grc' dir='ltr'>ἀκακίαν</span> <span class='ocrx_word' id='word_1_455' title='bbox 1489 3259 1595 3313; x_wconf 89' lang='grc' dir='ltr'><strong>μου</strong></span> <span class='ocrx_word' id='word_1_456' title='bbox 1622 3242 1711 3295; x_wconf 83' lang='grc' dir='ltr'>ἐπ’</span> <span class='ocrx_word' id='word_1_457' title='bbox 1750 3240 1898 3314; x_wconf 85' lang='grc' dir='ltr'>ἐμοί.</span> <span class='ocrx_word' id='word_1_458' title='bbox 1957 3259 1978 3295; x_wconf 72' lang='grc' dir='ltr'><strong>ι</strong></span> 
     </span>
    </p>
   </div>
   <div class='ocr_carea' id='block_1_63' title="bbox 393 3332 1987 3405">
    <p class='ocr_par' dir='ltr' id='par_1_63' title="bbox 393 3332 1987 3405">
     <span class='ocr_line' id='line_1_63' title="bbox 393 3332 1987 3405; baseline 0 -17"><span class='ocrx_word' id='word_1_459' title='bbox 393 3335 470 3388; x_wconf 83' lang='grc' dir='ltr'><strong>Οὐ</strong></span> <span class='ocrx_word' id='word_1_460' title='bbox 494 3332 848 3405; x_wconf 87' lang='grc' dir='ltr'>δικαιοσύνην</span> <span class='ocrx_word' id='word_1_461' title='bbox 869 3332 1052 3404; x_wconf 79' lang='grc' dir='ltr'>ἐαυτῷ</span> <span class='ocrx_word' id='word_1_462' title='bbox 1079 3333 1170 3387; x_wconf 79' lang='grc' dir='ltr'>διὰ</span> <span class='ocrx_word' id='word_1_463' title='bbox 1197 3332 1407 3388; x_wconf 87' lang='grc' dir='ltr'>τούτων</span> <span class='ocrx_word' id='word_1_464' title='bbox 1429 3333 1540 3387; x_wconf 83' lang='grc' dir='ltr'><strong>τῶν</strong></span> <span class='ocrx_word' id='word_1_465' title='bbox 1570 3332 1746 3403; x_wconf 85' lang='grc' dir='ltr'>λόγων</span> <span class='ocrx_word' id='word_1_466' title='bbox 1768 3348 1987 3404; x_wconf 81' lang='grc' dir='ltr'>μεμαρ-</span> 
     </span>
    </p>
   </div>
   <div class='ocr_carea' id='block_1_64' title="bbox 391 3424 1985 3499">
    <p class='ocr_par' dir='ltr' id='par_1_64' title="bbox 391 3424 1985 3499">
     <span class='ocr_line' id='line_1_64' title="bbox 391 3424 1985 3499; baseline -0.001 -19"><span class='ocrx_word' id='word_1_467' title='bbox 391 3425 638 3497; x_wconf 78' lang='grc' dir='ltr'>τύρηκεν</span> <span class='ocrx_word' id='word_1_468' title='bbox 683 3426 716 3479; x_wconf 83' lang='grc' dir='ltr'><strong>ὁ</strong></span> <span class='ocrx_word' id='word_1_469' title='bbox 778 3425 924 3489; x_wconf 76' lang='grc' dir='ltr'>θεῖος</span> <span class='ocrx_word' id='word_1_470' title='bbox 952 3426 996 3458; x_wconf 80' lang='grc'><strong>⁵⁷</strong></span> <span class='ocrx_word' id='word_1_471' title='bbox 1047 3424 1214 3479; x_wconf 77' lang='grc' dir='ltr'>Δαὸίδ</span> <span class='ocrx_word' id='word_1_472' title='bbox 1241 3440 1256 3455; x_wconf 82' lang='lat'><strong><em>°</em></strong></span> <span class='ocrx_word' id='word_1_473' title='bbox 1309 3426 1578 3481; x_wconf 82' lang='grc' dir='ltr'>τάναντία</span> <span class='ocrx_word' id='word_1_474' title='bbox 1634 3424 1746 3499; x_wconf 81' lang='grc' dir='ltr'>γὰρ</span> <span class='ocrx_word' id='word_1_475' title='bbox 1815 3424 1985 3482; x_wconf 80' lang='grc' dir='ltr'>αὑτοῦ</span> 
     </span>
    </p>
   </div>
   <div class='ocr_carea' id='block_1_65' title="bbox 395 3513 1987 3587">
    <p class='ocr_par' dir='ltr' id='par_1_65' title="bbox 395 3513 1987 3587">
     <span class='ocr_line' id='line_1_65' title="bbox 395 3513 1987 3587; baseline 0 -18"><span class='ocrx_word' id='word_1_476' title='bbox 395 3515 633 3586; x_wconf 80' lang='grc' dir='ltr'>βοῶντος</span> <span class='ocrx_word' id='word_1_477' title='bbox 694 3515 992 3586; x_wconf 83' lang='grc' dir='ltr'>ἀκούομεν,</span> <span class='ocrx_word' id='word_1_478' title='bbox 1050 3533 1070 3568; x_wconf 82' lang='grc' dir='ltr'>ι</span> <span class='ocrx_word' id='word_1_479' title='bbox 1121 3515 1242 3569; x_wconf 77' lang='grc' dir='ltr'>Ὀτι</span> <span class='ocrx_word' id='word_1_480' title='bbox 1302 3513 1405 3587; x_wconf 83' lang='grc' dir='ltr'>τὴν</span> <span class='ocrx_word' id='word_1_481' title='bbox 1465 3515 1701 3586; x_wconf 83' lang='grc' dir='ltr'>ἀνομίαν</span> <span class='ocrx_word' id='word_1_482' title='bbox 1739 3532 1842 3587; x_wconf 89' lang='grc' dir='ltr'>μου</span> <span class='ocrx_word' id='word_1_483' title='bbox 1873 3513 1987 3584; x_wconf 86' lang='grc' dir='ltr'><strong>ἐγὼ</strong></span> 
     </span>
    </p>
   </div>
   <div class='ocr_carea' id='block_1_66' title="bbox 392 3607 1987 3680">
    <p class='ocr_par' dir='ltr' id='par_1_66' title="bbox 392 3607 1987 3680">
     <span class='ocr_line' id='line_1_66' title="bbox 392 3607 1987 3680; baseline 0.002 -20"><span class='ocrx_word' id='word_1_484' title='bbox 392 3608 674 3676; x_wconf 80' lang='grc' dir='ltr'><strong>γινώσκω,</strong></span> <span class='ocrx_word' id='word_1_485' title='bbox 708 3609 805 3662; x_wconf 83' lang='grc' dir='ltr'>καὶ</span> <span class='ocrx_word' id='word_1_486' title='bbox 840 3609 873 3679; x_wconf 80' lang='grc' dir='ltr'><strong>ὴ</strong></span> <span class='ocrx_word' id='word_1_487' title='bbox 906 3607 1156 3680; x_wconf 78' lang='grc' dir='ltr'>ἁμαρτία</span> <span class='ocrx_word' id='word_1_488' title='bbox 1201 3624 1304 3679; x_wconf 87' lang='grc' dir='ltr'>μου</span> <span class='ocrx_word' id='word_1_489' title='bbox 1345 3607 1580 3662; x_wconf 83' lang='grc' dir='ltr'>ἐνώπιόν</span> <span class='ocrx_word' id='word_1_490' title='bbox 1622 3608 1724 3680; x_wconf 88' lang='grc' dir='ltr'><strong>μού</strong></span> <span class='ocrx_word' id='word_1_491' title='bbox 1756 3610 1872 3663; x_wconf 81' lang='grc' dir='ltr'>ἐστι</span> <span class='ocrx_word' id='word_1_492' title='bbox 1897 3607 1987 3663; x_wconf 82' lang='grc' dir='ltr'>διὰ</span> 
     </span>
    </p>
   </div>
   <div class='ocr_carea' id='block_1_67' title="bbox 394 3695 1982 3776">
    <p class='ocr_par' dir='ltr' id='par_1_67' title="bbox 394 3695 1982 3776">
     <span class='ocr_line' id='line_1_67' title="bbox 394 3695 1982 3776; baseline -0.001 -20"><span class='ocrx_word' id='word_1_493' title='bbox 394 3700 629 3765; x_wconf 79' lang='grc' dir='ltr'>παντός’</span> <span class='ocrx_word' id='word_1_494' title='bbox 660 3719 681 3753; x_wconf 72' lang='grc' dir='ltr'><strong>ι</strong></span> <span class='ocrx_word' id='word_1_495' title='bbox 717 3700 843 3755; x_wconf 76' lang='grc' dir='ltr'>καίο</span> <span class='ocrx_word' id='word_1_496' title='bbox 878 3718 898 3752; x_wconf 81' lang='grc' dir='ltr'><strong>ι</strong></span> <span class='ocrx_word' id='word_1_497' title='bbox 937 3695 1106 3767; x_wconf 67' lang='lat' dir='ltr'><strong>Eine,</strong></span> <span class='ocrx_word' id='word_1_498' title='bbox 1153 3699 1531 3776; x_wconf 81' lang='grc' dir='ltr'>Ἐξαγορεύσω</span> <span class='ocrx_word' id='word_1_499' title='bbox 1561 3702 1684 3756; x_wconf 81' lang='grc' dir='ltr'>κατ’</span> <span class='ocrx_word' id='word_1_500' title='bbox 1711 3701 1849 3774; x_wconf 84' lang='grc' dir='ltr'>ἐμοῦ</span> <span class='ocrx_word' id='word_1_501' title='bbox 1882 3701 1982 3774; x_wconf 76' lang='grc' dir='ltr'>τὴν</span> 
     </span>
    </p>
   </div>
   <div class='ocr_carea' id='block_1_68' title="bbox 392 3788 1985 3863">
    <p class='ocr_par' dir='ltr' id='par_1_68' title="bbox 392 3788 1985 3863">
     <span class='ocr_line' id='line_1_68' title="bbox 392 3788 1985 3863; baseline 0 -18"><span class='ocrx_word' id='word_1_502' title='bbox 392 3788 632 3863; x_wconf 86' lang='grc' dir='ltr'>ἀνομίαν</span> <span class='ocrx_word' id='word_1_503' title='bbox 665 3807 769 3861; x_wconf 90' lang='grc' dir='ltr'>μου</span> <span class='ocrx_word' id='word_1_504' title='bbox 804 3789 882 3861; x_wconf 82' lang='grc' dir='ltr'><strong>τῷ</strong></span> <span class='ocrx_word' id='word_1_505' title='bbox 911 3789 1104 3862; x_wconf 82' lang='grc' dir='ltr'>Κυρίῳ</span> <span class='ocrx_word' id='word_1_506' title='bbox 1144 3789 1223 3822; x_wconf 77' lang='grc'><strong>⁸⁸·</strong></span> <span class='ocrx_word' id='word_1_507' title='bbox 1264 3808 1283 3843; x_wconf 72' lang='grc' dir='ltr'><strong>ι</strong></span> <span class='ocrx_word' id='word_1_508' title='bbox 1324 3789 1466 3845; x_wconf 84' lang='grc' dir='ltr'>ἀλλὰ</span> <span class='ocrx_word' id='word_1_509' title='bbox 1504 3789 1856 3862; x_wconf 89' lang='grc' dir='ltr'>δικαιοσύνην</span> <span class='ocrx_word' id='word_1_510' title='bbox 1884 3791 1985 3863; x_wconf 78' lang='grc' dir='ltr'><strong>τὴν</strong></span> 
     </span>
    </p>
   </div>
   <div class='ocr_carea' id='block_1_69' title="bbox 392 3881 1983 3956">
    <p class='ocr_par' dir='ltr' id='par_1_69' title="bbox 392 3881 1983 3956">
     <span class='ocr_line' id='line_1_69' title="bbox 392 3881 1983 3956; baseline -0.003 -19"><span class='ocrx_word' id='word_1_511' title='bbox 392 3885 455 3937; x_wconf 87' lang='grc' dir='ltr'>ἐν</span> <span class='ocrx_word' id='word_1_512' title='bbox 493 3882 570 3954; x_wconf 80' lang='grc' dir='ltr'>τῷ</span> <span class='ocrx_word' id='word_1_513' title='bbox 604 3882 954 3954; x_wconf 79' lang='grc' dir='ltr'>προκειμένῳ</span> <span class='ocrx_word' id='word_1_514' title='bbox 980 3882 1274 3956; x_wconf 82' lang='grc' dir='ltr'>πράγματι</span> <span class='ocrx_word' id='word_1_515' title='bbox 1304 3881 1487 3952; x_wconf 77' lang='grc' dir='ltr'>λέγει’</span> <span class='ocrx_word' id='word_1_516' title='bbox 1530 3882 1670 3938; x_wconf 80' lang='grc' dir='ltr'>Οὔτε</span> <span class='ocrx_word' id='word_1_517' title='bbox 1711 3882 1844 3954; x_wconf 83' lang='grc' dir='ltr'>γὰρ,</span> <span class='ocrx_word' id='word_1_518' title='bbox 1876 3900 1983 3954; x_wconf 86' lang='grc' dir='ltr'><strong>φη-</strong></span> 
     </span>
    </p>
   </div>
   <div class='ocr_carea' id='block_1_70' title="bbox 390 3970 1983 4045">
    <p class='ocr_par' dir='ltr' id='par_1_70' title="bbox 390 3970 1983 4045">
     <span class='ocr_line' id='line_1_70' title="bbox 390 3970 1983 4045; baseline 0.001 -20"><span class='ocrx_word' id='word_1_519' title='bbox 390 3973 452 4027; x_wconf 85' lang='grc' dir='ltr'><strong>σὶ</strong></span> <span class='ocrx_word' id='word_1_520' title='bbox 476 3972 545 4041; x_wconf 76' lang='grc'><strong>⁸³,</strong></span> <span class='ocrx_word' id='word_1_521' title='bbox 575 3973 668 4027; x_wconf 81' lang='grc' dir='ltr'><strong>τὸν</strong></span> <span class='ocrx_word' id='word_1_522' title='bbox 712 3971 1072 4044; x_wconf 78' lang='grc' dir='ltr'>Ἀὁεσσαλὼμ</span> <span class='ocrx_word' id='word_1_523' title='bbox 1099 3972 1339 4045; x_wconf 77' lang='grc' dir='ltr'>ἠδίκηκά</span> <span class='ocrx_word' id='word_1_524' title='bbox 1365 3989 1440 4038; x_wconf 87' lang='grc' dir='ltr'><strong>τι,</strong></span> <span class='ocrx_word' id='word_1_525' title='bbox 1476 3970 1601 4026; x_wconf 77' lang='grc' dir='ltr'>οὔτε</span> <span class='ocrx_word' id='word_1_526' title='bbox 1630 3971 1721 4028; x_wconf 80' lang='grc' dir='ltr'>τὸν</span> <span class='ocrx_word' id='word_1_527' title='bbox 1772 3972 1983 4043; x_wconf 83' lang='grc' dir='ltr'><strong>’Δχιτό-</strong></span> 
     </span>
    </p>
   </div>
   <div class='ocr_carea' id='block_1_71' title="bbox 392 4061 1979 4136">
    <p class='ocr_par' dir='ltr' id='par_1_71' title="bbox 392 4061 1979 4136">
     <span class='ocr_line' id='line_1_71' title="bbox 392 4061 1979 4136; baseline -0.001 -17"><span class='ocrx_word' id='word_1_528' title='bbox 392 4065 521 4136; x_wconf 81' lang='grc' dir='ltr'>φελ,</span> <span class='ocrx_word' id='word_1_529' title='bbox 550 4063 676 4119; x_wconf 77' lang='grc' dir='ltr'>οὗτε</span> <span class='ocrx_word' id='word_1_530' title='bbox 699 4065 828 4129; x_wconf 78' lang='grc' dir='ltr'>τοὺς</span> <span class='ocrx_word' id='word_1_531' title='bbox 858 4062 1000 4135; x_wconf 77' lang='grc' dir='ltr'>μετὰ</span> <span class='ocrx_word' id='word_1_532' title='bbox 1018 4063 1227 4118; x_wconf 87' lang='grc' dir='ltr'>τούτων</span> <span class='ocrx_word' id='word_1_533' title='bbox 1254 4063 1376 4118; x_wconf 84' lang='grc' dir='ltr'>κατ’</span> <span class='ocrx_word' id='word_1_534' title='bbox 1395 4063 1532 4135; x_wconf 84' lang='grc' dir='ltr'>ἐμοῦ</span> <span class='ocrx_word' id='word_1_535' title='bbox 1559 4061 1979 4134; x_wconf 87' lang='grc' dir='ltr'>στρατεύοντας.</span> 
     </span>
    </p>
   </div>
   <div class='ocr_carea' id='block_1_72' title="bbox 399 4153 1982 4229">
    <p class='ocr_par' dir='ltr' id='par_1_72' title="bbox 399 4153 1982 4229">
     <span class='ocr_line' id='line_1_72' title="bbox 399 4153 1982 4229; baseline -0.002 -17"><span class='ocrx_word' id='word_1_536' title='bbox 399 4157 562 4212; x_wconf 70' lang='grc' dir='ltr'>Κατὰ</span> <span class='ocrx_word' id='word_1_537' title='bbox 590 4157 800 4229; x_wconf 85' lang='grc' dir='ltr'>ταύτην</span> <span class='ocrx_word' id='word_1_538' title='bbox 821 4156 1005 4211; x_wconf 88' lang='grc' dir='ltr'>τοίνυν</span> <span class='ocrx_word' id='word_1_539' title='bbox 1039 4156 1141 4227; x_wconf 82' lang='grc' dir='ltr'>τὴν</span> <span class='ocrx_word' id='word_1_540' title='bbox 1177 4155 1553 4225; x_wconf 82' lang='grc' dir='ltr'>δικαιοσύνην,</span> <span class='ocrx_word' id='word_1_541' title='bbox 1588 4156 1684 4209; x_wconf 76' lang='grc' dir='ltr'><strong>καὶ</strong></span> <span class='ocrx_word' id='word_1_542' title='bbox 1712 4153 1811 4227; x_wconf 79' lang='grc' dir='ltr'>τὴν</span> <span class='ocrx_word' id='word_1_543' title='bbox 1839 4156 1982 4209; x_wconf 85' lang='grc' dir='ltr'>ἀκα-</span> 
     </span>
    </p>
   </div>
   <div class='ocr_carea' id='block_1_73' title="bbox 391 4246 1979 4322">
    <p class='ocr_par' dir='ltr' id='par_1_73' title="bbox 391 4246 1979 4322">
     <span class='ocr_line' id='line_1_73' title="bbox 391 4246 1979 4322; baseline -0.002 -18"><span class='ocrx_word' id='word_1_544' title='bbox 391 4249 523 4305; x_wconf 88' lang='grc' dir='ltr'>κίαν</span> <span class='ocrx_word' id='word_1_545' title='bbox 556 4251 628 4316; x_wconf 82' lang='lat'><strong>&quot;,</strong></span> <span class='ocrx_word' id='word_1_546' title='bbox 668 4248 930 4322; x_wconf 81' lang='grc' dir='ltr'>κριθῆναι</span> <span class='ocrx_word' id='word_1_547' title='bbox 976 4247 1307 4319; x_wconf 81' lang='grc' dir='ltr'>παρακαλῶ,</span> <span class='ocrx_word' id='word_1_548' title='bbox 1340 4248 1437 4301; x_wconf 72' lang='grc' dir='ltr'>καὶ</span> <span class='ocrx_word' id='word_1_549' title='bbox 1469 4246 1544 4319; x_wconf 83' lang='grc' dir='ltr'>μὴ</span> <span class='ocrx_word' id='word_1_550' title='bbox 1570 4248 1715 4302; x_wconf 80' lang='grc' dir='ltr'>κατὰ</span> <span class='ocrx_word' id='word_1_551' title='bbox 1749 4247 1850 4311; x_wconf 85' lang='grc' dir='ltr'>τὰς</span> <span class='ocrx_word' id='word_1_552' title='bbox 1878 4247 1979 4318; x_wconf 73' lang='grc' dir='ltr'>ἤδη</span> 
     </span>
    </p>
   </div>
   <div class='ocr_carea' id='block_1_74' title="bbox 392 4338 1979 4414">
    <p class='ocr_par' dir='ltr' id='par_1_74' title="bbox 392 4338 1979 4414">
     <span class='ocr_line' id='line_1_74' title="bbox 392 4338 1979 4414; baseline -0.001 -19"><span class='ocrx_word' id='word_1_553' title='bbox 392 4343 527 4414; x_wconf 76' lang='grc' dir='ltr'>παρ’</span> <span class='ocrx_word' id='word_1_554' title='bbox 560 4340 697 4413; x_wconf 80' lang='grc' dir='ltr'>ἐμοῦ</span> <span class='ocrx_word' id='word_1_555' title='bbox 733 4341 1111 4413; x_wconf 80' lang='grc' dir='ltr'>γεγενημένας</span> <span class='ocrx_word' id='word_1_556' title='bbox 1142 4338 1544 4411; x_wconf 83' lang='grc' dir='ltr'>πλημμελείας.</span> <span class='ocrx_word' id='word_1_557' title='bbox 1574 4338 1756 4411; x_wconf 81' lang='grc' dir='ltr'>Αὐτὴν</span> <span class='ocrx_word' id='word_1_558' title='bbox 1788 4340 1832 4371; x_wconf 87' lang='grc'><strong>⁷¹</strong></span> <span class='ocrx_word' id='word_1_559' title='bbox 1857 4338 1979 4394; x_wconf 87' lang='grc' dir='ltr'>κατ’</span> 
     </span>
    </p>
   </div>
   <div class='ocr_carea' id='block_1_75' title="bbox 390 4429 1980 4506">
    <p class='ocr_par' dir='ltr' id='par_1_75' title="bbox 390 4429 1980 4506">
     <span class='ocr_line' id='line_1_75' title="bbox 390 4429 1980 4506; baseline -0.003 -18"><span class='ocrx_word' id='word_1_560' title='bbox 390 4433 566 4506; x_wconf 78' lang='grc' dir='ltr'>αὐτὴν</span> <span class='ocrx_word' id='word_1_561' title='bbox 587 4433 848 4506; x_wconf 80' lang='grc' dir='ltr'>κριθῆναι</span> <span class='ocrx_word' id='word_1_562' title='bbox 876 4433 977 4505; x_wconf 81' lang='grc' dir='ltr'><strong>τὴν</strong></span> <span class='ocrx_word' id='word_1_563' title='bbox 1000 4431 1284 4503; x_wconf 79' lang='grc' dir='ltr'>παροῦσαν</span> <span class='ocrx_word' id='word_1_564' title='bbox 1307 4430 1567 4485; x_wconf 80' lang='grc' dir='ltr'>ὑπόθεσιν</span> <span class='ocrx_word' id='word_1_565' title='bbox 1594 4429 1850 4496; x_wconf 79' lang='grc' dir='ltr'>ἱκετεύω,</span> <span class='ocrx_word' id='word_1_566' title='bbox 1884 4431 1980 4485; x_wconf 74' lang='grc' dir='ltr'>καὶ</span> 
     </span>
    </p>
   </div>
   <div class='ocr_carea' id='block_1_76' title="bbox 394 4510 1893 4598">
    <p class='ocr_par' dir='ltr' id='par_1_76' title="bbox 394 4510 1893 4598">
     <span class='ocr_line' id='line_1_76' title="bbox 394 4510 1893 4598; baseline -0.001 -19"><span class='ocrx_word' id='word_1_567' title='bbox 394 4526 475 4598; x_wconf 83' lang='grc' dir='ltr'>μὴ</span> <span class='ocrx_word' id='word_1_568' title='bbox 500 4525 708 4597; x_wconf 85' lang='grc' dir='ltr'>ἐτέρων</span> <span class='ocrx_word' id='word_1_569' title='bbox 733 4524 832 4580; x_wconf 83' lang='grc' dir='ltr'><strong>νῦν</strong></span> <span class='ocrx_word' id='word_1_570' title='bbox 884 4527 931 4557; x_wconf 80' lang='grc'><em>’³</em></span> <span class='ocrx_word' id='word_1_571' title='bbox 961 4524 1149 4578; x_wconf 85' lang='grc' dir='ltr'>δοῦναι</span> <span class='ocrx_word' id='word_1_572' title='bbox 1196 4523 1354 4587; x_wconf 83' lang='grc' dir='ltr'>δίκας</span> <span class='ocrx_word' id='word_1_573' title='bbox 1380 4522 1821 4594; x_wconf 82' lang='grc' dir='ltr'>ἁμαρτημάτων.</span> <span class='ocrx_word' id='word_1_574' title='bbox 1892 4510 1893 4513; x_wconf 9' lang='grc' dir='ltr'><strong>η</strong></span> 
     </span>
    </p>
   </div>
   <div class='ocr_carea' id='block_1_77' title="bbox 469 4614 1981 4687">
    <p class='ocr_par' dir='ltr' id='par_1_77' title="bbox 469 4614 1981 4687">
     <span class='ocr_line' id='line_1_77' title="bbox 469 4614 1981 4687; baseline -0.001 -16"><span class='ocrx_word' id='word_1_575' title='bbox 469 4624 522 4672; x_wconf 83' lang='grc' dir='ltr'><strong>ι’.</strong></span> <span class='ocrx_word' id='word_1_576' title='bbox 557 4636 575 4671; x_wconf 79' lang='grc' dir='ltr'>ι</span> <span class='ocrx_word' id='word_1_577' title='bbox 623 4617 1040 4687; x_wconf 83' lang='grc' dir='ltr'>Συντελεσθήτω</span> <span class='ocrx_word' id='word_1_578' title='bbox 1084 4615 1150 4686; x_wconf 79' lang='grc' dir='ltr'>δὴ</span> <span class='ocrx_word' id='word_1_579' title='bbox 1193 4614 1434 4687; x_wconf 88' lang='grc' dir='ltr'>πονηρία</span> <span class='ocrx_word' id='word_1_580' title='bbox 1464 4614 1835 4685; x_wconf 83' lang='grc' dir='ltr'>ἁμαρτωλῶν,</span> <span class='ocrx_word' id='word_1_581' title='bbox 1881 4616 1981 4670; x_wconf 77' lang='grc' dir='ltr'>καὶ</span> 
     </span>
    </p>
   </div>
   <div class='ocr_carea' id='block_1_78' title="bbox 390 4707 1981 4776">
    <p class='ocr_par' dir='ltr' id='par_1_78' title="bbox 390 4707 1981 4776">
     <span class='ocr_line' id='line_1_78' title="bbox 390 4707 1981 4776; baseline -0.004 -9"><span class='ocrx_word' id='word_1_582' title='bbox 390 4712 750 4776; x_wconf 60' lang='grc' dir='ltr'>ητευθυνεῖς</span> <span class='ocrx_word' id='word_1_583' title='bbox 782 4711 1013 4765; x_wconf 87' lang='grc' dir='ltr'>δίκαιον.</span> <span class='ocrx_word' id='word_1_584' title='bbox 1060 4729 1077 4761; x_wconf 72' lang='grc' dir='ltr'><strong>ι</strong></span> <span class='ocrx_word' id='word_1_585' title='bbox 1150 4710 1298 4763; x_wconf 77' lang='grc' dir='ltr'>’Δντὶ</span> <span class='ocrx_word' id='word_1_586' title='bbox 1321 4707 1441 4776; x_wconf 82' lang='grc' dir='ltr'>τοῦ,</span> <span class='ocrx_word' id='word_1_587' title='bbox 1486 4708 1981 4775; x_wconf 75' lang='grc' dir='ltr'>συντελεσθήτω,</span> 
     </span>
    </p>
   </div>
   <div class='ocr_carea' id='block_1_79' title="bbox 391 4798 2026 4873">
    <p class='ocr_par' dir='ltr' id='par_1_79' title="bbox 391 4798 2026 4873">
     <span class='ocr_line' id='line_1_79' title="bbox 391 4798 2026 4873; baseline -0.006 -13"><span class='ocrx_word' id='word_1_588' title='bbox 391 4803 823 4873; x_wconf 77' lang='grc' dir='ltr'>ἀπαρτισθήτω</span> <span class='ocrx_word' id='word_1_589' title='bbox 850 4805 880 4858; x_wconf 92' lang='lat'><strong>6</strong></span> <span class='ocrx_word' id='word_1_590' title='bbox 938 4802 1236 4873; x_wconf 87' lang='grc' dir='ltr'>Σύμμαχος</span> <span class='ocrx_word' id='word_1_591' title='bbox 1287 4799 1557 4854; x_wconf 79' lang='grc' dir='ltr'>τέθεικεν.</span> <span class='ocrx_word' id='word_1_592' title='bbox 1621 4799 1682 4852; x_wconf 83' lang='lat' dir='ltr'><strong>Ei</strong></span> <span class='ocrx_word' id='word_1_593' title='bbox 1733 4798 2026 4869; x_wconf 32' lang='grc' dir='ltr'>ματαίαν</span> 
     </span>
    </p>
   </div>
   <div class='ocr_carea' id='block_1_80' title="bbox 394 4889 1980 4966">
    <p class='ocr_par' dir='ltr' id='par_1_80' title="bbox 394 4889 1980 4966">
     <span class='ocr_line' id='line_1_80' title="bbox 394 4889 1980 4966; baseline -0.005 -17"><span class='ocrx_word' id='word_1_594' title='bbox 394 4894 570 4966; x_wconf 80' lang='grc' dir='ltr'>φησὶ,</span> <span class='ocrx_word' id='word_1_595' title='bbox 600 4893 847 4965; x_wconf 47' lang='grc' dir='ltr'>,δειχθείη</span> <span class='ocrx_word' id='word_1_596' title='bbox 895 4893 1004 4947; x_wconf 90' lang='grc' dir='ltr'><strong>τῶν</strong></span> <span class='ocrx_word' id='word_1_597' title='bbox 1051 4892 1226 4964; x_wconf 80' lang='grc' dir='ltr'>κακίᾳ</span> <span class='ocrx_word' id='word_1_598' title='bbox 1272 4889 1563 4955; x_wconf 74' lang='grc' dir='ltr'>συζώντων</span> <span class='ocrx_word' id='word_1_599' title='bbox 1628 4890 1662 4959; x_wconf 82' lang='grc' dir='ltr'><strong>ἡ</strong></span> <span class='ocrx_word' id='word_1_600' title='bbox 1718 4889 1980 4961; x_wconf 88' lang='grc' dir='ltr'>πονηρία,</span> 
     </span>
    </p>
   </div>
   <div class='ocr_carea' id='block_1_81' title="bbox 391 4981 1975 5059">
    <p class='ocr_par' dir='ltr' id='par_1_81' title="bbox 391 4981 1975 5059">
     <span class='ocr_line' id='line_1_81' title="bbox 391 4981 1975 5059; baseline -0.006 -17"><span class='ocrx_word' id='word_1_601' title='bbox 391 4986 822 5059; x_wconf 82' lang='grc' dir='ltr'>σπουδαιότερον</span> <span class='ocrx_word' id='word_1_602' title='bbox 852 4988 900 5041; x_wconf 88' lang='grc' dir='ltr'><strong>οί</strong></span> <span class='ocrx_word' id='word_1_603' title='bbox 952 4985 1053 5056; x_wconf 80' lang='grc' dir='ltr'>τῆς</span> <span class='ocrx_word' id='word_1_604' title='bbox 1080 4984 1287 5057; x_wconf 80' lang='grc' dir='ltr'>ἀρετῆς</span> <span class='ocrx_word' id='word_1_605' title='bbox 1319 4983 1581 5055; x_wconf 84' lang='grc' dir='ltr'>τρόφιμοι</span> <span class='ocrx_word' id='word_1_606' title='bbox 1619 4981 1719 5053; x_wconf 81' lang='grc' dir='ltr'>τὴν</span> <span class='ocrx_word' id='word_1_607' title='bbox 1746 4996 1975 5051; x_wconf 83' lang='grc' dir='ltr'>προκει-</span> 
     </span>
    </p>
   </div>
   <div class='ocr_carea' id='block_1_82' title="bbox 392 5076 1490 5153">
    <p class='ocr_par' dir='ltr' id='par_1_82' title="bbox 392 5076 1490 5153">
     <span class='ocr_line' id='line_1_82' title="bbox 392 5076 1490 5153; baseline -0.005 -19"><span class='ocrx_word' id='word_1_608' title='bbox 392 5079 570 5153; x_wconf 79' lang='grc' dir='ltr'>μένην</span> <span class='ocrx_word' id='word_1_609' title='bbox 592 5079 763 5151; x_wconf 79' lang='grc' dir='ltr'>αὐτῆς</span> <span class='ocrx_word' id='word_1_610' title='bbox 779 5079 828 5111; x_wconf 78' lang='grc'><strong>⁷³</strong></span> <span class='ocrx_word' id='word_1_611' title='bbox 877 5078 1106 5149; x_wconf 85' lang='grc' dir='ltr'>πορείαν</span> <span class='ocrx_word' id='word_1_612' title='bbox 1150 5076 1490 5147; x_wconf 84' lang='grc' dir='ltr'>ποιήσονται.</span> 
     </span>
    </p>
   </div>
   <div class='ocr_carea' id='block_1_83' title="bbox 471 5160 1972 5243">
    <p class='ocr_par' dir='ltr' id='par_1_83' title="bbox 471 5160 1972 5243">
     <span class='ocr_line' id='line_1_83' title="bbox 471 5160 1972 5243; baseline -0.006 -19"><span class='ocrx_word' id='word_1_613' title='bbox 471 5190 489 5223; x_wconf 80' lang='grc' dir='ltr'><strong>ι</strong></span> <span class='ocrx_word' id='word_1_614' title='bbox 535 5170 775 5237; x_wconf 78' lang='grc' dir='ltr'><strong>Ἐτᾶζων</strong></span> <span class='ocrx_word' id='word_1_615' title='bbox 823 5170 1054 5243; x_wconf 86' lang='grc' dir='ltr'>καρδίας</span> <span class='ocrx_word' id='word_1_616' title='bbox 1107 5169 1205 5224; x_wconf 74' lang='grc' dir='ltr'>καὶ</span> <span class='ocrx_word' id='word_1_617' title='bbox 1255 5167 1489 5239; x_wconf 81' lang='grc' dir='ltr'>νεφροὺς</span> <span class='ocrx_word' id='word_1_618' title='bbox 1544 5166 1573 5219; x_wconf 92' lang='lat'><strong>6</strong></span> <span class='ocrx_word' id='word_1_619' title='bbox 1621 5164 1773 5224; x_wconf 84' lang='grc' dir='ltr'>Θεός.</span> <span class='ocrx_word' id='word_1_620' title='bbox 1804 5160 1972 5236; x_wconf 83' lang='grc' dir='ltr'>[ια’.]</span> 
     </span>
    </p>
   </div>
   <div class='ocr_carea' id='block_1_84' title="bbox 2088 3232 3672 3306">
    <p class='ocr_par' dir='ltr' id='par_1_84' title="bbox 2088 3232 3672 3306">
     <span class='ocr_line' id='line_1_84' title="bbox 2088 3232 3672 3306; baseline 0.003 -17"><span class='ocrx_word' id='word_1_621' title='bbox 2088 3232 2329 3289; x_wconf 86' lang='lat' dir='ltr'><strong>cundum</strong></span> <span class='ocrx_word' id='word_1_622' title='bbox 2346 3233 2617 3304; x_wconf 85' lang='lat' dir='ltr'><strong>justitiam</strong></span> <span class='ocrx_word' id='word_1_623' title='bbox 2651 3251 2854 3306; x_wconf 87' lang='lat' dir='ltr'><strong>meam,</strong></span> <span class='ocrx_word' id='word_1_624' title='bbox 2877 3247 2934 3294; x_wconf 89' lang='lat' dir='ltr'><strong>et</strong></span> <span class='ocrx_word' id='word_1_625' title='bbox 2962 3238 3268 3295; x_wconf 88' lang='lat' dir='ltr'><strong>secundum</strong></span> <span class='ocrx_word' id='word_1_626' title='bbox 3298 3239 3672 3296; x_wconf 87' lang='lat' dir='ltr'><strong>innocentiam</strong></span> 
     </span>
    </p>
   </div>
   <div class='ocr_carea' id='block_1_85' title="bbox 2088 3326 3676 3394">
    <p class='ocr_par' dir='ltr' id='par_1_85' title="bbox 2088 3326 3676 3394">
     <span class='ocr_line' id='line_1_85' title="bbox 2088 3326 3676 3394; baseline 0.006 -18"><span class='ocrx_word' id='word_1_627' title='bbox 2088 3336 2270 3378; x_wconf 88' lang='lat' dir='ltr'><strong>meam</strong></span> <span class='ocrx_word' id='word_1_628' title='bbox 2300 3337 2468 3394; x_wconf 88' lang='lat' dir='ltr'><strong>super</strong></span> <span class='ocrx_word' id='word_1_629' title='bbox 2498 3340 2609 3380; x_wconf 91' lang='lat' dir='ltr'><strong>me.</strong></span> <span class='ocrx_word' id='word_1_630' title='bbox 2650 3343 2670 3378; x_wconf 80' lang='grc' dir='ltr'><strong>ι</strong></span> <span class='ocrx_word' id='word_1_631' title='bbox 2711 3326 2814 3383; x_wconf 85' lang='lat' dir='ltr'><strong>Per</strong></span> <span class='ocrx_word' id='word_1_632' title='bbox 2861 3327 2976 3384; x_wconf 67' lang='lat' dir='ltr'><strong>haec</strong></span> <span class='ocrx_word' id='word_1_633' title='bbox 3020 3329 3184 3384; x_wconf 86' lang='lat' dir='ltr'><strong>verba</strong></span> <span class='ocrx_word' id='word_1_634' title='bbox 3234 3329 3455 3385; x_wconf 80' lang='lat' dir='ltr'><strong>divinus</strong></span> <span class='ocrx_word' id='word_1_635' title='bbox 3504 3329 3676 3386; x_wconf 84' lang='lat' dir='ltr'><strong>David</strong></span> 
     </span>
    </p>
   </div>
   <div class='ocr_carea' id='block_1_86' title="bbox 2088 3416 3675 3493">
    <p class='ocr_par' dir='ltr' id='par_1_86' title="bbox 2088 3416 3675 3493">
     <span class='ocr_line' id='line_1_86' title="bbox 2088 3416 3675 3493; baseline 0.005 -25"><span class='ocrx_word' id='word_1_636' title='bbox 2088 3428 2200 3469; x_wconf 90' lang='lat' dir='ltr'><strong>non</strong></span> <span class='ocrx_word' id='word_1_637' title='bbox 2230 3428 2388 3470; x_wconf 91' lang='lat' dir='ltr'><strong>suam</strong></span> <span class='ocrx_word' id='word_1_638' title='bbox 2412 3416 2942 3487; x_wconf 86' lang='lat' dir='ltr'><strong>ostentatjustitiam</strong></span> <span class='ocrx_word' id='word_1_639' title='bbox 2977 3437 2990 3474; x_wconf 88' lang='lat'><strong>:</strong></span> <span class='ocrx_word' id='word_1_640' title='bbox 3018 3421 3293 3477; x_wconf 86' lang='lat' dir='ltr'><strong>contraria</strong></span> <span class='ocrx_word' id='word_1_641' title='bbox 3318 3420 3463 3476; x_wconf 89' lang='lat' dir='ltr'><strong>enim</strong></span> <span class='ocrx_word' id='word_1_642' title='bbox 3491 3420 3675 3493; x_wconf 87' lang='lat' dir='ltr'><strong>ipsum</strong></span> 
     </span>
    </p>
   </div>
   <div class='ocr_carea' id='block_1_87' title="bbox 2088 3504 3674 3583">
    <p class='ocr_par' dir='ltr' id='par_1_87' title="bbox 2088 3504 3674 3583">
     <span class='ocr_line' id='line_1_87' title="bbox 2088 3504 3674 3583; baseline 0.005 -24"><span class='ocrx_word' id='word_1_643' title='bbox 2088 3504 2365 3561; x_wconf 86' lang='lat' dir='ltr'><strong>dicentem</strong></span> <span class='ocrx_word' id='word_1_644' title='bbox 2402 3506 2661 3564; x_wconf 88' lang='lat' dir='ltr'><strong>audimus</strong></span> <span class='ocrx_word' id='word_1_645' title='bbox 2692 3527 2705 3564; x_wconf 90' lang='lat'><strong>:</strong></span> <span class='ocrx_word' id='word_1_646' title='bbox 2744 3526 2764 3561; x_wconf 78' lang='grc' dir='ltr'>ι</span> <span class='ocrx_word' id='word_1_647' title='bbox 2807 3509 3081 3577; x_wconf 84' lang='lat' dir='ltr'><strong>Quoniam</strong></span> <span class='ocrx_word' id='word_1_648' title='bbox 3110 3512 3454 3583; x_wconf 90' lang='lat' dir='ltr'><strong>iniquitatem</strong></span> <span class='ocrx_word' id='word_1_649' title='bbox 3492 3527 3674 3569; x_wconf 90' lang='lat' dir='ltr'><strong>meam</strong></span> 
     </span>
    </p>
   </div>
   <div class='ocr_carea' id='block_1_88' title="bbox 2086 3610 3676 3672">
    <p class='ocr_par' dir='ltr' id='par_1_88' title="bbox 2086 3610 3676 3672">
     <span class='ocr_line' id='line_1_88' title="bbox 2086 3610 3676 3672; baseline 0.01 -22"><span class='ocrx_word' id='word_1_650' title='bbox 2086 3610 2190 3667; x_wconf 79' lang='lat' dir='ltr'><strong>ego</strong></span> <span class='ocrx_word' id='word_1_651' title='bbox 2219 3611 2518 3668; x_wconf 83' lang='lat' dir='ltr'><strong>cognosco,</strong></span> <span class='ocrx_word' id='word_1_652' title='bbox 2571 3610 2623 3657; x_wconf 88' lang='lat' dir='ltr'><strong>et</strong></span> <span class='ocrx_word' id='word_1_653' title='bbox 2663 3611 2947 3672; x_wconf 89' lang='lat' dir='ltr'><strong>peccatum</strong></span> <span class='ocrx_word' id='word_1_654' title='bbox 3003 3620 3187 3661; x_wconf 91' lang='lat' dir='ltr'><strong>meum</strong></span> <span class='ocrx_word' id='word_1_655' title='bbox 3228 3616 3418 3663; x_wconf 87' lang='lat' dir='ltr'><strong>contra</strong></span> <span class='ocrx_word' id='word_1_656' title='bbox 3463 3624 3551 3665; x_wconf 91' lang='lat' dir='ltr'><strong>me</strong></span> <span class='ocrx_word' id='word_1_657' title='bbox 3591 3619 3676 3666; x_wconf 79' lang='grc' dir='ltr'><strong>εει</strong></span> 
     </span>
    </p>
   </div>
   <div class='ocr_carea' id='block_1_89' title="bbox 2088 3689 3675 3762">
    <p class='ocr_par' dir='ltr' id='par_1_89' title="bbox 2088 3689 3675 3762">
     <span class='ocr_line' id='line_1_89' title="bbox 2088 3689 3675 3762; baseline 0.011 -19"><span class='ocrx_word' id='word_1_658' title='bbox 2088 3704 2307 3761; x_wconf 89' lang='lat' dir='ltr'><strong>semper</strong></span> <span class='ocrx_word' id='word_1_659' title='bbox 2338 3689 2380 3745; x_wconf 83' lang='grc' dir='ltr'>ι.</span> <span class='ocrx_word' id='word_1_660' title='bbox 2420 3711 2441 3745; x_wconf 72' lang='grc' dir='ltr'>ι</span> <span class='ocrx_word' id='word_1_661' title='bbox 2489 3694 2604 3748; x_wconf 87' lang='lat' dir='ltr'><strong>Et:</strong></span> <span class='ocrx_word' id='word_1_662' title='bbox 2650 3714 2669 3748; x_wconf 77' lang='grc' dir='ltr'>ι</span> <span class='ocrx_word' id='word_1_663' title='bbox 2705 3695 2866 3762; x_wconf 84' lang='lat' dir='ltr'><strong>Dixi,</strong></span> <span class='ocrx_word' id='word_1_664' title='bbox 2920 3697 3222 3754; x_wconf 83' lang='lat' dir='ltr'><strong>conﬁtebor</strong></span> <span class='ocrx_word' id='word_1_665' title='bbox 3269 3700 3534 3759; x_wconf 88' lang='lat' dir='ltr'><strong>adversus</strong></span> <span class='ocrx_word' id='word_1_666' title='bbox 3585 3718 3675 3760; x_wconf 92' lang='lat' dir='ltr'><strong>me</strong></span> 
     </span>
    </p>
   </div>
   <div class='ocr_carea' id='block_1_90' title="bbox 2088 3782 3673 3863">
    <p class='ocr_par' dir='ltr' id='par_1_90' title="bbox 2088 3782 3673 3863">
     <span class='ocr_line' id='line_1_90' title="bbox 2088 3782 3673 3863; baseline 0.008 -26"><span class='ocrx_word' id='word_1_667' title='bbox 2088 3782 2438 3854; x_wconf 86' lang='lat' dir='ltr'><strong>iniquitatem</strong></span> <span class='ocrx_word' id='word_1_668' title='bbox 2490 3802 2665 3842; x_wconf 89' lang='lat' dir='ltr'><strong>meam</strong></span> <span class='ocrx_word' id='word_1_669' title='bbox 2714 3787 2947 3844; x_wconf 91' lang='lat' dir='ltr'><strong>Domino</strong></span> <span class='ocrx_word' id='word_1_670' title='bbox 2971 3797 3034 3845; x_wconf 73' lang='grc'><strong>’³.</strong></span> <span class='ocrx_word' id='word_1_671' title='bbox 3070 3808 3089 3841; x_wconf 76' lang='grc' dir='ltr'>ι</span> <span class='ocrx_word' id='word_1_672' title='bbox 3150 3788 3356 3847; x_wconf 84' lang='lat' dir='ltr'><strong>Verum</strong></span> <span class='ocrx_word' id='word_1_673' title='bbox 3398 3793 3673 3863; x_wconf 86' lang='lat' dir='ltr'><strong>justitiam</strong></span> 
     </span>
    </p>
   </div>
   <div class='ocr_carea' id='block_1_91' title="bbox 2085 3875 3669 3958">
    <p class='ocr_par' dir='ltr' id='par_1_91' title="bbox 2085 3875 3669 3958">
     <span class='ocr_line' id='line_1_91' title="bbox 2085 3875 3669 3958; baseline 0.008 -27"><span class='ocrx_word' id='word_1_674' title='bbox 2085 3875 2246 3942; x_wconf 88' lang='lat' dir='ltr'><strong>dicit,</strong></span> <span class='ocrx_word' id='word_1_675' title='bbox 2278 3892 2405 3948; x_wconf 74' lang='lat' dir='ltr'><strong>quae</strong></span> <span class='ocrx_word' id='word_1_676' title='bbox 2434 3877 2489 3933; x_wconf 89' lang='lat' dir='ltr'><strong>in</strong></span> <span class='ocrx_word' id='word_1_677' title='bbox 2518 3894 2579 3934; x_wconf 89' lang='lat' dir='ltr'><strong>re</strong></span> <span class='ocrx_word' id='word_1_678' title='bbox 2610 3881 2866 3950; x_wconf 70' lang='lat' dir='ltr'><strong>praesenti</strong></span> <span class='ocrx_word' id='word_1_679' title='bbox 2894 3883 3094 3940; x_wconf 85' lang='lat' dir='ltr'><strong>elucet.</strong></span> <span class='ocrx_word' id='word_1_680' title='bbox 3128 3882 3246 3940; x_wconf 83' lang='lat' dir='ltr'><strong>Non</strong></span> <span class='ocrx_word' id='word_1_681' title='bbox 3276 3886 3445 3953; x_wconf 89' lang='lat' dir='ltr'><strong>enim,</strong></span> <span class='ocrx_word' id='word_1_682' title='bbox 3469 3886 3669 3958; x_wconf 86' lang='lat' dir='ltr'><strong>inquit,</strong></span> 
     </span>
    </p>
   </div>
   <div class='ocr_carea' id='block_1_92' title="bbox 2086 3967 3669 4046">
    <p class='ocr_par' dir='ltr' id='par_1_92' title="bbox 2086 3967 3669 4046">
     <span class='ocr_line' id='line_1_92' title="bbox 2086 3967 3669 4046; baseline 0.009 -24"><span class='ocrx_word' id='word_1_683' title='bbox 2086 3967 2446 4024; x_wconf 81' lang='lat' dir='ltr'><strong>Absalomum</strong></span> <span class='ocrx_word' id='word_1_684' title='bbox 2479 3969 2705 4035; x_wconf 76' lang='lat' dir='ltr'><strong>oﬂ‘endi.</strong></span> <span class='ocrx_word' id='word_1_685' title='bbox 2742 3986 2845 4028; x_wconf 89' lang='lat' dir='ltr'><strong>nec</strong></span> <span class='ocrx_word' id='word_1_686' title='bbox 2876 3973 3326 4046; x_wconf 86' lang='lat' dir='ltr'><strong>Achitophelem,</strong></span> <span class='ocrx_word' id='word_1_687' title='bbox 3367 3992 3467 4034; x_wconf 90' lang='lat' dir='ltr'><strong>nec</strong></span> <span class='ocrx_word' id='word_1_688' title='bbox 3508 3978 3628 4035; x_wconf 90' lang='lat' dir='ltr'><strong>illos</strong></span> <span class='ocrx_word' id='word_1_689' title='bbox 3651 4019 3669 4043; x_wconf 85' lang='lat'><strong>.</strong></span> 
     </span>
    </p>
   </div>
   <div class='ocr_carea' id='block_1_93' title="bbox 2085 4059 3674 4138">
    <p class='ocr_par' dir='ltr' id='par_1_93' title="bbox 2085 4059 3674 4138">
     <span class='ocr_line' id='line_1_93' title="bbox 2085 4059 3674 4138; baseline 0.009 -24"><span class='ocrx_word' id='word_1_690' title='bbox 2085 4059 2181 4129; x_wconf 90' lang='lat' dir='ltr'><strong>qui</strong></span> <span class='ocrx_word' id='word_1_691' title='bbox 2214 4076 2322 4117; x_wconf 88' lang='lat' dir='ltr'><strong>una</strong></span> <span class='ocrx_word' id='word_1_692' title='bbox 2351 4076 2480 4118; x_wconf 91' lang='lat' dir='ltr'><strong>cum</strong></span> <span class='ocrx_word' id='word_1_693' title='bbox 2535 4062 2671 4135; x_wconf 87' lang='lat' dir='ltr'><strong>ipsis</strong></span> <span class='ocrx_word' id='word_1_694' title='bbox 2721 4064 2928 4121; x_wconf 89' lang='lat' dir='ltr'><strong>bellum</strong></span> <span class='ocrx_word' id='word_1_695' title='bbox 2958 4079 3155 4138; x_wconf 85' lang='lat' dir='ltr'><strong>gerunt</strong></span> <span class='ocrx_word' id='word_1_696' title='bbox 3187 4074 3383 4124; x_wconf 83' lang='lat' dir='ltr'><strong>contra</strong></span> <span class='ocrx_word' id='word_1_697' title='bbox 3419 4084 3525 4125; x_wconf 92' lang='lat' dir='ltr'><strong>me.</strong></span> <span class='ocrx_word' id='word_1_698' title='bbox 3575 4070 3674 4128; x_wconf 86' lang='lat' dir='ltr'><strong>Se-</strong></span> 
     </span>
    </p>
   </div>
   <div class='ocr_carea' id='block_1_94' title="bbox 2085 4154 3663 4244">
    <p class='ocr_par' dir='ltr' id='par_1_94' title="bbox 2085 4154 3663 4244">
     <span class='ocr_line' id='line_1_94' title="bbox 2085 4154 3663 4244; baseline 0.007 -36"><span class='ocrx_word' id='word_1_699' title='bbox 2085 4154 2326 4210; x_wconf 85' lang='lat' dir='ltr'><strong>cundum</strong></span> <span class='ocrx_word' id='word_1_700' title='bbox 2377 4156 2523 4212; x_wconf 90' lang='lat' dir='ltr'><strong>hanc</strong></span> <span class='ocrx_word' id='word_1_701' title='bbox 2553 4171 2689 4229; x_wconf 87' lang='lat' dir='ltr'><strong>ergo</strong></span> <span class='ocrx_word' id='word_1_702' title='bbox 2715 4158 2993 4230; x_wconf 88' lang='lat' dir='ltr'><strong>justitiam</strong></span> <span class='ocrx_word' id='word_1_703' title='bbox 3044 4168 3212 4231; x_wconf 86' lang='lat' dir='ltr'><strong>atque</strong></span> <span class='ocrx_word' id='word_1_704' title='bbox 3255 4162 3663 4244; x_wconf 55' lang='lat' dir='ltr'><strong>innocentiam,</strong></span> 
     </span>
    </p>
   </div>
   <div class='ocr_carea' id='block_1_95' title="bbox 2085 4248 3668 4326">
    <p class='ocr_par' dir='ltr' id='par_1_95' title="bbox 2085 4248 3668 4326">
     <span class='ocr_line' id='line_1_95' title="bbox 2085 4248 3668 4326; baseline 0.009 -25"><span class='ocrx_word' id='word_1_705' title='bbox 2085 4255 2147 4302; x_wconf 92' lang='lat' dir='ltr'><strong>ut</strong></span> <span class='ocrx_word' id='word_1_706' title='bbox 2178 4263 2267 4305; x_wconf 90' lang='lat' dir='ltr'><strong>me</strong></span> <span class='ocrx_word' id='word_1_707' title='bbox 2298 4248 2514 4319; x_wconf 89' lang='lat' dir='ltr'><strong>judices</strong></span> <span class='ocrx_word' id='word_1_708' title='bbox 2549 4266 2764 4322; x_wconf 88' lang='lat' dir='ltr'><strong>precor,</strong></span> <span class='ocrx_word' id='word_1_709' title='bbox 2802 4261 2858 4308; x_wconf 90' lang='lat' dir='ltr'><strong>et</strong></span> <span class='ocrx_word' id='word_1_710' title='bbox 2902 4268 3011 4308; x_wconf 90' lang='lat' dir='ltr'><strong>non</strong></span> <span class='ocrx_word' id='word_1_711' title='bbox 3066 4254 3369 4311; x_wconf 87' lang='lat' dir='ltr'><strong>secundum</strong></span> <span class='ocrx_word' id='word_1_712' title='bbox 3424 4266 3668 4326; x_wconf 86' lang='lat' dir='ltr'><strong>peccata.</strong></span> 
     </span>
    </p>
   </div>
   <div class='ocr_carea' id='block_1_96' title="bbox 2082 4343 3671 4417">
    <p class='ocr_par' dir='ltr' id='par_1_96' title="bbox 2082 4343 3671 4417">
     <span class='ocr_line' id='line_1_96' title="bbox 2082 4343 3671 4417; baseline 0.004 -23"><span class='ocrx_word' id='word_1_713' title='bbox 2082 4355 2208 4410; x_wconf 69' lang='lat' dir='ltr'><strong>qua:</strong></span> <span class='ocrx_word' id='word_1_714' title='bbox 2243 4356 2273 4396; x_wconf 91' lang='lat' dir='ltr'><strong>a</strong></span> <span class='ocrx_word' id='word_1_715' title='bbox 2311 4357 2398 4397; x_wconf 91' lang='lat' dir='ltr'><strong>me</strong></span> <span class='ocrx_word' id='word_1_716' title='bbox 2427 4353 2587 4398; x_wconf 90' lang='lat' dir='ltr'><strong>antea</strong></span> <span class='ocrx_word' id='word_1_717' title='bbox 2618 4343 2916 4399; x_wconf 88' lang='lat' dir='ltr'><strong>commissa</strong></span> <span class='ocrx_word' id='word_1_718' title='bbox 2950 4344 3176 4401; x_wconf 79' lang='lat' dir='ltr'><strong>fuerunt</strong></span> <span class='ocrx_word' id='word_1_719' title='bbox 3203 4363 3215 4399; x_wconf 94' lang='lat'><strong>:</strong></span> <span class='ocrx_word' id='word_1_720' title='bbox 3248 4346 3342 4401; x_wconf 88' lang='lat' dir='ltr'><strong>sed</strong></span> <span class='ocrx_word' id='word_1_721' title='bbox 3373 4345 3547 4416; x_wconf 85' lang='lat' dir='ltr'><strong>ipsam</strong></span> <span class='ocrx_word' id='word_1_722' title='bbox 3574 4362 3671 4417; x_wconf 87' lang='lat' dir='ltr'><strong>per</strong></span> 
     </span>
    </p>
   </div>
   <div class='ocr_carea' id='block_1_97' title="bbox 2084 4436 3668 4508">
    <p class='ocr_par' dir='ltr' id='par_1_97' title="bbox 2084 4436 3668 4508">
     <span class='ocr_line' id='line_1_97' title="bbox 2084 4436 3668 4508; baseline 0.004 -21"><span class='ocrx_word' id='word_1_723' title='bbox 2084 4447 2145 4488; x_wconf 91' lang='lat' dir='ltr'><strong>se</strong></span> <span class='ocrx_word' id='word_1_724' title='bbox 2177 4448 2294 4488; x_wconf 91' lang='lat' dir='ltr'><strong>rem</strong></span> <span class='ocrx_word' id='word_1_725' title='bbox 2338 4444 2664 4504; x_wconf 64' lang='lat' dir='ltr'><strong>praesentem</strong></span> <span class='ocrx_word' id='word_1_726' title='bbox 2716 4444 2778 4491; x_wconf 92' lang='lat' dir='ltr'><strong>ut</strong></span> <span class='ocrx_word' id='word_1_727' title='bbox 2801 4436 3016 4506; x_wconf 81' lang='lat' dir='ltr'><strong>judices</strong></span> <span class='ocrx_word' id='word_1_728' title='bbox 3064 4451 3185 4503; x_wconf 88' lang='lat' dir='ltr'><strong>oro,</strong></span> <span class='ocrx_word' id='word_1_729' title='bbox 3227 4452 3405 4508; x_wconf 89' lang='lat' dir='ltr'><strong>neque</strong></span> <span class='ocrx_word' id='word_1_730' title='bbox 3436 4438 3668 4494; x_wconf 89' lang='lat' dir='ltr'><strong>aliorum</strong></span> 
     </span>
    </p>
   </div>
   <div class='ocr_carea' id='block_1_98' title="bbox 2015 4522 3287 4597">
    <p class='ocr_par' dir='ltr' id='par_1_98' title="bbox 2015 4522 3287 4597">
     <span class='ocr_line' id='line_1_98' title="bbox 2015 4522 3287 4597; baseline 0.005 -19"><span class='ocrx_word' id='word_1_731' title='bbox 2015 4534 2060 4592; x_wconf 76' lang='grc' dir='ltr'><strong><em>υ</em></strong></span> <span class='ocrx_word' id='word_1_732' title='bbox 2089 4522 2421 4594; x_wconf 83' lang='lat' dir='ltr'><strong>ﬂagitiorum</strong></span> <span class='ocrx_word' id='word_1_733' title='bbox 2454 4540 2487 4580; x_wconf 88' lang='lat' dir='ltr'><strong>a</strong></span> <span class='ocrx_word' id='word_1_734' title='bbox 2518 4540 2607 4580; x_wconf 93' lang='lat' dir='ltr'><strong>me</strong></span> <span class='ocrx_word' id='word_1_735' title='bbox 2633 4540 2781 4582; x_wconf 90' lang='lat' dir='ltr'><strong>nunc</strong></span> <span class='ocrx_word' id='word_1_736' title='bbox 2827 4541 3045 4596; x_wconf 73' lang='lat' dir='ltr'><strong>poenam</strong></span> <span class='ocrx_word' id='word_1_737' title='bbox 3078 4528 3287 4597; x_wconf 85' lang='lat' dir='ltr'><strong>exigas.</strong></span> 
     </span>
    </p>
   </div>
   <div class='ocr_carea' id='block_1_99' title="bbox 2157 4614 3668 4689">
    <p class='ocr_par' dir='ltr' id='par_1_99' title="bbox 2157 4614 3668 4689">
     <span class='ocr_line' id='line_1_99' title="bbox 2157 4614 3668 4689; baseline 0.004 -20"><span class='ocrx_word' id='word_1_738' title='bbox 2157 4614 2325 4672; x_wconf 68' lang='lat' dir='ltr'><strong>Vens.</strong></span> <span class='ocrx_word' id='word_1_739' title='bbox 2364 4617 2450 4672; x_wconf 70' lang='lat'><strong>10.</strong></span> <span class='ocrx_word' id='word_1_740' title='bbox 2493 4636 2512 4669; x_wconf 79' lang='grc' dir='ltr'>ι</span> <span class='ocrx_word' id='word_1_741' title='bbox 2551 4616 2985 4674; x_wconf 85' lang='lat' dir='ltr'><strong>Consummetnr</strong></span> <span class='ocrx_word' id='word_1_742' title='bbox 3015 4618 3260 4687; x_wconf 88' lang='lat' dir='ltr'><strong>nequitia</strong></span> <span class='ocrx_word' id='word_1_743' title='bbox 3293 4626 3668 4689; x_wconf 85' lang='lat' dir='ltr'><strong>peccatorum,</strong></span> 
     </span>
    </p>
   </div>
   <div class='ocr_carea' id='block_1_100' title="bbox 2080 4708 3672 4780">
    <p class='ocr_par' dir='ltr' id='par_1_100' title="bbox 2080 4708 3672 4780">
     <span class='ocr_line' id='line_1_100' title="bbox 2080 4708 3672 4780; baseline 0.002 -17"><span class='ocrx_word' id='word_1_744' title='bbox 2080 4718 2135 4763; x_wconf 88' lang='lat' dir='ltr'><strong>et</strong></span> <span class='ocrx_word' id='word_1_745' title='bbox 2167 4708 2374 4780; x_wconf 80' lang='lat' dir='ltr'><strong>diriges</strong></span> <span class='ocrx_word' id='word_1_746' title='bbox 2394 4708 2636 4780; x_wconf 87' lang='lat' dir='ltr'><strong>justum.</strong></span> <span class='ocrx_word' id='word_1_747' title='bbox 2667 4727 2686 4761; x_wconf 73' lang='grc' dir='ltr'>ι</span> <span class='ocrx_word' id='word_1_748' title='bbox 2716 4708 2823 4765; x_wconf 86' lang='lat' dir='ltr'><strong>Pro</strong></span> <span class='ocrx_word' id='word_1_749' title='bbox 2853 4718 3268 4777; x_wconf 71' lang='lat' dir='ltr'><strong>consummetur,</strong></span> <span class='ocrx_word' id='word_1_750' title='bbox 3304 4708 3672 4780; x_wconf 84' lang='lat' dir='ltr'><strong>Symmachus</strong></span> 
     </span>
    </p>
   </div>
   <div class='ocr_carea' id='block_1_101' title="bbox 2083 4802 3667 4873">
    <p class='ocr_par' dir='ltr' id='par_1_101' title="bbox 2083 4802 3667 4873">
     <span class='ocr_line' id='line_1_101' title="bbox 2083 4802 3667 4873; baseline 0.002 -18"><span class='ocrx_word' id='word_1_751' title='bbox 2083 4802 2269 4869; x_wconf 82' lang='lat' dir='ltr'><strong>posuit</strong></span> <span class='ocrx_word' id='word_1_752' title='bbox 2298 4802 2633 4872; x_wconf 77' lang='lat' dir='ltr'><strong>perﬁciatur.</strong></span> <span class='ocrx_word' id='word_1_753' title='bbox 2668 4802 2726 4857; x_wconf 88' lang='lat' dir='ltr'><strong>Si</strong></span> <span class='ocrx_word' id='word_1_754' title='bbox 2757 4803 2914 4858; x_wconf 90' lang='lat' dir='ltr'><strong>irrita</strong></span> <span class='ocrx_word' id='word_1_755' title='bbox 2953 4802 3119 4858; x_wconf 81' lang='lat' dir='ltr'><strong>fuerit</strong></span> <span class='ocrx_word' id='word_1_756' title='bbox 3147 4803 3358 4858; x_wconf 89' lang='lat' dir='ltr'><strong>reddita</strong></span> <span class='ocrx_word' id='word_1_757' title='bbox 3378 4844 3394 4867; x_wconf 93' lang='lat'><strong>,</strong></span> <span class='ocrx_word' id='word_1_758' title='bbox 3449 4803 3667 4873; x_wconf 82' lang='lat' dir='ltr'><strong>inquit,</strong></span> 
     </span>
    </p>
   </div>
   <div class='ocr_carea' id='block_1_102' title="bbox 2081 4894 3669 4965">
    <p class='ocr_par' dir='ltr' id='par_1_102' title="bbox 2081 4894 3669 4965">
     <span class='ocr_line' id='line_1_102' title="bbox 2081 4894 3669 4965; baseline 0.001 -16"><span class='ocrx_word' id='word_1_759' title='bbox 2081 4894 2328 4964; x_wconf 85' lang='lat' dir='ltr'><strong>nequitia</strong></span> <span class='ocrx_word' id='word_1_760' title='bbox 2381 4908 2599 4959; x_wconf 91' lang='lat' dir='ltr'><strong>eorum,</strong></span> <span class='ocrx_word' id='word_1_761' title='bbox 2655 4894 2752 4965; x_wconf 89' lang='lat' dir='ltr'><strong>qui</strong></span> <span class='ocrx_word' id='word_1_762' title='bbox 2809 4894 3017 4950; x_wconf 83' lang='lat' dir='ltr'><strong>malitia</strong></span> <span class='ocrx_word' id='word_1_763' title='bbox 3077 4909 3395 4961; x_wconf 84' lang='lat' dir='ltr'><strong>assuevere,</strong></span> <span class='ocrx_word' id='word_1_764' title='bbox 3445 4894 3669 4951; x_wconf 89' lang='lat' dir='ltr'><strong>virtutis</strong></span> 
     </span>
    </p>
   </div>
   <div class='ocr_carea' id='block_1_103' title="bbox 2084 4986 3537 5058">
    <p class='ocr_par' dir='ltr' id='par_1_103' title="bbox 2084 4986 3537 5058">
     <span class='ocr_line' id='line_1_103' title="bbox 2084 4986 3537 5058; baseline 0.001 -18"><span class='ocrx_word' id='word_1_765' title='bbox 2084 4986 2292 5042; x_wconf 88' lang='lat' dir='ltr'><strong>alumni</strong></span> <span class='ocrx_word' id='word_1_766' title='bbox 2317 4986 2623 5044; x_wconf 87' lang='lat' dir='ltr'><strong>studiosius</strong></span> <span class='ocrx_word' id='word_1_767' title='bbox 2654 4986 2775 5058; x_wconf 88' lang='lat' dir='ltr'><strong>ejus</strong></span> <span class='ocrx_word' id='word_1_768' title='bbox 2806 4989 3145 5057; x_wconf 83' lang='lat' dir='ltr'><strong>propositum</strong></span> <span class='ocrx_word' id='word_1_769' title='bbox 3172 4986 3278 5043; x_wconf 90' lang='lat' dir='ltr'><strong>iter</strong></span> <span class='ocrx_word' id='word_1_770' title='bbox 3315 4986 3537 5043; x_wconf 77' lang='lat' dir='ltr'><strong>facient.</strong></span> 
     </span>
    </p>
   </div>
   <div class='ocr_carea' id='block_1_104' title="bbox 2157 5159 3657 5218">
    <p class='ocr_par' dir='ltr' id='par_1_104' title="bbox 2157 5159 3657 5218">
     <span class='ocr_line' id='line_1_104' title="bbox 2157 5159 3657 5218; baseline -0.001 -4"><span class='ocrx_word' id='word_1_771' title='bbox 2157 5159 2325 5215; x_wconf 77' lang='lat' dir='ltr'><strong>Vens.</strong></span> <span class='ocrx_word' id='word_1_772' title='bbox 2382 5161 2467 5214; x_wconf 88' lang='lat' dir='ltr'><strong>ll.</strong></span> <span class='ocrx_word' id='word_1_773' title='bbox 2512 5179 2531 5213; x_wconf 80' lang='grc' dir='ltr'>ι</span> <span class='ocrx_word' id='word_1_774' title='bbox 2574 5159 2842 5216; x_wconf 88' lang='lat' dir='ltr'><strong>Scrutans</strong></span> <span class='ocrx_word' id='word_1_775' title='bbox 2893 5161 3058 5218; x_wconf 89' lang='lat' dir='ltr'><strong>corda</strong></span> <span class='ocrx_word' id='word_1_776' title='bbox 3108 5169 3163 5217; x_wconf 90' lang='lat' dir='ltr'><strong>et</strong></span> <span class='ocrx_word' id='word_1_777' title='bbox 3230 5176 3391 5218; x_wconf 88' lang='lat' dir='ltr'><strong>renes</strong></span> <span class='ocrx_word' id='word_1_778' title='bbox 3434 5160 3599 5217; x_wconf 87' lang='lat' dir='ltr'><strong>Deus.</strong></span> <span class='ocrx_word' id='word_1_779' title='bbox 3636 5177 3657 5213; x_wconf 77' lang='grc' dir='ltr'>ι</span> 
     </span>
    </p>
   </div>
   <div class='ocr_carea' id='block_1_105' title="bbox 466 5276 1981 5355">
    <p class='ocr_par' dir='ltr' id='par_1_105' title="bbox 466 5278 1949 5355">
     <span class='ocr_line' id='line_1_105' title="bbox 466 5278 1949 5355; baseline -0.006 -12"><span class='ocrx_word' id='word_1_780' title='bbox 466 5286 483 5337; x_wconf 80' lang='lat' dir='ltr'><strong>l</strong></span> <span class='ocrx_word' id='word_1_781' title='bbox 531 5287 676 5347; x_wconf 83' lang='lat' dir='ltr'><strong>Psal.</strong></span> <span class='ocrx_word' id='word_1_782' title='bbox 721 5304 874 5355; x_wconf 80' lang='lat' dir='ltr'><strong>mn,</strong></span> <span class='ocrx_word' id='word_1_783' title='bbox 906 5287 999 5343; x_wconf 72' lang='lat'><strong>23.</strong></span> <span class='ocrx_word' id='word_1_784' title='bbox 1077 5288 1106 5327; x_wconf 79' lang='grc' dir='ltr'>ιι</span> <span class='ocrx_word' id='word_1_785' title='bbox 1136 5285 1284 5343; x_wconf 87' lang='lat' dir='ltr'><strong>Psal.</strong></span> <span class='ocrx_word' id='word_1_786' title='bbox 1311 5300 1393 5348; x_wconf 83' lang='grc' dir='ltr'>ιιι,</span> <span class='ocrx_word' id='word_1_787' title='bbox 1424 5285 1476 5337; x_wconf 90' lang='lat'><strong>7.</strong></span> <span class='ocrx_word' id='word_1_788' title='bbox 1561 5278 1579 5319; x_wconf 77' lang='grc' dir='ltr'>ι</span> <span class='ocrx_word' id='word_1_789' title='bbox 1621 5280 1764 5337; x_wconf 90' lang='lat' dir='ltr'><strong>Psal.</strong></span> <span class='ocrx_word' id='word_1_790' title='bbox 1805 5297 1854 5347; x_wconf 80' lang='grc' dir='ltr'>ι,</span> <span class='ocrx_word' id='word_1_791' title='bbox 1893 5280 1949 5334; x_wconf 75' lang='lat'><strong>3.</strong></span> 
     </span>
    </p>
   </div>
   <div class='ocr_carea' id='block_1_106' title="bbox 2083 5276 2530 5355">
    <p class='ocr_par' dir='ltr' id='par_1_106' title="bbox 2104 5276 2530 5339">
     <span class='ocr_line' id='line_1_106' title="bbox 2104 5276 2530 5339; baseline -0.005 -7"><span class='ocrx_word' id='word_1_792' title='bbox 2104 5276 2251 5335; x_wconf 82' lang='lat' dir='ltr'><strong>Psal.</strong></span> <span class='ocrx_word' id='word_1_793' title='bbox 2293 5293 2444 5339; x_wconf 70' lang='lat' dir='ltr'><strong>xxxx,</strong></span> <span class='ocrx_word' id='word_1_794' title='bbox 2477 5278 2530 5333; x_wconf 81' lang='lat'><strong>5.</strong></span> 
     </span>
    </p>
   </div>
   <div class='ocr_carea' id='block_1_107' title="bbox 1468 5384 2540 5471">
    <p class='ocr_par' dir='ltr' id='par_1_107' title="bbox 1468 5384 2540 5471">
     <span class='ocr_line' id='line_1_107' title="bbox 1468 5384 2540 5471; baseline 0.001 -1"><span class='ocrx_word' id='word_1_795' title='bbox 1468 5384 1705 5471; x_wconf 55' lang='lat' dir='ltr'><strong>vnum</strong></span> <span class='ocrx_word' id='word_1_796' title='bbox 1748 5410 2134 5470; x_wconf 72' lang='lat' dir='ltr'><strong>LECTIONES</strong></span> <span class='ocrx_word' id='word_1_797' title='bbox 2174 5412 2264 5468; x_wconf 88' lang='lat' dir='ltr'><strong>ET</strong></span> <span class='ocrx_word' id='word_1_798' title='bbox 2302 5412 2540 5471; x_wconf 70' lang='lat' dir='ltr'><strong>NOTIE.</strong></span> 
     </span>
    </p>
   </div>
   <div class='ocr_carea' id='block_1_108' title="bbox 453 5524 1981 5605">
    <p class='ocr_par' dir='ltr' id='par_1_108' title="bbox 453 5525 1981 5605">
     <span class='ocr_line' id='line_1_108' title="bbox 453 5525 1981 5605; baseline 0.001 -12"><span class='ocrx_word' id='word_1_799' title='bbox 453 5540 503 5575; x_wconf 68' lang='grc' dir='ltr'><strong>εδ</strong></span> <span class='ocrx_word' id='word_1_800' title='bbox 530 5541 595 5593; x_wconf 88' lang='lat'><strong>&#39;0</strong></span> <span class='ocrx_word' id='word_1_801' title='bbox 624 5568 696 5580; x_wconf 90' lang='lat'><strong>—</strong></span> <span class='ocrx_word' id='word_1_802' title='bbox 720 5540 813 5594; x_wconf 82' lang='grc' dir='ltr'>οὐ.</span> <span class='ocrx_word' id='word_1_803' title='bbox 847 5535 969 5591; x_wconf 81' lang='lat' dir='ltr'><strong>cod.</strong></span> <span class='ocrx_word' id='word_1_804' title='bbox 1003 5543 1252 5605; x_wconf 84' lang='lat' dir='ltr'><strong>uterque.</strong></span> <span class='ocrx_word' id='word_1_805' title='bbox 1276 5532 1364 5605; x_wconf 34' lang='lat' dir='ltr'><strong>96A</strong></span> <span class='ocrx_word' id='word_1_806' title='bbox 1382 5531 1573 5601; x_wconf 73' lang='grc' dir='ltr'>καιρὸς</span> <span class='ocrx_word' id='word_1_807' title='bbox 1604 5526 1735 5605; x_wconf 61' lang='grc' dir='ltr'>γάρ·</span> <span class='ocrx_word' id='word_1_808' title='bbox 1771 5525 1846 5580; x_wconf 68' lang='grc'><strong>11³</strong></span> <span class='ocrx_word' id='word_1_809' title='bbox 1876 5540 1981 5605; x_wconf 81' lang='lat' dir='ltr'><strong>quo</strong></span> 
     </span>
    </p>
   </div>
   <div class='ocr_carea' id='block_1_109' title="bbox 2083 5524 3657 5605">
    <p class='ocr_par' dir='ltr' id='par_1_109' title="bbox 2083 5524 3657 5605">
     <span class='ocr_line' id='line_1_109' title="bbox 2083 5524 3657 5605; baseline 0.001 -26"><span class='ocrx_word' id='word_1_810' title='bbox 2083 5540 2094 5578; x_wconf 75' lang='grc' dir='ltr'><strong>ι</strong></span> <span class='ocrx_word' id='word_1_811' title='bbox 2128 5527 2264 5605; x_wconf 85' lang='lat' dir='ltr'><strong>eod_._</strong></span> <span class='ocrx_word' id='word_1_812' title='bbox 2285 5527 2430 5605; x_wconf 73' lang='lat' dir='ltr'><strong>Flor.</strong></span> <span class='ocrx_word' id='word_1_813' title='bbox 2462 5540 2514 5585; x_wconf 90' lang='lat' dir='ltr'><strong>et</strong></span> <span class='ocrx_word' id='word_1_814' title='bbox 2539 5528 2708 5605; x_wconf 60' lang='lat' dir='ltr'><strong>(Iord.</strong></span> <span class='ocrx_word' id='word_1_815' title='bbox 2729 5529 2768 5584; x_wconf 90' lang='lat' dir='ltr'><strong>l.</strong></span> <span class='ocrx_word' id='word_1_816' title='bbox 2801 5544 2853 5585; x_wconf 91' lang='lat' dir='ltr'><strong>c.</strong></span> <span class='ocrx_word' id='word_1_817' title='bbox 2899 5524 3657 5605; x_wconf 49' lang='lat' dir='ltr'><strong>_“:Anqgca;ls‘dova:tr.cod:</strong></span> 
     </span>
    </p>
   </div>
   <div class='ocr_carea' id='block_1_110' title="bbox 385 5599 1934 5671">
    <p class='ocr_par' dir='ltr' id='par_1_110' title="bbox 385 5599 1934 5671">
     <span class='ocr_line' id='line_1_110' title="bbox 385 5599 1934 5671; baseline -0.009 -6"><span class='ocrx_word' id='word_1_818' title='bbox 385 5612 426 5667; x_wconf 76' lang='lat'><strong>2</strong></span> <span class='ocrx_word' id='word_1_819' title='bbox 459 5610 899 5664; x_wconf 83' lang='grc' dir='ltr'>ἐπικαλέσουσιν.</span> <span class='ocrx_word' id='word_1_820' title='bbox 975 5605 1022 5637; x_wconf 75' lang='grc'><strong>⁸⁸</strong></span> <span class='ocrx_word' id='word_1_821' title='bbox 1059 5599 1163 5659; x_wconf 64' lang='lat' dir='ltr'><strong>Me.</strong></span> <span class='ocrx_word' id='word_1_822' title='bbox 1188 5603 1312 5658; x_wconf 85' lang='lat' dir='ltr'><strong>cod.</strong></span> <span class='ocrx_word' id='word_1_823' title='bbox 1339 5602 1373 5656; x_wconf 72' lang='grc'>2</span> <span class='ocrx_word' id='word_1_824' title='bbox 1406 5599 1516 5671; x_wconf 79' lang='grc' dir='ltr'>μοι,</span> <span class='ocrx_word' id='word_1_825' title='bbox 1543 5609 1603 5654; x_wconf 87' lang='lat' dir='ltr'><strong>ut</strong></span> <span class='ocrx_word' id='word_1_826' title='bbox 1629 5599 1791 5671; x_wconf 78' lang='lat' dir='ltr'><strong>habet</strong></span> <span class='ocrx_word' id='word_1_827' title='bbox 1812 5599 1934 5671; x_wconf 69' lang='lat' dir='ltr'><strong>cod.</strong></span> 
     </span>
    </p>
   </div>
   <div class='ocr_carea' id='block_1_111' title="bbox 390 5672 1413 5749">
    <p class='ocr_par' dir='ltr' id='par_1_111' title="bbox 390 5672 1413 5749">
     <span class='ocr_line' id='line_1_111' title="bbox 390 5672 1413 5749; baseline -0.011 -13"><span class='ocrx_word' id='word_1_828' title='bbox 390 5679 609 5749; x_wconf 84' lang='grc' dir='ltr'>Κυρίῳ.</span> <span class='ocrx_word' id='word_1_829' title='bbox 648 5678 772 5749; x_wconf 88' lang='lat' dir='ltr'><strong>Des.</strong></span> <span class='ocrx_word' id='word_1_830' title='bbox 808 5675 950 5746; x_wconf 85' lang='lat' dir='ltr'><strong>apud</strong></span> <span class='ocrx_word' id='word_1_831' title='bbox 1000 5672 1413 5749; x_wconf 21' lang='lat' dir='ltr'><strong>Cordum-125.</strong></span> 
     </span>
    </p>
   </div>
   <div class='ocr_carea' id='block_1_112' title="bbox 1518 5666 2313 5735">
    <p class='ocr_par' dir='ltr' id='par_1_112' title="bbox 1518 5666 2313 5735">
     <span class='ocr_line' id='line_1_112' title="bbox 1518 5666 2313 5735; baseline -0.006 -11"><span class='ocrx_word' id='word_1_832' title='bbox 1518 5671 1564 5703; x_wconf 81' lang='lat'>“</span> <span class='ocrx_word' id='word_1_833' title='bbox 1592 5667 1770 5735; x_wconf 79' lang='grc' dir='ltr'>Φησί.</span> <span class='ocrx_word' id='word_1_834' title='bbox 1828 5666 1999 5721; x_wconf 78' lang='lat' dir='ltr'><strong>Abest</strong></span> <span class='ocrx_word' id='word_1_835' title='bbox 2031 5680 2071 5735; x_wconf 15' lang='lat' dir='ltr'><strong>a7</strong></span> <span class='ocrx_word' id='word_1_836' title='bbox 2095 5668 2219 5723; x_wconf 89' lang='lat' dir='ltr'><strong>cod.</strong></span> <span class='ocrx_word' id='word_1_837' title='bbox 2259 5670 2313 5724; x_wconf 74' lang='grc'>2.</span> 
     </span>
    </p>
   </div>
   <div class='ocr_carea' id='block_1_113' title="bbox 2035 5592 3662 5665">
    <p class='ocr_par' dir='ltr' id='par_1_113' title="bbox 2035 5592 3662 5665">
     <span class='ocr_line' id='line_1_113' title="bbox 2035 5592 3662 5665; baseline 0.007 -16"><span class='ocrx_word' id='word_1_838' title='bbox 2035 5596 2141 5650; x_wconf 82' lang='lat' dir='ltr'><strong>lex.</strong></span> <span class='ocrx_word' id='word_1_839' title='bbox 2219 5600 2264 5632; x_wconf 78' lang='lat'>&quot;</span> <span class='ocrx_word' id='word_1_840' title='bbox 2305 5600 2492 5665; x_wconf 80' lang='grc' dir='ltr'>Θεῖος.</span> <span class='ocrx_word' id='word_1_841' title='bbox 2528 5600 2695 5655; x_wconf 84' lang='lat' dir='ltr'><strong>Abest</strong></span> <span class='ocrx_word' id='word_1_842' title='bbox 2725 5614 2755 5655; x_wconf 90' lang='lat' dir='ltr'><strong>a</strong></span> <span class='ocrx_word' id='word_1_843' title='bbox 2814 5597 2938 5653; x_wconf 88' lang='lat' dir='ltr'><strong>cod.</strong></span> <span class='ocrx_word' id='word_1_844' title='bbox 2974 5597 3030 5651; x_wconf 77' lang='grc'>2.</span> <span class='ocrx_word' id='word_1_845' title='bbox 3107 5595 3151 5627; x_wconf 80' lang='grc'><strong>⁸⁸</strong></span> <span class='ocrx_word' id='word_1_846' title='bbox 3190 5592 3662 5665; x_wconf 59' lang='grc' dir='ltr'><strong>Τάνανῖία-ζῷ</strong></span> 
     </span>
    </p>
   </div>
   <div class='ocr_carea' id='block_1_114' title="bbox 2432 5662 3661 5730">
    <p class='ocr_par' dir='ltr' id='par_1_114' title="bbox 2432 5662 3661 5730">
     <span class='ocr_line' id='line_1_114' title="bbox 2432 5662 3661 5730; baseline 0.012 -13"><span class='ocrx_word' id='word_1_847' title='bbox 2432 5662 2481 5702; x_wconf 52' lang='grc'><strong>⁷⁷⁸</strong></span> <span class='ocrx_word' id='word_1_848' title='bbox 2510 5670 2809 5729; x_wconf 78' lang='grc' dir='ltr'>Ἀκακίαν.</span> <span class='ocrx_word' id='word_1_849' title='bbox 2842 5667 2964 5723; x_wconf 91' lang='lat' dir='ltr'><strong>cod.</strong></span> <span class='ocrx_word' id='word_1_850' title='bbox 2997 5666 3022 5721; x_wconf 82' lang='grc'><strong>1</strong></span> <span class='ocrx_word' id='word_1_851' title='bbox 3070 5664 3292 5720; x_wconf 87' lang='grc' dir='ltr'>κακίαν.</span> <span class='ocrx_word' id='word_1_852' title='bbox 3379 5663 3423 5694; x_wconf 85' lang='grc'><strong>⁷¹</strong></span> <span class='ocrx_word' id='word_1_853' title='bbox 3452 5662 3661 5730; x_wconf 69' lang='grc' dir='ltr'><strong>Αὐτὴν</strong></span> 
     </span>
    </p>
   </div>
   <div class='ocr_carea' id='block_1_115' title="bbox 384 5733 1981 5818">
    <p class='ocr_par' dir='ltr' id='par_1_115' title="bbox 384 5733 1981 5818">
     <span class='ocr_line' id='line_1_115' title="bbox 384 5733 1981 5818; baseline -0.008 -15"><span class='ocrx_word' id='word_1_854' title='bbox 384 5733 462 5792; x_wconf 51' lang='grc' dir='ltr'>ξ</span> <span class='ocrx_word' id='word_1_855' title='bbox 478 5733 708 5818; x_wconf 67' lang='grc' dir='ltr'>ἱίμὶιρτ.</span> <span class='ocrx_word' id='word_1_856' title='bbox 724 5733 859 5802; x_wconf 54' lang='lat' dir='ltr'><strong>Des:</strong></span> <span class='ocrx_word' id='word_1_857' title='bbox 881 5745 1024 5815; x_wconf 90' lang='lat' dir='ltr'><strong>apud</strong></span> <span class='ocrx_word' id='word_1_858' title='bbox 1049 5733 1291 5818; x_wconf 48' lang='grc' dir='ltr'><strong>μοι-(1.1.</strong></span> <span class='ocrx_word' id='word_1_859' title='bbox 1324 5757 1376 5797; x_wconf 91' lang='lat' dir='ltr'><strong>c.</strong></span> <span class='ocrx_word' id='word_1_860' title='bbox 1396 5811 1410 5818; x_wconf 88' lang='lat'>_</span> <span class='ocrx_word' id='word_1_861' title='bbox 1427 5742 1497 5818; x_wconf 65' lang='lat'><strong>_&quot;&#39;</strong></span> <span class='ocrx_word' id='word_1_862' title='bbox 1560 5733 1710 5795; x_wconf 67' lang='grc' dir='ltr'><strong>Νῦν.</strong></span> <span class='ocrx_word' id='word_1_863' title='bbox 1730 5736 1898 5792; x_wconf 85' lang='lat' dir='ltr'><strong>Abest</strong></span> <span class='ocrx_word' id='word_1_864' title='bbox 1920 5751 1951 5792; x_wconf 90' lang='lat' dir='ltr'><strong>a</strong></span> <span class='ocrx_word' id='word_1_865' title='bbox 1975 5756 1981 5785; x_wconf 82' lang='grc'><strong><em>‹</em></strong></span> 
     </span>
    </p>
   </div>
   <div class='ocr_carea' id='block_1_116' title="bbox 2083 5733 3662 5818">
    <p class='ocr_par' dir='ltr' id='par_1_116' title="bbox 2084 5733 3662 5811">
     <span class='ocr_line' id='line_1_116' title="bbox 2084 5733 3662 5811; baseline -0.005 -17"><span class='ocrx_word' id='word_1_866' title='bbox 2084 5778 2096 5790; x_wconf 92' lang='grc'><strong>.</strong></span> <span class='ocrx_word' id='word_1_867' title='bbox 2129 5739 2182 5795; x_wconf 75' lang='lat'><strong>2.</strong></span> <span class='ocrx_word' id='word_1_868' title='bbox 2261 5742 2308 5775; x_wconf 85' lang='grc'><strong>⁷³</strong></span> <span class='ocrx_word' id='word_1_869' title='bbox 2336 5740 2559 5811; x_wconf 80' lang='grc' dir='ltr'>Αὐτῆς.</span> <span class='ocrx_word' id='word_1_870' title='bbox 2595 5739 2825 5796; x_wconf 72' lang='lat' dir='ltr'><strong>Prmstat</strong></span> <span class='ocrx_word' id='word_1_871' title='bbox 2853 5737 3016 5795; x_wconf 87' lang='lat' dir='ltr'><strong>lectio</strong></span> <span class='ocrx_word' id='word_1_872' title='bbox 3042 5736 3333 5807; x_wconf 83' lang='lat' dir='ltr'><strong>utriusque</strong></span> <span class='ocrx_word' id='word_1_873' title='bbox 3383 5734 3506 5791; x_wconf 88' lang='lat' dir='ltr'><strong>cod.</strong></span> <span class='ocrx_word' id='word_1_874' title='bbox 3556 5733 3662 5787; x_wconf 69' lang='lat' dir='ltr'><strong>ao-</strong></span> 
     </span>
    </p>
   </div>
   <div class='ocr_carea' id='block_1_117' title="bbox 386 5810 1513 5887">
    <p class='ocr_par' dir='ltr' id='par_1_117' title="bbox 386 5810 1513 5887">
     <span class='ocr_line' id='line_1_117' title="bbox 386 5810 1513 5887; baseline -0.007 -14"><span class='ocrx_word' id='word_1_875' title='bbox 386 5810 536 5883; x_wconf 71' lang='grc' dir='ltr'><strong>τοῖςῖ</strong></span> <span class='ocrx_word' id='word_1_876' title='bbox 566 5810 640 5874; x_wconf 82' lang='grc' dir='ltr'>1ιά</span> <span class='ocrx_word' id='word_1_877' title='bbox 667 5833 887 5887; x_wconf 84' lang='lat' dir='ltr'><strong>quoque</strong></span> <span class='ocrx_word' id='word_1_878' title='bbox 918 5810 1065 5886; x_wconf 72' lang='lat' dir='ltr'><strong>apud</strong></span> <span class='ocrx_word' id='word_1_879' title='bbox 1098 5812 1264 5870; x_wconf 84' lang='lat' dir='ltr'><strong>Cord.</strong></span> <span class='ocrx_word' id='word_1_880' title='bbox 1298 5826 1352 5881; x_wconf 88' lang='lat' dir='ltr'><strong>p.</strong></span> <span class='ocrx_word' id='word_1_881' title='bbox 1392 5810 1513 5866; x_wconf 73' lang='grc'><strong>126.</strong></span> 
     </span>
    </p>
   </div>
  </div>
