  <div class='ocr_page' id='page_1' title='image "/cluster/home/n/w/nwhite01/storage/ocr_20150623/80:no.1/coo.31924054869817/464.png"; bbox 0 0 4090 6428; ppageno 0'>
   <div class='ocr_carea' id='block_1_1' title="bbox 316 405 536 471">
    <p class='ocr_par' dir='ltr' id='par_1_1' title="bbox 316 405 536 471">
     <span class='ocr_line' id='line_1_1' title="bbox 316 405 536 471; baseline 0.014 -3"><span class='ocrx_word' id='word_1_1' title='bbox 316 420 327 429; x_wconf 89' lang='grc'><strong>·</strong></span> <span class='ocrx_word' id='word_1_2' title='bbox 432 405 536 471; x_wconf 83' lang='grc'><strong>913</strong></span> 
     </span>
    </p>
   </div>
   <div class='ocr_carea' id='block_1_2' title="bbox 1778 422 2290 490">
    <p class='ocr_par' dir='ltr' id='par_1_2' title="bbox 1778 422 2290 490">
     <span class='ocr_line' id='line_1_2' title="bbox 1778 422 2290 490; baseline 0.02 -11"><span class='ocrx_word' id='word_1_3' title='bbox 1778 422 1854 480; x_wconf 84' lang='grc' dir='ltr'><strong>ΙΝ</strong></span> <span class='ocrx_word' id='word_1_4' title='bbox 1892 422 2094 490; x_wconf 79' lang='lat' dir='ltr'><strong>PSAL.</strong></span> <span class='ocrx_word' id='word_1_5' title='bbox 2127 427 2290 489; x_wconf 83' lang='lat' dir='ltr'>VIII.</span> 
     </span>
    </p>
   </div>
   <div class='ocr_carea' id='block_1_3' title="bbox 3599 430 3709 496">
    <p class='ocr_par' dir='ltr' id='par_1_3' title="bbox 3599 430 3709 496">
     <span class='ocr_line' id='line_1_3' title="bbox 3599 430 3709 496; baseline -0.009 0"><span class='ocrx_word' id='word_1_6' title='bbox 3599 430 3709 496; x_wconf 58' lang='lat'><strong>917$</strong></span> 
     </span>
    </p>
   </div>
   <div class='ocr_carea' id='block_1_4' title="bbox 434 515 2025 607">
    <p class='ocr_par' dir='ltr' id='par_1_4' title="bbox 434 515 2012 596">
     <span class='ocr_line' id='line_1_4' title="bbox 434 515 2012 596; baseline 0.008 -28"><span class='ocrx_word' id='word_1_7' title='bbox 434 516 683 585; x_wconf 72' lang='grc' dir='ltr'>ὑψίστου.</span> <span class='ocrx_word' id='word_1_8' title='bbox 735 535 752 566; x_wconf 74' lang='grc' dir='ltr'><strong>ι</strong></span> <span class='ocrx_word' id='word_1_9' title='bbox 808 515 951 583; x_wconf 85' lang='grc' dir='ltr'><strong>Ἐγὼ</strong></span> <span class='ocrx_word' id='word_1_10' title='bbox 981 518 1062 571; x_wconf 67' lang='grc' dir='ltr'><strong>εδὲ</strong></span> <span class='ocrx_word' id='word_1_11' title='bbox 1102 521 1377 592; x_wconf 76' lang='grc' dir='ltr'>τοσαύτης</span> <span class='ocrx_word' id='word_1_12' title='bbox 1424 521 1520 574; x_wconf 74' lang='grc' dir='ltr'>τοῦ</span> <span class='ocrx_word' id='word_1_13' title='bbox 1560 523 1696 577; x_wconf 75' lang='grc' dir='ltr'>Θεοῦ</span> <span class='ocrx_word' id='word_1_14' title='bbox 1751 528 2012 596; x_wconf 75' lang='grc' dir='ltr'>προνοίας</span> 
     </span>
    </p>
   </div>
   <div class='ocr_carea' id='block_1_5' title="bbox 2125 515 3707 607">
    <p class='ocr_par' dir='ltr' id='par_1_5' title="bbox 2125 534 3707 607">
     <span class='ocr_line' id='line_1_5' title="bbox 2125 534 3707 607; baseline 0.008 -22"><span class='ocrx_word' id='word_1_15' title='bbox 2125 534 2229 604; x_wconf 83' lang='lat' dir='ltr'><strong>Ego</strong></span> <span class='ocrx_word' id='word_1_16' title='bbox 2260 535 2406 591; x_wconf 89' lang='lat' dir='ltr'><strong>enim</strong></span> <span class='ocrx_word' id='word_1_17' title='bbox 2445 544 2650 592; x_wconf 93' lang='lat' dir='ltr'><strong>tantam</strong></span> <span class='ocrx_word' id='word_1_18' title='bbox 2685 553 2719 591; x_wconf 86' lang='lat' dir='ltr'><strong>a</strong></span> <span class='ocrx_word' id='word_1_19' title='bbox 2747 536 2857 592; x_wconf 83' lang='lat' dir='ltr'><strong>Deo</strong></span> <span class='ocrx_word' id='word_1_20' title='bbox 2903 535 3304 607; x_wconf 82' lang='lat' dir='ltr'><strong>previdentiam</strong></span> <span class='ocrx_word' id='word_1_21' title='bbox 3347 551 3707 606; x_wconf 80' lang='lat' dir='ltr'><strong>consecutus,</strong></span> 
     </span>
    </p>
   </div>
   <div class='ocr_carea' id='block_1_6' title="bbox 431 606 2013 691">
    <p class='ocr_par' dir='ltr' id='par_1_6' title="bbox 431 606 2013 691">
     <span class='ocr_line' id='line_1_6' title="bbox 431 606 2013 691; baseline 0.007 -30"><span class='ocrx_word' id='word_1_22' title='bbox 431 606 635 678; x_wconf 82' lang='grc' dir='ltr'>τυχὼν,</span> <span class='ocrx_word' id='word_1_23' title='bbox 671 607 901 678; x_wconf 76' lang='grc' dir='ltr'>ὑμνήσω</span> <span class='ocrx_word' id='word_1_24' title='bbox 929 609 1021 662; x_wconf 79' lang='grc' dir='ltr'><strong>τὸν</strong></span> <span class='ocrx_word' id='word_1_25' title='bbox 1052 611 1351 683; x_wconf 79' lang='grc' dir='ltr'><strong>εὐεργέτην</strong></span> <span class='ocrx_word' id='word_1_26' title='bbox 1400 612 1686 684; x_wconf 76' lang='grc' dir='ltr'><strong>διηνεκῶς,</strong></span> <span class='ocrx_word' id='word_1_27' title='bbox 1737 620 1837 688; x_wconf 78' lang='grc' dir='ltr'>τῆς</span> <span class='ocrx_word' id='word_1_28' title='bbox 1890 619 2013 691; x_wconf 85' lang='grc' dir='ltr'>κρί-</span> 
     </span>
    </p>
   </div>
   <div class='ocr_carea' id='block_1_7' title="bbox 435 698 1316 772">
    <p class='ocr_par' dir='ltr' id='par_1_7' title="bbox 435 698 1316 772">
     <span class='ocr_line' id='line_1_7' title="bbox 435 698 1316 772; baseline 0.008 -20"><span class='ocrx_word' id='word_1_29' title='bbox 435 716 575 763; x_wconf 86' lang='grc' dir='ltr'>σεως</span> <span class='ocrx_word' id='word_1_30' title='bbox 599 698 661 753; x_wconf 77' lang='grc' dir='ltr'>τὸ</span> <span class='ocrx_word' id='word_1_31' title='bbox 697 700 909 753; x_wconf 87' lang='grc' dir='ltr'>δίκαιον</span> <span class='ocrx_word' id='word_1_32' title='bbox 931 701 1316 772; x_wconf 82' lang='grc' dir='ltr'>διηγούμενος.</span> 
     </span>
    </p>
   </div>
   <div class='ocr_carea' id='block_1_8' title="bbox 775 819 1681 882">
    <p class='ocr_par' dir='ltr' id='par_1_8' title="bbox 775 819 1681 882">
     <span class='ocr_line' id='line_1_8' title="bbox 775 819 1681 882; baseline 0.012 -11"><span class='ocrx_word' id='word_1_33' title='bbox 775 819 1041 873; x_wconf 83' lang='lat' dir='ltr'><strong>EPMIIN.</strong></span> <span class='ocrx_word' id='word_1_34' title='bbox 1089 822 1225 874; x_wconf 80' lang='grc' dir='ltr'><strong>ΤΟΥ</strong></span> <span class='ocrx_word' id='word_1_35' title='bbox 1256 824 1317 876; x_wconf 84' lang='grc' dir='ltr'><strong>Π¹</strong></span> <span class='ocrx_word' id='word_1_36' title='bbox 1361 826 1681 882; x_wconf 80' lang='grc' dir='ltr'><strong>ΨΛΛΜΟΥ.</strong></span> 
     </span>
    </p>
   </div>
   <div class='ocr_carea' id='block_1_9' title="bbox 506 931 2016 1013">
    <p class='ocr_par' dir='ltr' id='par_1_9' title="bbox 506 931 2016 1013">
     <span class='ocr_line' id='line_1_9' title="bbox 506 931 2016 1013; baseline 0.009 -31"><span class='ocrx_word' id='word_1_37' title='bbox 506 936 575 985; x_wconf 83' lang='grc' dir='ltr'><strong>α’,</strong></span> <span class='ocrx_word' id='word_1_38' title='bbox 611 948 630 980; x_wconf 81' lang='grc' dir='ltr'><strong>ι</strong></span> <span class='ocrx_word' id='word_1_39' title='bbox 669 931 762 993; x_wconf 86' lang='grc' dir='ltr'><strong>Εἰς</strong></span> <span class='ocrx_word' id='word_1_40' title='bbox 793 932 854 984; x_wconf 83' lang='grc' dir='ltr'><strong>τὸ</strong></span> <span class='ocrx_word' id='word_1_41' title='bbox 910 931 1067 997; x_wconf 82' lang='grc' dir='ltr'><strong>τέλος</strong></span> <span class='ocrx_word' id='word_1_42' title='bbox 1096 935 1239 1006; x_wconf 85' lang='grc' dir='ltr'>ὑπὲρ</span> <span class='ocrx_word' id='word_1_43' title='bbox 1284 936 1395 990; x_wconf 88' lang='grc' dir='ltr'><strong>τῶν</strong></span> <span class='ocrx_word' id='word_1_44' title='bbox 1451 937 1653 1007; x_wconf 88' lang='grc' dir='ltr'>ληνῶν,</span> <span class='ocrx_word' id='word_1_45' title='bbox 1688 940 1906 1012; x_wconf 76' lang='grc' dir='ltr'>ψαλμὸς</span> <span class='ocrx_word' id='word_1_46' title='bbox 1937 945 2016 1013; x_wconf 85' lang='grc' dir='ltr'><strong>τῷ</strong></span> 
     </span>
    </p>
   </div>
   <div class='ocr_carea' id='block_1_10' title="bbox 433 1020 2016 1102">
    <p class='ocr_par' dir='ltr' id='par_1_10' title="bbox 433 1020 2016 1102">
     <span class='ocr_line' id='line_1_10' title="bbox 433 1020 2016 1102; baseline 0.009 -30"><span class='ocrx_word' id='word_1_47' title='bbox 433 1020 618 1073; x_wconf 74' lang='grc' dir='ltr'>Δαὸίδ.</span> <span class='ocrx_word' id='word_1_48' title='bbox 661 1038 680 1070; x_wconf 74' lang='grc' dir='ltr'><strong>ι</strong></span> <span class='ocrx_word' id='word_1_49' title='bbox 731 1020 927 1075; x_wconf 88' lang='grc' dir='ltr'>Ίστέον</span> <span class='ocrx_word' id='word_1_50' title='bbox 952 1023 1020 1088; x_wconf 79' lang='grc'><strong>⁸⁵,</strong></span> <span class='ocrx_word' id='word_1_51' title='bbox 1054 1024 1137 1078; x_wconf 82' lang='grc' dir='ltr'><strong>ὅτι</strong></span> <span class='ocrx_word' id='word_1_52' title='bbox 1190 1027 1249 1079; x_wconf 84' lang='grc' dir='ltr'>ὲν</span> <span class='ocrx_word' id='word_1_53' title='bbox 1279 1027 1498 1100; x_wconf 79' lang='grc' dir='ltr'><strong>ἑκάστῳ</strong></span> <span class='ocrx_word' id='word_1_54' title='bbox 1527 1030 1752 1102; x_wconf 80' lang='grc' dir='ltr'>ψαλμῷ,</span> <span class='ocrx_word' id='word_1_55' title='bbox 1790 1035 1848 1085; x_wconf 80' lang='grc' dir='ltr'>ἐν</span> <span class='ocrx_word' id='word_1_56' title='bbox 1890 1026 1935 1101; x_wconf 84' lang='grc' dir='ltr'><strong>ᾧ</strong></span> <span class='ocrx_word' id='word_1_57' title='bbox 1966 1034 2016 1086; x_wconf 76' lang='lat' dir='ltr'><strong>oi</strong></span> 
     </span>
    </p>
   </div>
   <div class='ocr_carea' id='block_1_11' title="bbox 445 1111 2023 1194">
    <p class='ocr_par' dir='ltr' id='par_1_11' title="bbox 445 1111 2023 1194">
     <span class='ocr_line' id='line_1_11' title="bbox 445 1111 2023 1194; baseline 0.01 -31"><span class='ocrx_word' id='word_1_58' title='bbox 445 1111 858 1184; x_wconf 77' lang='grc' dir='ltr'>Ἐὗδομήκοντα</span> <span class='ocrx_word' id='word_1_59' title='bbox 877 1117 965 1180; x_wconf 85' lang='grc' dir='ltr'><strong>είς</strong></span> <span class='ocrx_word' id='word_1_60' title='bbox 989 1116 1055 1170; x_wconf 82' lang='grc' dir='ltr'>τὸ</span> <span class='ocrx_word' id='word_1_61' title='bbox 1075 1117 1251 1184; x_wconf 80' lang='grc' dir='ltr'><em>τέλος</em></span> <span class='ocrx_word' id='word_1_62' title='bbox 1274 1119 1608 1181; x_wconf 81' lang='grc' dir='ltr'>τεθείκασιν,</span> <span class='ocrx_word' id='word_1_63' title='bbox 1644 1126 1673 1175; x_wconf 99' lang='lat'><strong>6</strong></span> <span class='ocrx_word' id='word_1_64' title='bbox 1724 1126 1822 1194; x_wconf 82' lang='grc' dir='ltr'><strong>μὲν</strong></span> <span class='ocrx_word' id='word_1_65' title='bbox 1862 1125 2023 1179; x_wconf 82' lang='grc' dir='ltr'><strong>Ἀκύ-</strong></span> 
     </span>
    </p>
   </div>
   <div class='ocr_carea' id='block_1_12' title="bbox 432 1203 2020 1284">
    <p class='ocr_par' dir='ltr' id='par_1_12' title="bbox 432 1203 2020 1284">
     <span class='ocr_line' id='line_1_12' title="bbox 432 1203 2020 1284; baseline 0.01 -30"><span class='ocrx_word' id='word_1_66' title='bbox 432 1203 530 1266; x_wconf 84' lang='grc' dir='ltr'><strong>λας</strong></span> <span class='ocrx_word' id='word_1_67' title='bbox 561 1203 654 1257; x_wconf 80' lang='grc' dir='ltr'><strong>καὶ</strong></span> <span class='ocrx_word' id='word_1_68' title='bbox 688 1207 716 1257; x_wconf 91' lang='lat'><strong>6</strong></span> <span class='ocrx_word' id='word_1_69' title='bbox 742 1204 1043 1260; x_wconf 84' lang='grc' dir='ltr'>Θεοδοτίων</span> <span class='ocrx_word' id='word_1_70' title='bbox 1081 1207 1162 1273; x_wconf 80' lang='grc' dir='ltr'>τῷ</span> <span class='ocrx_word' id='word_1_71' title='bbox 1186 1211 1470 1276; x_wconf 77' lang='grc' dir='ltr'>νικοποιῷ</span> <span class='ocrx_word' id='word_1_72' title='bbox 1493 1214 1870 1284; x_wconf 82' lang='grc' dir='ltr'>ήρμήνευσαν,</span> <span class='ocrx_word' id='word_1_73' title='bbox 1911 1219 1938 1269; x_wconf 91' lang='grc' dir='ltr'>ὁ</span> <span class='ocrx_word' id='word_1_74' title='bbox 1961 1217 2020 1271; x_wconf 76' lang='grc' dir='ltr'>δὲ</span> 
     </span>
    </p>
   </div>
   <div class='ocr_carea' id='block_1_13' title="bbox 437 1294 2023 1378">
    <p class='ocr_par' dir='ltr' id='par_1_13' title="bbox 437 1294 2023 1378">
     <span class='ocr_line' id='line_1_13' title="bbox 437 1294 2023 1378; baseline 0.01 -32"><span class='ocrx_word' id='word_1_75' title='bbox 437 1294 742 1365; x_wconf 81' lang='grc' dir='ltr'><strong>Σύμμαχος</strong></span> <span class='ocrx_word' id='word_1_76' title='bbox 796 1296 1096 1353; x_wconf 77' lang='grc' dir='ltr'>ἐπινίκιον</span> <span class='ocrx_word' id='word_1_77' title='bbox 1121 1301 1167 1332; x_wconf 73' lang='grc'>⁸⁵</span> <span class='ocrx_word' id='word_1_78' title='bbox 1200 1316 1215 1332; x_wconf 72' lang='grc' dir='ltr'><strong><em>ο</em></strong></span> <span class='ocrx_word' id='word_1_79' title='bbox 1282 1302 1381 1354; x_wconf 72' lang='grc' dir='ltr'><strong>καὶ</strong></span> <span class='ocrx_word' id='word_1_80' title='bbox 1424 1295 1582 1367; x_wconf 78' lang='grc' dir='ltr'>οὗτος</span> <span class='ocrx_word' id='word_1_81' title='bbox 1645 1308 1958 1378; x_wconf 81' lang='grc' dir='ltr'>τοιγαροῦν</span> <span class='ocrx_word' id='word_1_82' title='bbox 1993 1311 2023 1363; x_wconf 89' lang='lat'><strong>6</strong></span> 
     </span>
    </p>
   </div>
   <div class='ocr_carea' id='block_1_14' title="bbox 435 1386 2023 1470">
    <p class='ocr_par' dir='ltr' id='par_1_14' title="bbox 435 1386 2023 1470">
     <span class='ocr_line' id='line_1_14' title="bbox 435 1386 2023 1470; baseline 0.009 -31"><span class='ocrx_word' id='word_1_83' title='bbox 435 1386 652 1455; x_wconf 56' lang='lat' dir='ltr'><strong>eam;</strong></span> <span class='ocrx_word' id='word_1_84' title='bbox 710 1388 983 1451; x_wconf 81' lang='grc' dir='ltr'>ὲπινίκιος</span> <span class='ocrx_word' id='word_1_85' title='bbox 1029 1391 1107 1461; x_wconf 87' lang='grc' dir='ltr'><strong>τῷ</strong></span> <span class='ocrx_word' id='word_1_86' title='bbox 1154 1395 1419 1465; x_wconf 83' lang='grc' dir='ltr'>νικοποιῷ</span> <span class='ocrx_word' id='word_1_87' title='bbox 1468 1398 1846 1468; x_wconf 80' lang='grc' dir='ltr'><strong>προσφέρεται</strong></span> <span class='ocrx_word' id='word_1_88' title='bbox 1877 1399 2023 1470; x_wconf 77' lang='grc' dir='ltr'>Θεῷ,</span> 
     </span>
    </p>
   </div>
   <div class='ocr_carea' id='block_1_15' title="bbox 437 1477 2023 1556">
    <p class='ocr_par' dir='ltr' id='par_1_15' title="bbox 437 1477 2023 1556">
     <span class='ocr_line' id='line_1_15' title="bbox 437 1477 2023 1556; baseline 0.011 -28"><span class='ocrx_word' id='word_1_89' title='bbox 437 1479 515 1548; x_wconf 78' lang='grc' dir='ltr'>τῲ</span> <span class='ocrx_word' id='word_1_90' title='bbox 542 1477 634 1532; x_wconf 81' lang='grc' dir='ltr'><strong>τὸν</strong></span> <span class='ocrx_word' id='word_1_91' title='bbox 668 1479 862 1551; x_wconf 73' lang='grc' dir='ltr'>ἐχθρὸν</span> <span class='ocrx_word' id='word_1_92' title='bbox 914 1481 1011 1538; x_wconf 75' lang='grc' dir='ltr'>καῖ</span> <span class='ocrx_word' id='word_1_93' title='bbox 1052 1484 1347 1556; x_wconf 75' lang='grc' dir='ltr'><strong>ἐκδικητὴν</strong></span> <span class='ocrx_word' id='word_1_94' title='bbox 1396 1488 1643 1544; x_wconf 79' lang='grc' dir='ltr'>διάϐολον</span> <span class='ocrx_word' id='word_1_95' title='bbox 1682 1491 2023 1548; x_wconf 84' lang='grc' dir='ltr'>καταλύσαν-</span> 
     </span>
    </p>
   </div>
   <div class='ocr_carea' id='block_1_16' title="bbox 435 1570 2024 1655">
    <p class='ocr_par' dir='ltr' id='par_1_16' title="bbox 435 1570 2024 1655">
     <span class='ocr_line' id='line_1_16' title="bbox 435 1570 2024 1655; baseline 0.011 -36"><span class='ocrx_word' id='word_1_96' title='bbox 435 1584 509 1633; x_wconf 81' lang='grc' dir='ltr'>τι,</span> <span class='ocrx_word' id='word_1_97' title='bbox 537 1570 631 1621; x_wconf 62' lang='grc' dir='ltr'><strong>καὶ¹</strong></span> <span class='ocrx_word' id='word_1_98' title='bbox 654 1571 783 1633; x_wconf 75' lang='grc' dir='ltr'>τοὺς</span> <span class='ocrx_word' id='word_1_99' title='bbox 812 1572 1141 1644; x_wconf 80' lang='grc' dir='ltr'>ἀνθρώπους</span> <span class='ocrx_word' id='word_1_100' title='bbox 1173 1577 1254 1639; x_wconf 86' lang='grc' dir='ltr'>εἰς</span> <span class='ocrx_word' id='word_1_101' title='bbox 1278 1578 1432 1642; x_wconf 83' lang='grc' dir='ltr'>τέλος</span> <span class='ocrx_word' id='word_1_102' title='bbox 1460 1581 1560 1649; x_wconf 84' lang='grc' dir='ltr'><strong>τῆς</strong></span> <span class='ocrx_word' id='word_1_103' title='bbox 1584 1582 1796 1636; x_wconf 75' lang='grc' dir='ltr'>ἐκείνου</span> <span class='ocrx_word' id='word_1_104' title='bbox 1822 1601 2024 1655; x_wconf 82' lang='grc' dir='ltr'>τυραν-</span> 
     </span>
    </p>
   </div>
   <div class='ocr_carea' id='block_1_17' title="bbox 436 1660 2024 1746">
    <p class='ocr_par' dir='ltr' id='par_1_17' title="bbox 436 1660 2024 1746">
     <span class='ocr_line' id='line_1_17' title="bbox 436 1660 2024 1746; baseline 0.011 -34"><span class='ocrx_word' id='word_1_105' title='bbox 436 1660 580 1724; x_wconf 78' lang='grc' dir='ltr'>νίδος</span> <span class='ocrx_word' id='word_1_106' title='bbox 600 1660 1055 1732; x_wconf 81' lang='grc' dir='ltr'>ἐλευθερώσαντι.</span> <span class='ocrx_word' id='word_1_107' title='bbox 1106 1669 1345 1735; x_wconf 82' lang='grc' dir='ltr'>Ληνοὺς</span> <span class='ocrx_word' id='word_1_108' title='bbox 1377 1670 1435 1724; x_wconf 85' lang='grc' dir='ltr'>δὲ</span> <span class='ocrx_word' id='word_1_109' title='bbox 1459 1671 1502 1705; x_wconf 85' lang='grc'><strong>⁸⁷</strong></span> <span class='ocrx_word' id='word_1_110' title='bbox 1545 1671 1645 1737; x_wconf 82' lang='grc' dir='ltr'>τὰς</span> <span class='ocrx_word' id='word_1_111' title='bbox 1695 1674 2024 1746; x_wconf 85' lang='grc' dir='ltr'>Ἐκκλησίας</span> 
     </span>
    </p>
   </div>
   <div class='ocr_carea' id='block_1_18' title="bbox 440 1755 2021 1838">
    <p class='ocr_par' dir='ltr' id='par_1_18' title="bbox 440 1755 2021 1838">
     <span class='ocr_line' id='line_1_18' title="bbox 440 1755 2021 1838; baseline 0.013 -34"><span class='ocrx_word' id='word_1_112' title='bbox 440 1755 875 1823; x_wconf 82' lang='grc' dir='ltr'>προσαγορεύει,</span> <span class='ocrx_word' id='word_1_113' title='bbox 937 1757 1129 1829; x_wconf 76' lang='grc' dir='ltr'>ἐπειδὴ</span> <span class='ocrx_word' id='word_1_114' title='bbox 1184 1762 1409 1817; x_wconf 75' lang='grc' dir='ltr'>καὶτὸν</span> <span class='ocrx_word' id='word_1_115' title='bbox 1473 1766 1684 1836; x_wconf 79' lang='grc' dir='ltr'>Κύριον</span> <span class='ocrx_word' id='word_1_116' title='bbox 1739 1768 2021 1838; x_wconf 59' lang='grc' dir='ltr'>ἄμπελον</span> 
     </span>
    </p>
   </div>
   <div class='ocr_carea' id='block_1_19' title="bbox 438 1844 2097 1941">
    <p class='ocr_par' dir='ltr' id='par_1_19' title="bbox 438 1844 2097 1941">
     <span class='ocr_line' id='line_1_19' title="bbox 438 1844 2097 1941; baseline 0.011 -44"><span class='ocrx_word' id='word_1_117' title='bbox 438 1844 740 1941; x_wconf 60' lang='grc' dir='ltr'>αυτὸςγάρ</span> <span class='ocrx_word' id='word_1_118' title='bbox 764 1849 959 1941; x_wconf 71' lang='grc' dir='ltr'>ἐντοῖς</span> <span class='ocrx_word' id='word_1_119' title='bbox 985 1850 1152 1922; x_wconf 82' lang='grc' dir='ltr'>ίεροῖς</span> <span class='ocrx_word' id='word_1_120' title='bbox 1180 1852 1227 1884; x_wconf 77' lang='grc'><strong>⁸³</strong></span> <span class='ocrx_word' id='word_1_121' title='bbox 1253 1855 1614 1924; x_wconf 77' lang='grc' dir='ltr'>Εὐαγγελίοις</span> <span class='ocrx_word' id='word_1_122' title='bbox 1654 1858 1781 1930; x_wconf 71' lang='grc' dir='ltr'><strong>ἔφη,</strong></span> <span class='ocrx_word' id='word_1_123' title='bbox 1814 1879 1832 1911; x_wconf 82' lang='grc' dir='ltr'><strong>ι</strong></span> <span class='ocrx_word' id='word_1_124' title='bbox 1882 1860 2027 1929; x_wconf 80' lang='grc' dir='ltr'>Ἐγώ</span> <span class='ocrx_word' id='word_1_125' title='bbox 2056 1887 2097 1941; x_wconf 69' lang='grc' dir='ltr'><strong><em>Β</em></strong></span> 
     </span>
    </p>
   </div>
   <div class='ocr_carea' id='block_1_20' title="bbox 438 1938 2022 2022">
    <p class='ocr_par' dir='ltr' id='par_1_20' title="bbox 438 1938 2022 2022">
     <span class='ocr_line' id='line_1_20' title="bbox 438 1938 2022 2022; baseline 0.008 -31"><span class='ocrx_word' id='word_1_126' title='bbox 438 1938 557 2007; x_wconf 79' lang='grc' dir='ltr'>είμι</span> <span class='ocrx_word' id='word_1_127' title='bbox 596 1940 629 2008; x_wconf 77' lang='grc' dir='ltr'><strong>ἡ</strong></span> <span class='ocrx_word' id='word_1_128' title='bbox 662 1938 913 2008; x_wconf 79' lang='grc' dir='ltr'>ἄμπελος</span> <span class='ocrx_word' id='word_1_129' title='bbox 950 1942 981 2011; x_wconf 81' lang='grc' dir='ltr'><strong>ή</strong></span> <span class='ocrx_word' id='word_1_130' title='bbox 1009 1943 1273 2018; x_wconf 65' lang='grc' dir='ltr'>ἀληθινή.</span> <span class='ocrx_word' id='word_1_131' title='bbox 1315 1946 1600 2019; x_wconf 57' lang='grc' dir='ltr'>»κΤαύτην</span> <span class='ocrx_word' id='word_1_132' title='bbox 1627 1949 1684 2002; x_wconf 80' lang='grc' dir='ltr'><strong>δὲ</strong></span> <span class='ocrx_word' id='word_1_133' title='bbox 1711 1950 2022 2022; x_wconf 84' lang='grc' dir='ltr'>τρυγῶντες</span> 
     </span>
    </p>
   </div>
   <div class='ocr_carea' id='block_1_21' title="bbox 437 2032 2025 2108">
    <p class='ocr_par' dir='ltr' id='par_1_21' title="bbox 437 2032 2025 2108">
     <span class='ocr_line' id='line_1_21' title="bbox 437 2032 2025 2108; baseline 0.009 -25"><span class='ocrx_word' id='word_1_134' title='bbox 437 2032 491 2084; x_wconf 66' lang='grc' dir='ltr'>οἱ</span> <span class='ocrx_word' id='word_1_135' title='bbox 549 2033 984 2096; x_wconf 77' lang='grc' dir='ltr'>πεπιστευκότες</span> <span class='ocrx_word' id='word_1_136' title='bbox 1041 2036 1133 2088; x_wconf 82' lang='grc' dir='ltr'><strong>τὸν</strong></span> <span class='ocrx_word' id='word_1_137' title='bbox 1193 2039 1459 2106; x_wconf 75' lang='grc' dir='ltr'>μυστικὸν</span> <span class='ocrx_word' id='word_1_138' title='bbox 1512 2042 2025 2108; x_wconf 80' lang='grc' dir='ltr'>κατασκευάζουσιν</span> 
     </span>
    </p>
   </div>
   <div class='ocr_carea' id='block_1_22' title="bbox 438 2117 2024 2203">
    <p class='ocr_par' dir='ltr' id='par_1_22' title="bbox 438 2117 2024 2203">
     <span class='ocr_line' id='line_1_22' title="bbox 438 2117 2024 2203; baseline 0.009 -27"><span class='ocrx_word' id='word_1_139' title='bbox 438 2117 603 2187; x_wconf 72' lang='grc' dir='ltr'>οἶνον,</span> <span class='ocrx_word' id='word_1_140' title='bbox 649 2125 901 2197; x_wconf 81' lang='grc' dir='ltr'>Μεγίστη</span> <span class='ocrx_word' id='word_1_141' title='bbox 929 2125 976 2158; x_wconf 73' lang='grc'><strong>⁸³</strong></span> <span class='ocrx_word' id='word_1_142' title='bbox 1007 2127 1065 2180; x_wconf 88' lang='grc' dir='ltr'>δὲ</span> <span class='ocrx_word' id='word_1_143' title='bbox 1100 2128 1195 2182; x_wconf 63' lang='grc' dir='ltr'>καὶ</span> <span class='ocrx_word' id='word_1_144' title='bbox 1230 2131 1371 2203; x_wconf 81' lang='grc' dir='ltr'>αὐτὴ</span> <span class='ocrx_word' id='word_1_145' title='bbox 1411 2136 1514 2203; x_wconf 81' lang='grc' dir='ltr'><strong>τῆς</strong></span> <span class='ocrx_word' id='word_1_146' title='bbox 1570 2134 1841 2189; x_wconf 76' lang='grc' dir='ltr'>Ἰουδαίων</span> <span class='ocrx_word' id='word_1_147' title='bbox 1892 2137 2024 2190; x_wconf 83' lang='grc' dir='ltr'>άπι-</span> 
     </span>
    </p>
   </div>
   <div class='ocr_carea' id='block_1_23' title="bbox 441 2216 2026 2295">
    <p class='ocr_par' dir='ltr' id='par_1_23' title="bbox 441 2216 2026 2295">
     <span class='ocr_line' id='line_1_23' title="bbox 441 2216 2026 2295; baseline 0.01 -28"><span class='ocrx_word' id='word_1_148' title='bbox 441 2216 600 2279; x_wconf 86' lang='grc' dir='ltr'>στίας</span> <span class='ocrx_word' id='word_1_149' title='bbox 631 2218 965 2289; x_wconf 86' lang='grc' dir='ltr'>κατηγορία.</span> <span class='ocrx_word' id='word_1_150' title='bbox 1005 2221 1215 2291; x_wconf 81' lang='grc' dir='ltr'><strong>Πλῆθος</strong></span> <span class='ocrx_word' id='word_1_151' title='bbox 1251 2222 1363 2294; x_wconf 79' lang='grc' dir='ltr'>γὰρ</span> <span class='ocrx_word' id='word_1_152' title='bbox 1383 2224 1562 2295; x_wconf 89' lang='grc' dir='ltr'>ληνῶν</span> <span class='ocrx_word' id='word_1_153' title='bbox 1587 2226 1904 2292; x_wconf 76' lang='grc' dir='ltr'>ἀκούοντες,</span> <span class='ocrx_word' id='word_1_154' title='bbox 1932 2230 2026 2284; x_wconf 70' lang='grc' dir='ltr'><strong>καὶ</strong></span> 
     </span>
    </p>
   </div>
   <div class='ocr_carea' id='block_1_24' title="bbox 441 2309 2026 2393">
    <p class='ocr_par' dir='ltr' id='par_1_24' title="bbox 441 2309 2026 2393">
     <span class='ocr_line' id='line_1_24' title="bbox 441 2309 2026 2393; baseline 0.009 -31"><span class='ocrx_word' id='word_1_155' title='bbox 441 2309 631 2379; x_wconf 79' lang='grc' dir='ltr'>σαφῶς</span> <span class='ocrx_word' id='word_1_156' title='bbox 657 2311 860 2375; x_wconf 82' lang='grc' dir='ltr'>εἰδότες</span> <span class='ocrx_word' id='word_1_157' title='bbox 890 2312 967 2377; x_wconf 87' lang='grc' dir='ltr'>ὼς</span> <span class='ocrx_word' id='word_1_158' title='bbox 1025 2314 1123 2383; x_wconf 84' lang='grc' dir='ltr'><strong>μία</strong></span> <span class='ocrx_word' id='word_1_159' title='bbox 1161 2333 1246 2380; x_wconf 84' lang='grc' dir='ltr'><strong>τις</strong></span> <span class='ocrx_word' id='word_1_160' title='bbox 1284 2317 1441 2390; x_wconf 81' lang='grc' dir='ltr'>ἐδόθη</span> <span class='ocrx_word' id='word_1_161' title='bbox 1492 2320 1674 2392; x_wconf 83' lang='grc' dir='ltr'>ληνδς,</span> <span class='ocrx_word' id='word_1_162' title='bbox 1732 2324 1935 2393; x_wconf 83' lang='grc' dir='ltr'>μᾶλλον</span> <span class='ocrx_word' id='word_1_163' title='bbox 1967 2324 2026 2379; x_wconf 79' lang='grc' dir='ltr'>δὲ</span> 
     </span>
    </p>
   </div>
   <div class='ocr_carea' id='block_1_25' title="bbox 438 2404 2023 2488">
    <p class='ocr_par' dir='ltr' id='par_1_25' title="bbox 438 2404 2023 2488">
     <span class='ocr_line' id='line_1_25' title="bbox 438 2404 2023 2488; baseline 0.008 -28"><span class='ocrx_word' id='word_1_164' title='bbox 438 2404 564 2460; x_wconf 82' lang='grc' dir='ltr'>οὐδὲ</span> <span class='ocrx_word' id='word_1_165' title='bbox 590 2407 636 2440; x_wconf 82' lang='grc'><strong>⁹⁰</strong></span> <span class='ocrx_word' id='word_1_166' title='bbox 672 2406 854 2478; x_wconf 79' lang='grc' dir='ltr'>ληνὸς,</span> <span class='ocrx_word' id='word_1_167' title='bbox 906 2408 1044 2461; x_wconf 85' lang='grc' dir='ltr'>ἀλλὰ</span> <span class='ocrx_word' id='word_1_168' title='bbox 1094 2411 1388 2481; x_wconf 83' lang='grc' dir='ltr'>προλήνιον</span> <span class='ocrx_word' id='word_1_169' title='bbox 1419 2429 1435 2446; x_wconf 78' lang='grc' dir='ltr'><strong>ο</strong></span> <span class='ocrx_word' id='word_1_170' title='bbox 1502 2433 1520 2466; x_wconf 84' lang='grc' dir='ltr'><strong>ι</strong></span> <span class='ocrx_word' id='word_1_171' title='bbox 1560 2416 1857 2488; x_wconf 83' lang='grc' dir='ltr'>Προλήνιον</span> <span class='ocrx_word' id='word_1_172' title='bbox 1895 2417 2023 2488; x_wconf 81' lang='grc' dir='ltr'>γὰρ,</span> 
     </span>
    </p>
   </div>
   <div class='ocr_carea' id='block_1_26' title="bbox 441 2497 2026 2576">
    <p class='ocr_par' dir='ltr' id='par_1_26' title="bbox 441 2497 2026 2576">
     <span class='ocr_line' id='line_1_26' title="bbox 441 2497 2026 2576; baseline 0.008 -27"><span class='ocrx_word' id='word_1_173' title='bbox 441 2497 631 2566; x_wconf 76' lang='grc' dir='ltr'>φησὶν,</span> <span class='ocrx_word' id='word_1_174' title='bbox 658 2497 852 2568; x_wconf 77' lang='grc' dir='ltr'>ὦρυξα</span> <span class='ocrx_word' id='word_1_175' title='bbox 888 2500 947 2550; x_wconf 80' lang='grc' dir='ltr'>ὲν</span> <span class='ocrx_word' id='word_1_176' title='bbox 984 2499 1158 2570; x_wconf 83' lang='grc' dir='ltr'>αὐτῷ,</span> <span class='ocrx_word' id='word_1_177' title='bbox 1188 2502 1285 2556; x_wconf 74' lang='grc' dir='ltr'><strong>καὶ</strong></span> <span class='ocrx_word' id='word_1_178' title='bbox 1306 2501 1498 2572; x_wconf 77' lang='grc' dir='ltr'>ἔμεινα</span> <span class='ocrx_word' id='word_1_179' title='bbox 1530 2503 1626 2558; x_wconf 77' lang='grc' dir='ltr'>τοῦ</span> <span class='ocrx_word' id='word_1_180' title='bbox 1651 2508 1870 2576; x_wconf 82' lang='grc' dir='ltr'>ποιῆσαι</span> <span class='ocrx_word' id='word_1_181' title='bbox 1897 2523 2026 2561; x_wconf 85' lang='grc' dir='ltr'>στα-</span> 
     </span>
    </p>
   </div>
   <div class='ocr_carea' id='block_1_27' title="bbox 440 2588 2022 2665">
    <p class='ocr_par' dir='ltr' id='par_1_27' title="bbox 440 2588 2022 2665">
     <span class='ocr_line' id='line_1_27' title="bbox 440 2588 2022 2665; baseline 0.006 -25"><span class='ocrx_word' id='word_1_182' title='bbox 440 2588 639 2659; x_wconf 83' lang='grc' dir='ltr'>φυλὴν,</span> <span class='ocrx_word' id='word_1_183' title='bbox 677 2588 904 2659; x_wconf 76' lang='grc' dir='ltr'>ἐποίησε</span> <span class='ocrx_word' id='word_1_184' title='bbox 934 2590 992 2644; x_wconf 83' lang='grc' dir='ltr'>δὲ</span> <span class='ocrx_word' id='word_1_185' title='bbox 1039 2591 1286 2655; x_wconf 77' lang='grc' dir='ltr'>ἀκάνθας</span> <span class='ocrx_word' id='word_1_186' title='bbox 1313 2607 1329 2623; x_wconf 84' lang='lat'><strong><em>°</em></strong></span> <span class='ocrx_word' id='word_1_187' title='bbox 1371 2613 1390 2645; x_wconf 75' lang='grc' dir='ltr'><strong>ι</strong></span> <span class='ocrx_word' id='word_1_188' title='bbox 1422 2598 1566 2648; x_wconf 79' lang='grc' dir='ltr'>νοεῖν</span> <span class='ocrx_word' id='word_1_189' title='bbox 1585 2597 1687 2649; x_wconf 86' lang='grc' dir='ltr'><strong>οὐκ</strong></span> <span class='ocrx_word' id='word_1_190' title='bbox 1722 2596 2022 2665; x_wconf 75' lang='grc' dir='ltr'>ἐθέλουσιν,</span> 
     </span>
    </p>
   </div>
   <div class='ocr_carea' id='block_1_28' title="bbox 439 2677 2026 2756">
    <p class='ocr_par' dir='ltr' id='par_1_28' title="bbox 439 2677 2026 2756">
     <span class='ocr_line' id='line_1_28' title="bbox 439 2677 2026 2756; baseline 0.006 -24"><span class='ocrx_word' id='word_1_191' title='bbox 439 2677 518 2741; x_wconf 81' lang='grc' dir='ltr'><strong>ῶς</strong></span> <span class='ocrx_word' id='word_1_192' title='bbox 548 2678 832 2733; x_wconf 71' lang='grc' dir='ltr'>ἐπαύσατο</span> <span class='ocrx_word' id='word_1_193' title='bbox 867 2680 968 2749; x_wconf 63' lang='grc' dir='ltr'>μὲν</span> <span class='ocrx_word' id='word_1_194' title='bbox 1016 2680 1088 2734; x_wconf 77' lang='grc' dir='ltr'><strong>τά</strong></span> <span class='ocrx_word' id='word_1_195' title='bbox 1135 2680 1364 2748; x_wconf 83' lang='grc' dir='ltr'>παλαιὰ,</span> <span class='ocrx_word' id='word_1_196' title='bbox 1406 2685 1655 2755; x_wconf 72' lang='grc' dir='ltr'>ἐπεφάνη</span> <span class='ocrx_word' id='word_1_197' title='bbox 1685 2686 1744 2739; x_wconf 83' lang='grc' dir='ltr'>δὲ</span> <span class='ocrx_word' id='word_1_198' title='bbox 1767 2687 1868 2756; x_wconf 77' lang='grc' dir='ltr'>τῆς</span> <span class='ocrx_word' id='word_1_199' title='bbox 1896 2687 2026 2752; x_wconf 77' lang='grc' dir='ltr'>νέας</span> 
     </span>
    </p>
   </div>
   <div class='ocr_carea' id='block_1_29' title="bbox 442 2770 2027 2849">
    <p class='ocr_par' dir='ltr' id='par_1_29' title="bbox 442 2770 2027 2849">
     <span class='ocr_line' id='line_1_29' title="bbox 442 2770 2027 2849; baseline 0.006 -26"><span class='ocrx_word' id='word_1_200' title='bbox 442 2770 710 2841; x_wconf 80' lang='grc' dir='ltr'>διαθήκης</span> <span class='ocrx_word' id='word_1_201' title='bbox 743 2774 776 2841; x_wconf 85' lang='grc' dir='ltr'><strong>ή</strong></span> <span class='ocrx_word' id='word_1_202' title='bbox 810 2772 993 2841; x_wconf 76' lang='grc' dir='ltr'>χάρις,</span> <span class='ocrx_word' id='word_1_203' title='bbox 1037 2775 1249 2837; x_wconf 80' lang='grc' dir='ltr'>πάντας</span> <span class='ocrx_word' id='word_1_204' title='bbox 1278 2774 1603 2846; x_wconf 80' lang='grc' dir='ltr'>ἀνθρώπους</span> <span class='ocrx_word' id='word_1_205' title='bbox 1630 2780 1712 2841; x_wconf 87' lang='grc' dir='ltr'><strong>είς</strong></span> <span class='ocrx_word' id='word_1_206' title='bbox 1746 2780 2027 2849; x_wconf 80' lang='grc' dir='ltr'>σωτηρίαν</span> 
     </span>
    </p>
   </div>
   <div class='ocr_carea' id='block_1_30' title="bbox 444 2854 2025 2934">
    <p class='ocr_par' dir='ltr' id='par_1_30' title="bbox 444 2854 2025 2934">
     <span class='ocr_line' id='line_1_30' title="bbox 444 2854 2025 2934; baseline 0.004 -22"><span class='ocrx_word' id='word_1_207' title='bbox 444 2862 922 2932; x_wconf 79' lang='grc' dir='ltr'>προσκαλουμένη.</span> <span class='ocrx_word' id='word_1_208' title='bbox 973 2858 1047 2917; x_wconf 70' lang='lat' dir='ltr'><strong>Oh</strong></span> <span class='ocrx_word' id='word_1_209' title='bbox 1076 2862 1142 2934; x_wconf 83' lang='grc' dir='ltr'>δὴ</span> <span class='ocrx_word' id='word_1_210' title='bbox 1186 2864 1350 2934; x_wconf 84' lang='grc' dir='ltr'>χάριν</span> <span class='ocrx_word' id='word_1_211' title='bbox 1382 2854 1570 2917; x_wconf 68' lang='grc' dir='ltr'>οὐκέτι</span> <span class='ocrx_word' id='word_1_212' title='bbox 1619 2866 1764 2920; x_wconf 87' lang='grc' dir='ltr'><strong>κατὰ</strong></span> <span class='ocrx_word' id='word_1_213' title='bbox 1790 2867 1883 2919; x_wconf 83' lang='grc' dir='ltr'><strong>τὸν</strong></span> <span class='ocrx_word' id='word_1_214' title='bbox 1918 2884 2025 2919; x_wconf 88' lang='grc' dir='ltr'>πα-</span> 
     </span>
    </p>
   </div>
   <div class='ocr_carea' id='block_1_31' title="bbox 449 2948 2026 3028">
    <p class='ocr_par' dir='ltr' id='par_1_31' title="bbox 449 2948 2026 3028">
     <span class='ocr_line' id='line_1_31' title="bbox 449 2948 2026 3028; baseline 0.005 -26"><span class='ocrx_word' id='word_1_215' title='bbox 449 2948 600 3003; x_wconf 76' lang='grc' dir='ltr'>λαιὸν</span> <span class='ocrx_word' id='word_1_216' title='bbox 626 2951 789 3017; x_wconf 81' lang='grc' dir='ltr'>νόμον</span> <span class='ocrx_word' id='word_1_217' title='bbox 824 2953 910 3020; x_wconf 80' lang='grc' dir='ltr'><strong>ἐφ’</strong></span> <span class='ocrx_word' id='word_1_218' title='bbox 934 2954 1053 3016; x_wconf 76' lang='grc' dir='ltr'>ἑνὸς</span> <span class='ocrx_word' id='word_1_219' title='bbox 1087 2954 1482 3026; x_wconf 80' lang='grc' dir='ltr'>θυσιαστηρίου</span> <span class='ocrx_word' id='word_1_220' title='bbox 1512 2956 1639 3019; x_wconf 81' lang='grc' dir='ltr'>τοὺς</span> <span class='ocrx_word' id='word_1_221' title='bbox 1679 2956 1782 3008; x_wconf 86' lang='grc' dir='ltr'><strong>τῶν</strong></span> <span class='ocrx_word' id='word_1_222' title='bbox 1813 2956 2026 3028; x_wconf 82' lang='grc' dir='ltr'>ἀνθρώ·</span> 
     </span>
    </p>
   </div>
   <div class='ocr_carea' id='block_1_32' title="bbox 447 3043 2027 3119">
    <p class='ocr_par' dir='ltr' id='par_1_32' title="bbox 447 3043 2027 3119">
     <span class='ocr_line' id='line_1_32' title="bbox 447 3043 2027 3119; baseline 0.006 -25"><span class='ocrx_word' id='word_1_223' title='bbox 447 3058 562 3095; x_wconf 89' lang='grc' dir='ltr'><strong>πων</strong></span> <span class='ocrx_word' id='word_1_224' title='bbox 585 3044 827 3113; x_wconf 79' lang='grc' dir='ltr'>καρποὺς</span> <span class='ocrx_word' id='word_1_225' title='bbox 847 3043 1240 3116; x_wconf 74' lang='grc' dir='ltr'>ληνοὸατοῦσιν</span> <span class='ocrx_word' id='word_1_226' title='bbox 1267 3048 1316 3100; x_wconf 81' lang='lat' dir='ltr'><strong>oi</strong></span> <span class='ocrx_word' id='word_1_227' title='bbox 1341 3048 1508 3116; x_wconf 77' lang='grc' dir='ltr'>ἱερεῖς</span> <span class='ocrx_word' id='word_1_228' title='bbox 1533 3064 1549 3079; x_wconf 62' lang='grc' dir='ltr'>ν</span> <span class='ocrx_word' id='word_1_229' title='bbox 1575 3048 1714 3100; x_wconf 81' lang='grc' dir='ltr'>ἀλλὰ</span> <span class='ocrx_word' id='word_1_230' title='bbox 1738 3049 1913 3119; x_wconf 90' lang='grc' dir='ltr'>μυρία</span> <span class='ocrx_word' id='word_1_231' title='bbox 1929 3050 2027 3103; x_wconf 81' lang='grc' dir='ltr'>καὶ</span> 
     </span>
    </p>
   </div>
   <div class='ocr_carea' id='block_1_33' title="bbox 441 3133 2021 3213">
    <p class='ocr_par' dir='ltr' id='par_1_33' title="bbox 441 3133 2021 3213">
     <span class='ocr_line' id='line_1_33' title="bbox 441 3133 2021 3213; baseline 0.005 -26"><span class='ocrx_word' id='word_1_232' title='bbox 441 3133 674 3205; x_wconf 77' lang='grc' dir='ltr'>ἀριθμὸν</span> <span class='ocrx_word' id='word_1_233' title='bbox 695 3136 936 3190; x_wconf 83' lang='grc' dir='ltr'>νικῶντα</span> <span class='ocrx_word' id='word_1_234' title='bbox 948 3137 1094 3191; x_wconf 80' lang='grc' dir='ltr'>κατὰ</span> <span class='ocrx_word' id='word_1_235' title='bbox 1109 3139 1291 3192; x_wconf 78' lang='grc' dir='ltr'>πᾶσαν</span> <span class='ocrx_word' id='word_1_236' title='bbox 1306 3141 1409 3208; x_wconf 84' lang='grc' dir='ltr'>γῆν</span> <span class='ocrx_word' id='word_1_237' title='bbox 1426 3139 1522 3192; x_wconf 74' lang='grc' dir='ltr'>καὶ</span> <span class='ocrx_word' id='word_1_238' title='bbox 1546 3139 1819 3193; x_wconf 82' lang='grc' dir='ltr'>θάλατταν</span> <span class='ocrx_word' id='word_1_239' title='bbox 1838 3141 2021 3213; x_wconf 82' lang='grc' dir='ltr'>ὲπὰγη</span> 
     </span>
    </p>
   </div>
   <div class='ocr_carea' id='block_1_34' title="bbox 2117 626 3726 701">
    <p class='ocr_par' dir='ltr' id='par_1_34' title="bbox 2117 626 3726 701">
     <span class='ocr_line' id='line_1_34' title="bbox 2117 626 3726 701; baseline 0.007 -24"><span class='ocrx_word' id='word_1_240' title='bbox 2117 640 2241 678; x_wconf 67' lang='lat' dir='ltr'><strong>enim</strong></span> <span class='ocrx_word' id='word_1_241' title='bbox 2272 626 2364 695; x_wconf 89' lang='lat' dir='ltr'><strong>qui</strong></span> <span class='ocrx_word' id='word_1_242' title='bbox 2390 627 2457 683; x_wconf 85' lang='lat' dir='ltr'><strong>de</strong></span> <span class='ocrx_word' id='word_1_243' title='bbox 2488 644 2574 683; x_wconf 89' lang='lat' dir='ltr'><strong>me</strong></span> <span class='ocrx_word' id='word_1_244' title='bbox 2604 628 2742 683; x_wconf 81' lang='lat' dir='ltr'><strong>bene</strong></span> <span class='ocrx_word' id='word_1_245' title='bbox 2765 630 2999 686; x_wconf 84' lang='lat' dir='ltr'><strong>meritus</strong></span> <span class='ocrx_word' id='word_1_246' title='bbox 3030 641 3113 686; x_wconf 85' lang='lat' dir='ltr'><strong>est</strong></span> <span class='ocrx_word' id='word_1_247' title='bbox 3141 645 3364 701; x_wconf 82' lang='lat' dir='ltr'><strong>semper</strong></span> <span class='ocrx_word' id='word_1_248' title='bbox 3394 632 3726 700; x_wconf 86' lang='lat' dir='ltr'><strong>celebrabo,.</strong></span> 
     </span>
    </p>
   </div>
   <div class='ocr_carea' id='block_1_35' title="bbox 2113 715 2913 788">
    <p class='ocr_par' dir='ltr' id='par_1_35' title="bbox 2113 715 2913 788">
     <span class='ocr_line' id='line_1_35' title="bbox 2113 715 2913 788; baseline 0.006 -20"><span class='ocrx_word' id='word_1_249' title='bbox 2113 715 2307 785; x_wconf 83' lang='lat' dir='ltr'><strong>judicii</strong></span> <span class='ocrx_word' id='word_1_250' title='bbox 2345 717 2617 788; x_wconf 83' lang='lat' dir='ltr'><strong>justitiam</strong></span> <span class='ocrx_word' id='word_1_251' title='bbox 2644 736 2913 775; x_wconf 81' lang='lat' dir='ltr'><strong>narrans.</strong></span> 
     </span>
    </p>
   </div>
   <div class='ocr_carea' id='block_1_36' title="bbox 2531 826 3281 884">
    <p class='ocr_par' dir='ltr' id='par_1_36' title="bbox 2531 826 3281 884">
     <span class='ocr_line' id='line_1_36' title="bbox 2531 826 3281 884; baseline -0.001 0"><span class='ocrx_word' id='word_1_252' title='bbox 2531 828 2808 884; x_wconf 79' lang='lat' dir='ltr'><strong>INTEBP.</strong></span> <span class='ocrx_word' id='word_1_253' title='bbox 2847 827 3104 884; x_wconf 78' lang='lat' dir='ltr'><strong>I’SALMI</strong></span> <span class='ocrx_word' id='word_1_254' title='bbox 3144 826 3281 883; x_wconf 81' lang='lat' dir='ltr'>VIII.</span> 
     </span>
    </p>
   </div>
   <div class='ocr_carea' id='block_1_37' title="bbox 2193 942 3703 1013">
    <p class='ocr_par' dir='ltr' id='par_1_37' title="bbox 2193 942 3703 1013">
     <span class='ocr_line' id='line_1_37' title="bbox 2193 942 3703 1013; baseline 0 -16"><span class='ocrx_word' id='word_1_255' title='bbox 2193 943 2359 997; x_wconf 74' lang='lat' dir='ltr'><strong>Vens.</strong></span> <span class='ocrx_word' id='word_1_256' title='bbox 2394 944 2445 998; x_wconf 73' lang='lat' dir='ltr'><strong>I.</strong></span> <span class='ocrx_word' id='word_1_257' title='bbox 2485 963 2502 995; x_wconf 82' lang='grc' dir='ltr'><strong>ι</strong></span> <span class='ocrx_word' id='word_1_258' title='bbox 2551 943 2607 997; x_wconf 89' lang='lat' dir='ltr'><strong>In</strong></span> <span class='ocrx_word' id='word_1_259' title='bbox 2644 943 2805 998; x_wconf 89' lang='lat' dir='ltr'><strong>ﬁnem</strong></span> <span class='ocrx_word' id='word_1_260' title='bbox 2854 959 2951 1013; x_wconf 88' lang='lat' dir='ltr'><strong>pro</strong></span> <span class='ocrx_word' id='word_1_261' title='bbox 2986 942 3355 998; x_wconf 89' lang='lat' dir='ltr'><strong>torcularibus</strong></span> <span class='ocrx_word' id='word_1_262' title='bbox 3379 983 3393 1008; x_wconf 95' lang='lat'><strong>,</strong></span> <span class='ocrx_word' id='word_1_263' title='bbox 3447 942 3703 997; x_wconf 82' lang='lat' dir='ltr'><strong>Psalmus</strong></span> 
     </span>
    </p>
   </div>
   <div class='ocr_carea' id='block_1_38' title="bbox 2121 1020 3700 1102">
    <p class='ocr_par' dir='ltr' id='par_1_38' title="bbox 2121 1020 3700 1102">
     <span class='ocr_line' id='line_1_38' title="bbox 2121 1020 3700 1102; baseline -0.001 -16"><span class='ocrx_word' id='word_1_264' title='bbox 2121 1033 2335 1087; x_wconf 82' lang='lat' dir='ltr'><strong>Davidi.</strong></span> <span class='ocrx_word' id='word_1_265' title='bbox 2378 1053 2401 1087; x_wconf 76' lang='grc' dir='ltr'><strong>ι</strong></span> <span class='ocrx_word' id='word_1_266' title='bbox 2438 1031 2908 1088; x_wconf 79' lang='lat' dir='ltr'><strong>Consideramlum</strong></span> <span class='ocrx_word' id='word_1_267' title='bbox 2948 1041 3050 1097; x_wconf 87' lang='lat' dir='ltr'><strong>est,</strong></span> <span class='ocrx_word' id='word_1_268' title='bbox 3090 1020 3156 1087; x_wconf 81' lang='lat' dir='ltr'><strong>in</strong></span> <span class='ocrx_word' id='word_1_269' title='bbox 3190 1033 3437 1101; x_wconf 87' lang='lat' dir='ltr'><strong>quolibet</strong></span> <span class='ocrx_word' id='word_1_270' title='bbox 3466 1033 3700 1102; x_wconf 79' lang='lat' dir='ltr'><strong>psalmo,</strong></span> 
     </span>
    </p>
   </div>
   <div class='ocr_carea' id='block_1_39' title="bbox 2122 1123 3702 1195">
    <p class='ocr_par' dir='ltr' id='par_1_39' title="bbox 2122 1123 3702 1195">
     <span class='ocr_line' id='line_1_39' title="bbox 2122 1123 3702 1195; baseline -0.001 -18"><span class='ocrx_word' id='word_1_271' title='bbox 2122 1125 2176 1177; x_wconf 91' lang='lat' dir='ltr'><strong>in</strong></span> <span class='ocrx_word' id='word_1_272' title='bbox 2218 1140 2330 1193; x_wconf 89' lang='lat' dir='ltr'><strong>quo</strong></span> <span class='ocrx_word' id='word_1_273' title='bbox 2375 1123 2740 1195; x_wconf 77' lang='lat' dir='ltr'><strong>Septuaginta</strong></span> <span class='ocrx_word' id='word_1_274' title='bbox 2784 1125 2839 1178; x_wconf 85' lang='lat' dir='ltr'><strong>in</strong></span> <span class='ocrx_word' id='word_1_275' title='bbox 2875 1125 3035 1193; x_wconf 74' lang='lat' dir='ltr'><strong>ﬁnem</strong></span> <span class='ocrx_word' id='word_1_276' title='bbox 3073 1132 3398 1192; x_wconf 88' lang='lat' dir='ltr'><strong>posuerunt,</strong></span> <span class='ocrx_word' id='word_1_277' title='bbox 3444 1124 3702 1192; x_wconf 82' lang='lat' dir='ltr'><strong>Aquilam</strong></span> 
     </span>
    </p>
   </div>
   <div class='ocr_carea' id='block_1_40' title="bbox 2121 1215 3707 1285">
    <p class='ocr_par' dir='ltr' id='par_1_40' title="bbox 2121 1215 3707 1285">
     <span class='ocr_line' id='line_1_40' title="bbox 2121 1215 3707 1285; baseline -0.001 -14"><span class='ocrx_word' id='word_1_278' title='bbox 2121 1217 2340 1285; x_wconf 79' lang='lat' dir='ltr'><strong>quidem</strong></span> <span class='ocrx_word' id='word_1_279' title='bbox 2376 1226 2431 1271; x_wconf 89' lang='lat' dir='ltr'><strong>et</strong></span> <span class='ocrx_word' id='word_1_280' title='bbox 2460 1215 2890 1271; x_wconf 86' lang='lat' dir='ltr'><strong>Theodotiouem</strong></span> <span class='ocrx_word' id='word_1_281' title='bbox 2926 1215 3173 1270; x_wconf 72' lang='lat' dir='ltr'><strong>Victoria:</strong></span> <span class='ocrx_word' id='word_1_282' title='bbox 3210 1217 3417 1269; x_wconf 79' lang='lat' dir='ltr'><strong>auctori</strong></span> <span class='ocrx_word' id='word_1_283' title='bbox 3439 1216 3707 1285; x_wconf 86' lang='lat' dir='ltr'><strong>interpre-</strong></span> 
     </span>
    </p>
   </div>
   <div class='ocr_carea' id='block_1_41' title="bbox 2124 1306 3707 1380">
    <p class='ocr_par' dir='ltr' id='par_1_41' title="bbox 2124 1306 3707 1380">
     <span class='ocr_line' id='line_1_41' title="bbox 2124 1306 3707 1380; baseline -0.001 -19"><span class='ocrx_word' id='word_1_284' title='bbox 2124 1316 2266 1363; x_wconf 84' lang='lat' dir='ltr'><strong>tatos</strong></span> <span class='ocrx_word' id='word_1_285' title='bbox 2304 1323 2459 1373; x_wconf 90' lang='lat' dir='ltr'><strong>esse,</strong></span> <span class='ocrx_word' id='word_1_286' title='bbox 2511 1306 2907 1380; x_wconf 83' lang='lat' dir='ltr'><strong>Symmachum</strong></span> <span class='ocrx_word' id='word_1_287' title='bbox 2968 1323 3134 1374; x_wconf 82' lang='lat' dir='ltr'><strong>vero,</strong></span> <span class='ocrx_word' id='word_1_288' title='bbox 3189 1307 3550 1376; x_wconf 73' lang='lat' dir='ltr'><strong>triumphalis.</strong></span> <span class='ocrx_word' id='word_1_289' title='bbox 3608 1307 3707 1361; x_wconf 85' lang='lat' dir='ltr'><strong>llic</strong></span> 
     </span>
    </p>
   </div>
   <div class='ocr_carea' id='block_1_42' title="bbox 2122 1398 3706 1469">
    <p class='ocr_par' dir='ltr' id='par_1_42' title="bbox 2122 1398 3706 1469">
     <span class='ocr_line' id='line_1_42' title="bbox 2122 1398 3706 1469; baseline -0.001 -16"><span class='ocrx_word' id='word_1_290' title='bbox 2122 1398 2289 1469; x_wconf 80' lang='lat' dir='ltr'><strong>igitur</strong></span> <span class='ocrx_word' id='word_1_291' title='bbox 2338 1399 2585 1467; x_wconf 85' lang='lat' dir='ltr'><strong>psalmus</strong></span> <span class='ocrx_word' id='word_1_292' title='bbox 2631 1398 2987 1469; x_wconf 77' lang='lat' dir='ltr'><strong>triumphalis</strong></span> <span class='ocrx_word' id='word_1_293' title='bbox 3018 1398 3130 1452; x_wconf 90' lang='lat' dir='ltr'><strong>Deo</strong></span> <span class='ocrx_word' id='word_1_294' title='bbox 3160 1398 3326 1469; x_wconf 71' lang='lat'><strong>650</strong></span> <span class='ocrx_word' id='word_1_295' title='bbox 3364 1398 3578 1453; x_wconf 85' lang='lat' dir='ltr'><strong>auctori</strong></span> <span class='ocrx_word' id='word_1_296' title='bbox 3622 1398 3706 1452; x_wconf 89' lang='lat' dir='ltr'><strong>vi-</strong></span> 
     </span>
    </p>
   </div>
   <div class='ocr_carea' id='block_1_43' title="bbox 2123 1489 3706 1560">
    <p class='ocr_par' dir='ltr' id='par_1_43' title="bbox 2123 1489 3706 1560">
     <span class='ocr_line' id='line_1_43' title="bbox 2123 1489 3706 1560; baseline 0 -15"><span class='ocrx_word' id='word_1_297' title='bbox 2123 1490 2311 1545; x_wconf 70' lang='lat' dir='ltr'><strong>ctoriae</strong></span> <span class='ocrx_word' id='word_1_298' title='bbox 2345 1489 2592 1557; x_wconf 66' lang='lat' dir='ltr'><strong>offertur,</strong></span> <span class='ocrx_word' id='word_1_299' title='bbox 2631 1491 2725 1560; x_wconf 87' lang='lat' dir='ltr'><strong>qui</strong></span> <span class='ocrx_word' id='word_1_300' title='bbox 2759 1491 3046 1545; x_wconf 81' lang='lat' dir='ltr'><strong>inimicum</strong></span> <span class='ocrx_word' id='word_1_301' title='bbox 3082 1502 3139 1544; x_wconf 84' lang='lat' dir='ltr'><strong>et</strong></span> <span class='ocrx_word' id='word_1_302' title='bbox 3169 1490 3399 1545; x_wconf 85' lang='lat' dir='ltr'><strong>ultorem</strong></span> <span class='ocrx_word' id='word_1_303' title='bbox 3428 1490 3706 1545; x_wconf 86' lang='lat' dir='ltr'><strong>diabolum</strong></span> 
     </span>
    </p>
   </div>
   <div class='ocr_carea' id='block_1_44' title="bbox 2125 1581 3708 1652">
    <p class='ocr_par' dir='ltr' id='par_1_44' title="bbox 2125 1581 3708 1652">
     <span class='ocr_line' id='line_1_44' title="bbox 2125 1581 3708 1652; baseline -0.001 -14"><span class='ocrx_word' id='word_1_304' title='bbox 2125 1581 2417 1647; x_wconf 81' lang='lat' dir='ltr'><strong>destruxit,</strong></span> <span class='ocrx_word' id='word_1_305' title='bbox 2447 1584 2657 1652; x_wconf 88' lang='lat' dir='ltr'><strong>quique</strong></span> <span class='ocrx_word' id='word_1_306' title='bbox 2693 1584 2943 1638; x_wconf 78' lang='lat' dir='ltr'><strong>homines</strong></span> <span class='ocrx_word' id='word_1_307' title='bbox 2974 1583 3027 1637; x_wconf 91' lang='lat' dir='ltr'><strong>in</strong></span> <span class='ocrx_word' id='word_1_308' title='bbox 3066 1582 3225 1637; x_wconf 77' lang='lat' dir='ltr'><strong>ﬁnem</strong></span> <span class='ocrx_word' id='word_1_309' title='bbox 3256 1597 3434 1652; x_wconf 86' lang='lat' dir='ltr'><strong>usque</strong></span> <span class='ocrx_word' id='word_1_310' title='bbox 3465 1583 3534 1637; x_wconf 87' lang='lat' dir='ltr'><strong>ab</strong></span> <span class='ocrx_word' id='word_1_311' title='bbox 3563 1583 3708 1643; x_wconf 88' lang='lat' dir='ltr'><strong>illius</strong></span> 
     </span>
    </p>
   </div>
   <div class='ocr_carea' id='block_1_45' title="bbox 2127 1673 3710 1744">
    <p class='ocr_par' dir='ltr' id='par_1_45' title="bbox 2127 1673 3710 1744">
     <span class='ocr_line' id='line_1_45' title="bbox 2127 1673 3710 1744; baseline 0.001 -16"><span class='ocrx_word' id='word_1_312' title='bbox 2127 1673 2418 1744; x_wconf 82' lang='lat' dir='ltr'><strong>tyrannide</strong></span> <span class='ocrx_word' id='word_1_313' title='bbox 2474 1674 2748 1728; x_wconf 83' lang='lat' dir='ltr'><strong>liberavit.</strong></span> <span class='ocrx_word' id='word_1_314' title='bbox 2812 1674 3127 1728; x_wconf 71' lang='lat' dir='ltr'><strong>Torcularia</strong></span> <span class='ocrx_word' id='word_1_315' title='bbox 3187 1682 3369 1728; x_wconf 89' lang='lat' dir='ltr'><strong>autem</strong></span> <span class='ocrx_word' id='word_1_316' title='bbox 3432 1673 3710 1729; x_wconf 81' lang='lat' dir='ltr'><strong>Ecclesias</strong></span> 
     </span>
    </p>
   </div>
   <div class='ocr_carea' id='block_1_46' title="bbox 2126 1764 3715 1836">
    <p class='ocr_par' dir='ltr' id='par_1_46' title="bbox 2126 1764 3715 1836">
     <span class='ocr_line' id='line_1_46' title="bbox 2126 1764 3715 1836; baseline -0.001 -17"><span class='ocrx_word' id='word_1_317' title='bbox 2126 1766 2387 1835; x_wconf 83' lang='lat' dir='ltr'><strong>appellat,</strong></span> <span class='ocrx_word' id='word_1_318' title='bbox 2424 1765 2686 1836; x_wconf 85' lang='lat' dir='ltr'><strong>quoniam</strong></span> <span class='ocrx_word' id='word_1_319' title='bbox 2734 1775 2786 1819; x_wconf 91' lang='lat' dir='ltr'><strong>et</strong></span> <span class='ocrx_word' id='word_1_320' title='bbox 2828 1765 3089 1820; x_wconf 84' lang='lat' dir='ltr'><strong>Dominus</strong></span> <span class='ocrx_word' id='word_1_321' title='bbox 3129 1766 3257 1819; x_wconf 84' lang='lat' dir='ltr'><strong>vitis</strong></span> <span class='ocrx_word' id='word_1_322' title='bbox 3293 1776 3543 1820; x_wconf 82' lang='lat' dir='ltr'><strong>vocatur.</strong></span> <span class='ocrx_word' id='word_1_323' title='bbox 3592 1764 3715 1834; x_wconf 84' lang='lat' dir='ltr'><strong>Ipse</strong></span> 
     </span>
    </p>
   </div>
   <div class='ocr_carea' id='block_1_47' title="bbox 2125 1854 3718 1926">
    <p class='ocr_par' dir='ltr' id='par_1_47' title="bbox 2125 1854 3718 1926">
     <span class='ocr_line' id='line_1_47' title="bbox 2125 1854 3718 1926; baseline -0.001 -15"><span class='ocrx_word' id='word_1_324' title='bbox 2125 1855 2273 1911; x_wconf 87' lang='lat' dir='ltr'><strong>enim</strong></span> <span class='ocrx_word' id='word_1_325' title='bbox 2306 1857 2483 1911; x_wconf 82' lang='lat' dir='ltr'><strong>sacris</strong></span> <span class='ocrx_word' id='word_1_326' title='bbox 2506 1857 2560 1910; x_wconf 91' lang='lat' dir='ltr'><strong>in</strong></span> <span class='ocrx_word' id='word_1_327' title='bbox 2597 1856 2906 1926; x_wconf 75' lang='lat' dir='ltr'><strong>Evangeliis</strong></span> <span class='ocrx_word' id='word_1_328' title='bbox 2941 1864 3173 1911; x_wconf 80' lang='lat' dir='ltr'><strong>testatus</strong></span> <span class='ocrx_word' id='word_1_329' title='bbox 3199 1864 3329 1910; x_wconf 84' lang='lat' dir='ltr'><strong>est:</strong></span> <span class='ocrx_word' id='word_1_330' title='bbox 3374 1875 3393 1907; x_wconf 81' lang='grc' dir='ltr'><strong>ι</strong></span> <span class='ocrx_word' id='word_1_331' title='bbox 3437 1854 3549 1926; x_wconf 76' lang='lat' dir='ltr'><strong>Ego</strong></span> <span class='ocrx_word' id='word_1_332' title='bbox 3582 1872 3718 1910; x_wconf 87' lang='lat' dir='ltr'><strong>sum-</strong></span> 
     </span>
    </p>
   </div>
   <div class='ocr_carea' id='block_1_48' title="bbox 2128 1946 3710 2014">
    <p class='ocr_par' dir='ltr' id='par_1_48' title="bbox 2128 1946 3710 2014">
     <span class='ocr_line' id='line_1_48' title="bbox 2128 1946 3710 2014; baseline 0 -12"><span class='ocrx_word' id='word_1_333' title='bbox 2128 1948 2252 2003; x_wconf 85' lang='lat' dir='ltr'><strong>vitis</strong></span> <span class='ocrx_word' id='word_1_334' title='bbox 2298 1964 2426 2002; x_wconf 80' lang='lat' dir='ltr'><strong>vera</strong></span> <span class='ocrx_word' id='word_1_335' title='bbox 2452 1955 2500 2001; x_wconf 89' lang='lat'><strong>°.</strong></span> <span class='ocrx_word' id='word_1_336' title='bbox 2549 1967 2566 2000; x_wconf 76' lang='grc' dir='ltr'><strong>ι</strong></span> <span class='ocrx_word' id='word_1_337' title='bbox 2608 1949 2711 2014; x_wconf 92' lang='lat' dir='ltr'><strong>Qui</strong></span> <span class='ocrx_word' id='word_1_338' title='bbox 2759 1963 2890 2002; x_wconf 87' lang='lat' dir='ltr'><strong>vero</strong></span> <span class='ocrx_word' id='word_1_339' title='bbox 2941 1948 3083 2001; x_wconf 87' lang='lat' dir='ltr'><strong>hanc</strong></span> <span class='ocrx_word' id='word_1_340' title='bbox 3142 1948 3305 2003; x_wconf 88' lang='lat' dir='ltr'><strong>vitem</strong></span> <span class='ocrx_word' id='word_1_341' title='bbox 3368 1946 3710 2002; x_wconf 77' lang='lat' dir='ltr'><strong>vindemiant</strong></span> 
     </span>
    </p>
   </div>
   <div class='ocr_carea' id='block_1_49' title="bbox 2125 2038 3709 2110">
    <p class='ocr_par' dir='ltr' id='par_1_49' title="bbox 2125 2038 3709 2110">
     <span class='ocr_line' id='line_1_49' title="bbox 2125 2038 3709 2110; baseline 0 -16"><span class='ocrx_word' id='word_1_342' title='bbox 2125 2040 2334 2107; x_wconf 85' lang='lat' dir='ltr'><strong>ﬁdeles,</strong></span> <span class='ocrx_word' id='word_1_343' title='bbox 2365 2038 2656 2110; x_wconf 84' lang='lat' dir='ltr'><strong>mysticum</strong></span> <span class='ocrx_word' id='word_1_344' title='bbox 2688 2039 2877 2095; x_wconf 83' lang='lat' dir='ltr'><strong>vinum</strong></span> <span class='ocrx_word' id='word_1_345' title='bbox 2905 2038 3237 2104; x_wconf 87' lang='lat' dir='ltr'><strong>conﬁciunt;</strong></span> <span class='ocrx_word' id='word_1_346' title='bbox 3260 2040 3497 2094; x_wconf 82' lang='lat' dir='ltr'><strong>maxima</strong></span> <span class='ocrx_word' id='word_1_347' title='bbox 3524 2047 3709 2094; x_wconf 84' lang='lat' dir='ltr'><strong>autem</strong></span> 
     </span>
    </p>
   </div>
   <div class='ocr_carea' id='block_1_50' title="bbox 2124 2131 3708 2201">
    <p class='ocr_par' dir='ltr' id='par_1_50' title="bbox 2124 2131 3708 2201">
     <span class='ocr_line' id='line_1_50' title="bbox 2124 2131 3708 2201; baseline -0.001 -13"><span class='ocrx_word' id='word_1_348' title='bbox 2124 2143 2179 2188; x_wconf 89' lang='lat' dir='ltr'><strong>et</strong></span> <span class='ocrx_word' id='word_1_349' title='bbox 2212 2133 2329 2188; x_wconf 64' lang='lat' dir='ltr'><strong>haec</strong></span> <span class='ocrx_word' id='word_1_350' title='bbox 2375 2142 2459 2187; x_wconf 88' lang='lat' dir='ltr'><strong>est</strong></span> <span class='ocrx_word' id='word_1_351' title='bbox 2490 2131 2809 2187; x_wconf 66' lang='lat' dir='ltr'><strong>Iudaeorum</strong></span> <span class='ocrx_word' id='word_1_352' title='bbox 2847 2131 3093 2201; x_wconf 79' lang='lat' dir='ltr'><strong>perﬁdiae</strong></span> <span class='ocrx_word' id='word_1_353' title='bbox 3127 2132 3463 2186; x_wconf 87' lang='lat' dir='ltr'><strong>criminatio.</strong></span> <span class='ocrx_word' id='word_1_354' title='bbox 3516 2131 3708 2186; x_wconf 83' lang='lat' dir='ltr'><strong>Multi-</strong></span> 
     </span>
    </p>
   </div>
   <div class='ocr_carea' id='block_1_51' title="bbox 2127 2221 3713 2292">
    <p class='ocr_par' dir='ltr' id='par_1_51' title="bbox 2127 2221 3713 2292">
     <span class='ocr_line' id='line_1_51' title="bbox 2127 2221 3713 2292; baseline -0.001 -12"><span class='ocrx_word' id='word_1_355' title='bbox 2127 2224 2372 2280; x_wconf 88' lang='lat' dir='ltr'><strong>tudinem</strong></span> <span class='ocrx_word' id='word_1_356' title='bbox 2396 2223 2545 2278; x_wconf 88' lang='lat' dir='ltr'><strong>enim</strong></span> <span class='ocrx_word' id='word_1_357' title='bbox 2576 2223 2934 2278; x_wconf 79' lang='lat' dir='ltr'><strong>torcularinm</strong></span> <span class='ocrx_word' id='word_1_358' title='bbox 2972 2223 3280 2289; x_wconf 83' lang='lat' dir='ltr'><strong>audientes,</strong></span> <span class='ocrx_word' id='word_1_359' title='bbox 3313 2221 3713 2292; x_wconf 81' lang='lat' dir='ltr'><strong>manifesteun</strong></span> 
     </span>
    </p>
   </div>
   <div class='ocr_carea' id='block_1_52' title="bbox 2126 2312 3715 2384">
    <p class='ocr_par' dir='ltr' id='par_1_52' title="bbox 2126 2312 3715 2384">
     <span class='ocr_line' id='line_1_52' title="bbox 2126 2312 3715 2384; baseline -0.001 -14"><span class='ocrx_word' id='word_1_360' title='bbox 2126 2316 2366 2371; x_wconf 86' lang='lat' dir='ltr'><strong>scientes</strong></span> <span class='ocrx_word' id='word_1_361' title='bbox 2415 2329 2583 2368; x_wconf 89' lang='lat' dir='ltr'><strong>unum</strong></span> <span class='ocrx_word' id='word_1_362' title='bbox 2641 2313 2917 2384; x_wconf 82' lang='lat' dir='ltr'><strong>quoddam</strong></span> <span class='ocrx_word' id='word_1_363' title='bbox 2974 2314 3218 2369; x_wconf 80' lang='lat' dir='ltr'><strong>torcular</strong></span> <span class='ocrx_word' id='word_1_364' title='bbox 3263 2314 3450 2367; x_wconf 85' lang='lat' dir='ltr'><strong>datum</strong></span> <span class='ocrx_word' id='word_1_365' title='bbox 3502 2312 3715 2379; x_wconf 74' lang='lat' dir='ltr'><strong>fuisse;</strong></span> 
     </span>
    </p>
   </div>
   <div class='ocr_carea' id='block_1_53' title="bbox 2126 2392 3711 2476">
    <p class='ocr_par' dir='ltr' id='par_1_53' title="bbox 2126 2392 3711 2476">
     <span class='ocr_line' id='line_1_53' title="bbox 2126 2392 3711 2476; baseline -0.003 -14"><span class='ocrx_word' id='word_1_366' title='bbox 2126 2408 2238 2464; x_wconf 91' lang='lat' dir='ltr'><strong>imo</strong></span> <span class='ocrx_word' id='word_1_367' title='bbox 2276 2423 2407 2463; x_wconf 84' lang='lat' dir='ltr'><strong>vero</strong></span> <span class='ocrx_word' id='word_1_368' title='bbox 2440 2422 2620 2476; x_wconf 88' lang='lat' dir='ltr'><strong>neque</strong></span> <span class='ocrx_word' id='word_1_369' title='bbox 2667 2406 2911 2460; x_wconf 88' lang='lat' dir='ltr'><strong>torcular</strong></span> <span class='ocrx_word' id='word_1_370' title='bbox 2954 2392 3051 2460; x_wconf 84' lang='lat' dir='ltr'><strong>sed</strong></span> <span class='ocrx_word' id='word_1_371' title='bbox 3093 2405 3476 2475; x_wconf 85' lang='lat' dir='ltr'><strong>protorcular:</strong></span> <span class='ocrx_word' id='word_1_372' title='bbox 3515 2423 3534 2455; x_wconf 80' lang='grc' dir='ltr'><strong>ι</strong></span> <span class='ocrx_word' id='word_1_373' title='bbox 3573 2401 3711 2458; x_wconf 80' lang='lat' dir='ltr'><strong>Pro-</strong></span> 
     </span>
    </p>
   </div>
   <div class='ocr_carea' id='block_1_54' title="bbox 2128 2495 3709 2569">
    <p class='ocr_par' dir='ltr' id='par_1_54' title="bbox 2128 2495 3709 2569">
     <span class='ocr_line' id='line_1_54' title="bbox 2128 2495 3709 2569; baseline -0.004 -13"><span class='ocrx_word' id='word_1_374' title='bbox 2128 2500 2369 2556; x_wconf 81' lang='lat' dir='ltr'><strong>torcular</strong></span> <span class='ocrx_word' id='word_1_375' title='bbox 2401 2500 2572 2565; x_wconf 86' lang='lat' dir='ltr'><strong>enim,</strong></span> <span class='ocrx_word' id='word_1_376' title='bbox 2624 2499 2831 2569; x_wconf 86' lang='lat' dir='ltr'><strong>inquit,</strong></span> <span class='ocrx_word' id='word_1_377' title='bbox 2859 2497 3022 2553; x_wconf 79' lang='lat' dir='ltr'><strong>eﬂ&#39;odi</strong></span> <span class='ocrx_word' id='word_1_378' title='bbox 3055 2498 3111 2553; x_wconf 88' lang='lat' dir='ltr'><strong>in</strong></span> <span class='ocrx_word' id='word_1_379' title='bbox 3144 2498 3259 2563; x_wconf 80' lang='lat' dir='ltr'><strong>illa,</strong></span> <span class='ocrx_word' id='word_1_380' title='bbox 3310 2504 3367 2553; x_wconf 84' lang='lat' dir='ltr'><strong>et</strong></span> <span class='ocrx_word' id='word_1_381' title='bbox 3393 2495 3709 2566; x_wconf 84' lang='lat' dir='ltr'><strong>exspectavi</strong></span> 
     </span>
    </p>
   </div>
   <div class='ocr_carea' id='block_1_55' title="bbox 2127 2587 3717 2659">
    <p class='ocr_par' dir='ltr' id='par_1_55' title="bbox 2127 2587 3717 2659">
     <span class='ocr_line' id='line_1_55' title="bbox 2127 2587 3717 2659; baseline -0.004 -11"><span class='ocrx_word' id='word_1_382' title='bbox 2127 2601 2185 2648; x_wconf 86' lang='lat' dir='ltr'><strong>ut</strong></span> <span class='ocrx_word' id='word_1_383' title='bbox 2219 2590 2425 2647; x_wconf 82' lang='lat' dir='ltr'><strong>faceret</strong></span> <span class='ocrx_word' id='word_1_384' title='bbox 2453 2606 2611 2654; x_wconf 80' lang='lat' dir='ltr'><strong>uvas,</strong></span> <span class='ocrx_word' id='word_1_385' title='bbox 2652 2589 2782 2645; x_wconf 78' lang='lat' dir='ltr'><strong>fecit</strong></span> <span class='ocrx_word' id='word_1_386' title='bbox 2807 2597 2992 2644; x_wconf 87' lang='lat' dir='ltr'><strong>autem</strong></span> <span class='ocrx_word' id='word_1_387' title='bbox 3035 2589 3310 2659; x_wconf 76' lang='lat' dir='ltr'><strong>spinasp;</strong></span> <span class='ocrx_word' id='word_1_388' title='bbox 3348 2607 3368 2638; x_wconf 74' lang='grc' dir='ltr'><strong>ι</strong></span> <span class='ocrx_word' id='word_1_389' title='bbox 3407 2587 3717 2657; x_wconf 77' lang='lat' dir='ltr'><strong>intelligere</strong></span> 
     </span>
    </p>
   </div>
   <div class='ocr_carea' id='block_1_56' title="bbox 2126 2677 3707 2753">
    <p class='ocr_par' dir='ltr' id='par_1_56' title="bbox 2126 2677 3707 2753">
     <span class='ocr_line' id='line_1_56' title="bbox 2126 2677 3707 2753; baseline -0.008 -12"><span class='ocrx_word' id='word_1_390' title='bbox 2126 2687 2341 2752; x_wconf 80' lang='lat' dir='ltr'><strong>nulum,</strong></span> <span class='ocrx_word' id='word_1_391' title='bbox 2365 2685 2590 2753; x_wconf 88' lang='lat' dir='ltr'><strong>antiqua</strong></span> <span class='ocrx_word' id='word_1_392' title='bbox 2618 2696 2889 2745; x_wconf 84' lang='lat' dir='ltr'><strong>cessasse,</strong></span> <span class='ocrx_word' id='word_1_393' title='bbox 2919 2680 3048 2734; x_wconf 86' lang='lat' dir='ltr'><strong>novi</strong></span> <span class='ocrx_word' id='word_1_394' title='bbox 3078 2694 3217 2733; x_wconf 83' lang='lat' dir='ltr'><strong>vero</strong></span> <span class='ocrx_word' id='word_1_395' title='bbox 3247 2677 3557 2734; x_wconf 87' lang='lat' dir='ltr'><strong>testamenti</strong></span> <span class='ocrx_word' id='word_1_396' title='bbox 3584 2692 3707 2745; x_wconf 76' lang='lat' dir='ltr'><strong>gra-</strong></span> 
     </span>
    </p>
   </div>
   <div class='ocr_carea' id='block_1_57' title="bbox 2127 2767 3716 2845">
    <p class='ocr_par' dir='ltr' id='par_1_57' title="bbox 2127 2767 3716 2845">
     <span class='ocr_line' id='line_1_57' title="bbox 2127 2767 3716 2845; baseline -0.004 -16"><span class='ocrx_word' id='word_1_397' title='bbox 2127 2779 2255 2831; x_wconf 87' lang='lat' dir='ltr'><strong>tiam</strong></span> <span class='ocrx_word' id='word_1_398' title='bbox 2292 2775 2636 2845; x_wconf 88' lang='lat' dir='ltr'><strong>apparuisse,</strong></span> <span class='ocrx_word' id='word_1_399' title='bbox 2674 2788 2797 2843; x_wconf 70' lang='lat' dir='ltr'><strong>quze</strong></span> <span class='ocrx_word' id='word_1_400' title='bbox 2844 2785 3040 2826; x_wconf 86' lang='lat' dir='ltr'><strong>omnes</strong></span> <span class='ocrx_word' id='word_1_401' title='bbox 3071 2769 3326 2824; x_wconf 87' lang='lat' dir='ltr'><strong>homines</strong></span> <span class='ocrx_word' id='word_1_402' title='bbox 3371 2767 3437 2821; x_wconf 88' lang='lat' dir='ltr'><strong>ad</strong></span> <span class='ocrx_word' id='word_1_403' title='bbox 3470 2768 3716 2822; x_wconf 81' lang='lat' dir='ltr'><strong>salutem</strong></span> 
     </span>
    </p>
   </div>
   <div class='ocr_carea' id='block_1_58' title="bbox 2123 2864 3698 2939">
    <p class='ocr_par' dir='ltr' id='par_1_58' title="bbox 2123 2864 3698 2939">
     <span class='ocr_line' id='line_1_58' title="bbox 2123 2864 3698 2939; baseline -0.006 -13"><span class='ocrx_word' id='word_1_404' title='bbox 2123 2882 2303 2927; x_wconf 82' lang='lat' dir='ltr'><strong>vocat.</strong></span> <span class='ocrx_word' id='word_1_405' title='bbox 2337 2871 2688 2939; x_wconf 87' lang='lat' dir='ltr'><strong>Quapropter</strong></span> <span class='ocrx_word' id='word_1_406' title='bbox 2737 2882 2845 2923; x_wconf 82' lang='lat' dir='ltr'><strong>non</strong></span> <span class='ocrx_word' id='word_1_407' title='bbox 2897 2866 3136 2937; x_wconf 79' lang='lat' dir='ltr'><strong>amplius</strong></span> <span class='ocrx_word' id='word_1_408' title='bbox 3190 2864 3494 2920; x_wconf 84' lang='lat' dir='ltr'><strong>secundum</strong></span> <span class='ocrx_word' id='word_1_409' title='bbox 3551 2864 3698 2918; x_wconf 89' lang='lat' dir='ltr'><strong>anti-</strong></span> 
     </span>
    </p>
   </div>
   <div class='ocr_carea' id='block_1_59' title="bbox 2125 2955 3717 3035">
    <p class='ocr_par' dir='ltr' id='par_1_59' title="bbox 2125 2955 3717 3035">
     <span class='ocr_line' id='line_1_59' title="bbox 2125 2955 3717 3035; baseline -0.004 -18"><span class='ocrx_word' id='word_1_410' title='bbox 2125 2979 2290 3035; x_wconf 83' lang='lat' dir='ltr'><strong>quam</strong></span> <span class='ocrx_word' id='word_1_411' title='bbox 2325 2965 2520 3033; x_wconf 82' lang='lat' dir='ltr'><strong>legem,</strong></span> <span class='ocrx_word' id='word_1_412' title='bbox 2552 2976 2721 3029; x_wconf 85' lang='lat' dir='ltr'><strong>super</strong></span> <span class='ocrx_word' id='word_1_413' title='bbox 2756 2974 2929 3014; x_wconf 87' lang='lat' dir='ltr'><strong>unum</strong></span> <span class='ocrx_word' id='word_1_414' title='bbox 2962 2958 3136 3013; x_wconf 87' lang='lat' dir='ltr'><strong>altare</strong></span> <span class='ocrx_word' id='word_1_415' title='bbox 3174 2957 3461 3012; x_wconf 86' lang='lat' dir='ltr'><strong>hominum</strong></span> <span class='ocrx_word' id='word_1_416' title='bbox 3499 2955 3717 3011; x_wconf 79' lang='lat' dir='ltr'><strong>fructus</strong></span> 
     </span>
    </p>
   </div>
   <div class='ocr_carea' id='block_1_60' title="bbox 2125 3046 3713 3123">
    <p class='ocr_par' dir='ltr' id='par_1_60' title="bbox 2125 3046 3713 3123">
     <span class='ocr_line' id='line_1_60' title="bbox 2125 3046 3713 3123; baseline -0.011 -8"><span class='ocrx_word' id='word_1_417' title='bbox 2125 3056 2437 3115; x_wconf 82' lang='lat' dir='ltr'><strong>sacerdotes</strong></span> <span class='ocrx_word' id='word_1_418' title='bbox 2467 3064 2726 3123; x_wconf 86' lang='lat' dir='ltr'><strong>tanquam</strong></span> <span class='ocrx_word' id='word_1_419' title='bbox 2766 3052 2822 3105; x_wconf 87' lang='lat' dir='ltr'><strong>in</strong></span> <span class='ocrx_word' id='word_1_420' title='bbox 2864 3048 3122 3105; x_wconf 83' lang='lat' dir='ltr'><strong>torculari</strong></span> <span class='ocrx_word' id='word_1_421' title='bbox 3153 3048 3369 3103; x_wconf 86' lang='lat' dir='ltr'><strong>calcant</strong></span> <span class='ocrx_word' id='word_1_422' title='bbox 3401 3066 3415 3102; x_wconf 88' lang='lat'><strong>:</strong></span> <span class='ocrx_word' id='word_1_423' title='bbox 3450 3047 3547 3102; x_wconf 84' lang='lat' dir='ltr'><strong>sed</strong></span> <span class='ocrx_word' id='word_1_424' title='bbox 3581 3046 3713 3100; x_wconf 84' lang='lat' dir='ltr'><strong>inli-</strong></span> 
     </span>
    </p>
   </div>
   <div class='ocr_carea' id='block_1_61' title="bbox 2127 3148 3719 3218">
    <p class='ocr_par' dir='ltr' id='par_1_61' title="bbox 2127 3148 3719 3218">
     <span class='ocr_line' id='line_1_61' title="bbox 2127 3148 3719 3218; baseline -0.009 -13"><span class='ocrx_word' id='word_1_425' title='bbox 2127 3150 2263 3215; x_wconf 77' lang='lat' dir='ltr'><strong>nita,</strong></span> <span class='ocrx_word' id='word_1_426' title='bbox 2291 3162 2414 3218; x_wconf 60' lang='lat' dir='ltr'><strong>quae</strong></span> <span class='ocrx_word' id='word_1_427' title='bbox 2444 3160 2732 3201; x_wconf 86' lang='lat' dir='ltr'><strong>numerum</strong></span> <span class='ocrx_word' id='word_1_428' title='bbox 2774 3151 3058 3211; x_wconf 85' lang='lat' dir='ltr'><strong>superant,</strong></span> <span class='ocrx_word' id='word_1_429' title='bbox 3094 3157 3189 3210; x_wconf 89' lang='lat' dir='ltr'><strong>per</strong></span> <span class='ocrx_word' id='word_1_430' title='bbox 3230 3156 3450 3194; x_wconf 87' lang='lat' dir='ltr'><strong>omnem</strong></span> <span class='ocrx_word' id='word_1_431' title='bbox 3504 3148 3719 3194; x_wconf 81' lang='lat' dir='ltr'><strong>terram</strong></span> 
     </span>
    </p>
   </div>
   <div class='ocr_carea' id='block_1_62' title="bbox 440 3216 2025 3305">
    <p class='ocr_par' dir='ltr' id='par_1_62' title="bbox 440 3223 2021 3304">
     <span class='ocr_line' id='line_1_62' title="bbox 440 3223 2021 3304; baseline 0.006 -26"><span class='ocrx_word' id='word_1_432' title='bbox 440 3223 829 3297; x_wconf 84' lang='grc' dir='ltr'>θυσιαστήρια.</span> <span class='ocrx_word' id='word_1_433' title='bbox 864 3229 974 3283; x_wconf 74' lang='lat' dir='ltr'><strong>Kal.</strong></span> <span class='ocrx_word' id='word_1_434' title='bbox 1007 3228 1169 3283; x_wconf 83' lang='grc' dir='ltr'>τοῦτο</span> <span class='ocrx_word' id='word_1_435' title='bbox 1219 3231 1554 3302; x_wconf 76' lang='grc' dir='ltr'>σαφέστερον</span> <span class='ocrx_word' id='word_1_436' title='bbox 1591 3232 1620 3283; x_wconf 93' lang='lat'><strong>6</strong></span> <span class='ocrx_word' id='word_1_437' title='bbox 1661 3232 2021 3304; x_wconf 80' lang='grc' dir='ltr'>ὀγδοηκοστὸς</span> 
     </span>
    </p>
   </div>
   <div class='ocr_carea' id='block_1_63' title="bbox 2125 3216 3719 3305">
    <p class='ocr_par' dir='ltr' id='par_1_63' title="bbox 2126 3216 3719 3305">
     <span class='ocr_line' id='line_1_63' title="bbox 2126 3216 3719 3305; baseline -0.008 -8"><span class='ocrx_word' id='word_1_438' title='bbox 2126 3250 2194 3305; x_wconf 64' lang='lat' dir='ltr'><strong>et,</strong></span> <span class='ocrx_word' id='word_1_439' title='bbox 2225 3216 2376 3295; x_wconf 72' lang='lat' dir='ltr'><strong>mare</strong></span> <span class='ocrx_word' id='word_1_440' title='bbox 2425 3248 2607 3294; x_wconf 86' lang='lat' dir='ltr'><strong>erecta</strong></span> <span class='ocrx_word' id='word_1_441' title='bbox 2659 3244 2788 3291; x_wconf 84' lang='lat' dir='ltr'><strong>sunt</strong></span> <span class='ocrx_word' id='word_1_442' title='bbox 2840 3233 3059 3288; x_wconf 85' lang='lat' dir='ltr'><strong>altaria.</strong></span> <span class='ocrx_word' id='word_1_443' title='bbox 3102 3232 3167 3288; x_wconf 87' lang='lat' dir='ltr'><strong>Et</strong></span> <span class='ocrx_word' id='word_1_444' title='bbox 3201 3234 3307 3287; x_wconf 89' lang='lat' dir='ltr'><strong>hoc</strong></span> <span class='ocrx_word' id='word_1_445' title='bbox 3338 3230 3719 3302; x_wconf 77' lang='lat' dir='ltr'><strong>octogesimus</strong></span> 
     </span>
    </p>
   </div>
   <div class='ocr_carea' id='block_1_64' title="bbox 438 3316 2026 3395">
    <p class='ocr_par' dir='ltr' id='par_1_64' title="bbox 438 3316 2026 3395">
     <span class='ocr_line' id='line_1_64' title="bbox 438 3316 2026 3395; baseline 0.006 -26"><span class='ocrx_word' id='word_1_446' title='bbox 438 3316 625 3387; x_wconf 88' lang='grc' dir='ltr'>τρίτος</span> <span class='ocrx_word' id='word_1_447' title='bbox 654 3317 902 3374; x_wconf 84' lang='grc' dir='ltr'>διδάσκει</span> <span class='ocrx_word' id='word_1_448' title='bbox 933 3319 1170 3390; x_wconf 79' lang='grc' dir='ltr'>ψαλμός.</span> <span class='ocrx_word' id='word_1_449' title='bbox 1206 3322 1319 3376; x_wconf 77' lang='lat' dir='ltr'><strong>Kal.</strong></span> <span class='ocrx_word' id='word_1_450' title='bbox 1348 3322 1511 3387; x_wconf 84' lang='grc' dir='ltr'>αὐτὸς</span> <span class='ocrx_word' id='word_1_451' title='bbox 1560 3322 1671 3391; x_wconf 82' lang='grc' dir='ltr'><strong>γὰρ</strong></span> <span class='ocrx_word' id='word_1_452' title='bbox 1706 3324 2026 3395; x_wconf 73' lang='grc' dir='ltr'>ἐπιγραφὴν</span> 
     </span>
    </p>
   </div>
   <div class='ocr_carea' id='block_1_65' title="bbox 440 3406 2022 3489">
    <p class='ocr_par' dir='ltr' id='par_1_65' title="bbox 440 3406 2022 3489">
     <span class='ocr_line' id='line_1_65' title="bbox 440 3406 2022 3489; baseline 0.006 -28"><span class='ocrx_word' id='word_1_453' title='bbox 440 3406 582 3478; x_wconf 69' lang='grc' dir='ltr'>ἔχων</span> <span class='ocrx_word' id='word_1_454' title='bbox 615 3408 818 3479; x_wconf 87' lang='grc' dir='ltr'>ληνῶν,</span> <span class='ocrx_word' id='word_1_455' title='bbox 856 3411 1071 3466; x_wconf 87' lang='grc' dir='ltr'>πολλῶν</span> <span class='ocrx_word' id='word_1_456' title='bbox 1101 3410 1507 3484; x_wconf 84' lang='grc' dir='ltr'>θυσιαστηρίων</span> <span class='ocrx_word' id='word_1_457' title='bbox 1555 3416 1859 3486; x_wconf 71' lang='grc' dir='ltr'>ἐποιήσατο</span> <span class='ocrx_word' id='word_1_458' title='bbox 1888 3418 2022 3489; x_wconf 80' lang='grc' dir='ltr'>μνή-</span> 
     </span>
    </p>
   </div>
   <div class='ocr_carea' id='block_1_66' title="bbox 443 3499 2029 3580">
    <p class='ocr_par' dir='ltr' id='par_1_66' title="bbox 443 3499 2029 3580">
     <span class='ocr_line' id='line_1_66' title="bbox 443 3499 2029 3580; baseline 0.008 -28"><span class='ocrx_word' id='word_1_459' title='bbox 443 3515 555 3569; x_wconf 86' lang='grc' dir='ltr'>μην</span> <span class='ocrx_word' id='word_1_460' title='bbox 586 3514 601 3529; x_wconf 80' lang='grc'><em>’</em></span> <span class='ocrx_word' id='word_1_461' title='bbox 631 3517 650 3552; x_wconf 86' lang='grc' dir='ltr'><strong>ι</strong></span> <span class='ocrx_word' id='word_1_462' title='bbox 722 3499 812 3565; x_wconf 84' lang='grc' dir='ltr'><strong>Ὦς</strong></span> <span class='ocrx_word' id='word_1_463' title='bbox 871 3504 1138 3574; x_wconf 79' lang='grc' dir='ltr'>ἀγαπητὰ</span> <span class='ocrx_word' id='word_1_464' title='bbox 1191 3505 1321 3575; x_wconf 83' lang='grc' dir='ltr'>γὰρ,</span> <span class='ocrx_word' id='word_1_465' title='bbox 1352 3508 1512 3576; x_wconf 68' lang='grc' dir='ltr'>φησι,</span> <span class='ocrx_word' id='word_1_466' title='bbox 1557 3507 1628 3561; x_wconf 77' lang='grc' dir='ltr'>τὰ</span> <span class='ocrx_word' id='word_1_467' title='bbox 1685 3509 2029 3580; x_wconf 81' lang='grc' dir='ltr'>σκηνώματά</span> 
     </span>
    </p>
   </div>
   <div class='ocr_carea' id='block_1_67' title="bbox 440 3586 2021 3673">
    <p class='ocr_par' dir='ltr' id='par_1_67' title="bbox 440 3586 2021 3673">
     <span class='ocr_line' id='line_1_67' title="bbox 440 3586 2021 3673; baseline 0.007 -28"><span class='ocrx_word' id='word_1_468' title='bbox 440 3609 563 3655; x_wconf 84' lang='grc' dir='ltr'>σου,</span> <span class='ocrx_word' id='word_1_469' title='bbox 586 3593 761 3666; x_wconf 79' lang='grc' dir='ltr'>Κύριε</span> <span class='ocrx_word' id='word_1_470' title='bbox 791 3596 901 3651; x_wconf 89' lang='grc' dir='ltr'><strong>τῶν</strong></span> <span class='ocrx_word' id='word_1_471' title='bbox 924 3586 1236 3669; x_wconf 80' lang='grc' dir='ltr'>δυνάμεων,</span> <span class='ocrx_word' id='word_1_472' title='bbox 1260 3618 1276 3650; x_wconf 80' lang='grc' dir='ltr'><strong>ι</strong></span> <span class='ocrx_word' id='word_1_473' title='bbox 1306 3600 1567 3654; x_wconf 70' lang='grc' dir='ltr'>ἐπιποθεῖ</span> <span class='ocrx_word' id='word_1_474' title='bbox 1594 3602 1692 3655; x_wconf 73' lang='grc' dir='ltr'>καὶ</span> <span class='ocrx_word' id='word_1_475' title='bbox 1719 3602 1966 3656; x_wconf 74' lang='grc' dir='ltr'>ἐκλείπει</span> <span class='ocrx_word' id='word_1_476' title='bbox 1987 3606 2021 3673; x_wconf 86' lang='grc' dir='ltr'><strong>ἡ</strong></span> 
     </span>
    </p>
   </div>
   <div class='ocr_carea' id='block_1_68' title="bbox 439 3684 2026 3764">
    <p class='ocr_par' dir='ltr' id='par_1_68' title="bbox 439 3684 2026 3764">
     <span class='ocr_line' id='line_1_68' title="bbox 439 3684 2026 3764; baseline 0.007 -28"><span class='ocrx_word' id='word_1_477' title='bbox 439 3684 589 3755; x_wconf 78' lang='grc' dir='ltr'><strong>ψυχή</strong></span> <span class='ocrx_word' id='word_1_478' title='bbox 652 3702 755 3754; x_wconf 89' lang='grc' dir='ltr'><strong>μου</strong></span> <span class='ocrx_word' id='word_1_479' title='bbox 793 3690 876 3750; x_wconf 85' lang='grc' dir='ltr'><strong>είς</strong></span> <span class='ocrx_word' id='word_1_480' title='bbox 924 3690 1024 3752; x_wconf 75' lang='grc' dir='ltr'>τὰς</span> <span class='ocrx_word' id='word_1_481' title='bbox 1085 3690 1261 3754; x_wconf 76' lang='grc' dir='ltr'>αὐλὰς</span> <span class='ocrx_word' id='word_1_482' title='bbox 1315 3691 1412 3744; x_wconf 80' lang='grc' dir='ltr'><strong>τοῦ</strong></span> <span class='ocrx_word' id='word_1_483' title='bbox 1468 3692 1715 3764; x_wconf 70' lang='grc' dir='ltr'>Κυρίουι</span> <span class='ocrx_word' id='word_1_484' title='bbox 1761 3694 1856 3747; x_wconf 77' lang='grc' dir='ltr'>καὶ</span> <span class='ocrx_word' id='word_1_485' title='bbox 1906 3696 2026 3764; x_wconf 82' lang='grc' dir='ltr'>μετ’</span> 
     </span>
    </p>
   </div>
   <div class='ocr_carea' id='block_1_69' title="bbox 440 3779 2026 3855">
    <p class='ocr_par' dir='ltr' id='par_1_69' title="bbox 440 3779 2026 3855">
     <span class='ocr_line' id='line_1_69' title="bbox 440 3779 2026 3855; baseline 0.006 -23"><span class='ocrx_word' id='word_1_486' title='bbox 440 3779 634 3847; x_wconf 79' lang='grc' dir='ltr'><strong>ὀλίγα⁸</strong></span> <span class='ocrx_word' id='word_1_487' title='bbox 675 3798 695 3833; x_wconf 88' lang='grc' dir='ltr'><strong>ι</strong></span> <span class='ocrx_word' id='word_1_488' title='bbox 734 3782 816 3835; x_wconf 81' lang='grc' dir='ltr'><strong>Τὰ</strong></span> <span class='ocrx_word' id='word_1_489' title='bbox 860 3783 1221 3855; x_wconf 85' lang='grc' dir='ltr'>θυσιαστήριά</span> <span class='ocrx_word' id='word_1_490' title='bbox 1273 3802 1390 3848; x_wconf 86' lang='grc' dir='ltr'>σου,</span> <span class='ocrx_word' id='word_1_491' title='bbox 1450 3784 1626 3855; x_wconf 83' lang='grc' dir='ltr'>Κύριε</span> <span class='ocrx_word' id='word_1_492' title='bbox 1676 3786 1787 3840; x_wconf 90' lang='grc' dir='ltr'><strong>τῶν</strong></span> <span class='ocrx_word' id='word_1_493' title='bbox 1861 3786 2026 3841; x_wconf 87' lang='grc' dir='ltr'>δυνά-</span> 
     </span>
    </p>
   </div>
   <div class='ocr_carea' id='block_1_70' title="bbox 444 3871 2029 3946">
    <p class='ocr_par' dir='ltr' id='par_1_70' title="bbox 444 3871 2029 3946">
     <span class='ocr_line' id='line_1_70' title="bbox 444 3871 2029 3946; baseline 0.008 -26"><span class='ocrx_word' id='word_1_494' title='bbox 444 3871 681 3940; x_wconf 69' lang='grc' dir='ltr'>μεωνθί.</span> <span class='ocrx_word' id='word_1_495' title='bbox 708 3890 728 3923; x_wconf 72' lang='grc' dir='ltr'><strong>ι</strong></span> <span class='ocrx_word' id='word_1_496' title='bbox 751 3873 860 3926; x_wconf 81' lang='grc' dir='ltr'><strong>Καὶ</strong></span> <span class='ocrx_word' id='word_1_497' title='bbox 880 3873 1107 3943; x_wconf 78' lang='grc' dir='ltr'>ὁδγδοος</span> <span class='ocrx_word' id='word_1_498' title='bbox 1134 3875 1190 3928; x_wconf 83' lang='grc' dir='ltr'>δὲ</span> <span class='ocrx_word' id='word_1_499' title='bbox 1215 3874 1651 3945; x_wconf 71' lang='grc' dir='ltr'>ψα).μδς,⁸Υπὲρ</span> <span class='ocrx_word' id='word_1_500' title='bbox 1677 3876 1797 3930; x_wconf 78' lang='grc' dir='ltr'>τῶν</span> <span class='ocrx_word' id='word_1_501' title='bbox 1819 3878 2029 3946; x_wconf 74' lang='grc' dir='ltr'><em>ληνῶν</em></span> 
     </span>
    </p>
   </div>
   <div class='ocr_carea' id='block_1_71' title="bbox 441 3961 2027 4040">
    <p class='ocr_par' dir='ltr' id='par_1_71' title="bbox 441 3961 2027 4040">
     <span class='ocr_line' id='line_1_71' title="bbox 441 3961 2027 4040; baseline 0.006 -26"><span class='ocrx_word' id='word_1_502' title='bbox 441 3961 946 4034; x_wconf 70' lang='grc' dir='ltr'>ἐπιγεγραμμένος,</span> <span class='ocrx_word' id='word_1_503' title='bbox 986 3965 1089 4036; x_wconf 82' lang='grc' dir='ltr'>τῆς</span> <span class='ocrx_word' id='word_1_504' title='bbox 1127 3965 1454 4038; x_wconf 72' lang='grc' dir='ltr'>οἰκουμένης</span> <span class='ocrx_word' id='word_1_505' title='bbox 1505 3966 1865 4037; x_wconf 79' lang='grc' dir='ltr'>προθεσπίζει</span> <span class='ocrx_word' id='word_1_506' title='bbox 1925 3970 2027 4040; x_wconf 74' lang='grc' dir='ltr'><strong>τὴν</strong></span> 
     </span>
    </p>
   </div>
   <div class='ocr_carea' id='block_1_72' title="bbox 444 4054 2022 4127">
    <p class='ocr_par' dir='ltr' id='par_1_72' title="bbox 444 4054 2022 4127">
     <span class='ocr_line' id='line_1_72' title="bbox 444 4054 2022 4127; baseline 0.004 -21"><span class='ocrx_word' id='word_1_507' title='bbox 444 4054 747 4124; x_wconf 83' lang='grc' dir='ltr'>σωτηρίαν,</span> <span class='ocrx_word' id='word_1_508' title='bbox 777 4054 875 4108; x_wconf 66' lang='grc' dir='ltr'><strong>καὶ¹</strong></span> <span class='ocrx_word' id='word_1_509' title='bbox 922 4055 1022 4127; x_wconf 82' lang='grc' dir='ltr'>τὴν</span> <span class='ocrx_word' id='word_1_510' title='bbox 1058 4055 1187 4127; x_wconf 72' lang='grc' dir='ltr'>περὶ</span> <span class='ocrx_word' id='word_1_511' title='bbox 1234 4058 1362 4120; x_wconf 84' lang='grc' dir='ltr'>τοὺς</span> <span class='ocrx_word' id='word_1_512' title='bbox 1402 4056 1724 4127; x_wconf 82' lang='grc' dir='ltr'>ἀνθρώπους</span> <span class='ocrx_word' id='word_1_513' title='bbox 1755 4058 1852 4112; x_wconf 83' lang='grc' dir='ltr'><strong>τοῦ</strong></span> <span class='ocrx_word' id='word_1_514' title='bbox 1885 4059 2022 4113; x_wconf 80' lang='grc' dir='ltr'>Θεοῦ</span> 
     </span>
    </p>
   </div>
   <div class='ocr_carea' id='block_1_73' title="bbox 449 4143 2025 4221">
    <p class='ocr_par' dir='ltr' id='par_1_73' title="bbox 449 4143 2025 4221">
     <span class='ocr_line' id='line_1_73' title="bbox 449 4143 2025 4221; baseline 0.006 -25"><span class='ocrx_word' id='word_1_515' title='bbox 449 4143 784 4216; x_wconf 84' lang='grc' dir='ltr'>κηδεμονίαν</span> <span class='ocrx_word' id='word_1_516' title='bbox 814 4146 1082 4215; x_wconf 83' lang='grc' dir='ltr'>διδάσκει,</span> <span class='ocrx_word' id='word_1_517' title='bbox 1119 4149 1215 4202; x_wconf 79' lang='grc' dir='ltr'>καὶ</span> <span class='ocrx_word' id='word_1_518' title='bbox 1263 4147 1359 4202; x_wconf 80' lang='grc' dir='ltr'>τοῦ</span> <span class='ocrx_word' id='word_1_519' title='bbox 1389 4150 1733 4220; x_wconf 81' lang='grc' dir='ltr'>Μονογενοῦς</span> <span class='ocrx_word' id='word_1_520' title='bbox 1764 4150 2025 4221; x_wconf 84' lang='grc' dir='ltr'>προλέγει</span> 
     </span>
    </p>
   </div>
   <div class='ocr_carea' id='block_1_74' title="bbox 440 4234 1813 4310">
    <p class='ocr_par' dir='ltr' id='par_1_74' title="bbox 440 4234 1813 4310">
     <span class='ocr_line' id='line_1_74' title="bbox 440 4234 1813 4310; baseline 0.008 -22"><span class='ocrx_word' id='word_1_521' title='bbox 440 4234 546 4307; x_wconf 76' lang='grc' dir='ltr'><strong>τὴν</strong></span> <span class='ocrx_word' id='word_1_522' title='bbox 576 4237 735 4305; x_wconf 80' lang='grc' dir='ltr'>ὲνανθ</span> <span class='ocrx_word' id='word_1_523' title='bbox 744 4236 1014 4310; x_wconf 87' lang='grc' dir='ltr'>ρώπησιν.</span> <span class='ocrx_word' id='word_1_524' title='bbox 1787 4242 1789 4244; x_wconf 64' lang='grc'><strong><em>’</em></strong></span> <span class='ocrx_word' id='word_1_525' title='bbox 1812 4296 1813 4299; x_wconf 44' lang='grc' dir='ltr'><strong>η</strong></span> 
     </span>
    </p>
   </div>
   <div class='ocr_carea' id='block_1_75' title="bbox 518 4322 2025 4401">
    <p class='ocr_par' dir='ltr' id='par_1_75' title="bbox 518 4322 2025 4401">
     <span class='ocr_line' id='line_1_75' title="bbox 518 4322 2025 4401; baseline 0.005 -24"><span class='ocrx_word' id='word_1_526' title='bbox 518 4322 583 4394; x_wconf 76' lang='grc' dir='ltr'><strong>β’.</strong></span> <span class='ocrx_word' id='word_1_527' title='bbox 640 4342 661 4377; x_wconf 83' lang='grc' dir='ltr'><strong>ι</strong></span> <span class='ocrx_word' id='word_1_528' title='bbox 699 4326 876 4397; x_wconf 80' lang='grc' dir='ltr'>Κύριε</span> <span class='ocrx_word' id='word_1_529' title='bbox 918 4329 947 4381; x_wconf 89' lang='grc' dir='ltr'><strong>ὁ</strong></span> <span class='ocrx_word' id='word_1_530' title='bbox 999 4326 1200 4399; x_wconf 70' lang='grc' dir='ltr'>Κύριοι,</span> <span class='ocrx_word' id='word_1_531' title='bbox 1248 4328 1409 4399; x_wconf 78' lang='grc' dir='ltr'>ἡμῶν</span> <span class='ocrx_word' id='word_1_532' title='bbox 1434 4370 1451 4395; x_wconf 88' lang='grc'><em>,</em></span> <span class='ocrx_word' id='word_1_533' title='bbox 1499 4329 1575 4394; x_wconf 81' lang='grc' dir='ltr'><strong>ῶς</strong></span> <span class='ocrx_word' id='word_1_534' title='bbox 1607 4330 1925 4401; x_wconf 79' lang='grc' dir='ltr'>θαυμαστὸν</span> <span class='ocrx_word' id='word_1_535' title='bbox 1963 4332 2025 4385; x_wconf 83' lang='grc' dir='ltr'><strong>τὸ</strong></span> 
     </span>
    </p>
   </div>
   <div class='ocr_carea' id='block_1_76' title="bbox 2130 3320 3721 3401">
    <p class='ocr_par' dir='ltr' id='par_1_76' title="bbox 2130 3320 3721 3401">
     <span class='ocr_line' id='line_1_76' title="bbox 2130 3320 3721 3401; baseline -0.006 -15"><span class='ocrx_word' id='word_1_536' title='bbox 2130 3333 2323 3387; x_wconf 79' lang='lat' dir='ltr'><strong>tertius</strong></span> <span class='ocrx_word' id='word_1_537' title='bbox 2362 3331 2609 3401; x_wconf 77' lang='lat' dir='ltr'><strong>psalmus</strong></span> <span class='ocrx_word' id='word_1_538' title='bbox 2641 3328 2817 3394; x_wconf 72' lang='lat' dir='ltr'><strong>magis</strong></span> <span class='ocrx_word' id='word_1_539' title='bbox 2850 3328 3092 3383; x_wconf 86' lang='lat' dir='ltr'><strong>dilucide</strong></span> <span class='ocrx_word' id='word_1_540' title='bbox 3130 3325 3310 3380; x_wconf 87' lang='lat' dir='ltr'><strong>docet.</strong></span> <span class='ocrx_word' id='word_1_541' title='bbox 3345 3320 3481 3376; x_wconf 85' lang='lat' dir='ltr'><strong>Nam</strong></span> <span class='ocrx_word' id='word_1_542' title='bbox 3512 3330 3567 3377; x_wconf 90' lang='lat' dir='ltr'><strong>et</strong></span> <span class='ocrx_word' id='word_1_543' title='bbox 3597 3321 3721 3390; x_wconf 82' lang='lat' dir='ltr'><strong>ipse</strong></span> 
     </span>
    </p>
   </div>
   <div class='ocr_carea' id='block_1_77' title="bbox 2130 3413 3715 3486">
    <p class='ocr_par' dir='ltr' id='par_1_77' title="bbox 2130 3413 3715 3486">
     <span class='ocr_line' id='line_1_77' title="bbox 2130 3413 3715 3486; baseline -0.009 -6"><span class='ocrx_word' id='word_1_544' title='bbox 2130 3424 2484 3480; x_wconf 80' lang='lat' dir='ltr'><strong>torculariarn</strong></span> <span class='ocrx_word' id='word_1_545' title='bbox 2540 3421 2757 3475; x_wconf 85' lang='lat' dir='ltr'><strong>titulum</strong></span> <span class='ocrx_word' id='word_1_546' title='bbox 2819 3420 3050 3486; x_wconf 85' lang='lat' dir='ltr'><strong>habens,</strong></span> <span class='ocrx_word' id='word_1_547' title='bbox 3102 3417 3401 3473; x_wconf 85' lang='lat' dir='ltr'><strong>multorum</strong></span> <span class='ocrx_word' id='word_1_548' title='bbox 3456 3413 3715 3468; x_wconf 86' lang='lat' dir='ltr'><strong>altarium</strong></span> 
     </span>
    </p>
   </div>
   <div class='ocr_carea' id='block_1_78' title="bbox 2127 3496 3713 3579">
    <p class='ocr_par' dir='ltr' id='par_1_78' title="bbox 2127 3496 3713 3579">
     <span class='ocr_line' id='line_1_78' title="bbox 2127 3496 3713 3579; baseline -0.008 -7"><span class='ocrx_word' id='word_1_549' title='bbox 2127 3496 2465 3572; x_wconf 80' lang='lat' dir='ltr'><strong>mentionem</strong></span> <span class='ocrx_word' id='word_1_550' title='bbox 2501 3514 2677 3570; x_wconf 78' lang='lat' dir='ltr'><strong>fecit:</strong></span> <span class='ocrx_word' id='word_1_551' title='bbox 2721 3531 2740 3565; x_wconf 83' lang='grc' dir='ltr'><strong>ι</strong></span> <span class='ocrx_word' id='word_1_552' title='bbox 2781 3512 2959 3579; x_wconf 82' lang='lat' dir='ltr'><strong>Quam</strong></span> <span class='ocrx_word' id='word_1_553' title='bbox 3016 3511 3213 3567; x_wconf 83' lang='lat' dir='ltr'><strong>dilecta</strong></span> <span class='ocrx_word' id='word_1_554' title='bbox 3265 3507 3445 3570; x_wconf 88' lang='lat' dir='ltr'><strong>enim,</strong></span> <span class='ocrx_word' id='word_1_555' title='bbox 3505 3503 3713 3575; x_wconf 84' lang='lat' dir='ltr'><strong>inquit,</strong></span> 
     </span>
    </p>
   </div>
   <div class='ocr_carea' id='block_1_79' title="bbox 2127 3597 3716 3669">
    <p class='ocr_par' dir='ltr' id='par_1_79' title="bbox 2127 3597 3716 3669">
     <span class='ocr_line' id='line_1_79' title="bbox 2127 3597 3716 3669; baseline -0.011 -5"><span class='ocrx_word' id='word_1_556' title='bbox 2127 3617 2256 3665; x_wconf 83' lang='lat' dir='ltr'><strong>sunt</strong></span> <span class='ocrx_word' id='word_1_557' title='bbox 2291 3605 2646 3661; x_wconf 82' lang='lat' dir='ltr'><strong>tabernacula</strong></span> <span class='ocrx_word' id='word_1_558' title='bbox 2677 3614 2795 3669; x_wconf 81' lang='lat' dir='ltr'><strong>tua,</strong></span> <span class='ocrx_word' id='word_1_559' title='bbox 2853 3602 3085 3659; x_wconf 87' lang='lat' dir='ltr'><strong>Domine</strong></span> <span class='ocrx_word' id='word_1_560' title='bbox 3117 3601 3382 3656; x_wconf 83' lang='lat' dir='ltr'><strong>virtutum</strong></span> <span class='ocrx_word' id='word_1_561' title='bbox 3407 3609 3435 3649; x_wconf 74' lang='grc' dir='ltr'>«ι</span> <span class='ocrx_word' id='word_1_562' title='bbox 3463 3615 3478 3662; x_wconf 88' lang='grc'><strong>;</strong></span> <span class='ocrx_word' id='word_1_563' title='bbox 3512 3616 3531 3648; x_wconf 74' lang='grc' dir='ltr'><strong>ι</strong></span> <span class='ocrx_word' id='word_1_564' title='bbox 3568 3597 3716 3652; x_wconf 74' lang='lat' dir='ltr'><strong>desi-</strong></span> 
     </span>
    </p>
   </div>
   <div class='ocr_carea' id='block_1_80' title="bbox 2126 3689 3718 3765">
    <p class='ocr_par' dir='ltr' id='par_1_80' title="bbox 2126 3689 3718 3765">
     <span class='ocr_line' id='line_1_80' title="bbox 2126 3689 3718 3765; baseline -0.007 -11"><span class='ocrx_word' id='word_1_565' title='bbox 2126 3700 2279 3755; x_wconf 91' lang='lat' dir='ltr'><strong>derio</strong></span> <span class='ocrx_word' id='word_1_566' title='bbox 2304 3696 2518 3762; x_wconf 69' lang='lat' dir='ltr'><strong>aﬂecta,</strong></span> <span class='ocrx_word' id='word_1_567' title='bbox 2545 3697 2659 3751; x_wconf 88' lang='lat' dir='ltr'><strong>imo</strong></span> <span class='ocrx_word' id='word_1_568' title='bbox 2681 3706 3008 3765; x_wconf 85' lang='lat' dir='ltr'><strong>consumpta</strong></span> <span class='ocrx_word' id='word_1_569' title='bbox 3030 3703 3116 3750; x_wconf 86' lang='lat' dir='ltr'><strong>est</strong></span> <span class='ocrx_word' id='word_1_570' title='bbox 3139 3692 3320 3747; x_wconf 87' lang='lat' dir='ltr'><strong>anima</strong></span> <span class='ocrx_word' id='word_1_571' title='bbox 3341 3705 3462 3746; x_wconf 89' lang='lat' dir='ltr'><strong>mea</strong></span> <span class='ocrx_word' id='word_1_572' title='bbox 3482 3689 3553 3743; x_wconf 88' lang='lat' dir='ltr'><strong>ob</strong></span> <span class='ocrx_word' id='word_1_573' title='bbox 3574 3690 3718 3743; x_wconf 78' lang='lat' dir='ltr'><strong>atria</strong></span> 
     </span>
    </p>
   </div>
   <div class='ocr_carea' id='block_1_81' title="bbox 2129 3779 3716 3857">
    <p class='ocr_par' dir='ltr' id='par_1_81' title="bbox 2129 3779 3716 3857">
     <span class='ocr_line' id='line_1_81' title="bbox 2129 3779 3716 3857; baseline -0.008 -12"><span class='ocrx_word' id='word_1_574' title='bbox 2129 3789 2365 3844; x_wconf 88' lang='lat' dir='ltr'><strong>Domini.</strong></span> <span class='ocrx_word' id='word_1_575' title='bbox 2402 3788 2470 3842; x_wconf 89' lang='lat' dir='ltr'><strong>Et</strong></span> <span class='ocrx_word' id='word_1_576' title='bbox 2499 3786 2662 3857; x_wconf 85' lang='lat' dir='ltr'><strong>paulo</strong></span> <span class='ocrx_word' id='word_1_577' title='bbox 2694 3795 2818 3856; x_wconf 88' lang='lat' dir='ltr'><strong>post</strong></span> <span class='ocrx_word' id='word_1_578' title='bbox 2847 3804 2862 3839; x_wconf 85' lang='lat'><strong>:</strong></span> <span class='ocrx_word' id='word_1_579' title='bbox 2897 3802 2919 3836; x_wconf 79' lang='grc' dir='ltr'><strong>ι</strong></span> <span class='ocrx_word' id='word_1_580' title='bbox 2955 3783 3164 3838; x_wconf 80' lang='lat' dir='ltr'><strong>Altaria</strong></span> <span class='ocrx_word' id='word_1_581' title='bbox 3198 3792 3314 3844; x_wconf 85' lang='lat' dir='ltr'><strong>tua,</strong></span> <span class='ocrx_word' id='word_1_582' title='bbox 3346 3780 3571 3835; x_wconf 77' lang='lat' dir='ltr'><strong>Domine</strong></span> <span class='ocrx_word' id='word_1_583' title='bbox 3603 3779 3716 3834; x_wconf 85' lang='lat' dir='ltr'><strong>vir-</strong></span> 
     </span>
    </p>
   </div>
   <div class='ocr_carea' id='block_1_82' title="bbox 2127 3868 3717 3944">
    <p class='ocr_par' dir='ltr' id='par_1_82' title="bbox 2127 3868 3717 3944">
     <span class='ocr_line' id='line_1_82' title="bbox 2127 3868 3717 3944; baseline -0.007 -10"><span class='ocrx_word' id='word_1_584' title='bbox 2127 3889 2304 3935; x_wconf 91' lang='lat' dir='ltr'><strong>tutum</strong></span> <span class='ocrx_word' id='word_1_585' title='bbox 2333 3888 2379 3932; x_wconf 83' lang='grc' dir='ltr'>ι·.</span> <span class='ocrx_word' id='word_1_586' title='bbox 2405 3896 2424 3929; x_wconf 76' lang='grc' dir='ltr'><strong>ι</strong></span> <span class='ocrx_word' id='word_1_587' title='bbox 2451 3878 2519 3932; x_wconf 91' lang='grc' dir='ltr'>Ει</span> <span class='ocrx_word' id='word_1_588' title='bbox 2546 3888 2775 3932; x_wconf 87' lang='lat' dir='ltr'><strong>octavus</strong></span> <span class='ocrx_word' id='word_1_589' title='bbox 2797 3877 2927 3931; x_wconf 87' lang='lat' dir='ltr'><strong>item</strong></span> <span class='ocrx_word' id='word_1_590' title='bbox 2944 3877 3211 3944; x_wconf 84' lang='lat' dir='ltr'><strong>psalmus,</strong></span> <span class='ocrx_word' id='word_1_591' title='bbox 3233 3872 3337 3927; x_wconf 88' lang='lat' dir='ltr'><strong>Pro</strong></span> <span class='ocrx_word' id='word_1_592' title='bbox 3355 3868 3717 3926; x_wconf 70' lang='lat' dir='ltr'><strong>torcularibus</strong></span> 
     </span>
    </p>
   </div>
   <div class='ocr_carea' id='block_1_83' title="bbox 2127 3961 3718 4038">
    <p class='ocr_par' dir='ltr' id='par_1_83' title="bbox 2127 3961 3718 4038">
     <span class='ocr_line' id='line_1_83' title="bbox 2127 3961 3718 4038; baseline -0.008 -12"><span class='ocrx_word' id='word_1_593' title='bbox 2127 3972 2445 4038; x_wconf 89' lang='lat' dir='ltr'><strong>inscriptus,</strong></span> <span class='ocrx_word' id='word_1_594' title='bbox 2483 3969 2633 4024; x_wconf 86' lang='lat' dir='ltr'><strong>orbis</strong></span> <span class='ocrx_word' id='word_1_595' title='bbox 2680 3976 2841 4022; x_wconf 72' lang='lat' dir='ltr'><strong>terrm</strong></span> <span class='ocrx_word' id='word_1_596' title='bbox 2871 3966 3030 4038; x_wconf 71' lang='lat'><strong>651</strong></span> <span class='ocrx_word' id='word_1_597' title='bbox 3069 3965 3304 4021; x_wconf 88' lang='lat' dir='ltr'><strong>salutem</strong></span> <span class='ocrx_word' id='word_1_598' title='bbox 3354 3961 3718 4025; x_wconf 77' lang='lat' dir='ltr'><strong>vaticinatur,</strong></span> 
     </span>
    </p>
   </div>
   <div class='ocr_carea' id='block_1_84' title="bbox 2125 4055 3715 4132">
    <p class='ocr_par' dir='ltr' id='par_1_84' title="bbox 2125 4055 3715 4132">
     <span class='ocr_line' id='line_1_84' title="bbox 2125 4055 3715 4132; baseline -0.008 -13"><span class='ocrx_word' id='word_1_599' title='bbox 2125 4074 2180 4119; x_wconf 88' lang='lat' dir='ltr'><strong>et</strong></span> <span class='ocrx_word' id='word_1_600' title='bbox 2228 4063 2323 4118; x_wconf 91' lang='lat' dir='ltr'><strong>Dei</strong></span> <span class='ocrx_word' id='word_1_601' title='bbox 2378 4062 2776 4132; x_wconf 86' lang='lat' dir='ltr'><strong>providentiam</strong></span> <span class='ocrx_word' id='word_1_602' title='bbox 2825 4074 2953 4130; x_wconf 79' lang='lat' dir='ltr'><strong>erga</strong></span> <span class='ocrx_word' id='word_1_603' title='bbox 2985 4063 3005 4081; x_wconf 81' lang='lat'><strong><em>‘</em></strong></span> <span class='ocrx_word' id='word_1_604' title='bbox 3037 4057 3297 4113; x_wconf 86' lang='lat' dir='ltr'><strong>homines</strong></span> <span class='ocrx_word' id='word_1_605' title='bbox 3326 4055 3507 4121; x_wconf 78' lang='lat' dir='ltr'><strong>docet,</strong></span> <span class='ocrx_word' id='word_1_606' title='bbox 3545 4062 3715 4123; x_wconf 75' lang='lat' dir='ltr'><strong>atque</strong></span> 
     </span>
    </p>
   </div>
   <div class='ocr_carea' id='block_1_85' title="bbox 2126 4147 3174 4226">
    <p class='ocr_par' dir='ltr' id='par_1_85' title="bbox 2126 4147 3174 4226">
     <span class='ocr_line' id='line_1_85' title="bbox 2126 4147 3174 4226; baseline -0.01 -15"><span class='ocrx_word' id='word_1_607' title='bbox 2126 4151 2404 4226; x_wconf 82' lang='lat' dir='ltr'><strong>Unigeniti</strong></span> <span class='ocrx_word' id='word_1_608' title='bbox 2435 4151 2871 4208; x_wconf 87' lang='lat' dir='ltr'><strong>incarnationem</strong></span> <span class='ocrx_word' id='word_1_609' title='bbox 2905 4147 3174 4219; x_wconf 67' lang='lat' dir='ltr'><strong>praedicit.</strong></span> 
     </span>
    </p>
   </div>
   <div class='ocr_carea' id='block_1_86' title="bbox 2196 4316 3711 4390">
    <p class='ocr_par' dir='ltr' id='par_1_86' title="bbox 2196 4316 3711 4390">
     <span class='ocr_line' id='line_1_86' title="bbox 2196 4316 3711 4390; baseline -0.011 -5"><span class='ocrx_word' id='word_1_610' title='bbox 2196 4330 2363 4388; x_wconf 77' lang='lat' dir='ltr'><strong>Vens.</strong></span> <span class='ocrx_word' id='word_1_611' title='bbox 2395 4329 2452 4383; x_wconf 74' lang='grc'>2.</span> <span class='ocrx_word' id='word_1_612' title='bbox 2489 4346 2509 4381; x_wconf 86' lang='grc' dir='ltr'><strong>ι</strong></span> <span class='ocrx_word' id='word_1_613' title='bbox 2546 4326 2777 4382; x_wconf 87' lang='lat' dir='ltr'><strong>Domine</strong></span> <span class='ocrx_word' id='word_1_614' title='bbox 2802 4324 3072 4381; x_wconf 89' lang='lat' dir='ltr'><strong>Dominus</strong></span> <span class='ocrx_word' id='word_1_615' title='bbox 3100 4332 3306 4385; x_wconf 88' lang='lat' dir='ltr'><strong>noster,</strong></span> <span class='ocrx_word' id='word_1_616' title='bbox 3336 4334 3500 4390; x_wconf 87' lang='lat' dir='ltr'><strong>quam</strong></span> <span class='ocrx_word' id='word_1_617' title='bbox 3534 4316 3711 4371; x_wconf 89' lang='lat' dir='ltr'><strong>admi-</strong></span> 
     </span>
    </p>
   </div>
   <div class='ocr_carea' id='block_1_87' title="bbox 442 4407 2025 4495">
    <p class='ocr_par' dir='ltr' id='par_1_87' title="bbox 442 4415 2025 4495">
     <span class='ocr_line' id='line_1_87' title="bbox 442 4415 2025 4495; baseline 0.005 -26"><span class='ocrx_word' id='word_1_618' title='bbox 442 4415 619 4487; x_wconf 82' lang='grc' dir='ltr'>δνομά</span> <span class='ocrx_word' id='word_1_619' title='bbox 661 4433 757 4471; x_wconf 87' lang='grc' dir='ltr'><strong>σου</strong></span> <span class='ocrx_word' id='word_1_620' title='bbox 791 4420 851 4473; x_wconf 72' lang='grc' dir='ltr'>ὲν</span> <span class='ocrx_word' id='word_1_621' title='bbox 897 4421 1047 4493; x_wconf 80' lang='grc' dir='ltr'>πάσῃ</span> <span class='ocrx_word' id='word_1_622' title='bbox 1075 4423 1140 4492; x_wconf 83' lang='grc' dir='ltr'>τῇ</span> <span class='ocrx_word' id='word_1_623' title='bbox 1176 4424 1271 4493; x_wconf 82' lang='grc' dir='ltr'>γῇ.</span> <span class='ocrx_word' id='word_1_624' title='bbox 1304 4424 1429 4476; x_wconf 83' lang='grc' dir='ltr'>Ὅτι</span> <span class='ocrx_word' id='word_1_625' title='bbox 1471 4423 1689 4495; x_wconf 77' lang='grc' dir='ltr'>ἐπήρθη</span> <span class='ocrx_word' id='word_1_626' title='bbox 1719 4425 1753 4493; x_wconf 81' lang='grc' dir='ltr'>ἡ</span> <span class='ocrx_word' id='word_1_627' title='bbox 1789 4423 2025 4494; x_wconf 84' lang='grc' dir='ltr'>μεγαλο-</span> 
     </span>
    </p>
   </div>
   <div class='ocr_carea' id='block_1_88' title="bbox 2125 4407 3711 4495">
    <p class='ocr_par' dir='ltr' id='par_1_88' title="bbox 2126 4407 3711 4479">
     <span class='ocr_line' id='line_1_88' title="bbox 2126 4407 3711 4479; baseline -0.012 0"><span class='ocrx_word' id='word_1_628' title='bbox 2126 4425 2298 4479; x_wconf 78' lang='lat' dir='ltr'><strong>rabile</strong></span> <span class='ocrx_word' id='word_1_629' title='bbox 2326 4430 2412 4477; x_wconf 86' lang='lat' dir='ltr'><strong>est</strong></span> <span class='ocrx_word' id='word_1_630' title='bbox 2439 4434 2638 4475; x_wconf 92' lang='lat' dir='ltr'><strong>nomen</strong></span> <span class='ocrx_word' id='word_1_631' title='bbox 2671 4429 2825 4473; x_wconf 89' lang='lat' dir='ltr'><strong>tuum</strong></span> <span class='ocrx_word' id='word_1_632' title='bbox 2859 4417 2913 4471; x_wconf 89' lang='lat' dir='ltr'><strong>in</strong></span> <span class='ocrx_word' id='word_1_633' title='bbox 2944 4417 3197 4470; x_wconf 85' lang='lat' dir='ltr'><strong>universa</strong></span> <span class='ocrx_word' id='word_1_634' title='bbox 3228 4411 3403 4467; x_wconf 87' lang='lat' dir='ltr'><strong>terra!</strong></span> <span class='ocrx_word' id='word_1_635' title='bbox 3430 4407 3711 4476; x_wconf 85' lang='lat' dir='ltr'><strong>Quoniam</strong></span> 
     </span>
    </p>
   </div>
   <div class='ocr_carea' id='block_1_89' title="bbox 443 4496 2025 4602">
    <p class='ocr_par' dir='ltr' id='par_1_89' title="bbox 443 4508 2025 4584">
     <span class='ocr_line' id='line_1_89' title="bbox 443 4508 2025 4584; baseline 0.005 -24"><span class='ocrx_word' id='word_1_636' title='bbox 443 4508 692 4578; x_wconf 66' lang='grc' dir='ltr'>πρέπειά</span> <span class='ocrx_word' id='word_1_637' title='bbox 723 4527 818 4565; x_wconf 87' lang='grc' dir='ltr'><strong>σου</strong></span> <span class='ocrx_word' id='word_1_638' title='bbox 852 4512 1113 4584; x_wconf 80' lang='grc' dir='ltr'>ὑπεράνω</span> <span class='ocrx_word' id='word_1_639' title='bbox 1153 4514 1263 4568; x_wconf 88' lang='grc' dir='ltr'><strong>τῶν</strong></span> <span class='ocrx_word' id='word_1_640' title='bbox 1300 4514 1568 4584; x_wconf 84' lang='grc' dir='ltr'>οὐρανῶν.</span> <span class='ocrx_word' id='word_1_641' title='bbox 1611 4533 1633 4568; x_wconf 70' lang='grc' dir='ltr'><strong>ι</strong></span> <span class='ocrx_word' id='word_1_642' title='bbox 1679 4515 1773 4581; x_wconf 85' lang='grc' dir='ltr'><strong>Τὸ,</strong></span> <span class='ocrx_word' id='word_1_643' title='bbox 1803 4516 1906 4581; x_wconf 84' lang='grc' dir='ltr'><strong>ὡς,</strong></span> <span class='ocrx_word' id='word_1_644' title='bbox 1937 4516 2025 4568; x_wconf 79' lang='grc' dir='ltr'><strong>ὲν-</strong></span> 
     </span>
    </p>
   </div>
   <div class='ocr_carea' id='block_1_90' title="bbox 2125 4496 3719 4602">
    <p class='ocr_par' dir='ltr' id='par_1_90' title="bbox 2133 4496 3719 4598">
     <span class='ocr_line' id='line_1_90' title="bbox 2133 4496 3719 4598; baseline -0.013 -28"><span class='ocrx_word' id='word_1_645' title='bbox 2133 4515 2343 4570; x_wconf 88' lang='lat' dir='ltr'><strong>elevata</strong></span> <span class='ocrx_word' id='word_1_646' title='bbox 2375 4519 2461 4568; x_wconf 88' lang='lat' dir='ltr'><strong>est</strong></span> <span class='ocrx_word' id='word_1_647' title='bbox 2491 4507 2898 4579; x_wconf 75' lang='lat' dir='ltr'><strong>magniﬁcentia</strong></span> <span class='ocrx_word' id='word_1_648' title='bbox 2931 4515 3018 4561; x_wconf 87' lang='lat' dir='ltr'><strong>tua</strong></span> <span class='ocrx_word' id='word_1_649' title='bbox 3053 4518 3221 4574; x_wconf 87' lang='lat' dir='ltr'><strong>super</strong></span> <span class='ocrx_word' id='word_1_650' title='bbox 3252 4501 3442 4558; x_wconf 74' lang='lat' dir='ltr'><strong>etelos.</strong></span> <span class='ocrx_word' id='word_1_651' title='bbox 3481 4517 3501 4552; x_wconf 72' lang='grc' dir='ltr'><strong>ι</strong></span> <span class='ocrx_word' id='word_1_652' title='bbox 3536 4496 3719 4598; x_wconf 73' lang='lat' dir='ltr'><strong>Quam</strong></span> 
     </span>
    </p>
   </div>
   <div class='ocr_carea' id='block_1_91' title="bbox 442 4587 2025 4676">
    <p class='ocr_par' dir='ltr' id='par_1_91' title="bbox 442 4599 2025 4676">
     <span class='ocr_line' id='line_1_91' title="bbox 442 4599 2025 4676; baseline 0.003 -23"><span class='ocrx_word' id='word_1_653' title='bbox 442 4599 621 4654; x_wconf 84' lang='grc' dir='ltr'><strong>ταῦθα</strong></span> <span class='ocrx_word' id='word_1_654' title='bbox 653 4604 715 4657; x_wconf 80' lang='grc' dir='ltr'><strong>οὐ</strong></span> <span class='ocrx_word' id='word_1_655' title='bbox 747 4603 1174 4676; x_wconf 75' lang='grc' dir='ltr'>παραϐολικῶς,</span> <span class='ocrx_word' id='word_1_656' title='bbox 1204 4604 1320 4660; x_wconf 82' lang='grc' dir='ltr'>ἀλλ’</span> <span class='ocrx_word' id='word_1_657' title='bbox 1360 4604 1696 4669; x_wconf 82' lang='grc' dir='ltr'>ὲπιτατικῶς</span> <span class='ocrx_word' id='word_1_658' title='bbox 1712 4605 1779 4660; x_wconf 84' lang='grc'><strong>⁹¹.</strong></span> <span class='ocrx_word' id='word_1_659' title='bbox 1812 4604 2025 4676; x_wconf 85' lang='grc' dir='ltr'>Σφόδρα</span> 
     </span>
    </p>
   </div>
   <div class='ocr_carea' id='block_1_92' title="bbox 2125 4587 3711 4676">
    <p class='ocr_par' dir='ltr' id='par_1_92' title="bbox 2137 4587 3711 4669">
     <span class='ocr_line' id='line_1_92' title="bbox 2137 4587 3711 4669; baseline -0.012 -8"><span class='ocrx_word' id='word_1_660' title='bbox 2137 4607 2243 4661; x_wconf 90' lang='lat' dir='ltr'><strong>hoc</strong></span> <span class='ocrx_word' id='word_1_661' title='bbox 2277 4605 2331 4659; x_wconf 92' lang='lat' dir='ltr'><strong>in</strong></span> <span class='ocrx_word' id='word_1_662' title='bbox 2379 4603 2503 4658; x_wconf 90' lang='lat' dir='ltr'><strong>loco</strong></span> <span class='ocrx_word' id='word_1_663' title='bbox 2553 4617 2660 4655; x_wconf 89' lang='lat' dir='ltr'><strong>non</strong></span> <span class='ocrx_word' id='word_1_664' title='bbox 2687 4597 3175 4669; x_wconf 89' lang='lat' dir='ltr'><strong>comparationem,</strong></span> <span class='ocrx_word' id='word_1_665' title='bbox 3203 4592 3297 4648; x_wconf 88' lang='lat' dir='ltr'><strong>sed</strong></span> <span class='ocrx_word' id='word_1_666' title='bbox 3328 4587 3711 4660; x_wconf 80' lang='lat' dir='ltr'><strong>exaggeratio-</strong></span> 
     </span>
    </p>
   </div>
   <div class='ocr_carea' id='block_1_93' title="bbox 445 4681 2025 4768">
    <p class='ocr_par' dir='ltr' id='par_1_93' title="bbox 445 4692 2025 4768">
     <span class='ocr_line' id='line_1_93' title="bbox 445 4692 2025 4768; baseline 0.004 -21"><span class='ocrx_word' id='word_1_667' title='bbox 445 4693 592 4765; x_wconf 79' lang='grc' dir='ltr'>γὰρ,</span> <span class='ocrx_word' id='word_1_668' title='bbox 637 4695 813 4766; x_wconf 73' lang='grc' dir='ltr'>φησὶ,</span> <span class='ocrx_word' id='word_1_669' title='bbox 863 4697 925 4751; x_wconf 80' lang='grc' dir='ltr'>τὸ</span> <span class='ocrx_word' id='word_1_670' title='bbox 978 4696 1106 4763; x_wconf 83' lang='grc' dir='ltr'>σὸν,</span> <span class='ocrx_word' id='word_1_671' title='bbox 1151 4692 1196 4752; x_wconf 85' lang='grc' dir='ltr'>ὧ</span> <span class='ocrx_word' id='word_1_672' title='bbox 1243 4698 1576 4761; x_wconf 60' lang='lat' dir='ltr'><strong>Manna”,</strong></span> <span class='ocrx_word' id='word_1_673' title='bbox 1621 4697 1775 4768; x_wconf 82' lang='grc' dir='ltr'>παρὰ</span> <span class='ocrx_word' id='word_1_674' title='bbox 1804 4699 2025 4752; x_wconf 83' lang='grc' dir='ltr'>πάντων</span> 
     </span>
    </p>
   </div>
   <div class='ocr_carea' id='block_1_94' title="bbox 2125 4681 3713 4768">
    <p class='ocr_par' dir='ltr' id='par_1_94' title="bbox 2137 4681 3713 4766">
     <span class='ocr_line' id='line_1_94' title="bbox 2137 4681 3713 4766; baseline -0.014 -15"><span class='ocrx_word' id='word_1_675' title='bbox 2137 4712 2260 4751; x_wconf 91' lang='lat' dir='ltr'><strong>nem</strong></span> <span class='ocrx_word' id='word_1_676' title='bbox 2292 4694 2583 4766; x_wconf 79' lang='lat' dir='ltr'><strong>signiﬁcat.</strong></span> <span class='ocrx_word' id='word_1_677' title='bbox 2619 4691 2949 4754; x_wconf 84' lang='lat' dir='ltr'><strong>Admodum,</strong></span> <span class='ocrx_word' id='word_1_678' title='bbox 2989 4685 3190 4756; x_wconf 87' lang='lat' dir='ltr'><strong>inquit,</strong></span> <span class='ocrx_word' id='word_1_679' title='bbox 3221 4699 3255 4739; x_wconf 87' lang='grc' dir='ltr'><strong>ο</strong></span> <span class='ocrx_word' id='word_1_680' title='bbox 3280 4681 3534 4746; x_wconf 88' lang='lat' dir='ltr'><strong>Domine,</strong></span> <span class='ocrx_word' id='word_1_681' title='bbox 3553 4688 3713 4733; x_wconf 88' lang='lat' dir='ltr'><strong>tuum</strong></span> 
     </span>
    </p>
   </div>
   <div class='ocr_carea' id='block_1_95' title="bbox 445 4768 2025 4858">
    <p class='ocr_par' dir='ltr' id='par_1_95' title="bbox 445 4784 2025 4858">
     <span class='ocr_line' id='line_1_95' title="bbox 445 4784 2025 4858; baseline 0 -19"><span class='ocrx_word' id='word_1_682' title='bbox 445 4784 700 4853; x_wconf 72' lang='grc' dir='ltr'>ὑμνεῖται</span> <span class='ocrx_word' id='word_1_683' title='bbox 742 4785 916 4856; x_wconf 71' lang='grc' dir='ltr'>ὄνομα</span> <span class='ocrx_word' id='word_1_684' title='bbox 938 4824 956 4851; x_wconf 83' lang='grc'><em>,</em></span> <span class='ocrx_word' id='word_1_685' title='bbox 1005 4787 1100 4841; x_wconf 77' lang='grc' dir='ltr'><strong>καὶ</strong></span> <span class='ocrx_word' id='word_1_686' title='bbox 1137 4787 1199 4841; x_wconf 70' lang='grc' dir='ltr'>σὲ</span> <span class='ocrx_word' id='word_1_687' title='bbox 1240 4787 1474 4858; x_wconf 83' lang='grc' dir='ltr'>ποιητὴν</span> <span class='ocrx_word' id='word_1_688' title='bbox 1516 4786 1749 4856; x_wconf 76' lang='grc' dir='ltr'>οὐρανοῦ</span> <span class='ocrx_word' id='word_1_689' title='bbox 1793 4789 1891 4841; x_wconf 77' lang='grc' dir='ltr'><strong>καὶ</strong></span> <span class='ocrx_word' id='word_1_690' title='bbox 1922 4788 2025 4858; x_wconf 81' lang='grc' dir='ltr'>γῆς</span> 
     </span>
    </p>
   </div>
   <div class='ocr_carea' id='block_1_96' title="bbox 2125 4768 3725 4858">
    <p class='ocr_par' dir='ltr' id='par_1_96' title="bbox 2136 4768 3725 4843">
     <span class='ocr_line' id='line_1_96' title="bbox 2136 4768 3725 4843; baseline -0.013 -1"><span class='ocrx_word' id='word_1_691' title='bbox 2136 4802 2334 4842; x_wconf 83' lang='lat' dir='ltr'><strong>nomen</strong></span> <span class='ocrx_word' id='word_1_692' title='bbox 2360 4787 2428 4841; x_wconf 88' lang='lat' dir='ltr'><strong>ab</strong></span> <span class='ocrx_word' id='word_1_693' title='bbox 2447 4784 2705 4839; x_wconf 86' lang='lat' dir='ltr'><strong>omnibus</strong></span> <span class='ocrx_word' id='word_1_694' title='bbox 2724 4782 3069 4843; x_wconf 90' lang='lat' dir='ltr'><strong>decantatur,</strong></span> <span class='ocrx_word' id='word_1_695' title='bbox 3098 4784 3154 4831; x_wconf 90' lang='lat' dir='ltr'><strong>ct</strong></span> <span class='ocrx_word' id='word_1_696' title='bbox 3183 4783 3234 4830; x_wconf 90' lang='lat' dir='ltr'><strong>te</strong></span> <span class='ocrx_word' id='word_1_697' title='bbox 3260 4781 3561 4830; x_wconf 88' lang='lat' dir='ltr'><strong>creatorem</strong></span> <span class='ocrx_word' id='word_1_698' title='bbox 3585 4768 3725 4825; x_wconf 75' lang='lat' dir='ltr'><strong>C(BII‘</strong></span> 
     </span>
    </p>
   </div>
   <div class='ocr_carea' id='block_1_97' title="bbox 444 4859 2025 4950">
    <p class='ocr_par' dir='ltr' id='par_1_97' title="bbox 444 4875 2025 4950">
     <span class='ocr_line' id='line_1_97' title="bbox 444 4875 2025 4950; baseline 0.003 -20"><span class='ocrx_word' id='word_1_699' title='bbox 444 4875 686 4943; x_wconf 66' lang='grc' dir='ltr'>ἅπαντες</span> <span class='ocrx_word' id='word_1_700' title='bbox 716 4878 1039 4950; x_wconf 79' lang='grc' dir='ltr'>ὀνομάζουσι</span> <span class='ocrx_word' id='word_1_701' title='bbox 1054 4879 1122 4935; x_wconf 74' lang='grc'><strong>⁸⁸.</strong></span> <span class='ocrx_word' id='word_1_702' title='bbox 1154 4877 1229 4933; x_wconf 81' lang='grc' dir='ltr'>Τὸ</span> <span class='ocrx_word' id='word_1_703' title='bbox 1251 4879 1383 4950; x_wconf 85' lang='grc' dir='ltr'>γὰρ,</span> <span class='ocrx_word' id='word_1_704' title='bbox 1413 4898 1431 4931; x_wconf 84' lang='grc' dir='ltr'><strong>ι</strong></span> <span class='ocrx_word' id='word_1_705' title='bbox 1474 4879 1610 4949; x_wconf 81' lang='grc' dir='ltr'><strong>Ἐπή</strong></span> <span class='ocrx_word' id='word_1_706' title='bbox 1622 4879 1724 4949; x_wconf 88' lang='grc' dir='ltr'><strong>ρθη</strong></span> <span class='ocrx_word' id='word_1_707' title='bbox 1746 4880 1779 4949; x_wconf 84' lang='grc' dir='ltr'>ὴ</span> <span class='ocrx_word' id='word_1_708' title='bbox 1796 4880 2025 4949; x_wconf 87' lang='grc' dir='ltr'>μεγαλο-</span> 
     </span>
    </p>
   </div>
   <div class='ocr_carea' id='block_1_98' title="bbox 2125 4859 3726 4950">
    <p class='ocr_par' dir='ltr' id='par_1_98' title="bbox 2133 4859 3726 4935">
     <span class='ocr_line' id='line_1_98' title="bbox 2133 4859 3726 4935; baseline -0.011 0"><span class='ocrx_word' id='word_1_709' title='bbox 2133 4888 2188 4935; x_wconf 89' lang='lat' dir='ltr'><strong>et</strong></span> <span class='ocrx_word' id='word_1_710' title='bbox 2220 4887 2379 4934; x_wconf 70' lang='lat' dir='ltr'><strong>terra-</strong></span> <span class='ocrx_word' id='word_1_711' title='bbox 2411 4890 2607 4931; x_wconf 76' lang='lat' dir='ltr'><strong>omnus</strong></span> <span class='ocrx_word' id='word_1_712' title='bbox 2651 4872 2957 4930; x_wconf 88' lang='lat' dir='ltr'><strong>nominant.</strong></span> <span class='ocrx_word' id='word_1_713' title='bbox 3004 4867 3143 4927; x_wconf 84' lang='lat' dir='ltr'><strong>Nam</strong></span> <span class='ocrx_word' id='word_1_714' title='bbox 3172 4865 3337 4923; x_wconf 83' lang='lat' dir='ltr'><strong>verba</strong></span> <span class='ocrx_word' id='word_1_715' title='bbox 3372 4864 3490 4934; x_wconf 84' lang='lat' dir='ltr'><strong>illa,</strong></span> <span class='ocrx_word' id='word_1_716' title='bbox 3538 4881 3561 4917; x_wconf 80' lang='grc' dir='ltr'><strong>ι</strong></span> <span class='ocrx_word' id='word_1_717' title='bbox 3596 4859 3726 4919; x_wconf 68' lang='lat' dir='ltr'><strong>cle-</strong></span> 
     </span>
    </p>
   </div>
   <div class='ocr_carea' id='block_1_99' title="bbox 508 5050 2025 5124">
    <p class='ocr_par' dir='ltr' id='par_1_99' title="bbox 508 5050 2015 5124">
     <span class='ocr_line' id='line_1_99' title="bbox 508 5050 2015 5124; baseline 0 -17"><span class='ocrx_word' id='word_1_718' title='bbox 508 5066 532 5091; x_wconf 79' lang='grc' dir='ltr'><strong>ο</strong></span> <span class='ocrx_word' id='word_1_719' title='bbox 570 5050 730 5109; x_wconf 83' lang='lat' dir='ltr'><strong>Joan.</strong></span> <span class='ocrx_word' id='word_1_720' title='bbox 763 5070 853 5124; x_wconf 83' lang='lat' dir='ltr'><strong>xv,</strong></span> <span class='ocrx_word' id='word_1_721' title='bbox 892 5053 941 5108; x_wconf 84' lang='lat' dir='ltr'><strong>l.</strong></span> <span class='ocrx_word' id='word_1_722' title='bbox 1022 5064 1050 5104; x_wconf 72' lang='grc' dir='ltr'><strong>ιι</strong></span> <span class='ocrx_word' id='word_1_723' title='bbox 1090 5051 1196 5112; x_wconf 89' lang='lat' dir='ltr'><strong>Isa.</strong></span> <span class='ocrx_word' id='word_1_724' title='bbox 1233 5071 1287 5121; x_wconf 93' lang='lat' dir='ltr'><strong>v,</strong></span> <span class='ocrx_word' id='word_1_725' title='bbox 1318 5052 1374 5107; x_wconf 73' lang='lat'><strong>2.</strong></span> <span class='ocrx_word' id='word_1_726' title='bbox 1452 5063 1480 5103; x_wconf 74' lang='grc' dir='ltr'>σι</span> <span class='ocrx_word' id='word_1_727' title='bbox 1517 5052 1658 5110; x_wconf 86' lang='lat' dir='ltr'><strong>Psal.</strong></span> <span class='ocrx_word' id='word_1_728' title='bbox 1689 5068 1918 5120; x_wconf 71' lang='lat' dir='ltr'><strong>Lxxxttt,</strong></span> <span class='ocrx_word' id='word_1_729' title='bbox 1962 5054 2015 5120; x_wconf 82' lang='lat' dir='ltr'><strong>i,</strong></span> 
     </span>
    </p>
   </div>
   <div class='ocr_carea' id='block_1_100' title="bbox 2125 5050 2472 5124">
    <p class='ocr_par' dir='ltr' id='par_1_100' title="bbox 2188 5050 2472 5109">
     <span class='ocr_line' id='line_1_100' title="bbox 2188 5050 2472 5109; baseline -0.004 -2"><span class='ocrx_word' id='word_1_730' title='bbox 2188 5062 2212 5093; x_wconf 74' lang='grc' dir='ltr'><strong>ι</strong></span> <span class='ocrx_word' id='word_1_731' title='bbox 2256 5051 2388 5109; x_wconf 80' lang='lat' dir='ltr'><strong>ibid.</strong></span> <span class='ocrx_word' id='word_1_732' title='bbox 2418 5050 2472 5107; x_wconf 78' lang='lat'><strong>3.</strong></span> 
     </span>
    </p>
   </div>
   <div class='ocr_carea' id='block_1_101' title="bbox 1522 5224 2592 5289">
    <p class='ocr_par' dir='ltr' id='par_1_101' title="bbox 1522 5224 2592 5289">
     <span class='ocr_line' id='line_1_101' title="bbox 1522 5224 2592 5289; baseline -0.007 -1"><span class='ocrx_word' id='word_1_733' title='bbox 1522 5227 1755 5289; x_wconf 64' lang='lat' dir='ltr'><strong>VARIA‘J</strong></span> <span class='ocrx_word' id='word_1_734' title='bbox 1794 5224 2185 5284; x_wconf 78' lang='lat' dir='ltr'><strong>LECTIONES</strong></span> <span class='ocrx_word' id='word_1_735' title='bbox 2219 5228 2308 5283; x_wconf 81' lang='lat' dir='ltr'><strong>ET</strong></span> <span class='ocrx_word' id='word_1_736' title='bbox 2355 5226 2592 5283; x_wconf 59' lang='lat' dir='ltr'><strong>NOTIE.</strong></span> 
     </span>
    </p>
   </div>
   <div class='ocr_carea' id='block_1_102' title="bbox 525 5372 2025 5457">
    <p class='ocr_par' dir='ltr' id='par_1_102' title="bbox 525 5383 2025 5457">
     <span class='ocr_line' id='line_1_102' title="bbox 525 5383 2025 5457; baseline 0.001 -20"><span class='ocrx_word' id='word_1_737' title='bbox 525 5383 573 5418; x_wconf 81' lang='grc'><strong>⁸³</strong></span> <span class='ocrx_word' id='word_1_738' title='bbox 642 5383 863 5457; x_wconf 68' lang='grc' dir='ltr'>’ζστέον</span> <span class='ocrx_word' id='word_1_739' title='bbox 892 5413 965 5427; x_wconf 89' lang='lat'><em>--</em></span> <span class='ocrx_word' id='word_1_740' title='bbox 1000 5384 1319 5457; x_wconf 50' lang='grc' dir='ltr'>ἐπινίκιον.</span> <span class='ocrx_word' id='word_1_741' title='bbox 1350 5384 1472 5457; x_wconf 88' lang='lat' dir='ltr'><strong>Des.</strong></span> <span class='ocrx_word' id='word_1_742' title='bbox 1508 5388 1650 5457; x_wconf 88' lang='lat' dir='ltr'><strong>apud</strong></span> <span class='ocrx_word' id='word_1_743' title='bbox 1676 5384 1935 5457; x_wconf 84' lang='lat' dir='ltr'><strong>Cord._p.</strong></span> <span class='ocrx_word' id='word_1_744' title='bbox 1968 5385 2025 5440; x_wconf 72' lang='grc'>15</span> 
     </span>
    </p>
   </div>
   <div class='ocr_carea' id='block_1_103' title="bbox 2125 5372 3712 5457">
    <p class='ocr_par' dir='ltr' id='par_1_103' title="bbox 2168 5372 3712 5457">
     <span class='ocr_line' id='line_1_103' title="bbox 2168 5372 3712 5457; baseline -0.005 -23"><span class='ocrx_word' id='word_1_745' title='bbox 2168 5383 2215 5416; x_wconf 68' lang='grc' dir='ltr'>θα</span> <span class='ocrx_word' id='word_1_746' title='bbox 2254 5378 2791 5457; x_wconf 52' lang='grc' dir='ltr'>ζίαὶς-έπιηίκεον,</span> <span class='ocrx_word' id='word_1_747' title='bbox 2824 5376 2928 5432; x_wconf 85' lang='lat' dir='ltr'><strong>Alii</strong></span> <span class='ocrx_word' id='word_1_748' title='bbox 2963 5383 3160 5457; x_wconf 65' lang='lat' dir='ltr'><strong>tamen</strong></span> <span class='ocrx_word' id='word_1_749' title='bbox 3198 5372 3561 5457; x_wconf 52' lang='lat' dir='ltr'><strong>Thepdptioﬁi</strong></span> <span class='ocrx_word' id='word_1_750' title='bbox 3606 5374 3712 5457; x_wconf 71' lang='lat' dir='ltr'><strong>tri-</strong></span> 
     </span>
    </p>
   </div>
   <div class='ocr_carea' id='block_1_104' title="bbox 446 5442 2025 5528">
    <p class='ocr_par' dir='ltr' id='par_1_104' title="bbox 446 5442 2020 5528">
     <span class='ocr_line' id='line_1_104' title="bbox 446 5442 2020 5528; baseline -0.002 -17"><span class='ocrx_word' id='word_1_751' title='bbox 446 5455 628 5528; x_wconf 80' lang='lat' dir='ltr'><strong>buunt</strong></span> <span class='ocrx_word' id='word_1_752' title='bbox 645 5455 952 5528; x_wconf 60' lang='lat' dir='ltr'><strong>lectionem</strong></span> <span class='ocrx_word' id='word_1_753' title='bbox 984 5457 1077 5528; x_wconf 49' lang='lat' dir='ltr'><strong>eis</strong></span> <span class='ocrx_word' id='word_1_754' title='bbox 1099 5455 1161 5528; x_wconf 79' lang='grc' dir='ltr'><strong>τὸ</strong></span> <span class='ocrx_word' id='word_1_755' title='bbox 1174 5458 1345 5528; x_wconf 71' lang='grc' dir='ltr'>νῖκος,</span> <span class='ocrx_word' id='word_1_756' title='bbox 1379 5442 1708 5528; x_wconf 68' lang='lat' dir='ltr'><strong>Symmacho</strong></span> <span class='ocrx_word' id='word_1_757' title='bbox 1738 5442 1898 5520; x_wconf 66' lang='lat' dir='ltr'><strong>vero:</strong></span> <span class='ocrx_word' id='word_1_758' title='bbox 1929 5457 2020 5528; x_wconf 65' lang='grc' dir='ltr'><strong>ξπι</strong></span> 
     </span>
    </p>
   </div>
   <div class='ocr_carea' id='block_1_105' title="bbox 2125 5442 3715 5528">
    <p class='ocr_par' dir='ltr' id='par_1_105' title="bbox 2125 5442 3715 5528">
     <span class='ocr_line' id='line_1_105' title="bbox 2125 5442 3715 5528; baseline -0.008 -21"><span class='ocrx_word' id='word_1_759' title='bbox 2125 5470 2216 5517; x_wconf 74' lang='lat' dir='ltr'><strong>tog.</strong></span> <span class='ocrx_word' id='word_1_760' title='bbox 2252 5449 2412 5528; x_wconf 59' lang='lat' dir='ltr'><strong>Con].</strong></span> <span class='ocrx_word' id='word_1_761' title='bbox 2448 5447 2636 5528; x_wconf 58' lang='lat' dir='ltr'><strong>Menti.</strong></span> <span class='ocrx_word' id='word_1_762' title='bbox 2679 5448 2746 5528; x_wconf 81' lang='lat' dir='ltr'><strong>l._</strong></span> <span class='ocrx_word' id='word_1_763' title='bbox 2778 5462 2829 5502; x_wconf 91' lang='lat' dir='ltr'><strong>c.</strong></span> <span class='ocrx_word' id='word_1_764' title='bbox 2864 5463 2914 5516; x_wconf 89' lang='lat' dir='ltr'><strong>p.</strong></span> <span class='ocrx_word' id='word_1_765' title='bbox 2950 5445 3055 5528; x_wconf 64' lang='grc'><strong>47]</strong></span> <span class='ocrx_word' id='word_1_766' title='bbox 3085 5454 3168 5528; x_wconf 12' lang='lat' dir='ltr'><strong>iet</strong></span> <span class='ocrx_word' id='word_1_767' title='bbox 3196 5459 3256 5528; x_wconf 59' lang='grc' dir='ltr'><strong>ρ.</strong></span> <span class='ocrx_word' id='word_1_768' title='bbox 3299 5442 3715 5528; x_wconf 22' lang='grc' dir='ltr'>«ιβεᾊιτᾷιιῃξ</span> 
     </span>
    </p>
   </div>
   <div class='ocr_carea' id='block_1_106' title="bbox 445 5513 3715 5596">
    <p class='ocr_par' dir='ltr' id='par_1_106' title="bbox 445 5513 3715 5596">
     <span class='ocr_line' id='line_1_106' title="bbox 445 5513 3715 5596; baseline -0.004 -16"><span class='ocrx_word' id='word_1_769' title='bbox 445 5525 596 5591; x_wconf 69' lang='grc' dir='ltr'>γοὺς</span> <span class='ocrx_word' id='word_1_770' title='bbox 634 5523 724 5592; x_wconf 77' lang='grc' dir='ltr'><strong>δὲ,</strong></span> <span class='ocrx_word' id='word_1_771' title='bbox 754 5541 811 5578; x_wconf 87' lang='grc' dir='ltr'><strong>κ.</strong></span> <span class='ocrx_word' id='word_1_772' title='bbox 847 5541 898 5579; x_wconf 84' lang='grc' dir='ltr'><strong>τ.</strong></span> <span class='ocrx_word' id='word_1_773' title='bbox 926 5524 978 5579; x_wconf 89' lang='grc' dir='ltr'><strong>λ.</strong></span> <span class='ocrx_word' id='word_1_774' title='bbox 1032 5513 1171 5580; x_wconf 76' lang='lat' dir='ltr'><strong>Huic</strong></span> <span class='ocrx_word' id='word_1_775' title='bbox 1220 5513 1678 5596; x_wconf 72' lang='lat' dir='ltr'><strong>interpretationi,</strong></span> <span class='ocrx_word' id='word_1_776' title='bbox 1725 5513 1892 5596; x_wconf 80' lang='lat' dir='ltr'><strong>quam</strong></span> <span class='ocrx_word' id='word_1_777' title='bbox 1933 5526 2049 5580; x_wconf 85' lang='lat' dir='ltr'><strong>fere</strong></span> <span class='ocrx_word' id='word_1_778' title='bbox 2090 5513 2282 5578; x_wconf 81' lang='lat' dir='ltr'><strong>omnes</strong></span> <span class='ocrx_word' id='word_1_779' title='bbox 2342 5519 2530 5575; x_wconf 84' lang='lat' dir='ltr'><strong>Patres</strong></span> <span class='ocrx_word' id='word_1_780' title='bbox 2575 5516 2749 5573; x_wconf 63' lang='lat' dir='ltr'><strong>Graeci</strong></span> <span class='ocrx_word' id='word_1_781' title='bbox 2802 5513 2962 5573; x_wconf 77' lang='lat' dir='ltr'><strong>suam</strong></span> <span class='ocrx_word' id='word_1_782' title='bbox 3014 5513 3283 5577; x_wconf 80' lang='lat' dir='ltr'><strong>fecerunt,</strong></span> <span class='ocrx_word' id='word_1_783' title='bbox 3338 5513 3501 5569; x_wconf 89' lang='lat' dir='ltr'><strong>lectio</strong></span> 
     </span>
    </p>
   </div>
   <div class='ocr_carea' id='block_1_107' title="bbox 448 5617 2025 5698">
    <p class='ocr_par' dir='ltr' id='par_1_107' title="bbox 448 5627 2025 5698">
     <span class='ocr_line' id='line_1_107' title="bbox 448 5627 2025 5698; baseline 0.003 -15"><span class='ocrx_word' id='word_1_784' title='bbox 448 5628 795 5698; x_wconf 77' lang='lat' dir='ltr'><strong>occasionem</strong></span> <span class='ocrx_word' id='word_1_785' title='bbox 828 5627 1045 5684; x_wconf 88' lang='lat' dir='ltr'><strong>dedisse</strong></span> <span class='ocrx_word' id='word_1_786' title='bbox 1073 5628 1311 5698; x_wconf 83' lang='lat' dir='ltr'><strong>videtur.</strong></span> <span class='ocrx_word' id='word_1_787' title='bbox 1387 5630 1434 5662; x_wconf 77' lang='grc'>⁸⁸</span> <span class='ocrx_word' id='word_1_788' title='bbox 1473 5628 1698 5698; x_wconf 80' lang='grc' dir='ltr'>’1εροῖς.</span> <span class='ocrx_word' id='word_1_789' title='bbox 1728 5629 1896 5686; x_wconf 84' lang='lat' dir='ltr'><strong>Abest</strong></span> <span class='ocrx_word' id='word_1_790' title='bbox 1922 5645 1955 5685; x_wconf 85' lang='lat' dir='ltr'><strong>a</strong></span> <span class='ocrx_word' id='word_1_791' title='bbox 1980 5645 2025 5687; x_wconf 69' lang='lat' dir='ltr'><strong>et</strong></span> 
     </span>
    </p>
   </div>
   <div class='ocr_carea' id='block_1_108' title="bbox 2125 5617 3723 5698">
    <p class='ocr_par' dir='ltr' id='par_1_108' title="bbox 2130 5617 3723 5698">
     <span class='ocr_line' id='line_1_108' title="bbox 2130 5617 3723 5698; baseline -0.009 -15"><span class='ocrx_word' id='word_1_792' title='bbox 2130 5628 2186 5683; x_wconf 78' lang='grc'>9..</span> <span class='ocrx_word' id='word_1_793' title='bbox 2263 5627 2309 5661; x_wconf 79' lang='grc'><strong>⁸³</strong></span> <span class='ocrx_word' id='word_1_794' title='bbox 2333 5626 2747 5698; x_wconf 44' lang='grc' dir='ltr'>Μεγίςγτηηκᾳ.</span> <span class='ocrx_word' id='word_1_795' title='bbox 2774 5624 2826 5698; x_wconf 81' lang='grc' dir='ltr'><strong>λ.</strong></span> <span class='ocrx_word' id='word_1_796' title='bbox 2866 5623 2993 5698; x_wconf 73' lang='lat' dir='ltr'><strong>Des.</strong></span> <span class='ocrx_word' id='word_1_797' title='bbox 3017 5619 3172 5698; x_wconf 50' lang='lat' dir='ltr'><strong>apud</strong></span> <span class='ocrx_word' id='word_1_798' title='bbox 3195 5619 3359 5698; x_wconf 60' lang='lat' dir='ltr'><strong>(Iord.</strong></span> <span class='ocrx_word' id='word_1_799' title='bbox 3439 5617 3486 5650; x_wconf 82' lang='lat'><strong>&quot;</strong></span> <span class='ocrx_word' id='word_1_800' title='bbox 3515 5617 3723 5698; x_wconf 44' lang='grc' dir='ltr'>,α</span> 
     </span>
    </p>
   </div>
   <div class='ocr_carea' id='block_1_109' title="bbox 449 5686 2025 5769">
    <p class='ocr_par' dir='ltr' id='par_1_109' title="bbox 449 5686 2015 5769">
     <span class='ocr_line' id='line_1_109' title="bbox 449 5686 2015 5769; baseline 0.003 -18"><span class='ocrx_word' id='word_1_801' title='bbox 449 5697 534 5751; x_wconf 82' lang='grc' dir='ltr'><strong>οὐ.</strong></span> <span class='ocrx_word' id='word_1_802' title='bbox 606 5696 651 5730; x_wconf 84' lang='grc'><strong>⁹¹</strong></span> <span class='ocrx_word' id='word_1_803' title='bbox 692 5698 1182 5769; x_wconf 70' lang='grc' dir='ltr'>Ἐπιποθεῖ-τῶν</span> <span class='ocrx_word' id='word_1_804' title='bbox 1203 5686 1688 5769; x_wconf 67' lang='grc' dir='ltr'>δυνάμεων.ἰ)οὲ.</span> <span class='ocrx_word' id='word_1_805' title='bbox 1716 5699 1768 5754; x_wconf 92' lang='lat' dir='ltr'><strong>in</strong></span> <span class='ocrx_word' id='word_1_806' title='bbox 1803 5701 1926 5755; x_wconf 85' lang='lat' dir='ltr'><strong>cod.</strong></span> <span class='ocrx_word' id='word_1_807' title='bbox 1959 5700 2015 5757; x_wconf 80' lang='grc'>1.</span> 
     </span>
    </p>
   </div>
   <div class='ocr_carea' id='block_1_110' title="bbox 2125 5686 3717 5769">
    <p class='ocr_par' dir='ltr' id='par_1_110' title="bbox 2125 5686 3717 5769">
     <span class='ocr_line' id='line_1_110' title="bbox 2125 5686 3717 5769; baseline -0.016 -10"><span class='ocrx_word' id='word_1_808' title='bbox 2125 5701 2139 5769; x_wconf 20' lang='grc' dir='ltr'>’ν</span> <span class='ocrx_word' id='word_1_809' title='bbox 2166 5686 2562 5769; x_wconf 60' lang='grc' dir='ltr'>Ἐπιτιιτιᾶιῶς.</span> <span class='ocrx_word' id='word_1_810' title='bbox 2582 5686 2733 5769; x_wconf 51' lang='lat' dir='ltr'><strong>ped.</strong></span> <span class='ocrx_word' id='word_1_811' title='bbox 2765 5694 2879 5769; x_wconf 75' lang='lat' dir='ltr'><strong>l_et</strong></span> <span class='ocrx_word' id='word_1_812' title='bbox 2901 5693 2938 5745; x_wconf 69' lang='grc' dir='ltr'><strong>Ξ</strong></span> <span class='ocrx_word' id='word_1_813' title='bbox 2965 5686 3463 5769; x_wconf 48' lang='lat' dir='ltr'><strong>adduntutéeetxey.</strong></span> <span class='ocrx_word' id='word_1_814' title='bbox 3492 5757 3506 5769; x_wconf 77' lang='lat'><strong>_</strong></span> <span class='ocrx_word' id='word_1_815' title='bbox 3538 5686 3717 5769; x_wconf 72' lang='grc' dir='ltr'><strong>Δό-</strong></span> 
     </span>
    </p>
   </div>
   <div class='ocr_carea' id='block_1_111' title="bbox 446 5754 2025 5899">
    <p class='ocr_par' dir='ltr' id='par_1_111' title="bbox 446 5754 2025 5899">
     <span class='ocr_line' id='line_1_111' title="bbox 446 5754 2025 5841; baseline 0.005 -22"><span class='ocrx_word' id='word_1_816' title='bbox 446 5779 668 5821; x_wconf 80' lang='grc' dir='ltr'>σποτα.</span> <span class='ocrx_word' id='word_1_817' title='bbox 699 5766 759 5820; x_wconf 90' lang='lat' dir='ltr'><strong>In</strong></span> <span class='ocrx_word' id='word_1_818' title='bbox 788 5777 1021 5835; x_wconf 84' lang='lat' dir='ltr'><strong>utroque</strong></span> <span class='ocrx_word' id='word_1_819' title='bbox 1046 5770 1169 5827; x_wconf 87' lang='lat' dir='ltr'><strong>eod.</strong></span> <span class='ocrx_word' id='word_1_820' title='bbox 1191 5754 1383 5826; x_wconf 72' lang='lat' dir='ltr'><strong>nostro</strong></span> <span class='ocrx_word' id='word_1_821' title='bbox 1413 5779 1467 5826; x_wconf 90' lang='lat' dir='ltr'><strong>et</strong></span> <span class='ocrx_word' id='word_1_822' title='bbox 1498 5770 1551 5824; x_wconf 92' lang='lat' dir='ltr'><strong>in</strong></span> <span class='ocrx_word' id='word_1_823' title='bbox 1602 5754 1842 5826; x_wconf 77' lang='lat' dir='ltr'><strong>Florent.</strong></span> <span class='ocrx_word' id='word_1_824' title='bbox 1897 5754 2025 5841; x_wconf 69' lang='lat' dir='ltr'><strong>praet</strong></span> 
     </span>
     <span class='ocr_line' id='line_1_112' title="bbox 449 5834 1136 5899; baseline 0.004 -10"><span class='ocrx_word' id='word_1_825' title='bbox 449 5834 809 5899; x_wconf 77' lang='grc' dir='ltr'>ὀνομάζουσιν</span> <span class='ocrx_word' id='word_1_826' title='bbox 839 5835 1136 5899; x_wconf 74' lang='grc' dir='ltr'>ἄνθρωποι.</span> 
     </span>
    </p>
   </div>
   <div class='ocr_carea' id='block_1_112' title="bbox 2125 5754 3710 5899">
    <p class='ocr_par' dir='ltr' id='par_1_112' title="bbox 2125 5754 3710 5836">
     <span class='ocr_line' id='line_1_113' title="bbox 2125 5754 3710 5836; baseline -0.008 -12"><span class='ocrx_word' id='word_1_827' title='bbox 2125 5768 2159 5824; x_wconf 69' lang='grc' dir='ltr'><strong>τὸ</strong></span> <span class='ocrx_word' id='word_1_828' title='bbox 2190 5768 2282 5823; x_wconf 75' lang='grc' dir='ltr'><strong>σὺν</strong></span> <span class='ocrx_word' id='word_1_829' title='bbox 2312 5754 2535 5836; x_wconf 77' lang='grc' dir='ltr'>ὃνομα.’</span> <span class='ocrx_word' id='word_1_830' title='bbox 2580 5762 2629 5796; x_wconf 74' lang='lat'><strong>“</strong></span> <span class='ocrx_word' id='word_1_831' title='bbox 2663 5762 2952 5826; x_wconf 68' lang='grc' dir='ltr'>Ἀπάντες</span> <span class='ocrx_word' id='word_1_832' title='bbox 2984 5754 3363 5829; x_wconf 78' lang='grc' dir='ltr'>ὀνομάζουσι.</span> <span class='ocrx_word' id='word_1_833' title='bbox 3396 5757 3530 5816; x_wconf 81' lang='lat' dir='ltr'><strong>Cod.</strong></span> <span class='ocrx_word' id='word_1_834' title='bbox 3558 5755 3710 5814; x_wconf 77' lang='lat' dir='ltr'><strong>Flor.</strong></span> 
     </span>
    </p>
   </div>
   <div class='ocr_carea' id='block_1_113' title="bbox 483 5851 1136 5906">
    <p class='ocr_par' dir='ltr' id='par_1_113' title="bbox 483 5851 1136 5906">
     <span class='ocr_line' id='line_1_114' title="bbox 483 5851 1136 5906; baseline 0.005 -17"><span class='ocrx_word' id='word_1_835' title='bbox 483 5851 809 5906; x_wconf 72' lang='grc' dir='ltr'>νομαςουσιν</span> <span class='ocrx_word' id='word_1_836' title='bbox 839 5851 937 5890; x_wconf 85' lang='grc' dir='ltr'><strong>ανυ</strong></span> <span class='ocrx_word' id='word_1_837' title='bbox 946 5852 1136 5906; x_wconf 86' lang='grc' dir='ltr'>ρωποι.</span> 
     </span>
    </p>
   </div>
  </div>
