  <div class='ocr_page' id='page_1' title='image "/cluster/home/n/w/nwhite01/storage/ocr_20150623/80:no.1/coo.31924054869817/465.png"; bbox 0 0 4090 6434; ppageno 0'>
   <div class='ocr_carea' id='block_1_1' title="bbox 369 430 2653 493">
    <p class='ocr_par' dir='ltr' id='par_1_1' title="bbox 369 430 2653 493">
     <span class='ocr_line' id='line_1_1' title="bbox 369 430 2653 493; baseline -0.001 0"><span class='ocrx_word' id='word_1_1' title='bbox 369 432 399 493; x_wconf 72' lang='lat'><strong>3</strong></span> <span class='ocrx_word' id='word_1_2' title='bbox 414 434 423 489; x_wconf 75' lang='grc' dir='ltr'>ζ</span> <span class='ocrx_word' id='word_1_3' title='bbox 440 431 473 489; x_wconf 74' lang='lat' dir='ltr'><strong>Ii</strong></span> <span class='ocrx_word' id='word_1_4' title='bbox 1349 430 1842 491; x_wconf 82' lang='lat' dir='ltr'><strong>THEODORETI</strong></span> <span class='ocrx_word' id='word_1_5' title='bbox 1883 430 2224 492; x_wconf 79' lang='lat' dir='ltr'><strong>EPISCOPI</strong></span> <span class='ocrx_word' id='word_1_6' title='bbox 2282 430 2653 493; x_wconf 82' lang='lat' dir='ltr'><strong>CYRENSIS</strong></span> 
     </span>
    </p>
   </div>
   <div class='ocr_carea' id='block_1_2' title="bbox 370 543 1972 619">
    <p class='ocr_par' dir='ltr' id='par_1_2' title="bbox 370 543 1950 616">
     <span class='ocr_line' id='line_1_2' title="bbox 370 543 1950 616; baseline 0.005 -20"><span class='ocrx_word' id='word_1_7' title='bbox 370 554 492 599; x_wconf 87' lang='lat' dir='ltr'><strong>vata</strong></span> <span class='ocrx_word' id='word_1_8' title='bbox 522 551 607 599; x_wconf 89' lang='lat' dir='ltr'><strong>est</strong></span> <span class='ocrx_word' id='word_1_9' title='bbox 638 543 1043 615; x_wconf 78' lang='lat' dir='ltr'><strong>magnificentia</strong></span> <span class='ocrx_word' id='word_1_10' title='bbox 1082 552 1175 600; x_wconf 88' lang='lat' dir='ltr'><strong>tua</strong></span> <span class='ocrx_word' id='word_1_11' title='bbox 1217 561 1384 616; x_wconf 82' lang='lat' dir='ltr'><strong>super</strong></span> <span class='ocrx_word' id='word_1_12' title='bbox 1417 548 1610 614; x_wconf 68' lang='lat' dir='ltr'><strong>caelos,</strong></span> <span class='ocrx_word' id='word_1_13' title='bbox 1655 568 1671 600; x_wconf 80' lang='grc' dir='ltr'><strong>ι</strong></span> <span class='ocrx_word' id='word_1_14' title='bbox 1712 549 1816 604; x_wconf 92' lang='lat' dir='ltr'><strong>hoc</strong></span> <span class='ocrx_word' id='word_1_15' title='bbox 1864 550 1950 603; x_wconf 91' lang='lat' dir='ltr'><strong>in-</strong></span> 
     </span>
    </p>
   </div>
   <div class='ocr_carea' id='block_1_3' title="bbox 2072 543 3646 619">
    <p class='ocr_par' dir='ltr' id='par_1_3' title="bbox 2072 544 3646 619">
     <span class='ocr_line' id='line_1_3' title="bbox 2072 544 3646 619; baseline 0 -21"><span class='ocrx_word' id='word_1_16' title='bbox 2072 547 2300 618; x_wconf 72' lang='lat' dir='ltr'><strong>rzpérratd</strong></span> <span class='ocrx_word' id='word_1_17' title='bbox 2317 565 2411 601; x_wconf 83' lang='grc' dir='ltr'><strong>σου</strong></span> <span class='ocrx_word' id='word_1_18' title='bbox 2444 547 2706 619; x_wconf 83' lang='grc' dir='ltr'>ὑπεράνω</span> <span class='ocrx_word' id='word_1_19' title='bbox 2732 544 2842 599; x_wconf 89' lang='grc' dir='ltr'><strong>τῶν</strong></span> <span class='ocrx_word' id='word_1_20' title='bbox 2860 546 3109 617; x_wconf 79' lang='grc' dir='ltr'><strong>οὐρανῶν</strong></span> <span class='ocrx_word' id='word_1_21' title='bbox 3125 546 3193 612; x_wconf 77' lang='grc'><strong>’⁵,</strong></span> <span class='ocrx_word' id='word_1_22' title='bbox 3233 565 3252 598; x_wconf 78' lang='grc' dir='ltr'><strong>ι</strong></span> <span class='ocrx_word' id='word_1_23' title='bbox 3285 544 3446 600; x_wconf 80' lang='grc' dir='ltr'>τοῦτο</span> <span class='ocrx_word' id='word_1_24' title='bbox 3473 545 3646 617; x_wconf 78' lang='grc' dir='ltr'>δηλοῖ,</span> 
     </span>
    </p>
   </div>
   <div class='ocr_carea' id='block_1_4' title="bbox 374 635 1972 715">
    <p class='ocr_par' dir='ltr' id='par_1_4' title="bbox 374 635 1956 715">
     <span class='ocr_line' id='line_1_4' title="bbox 374 635 1956 715; baseline 0.008 -27"><span class='ocrx_word' id='word_1_25' title='bbox 374 644 551 691; x_wconf 89' lang='lat' dir='ltr'><strong>nnunt</strong></span> <span class='ocrx_word' id='word_1_26' title='bbox 583 655 596 690; x_wconf 91' lang='lat'><strong>:</strong></span> <span class='ocrx_word' id='word_1_27' title='bbox 629 635 888 705; x_wconf 87' lang='lat' dir='ltr'><strong>quoniam</strong></span> <span class='ocrx_word' id='word_1_28' title='bbox 929 651 1123 692; x_wconf 90' lang='lat' dir='ltr'><strong>omnes</strong></span> <span class='ocrx_word' id='word_1_29' title='bbox 1172 649 1447 694; x_wconf 86' lang='lat' dir='ltr'><strong>noverunt</strong></span> <span class='ocrx_word' id='word_1_30' title='bbox 1470 678 1485 704; x_wconf 86' lang='lat'><strong>,</strong></span> <span class='ocrx_word' id='word_1_31' title='bbox 1523 649 1575 695; x_wconf 90' lang='lat' dir='ltr'><strong>te</strong></span> <span class='ocrx_word' id='word_1_32' title='bbox 1604 642 1749 697; x_wconf 71' lang='lat' dir='ltr'><strong>cmlo</strong></span> <span class='ocrx_word' id='word_1_33' title='bbox 1792 655 1956 715; x_wconf 89' lang='lat' dir='ltr'><strong>atque</strong></span> 
     </span>
    </p>
   </div>
   <div class='ocr_carea' id='block_1_5' title="bbox 2072 635 3649 715">
    <p class='ocr_par' dir='ltr' id='par_1_5' title="bbox 2072 636 3649 709">
     <span class='ocr_line' id='line_1_5' title="bbox 2072 636 3649 709; baseline -0.002 -15"><span class='ocrx_word' id='word_1_34' title='bbox 2072 642 2139 694; x_wconf 71' lang='lat' dir='ltr'><strong>in</strong></span> <span class='ocrx_word' id='word_1_35' title='bbox 2177 639 2467 708; x_wconf 85' lang='grc' dir='ltr'>Ἐγνωσαν</span> <span class='ocrx_word' id='word_1_36' title='bbox 2484 638 2749 703; x_wconf 73' lang='grc' dir='ltr'>ἅπαντες,</span> <span class='ocrx_word' id='word_1_37' title='bbox 2778 638 2854 702; x_wconf 86' lang='grc' dir='ltr'>ὼς</span> <span class='ocrx_word' id='word_1_38' title='bbox 2880 636 3114 709; x_wconf 82' lang='grc' dir='ltr'>οὐρανοῦ</span> <span class='ocrx_word' id='word_1_39' title='bbox 3146 638 3239 690; x_wconf 77' lang='grc' dir='ltr'><strong>καὶ</strong></span> <span class='ocrx_word' id='word_1_40' title='bbox 3254 637 3381 708; x_wconf 86' lang='grc' dir='ltr'>γῆς,</span> <span class='ocrx_word' id='word_1_41' title='bbox 3415 638 3510 691; x_wconf 71' lang='grc' dir='ltr'>καὶ</span> <span class='ocrx_word' id='word_1_42' title='bbox 3541 638 3649 691; x_wconf 87' lang='grc' dir='ltr'><strong>τῶν</strong></span> 
     </span>
    </p>
   </div>
   <div class='ocr_carea' id='block_1_6' title="bbox 371 728 1972 806">
    <p class='ocr_par' dir='ltr' id='par_1_6' title="bbox 371 728 1958 806">
     <span class='ocr_line' id='line_1_6' title="bbox 371 728 1958 806; baseline 0.007 -24"><span class='ocrx_word' id='word_1_43' title='bbox 371 738 533 783; x_wconf 75' lang='lat' dir='ltr'><strong>terra:</strong></span> <span class='ocrx_word' id='word_1_44' title='bbox 569 728 957 798; x_wconf 83' lang='lat' dir='ltr'><strong>universisque</strong></span> <span class='ocrx_word' id='word_1_45' title='bbox 993 730 1160 786; x_wconf 86' lang='lat' dir='ltr'><strong>rebus</strong></span> <span class='ocrx_word' id='word_1_46' title='bbox 1211 730 1506 787; x_wconf 89' lang='lat' dir='ltr'><strong>dominari.</strong></span> <span class='ocrx_word' id='word_1_47' title='bbox 1545 732 1794 804; x_wconf 83' lang='lat' dir='ltr'><strong>Namque</strong></span> <span class='ocrx_word' id='word_1_48' title='bbox 1841 737 1958 806; x_wconf 86' lang='lat' dir='ltr'><strong>ipse</strong></span> 
     </span>
    </p>
   </div>
   <div class='ocr_carea' id='block_1_7' title="bbox 2072 728 3647 806">
    <p class='ocr_par' dir='ltr' id='par_1_7' title="bbox 2072 728 3647 800">
     <span class='ocr_line' id='line_1_7' title="bbox 2072 728 3647 800; baseline -0.003 -14"><span class='ocrx_word' id='word_1_49' title='bbox 2072 732 2320 787; x_wconf 72' lang='grc' dir='ltr'>Ξιπάντων</span> <span class='ocrx_word' id='word_1_50' title='bbox 2352 730 2673 795; x_wconf 84' lang='grc' dir='ltr'>δεσπόζεις·</span> <span class='ocrx_word' id='word_1_51' title='bbox 2724 729 2888 794; x_wconf 79' lang='grc' dir='ltr'>αὐτὸς</span> <span class='ocrx_word' id='word_1_52' title='bbox 2936 730 3035 800; x_wconf 81' lang='grc' dir='ltr'><strong>μὲν</strong></span> <span class='ocrx_word' id='word_1_53' title='bbox 3055 731 3104 763; x_wconf 78' lang='grc'><strong>’⁸</strong></span> <span class='ocrx_word' id='word_1_54' title='bbox 3144 730 3252 800; x_wconf 86' lang='grc' dir='ltr'><strong>γάρ</strong></span> <span class='ocrx_word' id='word_1_55' title='bbox 3299 728 3362 782; x_wconf 77' lang='grc' dir='ltr'><strong>τὸ</strong></span> <span class='ocrx_word' id='word_1_56' title='bbox 3409 729 3647 800; x_wconf 80' lang='grc' dir='ltr'>μεγαλοο</span> 
     </span>
    </p>
   </div>
   <div class='ocr_carea' id='block_1_8' title="bbox 371 819 1972 893">
    <p class='ocr_par' dir='ltr' id='par_1_8' title="bbox 371 819 1954 893">
     <span class='ocr_line' id='line_1_8' title="bbox 371 819 1954 893; baseline 0.007 -21"><span class='ocrx_word' id='word_1_57' title='bbox 371 819 593 890; x_wconf 87' lang='lat' dir='ltr'><strong>quidem</strong></span> <span class='ocrx_word' id='word_1_58' title='bbox 651 820 1115 889; x_wconf 87' lang='lat' dir='ltr'><strong>magnilicentiam</strong></span> <span class='ocrx_word' id='word_1_59' title='bbox 1172 839 1388 893; x_wconf 80' lang='lat' dir='ltr'><strong>semper</strong></span> <span class='ocrx_word' id='word_1_60' title='bbox 1438 826 1723 881; x_wconf 87' lang='lat' dir='ltr'><strong>habebat:</strong></span> <span class='ocrx_word' id='word_1_61' title='bbox 1764 844 1954 883; x_wconf 86' lang='lat' dir='ltr'><strong>verum</strong></span> 
     </span>
    </p>
   </div>
   <div class='ocr_carea' id='block_1_9' title="bbox 2072 819 3650 893">
    <p class='ocr_par' dir='ltr' id='par_1_9' title="bbox 2072 820 3650 893">
     <span class='ocr_line' id='line_1_9' title="bbox 2072 820 3650 893; baseline -0.001 -17"><span class='ocrx_word' id='word_1_62' title='bbox 2072 822 2268 890; x_wconf 76' lang='grc' dir='ltr'>πρεπὲς</span> <span class='ocrx_word' id='word_1_63' title='bbox 2295 820 2440 892; x_wconf 82' lang='grc' dir='ltr'>εἶχεν</span> <span class='ocrx_word' id='word_1_64' title='bbox 2472 822 2581 887; x_wconf 77' lang='grc' dir='ltr'>ἀεὶ,</span> <span class='ocrx_word' id='word_1_65' title='bbox 2633 821 2770 875; x_wconf 84' lang='grc' dir='ltr'><strong>ἀλλά</strong></span> <span class='ocrx_word' id='word_1_66' title='bbox 2801 824 2918 884; x_wconf 77' lang='grc' dir='ltr'>τοῖς</span> <span class='ocrx_word' id='word_1_67' title='bbox 2954 820 3270 893; x_wconf 83' lang='grc' dir='ltr'>ἀνθρώποις</span> <span class='ocrx_word' id='word_1_68' title='bbox 3313 821 3478 875; x_wconf 81' lang='grc' dir='ltr'>τοῦτο</span> <span class='ocrx_word' id='word_1_69' title='bbox 3509 821 3650 890; x_wconf 74' lang='grc' dir='ltr'><strong>γνὼο</strong></span> 
     </span>
    </p>
   </div>
   <div class='ocr_carea' id='block_1_10' title="bbox 372 911 1972 988">
    <p class='ocr_par' dir='ltr' id='par_1_10' title="bbox 372 911 1960 985">
     <span class='ocr_line' id='line_1_10' title="bbox 372 911 1960 985; baseline 0.009 -22"><span class='ocrx_word' id='word_1_70' title='bbox 372 911 691 967; x_wconf 85' lang='lat' dir='ltr'><strong>hominibus</strong></span> <span class='ocrx_word' id='word_1_71' title='bbox 729 911 846 967; x_wconf 65' lang='lat' dir='ltr'><strong>haec</strong></span> <span class='ocrx_word' id='word_1_72' title='bbox 873 929 983 968; x_wconf 92' lang='lat' dir='ltr'><strong>non</strong></span> <span class='ocrx_word' id='word_1_73' title='bbox 1017 931 1236 985; x_wconf 86' lang='lat' dir='ltr'><strong>semper</strong></span> <span class='ocrx_word' id='word_1_74' title='bbox 1273 926 1401 971; x_wconf 87' lang='lat' dir='ltr'><strong>nota</strong></span> <span class='ocrx_word' id='word_1_75' title='bbox 1431 916 1630 974; x_wconf 85' lang='lat' dir='ltr'><strong>fuerat.</strong></span> <span class='ocrx_word' id='word_1_76' title='bbox 1666 918 1881 976; x_wconf 84' lang='lat' dir='ltr'><strong>Similia</strong></span> <span class='ocrx_word' id='word_1_77' title='bbox 1904 933 1960 977; x_wconf 89' lang='lat' dir='ltr'><strong>et</strong></span> 
     </span>
    </p>
   </div>
   <div class='ocr_carea' id='block_1_11' title="bbox 2072 911 3649 988">
    <p class='ocr_par' dir='ltr' id='par_1_11' title="bbox 2072 912 3649 988">
     <span class='ocr_line' id='line_1_11' title="bbox 2072 912 3649 988; baseline -0.016 -16"><span class='ocrx_word' id='word_1_78' title='bbox 2072 933 2222 988; x_wconf 73' lang='grc' dir='ltr'>ριμον</span> <span class='ocrx_word' id='word_1_79' title='bbox 2278 916 2378 969; x_wconf 89' lang='grc' dir='ltr'><strong>οὐκ</strong></span> <span class='ocrx_word' id='word_1_80' title='bbox 2429 912 2497 987; x_wconf 82' lang='grc' dir='ltr'>ἦν</span> <span class='ocrx_word' id='word_1_81' title='bbox 2554 914 2729 969; x_wconf 85' lang='grc' dir='ltr'>ἀεί⁹⁷.</span> <span class='ocrx_word' id='word_1_82' title='bbox 2783 913 3024 968; x_wconf 83' lang='grc' dir='ltr'><strong>Τοιαῦτα</strong></span> <span class='ocrx_word' id='word_1_83' title='bbox 3086 915 3182 969; x_wconf 79' lang='grc' dir='ltr'>καὶ</span> <span class='ocrx_word' id='word_1_84' title='bbox 3220 914 3250 967; x_wconf 84' lang='grc' dir='ltr'>ὁ</span> <span class='ocrx_word' id='word_1_85' title='bbox 3305 913 3580 986; x_wconf 70' lang='grc' dir='ltr'>μακάριος</span> <span class='ocrx_word' id='word_1_86' title='bbox 3600 914 3649 947; x_wconf 77' lang='grc' dir='ltr'>η</span> 
     </span>
    </p>
   </div>
   <div class='ocr_carea' id='block_1_12' title="bbox 374 1004 1972 1079">
    <p class='ocr_par' dir='ltr' id='par_1_12' title="bbox 374 1004 1956 1070">
     <span class='ocr_line' id='line_1_12' title="bbox 374 1004 1956 1070; baseline 0.008 -13"><span class='ocrx_word' id='word_1_87' title='bbox 374 1006 566 1059; x_wconf 82' lang='lat' dir='ltr'><strong>beatus</strong></span> <span class='ocrx_word' id='word_1_88' title='bbox 609 1004 867 1060; x_wconf 85' lang='lat' dir='ltr'><strong>Habacuc</strong></span> <span class='ocrx_word' id='word_1_89' title='bbox 900 1008 1249 1063; x_wconf 72' lang='lat' dir='ltr'><strong>vaticinatur.</strong></span> <span class='ocrx_word' id='word_1_90' title='bbox 1300 1008 1439 1063; x_wconf 86' lang='lat' dir='ltr'><strong>Cum</strong></span> <span class='ocrx_word' id='word_1_91' title='bbox 1489 1014 1636 1067; x_wconf 89' lang='lat' dir='ltr'><strong>enim</strong></span> <span class='ocrx_word' id='word_1_92' title='bbox 1685 1014 1956 1070; x_wconf 84' lang='lat' dir='ltr'><strong>dixisset:</strong></span> 
     </span>
    </p>
   </div>
   <div class='ocr_carea' id='block_1_13' title="bbox 2072 1004 3649 1079">
    <p class='ocr_par' dir='ltr' id='par_1_13' title="bbox 2072 1004 3649 1079">
     <span class='ocr_line' id='line_1_13' title="bbox 2072 1004 3649 1079; baseline -0.003 -16"><span class='ocrx_word' id='word_1_93' title='bbox 2072 1008 2415 1079; x_wconf 77' lang='grc' dir='ltr'>Ἀϐακοὺμ⁹⁹</span> <span class='ocrx_word' id='word_1_94' title='bbox 2458 1006 2837 1079; x_wconf 76' lang='grc' dir='ltr'><strong>προθεσπίζει.</strong></span> <span class='ocrx_word' id='word_1_95' title='bbox 2872 1004 3135 1077; x_wconf 84' lang='grc' dir='ltr'>Εἱρηκὼς</span> <span class='ocrx_word' id='word_1_96' title='bbox 3163 1008 3296 1077; x_wconf 80' lang='grc' dir='ltr'>γὰρ,</span> <span class='ocrx_word' id='word_1_97' title='bbox 3346 1024 3365 1057; x_wconf 80' lang='grc' dir='ltr'><strong>ι</strong></span> <span class='ocrx_word' id='word_1_98' title='bbox 3414 1005 3476 1059; x_wconf 83' lang='grc' dir='ltr'>Ὀ</span> <span class='ocrx_word' id='word_1_99' title='bbox 3510 1005 3649 1069; x_wconf 73' lang='grc' dir='ltr'>Θεὸς</span> 
     </span>
    </p>
   </div>
   <div class='ocr_carea' id='block_1_14' title="bbox 377 1098 1972 1172">
    <p class='ocr_par' dir='ltr' id='par_1_14' title="bbox 377 1098 1958 1169">
     <span class='ocr_line' id='line_1_14' title="bbox 377 1098 1958 1169; baseline 0.011 -22"><span class='ocrx_word' id='word_1_100' title='bbox 377 1116 394 1147; x_wconf 86' lang='grc' dir='ltr'><strong>ι</strong></span> <span class='ocrx_word' id='word_1_101' title='bbox 443 1098 590 1152; x_wconf 94' lang='lat' dir='ltr'><strong>Deus</strong></span> <span class='ocrx_word' id='word_1_102' title='bbox 640 1113 671 1152; x_wconf 94' lang='lat' dir='ltr'><strong>e</strong></span> <span class='ocrx_word' id='word_1_103' title='bbox 707 1098 1006 1169; x_wconf 79' lang='lat' dir='ltr'><strong>longinquo</strong></span> <span class='ocrx_word' id='word_1_104' title='bbox 1040 1100 1241 1165; x_wconf 86' lang='lat' dir='ltr'><strong>veniet,</strong></span> <span class='ocrx_word' id='word_1_105' title='bbox 1273 1112 1329 1156; x_wconf 89' lang='lat' dir='ltr'><strong>et</strong></span> <span class='ocrx_word' id='word_1_106' title='bbox 1373 1114 1600 1161; x_wconf 85' lang='lat' dir='ltr'><strong>sanctus</strong></span> <span class='ocrx_word' id='word_1_107' title='bbox 1665 1107 1734 1162; x_wconf 88' lang='lat' dir='ltr'><strong>de</strong></span> <span class='ocrx_word' id='word_1_108' title='bbox 1770 1118 1958 1164; x_wconf 88' lang='lat' dir='ltr'><strong>monte</strong></span> 
     </span>
    </p>
   </div>
   <div class='ocr_carea' id='block_1_15' title="bbox 2072 1098 3648 1172">
    <p class='ocr_par' dir='ltr' id='par_1_15' title="bbox 2072 1098 3648 1172">
     <span class='ocr_line' id='line_1_15' title="bbox 2072 1098 3648 1172; baseline -0.004 -16"><span class='ocrx_word' id='word_1_109' title='bbox 2072 1103 2170 1156; x_wconf 63' lang='lat' dir='ltr'><strong>itte</strong></span> <span class='ocrx_word' id='word_1_110' title='bbox 2212 1101 2431 1172; x_wconf 87' lang='grc' dir='ltr'>Θαιμάν</span> <span class='ocrx_word' id='word_1_111' title='bbox 2456 1101 2473 1131; x_wconf 77' lang='grc'>⁸</span> <span class='ocrx_word' id='word_1_112' title='bbox 2524 1099 2682 1171; x_wconf 78' lang='grc' dir='ltr'>ἥξει,</span> <span class='ocrx_word' id='word_1_113' title='bbox 2742 1098 2841 1152; x_wconf 78' lang='grc' dir='ltr'>καὶ</span> <span class='ocrx_word' id='word_1_114' title='bbox 2892 1101 2920 1152; x_wconf 91' lang='grc' dir='ltr'>ὀ</span> <span class='ocrx_word' id='word_1_115' title='bbox 2962 1100 3121 1168; x_wconf 78' lang='grc' dir='ltr'>ᾶγιος</span> <span class='ocrx_word' id='word_1_116' title='bbox 3163 1098 3224 1164; x_wconf 82' lang='grc' dir='ltr'>ἐξ</span> <span class='ocrx_word' id='word_1_117' title='bbox 3273 1099 3433 1167; x_wconf 80' lang='grc' dir='ltr'>ὅρους</span> <span class='ocrx_word' id='word_1_118' title='bbox 3474 1114 3648 1151; x_wconf 82' lang='grc' dir='ltr'>κατα-</span> 
     </span>
    </p>
   </div>
   <div class='ocr_carea' id='block_1_16' title="bbox 373 1189 1972 1269">
    <p class='ocr_par' dir='ltr' id='par_1_16' title="bbox 373 1189 1960 1269">
     <span class='ocr_line' id='line_1_16' title="bbox 373 1189 1960 1269; baseline 0.008 -26"><span class='ocrx_word' id='word_1_119' title='bbox 373 1189 675 1256; x_wconf 84' lang='lat' dir='ltr'><strong>umbroso,</strong></span> <span class='ocrx_word' id='word_1_120' title='bbox 735 1211 754 1243; x_wconf 75' lang='grc' dir='ltr'><strong>ι</strong></span> <span class='ocrx_word' id='word_1_121' title='bbox 811 1192 1121 1263; x_wconf 73' lang='lat' dir='ltr'><strong>subiunxit,</strong></span> <span class='ocrx_word' id='word_1_122' title='bbox 1175 1214 1193 1245; x_wconf 81' lang='grc' dir='ltr'><strong>ι</strong></span> <span class='ocrx_word' id='word_1_123' title='bbox 1252 1192 1480 1264; x_wconf 88' lang='lat' dir='ltr'><strong>Operuit</strong></span> <span class='ocrx_word' id='word_1_124' title='bbox 1528 1198 1701 1254; x_wconf 66' lang='lat' dir='ltr'><strong>caelos</strong></span> <span class='ocrx_word' id='word_1_125' title='bbox 1771 1210 1960 1269; x_wconf 89' lang='lat' dir='ltr'><strong>poten-</strong></span> 
     </span>
    </p>
   </div>
   <div class='ocr_carea' id='block_1_17' title="bbox 2072 1189 3653 1269">
    <p class='ocr_par' dir='ltr' id='par_1_17' title="bbox 2072 1189 3653 1263">
     <span class='ocr_line' id='line_1_17' title="bbox 2072 1189 3653 1263; baseline -0.004 -15"><span class='ocrx_word' id='word_1_126' title='bbox 2072 1196 2217 1248; x_wconf 81' lang='grc' dir='ltr'>σκίου</span> <span class='ocrx_word' id='word_1_127' title='bbox 2239 1196 2282 1260; x_wconf 75' lang='grc'><strong>⁸,</strong></span> <span class='ocrx_word' id='word_1_128' title='bbox 2323 1213 2340 1245; x_wconf 76' lang='grc' dir='ltr'><strong>ι</strong></span> <span class='ocrx_word' id='word_1_129' title='bbox 2377 1193 2677 1263; x_wconf 78' lang='grc' dir='ltr'>ἐπήγαγεν·</span> <span class='ocrx_word' id='word_1_130' title='bbox 2714 1210 2733 1244; x_wconf 85' lang='grc' dir='ltr'><strong>ι</strong></span> <span class='ocrx_word' id='word_1_131' title='bbox 2781 1189 3084 1260; x_wconf 81' lang='grc' dir='ltr'>Ἐκάλυψεν</span> <span class='ocrx_word' id='word_1_132' title='bbox 3117 1191 3382 1261; x_wconf 80' lang='grc' dir='ltr'>οὐρανοὺς</span> <span class='ocrx_word' id='word_1_133' title='bbox 3417 1189 3653 1262; x_wconf 77' lang='grc' dir='ltr'>ἡάρετὴ</span> 
     </span>
    </p>
   </div>
   <div class='ocr_carea' id='block_1_18' title="bbox 375 1278 1972 1356">
    <p class='ocr_par' dir='ltr' id='par_1_18' title="bbox 375 1278 1955 1356">
     <span class='ocr_line' id='line_1_18' title="bbox 375 1278 1955 1356; baseline 0.008 -26"><span class='ocrx_word' id='word_1_134' title='bbox 375 1278 450 1331; x_wconf 88' lang='lat' dir='ltr'><strong>tia</strong></span> <span class='ocrx_word' id='word_1_135' title='bbox 509 1281 661 1350; x_wconf 85' lang='lat' dir='ltr'><strong>ejus,</strong></span> <span class='ocrx_word' id='word_1_136' title='bbox 710 1289 764 1335; x_wconf 93' lang='lat' dir='ltr'><strong>et</strong></span> <span class='ocrx_word' id='word_1_137' title='bbox 808 1281 970 1337; x_wconf 87' lang='lat' dir='ltr'><strong>laude</strong></span> <span class='ocrx_word' id='word_1_138' title='bbox 1020 1283 1142 1353; x_wconf 89' lang='lat' dir='ltr'><strong>ejus</strong></span> <span class='ocrx_word' id='word_1_139' title='bbox 1214 1285 1435 1356; x_wconf 87' lang='lat' dir='ltr'><strong>impleta</strong></span> <span class='ocrx_word' id='word_1_140' title='bbox 1495 1297 1581 1343; x_wconf 91' lang='lat' dir='ltr'><strong>est</strong></span> <span class='ocrx_word' id='word_1_141' title='bbox 1641 1296 1785 1344; x_wconf 86' lang='lat' dir='ltr'><strong>terra</strong></span> <span class='ocrx_word' id='word_1_142' title='bbox 1817 1299 1862 1344; x_wconf 81' lang='grc' dir='ltr'><strong>ι.</strong></span> <span class='ocrx_word' id='word_1_143' title='bbox 1936 1311 1955 1343; x_wconf 75' lang='grc' dir='ltr'><strong>ι</strong></span> 
     </span>
    </p>
   </div>
   <div class='ocr_carea' id='block_1_19' title="bbox 2072 1278 3650 1356">
    <p class='ocr_par' dir='ltr' id='par_1_19' title="bbox 2072 1280 3650 1355">
     <span class='ocr_line' id='line_1_19' title="bbox 2072 1280 3650 1355; baseline -0.005 -13"><span class='ocrx_word' id='word_1_144' title='bbox 2072 1286 2253 1352; x_wconf 71' lang='grc' dir='ltr'>κὺτοῦ,</span> <span class='ocrx_word' id='word_1_145' title='bbox 2283 1285 2496 1355; x_wconf 77' lang='grc' dir='ltr'>καὶτῆς</span> <span class='ocrx_word' id='word_1_146' title='bbox 2521 1283 2816 1346; x_wconf 78' lang='grc' dir='ltr'>αίνέσεως⁸</span> <span class='ocrx_word' id='word_1_147' title='bbox 2844 1281 3012 1336; x_wconf 81' lang='grc' dir='ltr'>αὐτοῦ</span> <span class='ocrx_word' id='word_1_148' title='bbox 3044 1280 3263 1352; x_wconf 78' lang='grc' dir='ltr'>πλήρης</span> <span class='ocrx_word' id='word_1_149' title='bbox 3294 1280 3442 1351; x_wconf 81' lang='grc' dir='ltr'><strong>ήγῆ.</strong></span> <span class='ocrx_word' id='word_1_150' title='bbox 3482 1299 3501 1332; x_wconf 77' lang='grc' dir='ltr'><strong>ι</strong></span> <span class='ocrx_word' id='word_1_151' title='bbox 3538 1282 3650 1334; x_wconf 77' lang='grc' dir='ltr'><strong>Καὶ</strong></span> 
     </span>
    </p>
   </div>
   <div class='ocr_carea' id='block_1_20' title="bbox 3537 386 3777 494">
    <p class='ocr_par' dir='ltr' id='par_1_20' title="bbox 3537 386 3777 494">
     <span class='ocr_line' id='line_1_20' title="bbox 3537 386 3777 494; baseline 0.008 -2"><span class='ocrx_word' id='word_1_152' title='bbox 3537 429 3642 494; x_wconf 77' lang='lat'><strong>915</strong></span> <span class='ocrx_word' id='word_1_153' title='bbox 3757 386 3777 401; x_wconf 76' lang='grc'><em>’</em></span> 
     </span>
    </p>
   </div>
   <div class='ocr_carea' id='block_1_21' title="bbox 378 1369 1963 1450">
    <p class='ocr_par' dir='ltr' id='par_1_21' title="bbox 378 1369 1963 1450">
     <span class='ocr_line' id='line_1_21' title="bbox 378 1369 1963 1450; baseline 0.011 -28"><span class='ocrx_word' id='word_1_154' title='bbox 378 1369 443 1423; x_wconf 82' lang='lat' dir='ltr'><strong>Et</strong></span> <span class='ocrx_word' id='word_1_155' title='bbox 478 1384 603 1425; x_wconf 83' lang='lat' dir='ltr'><strong>cum</strong></span> <span class='ocrx_word' id='word_1_156' title='bbox 639 1371 757 1441; x_wconf 82' lang='lat' dir='ltr'><strong>ipse</strong></span> <span class='ocrx_word' id='word_1_157' title='bbox 797 1373 1143 1443; x_wconf 85' lang='lat' dir='ltr'><strong>apparuisset</strong></span> <span class='ocrx_word' id='word_1_158' title='bbox 1186 1374 1430 1441; x_wconf 76' lang='lat' dir='ltr'><strong>Iacobo,</strong></span> <span class='ocrx_word' id='word_1_159' title='bbox 1482 1378 1844 1450; x_wconf 82' lang='lat' dir='ltr'><strong>interroganti</strong></span> <span class='ocrx_word' id='word_1_160' title='bbox 1893 1382 1963 1440; x_wconf 89' lang='lat' dir='ltr'><strong>de</strong></span> 
     </span>
    </p>
   </div>
   <div class='ocr_carea' id='block_1_22' title="bbox 375 1465 1960 1541">
    <p class='ocr_par' dir='ltr' id='par_1_22' title="bbox 375 1465 1960 1541">
     <span class='ocr_line' id='line_1_22' title="bbox 375 1465 1960 1541; baseline 0.011 -27"><span class='ocrx_word' id='word_1_161' title='bbox 375 1475 478 1516; x_wconf 86' lang='lat' dir='ltr'><strong>suo</strong></span> <span class='ocrx_word' id='word_1_162' title='bbox 533 1465 794 1532; x_wconf 89' lang='lat' dir='ltr'><strong>nomine,</strong></span> <span class='ocrx_word' id='word_1_163' title='bbox 857 1468 1190 1537; x_wconf 84' lang='lat' dir='ltr'><strong>respondit:</strong></span> <span class='ocrx_word' id='word_1_164' title='bbox 1231 1488 1250 1521; x_wconf 82' lang='grc' dir='ltr'><strong>ι</strong></span> <span class='ocrx_word' id='word_1_165' title='bbox 1297 1470 1437 1538; x_wconf 77' lang='lat' dir='ltr'><strong>Quid</strong></span> <span class='ocrx_word' id='word_1_166' title='bbox 1498 1473 1700 1541; x_wconf 69' lang='lat' dir='ltr'><strong>qureris</strong></span> <span class='ocrx_word' id='word_1_167' title='bbox 1762 1490 1960 1531; x_wconf 88' lang='lat' dir='ltr'><strong>nomen</strong></span> 
     </span>
    </p>
   </div>
   <div class='ocr_carea' id='block_1_23' title="bbox 379 1556 1323 1625">
    <p class='ocr_par' dir='ltr' id='par_1_23' title="bbox 379 1556 1323 1625">
     <span class='ocr_line' id='line_1_23' title="bbox 379 1556 1323 1625; baseline 0.01 -19"><span class='ocrx_word' id='word_1_168' title='bbox 379 1569 588 1619; x_wconf 87' lang='lat' dir='ltr'><strong>meum,</strong></span> <span class='ocrx_word' id='word_1_169' title='bbox 623 1556 769 1625; x_wconf 89' lang='lat' dir='ltr'><strong>quod</strong></span> <span class='ocrx_word' id='word_1_170' title='bbox 800 1565 886 1612; x_wconf 86' lang='lat' dir='ltr'><strong>est</strong></span> <span class='ocrx_word' id='word_1_171' title='bbox 917 1559 1170 1614; x_wconf 84' lang='lat' dir='ltr'><strong>mirabile</strong></span> <span class='ocrx_word' id='word_1_172' title='bbox 1200 1560 1216 1596; x_wconf 73' lang='grc' dir='ltr'>ι</span> <span class='ocrx_word' id='word_1_173' title='bbox 1242 1561 1264 1614; x_wconf 86' lang='lat'><strong>?</strong></span> <span class='ocrx_word' id='word_1_174' title='bbox 1304 1580 1323 1611; x_wconf 78' lang='grc' dir='ltr'><strong>ι</strong></span> 
     </span>
    </p>
   </div>
   <div class='ocr_carea' id='block_1_24' title="bbox 451 1645 1965 1729">
    <p class='ocr_par' dir='ltr' id='par_1_24' title="bbox 451 1645 1965 1729">
     <span class='ocr_line' id='line_1_24' title="bbox 451 1645 1965 1729; baseline 0.011 -32"><span class='ocrx_word' id='word_1_175' title='bbox 451 1645 619 1702; x_wconf 64' lang='lat' dir='ltr'><strong>Vens.</strong></span> <span class='ocrx_word' id='word_1_176' title='bbox 654 1648 707 1702; x_wconf 78' lang='lat'><strong>‘5.</strong></span> <span class='ocrx_word' id='word_1_177' title='bbox 756 1671 772 1697; x_wconf 79' lang='grc' dir='ltr'><strong>ι</strong></span> <span class='ocrx_word' id='word_1_178' title='bbox 816 1647 889 1704; x_wconf 75' lang='lat' dir='ltr'><strong>Ex</strong></span> <span class='ocrx_word' id='word_1_179' title='bbox 926 1665 1021 1705; x_wconf 82' lang='lat' dir='ltr'><strong>ore</strong></span> <span class='ocrx_word' id='word_1_180' title='bbox 1067 1650 1357 1707; x_wconf 88' lang='lat' dir='ltr'><strong>infantium</strong></span> <span class='ocrx_word' id='word_1_181' title='bbox 1399 1666 1452 1709; x_wconf 88' lang='lat' dir='ltr'><strong>et</strong></span> <span class='ocrx_word' id='word_1_182' title='bbox 1491 1655 1807 1713; x_wconf 88' lang='lat' dir='ltr'><strong>lactentinm</strong></span> <span class='ocrx_word' id='word_1_183' title='bbox 1840 1675 1965 1729; x_wconf 88' lang='lat' dir='ltr'><strong>per-</strong></span> 
     </span>
    </p>
   </div>
   <div class='ocr_carea' id='block_1_25' title="bbox 383 1737 1964 1813">
    <p class='ocr_par' dir='ltr' id='par_1_25' title="bbox 383 1737 1964 1813">
     <span class='ocr_line' id='line_1_25' title="bbox 383 1737 1964 1813; baseline 0.008 -21"><span class='ocrx_word' id='word_1_184' title='bbox 383 1737 562 1793; x_wconf 90' lang='lat' dir='ltr'><strong>fecisti</strong></span> <span class='ocrx_word' id='word_1_185' title='bbox 607 1740 821 1793; x_wconf 85' lang='lat' dir='ltr'><strong>laudem</strong></span> <span class='ocrx_word' id='word_1_186' title='bbox 868 1751 1091 1812; x_wconf 86' lang='lat' dir='ltr'><strong>propter</strong></span> <span class='ocrx_word' id='word_1_187' title='bbox 1131 1743 1387 1799; x_wconf 86' lang='lat' dir='ltr'><strong>inimicos</strong></span> <span class='ocrx_word' id='word_1_188' title='bbox 1425 1756 1569 1813; x_wconf 92' lang='lat' dir='ltr'><strong>tuos,</strong></span> <span class='ocrx_word' id='word_1_189' title='bbox 1606 1755 1666 1802; x_wconf 87' lang='lat' dir='ltr'><strong>ut</strong></span> <span class='ocrx_word' id='word_1_190' title='bbox 1709 1748 1964 1805; x_wconf 86' lang='lat' dir='ltr'><strong>destruas</strong></span> 
     </span>
    </p>
   </div>
   <div class='ocr_carea' id='block_1_26' title="bbox 382 1828 1962 1908">
    <p class='ocr_par' dir='ltr' id='par_1_26' title="bbox 382 1828 1962 1908">
     <span class='ocr_line' id='line_1_26' title="bbox 382 1828 1962 1908; baseline 0.007 -25"><span class='ocrx_word' id='word_1_191' title='bbox 382 1828 664 1884; x_wconf 89' lang='lat' dir='ltr'><strong>inimicum</strong></span> <span class='ocrx_word' id='word_1_192' title='bbox 718 1840 773 1884; x_wconf 90' lang='lat' dir='ltr'><strong>et</strong></span> <span class='ocrx_word' id='word_1_193' title='bbox 824 1832 1078 1887; x_wconf 90' lang='lat' dir='ltr'><strong>ultorem.</strong></span> <span class='ocrx_word' id='word_1_194' title='bbox 1116 1853 1132 1883; x_wconf 78' lang='lat' dir='ltr'><strong>I</strong></span> <span class='ocrx_word' id='word_1_195' title='bbox 1192 1832 1246 1889; x_wconf 90' lang='lat' dir='ltr'><strong>ld</strong></span> <span class='ocrx_word' id='word_1_196' title='bbox 1294 1850 1426 1891; x_wconf 69' lang='lat' dir='ltr'><strong>vero</strong></span> <span class='ocrx_word' id='word_1_197' title='bbox 1470 1846 1620 1893; x_wconf 88' lang='lat' dir='ltr'><strong>tuam</strong></span> <span class='ocrx_word' id='word_1_198' title='bbox 1667 1839 1962 1908; x_wconf 84' lang='lat' dir='ltr'><strong>potentiam</strong></span> 
     </span>
    </p>
   </div>
   <div class='ocr_carea' id='block_1_27' title="bbox 384 1919 1965 1999">
    <p class='ocr_par' dir='ltr' id='par_1_27' title="bbox 384 1919 1965 1999">
     <span class='ocr_line' id='line_1_27' title="bbox 384 1919 1965 1999; baseline 0.008 -27"><span class='ocrx_word' id='word_1_199' title='bbox 384 1919 622 1974; x_wconf 82' lang='lat' dir='ltr'><strong>maxime</strong></span> <span class='ocrx_word' id='word_1_200' title='bbox 668 1920 832 1993; x_wconf 76' lang='lat'><strong>652</strong></span> <span class='ocrx_word' id='word_1_201' title='bbox 872 1923 1288 1993; x_wconf 81' lang='lat' dir='ltr'><strong>demonstravit,</strong></span> <span class='ocrx_word' id='word_1_202' title='bbox 1343 1928 1489 1997; x_wconf 91' lang='lat' dir='ltr'><strong>quod</strong></span> <span class='ocrx_word' id='word_1_203' title='bbox 1538 1943 1632 1997; x_wconf 87' lang='lat' dir='ltr'><strong>per</strong></span> <span class='ocrx_word' id='word_1_204' title='bbox 1672 1930 1965 1999; x_wconf 85' lang='lat' dir='ltr'><strong>homines,</strong></span> 
     </span>
    </p>
   </div>
   <div class='ocr_carea' id='block_1_28' title="bbox 385 2011 1966 2092">
    <p class='ocr_par' dir='ltr' id='par_1_28' title="bbox 385 2011 1966 2092">
     <span class='ocr_line' id='line_1_28' title="bbox 385 2011 1966 2092; baseline 0.008 -27"><span class='ocrx_word' id='word_1_205' title='bbox 385 2011 482 2083; x_wconf 89' lang='lat' dir='ltr'><strong>qui</strong></span> <span class='ocrx_word' id='word_1_206' title='bbox 517 2012 743 2069; x_wconf 88' lang='lat' dir='ltr'><strong>minime</strong></span> <span class='ocrx_word' id='word_1_207' title='bbox 776 2015 1075 2070; x_wconf 88' lang='lat' dir='ltr'><strong>humanam</strong></span> <span class='ocrx_word' id='word_1_208' title='bbox 1110 2017 1437 2087; x_wconf 87' lang='lat' dir='ltr'><strong>sapientiam</strong></span> <span class='ocrx_word' id='word_1_209' title='bbox 1479 2020 1806 2087; x_wconf 91' lang='lat' dir='ltr'><strong>didicerant,</strong></span> <span class='ocrx_word' id='word_1_210' title='bbox 1837 2023 1966 2092; x_wconf 88' lang='lat' dir='ltr'><strong>qni-</strong></span> 
     </span>
    </p>
   </div>
   <div class='ocr_carea' id='block_1_29' title="bbox 383 2104 1969 2180">
    <p class='ocr_par' dir='ltr' id='par_1_29' title="bbox 383 2104 1969 2180">
     <span class='ocr_line' id='line_1_29' title="bbox 383 2104 1969 2180; baseline 0.008 -24"><span class='ocrx_word' id='word_1_211' title='bbox 383 2118 493 2173; x_wconf 88' lang='lat' dir='ltr'><strong>que</strong></span> <span class='ocrx_word' id='word_1_212' title='bbox 537 2104 856 2159; x_wconf 90' lang='lat' dir='ltr'><strong>lactentinm</strong></span> <span class='ocrx_word' id='word_1_213' title='bbox 889 2122 1184 2175; x_wconf 86' lang='lat' dir='ltr'><strong>puerorum</strong></span> <span class='ocrx_word' id='word_1_214' title='bbox 1220 2109 1631 2180; x_wconf 90' lang='lat' dir='ltr'><strong>simplicitatem</strong></span> <span class='ocrx_word' id='word_1_215' title='bbox 1676 2113 1969 2169; x_wconf 86' lang='lat' dir='ltr'><strong>imitaban-</strong></span> 
     </span>
    </p>
   </div>
   <div class='ocr_carea' id='block_1_30' title="bbox 384 2188 1968 2274">
    <p class='ocr_par' dir='ltr' id='par_1_30' title="bbox 384 2188 1968 2274">
     <span class='ocr_line' id='line_1_30' title="bbox 384 2188 1968 2274; baseline 0.008 -24"><span class='ocrx_word' id='word_1_216' title='bbox 384 2206 493 2261; x_wconf 88' lang='lat' dir='ltr'><strong>tur,</strong></span> <span class='ocrx_word' id='word_1_217' title='bbox 517 2188 1043 2266; x_wconf 85' lang='lat' dir='ltr'><strong>perniciosissimum</strong></span> <span class='ocrx_word' id='word_1_218' title='bbox 1068 2200 1220 2256; x_wconf 89' lang='lat' dir='ltr'><strong>illum</strong></span> <span class='ocrx_word' id='word_1_219' title='bbox 1239 2211 1530 2273; x_wconf 83' lang='lat' dir='ltr'><strong>tyrannum</strong></span> <span class='ocrx_word' id='word_1_220' title='bbox 1551 2208 1841 2263; x_wconf 87' lang='lat' dir='ltr'><strong>everteris.</strong></span> <span class='ocrx_word' id='word_1_221' title='bbox 1861 2206 1968 2274; x_wconf 85' lang='lat' dir='ltr'><strong>Qui</strong></span> 
     </span>
    </p>
   </div>
   <div class='ocr_carea' id='block_1_31' title="bbox 382 2288 1967 2368">
    <p class='ocr_par' dir='ltr' id='par_1_31' title="bbox 382 2288 1967 2368">
     <span class='ocr_line' id='line_1_31' title="bbox 382 2288 1967 2368; baseline 0.008 -26"><span class='ocrx_word' id='word_1_222' title='bbox 382 2304 504 2345; x_wconf 87' lang='lat' dir='ltr'><strong>cum</strong></span> <span class='ocrx_word' id='word_1_223' title='bbox 531 2288 626 2343; x_wconf 91' lang='lat' dir='ltr'><strong>tibi</strong></span> <span class='ocrx_word' id='word_1_224' title='bbox 653 2288 763 2345; x_wconf 90' lang='lat' dir='ltr'><strong>Deo</strong></span> <span class='ocrx_word' id='word_1_225' title='bbox 796 2306 1012 2362; x_wconf 88' lang='lat' dir='ltr'><strong>semper</strong></span> <span class='ocrx_word' id='word_1_226' title='bbox 1043 2294 1304 2350; x_wconf 89' lang='lat' dir='ltr'><strong>inimicus</strong></span> <span class='ocrx_word' id='word_1_227' title='bbox 1331 2296 1503 2362; x_wconf 85' lang='lat' dir='ltr'><strong>sit,.et</strong></span> <span class='ocrx_word' id='word_1_228' title='bbox 1530 2309 1752 2368; x_wconf 85' lang='lat' dir='ltr'><strong>propter</strong></span> <span class='ocrx_word' id='word_1_229' title='bbox 1766 2299 1967 2355; x_wconf 88' lang='lat' dir='ltr'><strong>bellum</strong></span> 
     </span>
    </p>
   </div>
   <div class='ocr_carea' id='block_1_32' title="bbox 383 2381 1971 2461">
    <p class='ocr_par' dir='ltr' id='par_1_32' title="bbox 383 2381 1971 2461">
     <span class='ocr_line' id='line_1_32' title="bbox 383 2381 1971 2461; baseline 0.011 -27"><span class='ocrx_word' id='word_1_230' title='bbox 383 2381 528 2449; x_wconf 84' lang='lat' dir='ltr'><strong>quod</strong></span> <span class='ocrx_word' id='word_1_231' title='bbox 577 2389 766 2437; x_wconf 88' lang='lat' dir='ltr'><strong>contra</strong></span> <span class='ocrx_word' id='word_1_232' title='bbox 817 2392 874 2438; x_wconf 90' lang='lat' dir='ltr'><strong>te</strong></span> <span class='ocrx_word' id='word_1_233' title='bbox 935 2386 1110 2455; x_wconf 89' lang='lat' dir='ltr'><strong>gerit,</strong></span> <span class='ocrx_word' id='word_1_234' title='bbox 1140 2387 1391 2443; x_wconf 87' lang='lat' dir='ltr'><strong>homines</strong></span> <span class='ocrx_word' id='word_1_235' title='bbox 1451 2389 1726 2461; x_wconf 86' lang='lat' dir='ltr'><strong>decipiat,</strong></span> <span class='ocrx_word' id='word_1_236' title='bbox 1778 2408 1971 2451; x_wconf 86' lang='lat' dir='ltr'><strong>rursus</strong></span> 
     </span>
    </p>
   </div>
   <div class='ocr_carea' id='block_1_33' title="bbox 385 2473 1970 2553">
    <p class='ocr_par' dir='ltr' id='par_1_33' title="bbox 385 2473 1970 2553">
     <span class='ocr_line' id='line_1_33' title="bbox 385 2473 1970 2553; baseline 0.011 -29"><span class='ocrx_word' id='word_1_237' title='bbox 385 2480 654 2541; x_wconf 88' lang='lat' dir='ltr'><strong>tanquam</strong></span> <span class='ocrx_word' id='word_1_238' title='bbox 688 2473 886 2530; x_wconf 80' lang='lat' dir='ltr'><strong>vindex</strong></span> <span class='ocrx_word' id='word_1_239' title='bbox 921 2477 1195 2547; x_wconf 82' lang='lat' dir='ltr'><strong>quispiam</strong></span> <span class='ocrx_word' id='word_1_240' title='bbox 1219 2518 1234 2545; x_wconf 96' lang='lat'><strong>,</strong></span> <span class='ocrx_word' id='word_1_241' title='bbox 1282 2478 1490 2538; x_wconf 82' lang='lat' dir='ltr'><strong>fraudis</strong></span> <span class='ocrx_word' id='word_1_242' title='bbox 1530 2497 1722 2553; x_wconf 67' lang='lat' dir='ltr'><strong>poenas</strong></span> <span class='ocrx_word' id='word_1_243' title='bbox 1762 2485 1832 2540; x_wconf 86' lang='lat' dir='ltr'><strong>ab</strong></span> <span class='ocrx_word' id='word_1_244' title='bbox 1861 2486 1970 2542; x_wconf 89' lang='lat' dir='ltr'><strong>illis</strong></span> 
     </span>
    </p>
   </div>
   <div class='ocr_carea' id='block_1_34' title="bbox 382 2564 1968 2641">
    <p class='ocr_par' dir='ltr' id='par_1_34' title="bbox 382 2564 1968 2641">
     <span class='ocr_line' id='line_1_34' title="bbox 382 2564 1968 2641; baseline 0.009 -22"><span class='ocrx_word' id='word_1_245' title='bbox 382 2564 575 2635; x_wconf 76' lang='lat' dir='ltr'><strong>erigit.</strong></span> <span class='ocrx_word' id='word_1_246' title='bbox 630 2564 721 2621; x_wconf 90' lang='lat' dir='ltr'><strong>Sic</strong></span> <span class='ocrx_word' id='word_1_247' title='bbox 767 2582 893 2623; x_wconf 93' lang='lat' dir='ltr'><strong>cum</strong></span> <span class='ocrx_word' id='word_1_248' title='bbox 954 2569 1367 2641; x_wconf 88' lang='lat' dir='ltr'><strong>Achitophelem</strong></span> <span class='ocrx_word' id='word_1_249' title='bbox 1423 2573 1735 2632; x_wconf 77' lang='lat' dir='ltr'><strong>induxisset</strong></span> <span class='ocrx_word' id='word_1_250' title='bbox 1772 2588 1832 2634; x_wconf 92' lang='lat' dir='ltr'><strong>ut</strong></span> <span class='ocrx_word' id='word_1_251' title='bbox 1876 2579 1968 2634; x_wconf 90' lang='lat' dir='ltr'><strong>illa</strong></span> 
     </span>
    </p>
   </div>
   <div class='ocr_carea' id='block_1_35' title="bbox 383 2653 1970 2736">
    <p class='ocr_par' dir='ltr' id='par_1_35' title="bbox 383 2653 1970 2736">
     <span class='ocr_line' id='line_1_35' title="bbox 383 2653 1970 2736; baseline 0.011 -27"><span class='ocrx_word' id='word_1_252' title='bbox 383 2653 611 2722; x_wconf 87' lang='lat' dir='ltr'><strong>diceret,</strong></span> <span class='ocrx_word' id='word_1_253' title='bbox 647 2668 837 2726; x_wconf 87' lang='lat' dir='ltr'><strong>postea</strong></span> <span class='ocrx_word' id='word_1_254' title='bbox 868 2669 927 2716; x_wconf 86' lang='lat' dir='ltr'><strong>nt</strong></span> <span class='ocrx_word' id='word_1_255' title='bbox 958 2670 1191 2717; x_wconf 88' lang='lat' dir='ltr'><strong>mortem</strong></span> <span class='ocrx_word' id='word_1_256' title='bbox 1235 2665 1339 2721; x_wconf 86' lang='lat' dir='ltr'><strong>sibi</strong></span> <span class='ocrx_word' id='word_1_257' title='bbox 1388 2666 1505 2736; x_wconf 90' lang='lat' dir='ltr'><strong>ipse</strong></span> <span class='ocrx_word' id='word_1_258' title='bbox 1541 2671 1818 2726; x_wconf 89' lang='lat' dir='ltr'><strong>consciret</strong></span> <span class='ocrx_word' id='word_1_259' title='bbox 1862 2672 1970 2727; x_wconf 76' lang='lat' dir='ltr'><strong>im-</strong></span> 
     </span>
    </p>
   </div>
   <div class='ocr_carea' id='block_1_36' title="bbox 385 2746 1968 2830">
    <p class='ocr_par' dir='ltr' id='par_1_36' title="bbox 385 2746 1968 2830">
     <span class='ocr_line' id='line_1_36' title="bbox 385 2746 1968 2830; baseline 0.013 -30"><span class='ocrx_word' id='word_1_260' title='bbox 385 2746 525 2816; x_wconf 91' lang='lat' dir='ltr'><strong>pulit</strong></span> <span class='ocrx_word' id='word_1_261' title='bbox 552 2760 601 2800; x_wconf 82' lang='grc' dir='ltr'><strong>ιι.</strong></span> <span class='ocrx_word' id='word_1_262' title='bbox 642 2766 662 2800; x_wconf 77' lang='grc' dir='ltr'><strong>ι</strong></span> <span class='ocrx_word' id='word_1_263' title='bbox 708 2749 910 2807; x_wconf 87' lang='lat' dir='ltr'><strong>Eodem</strong></span> <span class='ocrx_word' id='word_1_264' title='bbox 961 2754 1126 2809; x_wconf 91' lang='lat' dir='ltr'><strong>modo</strong></span> <span class='ocrx_word' id='word_1_265' title='bbox 1175 2772 1301 2811; x_wconf 89' lang='lat' dir='ltr'><strong>cum</strong></span> <span class='ocrx_word' id='word_1_266' title='bbox 1343 2758 1410 2812; x_wconf 91' lang='lat' dir='ltr'><strong>ad</strong></span> <span class='ocrx_word' id='word_1_267' title='bbox 1462 2761 1827 2830; x_wconf 91' lang='lat' dir='ltr'><strong>proditionem</strong></span> <span class='ocrx_word' id='word_1_268' title='bbox 1878 2780 1968 2819; x_wconf 81' lang='lat' dir='ltr'><strong>ar-</strong></span> 
     </span>
    </p>
   </div>
   <div class='ocr_carea' id='block_1_37' title="bbox 384 2839 1969 2924">
    <p class='ocr_par' dir='ltr' id='par_1_37' title="bbox 384 2839 1969 2924">
     <span class='ocr_line' id='line_1_37' title="bbox 384 2839 1969 2924; baseline 0.011 -31"><span class='ocrx_word' id='word_1_269' title='bbox 384 2849 593 2896; x_wconf 82' lang='lat' dir='ltr'><strong>masset</strong></span> <span class='ocrx_word' id='word_1_270' title='bbox 627 2839 849 2908; x_wconf 80' lang='lat' dir='ltr'><strong>Judam,</strong></span> <span class='ocrx_word' id='word_1_271' title='bbox 887 2846 1195 2902; x_wconf 87' lang='lat' dir='ltr'><strong>mercedem</strong></span> <span class='ocrx_word' id='word_1_272' title='bbox 1229 2848 1552 2908; x_wconf 70' lang='lat' dir='ltr'><strong>obedientia:</strong></span> <span class='ocrx_word' id='word_1_273' title='bbox 1586 2855 1845 2924; x_wconf 86' lang='lat' dir='ltr'><strong>laqueum</strong></span> <span class='ocrx_word' id='word_1_274' title='bbox 1880 2872 1969 2911; x_wconf 76' lang='lat' dir='ltr'><strong>re-</strong></span> 
     </span>
    </p>
   </div>
   <div class='ocr_carea' id='block_1_38' title="bbox 386 2931 1972 3004">
    <p class='ocr_par' dir='ltr' id='par_1_38' title="bbox 386 2931 1972 3004">
     <span class='ocr_line' id='line_1_38' title="bbox 386 2931 1972 3004; baseline 0.012 -18"><span class='ocrx_word' id='word_1_275' title='bbox 386 2931 602 2988; x_wconf 88' lang='lat' dir='ltr'><strong>tribuit.</strong></span> <span class='ocrx_word' id='word_1_276' title='bbox 637 2934 704 2990; x_wconf 86' lang='lat' dir='ltr'><strong>Et</strong></span> <span class='ocrx_word' id='word_1_277' title='bbox 731 2938 1037 2993; x_wconf 88' lang='lat' dir='ltr'><strong>secundum</strong></span> <span class='ocrx_word' id='word_1_278' title='bbox 1094 2939 1384 2997; x_wconf 91' lang='lat' dir='ltr'><strong>historiam</strong></span> <span class='ocrx_word' id='word_1_279' title='bbox 1444 2948 1650 3002; x_wconf 86' lang='lat' dir='ltr'><strong>veritas</strong></span> <span class='ocrx_word' id='word_1_280' title='bbox 1704 2949 1972 3004; x_wconf 86' lang='lat' dir='ltr'><strong>vaticina-</strong></span> 
     </span>
    </p>
   </div>
   <div class='ocr_carea' id='block_1_39' title="bbox 385 3024 1973 3111">
    <p class='ocr_par' dir='ltr' id='par_1_39' title="bbox 385 3024 1973 3111">
     <span class='ocr_line' id='line_1_39' title="bbox 385 3024 1973 3111; baseline 0.011 -31"><span class='ocrx_word' id='word_1_281' title='bbox 385 3024 558 3082; x_wconf 88' lang='lat' dir='ltr'><strong>tionis</strong></span> <span class='ocrx_word' id='word_1_282' title='bbox 594 3031 852 3099; x_wconf 87' lang='lat' dir='ltr'><strong>cognosci</strong></span> <span class='ocrx_word' id='word_1_283' title='bbox 902 3041 1104 3102; x_wconf 88' lang='lat' dir='ltr'><strong>potest.</strong></span> <span class='ocrx_word' id='word_1_284' title='bbox 1156 3031 1293 3090; x_wconf 71' lang='lat' dir='ltr'><strong>Nam</strong></span> <span class='ocrx_word' id='word_1_285' title='bbox 1346 3037 1401 3091; x_wconf 90' lang='lat' dir='ltr'><strong>in</strong></span> <span class='ocrx_word' id='word_1_286' title='bbox 1456 3039 1631 3095; x_wconf 87' lang='lat' dir='ltr'><strong>sacris</strong></span> <span class='ocrx_word' id='word_1_287' title='bbox 1662 3038 1973 3111; x_wconf 84' lang='lat' dir='ltr'><strong>Evangeliis</strong></span> 
     </span>
    </p>
   </div>
   <div class='ocr_carea' id='block_1_40' title="bbox 386 3116 1973 3203">
    <p class='ocr_par' dir='ltr' id='par_1_40' title="bbox 386 3116 1973 3203">
     <span class='ocr_line' id='line_1_40' title="bbox 386 3116 1973 3203; baseline 0.011 -32"><span class='ocrx_word' id='word_1_288' title='bbox 386 3116 656 3175; x_wconf 87' lang='lat' dir='ltr'><strong>Dominus</strong></span> <span class='ocrx_word' id='word_1_289' title='bbox 706 3119 963 3179; x_wconf 85' lang='lat' dir='ltr'><strong>Christus</strong></span> <span class='ocrx_word' id='word_1_290' title='bbox 1005 3123 1211 3182; x_wconf 59' lang='lat' dir='ltr'><strong>Iudaeis</strong></span> <span class='ocrx_word' id='word_1_291' title='bbox 1257 3127 1707 3199; x_wconf 78' lang='lat' dir='ltr'><strong>indignantibus,</strong></span> <span class='ocrx_word' id='word_1_292' title='bbox 1750 3134 1973 3203; x_wconf 89' lang='lat' dir='ltr'><strong>quando</strong></span> 
     </span>
    </p>
   </div>
   <div class='ocr_carea' id='block_1_41' title="bbox 387 3210 2041 3300">
    <p class='ocr_par' dir='ltr' id='par_1_41' title="bbox 387 3210 2041 3300">
     <span class='ocr_line' id='line_1_41' title="bbox 387 3210 2041 3300; baseline 0.011 -37"><span class='ocrx_word' id='word_1_293' title='bbox 387 3210 540 3277; x_wconf 88' lang='lat' dir='ltr'><strong>pueri</strong></span> <span class='ocrx_word' id='word_1_294' title='bbox 572 3224 696 3267; x_wconf 85' lang='lat' dir='ltr'><strong>eum</strong></span> <span class='ocrx_word' id='word_1_295' title='bbox 730 3216 902 3270; x_wconf 90' lang='lat' dir='ltr'><strong>ramis</strong></span> <span class='ocrx_word' id='word_1_296' title='bbox 943 3217 1350 3287; x_wconf 72' lang='lat' dir='ltr'><strong>praecedentes,</strong></span> <span class='ocrx_word' id='word_1_297' title='bbox 1413 3239 1433 3273; x_wconf 78' lang='grc' dir='ltr'><strong>ι</strong></span> <span class='ocrx_word' id='word_1_298' title='bbox 1470 3220 1728 3279; x_wconf 87' lang='lat' dir='ltr'><strong>Hosanna</strong></span> <span class='ocrx_word' id='word_1_299' title='bbox 1780 3225 1832 3279; x_wconf 94' lang='lat' dir='ltr'><strong>in</strong></span> <span class='ocrx_word' id='word_1_300' title='bbox 1877 3241 1970 3289; x_wconf 68' lang='grc' dir='ltr'><strong>εχ·</strong></span> <span class='ocrx_word' id='word_1_301' title='bbox 1999 3241 2041 3300; x_wconf 79' lang='lat' dir='ltr'>c</span> 
     </span>
    </p>
   </div>
   <div class='ocr_carea' id='block_1_42' title="bbox 388 3303 1971 3383">
    <p class='ocr_par' dir='ltr' id='par_1_42' title="bbox 388 3303 1971 3383">
     <span class='ocr_line' id='line_1_42' title="bbox 388 3303 1971 3383; baseline 0.009 -24"><span class='ocrx_word' id='word_1_302' title='bbox 388 3303 557 3359; x_wconf 79' lang='lat' dir='ltr'><strong>celsis</strong></span> <span class='ocrx_word' id='word_1_303' title='bbox 595 3322 614 3355; x_wconf 82' lang='grc' dir='ltr'><strong>ι</strong></span> <span class='ocrx_word' id='word_1_304' title='bbox 648 3305 925 3373; x_wconf 87' lang='lat' dir='ltr'><strong>dicebant,</strong></span> <span class='ocrx_word' id='word_1_305' title='bbox 956 3327 976 3360; x_wconf 81' lang='grc' dir='ltr'><strong>ι</strong></span> <span class='ocrx_word' id='word_1_306' title='bbox 1013 3309 1338 3369; x_wconf 89' lang='lat' dir='ltr'><strong>benedictus</strong></span> <span class='ocrx_word' id='word_1_307' title='bbox 1360 3314 1455 3383; x_wconf 88' lang='lat' dir='ltr'><strong>qui</strong></span> <span class='ocrx_word' id='word_1_308' title='bbox 1485 3318 1635 3371; x_wconf 81' lang='lat' dir='ltr'><strong>venit</strong></span> <span class='ocrx_word' id='word_1_309' title='bbox 1657 3317 1710 3372; x_wconf 93' lang='lat' dir='ltr'><strong>in</strong></span> <span class='ocrx_word' id='word_1_310' title='bbox 1748 3319 1971 3374; x_wconf 91' lang='lat' dir='ltr'><strong>nomine</strong></span> 
     </span>
    </p>
   </div>
   <div class='ocr_carea' id='block_1_43' title="bbox 393 3394 1972 3476">
    <p class='ocr_par' dir='ltr' id='par_1_43' title="bbox 393 3394 1972 3476">
     <span class='ocr_line' id='line_1_43' title="bbox 393 3394 1972 3476; baseline 0.011 -26"><span class='ocrx_word' id='word_1_311' title='bbox 393 3394 609 3451; x_wconf 90' lang='lat' dir='ltr'><strong>Domini</strong></span> <span class='ocrx_word' id='word_1_312' title='bbox 629 3404 689 3464; x_wconf 77' lang='grc' dir='ltr'><strong>ν,</strong></span> <span class='ocrx_word' id='word_1_313' title='bbox 713 3415 732 3449; x_wconf 80' lang='grc' dir='ltr'><strong>ι</strong></span> <span class='ocrx_word' id='word_1_314' title='bbox 756 3399 1075 3469; x_wconf 87' lang='lat' dir='ltr'><strong>respondit:</strong></span> <span class='ocrx_word' id='word_1_315' title='bbox 1106 3420 1125 3453; x_wconf 84' lang='grc' dir='ltr'><strong>ι</strong></span> <span class='ocrx_word' id='word_1_316' title='bbox 1148 3403 1306 3459; x_wconf 87' lang='lat' dir='ltr'><strong>Anne</strong></span> <span class='ocrx_word' id='word_1_317' title='bbox 1339 3404 1551 3476; x_wconf 78' lang='lat' dir='ltr'><strong>legistis</strong></span> <span class='ocrx_word' id='word_1_318' title='bbox 1583 3425 1598 3462; x_wconf 92' lang='lat'><strong>:</strong></span> <span class='ocrx_word' id='word_1_319' title='bbox 1636 3406 1717 3463; x_wconf 79' lang='lat' dir='ltr'><strong>Ex</strong></span> <span class='ocrx_word' id='word_1_320' title='bbox 1748 3425 1844 3466; x_wconf 90' lang='lat' dir='ltr'><strong>ore</strong></span> <span class='ocrx_word' id='word_1_321' title='bbox 1886 3412 1972 3466; x_wconf 88' lang='lat' dir='ltr'><strong>in-</strong></span> 
     </span>
    </p>
   </div>
   <div class='ocr_carea' id='block_1_44' title="bbox 391 3486 1972 3564">
    <p class='ocr_par' dir='ltr' id='par_1_44' title="bbox 391 3486 1972 3564">
     <span class='ocr_line' id='line_1_44' title="bbox 391 3486 1972 3564; baseline 0.011 -23"><span class='ocrx_word' id='word_1_322' title='bbox 391 3486 624 3543; x_wconf 86' lang='lat' dir='ltr'><strong>fantium</strong></span> <span class='ocrx_word' id='word_1_323' title='bbox 676 3498 732 3544; x_wconf 88' lang='lat' dir='ltr'><strong>et</strong></span> <span class='ocrx_word' id='word_1_324' title='bbox 770 3489 1092 3547; x_wconf 87' lang='lat' dir='ltr'><strong>lactentinm</strong></span> <span class='ocrx_word' id='word_1_325' title='bbox 1146 3492 1425 3564; x_wconf 88' lang='lat' dir='ltr'><strong>perfecisti</strong></span> <span class='ocrx_word' id='word_1_326' title='bbox 1475 3498 1693 3555; x_wconf 89' lang='lat' dir='ltr'><strong>laudem</strong></span> <span class='ocrx_word' id='word_1_327' title='bbox 1722 3486 1845 3557; x_wconf 54' lang='lat'><strong>1‘?)</strong></span> <span class='ocrx_word' id='word_1_328' title='bbox 1891 3504 1972 3559; x_wconf 92' lang='lat' dir='ltr'><strong>llli</strong></span> 
     </span>
    </p>
   </div>
   <div class='ocr_carea' id='block_1_45' title="bbox 390 3577 1974 3659">
    <p class='ocr_par' dir='ltr' id='par_1_45' title="bbox 390 3577 1974 3659">
     <span class='ocr_line' id='line_1_45' title="bbox 390 3577 1974 3659; baseline 0.009 -26"><span class='ocrx_word' id='word_1_329' title='bbox 390 3577 559 3649; x_wconf 83' lang='lat' dir='ltr'><strong>igitur</strong></span> <span class='ocrx_word' id='word_1_330' title='bbox 588 3577 826 3635; x_wconf 89' lang='lat' dir='ltr'><strong>infantes</strong></span> <span class='ocrx_word' id='word_1_331' title='bbox 871 3582 1136 3649; x_wconf 84' lang='lat' dir='ltr'><strong>perfidum</strong></span> <span class='ocrx_word' id='word_1_332' title='bbox 1184 3581 1496 3642; x_wconf 80' lang='lat' dir='ltr'><strong>Judaeorum</strong></span> <span class='ocrx_word' id='word_1_333' title='bbox 1545 3589 1806 3659; x_wconf 80' lang='lat' dir='ltr'><strong>populum</strong></span> <span class='ocrx_word' id='word_1_334' title='bbox 1838 3608 1974 3647; x_wconf 88' lang='lat' dir='ltr'><strong>con-</strong></span> 
     </span>
    </p>
   </div>
   <div class='ocr_carea' id='block_1_46' title="bbox 389 3670 1970 3742">
    <p class='ocr_par' dir='ltr' id='par_1_46' title="bbox 389 3670 1970 3742">
     <span class='ocr_line' id='line_1_46' title="bbox 389 3670 1970 3742; baseline 0.01 -17"><span class='ocrx_word' id='word_1_335' title='bbox 389 3670 672 3737; x_wconf 85' lang='lat' dir='ltr'><strong>demnant,</strong></span> <span class='ocrx_word' id='word_1_336' title='bbox 709 3672 944 3729; x_wconf 88' lang='lat' dir='ltr'><strong>similem</strong></span> <span class='ocrx_word' id='word_1_337' title='bbox 978 3674 1220 3742; x_wconf 79' lang='lat' dir='ltr'><strong>diabolo,</strong></span> <span class='ocrx_word' id='word_1_338' title='bbox 1249 3687 1303 3734; x_wconf 86' lang='lat' dir='ltr'><strong>et</strong></span> <span class='ocrx_word' id='word_1_339' title='bbox 1325 3679 1609 3736; x_wconf 89' lang='lat' dir='ltr'><strong>inimicum</strong></span> <span class='ocrx_word' id='word_1_340' title='bbox 1637 3693 1690 3738; x_wconf 90' lang='lat' dir='ltr'><strong>et</strong></span> <span class='ocrx_word' id='word_1_341' title='bbox 1714 3685 1970 3741; x_wconf 84' lang='lat' dir='ltr'><strong>ultorem.</strong></span> 
     </span>
    </p>
   </div>
   <div class='ocr_carea' id='block_1_47' title="bbox 389 3760 1971 3846">
    <p class='ocr_par' dir='ltr' id='par_1_47' title="bbox 389 3760 1971 3846">
     <span class='ocr_line' id='line_1_47' title="bbox 389 3760 1971 3846; baseline 0.011 -31"><span class='ocrx_word' id='word_1_342' title='bbox 389 3760 605 3818; x_wconf 85' lang='lat' dir='ltr'><strong>Etenim</strong></span> <span class='ocrx_word' id='word_1_343' title='bbox 639 3778 764 3820; x_wconf 84' lang='lat' dir='ltr'><strong>eum</strong></span> <span class='ocrx_word' id='word_1_344' title='bbox 790 3765 893 3821; x_wconf 90' lang='lat' dir='ltr'><strong>iste</strong></span> <span class='ocrx_word' id='word_1_345' title='bbox 919 3768 1151 3837; x_wconf 85' lang='lat' dir='ltr'><strong>populus</strong></span> <span class='ocrx_word' id='word_1_346' title='bbox 1176 3785 1396 3841; x_wconf 87' lang='lat' dir='ltr'><strong>semper</strong></span> <span class='ocrx_word' id='word_1_347' title='bbox 1426 3770 1521 3827; x_wconf 90' lang='lat' dir='ltr'><strong>Dei</strong></span> <span class='ocrx_word' id='word_1_348' title='bbox 1550 3774 1721 3846; x_wconf 91' lang='lat' dir='ltr'><strong>legem</strong></span> <span class='ocrx_word' id='word_1_349' title='bbox 1746 3779 1760 3798; x_wconf 82' lang='lat'>&#39;</span> <span class='ocrx_word' id='word_1_350' title='bbox 1785 3778 1971 3844; x_wconf 87' lang='lat' dir='ltr'><strong>violet,</strong></span> 
     </span>
    </p>
   </div>
   <div class='ocr_carea' id='block_1_48' title="bbox 390 3858 1973 3939">
    <p class='ocr_par' dir='ltr' id='par_1_48' title="bbox 390 3858 1973 3939">
     <span class='ocr_line' id='line_1_48' title="bbox 390 3858 1973 3939; baseline 0.01 -31"><span class='ocrx_word' id='word_1_351' title='bbox 390 3861 559 3925; x_wconf 89' lang='lat' dir='ltr'><strong>atque</strong></span> <span class='ocrx_word' id='word_1_352' title='bbox 587 3859 867 3913; x_wconf 86' lang='lat' dir='ltr'><strong>contraria</strong></span> <span class='ocrx_word' id='word_1_353' title='bbox 894 3858 987 3915; x_wconf 90' lang='lat' dir='ltr'><strong>Dei</strong></span> <span class='ocrx_word' id='word_1_354' title='bbox 1013 3863 1286 3918; x_wconf 86' lang='lat' dir='ltr'><strong>mandatis</strong></span> <span class='ocrx_word' id='word_1_355' title='bbox 1315 3873 1470 3934; x_wconf 85' lang='lat' dir='ltr'><strong>agat;</strong></span> <span class='ocrx_word' id='word_1_356' title='bbox 1495 3881 1689 3922; x_wconf 88' lang='lat' dir='ltr'><strong>rursus</strong></span> <span class='ocrx_word' id='word_1_357' title='bbox 1712 3878 1973 3939; x_wconf 87' lang='lat' dir='ltr'><strong>tanquam</strong></span> 
     </span>
    </p>
   </div>
   <div class='ocr_carea' id='block_1_49' title="bbox 392 3946 1973 4025">
    <p class='ocr_par' dir='ltr' id='par_1_49' title="bbox 392 3946 1973 4025">
     <span class='ocr_line' id='line_1_49' title="bbox 392 3946 1973 4025; baseline 0.009 -24"><span class='ocrx_word' id='word_1_358' title='bbox 392 3962 494 4018; x_wconf 91' lang='lat' dir='ltr'><strong>pro</strong></span> <span class='ocrx_word' id='word_1_359' title='bbox 516 3946 828 4018; x_wconf 83' lang='lat' dir='ltr'><strong>legislatore</strong></span> <span class='ocrx_word' id='word_1_360' title='bbox 851 3952 1066 4009; x_wconf 89' lang='lat' dir='ltr'><strong>scilicet</strong></span> <span class='ocrx_word' id='word_1_361' title='bbox 1080 3969 1354 4025; x_wconf 86' lang='lat' dir='ltr'><strong>pugnans,</strong></span> <span class='ocrx_word' id='word_1_362' title='bbox 1374 3956 1666 4013; x_wconf 91' lang='lat' dir='ltr'><strong>Dominum</strong></span> <span class='ocrx_word' id='word_1_363' title='bbox 1693 3959 1973 4015; x_wconf 90' lang='lat' dir='ltr'><strong>Christum</strong></span> 
     </span>
    </p>
   </div>
   <div class='ocr_carea' id='block_1_50' title="bbox 389 4039 1976 4122">
    <p class='ocr_par' dir='ltr' id='par_1_50' title="bbox 389 4039 1976 4122">
     <span class='ocr_line' id='line_1_50' title="bbox 389 4039 1976 4122; baseline 0.008 -27"><span class='ocrx_word' id='word_1_364' title='bbox 389 4039 687 4106; x_wconf 84' lang='lat' dir='ltr'><strong>cruciﬁxit,</strong></span> <span class='ocrx_word' id='word_1_365' title='bbox 722 4041 832 4098; x_wconf 90' lang='lat' dir='ltr'><strong>Deo</strong></span> <span class='ocrx_word' id='word_1_366' title='bbox 863 4046 1205 4100; x_wconf 84' lang='lat' dir='ltr'><strong>contrarium</strong></span> <span class='ocrx_word' id='word_1_367' title='bbox 1238 4055 1401 4117; x_wconf 90' lang='lat' dir='ltr'><strong>atque</strong></span> <span class='ocrx_word' id='word_1_368' title='bbox 1427 4048 1565 4120; x_wconf 82' lang='lat' dir='ltr'><strong>legis</strong></span> <span class='ocrx_word' id='word_1_369' title='bbox 1601 4057 1976 4122; x_wconf 86' lang='lat' dir='ltr'><strong>transgresso-</strong></span> 
     </span>
    </p>
   </div>
   <div class='ocr_carea' id='block_1_51' title="bbox 390 4142 1007 4189">
    <p class='ocr_par' dir='ltr' id='par_1_51' title="bbox 390 4142 1007 4189">
     <span class='ocr_line' id='line_1_51' title="bbox 390 4142 1007 4189; baseline 0.008 -7"><span class='ocrx_word' id='word_1_370' title='bbox 390 4142 505 4183; x_wconf 88' lang='lat' dir='ltr'><strong>rem</strong></span> <span class='ocrx_word' id='word_1_371' title='bbox 532 4144 657 4186; x_wconf 90' lang='lat' dir='ltr'><strong>eum</strong></span> <span class='ocrx_word' id='word_1_372' title='bbox 687 4142 1007 4189; x_wconf 89' lang='lat' dir='ltr'><strong>nominans.</strong></span> 
     </span>
    </p>
   </div>
   <div class='ocr_carea' id='block_1_52' title="bbox 461 4282 1977 4367">
    <p class='ocr_par' dir='ltr' id='par_1_52' title="bbox 461 4282 1977 4367">
     <span class='ocr_line' id='line_1_52' title="bbox 461 4282 1977 4367; baseline 0.006 -27"><span class='ocrx_word' id='word_1_373' title='bbox 461 4282 629 4343; x_wconf 68' lang='lat' dir='ltr'><strong>Vens.</strong></span> <span class='ocrx_word' id='word_1_374' title='bbox 659 4286 716 4341; x_wconf 73' lang='grc'><strong>4.</strong></span> <span class='ocrx_word' id='word_1_375' title='bbox 753 4306 772 4339; x_wconf 83' lang='grc' dir='ltr'><strong>ι</strong></span> <span class='ocrx_word' id='word_1_376' title='bbox 813 4286 1083 4356; x_wconf 85' lang='lat' dir='ltr'><strong>Quoniam</strong></span> <span class='ocrx_word' id='word_1_377' title='bbox 1133 4291 1326 4347; x_wconf 86' lang='lat' dir='ltr'><strong>videbo</strong></span> <span class='ocrx_word' id='word_1_378' title='bbox 1375 4294 1567 4359; x_wconf 75' lang='lat' dir='ltr'><strong>cmlos,</strong></span> <span class='ocrx_word' id='word_1_379' title='bbox 1621 4310 1786 4367; x_wconf 90' lang='lat' dir='ltr'><strong>opera</strong></span> <span class='ocrx_word' id='word_1_380' title='bbox 1837 4297 1977 4365; x_wconf 90' lang='lat' dir='ltr'><strong>digi-</strong></span> 
     </span>
    </p>
   </div>
   <div class='ocr_carea' id='block_1_53' title="bbox 392 4379 1971 4456">
    <p class='ocr_par' dir='ltr' id='par_1_53' title="bbox 392 4379 1971 4456">
     <span class='ocr_line' id='line_1_53' title="bbox 392 4379 1971 4456; baseline 0.006 -26"><span class='ocrx_word' id='word_1_381' title='bbox 392 4385 571 4433; x_wconf 90' lang='lat' dir='ltr'><strong>torum</strong></span> <span class='ocrx_word' id='word_1_382' title='bbox 605 4387 825 4432; x_wconf 81' lang='lat' dir='ltr'><strong>tuorunt</strong></span> <span class='ocrx_word' id='word_1_383' title='bbox 853 4379 1063 4448; x_wconf 86' lang='lat' dir='ltr'><strong>lunam,</strong></span> <span class='ocrx_word' id='word_1_384' title='bbox 1094 4390 1149 4437; x_wconf 89' lang='lat' dir='ltr'><strong>et</strong></span> <span class='ocrx_word' id='word_1_385' title='bbox 1178 4384 1387 4451; x_wconf 88' lang='lat' dir='ltr'><strong>stellas,</strong></span> <span class='ocrx_word' id='word_1_386' title='bbox 1419 4400 1543 4456; x_wconf 71' lang='lat' dir='ltr'><strong>qua:</strong></span> <span class='ocrx_word' id='word_1_387' title='bbox 1573 4395 1629 4441; x_wconf 91' lang='lat' dir='ltr'><strong>tu</strong></span> <span class='ocrx_word' id='word_1_388' title='bbox 1659 4386 1925 4444; x_wconf 87' lang='lat' dir='ltr'><strong>fundasti.</strong></span> <span class='ocrx_word' id='word_1_389' title='bbox 1952 4408 1971 4439; x_wconf 73' lang='grc' dir='ltr'><strong>ι</strong></span> 
     </span>
    </p>
   </div>
   <div class='ocr_carea' id='block_1_54' title="bbox 391 4468 1975 4548">
    <p class='ocr_par' dir='ltr' id='par_1_54' title="bbox 391 4468 1975 4548">
     <span class='ocr_line' id='line_1_54' title="bbox 391 4468 1975 4548; baseline 0.007 -26"><span class='ocrx_word' id='word_1_390' title='bbox 391 4468 530 4525; x_wconf 80' lang='lat' dir='ltr'><strong>Nam</strong></span> <span class='ocrx_word' id='word_1_391' title='bbox 555 4471 693 4527; x_wconf 88' lang='lat' dir='ltr'><strong>satis</strong></span> <span class='ocrx_word' id='word_1_392' title='bbox 725 4473 940 4537; x_wconf 88' lang='lat' dir='ltr'><strong>idonea,</strong></span> <span class='ocrx_word' id='word_1_393' title='bbox 969 4472 1164 4546; x_wconf 86' lang='lat' dir='ltr'><strong>inquit,</strong></span> <span class='ocrx_word' id='word_1_394' title='bbox 1190 4475 1354 4548; x_wconf 76' lang='lat'><strong>653</strong></span> <span class='ocrx_word' id='word_1_395' title='bbox 1386 4477 1501 4546; x_wconf 89' lang='lat' dir='ltr'><strong>ipsa</strong></span> <span class='ocrx_word' id='word_1_396' title='bbox 1528 4478 1795 4533; x_wconf 88' lang='lat' dir='ltr'><strong>elementa</strong></span> <span class='ocrx_word' id='word_1_397' title='bbox 1827 4488 1975 4545; x_wconf 89' lang='lat' dir='ltr'><strong>sunt,</strong></span> 
     </span>
    </p>
   </div>
   <div class='ocr_carea' id='block_1_55' title="bbox 2061 1373 3651 1449">
    <p class='ocr_par' dir='ltr' id='par_1_55' title="bbox 2061 1373 3651 1449">
     <span class='ocr_line' id='line_1_55' title="bbox 2061 1373 3651 1449; baseline -0.004 -15"><span class='ocrx_word' id='word_1_398' title='bbox 2061 1380 2226 1442; x_wconf 80' lang='grc' dir='ltr'>αὐτὸς</span> <span class='ocrx_word' id='word_1_399' title='bbox 2260 1378 2318 1432; x_wconf 84' lang='grc' dir='ltr'>δὲ</span> <span class='ocrx_word' id='word_1_400' title='bbox 2370 1377 2448 1449; x_wconf 82' lang='grc' dir='ltr'>τῷ</span> <span class='ocrx_word' id='word_1_401' title='bbox 2496 1374 2728 1429; x_wconf 66' lang='grc' dir='ltr'>Ἰακὼϐδ</span> <span class='ocrx_word' id='word_1_402' title='bbox 2762 1375 3086 1443; x_wconf 71' lang='grc' dir='ltr'>ἐπιφανεὶς,</span> <span class='ocrx_word' id='word_1_403' title='bbox 3122 1374 3222 1446; x_wconf 81' lang='grc' dir='ltr'>τὴν</span> <span class='ocrx_word' id='word_1_404' title='bbox 3271 1373 3651 1446; x_wconf 77' lang='grc' dir='ltr'>προσηγορίαν</span> 
     </span>
    </p>
   </div>
   <div class='ocr_carea' id='block_1_56' title="bbox 2064 1458 3653 1542">
    <p class='ocr_par' dir='ltr' id='par_1_56' title="bbox 2064 1458 3653 1542">
     <span class='ocr_line' id='line_1_56' title="bbox 2064 1458 3653 1542; baseline -0.006 -15"><span class='ocrx_word' id='word_1_405' title='bbox 2064 1470 2460 1542; x_wconf 79' lang='grc' dir='ltr'>πυνθανομένῳ</span> <span class='ocrx_word' id='word_1_406' title='bbox 2489 1470 2594 1540; x_wconf 77' lang='grc' dir='ltr'><strong>ἔφη</strong></span> <span class='ocrx_word' id='word_1_407' title='bbox 2612 1469 2656 1500; x_wconf 84' lang='grc'><strong>⁸·</strong></span> <span class='ocrx_word' id='word_1_408' title='bbox 2694 1486 2714 1517; x_wconf 78' lang='grc' dir='ltr'><strong>ι</strong></span> <span class='ocrx_word' id='word_1_409' title='bbox 2768 1466 2835 1520; x_wconf 86' lang='grc' dir='ltr'><strong>Τί</strong></span> <span class='ocrx_word' id='word_1_410' title='bbox 2863 1466 3047 1537; x_wconf 79' lang='grc' dir='ltr'><strong>ζητεῖς</strong></span> <span class='ocrx_word' id='word_1_411' title='bbox 3081 1458 3143 1519; x_wconf 77' lang='grc' dir='ltr'>τὸ</span> <span class='ocrx_word' id='word_1_412' title='bbox 3179 1464 3354 1535; x_wconf 77' lang='grc' dir='ltr'>ὄνομά</span> <span class='ocrx_word' id='word_1_413' title='bbox 3390 1481 3525 1535; x_wconf 89' lang='grc' dir='ltr'>μου;</span> <span class='ocrx_word' id='word_1_414' title='bbox 3556 1465 3653 1520; x_wconf 53' lang='grc' dir='ltr'><strong>καλ⁸</strong></span> 
     </span>
    </p>
   </div>
   <div class='ocr_carea' id='block_1_57' title="bbox 2062 1558 2804 1631">
    <p class='ocr_par' dir='ltr' id='par_1_57' title="bbox 2062 1558 2804 1631">
     <span class='ocr_line' id='line_1_57' title="bbox 2062 1558 2804 1631; baseline -0.015 -11"><span class='ocrx_word' id='word_1_415' title='bbox 2062 1564 2225 1620; x_wconf 71' lang='grc' dir='ltr'>τοῦτό</span> <span class='ocrx_word' id='word_1_416' title='bbox 2255 1566 2376 1616; x_wconf 75' lang='grc' dir='ltr'>ἐστι</span> <span class='ocrx_word' id='word_1_417' title='bbox 2406 1558 2744 1631; x_wconf 86' lang='grc' dir='ltr'>θαυμαστόν.</span> <span class='ocrx_word' id='word_1_418' title='bbox 2788 1576 2804 1609; x_wconf 85' lang='grc' dir='ltr'><strong>ι</strong></span> 
     </span>
    </p>
   </div>
   <div class='ocr_carea' id='block_1_58' title="bbox 2134 1648 3653 1726">
    <p class='ocr_par' dir='ltr' id='par_1_58' title="bbox 2134 1648 3653 1726">
     <span class='ocr_line' id='line_1_58' title="bbox 2134 1648 3653 1726; baseline -0.007 -15"><span class='ocrx_word' id='word_1_419' title='bbox 2134 1663 2204 1726; x_wconf 83' lang='grc' dir='ltr'><strong>γ’.</strong></span> <span class='ocrx_word' id='word_1_420' title='bbox 2253 1675 2272 1707; x_wconf 84' lang='grc' dir='ltr'><strong>ι</strong></span> <span class='ocrx_word' id='word_1_421' title='bbox 2316 1654 2411 1708; x_wconf 86' lang='grc' dir='ltr'>Ἐκ</span> <span class='ocrx_word' id='word_1_422' title='bbox 2442 1652 2716 1723; x_wconf 85' lang='grc' dir='ltr'>στόματος</span> <span class='ocrx_word' id='word_1_423' title='bbox 2745 1649 2962 1721; x_wconf 88' lang='grc' dir='ltr'>νηπίων</span> <span class='ocrx_word' id='word_1_424' title='bbox 2999 1649 3096 1702; x_wconf 77' lang='grc' dir='ltr'>καὶ</span> <span class='ocrx_word' id='word_1_425' title='bbox 3133 1648 3487 1720; x_wconf 74' lang='grc' dir='ltr'><strong>θηλαζόντων</strong></span> <span class='ocrx_word' id='word_1_426' title='bbox 3518 1664 3653 1705; x_wconf 83' lang='grc' dir='ltr'>κατ-</span> 
     </span>
    </p>
   </div>
   <div class='ocr_carea' id='block_1_59' title="bbox 2065 1740 3656 1821">
    <p class='ocr_par' dir='ltr' id='par_1_59' title="bbox 2065 1740 3656 1821">
     <span class='ocr_line' id='line_1_59' title="bbox 2065 1740 3656 1821; baseline -0.006 -19"><span class='ocrx_word' id='word_1_427' title='bbox 2065 1749 2275 1821; x_wconf 87' lang='grc' dir='ltr'>ηρτίσω</span> <span class='ocrx_word' id='word_1_428' title='bbox 2307 1742 2494 1800; x_wconf 70' lang='grc' dir='ltr'>αἷνονσ</span> <span class='ocrx_word' id='word_1_429' title='bbox 2519 1785 2535 1811; x_wconf 95' lang='grc'><strong>,</strong></span> <span class='ocrx_word' id='word_1_430' title='bbox 2580 1743 2746 1796; x_wconf 73' lang='grc' dir='ltr'>ἕνεκα</span> <span class='ocrx_word' id='word_1_431' title='bbox 2778 1742 2891 1795; x_wconf 87' lang='grc' dir='ltr'><strong>τῶν</strong></span> <span class='ocrx_word' id='word_1_432' title='bbox 2931 1740 3149 1811; x_wconf 75' lang='grc' dir='ltr'>ἐχθρῶν</span> <span class='ocrx_word' id='word_1_433' title='bbox 3177 1758 3272 1794; x_wconf 92' lang='grc' dir='ltr'><strong>σου</strong></span> <span class='ocrx_word' id='word_1_434' title='bbox 3299 1757 3313 1774; x_wconf 88' lang='grc'><strong>·</strong></span> <span class='ocrx_word' id='word_1_435' title='bbox 3343 1741 3442 1794; x_wconf 81' lang='grc' dir='ltr'>τοῦ</span> <span class='ocrx_word' id='word_1_436' title='bbox 3478 1756 3656 1794; x_wconf 88' lang='grc' dir='ltr'>κατα-</span> 
     </span>
    </p>
   </div>
   <div class='ocr_carea' id='block_1_60' title="bbox 2066 1831 3658 1908">
    <p class='ocr_par' dir='ltr' id='par_1_60' title="bbox 2066 1831 3658 1908">
     <span class='ocr_line' id='line_1_60' title="bbox 2066 1831 3658 1908; baseline -0.004 -16"><span class='ocrx_word' id='word_1_437' title='bbox 2066 1838 2227 1893; x_wconf 81' lang='grc' dir='ltr'>λῦσαι</span> <span class='ocrx_word' id='word_1_438' title='bbox 2275 1836 2471 1908; x_wconf 79' lang='grc' dir='ltr'>ἐχθρὸν</span> <span class='ocrx_word' id='word_1_439' title='bbox 2523 1837 2620 1890; x_wconf 76' lang='grc' dir='ltr'><strong>καὶ</strong></span> <span class='ocrx_word' id='word_1_440' title='bbox 2667 1833 2986 1904; x_wconf 75' lang='grc' dir='ltr'>ἐκδικητὴν.</span> <span class='ocrx_word' id='word_1_441' title='bbox 3035 1850 3054 1883; x_wconf 74' lang='grc' dir='ltr'><strong>ι</strong></span> <span class='ocrx_word' id='word_1_442' title='bbox 3103 1831 3279 1885; x_wconf 82' lang='grc' dir='ltr'>Τοῦτο</span> <span class='ocrx_word' id='word_1_443' title='bbox 3314 1832 3374 1885; x_wconf 76' lang='grc' dir='ltr'>δέ</span> <span class='ocrx_word' id='word_1_444' title='bbox 3417 1848 3514 1885; x_wconf 89' lang='grc' dir='ltr'><strong>σου</strong></span> <span class='ocrx_word' id='word_1_445' title='bbox 3550 1832 3658 1903; x_wconf 83' lang='grc' dir='ltr'>μά-</span> 
     </span>
    </p>
   </div>
   <div class='ocr_carea' id='block_1_61' title="bbox 2068 1925 3660 2001">
    <p class='ocr_par' dir='ltr' id='par_1_61' title="bbox 2068 1925 3660 2001">
     <span class='ocr_line' id='line_1_61' title="bbox 2068 1925 3660 2001; baseline -0.004 -16"><span class='ocrx_word' id='word_1_446' title='bbox 2068 1931 2225 1985; x_wconf 87' lang='grc' dir='ltr'>λιστα</span> <span class='ocrx_word' id='word_1_447' title='bbox 2280 1929 2378 2001; x_wconf 81' lang='grc' dir='ltr'>τὴν</span> <span class='ocrx_word' id='word_1_448' title='bbox 2439 1926 2675 1998; x_wconf 88' lang='grc' dir='ltr'>δύναμιν</span> <span class='ocrx_word' id='word_1_449' title='bbox 2732 1926 2974 1993; x_wconf 78' lang='grc' dir='ltr'>ἔδειξεν,</span> <span class='ocrx_word' id='word_1_450' title='bbox 3027 1925 3110 1979; x_wconf 84' lang='grc' dir='ltr'>ὅτι</span> <span class='ocrx_word' id='word_1_451' title='bbox 3164 1925 3234 1980; x_wconf 86' lang='grc' dir='ltr'>δι’</span> <span class='ocrx_word' id='word_1_452' title='bbox 3300 1925 3512 1997; x_wconf 88' lang='grc' dir='ltr'>ἀνδρῶν</span> <span class='ocrx_word' id='word_1_453' title='bbox 3556 1925 3660 1996; x_wconf 71' lang='grc' dir='ltr'><strong>τὴν</strong></span> 
     </span>
    </p>
   </div>
   <div class='ocr_carea' id='block_1_62' title="bbox 2068 2016 3660 2093">
    <p class='ocr_par' dir='ltr' id='par_1_62' title="bbox 2068 2016 3660 2093">
     <span class='ocr_line' id='line_1_62' title="bbox 2068 2016 3660 2093; baseline -0.003 -18"><span class='ocrx_word' id='word_1_454' title='bbox 2068 2020 2420 2093; x_wconf 79' lang='grc' dir='ltr'>ἀνθρωπίνην</span> <span class='ocrx_word' id='word_1_455' title='bbox 2445 2019 2507 2073; x_wconf 92' lang='grc' dir='ltr'><strong>οὐ</strong></span> <span class='ocrx_word' id='word_1_456' title='bbox 2538 2016 2944 2090; x_wconf 82' lang='grc' dir='ltr'>μεμαθηκότων</span> <span class='ocrx_word' id='word_1_457' title='bbox 2972 2016 3203 2087; x_wconf 81' lang='grc' dir='ltr'>σοφίαν,</span> <span class='ocrx_word' id='word_1_458' title='bbox 3235 2016 3564 2088; x_wconf 88' lang='grc' dir='ltr'>ὑπομαζίων</span> <span class='ocrx_word' id='word_1_459' title='bbox 3599 2016 3660 2070; x_wconf 76' lang='grc' dir='ltr'><strong>δὲ</strong></span> 
     </span>
    </p>
   </div>
   <div class='ocr_carea' id='block_1_63' title="bbox 2069 2108 3661 2184">
    <p class='ocr_par' dir='ltr' id='par_1_63' title="bbox 2069 2108 3661 2184">
     <span class='ocr_line' id='line_1_63' title="bbox 2069 2108 3661 2184; baseline -0.004 -16"><span class='ocrx_word' id='word_1_460' title='bbox 2069 2113 2303 2169; x_wconf 89' lang='grc' dir='ltr'>παιδίων</span> <span class='ocrx_word' id='word_1_461' title='bbox 2341 2113 2441 2184; x_wconf 76' lang='grc' dir='ltr'>τὴν</span> <span class='ocrx_word' id='word_1_462' title='bbox 2469 2111 2754 2183; x_wconf 80' lang='grc' dir='ltr'>ἁπλότητα</span> <span class='ocrx_word' id='word_1_463' title='bbox 2792 2109 3182 2181; x_wconf 69' lang='grc' dir='ltr'><strong>μιμουμένων,</strong></span> <span class='ocrx_word' id='word_1_464' title='bbox 3232 2108 3325 2163; x_wconf 79' lang='grc' dir='ltr'>τὸν</span> <span class='ocrx_word' id='word_1_465' title='bbox 3358 2109 3661 2180; x_wconf 83' lang='grc' dir='ltr'>παμπόνη-</span> 
     </span>
    </p>
   </div>
   <div class='ocr_carea' id='block_1_64' title="bbox 2070 2200 3660 2278">
    <p class='ocr_par' dir='ltr' id='par_1_64' title="bbox 2070 2200 3660 2278">
     <span class='ocr_line' id='line_1_64' title="bbox 2070 2200 3660 2278; baseline -0.004 -18"><span class='ocrx_word' id='word_1_466' title='bbox 2070 2224 2163 2278; x_wconf 91' lang='grc' dir='ltr'><strong>ρον</strong></span> <span class='ocrx_word' id='word_1_467' title='bbox 2206 2206 2416 2259; x_wconf 82' lang='grc' dir='ltr'>ἐκεῖνον</span> <span class='ocrx_word' id='word_1_468' title='bbox 2431 2205 2472 2237; x_wconf 73' lang='grc'><strong>⁸⁸</strong></span> <span class='ocrx_word' id='word_1_469' title='bbox 2505 2202 2817 2267; x_wconf 80' lang='grc' dir='ltr'>κατέλυσας</span> <span class='ocrx_word' id='word_1_470' title='bbox 2860 2203 3162 2275; x_wconf 88' lang='grc' dir='ltr'>τύραννον·</span> <span class='ocrx_word' id='word_1_471' title='bbox 3201 2200 3262 2265; x_wconf 78' lang='grc' dir='ltr'>ὃς</span> <span class='ocrx_word' id='word_1_472' title='bbox 3294 2218 3377 2255; x_wconf 89' lang='grc' dir='ltr'><strong>σοι</strong></span> <span class='ocrx_word' id='word_1_473' title='bbox 3416 2200 3495 2271; x_wconf 85' lang='grc' dir='ltr'>τῷ</span> <span class='ocrx_word' id='word_1_474' title='bbox 3537 2200 3660 2272; x_wconf 82' lang='grc' dir='ltr'><strong>Θεῷ</strong></span> 
     </span>
    </p>
   </div>
   <div class='ocr_carea' id='block_1_65' title="bbox 2066 2292 3660 2370">
    <p class='ocr_par' dir='ltr' id='par_1_65' title="bbox 2066 2292 3660 2370">
     <span class='ocr_line' id='line_1_65' title="bbox 2066 2292 3660 2370; baseline -0.004 -18"><span class='ocrx_word' id='word_1_475' title='bbox 2066 2295 2443 2370; x_wconf 81' lang='grc' dir='ltr'>δυσμεναίνων</span> <span class='ocrx_word' id='word_1_476' title='bbox 2489 2296 2611 2359; x_wconf 78' lang='grc' dir='ltr'>ἀεὶ,</span> <span class='ocrx_word' id='word_1_477' title='bbox 2663 2293 2761 2349; x_wconf 63' lang='grc' dir='ltr'><strong>καλ</strong></span> <span class='ocrx_word' id='word_1_478' title='bbox 2813 2293 2904 2348; x_wconf 79' lang='grc' dir='ltr'>διὰ</span> <span class='ocrx_word' id='word_1_479' title='bbox 2941 2293 3035 2348; x_wconf 80' lang='grc' dir='ltr'><strong>τδν</strong></span> <span class='ocrx_word' id='word_1_480' title='bbox 3078 2293 3220 2347; x_wconf 87' lang='grc' dir='ltr'><strong>κατά</strong></span> <span class='ocrx_word' id='word_1_481' title='bbox 3272 2292 3368 2346; x_wconf 83' lang='grc' dir='ltr'><strong>σοῦ</strong></span> <span class='ocrx_word' id='word_1_482' title='bbox 3419 2292 3660 2363; x_wconf 84' lang='grc' dir='ltr'>πόλεμον</span> 
     </span>
    </p>
   </div>
   <div class='ocr_carea' id='block_1_66' title="bbox 2067 2378 3659 2458">
    <p class='ocr_par' dir='ltr' id='par_1_66' title="bbox 2067 2378 3659 2458">
     <span class='ocr_line' id='line_1_66' title="bbox 2067 2378 3659 2458; baseline -0.004 -15"><span class='ocrx_word' id='word_1_483' title='bbox 2067 2390 2195 2453; x_wconf 82' lang='grc' dir='ltr'>τοὺς</span> <span class='ocrx_word' id='word_1_484' title='bbox 2239 2387 2565 2458; x_wconf 84' lang='grc' dir='ltr'>ἀνθρώπους</span> <span class='ocrx_word' id='word_1_485' title='bbox 2605 2384 2933 2451; x_wconf 75' lang='grc' dir='ltr'>ἐξαπατῶν,</span> <span class='ocrx_word' id='word_1_486' title='bbox 2964 2384 3130 2439; x_wconf 86' lang='grc' dir='ltr'>πάλιν</span> <span class='ocrx_word' id='word_1_487' title='bbox 3169 2378 3262 2438; x_wconf 78' lang='grc' dir='ltr'>οἶά</span> <span class='ocrx_word' id='word_1_488' title='bbox 3297 2400 3386 2448; x_wconf 85' lang='grc' dir='ltr'><strong>τις</strong></span> <span class='ocrx_word' id='word_1_489' title='bbox 3412 2382 3659 2455; x_wconf 78' lang='grc' dir='ltr'>τιμωρὸς</span> 
     </span>
    </p>
   </div>
   <div class='ocr_carea' id='block_1_67' title="bbox 2067 2472 3659 2548">
    <p class='ocr_par' dir='ltr' id='par_1_67' title="bbox 2067 2472 3659 2548">
     <span class='ocr_line' id='line_1_67' title="bbox 2067 2472 3659 2548; baseline -0.004 -13"><span class='ocrx_word' id='word_1_490' title='bbox 2067 2480 2227 2544; x_wconf 80' lang='grc' dir='ltr'>δίκας</span> <span class='ocrx_word' id='word_1_491' title='bbox 2256 2478 2485 2542; x_wconf 79' lang='grc' dir='ltr'>αὐτοὺςτ</span> <span class='ocrx_word' id='word_1_492' title='bbox 2532 2476 2928 2548; x_wconf 77' lang='grc' dir='ltr'>εἰσπράττεται</span> <span class='ocrx_word' id='word_1_493' title='bbox 2958 2476 3057 2547; x_wconf 83' lang='grc' dir='ltr'>τῆς</span> <span class='ocrx_word' id='word_1_494' title='bbox 3088 2476 3329 2547; x_wconf 79' lang='grc' dir='ltr'>ἀπάτης.</span> <span class='ocrx_word' id='word_1_495' title='bbox 3367 2474 3526 2529; x_wconf 72' lang='grc' dir='ltr'>Οὕτω</span> <span class='ocrx_word' id='word_1_496' title='bbox 3562 2472 3659 2529; x_wconf 79' lang='grc' dir='ltr'>τὸν</span> 
     </span>
    </p>
   </div>
   <div class='ocr_carea' id='block_1_68' title="bbox 2081 2565 3658 2641">
    <p class='ocr_par' dir='ltr' id='par_1_68' title="bbox 2081 2565 3658 2641">
     <span class='ocr_line' id='line_1_68' title="bbox 2081 2565 3658 2641; baseline -0.004 -18"><span class='ocrx_word' id='word_1_497' title='bbox 2081 2570 2369 2641; x_wconf 84' lang='grc' dir='ltr'>Ἀχιτόφελ</span> <span class='ocrx_word' id='word_1_498' title='bbox 2403 2569 2587 2621; x_wconf 71' lang='grc' dir='ltr'>ἐκεῖνα</span> <span class='ocrx_word' id='word_1_499' title='bbox 2615 2568 2829 2620; x_wconf 72' lang='grc' dir='ltr'>εἰπεῖν’</span> <span class='ocrx_word' id='word_1_500' title='bbox 2860 2567 3315 2640; x_wconf 85' lang='grc' dir='ltr'>παρασκευάσας,</span> <span class='ocrx_word' id='word_1_501' title='bbox 3338 2565 3658 2636; x_wconf 65' lang='grc' dir='ltr'>αὐτοχειρίᾳ</span> 
     </span>
    </p>
   </div>
   <div class='ocr_carea' id='block_1_69' title="bbox 2071 2656 3651 2733">
    <p class='ocr_par' dir='ltr' id='par_1_69' title="bbox 2071 2656 3651 2733">
     <span class='ocr_line' id='line_1_69' title="bbox 2071 2656 3651 2733; baseline -0.004 -17"><span class='ocrx_word' id='word_1_502' title='bbox 2071 2662 2293 2733; x_wconf 86' lang='grc' dir='ltr'>θανάτῳ</span> <span class='ocrx_word' id='word_1_503' title='bbox 2344 2661 2745 2733; x_wconf 78' lang='grc' dir='ltr'>παρέπεμψεν·</span> <span class='ocrx_word' id='word_1_504' title='bbox 2785 2661 2933 2715; x_wconf 83' lang='grc' dir='ltr'>οὑτω</span> <span class='ocrx_word' id='word_1_505' title='bbox 2968 2660 3060 2714; x_wconf 79' lang='grc' dir='ltr'>τὸν</span> <span class='ocrx_word' id='word_1_506' title='bbox 3108 2659 3314 2713; x_wconf 78' lang='grc' dir='ltr'>Ἰούδαν</span> <span class='ocrx_word' id='word_1_507' title='bbox 3344 2659 3428 2721; x_wconf 89' lang='grc' dir='ltr'><strong>είς</strong></span> <span class='ocrx_word' id='word_1_508' title='bbox 3458 2656 3651 2727; x_wconf 76' lang='grc' dir='ltr'>προδοο</span> 
     </span>
    </p>
   </div>
   <div class='ocr_carea' id='block_1_70' title="bbox 2072 2748 3661 2823">
    <p class='ocr_par' dir='ltr' id='par_1_70' title="bbox 2072 2748 3661 2823">
     <span class='ocr_line' id='line_1_70' title="bbox 2072 2748 3661 2823; baseline -0.004 -15"><span class='ocrx_word' id='word_1_509' title='bbox 2072 2753 2195 2808; x_wconf 89' lang='grc' dir='ltr'>σίαν</span> <span class='ocrx_word' id='word_1_510' title='bbox 2224 2752 2481 2817; x_wconf 85' lang='grc' dir='ltr'>ὁπλίσας,</span> <span class='ocrx_word' id='word_1_511' title='bbox 2510 2751 2705 2823; x_wconf 83' lang='grc' dir='ltr'>μισθὸν</span> <span class='ocrx_word' id='word_1_512' title='bbox 2735 2751 2835 2822; x_wconf 76' lang='grc' dir='ltr'>τῆς</span> <span class='ocrx_word' id='word_1_513' title='bbox 2863 2750 3114 2821; x_wconf 81' lang='grc' dir='ltr'>ὑπακοῆς</span> <span class='ocrx_word' id='word_1_514' title='bbox 3134 2749 3232 2821; x_wconf 79' lang='grc' dir='ltr'>τὴν</span> <span class='ocrx_word' id='word_1_515' title='bbox 3262 2748 3502 2820; x_wconf 79' lang='grc' dir='ltr'>ἀγχόνην</span> <span class='ocrx_word' id='word_1_516' title='bbox 3532 2748 3661 2801; x_wconf 78' lang='grc' dir='ltr'>ἀντ-</span> 
     </span>
    </p>
   </div>
   <div class='ocr_carea' id='block_1_71' title="bbox 2071 2837 3658 2914">
    <p class='ocr_par' dir='ltr' id='par_1_71' title="bbox 2071 2837 3658 2914">
     <span class='ocr_line' id='line_1_71' title="bbox 2071 2837 3658 2914; baseline -0.004 -16"><span class='ocrx_word' id='word_1_517' title='bbox 2071 2846 2243 2900; x_wconf 79' lang='grc' dir='ltr'>έδωκε</span> <span class='ocrx_word' id='word_1_518' title='bbox 2264 2858 2280 2874; x_wconf 75' lang='grc' dir='ltr'><strong>ο</strong></span> <span class='ocrx_word' id='word_1_519' title='bbox 2318 2845 2416 2897; x_wconf 74' lang='grc' dir='ltr'>καὶ</span> <span class='ocrx_word' id='word_1_520' title='bbox 2454 2842 2594 2896; x_wconf 87' lang='grc' dir='ltr'><strong>κατά</strong></span> <span class='ocrx_word' id='word_1_521' title='bbox 2632 2844 2735 2914; x_wconf 75' lang='grc' dir='ltr'><strong>τὴν</strong></span> <span class='ocrx_word' id='word_1_522' title='bbox 2788 2841 3032 2910; x_wconf 75' lang='grc' dir='ltr'>ἱστορίαν</span> <span class='ocrx_word' id='word_1_523' title='bbox 3061 2841 3120 2895; x_wconf 79' lang='grc' dir='ltr'>δέ</span> <span class='ocrx_word' id='word_1_524' title='bbox 3163 2856 3228 2911; x_wconf 82' lang='grc' dir='ltr'><strong>γε</strong></span> <span class='ocrx_word' id='word_1_525' title='bbox 3252 2839 3480 2894; x_wconf 77' lang='grc' dir='ltr'>δυνατὸν</span> <span class='ocrx_word' id='word_1_526' title='bbox 3511 2837 3658 2909; x_wconf 83' lang='grc' dir='ltr'>γνῶ-</span> 
     </span>
    </p>
   </div>
   <div class='ocr_carea' id='block_1_72' title="bbox 2072 2932 3661 3005">
    <p class='ocr_par' dir='ltr' id='par_1_72' title="bbox 2072 2932 3661 3005">
     <span class='ocr_line' id='line_1_72' title="bbox 2072 2932 3661 3005; baseline -0.003 -17"><span class='ocrx_word' id='word_1_527' title='bbox 2072 2952 2161 2988; x_wconf 87' lang='grc' dir='ltr'><strong>ναι</strong></span> <span class='ocrx_word' id='word_1_528' title='bbox 2209 2934 2310 3004; x_wconf 81' lang='grc' dir='ltr'><strong>τὴν</strong></span> <span class='ocrx_word' id='word_1_529' title='bbox 2361 2934 2459 3004; x_wconf 79' lang='grc' dir='ltr'>τῆς</span> <span class='ocrx_word' id='word_1_530' title='bbox 2513 2933 2861 3005; x_wconf 81' lang='grc' dir='ltr'>προφητείας</span> <span class='ocrx_word' id='word_1_531' title='bbox 2906 2932 3190 3004; x_wconf 81' lang='grc' dir='ltr'>ἀλήθειαν.</span> <span class='ocrx_word' id='word_1_532' title='bbox 3250 2932 3340 2986; x_wconf 80' lang='grc' dir='ltr'>Ἐν</span> <span class='ocrx_word' id='word_1_533' title='bbox 3385 2933 3495 3002; x_wconf 85' lang='grc' dir='ltr'>γὰρ</span> <span class='ocrx_word' id='word_1_534' title='bbox 3544 2934 3661 2996; x_wconf 77' lang='grc' dir='ltr'>τοῖς</span> 
     </span>
    </p>
   </div>
   <div class='ocr_carea' id='block_1_73' title="bbox 2076 3024 3658 3097">
    <p class='ocr_par' dir='ltr' id='par_1_73' title="bbox 2076 3024 3658 3097">
     <span class='ocr_line' id='line_1_73' title="bbox 2076 3024 3658 3097; baseline -0.003 -17"><span class='ocrx_word' id='word_1_535' title='bbox 2076 3028 2243 3097; x_wconf 77' lang='grc' dir='ltr'>ἱεροῖς</span> <span class='ocrx_word' id='word_1_536' title='bbox 2294 3025 2678 3095; x_wconf 85' lang='grc' dir='ltr'>Εὐαγγελίοις,</span> <span class='ocrx_word' id='word_1_537' title='bbox 2723 3028 2752 3079; x_wconf 87' lang='grc' dir='ltr'><strong>ό</strong></span> <span class='ocrx_word' id='word_1_538' title='bbox 2795 3025 3115 3094; x_wconf 81' lang='grc' dir='ltr'>Δεσπότης⁹</span> <span class='ocrx_word' id='word_1_539' title='bbox 3163 3024 3401 3094; x_wconf 78' lang='grc' dir='ltr'>Χριστὸς</span> <span class='ocrx_word' id='word_1_540' title='bbox 3462 3024 3658 3094; x_wconf 82' lang='grc' dir='ltr'>δυσχε-</span> 
     </span>
    </p>
   </div>
   <div class='ocr_carea' id='block_1_74' title="bbox 2076 3113 3658 3189">
    <p class='ocr_par' dir='ltr' id='par_1_74' title="bbox 2076 3113 3658 3189">
     <span class='ocr_line' id='line_1_74' title="bbox 2076 3113 3658 3189; baseline -0.001 -19"><span class='ocrx_word' id='word_1_541' title='bbox 2076 3118 2355 3188; x_wconf 83' lang='grc' dir='ltr'>ραίνουσιν</span> <span class='ocrx_word' id='word_1_542' title='bbox 2406 3117 2684 3181; x_wconf 81' lang='grc' dir='ltr'>Ἰουδαίοις</span> <span class='ocrx_word' id='word_1_543' title='bbox 2704 3157 2720 3183; x_wconf 95' lang='grc'><strong>,</strong></span> <span class='ocrx_word' id='word_1_544' title='bbox 2755 3117 2921 3189; x_wconf 79' lang='grc' dir='ltr'>ἡνίκα</span> <span class='ocrx_word' id='word_1_545' title='bbox 2946 3116 3017 3171; x_wconf 82' lang='grc' dir='ltr'>τὰ</span> <span class='ocrx_word' id='word_1_546' title='bbox 3047 3116 3239 3170; x_wconf 90' lang='grc' dir='ltr'>παιδία</span> <span class='ocrx_word' id='word_1_547' title='bbox 3261 3116 3303 3148; x_wconf 86' lang='grc'><strong>¹⁰</strong></span> <span class='ocrx_word' id='word_1_548' title='bbox 3352 3115 3493 3187; x_wconf 84' lang='grc' dir='ltr'><strong>μετά</strong></span> <span class='ocrx_word' id='word_1_549' title='bbox 3522 3113 3658 3168; x_wconf 86' lang='grc' dir='ltr'>κλά-</span> 
     </span>
    </p>
   </div>
   <div class='ocr_carea' id='block_1_75' title="bbox 2072 3209 3657 3282">
    <p class='ocr_par' dir='ltr' id='par_1_75' title="bbox 2072 3209 3657 3282">
     <span class='ocr_line' id='line_1_75' title="bbox 2072 3209 3657 3282; baseline -0.003 -15"><span class='ocrx_word' id='word_1_550' title='bbox 2072 3212 2178 3267; x_wconf 89' lang='grc' dir='ltr'><strong>δων</strong></span> <span class='ocrx_word' id='word_1_551' title='bbox 2211 3211 2518 3282; x_wconf 82' lang='grc' dir='ltr'>ἡγούμενα,</span> <span class='ocrx_word' id='word_1_552' title='bbox 2546 3231 2564 3263; x_wconf 82' lang='grc' dir='ltr'><strong>ι</strong></span> <span class='ocrx_word' id='word_1_553' title='bbox 2613 3211 2844 3265; x_wconf 80' lang='grc' dir='ltr'>Ὡσαννά</span> <span class='ocrx_word' id='word_1_554' title='bbox 2873 3212 2934 3265; x_wconf 82' lang='grc' dir='ltr'>ὲν</span> <span class='ocrx_word' id='word_1_555' title='bbox 2958 3213 3072 3275; x_wconf 77' lang='grc' dir='ltr'>τοῖς</span> <span class='ocrx_word' id='word_1_556' title='bbox 3095 3211 3363 3280; x_wconf 75' lang='grc' dir='ltr'>ὑψίστοις,</span> <span class='ocrx_word' id='word_1_557' title='bbox 3396 3230 3415 3262; x_wconf 75' lang='grc' dir='ltr'><strong>ι</strong></span> <span class='ocrx_word' id='word_1_558' title='bbox 3448 3209 3657 3277; x_wconf 77' lang='grc' dir='ltr'>ελεγον,</span> 
     </span>
    </p>
   </div>
   <div class='ocr_carea' id='block_1_76' title="bbox 2079 3300 3652 3375">
    <p class='ocr_par' dir='ltr' id='par_1_76' title="bbox 2079 3300 3652 3375">
     <span class='ocr_line' id='line_1_76' title="bbox 2079 3300 3652 3375; baseline 0.001 -23"><span class='ocrx_word' id='word_1_559' title='bbox 2079 3319 2098 3352; x_wconf 80' lang='grc' dir='ltr'><strong>ι</strong></span> <span class='ocrx_word' id='word_1_560' title='bbox 2153 3300 2523 3373; x_wconf 74' lang='grc' dir='ltr'>εὐλογημένος</span> <span class='ocrx_word' id='word_1_561' title='bbox 2553 3304 2582 3355; x_wconf 85' lang='grc' dir='ltr'><strong>ό</strong></span> <span class='ocrx_word' id='word_1_562' title='bbox 2632 3303 2931 3374; x_wconf 74' lang='grc' dir='ltr'>ἐρχόμενος</span> <span class='ocrx_word' id='word_1_563' title='bbox 2971 3304 3032 3357; x_wconf 78' lang='grc' dir='ltr'>ὲν</span> <span class='ocrx_word' id='word_1_564' title='bbox 3070 3302 3297 3375; x_wconf 85' lang='grc' dir='ltr'>ὀνόματι</span> <span class='ocrx_word' id='word_1_565' title='bbox 3344 3302 3590 3374; x_wconf 86' lang='grc' dir='ltr'>Κυρίου,</span> <span class='ocrx_word' id='word_1_566' title='bbox 3634 3321 3652 3354; x_wconf 81' lang='grc' dir='ltr'><strong>ι</strong></span> 
     </span>
    </p>
   </div>
   <div class='ocr_carea' id='block_1_77' title="bbox 2072 3393 3661 3466">
    <p class='ocr_par' dir='ltr' id='par_1_77' title="bbox 2072 3393 3661 3466">
     <span class='ocr_line' id='line_1_77' title="bbox 2072 3393 3661 3466; baseline -0.002 -18"><span class='ocrx_word' id='word_1_567' title='bbox 2072 3393 2443 3465; x_wconf 78' lang='grc' dir='ltr'>ἀπεκρίνατοο</span> <span class='ocrx_word' id='word_1_568' title='bbox 2470 3412 2489 3445; x_wconf 81' lang='grc' dir='ltr'><strong>ι</strong></span> <span class='ocrx_word' id='word_1_569' title='bbox 2526 3395 2643 3449; x_wconf 87' lang='grc' dir='ltr'>Οὐκ</span> <span class='ocrx_word' id='word_1_570' title='bbox 2678 3395 2953 3464; x_wconf 79' lang='grc' dir='ltr'>ἀνέγνωτε</span> <span class='ocrx_word' id='word_1_571' title='bbox 2976 3397 3104 3448; x_wconf 74' lang='grc' dir='ltr'><strong>’Ἕκ</strong></span> <span class='ocrx_word' id='word_1_572' title='bbox 3144 3394 3416 3466; x_wconf 87' lang='grc' dir='ltr'>στόματος</span> <span class='ocrx_word' id='word_1_573' title='bbox 3446 3393 3661 3465; x_wconf 86' lang='grc' dir='ltr'>νηπίων</span> 
     </span>
    </p>
   </div>
   <div class='ocr_carea' id='block_1_78' title="bbox 2074 3479 3659 3556">
    <p class='ocr_par' dir='ltr' id='par_1_78' title="bbox 2074 3479 3659 3556">
     <span class='ocr_line' id='line_1_78' title="bbox 2074 3479 3659 3556; baseline 0 -20"><span class='ocrx_word' id='word_1_574' title='bbox 2074 3483 2171 3537; x_wconf 73' lang='grc' dir='ltr'><strong>καὶ</strong></span> <span class='ocrx_word' id='word_1_575' title='bbox 2200 3482 2549 3554; x_wconf 80' lang='grc' dir='ltr'>θηλαζόντων</span> <span class='ocrx_word' id='word_1_576' title='bbox 2597 3483 2918 3556; x_wconf 81' lang='grc' dir='ltr'>κατηρτίσω</span> <span class='ocrx_word' id='word_1_577' title='bbox 2949 3479 3141 3551; x_wconf 86' lang='grc' dir='ltr'>αῐνον;</span> <span class='ocrx_word' id='word_1_578' title='bbox 3198 3504 3217 3538; x_wconf 76' lang='grc' dir='ltr'><strong>ι</strong></span> <span class='ocrx_word' id='word_1_579' title='bbox 3262 3486 3512 3540; x_wconf 82' lang='grc' dir='ltr'>Κάκεῖνα</span> <span class='ocrx_word' id='word_1_580' title='bbox 3547 3483 3659 3538; x_wconf 85' lang='grc' dir='ltr'>τοί-</span> 
     </span>
    </p>
   </div>
   <div class='ocr_carea' id='block_1_79' title="bbox 2074 3574 3660 3647">
    <p class='ocr_par' dir='ltr' id='par_1_79' title="bbox 2074 3574 3660 3647">
     <span class='ocr_line' id='line_1_79' title="bbox 2074 3574 3660 3647; baseline 0.001 -20"><span class='ocrx_word' id='word_1_581' title='bbox 2074 3592 2168 3628; x_wconf 90' lang='grc' dir='ltr'><strong>νυν</strong></span> <span class='ocrx_word' id='word_1_582' title='bbox 2197 3574 2268 3628; x_wconf 80' lang='grc' dir='ltr'><strong>τά</strong></span> <span class='ocrx_word' id='word_1_583' title='bbox 2302 3576 2493 3630; x_wconf 84' lang='grc' dir='ltr'>παιδία</span> <span class='ocrx_word' id='word_1_584' title='bbox 2541 3576 2633 3630; x_wconf 83' lang='grc' dir='ltr'><strong>τὸν</strong></span> <span class='ocrx_word' id='word_1_585' title='bbox 2662 3575 2959 3647; x_wconf 81' lang='grc' dir='ltr'>ἀγνώμονα</span> <span class='ocrx_word' id='word_1_586' title='bbox 3006 3577 3117 3631; x_wconf 86' lang='grc' dir='ltr'><strong>τῶν</strong></span> <span class='ocrx_word' id='word_1_587' title='bbox 3171 3576 3447 3632; x_wconf 79' lang='grc' dir='ltr'>Ἰουδαίων</span> <span class='ocrx_word' id='word_1_588' title='bbox 3490 3592 3660 3630; x_wconf 84' lang='grc' dir='ltr'>κατα-</span> 
     </span>
    </p>
   </div>
   <div class='ocr_carea' id='block_1_80' title="bbox 2075 3664 3661 3743">
    <p class='ocr_par' dir='ltr' id='par_1_80' title="bbox 2075 3664 3661 3743">
     <span class='ocr_line' id='line_1_80' title="bbox 2075 3664 3661 3743; baseline 0.003 -25"><span class='ocrx_word' id='word_1_589' title='bbox 2075 3664 2253 3736; x_wconf 82' lang='grc' dir='ltr'>κρίνει</span> <span class='ocrx_word' id='word_1_590' title='bbox 2287 3664 2451 3733; x_wconf 80' lang='grc' dir='ltr'>λαὸν,</span> <span class='ocrx_word' id='word_1_591' title='bbox 2477 3666 2568 3720; x_wconf 84' lang='grc' dir='ltr'><strong>τὸν</strong></span> <span class='ocrx_word' id='word_1_592' title='bbox 2595 3668 2800 3738; x_wconf 81' lang='grc' dir='ltr'>ὁμοίως</span> <span class='ocrx_word' id='word_1_593' title='bbox 2827 3667 2906 3740; x_wconf 80' lang='grc' dir='ltr'><strong>τῷ</strong></span> <span class='ocrx_word' id='word_1_594' title='bbox 2945 3668 3182 3741; x_wconf 77' lang='grc' dir='ltr'>διαϐόλῳ</span> <span class='ocrx_word' id='word_1_595' title='bbox 3211 3675 3307 3724; x_wconf 75' lang='grc' dir='ltr'>καὶ</span> <span class='ocrx_word' id='word_1_596' title='bbox 3339 3669 3538 3743; x_wconf 76' lang='grc' dir='ltr'>ἐχθρὸν</span> <span class='ocrx_word' id='word_1_597' title='bbox 3567 3670 3661 3723; x_wconf 77' lang='grc' dir='ltr'>καὶ</span> 
     </span>
    </p>
   </div>
   <div class='ocr_carea' id='block_1_81' title="bbox 2075 3751 3662 3832">
    <p class='ocr_par' dir='ltr' id='par_1_81' title="bbox 2075 3751 3662 3832">
     <span class='ocr_line' id='line_1_81' title="bbox 2075 3751 3662 3832; baseline 0.004 -23"><span class='ocrx_word' id='word_1_598' title='bbox 2075 3756 2394 3827; x_wconf 75' lang='grc' dir='ltr'>ἐκδικητὴν.</span> <span class='ocrx_word' id='word_1_599' title='bbox 2442 3757 2552 3811; x_wconf 77' lang='grc' dir='ltr'>Καὶ</span> <span class='ocrx_word' id='word_1_600' title='bbox 2599 3758 2711 3829; x_wconf 85' lang='grc' dir='ltr'><strong>γὰρ</strong></span> <span class='ocrx_word' id='word_1_601' title='bbox 2759 3751 2915 3823; x_wconf 76' lang='grc' dir='ltr'>οὗτος</span> <span class='ocrx_word' id='word_1_602' title='bbox 2953 3759 3047 3814; x_wconf 82' lang='grc' dir='ltr'><strong>τὸν</strong></span> <span class='ocrx_word' id='word_1_603' title='bbox 3087 3759 3233 3814; x_wconf 75' lang='grc' dir='ltr'>θεῖον</span> <span class='ocrx_word' id='word_1_604' title='bbox 3269 3760 3434 3831; x_wconf 90' lang='grc' dir='ltr'>νόμον</span> <span class='ocrx_word' id='word_1_605' title='bbox 3484 3776 3662 3832; x_wconf 79' lang='grc' dir='ltr'>παρα·-</span> 
     </span>
    </p>
   </div>
   <div class='ocr_carea' id='block_1_82' title="bbox 2076 3847 3664 3921">
    <p class='ocr_par' dir='ltr' id='par_1_82' title="bbox 2076 3847 3664 3921">
     <span class='ocr_line' id='line_1_82' title="bbox 2076 3847 3664 3921; baseline 0.004 -22"><span class='ocrx_word' id='word_1_606' title='bbox 2076 3848 2280 3903; x_wconf 78' lang='grc' dir='ltr'>δαίνων</span> <span class='ocrx_word' id='word_1_607' title='bbox 2308 3847 2427 3912; x_wconf 77' lang='grc' dir='ltr'>ἀεὶ.</span> <span class='ocrx_word' id='word_1_608' title='bbox 2467 3849 2565 3904; x_wconf 83' lang='grc' dir='ltr'>καὶ</span> <span class='ocrx_word' id='word_1_609' title='bbox 2594 3850 2861 3906; x_wconf 84' lang='grc' dir='ltr'>τάναντία</span> <span class='ocrx_word' id='word_1_610' title='bbox 2887 3853 3002 3915; x_wconf 74' lang='grc' dir='ltr'>τοῖς</span> <span class='ocrx_word' id='word_1_611' title='bbox 3044 3851 3153 3906; x_wconf 84' lang='grc' dir='ltr'><strong>ὑπὸ</strong></span> <span class='ocrx_word' id='word_1_612' title='bbox 3187 3850 3285 3905; x_wconf 83' lang='grc' dir='ltr'>τοῦ</span> <span class='ocrx_word' id='word_1_613' title='bbox 3315 3850 3451 3904; x_wconf 83' lang='grc' dir='ltr'>Θεοῦ</span> <span class='ocrx_word' id='word_1_614' title='bbox 3484 3851 3664 3921; x_wconf 89' lang='grc' dir='ltr'>διηγο-</span> 
     </span>
    </p>
   </div>
   <div class='ocr_carea' id='block_1_83' title="bbox 2079 3940 3659 4016">
    <p class='ocr_par' dir='ltr' id='par_1_83' title="bbox 2079 3940 3659 4016">
     <span class='ocr_line' id='line_1_83' title="bbox 2079 3940 3659 4016; baseline 0.001 -22"><span class='ocrx_word' id='word_1_615' title='bbox 2079 3940 2368 4012; x_wconf 77' lang='grc' dir='ltr'>ρευμένοις</span> <span class='ocrx_word' id='word_1_616' title='bbox 2391 3940 2864 4013; x_wconf 87' lang='grc' dir='ltr'>διαπραττόμενος</span> <span class='ocrx_word' id='word_1_617' title='bbox 2884 3981 2901 4008; x_wconf 92' lang='grc'><strong>,</strong></span> <span class='ocrx_word' id='word_1_618' title='bbox 2934 3943 3099 3998; x_wconf 88' lang='grc' dir='ltr'>πάλιν</span> <span class='ocrx_word' id='word_1_619' title='bbox 3119 3944 3186 4010; x_wconf 75' lang='grc'><strong>⁸⁸,</strong></span> <span class='ocrx_word' id='word_1_620' title='bbox 3222 3945 3299 4008; x_wconf 85' lang='grc' dir='ltr'>ὡς</span> <span class='ocrx_word' id='word_1_621' title='bbox 3331 3944 3474 4016; x_wconf 75' lang='grc' dir='ltr'>ὑπὲρ</span> <span class='ocrx_word' id='word_1_622' title='bbox 3495 3945 3538 3975; x_wconf 86' lang='grc'>¹¹</span> <span class='ocrx_word' id='word_1_623' title='bbox 3566 3942 3659 3998; x_wconf 80' lang='grc' dir='ltr'>τοῦ</span> 
     </span>
    </p>
   </div>
   <div class='ocr_carea' id='block_1_84' title="bbox 2077 4033 3663 4109">
    <p class='ocr_par' dir='ltr' id='par_1_84' title="bbox 2077 4033 3663 4109">
     <span class='ocr_line' id='line_1_84' title="bbox 2077 4033 3663 4109; baseline 0.001 -21"><span class='ocrx_word' id='word_1_624' title='bbox 2077 4033 2370 4103; x_wconf 83' lang='grc' dir='ltr'>νομοθέτου</span> <span class='ocrx_word' id='word_1_625' title='bbox 2412 4033 2580 4104; x_wconf 81' lang='grc' dir='ltr'>δῆθεν</span> <span class='ocrx_word' id='word_1_626' title='bbox 2625 4036 3063 4107; x_wconf 81' lang='grc' dir='ltr'>ἀγωνιζόμενος,</span> <span class='ocrx_word' id='word_1_627' title='bbox 3095 4036 3411 4109; x_wconf 69' lang='grc' dir='ltr'>ἕσταύρωσε</span> <span class='ocrx_word' id='word_1_628' title='bbox 3443 4038 3533 4090; x_wconf 76' lang='grc' dir='ltr'><strong>τὸν</strong></span> <span class='ocrx_word' id='word_1_629' title='bbox 3570 4038 3663 4089; x_wconf 85' lang='grc' dir='ltr'><strong>Δε-</strong></span> 
     </span>
    </p>
   </div>
   <div class='ocr_carea' id='block_1_85' title="bbox 2079 4127 3662 4201">
    <p class='ocr_par' dir='ltr' id='par_1_85' title="bbox 2079 4127 3662 4201">
     <span class='ocr_line' id='line_1_85' title="bbox 2079 4127 3662 4201; baseline 0.001 -20"><span class='ocrx_word' id='word_1_630' title='bbox 2079 4127 2349 4197; x_wconf 84' lang='grc' dir='ltr'>σπότην¹³</span> <span class='ocrx_word' id='word_1_631' title='bbox 2390 4128 2630 4199; x_wconf 81' lang='grc' dir='ltr'>Χριστὸν</span> <span class='ocrx_word' id='word_1_632' title='bbox 2653 4166 2668 4188; x_wconf 83' lang='grc'><strong>,</strong></span> <span class='ocrx_word' id='word_1_633' title='bbox 2718 4128 2970 4183; x_wconf 84' lang='grc' dir='ltr'>ἀντίθεον</span> <span class='ocrx_word' id='word_1_634' title='bbox 3002 4128 3299 4184; x_wconf 85' lang='grc' dir='ltr'>ἀποκαλῶν</span> <span class='ocrx_word' id='word_1_635' title='bbox 3346 4129 3442 4183; x_wconf 72' lang='grc' dir='ltr'><strong>καὶ</strong></span> <span class='ocrx_word' id='word_1_636' title='bbox 3481 4128 3662 4201; x_wconf 80' lang='grc' dir='ltr'>παρά-</span> 
     </span>
    </p>
   </div>
   <div class='ocr_carea' id='block_1_86' title="bbox 2078 4234 2264 4287">
    <p class='ocr_par' dir='ltr' id='par_1_86' title="bbox 2078 4234 2264 4287">
     <span class='ocr_line' id='line_1_86' title="bbox 2078 4234 2264 4287; baseline 0.011 -18"><span class='ocrx_word' id='word_1_637' title='bbox 2078 4234 2137 4269; x_wconf 88' lang='grc' dir='ltr'><strong>νο</strong></span> <span class='ocrx_word' id='word_1_638' title='bbox 2144 4235 2264 4287; x_wconf 84' lang='grc' dir='ltr'>μον.</span> 
     </span>
    </p>
   </div>
   <div class='ocr_carea' id='block_1_87' title="bbox 2146 4309 3663 4387">
    <p class='ocr_par' dir='ltr' id='par_1_87' title="bbox 2146 4309 3663 4387">
     <span class='ocr_line' id='line_1_87' title="bbox 2146 4309 3663 4387; baseline 0.003 -25"><span class='ocrx_word' id='word_1_639' title='bbox 2146 4311 2209 4364; x_wconf 85' lang='grc' dir='ltr'><strong>δ’.</strong></span> <span class='ocrx_word' id='word_1_640' title='bbox 2248 4328 2268 4361; x_wconf 84' lang='grc' dir='ltr'><strong>ι</strong></span> <span class='ocrx_word' id='word_1_641' title='bbox 2301 4310 2425 4363; x_wconf 87' lang='grc' dir='ltr'>’Ὁτι</span> <span class='ocrx_word' id='word_1_642' title='bbox 2463 4309 2669 4380; x_wconf 73' lang='grc' dir='ltr'>ὄψομαι</span> <span class='ocrx_word' id='word_1_643' title='bbox 2713 4312 2841 4376; x_wconf 76' lang='grc' dir='ltr'>τοὺς</span> <span class='ocrx_word' id='word_1_644' title='bbox 2886 4314 3179 4384; x_wconf 76' lang='grc' dir='ltr'>οὐρανοὺς,</span> <span class='ocrx_word' id='word_1_645' title='bbox 3214 4315 3344 4369; x_wconf 59' lang='lat' dir='ltr'><strong>re“</strong></span> <span class='ocrx_word' id='word_1_646' title='bbox 3377 4314 3518 4387; x_wconf 74' lang='grc' dir='ltr'>ἔργα</span> <span class='ocrx_word' id='word_1_647' title='bbox 3554 4313 3663 4369; x_wconf 89' lang='grc' dir='ltr'><strong>τῶν</strong></span> 
     </span>
    </p>
   </div>
   <div class='ocr_carea' id='block_1_88' title="bbox 2077 4398 3664 4475">
    <p class='ocr_par' dir='ltr' id='par_1_88' title="bbox 2077 4398 3664 4475">
     <span class='ocr_line' id='line_1_88' title="bbox 2077 4398 3664 4475; baseline 0.003 -24"><span class='ocrx_word' id='word_1_648' title='bbox 2077 4398 2356 4452; x_wconf 84' lang='grc' dir='ltr'>δακτύλων</span> <span class='ocrx_word' id='word_1_649' title='bbox 2398 4416 2525 4465; x_wconf 86' lang='grc' dir='ltr'>σου,</span> <span class='ocrx_word' id='word_1_650' title='bbox 2579 4400 2813 4473; x_wconf 81' lang='grc' dir='ltr'>σελήνην</span> <span class='ocrx_word' id='word_1_651' title='bbox 2852 4403 2948 4457; x_wconf 81' lang='grc' dir='ltr'>καὶ</span> <span class='ocrx_word' id='word_1_652' title='bbox 2988 4403 3250 4475; x_wconf 84' lang='grc' dir='ltr'>ἀστέρας,</span> <span class='ocrx_word' id='word_1_653' title='bbox 3291 4404 3328 4459; x_wconf 79' lang='grc' dir='ltr'><strong>ἀ</strong></span> <span class='ocrx_word' id='word_1_654' title='bbox 3374 4405 3441 4458; x_wconf 83' lang='grc' dir='ltr'><strong>σύ</strong></span> <span class='ocrx_word' id='word_1_655' title='bbox 3477 4405 3664 4475; x_wconf 73' lang='grc' dir='ltr'>ἐθεμε-</span> 
     </span>
    </p>
   </div>
   <div class='ocr_carea' id='block_1_89' title="bbox 2079 4489 3663 4567">
    <p class='ocr_par' dir='ltr' id='par_1_89' title="bbox 2079 4489 3663 4567">
     <span class='ocr_line' id='line_1_89' title="bbox 2079 4489 3663 4567; baseline 0.004 -25"><span class='ocrx_word' id='word_1_656' title='bbox 2079 4489 2299 4554; x_wconf 84' lang='grc' dir='ltr'>λίωσας.</span> <span class='ocrx_word' id='word_1_657' title='bbox 2345 4510 2364 4543; x_wconf 74' lang='grc' dir='ltr'><strong>ι</strong></span> <span class='ocrx_word' id='word_1_658' title='bbox 2426 4491 2613 4547; x_wconf 83' lang='grc' dir='ltr'>Ἱκανὰ</span> <span class='ocrx_word' id='word_1_659' title='bbox 2641 4492 2753 4565; x_wconf 84' lang='grc' dir='ltr'>γὰρ</span> <span class='ocrx_word' id='word_1_660' title='bbox 2773 4494 2835 4556; x_wconf 86' lang='grc'>¹⁸,</span> <span class='ocrx_word' id='word_1_661' title='bbox 2864 4496 3021 4565; x_wconf 80' lang='grc' dir='ltr'>φησὶ,</span> <span class='ocrx_word' id='word_1_662' title='bbox 3054 4496 3150 4549; x_wconf 78' lang='grc' dir='ltr'><strong>καὶ</strong></span> <span class='ocrx_word' id='word_1_663' title='bbox 3188 4496 3257 4549; x_wconf 81' lang='grc' dir='ltr'>τὰ</span> <span class='ocrx_word' id='word_1_664' title='bbox 3286 4497 3534 4567; x_wconf 77' lang='grc' dir='ltr'>,στοιχεῖα</span> <span class='ocrx_word' id='word_1_665' title='bbox 3562 4495 3663 4565; x_wconf 77' lang='grc' dir='ltr'>τὴν</span> 
     </span>
    </p>
   </div>
   <div class='ocr_carea' id='block_1_90' title="bbox 391 4564 1972 4659">
    <p class='ocr_par' dir='ltr' id='par_1_90' title="bbox 391 4564 1972 4638">
     <span class='ocr_line' id='line_1_90' title="bbox 391 4564 1972 4638; baseline 0.004 -19"><span class='ocrx_word' id='word_1_666' title='bbox 391 4572 452 4619; x_wconf 85' lang='grc' dir='ltr'><strong>ιιι</strong></span> <span class='ocrx_word' id='word_1_667' title='bbox 485 4571 658 4628; x_wconf 88' lang='lat' dir='ltr'><strong>tuam,</strong></span> <span class='ocrx_word' id='word_1_668' title='bbox 685 4580 719 4619; x_wconf 93' lang='lat' dir='ltr'><strong>o</strong></span> <span class='ocrx_word' id='word_1_669' title='bbox 755 4564 1005 4633; x_wconf 89' lang='lat' dir='ltr'><strong>Domine,</strong></span> <span class='ocrx_word' id='word_1_670' title='bbox 1027 4569 1493 4638; x_wconf 81' lang='lat' dir='ltr'><strong>magnificentiam</strong></span> <span class='ocrx_word' id='word_1_671' title='bbox 1546 4569 1873 4633; x_wconf 85' lang='lat' dir='ltr'><strong>ostendant,</strong></span> <span class='ocrx_word' id='word_1_672' title='bbox 1924 4579 1972 4625; x_wconf 91' lang='lat' dir='ltr'><strong>et</strong></span> 
     </span>
    </p>
   </div>
   <div class='ocr_carea' id='block_1_91' title="bbox 2072 4564 3659 4659">
    <p class='ocr_par' dir='ltr' id='par_1_91' title="bbox 2081 4564 3659 4659">
     <span class='ocr_line' id='line_1_91' title="bbox 2081 4564 3659 4659; baseline 0.004 -26"><span class='ocrx_word' id='word_1_673' title='bbox 2081 4579 2202 4650; x_wconf 84' lang='grc' dir='ltr'>σὴν.</span> <span class='ocrx_word' id='word_1_674' title='bbox 2235 4573 2281 4634; x_wconf 81' lang='grc' dir='ltr'><strong>ὦ</strong></span> <span class='ocrx_word' id='word_1_675' title='bbox 2311 4581 2576 4646; x_wconf 85' lang='grc' dir='ltr'>Δέσποτα,</span> <span class='ocrx_word' id='word_1_676' title='bbox 2609 4582 2781 4649; x_wconf 80' lang='grc' dir='ltr'>δεῖξαι</span> <span class='ocrx_word' id='word_1_677' title='bbox 2811 4564 3246 4658; x_wconf 83' lang='grc' dir='ltr'>μεγαλουργίαν,</span> <span class='ocrx_word' id='word_1_678' title='bbox 3282 4589 3381 4643; x_wconf 81' lang='grc' dir='ltr'>καὶ</span> <span class='ocrx_word' id='word_1_679' title='bbox 3406 4564 3659 4659; x_wconf 77' lang='grc' dir='ltr'>οὐρανὸς,</span> 
     </span>
    </p>
   </div>
   <div class='ocr_carea' id='block_1_92' title="bbox 392 4654 1977 4727">
    <p class='ocr_par' dir='ltr' id='par_1_92' title="bbox 392 4654 1977 4727">
     <span class='ocr_line' id='line_1_92' title="bbox 392 4654 1977 4727; baseline 0.004 -17"><span class='ocrx_word' id='word_1_680' title='bbox 392 4654 613 4722; x_wconf 65' lang='lat' dir='ltr'><strong>caelum,</strong></span> <span class='ocrx_word' id='word_1_681' title='bbox 648 4666 701 4711; x_wconf 89' lang='lat' dir='ltr'><strong>et</strong></span> <span class='ocrx_word' id='word_1_682' title='bbox 731 4664 894 4725; x_wconf 86' lang='lat' dir='ltr'><strong>terra,</strong></span> <span class='ocrx_word' id='word_1_683' title='bbox 934 4670 990 4715; x_wconf 91' lang='lat' dir='ltr'><strong>et</strong></span> <span class='ocrx_word' id='word_1_684' title='bbox 1027 4660 1182 4723; x_wconf 87' lang='lat' dir='ltr'><strong>luna,</strong></span> <span class='ocrx_word' id='word_1_685' title='bbox 1221 4668 1276 4715; x_wconf 90' lang='lat' dir='ltr'><strong>et</strong></span> <span class='ocrx_word' id='word_1_686' title='bbox 1301 4660 1406 4727; x_wconf 89' lang='lat' dir='ltr'><strong>sol,</strong></span> <span class='ocrx_word' id='word_1_687' title='bbox 1455 4671 1511 4714; x_wconf 89' lang='lat' dir='ltr'><strong>et</strong></span> <span class='ocrx_word' id='word_1_688' title='bbox 1545 4660 1682 4715; x_wconf 89' lang='lat' dir='ltr'><strong>ordo</strong></span> <span class='ocrx_word' id='word_1_689' title='bbox 1719 4672 1977 4717; x_wconf 89' lang='lat' dir='ltr'><strong>ornatus-</strong></span> 
     </span>
    </p>
   </div>
   <div class='ocr_carea' id='block_1_93' title="bbox 393 4746 1973 4823">
    <p class='ocr_par' dir='ltr' id='par_1_93' title="bbox 393 4746 1973 4823">
     <span class='ocr_line' id='line_1_93' title="bbox 393 4746 1973 4823; baseline 0.006 -22"><span class='ocrx_word' id='word_1_690' title='bbox 393 4760 501 4817; x_wconf 89' lang='lat' dir='ltr'><strong>que</strong></span> <span class='ocrx_word' id='word_1_691' title='bbox 523 4746 946 4818; x_wconf 87' lang='lat' dir='ltr'><strong>pulcherrimus,</strong></span> <span class='ocrx_word' id='word_1_692' title='bbox 971 4753 1065 4823; x_wconf 87' lang='lat' dir='ltr'><strong>qui</strong></span> <span class='ocrx_word' id='word_1_693' title='bbox 1089 4753 1175 4807; x_wconf 85' lang='lat' dir='ltr'><strong>his</strong></span> <span class='ocrx_word' id='word_1_694' title='bbox 1194 4751 1358 4807; x_wconf 87' lang='lat' dir='ltr'><strong>inest.</strong></span> <span class='ocrx_word' id='word_1_695' title='bbox 1385 4750 1736 4809; x_wconf 86' lang='lat' dir='ltr'><strong>Providentia</strong></span> <span class='ocrx_word' id='word_1_696' title='bbox 1767 4764 1973 4823; x_wconf 89' lang='lat' dir='ltr'><strong>autem,</strong></span> 
     </span>
    </p>
   </div>
   <div class='ocr_carea' id='block_1_94' title="bbox 2085 4670 3665 4750">
    <p class='ocr_par' dir='ltr' id='par_1_94' title="bbox 2085 4670 3665 4750">
     <span class='ocr_line' id='line_1_94' title="bbox 2085 4670 3665 4750; baseline 0.004 -26"><span class='ocrx_word' id='word_1_697' title='bbox 2085 4670 2179 4725; x_wconf 76' lang='grc' dir='ltr'>καὶ</span> <span class='ocrx_word' id='word_1_698' title='bbox 2208 4670 2316 4742; x_wconf 85' lang='grc' dir='ltr'>γῆ,</span> <span class='ocrx_word' id='word_1_699' title='bbox 2378 4673 2475 4728; x_wconf 75' lang='grc' dir='ltr'>καὶ</span> <span class='ocrx_word' id='word_1_700' title='bbox 2524 4674 2761 4747; x_wconf 86' lang='grc' dir='ltr'>σελήνη,</span> <span class='ocrx_word' id='word_1_701' title='bbox 2802 4677 2897 4730; x_wconf 75' lang='grc' dir='ltr'><strong>καὶ</strong></span> <span class='ocrx_word' id='word_1_702' title='bbox 2933 4676 3111 4743; x_wconf 75' lang='grc' dir='ltr'>ἥλιος,</span> <span class='ocrx_word' id='word_1_703' title='bbox 3149 4680 3244 4732; x_wconf 72' lang='grc' dir='ltr'><strong>καὶ</strong></span> <span class='ocrx_word' id='word_1_704' title='bbox 3287 4680 3321 4750; x_wconf 81' lang='grc' dir='ltr'><strong>ἡ</strong></span> <span class='ocrx_word' id='word_1_705' title='bbox 3363 4680 3423 4733; x_wconf 78' lang='grc' dir='ltr'>ὲν</span> <span class='ocrx_word' id='word_1_706' title='bbox 3449 4679 3665 4742; x_wconf 84' lang='grc' dir='ltr'>τούτοις</span> 
     </span>
    </p>
   </div>
   <div class='ocr_carea' id='block_1_95' title="bbox 2082 4763 3666 4844">
    <p class='ocr_par' dir='ltr' id='par_1_95' title="bbox 2082 4763 3666 4844">
     <span class='ocr_line' id='line_1_95' title="bbox 2082 4763 3666 4844; baseline 0.006 -29"><span class='ocrx_word' id='word_1_707' title='bbox 2082 4763 2309 4830; x_wconf 75' lang='grc' dir='ltr'>εὐταξία</span> <span class='ocrx_word' id='word_1_708' title='bbox 2350 4782 2411 4819; x_wconf 88' lang='grc' dir='ltr'><strong>τε</strong></span> <span class='ocrx_word' id='word_1_709' title='bbox 2455 4766 2551 4820; x_wconf 72' lang='grc' dir='ltr'><strong>καὶ</strong></span> <span class='ocrx_word' id='word_1_710' title='bbox 2582 4767 2886 4839; x_wconf 84' lang='grc' dir='ltr'>εὐκοσμία·</span> <span class='ocrx_word' id='word_1_711' title='bbox 2920 4768 2954 4839; x_wconf 77' lang='grc' dir='ltr'>ἡ</span> <span class='ocrx_word' id='word_1_712' title='bbox 2990 4769 3049 4822; x_wconf 80' lang='grc' dir='ltr'>δὲ</span> <span class='ocrx_word' id='word_1_713' title='bbox 3090 4770 3256 4844; x_wconf 87' lang='grc' dir='ltr'>μέχρι</span> <span class='ocrx_word' id='word_1_714' title='bbox 3286 4772 3399 4826; x_wconf 90' lang='grc' dir='ltr'><strong>τῶν</strong></span> <span class='ocrx_word' id='word_1_715' title='bbox 3429 4770 3666 4826; x_wconf 83' lang='grc' dir='ltr'>εὐτελῶν</span> 
     </span>
    </p>
   </div>
   <div class='ocr_carea' id='block_1_96' title="bbox 431 4880 1972 4982">
    <p class='ocr_par' dir='ltr' id='par_1_96' title="bbox 431 4880 1971 4982">
     <span class='ocr_line' id='line_1_96' title="bbox 431 4880 1971 4982; baseline 0.012 -46"><span class='ocrx_word' id='word_1_716' title='bbox 431 4893 455 4921; x_wconf 81' lang='grc' dir='ltr'>ι</span> <span class='ocrx_word' id='word_1_717' title='bbox 494 4880 701 4940; x_wconf 84' lang='lat' dir='ltr'><strong>Hahae.</strong></span> <span class='ocrx_word' id='word_1_718' title='bbox 741 4903 826 4954; x_wconf 85' lang='grc' dir='ltr'>ιιι,</span> <span class='ocrx_word' id='word_1_719' title='bbox 860 4890 914 4943; x_wconf 77' lang='lat'><strong>5.</strong></span> <span class='ocrx_word' id='word_1_720' title='bbox 1004 4891 1023 4926; x_wconf 74' lang='grc' dir='ltr'><strong>ί</strong></span> <span class='ocrx_word' id='word_1_721' title='bbox 1066 4887 1202 4945; x_wconf 89' lang='lat' dir='ltr'><strong>Gen.</strong></span> <span class='ocrx_word' id='word_1_722' title='bbox 1240 4907 1414 4958; x_wconf 78' lang='lat' dir='ltr'><strong>xxx&quot;,</strong></span> <span class='ocrx_word' id='word_1_723' title='bbox 1450 4892 1541 4948; x_wconf 73' lang='lat'><strong>29.</strong></span> <span class='ocrx_word' id='word_1_724' title='bbox 1618 4906 1645 4934; x_wconf 80' lang='grc' dir='ltr'><strong>ιι</strong></span> <span class='ocrx_word' id='word_1_725' title='bbox 1685 4893 1729 4949; x_wconf 89' lang='lat' dir='ltr'><strong>ll</strong></span> <span class='ocrx_word' id='word_1_726' title='bbox 1766 4895 1901 4982; x_wconf 82' lang='lat' dir='ltr'><strong>Reg.</strong></span> <span class='ocrx_word' id='word_1_727' title='bbox 1938 4915 1971 4955; x_wconf 72' lang='grc' dir='ltr'><strong>ι</strong></span> 
     </span>
    </p>
   </div>
   <div class='ocr_carea' id='block_1_97' title="bbox 2072 4880 3201 4982">
    <p class='ocr_par' dir='ltr' id='par_1_97' title="bbox 2108 4903 3201 4968">
     <span class='ocr_line' id='line_1_97' title="bbox 2108 4903 3201 4968; baseline 0.005 -11"><span class='ocrx_word' id='word_1_728' title='bbox 2108 4903 2199 4959; x_wconf 75' lang='grc'><strong>2⁵5.</strong></span> <span class='ocrx_word' id='word_1_729' title='bbox 2275 4914 2302 4944; x_wconf 75' lang='grc' dir='ltr'><strong>ν</strong></span> <span class='ocrx_word' id='word_1_730' title='bbox 2339 4904 2530 4961; x_wconf 79' lang='lat' dir='ltr'><strong>Matth.</strong></span> <span class='ocrx_word' id='word_1_731' title='bbox 2576 4922 2703 4968; x_wconf 75' lang='lat' dir='ltr'><strong>XXI,</strong></span> <span class='ocrx_word' id='word_1_732' title='bbox 2740 4906 2792 4960; x_wconf 90' lang='lat'><strong>9.</strong></span> <span class='ocrx_word' id='word_1_733' title='bbox 2872 4916 2897 4943; x_wconf 71' lang='grc' dir='ltr'>ι</span> <span class='ocrx_word' id='word_1_734' title='bbox 2936 4906 3069 4963; x_wconf 83' lang='lat' dir='ltr'><strong>ibid.</strong></span> <span class='ocrx_word' id='word_1_735' title='bbox 3115 4908 3201 4964; x_wconf 76' lang='grc'><strong>16.</strong></span> 
     </span>
    </p>
   </div>
   <div class='ocr_carea' id='block_1_98' title="bbox 1494 5025 2573 5092">
    <p class='ocr_par' dir='ltr' id='par_1_98' title="bbox 1494 5025 2573 5092">
     <span class='ocr_line' id='line_1_98' title="bbox 1494 5025 2573 5092; baseline 0.009 -12"><span class='ocrx_word' id='word_1_736' title='bbox 1494 5025 1729 5085; x_wconf 69' lang='grc' dir='ltr'>νΑιιιιΕ</span> <span class='ocrx_word' id='word_1_737' title='bbox 1764 5029 2151 5091; x_wconf 82' lang='lat' dir='ltr'><strong>LECTIONES</strong></span> <span class='ocrx_word' id='word_1_738' title='bbox 2206 5034 2295 5090; x_wconf 87' lang='lat' dir='ltr'><strong>ET</strong></span> <span class='ocrx_word' id='word_1_739' title='bbox 2338 5035 2573 5092; x_wconf 67' lang='lat' dir='ltr'><strong>NOTAE.</strong></span> 
     </span>
    </p>
   </div>
   <div class='ocr_carea' id='block_1_99' title="bbox 463 5116 1972 5259">
    <p class='ocr_par' dir='ltr' id='par_1_99' title="bbox 463 5116 1972 5259">
     <span class='ocr_line' id='line_1_99' title="bbox 463 5116 1972 5189; baseline 0.008 -17"><span class='ocrx_word' id='word_1_740' title='bbox 463 5119 512 5153; x_wconf 82' lang='lat'><strong>&quot;</strong></span> <span class='ocrx_word' id='word_1_741' title='bbox 546 5116 671 5173; x_wconf 82' lang='grc' dir='ltr'><strong>Τῶν</strong></span> <span class='ocrx_word' id='word_1_742' title='bbox 699 5120 996 5189; x_wconf 78' lang='grc' dir='ltr'>οὐρανῶν.</span> <span class='ocrx_word' id='word_1_743' title='bbox 1036 5121 1206 5175; x_wconf 85' lang='lat' dir='ltr'><strong>Abest</strong></span> <span class='ocrx_word' id='word_1_744' title='bbox 1245 5135 1275 5176; x_wconf 81' lang='lat' dir='ltr'><strong>a</strong></span> <span class='ocrx_word' id='word_1_745' title='bbox 1324 5122 1448 5177; x_wconf 86' lang='lat' dir='ltr'><strong>eod.</strong></span> <span class='ocrx_word' id='word_1_746' title='bbox 1476 5121 1623 5179; x_wconf 86' lang='lat' dir='ltr'><strong>Flor.</strong></span> <span class='ocrx_word' id='word_1_747' title='bbox 1699 5125 1746 5157; x_wconf 84' lang='lat'><strong>&quot;</strong></span> <span class='ocrx_word' id='word_1_748' title='bbox 1778 5128 1972 5184; x_wconf 65' lang='lat' dir='ltr'><strong>mm</strong></span> 
     </span>
     <span class='ocr_line' id='line_1_100' title="bbox 463 5188 1972 5259; baseline 0.007 -17"><span class='ocrx_word' id='word_1_749' title='bbox 463 5206 504 5259; x_wconf 84' lang='lat' dir='ltr'><strong>:p</strong></span> <span class='ocrx_word' id='word_1_750' title='bbox 551 5188 612 5243; x_wconf 86' lang='grc' dir='ltr'>τὸ</span> <span class='ocrx_word' id='word_1_751' title='bbox 633 5190 1065 5259; x_wconf 15' lang='grc' dir='ltr'>,μεγαλοπρεπὲς</span> <span class='ocrx_word' id='word_1_752' title='bbox 1121 5192 1211 5244; x_wconf 69' lang='lat' dir='ltr'><strong>dei.</strong></span> <span class='ocrx_word' id='word_1_753' title='bbox 1267 5195 1517 5259; x_wconf 81' lang='grc' dir='ltr'>προσῆν,</span> <span class='ocrx_word' id='word_1_754' title='bbox 1565 5195 1667 5248; x_wconf 85' lang='grc' dir='ltr'><strong>οὐκ</strong></span> <span class='ocrx_word' id='word_1_755' title='bbox 1707 5190 1776 5259; x_wconf 77' lang='grc' dir='ltr'>ἦν</span> <span class='ocrx_word' id='word_1_756' title='bbox 1813 5197 1873 5250; x_wconf 81' lang='grc' dir='ltr'>δὲ</span> <span class='ocrx_word' id='word_1_757' title='bbox 1922 5215 1972 5253; x_wconf 83' lang='grc' dir='ltr'><strong>τι</strong></span> 
     </span>
    </p>
   </div>
   <div class='ocr_carea' id='block_1_100' title="bbox 2072 5116 3665 5259">
    <p class='ocr_par' dir='ltr' id='par_1_100' title="bbox 2072 5130 3665 5259">
     <span class='ocr_line' id='line_1_101' title="bbox 2072 5130 3665 5259; baseline 0.003 -73"><span class='ocrx_word' id='word_1_758' title='bbox 2072 5139 2122 5187; x_wconf 88' lang='lat' dir='ltr'><strong>st</strong></span> <span class='ocrx_word' id='word_1_759' title='bbox 2165 5146 2197 5186; x_wconf 84' lang='lat' dir='ltr'><strong>a</strong></span> <span class='ocrx_word' id='word_1_760' title='bbox 2231 5130 2355 5187; x_wconf 89' lang='lat' dir='ltr'><strong>cod.</strong></span> <span class='ocrx_word' id='word_1_761' title='bbox 2384 5130 2440 5187; x_wconf 76' lang='grc'><strong>2.</strong></span> <span class='ocrx_word' id='word_1_762' title='bbox 2538 5133 2583 5166; x_wconf 79' lang='grc'><strong>’⁷</strong></span> <span class='ocrx_word' id='word_1_763' title='bbox 2598 5130 2789 5199; x_wconf 83' lang='grc' dir='ltr'>Αὐτός</span> <span class='ocrx_word' id='word_1_764' title='bbox 2827 5162 2899 5214; x_wconf 55' lang='grc' dir='ltr'><strong>-ς</strong></span> <span class='ocrx_word' id='word_1_765' title='bbox 2926 5133 3039 5187; x_wconf 78' lang='lat' dir='ltr'><strong>del.</strong></span> <span class='ocrx_word' id='word_1_766' title='bbox 3087 5132 3222 5188; x_wconf 85' lang='lat' dir='ltr'><strong>Cod.</strong></span> <span class='ocrx_word' id='word_1_767' title='bbox 3260 5132 3406 5215; x_wconf 59' lang='lat' dir='ltr'><strong>Flor.</strong></span> <span class='ocrx_word' id='word_1_768' title='bbox 3438 5135 3531 5188; x_wconf 80' lang='grc' dir='ltr'>Σοὶ</span> <span class='ocrx_word' id='word_1_769' title='bbox 3561 5136 3665 5259; x_wconf 67' lang='grc' dir='ltr'><strong>Ιμὲν</strong></span> 
     </span>
     <span class='ocr_line' id='line_1_102' title="bbox 2087 5201 3662 5259; baseline 0.002 -3"><span class='ocrx_word' id='word_1_770' title='bbox 2087 5201 2403 5259; x_wconf 81' lang='grc' dir='ltr'>ἀνθρώποις</span> <span class='ocrx_word' id='word_1_771' title='bbox 2444 5201 2743 5259; x_wconf 81' lang='grc' dir='ltr'>γνώριμον.</span> <span class='ocrx_word' id='word_1_772' title='bbox 2772 5201 3004 5259; x_wconf 83' lang='lat' dir='ltr'><strong>Rehaua</strong></span> <span class='ocrx_word' id='word_1_773' title='bbox 3046 5203 3246 5258; x_wconf 89' lang='lat' dir='ltr'><strong>desunt</strong></span> <span class='ocrx_word' id='word_1_774' title='bbox 3273 5219 3325 5257; x_wconf 89' lang='grc' dir='ltr'><strong>ιιι</strong></span> <span class='ocrx_word' id='word_1_775' title='bbox 3365 5205 3489 5259; x_wconf 90' lang='lat' dir='ltr'><strong>eod.</strong></span> <span class='ocrx_word' id='word_1_776' title='bbox 3514 5205 3556 5259; x_wconf 84' lang='lat' dir='ltr'><strong>F</strong></span> <span class='ocrx_word' id='word_1_777' title='bbox 3579 5223 3662 5259; x_wconf 87' lang='lat' dir='ltr'><strong>or.</strong></span> 
     </span>
    </p>
   </div>
   <div class='ocr_carea' id='block_1_101' title="bbox 391 5187 1972 5295">
    <p class='ocr_par' dir='ltr' id='par_1_101' title="bbox 391 5187 1972 5295">
     <span class='ocr_line' id='line_1_103' title="bbox 391 5187 1972 5295; baseline 0 0"><span class='ocrx_word' id='word_1_778' title='bbox 391 5187 1211 5295; x_wconf 52' lang='grc' dir='ltr'><strong>ιάισὶὲλεέξέἐλεξιετξξιλῑι</strong></span> <span class='ocrx_word' id='word_1_779' title='bbox 1267 5195 1692 5295; x_wconf 42' lang='lat' dir='ltr'><strong>“secanti:</strong></span> <span class='ocrx_word' id='word_1_780' title='bbox 1707 5190 1873 5295; x_wconf 61' lang='grc' dir='ltr'><strong>ἦκηεὲ</strong></span> 
     </span>
    </p>
   </div>
   <div class='ocr_carea' id='block_1_102' title="bbox 2072 5187 3662 5295">
    <p class='ocr_par' dir='ltr' id='par_1_102' title="bbox 2087 5187 3662 5295">
     <span class='ocr_line' id='line_1_104' title="bbox 2087 5187 3662 5295; baseline 0.004 -39"><span class='ocrx_word' id='word_1_781' title='bbox 2087 5201 2403 5295; x_wconf 44' lang='grc' dir='ltr'>ἀνθρώποις</span> <span class='ocrx_word' id='word_1_782' title='bbox 2444 5201 2743 5295; x_wconf 57' lang='grc' dir='ltr'>γνώριμον.</span> <span class='ocrx_word' id='word_1_783' title='bbox 2767 5187 3004 5295; x_wconf 59' lang='lat' dir='ltr'><strong>Reliqua</strong></span> <span class='ocrx_word' id='word_1_784' title='bbox 3046 5203 3247 5295; x_wconf 61' lang='lat' dir='ltr'><strong>desunt</strong></span> <span class='ocrx_word' id='word_1_785' title='bbox 3365 5187 3662 5295; x_wconf 10' lang='lat' dir='ltr'><strong>eod.il:‘ll:or—.</strong></span> 
     </span>
    </p>
   </div>
   <div class='ocr_carea' id='block_1_103' title="bbox 472 5257 1305 5328">
    <p class='ocr_par' dir='ltr' id='par_1_103' title="bbox 472 5257 1305 5328">
     <span class='ocr_line' id='line_1_105' title="bbox 472 5257 1305 5328; baseline -0.001 -14"><span class='ocrx_word' id='word_1_786' title='bbox 472 5257 797 5328; x_wconf 65' lang='grc' dir='ltr'>Μακάριος.</span> <span class='ocrx_word' id='word_1_787' title='bbox 826 5257 959 5316; x_wconf 76' lang='lat' dir='ltr'><strong>Cod.</strong></span> <span class='ocrx_word' id='word_1_788' title='bbox 981 5258 1017 5313; x_wconf 74' lang='grc'>2</span> <span class='ocrx_word' id='word_1_789' title='bbox 1045 5259 1210 5324; x_wconf 83' lang='grc' dir='ltr'>θεῖος.</span> <span class='ocrx_word' id='word_1_790' title='bbox 1284 5262 1305 5292; x_wconf 79' lang='grc'>⁸</span> 
     </span>
    </p>
   </div>
   <div class='ocr_carea' id='block_1_104' title="bbox 1410 5263 1972 5345">
    <p class='ocr_par' dir='ltr' id='par_1_104' title="bbox 1410 5263 1972 5345">
     <span class='ocr_line' id='line_1_106' title="bbox 1410 5263 1972 5345; baseline 0.018 -31"><span class='ocrx_word' id='word_1_791' title='bbox 1410 5263 1713 5345; x_wconf 61' lang='grc' dir='ltr'>ᾼόεξκρρμ.</span> <span class='ocrx_word' id='word_1_792' title='bbox 1732 5263 1873 5345; x_wconf 80' lang='lat' dir='ltr'><strong>Cod.</strong></span> <span class='ocrx_word' id='word_1_793' title='bbox 1907 5278 1972 5324; x_wconf 63' lang='lat' dir='ltr'><strong>ut:</strong></span> 
     </span>
    </p>
   </div>
   <div class='ocr_carea' id='block_1_105' title="bbox 2072 5263 3665 5345">
    <p class='ocr_par' dir='ltr' id='par_1_105' title="bbox 2072 5263 3665 5345">
     <span class='ocr_line' id='line_1_107' title="bbox 2072 5263 3665 5345; baseline 0.001 -17"><span class='ocrx_word' id='word_1_794' title='bbox 2072 5287 2136 5345; x_wconf 80' lang='lat' dir='ltr'><strong>tte</strong></span> <span class='ocrx_word' id='word_1_795' title='bbox 2174 5263 2579 5345; x_wconf 39' lang='grc' dir='ltr'>ζἉμβῳὶούμί</span> <span class='ocrx_word' id='word_1_796' title='bbox 2613 5263 2635 5304; x_wconf 65' lang='grc' dir='ltr'><strong>ί</strong></span> <span class='ocrx_word' id='word_1_797' title='bbox 2664 5263 3106 5345; x_wconf 55' lang='grc' dir='ltr'>Θαιμάνέεοτά.</span> <span class='ocrx_word' id='word_1_798' title='bbox 3141 5288 3195 5345; x_wconf 76' lang='lat' dir='ltr'><strong>p.</strong></span> <span class='ocrx_word' id='word_1_799' title='bbox 3228 5274 3329 5329; x_wconf 75' lang='lat' dir='ltr'><strong>I55</strong></span> <span class='ocrx_word' id='word_1_800' title='bbox 3367 5275 3665 5345; x_wconf 86' lang='grc' dir='ltr'>μακρόθεν,</span> 
     </span>
    </p>
   </div>
   <div class='ocr_carea' id='block_1_106' title="bbox 395 5328 1972 5406">
    <p class='ocr_par' dir='ltr' id='par_1_106' title="bbox 395 5328 1939 5406">
     <span class='ocr_line' id='line_1_108' title="bbox 395 5328 1939 5406; baseline 0.004 -19"><span class='ocrx_word' id='word_1_801' title='bbox 395 5344 563 5406; x_wconf 80' lang='lat' dir='ltr'><strong>quam</strong></span> <span class='ocrx_word' id='word_1_802' title='bbox 591 5328 882 5386; x_wconf 89' lang='lat' dir='ltr'><strong>lectionem</strong></span> <span class='ocrx_word' id='word_1_803' title='bbox 897 5328 1096 5406; x_wconf 55' lang='grc' dir='ltr'>(ξω-οἷο</span> <span class='ocrx_word' id='word_1_804' title='bbox 1118 5337 1340 5386; x_wconf 86' lang='lat' dir='ltr'><strong>secutus</strong></span> <span class='ocrx_word' id='word_1_805' title='bbox 1366 5341 1474 5387; x_wconf 91' lang='lat' dir='ltr'><strong>est.</strong></span> <span class='ocrx_word' id='word_1_806' title='bbox 1504 5332 1531 5406; x_wconf 82' lang='lat'><strong>_&#39;</strong></span> <span class='ocrx_word' id='word_1_807' title='bbox 1570 5328 1939 5406; x_wconf 63' lang='grc' dir='ltr'>ξςᾰταξσκίου.</span> 
     </span>
    </p>
   </div>
   <div class='ocr_carea' id='block_1_107' title="bbox 2072 5328 2638 5406">
    <p class='ocr_par' dir='ltr' id='par_1_107' title="bbox 2072 5328 2638 5406">
     <span class='ocr_line' id='line_1_109' title="bbox 2072 5328 2638 5406; baseline -0.002 -8"><span class='ocrx_word' id='word_1_808' title='bbox 2072 5344 2112 5398; x_wconf 88' lang='grc' dir='ltr'>ι.</span> <span class='ocrx_word' id='word_1_809' title='bbox 2168 5340 2205 5395; x_wconf 73' lang='grc' dir='ltr'><strong>ε</strong></span> <span class='ocrx_word' id='word_1_810' title='bbox 2246 5328 2400 5398; x_wconf 72' lang='lat' dir='ltr'><strong>addit</strong></span> <span class='ocrx_word' id='word_1_811' title='bbox 2425 5328 2638 5406; x_wconf 71' lang='grc' dir='ltr'>δασέος.</span> 
     </span>
    </p>
   </div>
   <div class='ocr_carea' id='block_1_108' title="bbox 2742 5341 3662 5411">
    <p class='ocr_par' dir='ltr' id='par_1_108' title="bbox 2742 5341 3662 5411">
     <span class='ocr_line' id='line_1_110' title="bbox 2742 5341 3662 5411; baseline 0.004 -16"><span class='ocrx_word' id='word_1_812' title='bbox 2742 5341 3101 5411; x_wconf 74' lang='grc' dir='ltr'>³Ὰίνέσεως.</span> <span class='ocrx_word' id='word_1_813' title='bbox 3135 5343 3272 5399; x_wconf 88' lang='lat' dir='ltr'><strong>Cod.</strong></span> <span class='ocrx_word' id='word_1_814' title='bbox 3306 5345 3332 5400; x_wconf 82' lang='grc'><strong>1</strong></span> <span class='ocrx_word' id='word_1_815' title='bbox 3368 5341 3662 5411; x_wconf 73' lang='grc' dir='ltr'>συνέσεως,</span> 
     </span>
    </p>
   </div>
   <div class='ocr_carea' id='block_1_109' title="bbox 395 5398 1972 5483">
    <p class='ocr_par' dir='ltr' id='par_1_109' title="bbox 395 5398 1972 5483">
     <span class='ocr_line' id='line_1_111' title="bbox 395 5398 1972 5483; baseline 0.006 -29"><span class='ocrx_word' id='word_1_816' title='bbox 395 5398 633 5469; x_wconf 85' lang='lat' dir='ltr'><strong>ascripta</strong></span> <span class='ocrx_word' id='word_1_817' title='bbox 662 5408 892 5483; x_wconf 32' lang='lat' dir='ltr'><strong>.tam‘en_</strong></span> <span class='ocrx_word' id='word_1_818' title='bbox 915 5399 1148 5483; x_wconf 65' lang='lat' dir='ltr'><strong>lectione</strong></span> <span class='ocrx_word' id='word_1_819' title='bbox 1191 5409 1432 5483; x_wconf 63' lang='lat' dir='ltr'><strong>recepta:</strong></span> <span class='ocrx_word' id='word_1_820' title='bbox 1462 5400 1527 5483; x_wconf 47' lang='grc' dir='ltr'><strong>..ξ</strong></span> <span class='ocrx_word' id='word_1_821' title='bbox 1575 5403 1798 5483; x_wconf 55' lang='grc' dir='ltr'>Ἰαξιῴόζ</span> <span class='ocrx_word' id='word_1_822' title='bbox 1832 5405 1972 5465; x_wconf 70' lang='lat' dir='ltr'><strong>Prses</strong></span> 
     </span>
    </p>
   </div>
   <div class='ocr_carea' id='block_1_110' title="bbox 2072 5398 3665 5483">
    <p class='ocr_par' dir='ltr' id='par_1_110' title="bbox 2114 5398 3665 5483">
     <span class='ocr_line' id='line_1_112' title="bbox 2114 5398 3665 5483; baseline 0.001 -15"><span class='ocrx_word' id='word_1_823' title='bbox 2114 5412 2276 5483; x_wconf 76' lang='lat' dir='ltr'><strong>lectio</strong></span> <span class='ocrx_word' id='word_1_824' title='bbox 2319 5413 2540 5483; x_wconf 69' lang='grc' dir='ltr'>Μανωὲ.</span> <span class='ocrx_word' id='word_1_825' title='bbox 2591 5398 2756 5483; x_wconf 73' lang='lat' dir='ltr'><strong>quam</strong></span> <span class='ocrx_word' id='word_1_826' title='bbox 2787 5412 2952 5468; x_wconf 82' lang='lat' dir='ltr'><strong>habet</strong></span> <span class='ocrx_word' id='word_1_827' title='bbox 2988 5398 3161 5483; x_wconf 57' lang='lat' dir='ltr'><strong>Co&#39;rd.</strong></span> <span class='ocrx_word' id='word_1_828' title='bbox 3194 5398 3251 5467; x_wconf 15' lang='lat' dir='ltr'><strong>il.</strong></span> <span class='ocrx_word' id='word_1_829' title='bbox 3287 5398 3339 5470; x_wconf 63' lang='grc' dir='ltr'><strong>ο.</strong></span> <span class='ocrx_word' id='word_1_830' title='bbox 3377 5414 3553 5471; x_wconf 85' lang='lat' dir='ltr'><strong>Verba</strong></span> <span class='ocrx_word' id='word_1_831' title='bbox 3576 5398 3665 5471; x_wconf 51' lang='lat' dir='ltr'><strong>ei:</strong></span> 
     </span>
    </p>
   </div>
   <div class='ocr_carea' id='block_1_111' title="bbox 394 5478 509 5525">
    <p class='ocr_par' dir='ltr' id='par_1_111' title="bbox 394 5478 509 5525">
     <span class='ocr_line' id='line_1_113' title="bbox 394 5478 509 5525; baseline 0 -1"><span class='ocrx_word' id='word_1_832' title='bbox 394 5478 509 5525; x_wconf 87' lang='lat' dir='ltr'><strong>tata</strong></span> 
     </span>
    </p>
   </div>
   <div class='ocr_carea' id='block_1_112' title="bbox 540 5467 3668 5555">
    <p class='ocr_par' dir='ltr' id='par_1_112' title="bbox 540 5467 3668 5555">
     <span class='ocr_line' id='line_1_114' title="bbox 540 5467 3668 5555; baseline 0.005 -33"><span class='ocrx_word' id='word_1_833' title='bbox 540 5467 1096 5555; x_wconf 34' lang='lat' dir='ltr'><strong>pertineptadjud&#39;i‘e.</strong></span> <span class='ocrx_word' id='word_1_834' title='bbox 1119 5484 1236 5551; x_wconf 64' lang='lat' dir='ltr'><strong>15m,</strong></span> <span class='ocrx_word' id='word_1_835' title='bbox 1255 5467 1368 5555; x_wconf 50' lang='lat' dir='ltr'><strong>l8}.</strong></span> <span class='ocrx_word' id='word_1_836' title='bbox 1411 5470 1433 5502; x_wconf 83' lang='lat'><strong>&#39;</strong></span> <span class='ocrx_word' id='word_1_837' title='bbox 1457 5470 1635 5555; x_wconf 54' lang='grc' dir='ltr'>ξεφη.</span> <span class='ocrx_word' id='word_1_838' title='bbox 1654 5475 1822 5555; x_wconf 74' lang='lat' dir='ltr'><strong>A_be_sl</strong></span> <span class='ocrx_word' id='word_1_839' title='bbox 1839 5493 1869 5533; x_wconf 90' lang='lat' dir='ltr'><strong>a</strong></span> <span class='ocrx_word' id='word_1_840' title='bbox 1884 5481 2012 5555; x_wconf 72' lang='lat' dir='ltr'><strong>cod.</strong></span> <span class='ocrx_word' id='word_1_841' title='bbox 2027 5482 2084 5539; x_wconf 74' lang='grc'><strong>2.</strong></span> <span class='ocrx_word' id='word_1_842' title='bbox 2119 5467 2382 5555; x_wconf 19' lang='grc' dir='ltr'>ίσΑίιξοκ.</span> <span class='ocrx_word' id='word_1_843' title='bbox 2401 5467 2971 5555; x_wconf 71' lang='lat' dir='ltr'><strong>Reliquiinterpretes</strong></span> <span class='ocrx_word' id='word_1_844' title='bbox 2992 5467 3166 5539; x_wconf 70' lang='lat' dir='ltr'><strong>Graeci</strong></span> <span class='ocrx_word' id='word_1_845' title='bbox 3198 5467 3403 5539; x_wconf 72' lang='lat' dir='ltr'><strong>habent</strong></span> <span class='ocrx_word' id='word_1_846' title='bbox 3422 5467 3512 5539; x_wconf 72' lang='lat' dir='ltr'><strong>vel</strong></span> <span class='ocrx_word' id='word_1_847' title='bbox 3525 5467 3668 5555; x_wconf 64' lang='grc' dir='ltr'>κρά-</span> 
     </span>
    </p>
   </div>
   <div class='ocr_carea' id='block_1_113' title="bbox 397 5538 1972 5619">
    <p class='ocr_par' dir='ltr' id='par_1_113' title="bbox 397 5538 1972 5619">
     <span class='ocr_line' id='line_1_115' title="bbox 397 5538 1972 5619; baseline 0.007 -27"><span class='ocrx_word' id='word_1_848' title='bbox 397 5554 490 5619; x_wconf 64' lang='grc' dir='ltr'><strong>τος</strong></span> <span class='ocrx_word' id='word_1_849' title='bbox 522 5540 606 5619; x_wconf 78' lang='lat' dir='ltr'><strong>vel</strong></span> <span class='ocrx_word' id='word_1_850' title='bbox 647 5539 822 5610; x_wconf 79' lang='grc' dir='ltr'>ἰσχύν.</span> <span class='ocrx_word' id='word_1_851' title='bbox 866 5540 941 5619; x_wconf 45' lang='grc' dir='ltr'><strong>,θ’</strong></span> <span class='ocrx_word' id='word_1_852' title='bbox 988 5538 1274 5619; x_wconf 66' lang='grc' dir='ltr'>Ἐκεῖνον.</span> <span class='ocrx_word' id='word_1_853' title='bbox 1306 5542 1477 5596; x_wconf 88' lang='lat' dir='ltr'><strong>Ahest</strong></span> <span class='ocrx_word' id='word_1_854' title='bbox 1524 5538 1555 5594; x_wconf 65' lang='grc' dir='ltr'>ἐι</span> <span class='ocrx_word' id='word_1_855' title='bbox 1596 5545 1719 5599; x_wconf 89' lang='lat' dir='ltr'><strong>cod.</strong></span> <span class='ocrx_word' id='word_1_856' title='bbox 1750 5547 1808 5619; x_wconf 80' lang='lat' dir='ltr'><strong>_l.</strong></span> <span class='ocrx_word' id='word_1_857' title='bbox 1884 5549 1905 5581; x_wconf 82' lang='grc'><strong>⁷</strong></span> <span class='ocrx_word' id='word_1_858' title='bbox 1936 5555 1972 5603; x_wconf 82' lang='grc' dir='ltr'><em>Α</em></span> 
     </span>
    </p>
   </div>
   <div class='ocr_carea' id='block_1_114' title="bbox 2072 5538 3662 5619">
    <p class='ocr_par' dir='ltr' id='par_1_114' title="bbox 2072 5538 3662 5619">
     <span class='ocr_line' id='line_1_116' title="bbox 2072 5538 3662 5619; baseline -0.001 -11"><span class='ocrx_word' id='word_1_859' title='bbox 2072 5538 2190 5619; x_wconf 74' lang='grc' dir='ltr'>οὖς.</span> <span class='ocrx_word' id='word_1_860' title='bbox 2219 5538 2386 5609; x_wconf 76' lang='lat' dir='ltr'><strong>Abest</strong></span> <span class='ocrx_word' id='word_1_861' title='bbox 2410 5568 2440 5606; x_wconf 85' lang='lat' dir='ltr'><strong>a</strong></span> <span class='ocrx_word' id='word_1_862' title='bbox 2473 5538 2593 5607; x_wconf 63' lang='lat' dir='ltr'><strong>cod.</strong></span> <span class='ocrx_word' id='word_1_863' title='bbox 2627 5553 2683 5607; x_wconf 74' lang='grc'><strong>2.</strong></span> <span class='ocrx_word' id='word_1_864' title='bbox 2716 5538 2881 5608; x_wconf 57' lang='lat' dir='ltr'><strong>(Iord.</strong></span> <span class='ocrx_word' id='word_1_865' title='bbox 2914 5538 3078 5607; x_wconf 76' lang='lat' dir='ltr'><strong>habet</strong></span> <span class='ocrx_word' id='word_1_866' title='bbox 3106 5538 3309 5616; x_wconf 79' lang='grc' dir='ltr'>αὐτοῖς.</span> <span class='ocrx_word' id='word_1_867' title='bbox 3384 5538 3406 5587; x_wconf 71' lang='grc'>⁸</span> <span class='ocrx_word' id='word_1_868' title='bbox 3434 5538 3662 5610; x_wconf 64' lang='grc' dir='ltr'>Είπέῑκ.</span> 
     </span>
    </p>
   </div>
   <div class='ocr_carea' id='block_1_115' title="bbox 397 5608 1972 5690">
    <p class='ocr_par' dir='ltr' id='par_1_115' title="bbox 397 5608 1895 5690">
     <span class='ocr_line' id='line_1_117' title="bbox 397 5608 1895 5690; baseline 0.007 -27"><span class='ocrx_word' id='word_1_869' title='bbox 397 5608 455 5663; x_wconf 80' lang='lat' dir='ltr'><strong>In</strong></span> <span class='ocrx_word' id='word_1_870' title='bbox 484 5608 923 5690; x_wconf 46' lang='lat' dir='ltr'><strong>.utroqueeod._</strong></span> <span class='ocrx_word' id='word_1_871' title='bbox 961 5609 1209 5677; x_wconf 88' lang='lat' dir='ltr'><strong>sequitur</strong></span> <span class='ocrx_word' id='word_1_872' title='bbox 1262 5619 1388 5680; x_wconf 88' lang='lat' dir='ltr'><strong>post</strong></span> <span class='ocrx_word' id='word_1_873' title='bbox 1444 5616 1895 5690; x_wconf 74' lang='grc' dir='ltr'>παρασκευάσας.</span> 
     </span>
    </p>
   </div>
   <div class='ocr_carea' id='block_1_116' title="bbox 2072 5608 3665 5690">
    <p class='ocr_par' dir='ltr' id='par_1_116' title="bbox 2072 5608 3665 5690">
     <span class='ocr_line' id='line_1_118' title="bbox 2072 5608 3665 5690; baseline 0.003 -15"><span class='ocrx_word' id='word_1_874' title='bbox 2072 5608 2351 5690; x_wconf 70' lang='grc' dir='ltr'>εσᾶτότης.</span> <span class='ocrx_word' id='word_1_875' title='bbox 2406 5622 2577 5677; x_wconf 84' lang='lat' dir='ltr'><strong>Abest</strong></span> <span class='ocrx_word' id='word_1_876' title='bbox 2609 5637 2639 5676; x_wconf 75' lang='grc' dir='ltr'><strong>ει</strong></span> <span class='ocrx_word' id='word_1_877' title='bbox 2692 5624 2814 5678; x_wconf 89' lang='lat' dir='ltr'><strong>eod.</strong></span> <span class='ocrx_word' id='word_1_878' title='bbox 2855 5624 2911 5676; x_wconf 71' lang='lat'><strong>2.</strong></span> <span class='ocrx_word' id='word_1_879' title='bbox 2989 5624 3035 5654; x_wconf 85' lang='grc'><strong>¹⁰</strong></span> <span class='ocrx_word' id='word_1_880' title='bbox 3062 5625 3138 5678; x_wconf 81' lang='grc' dir='ltr'><em>Τὰ</em></span> <span class='ocrx_word' id='word_1_881' title='bbox 3166 5608 3394 5678; x_wconf 64' lang='grc' dir='ltr'>παιδία.</span> <span class='ocrx_word' id='word_1_882' title='bbox 3438 5608 3665 5680; x_wconf 66' lang='lat' dir='ltr'><strong>Abest:</strong></span> 
     </span>
    </p>
   </div>
   <div class='ocr_carea' id='block_1_117' title="bbox 398 5676 1972 5762">
    <p class='ocr_par' dir='ltr' id='par_1_117' title="bbox 398 5676 1972 5762">
     <span class='ocr_line' id='line_1_119' title="bbox 398 5676 1972 5762; baseline 0.002 -29"><span class='ocrx_word' id='word_1_883' title='bbox 398 5676 532 5762; x_wconf 45' lang='lat' dir='ltr'><strong>cod.</strong></span> <span class='ocrx_word' id='word_1_884' title='bbox 554 5680 609 5762; x_wconf 47' lang='grc' dir='ltr'>ιλ</span> <span class='ocrx_word' id='word_1_885' title='bbox 639 5676 766 5762; x_wconf 77' lang='lat' dir='ltr'><strong>post</strong></span> <span class='ocrx_word' id='word_1_886' title='bbox 792 5676 1072 5762; x_wconf 50' lang='grc' dir='ltr'>ήγῆἱμεχα</span> <span class='ocrx_word' id='word_1_887' title='bbox 1130 5676 1318 5762; x_wconf 59' lang='lat' dir='ltr'><strong>autem</strong></span> <span class='ocrx_word' id='word_1_888' title='bbox 1341 5695 1485 5762; x_wconf 32' lang='lat' dir='ltr'><strong>alscr.</strong></span> <span class='ocrx_word' id='word_1_889' title='bbox 1507 5676 1576 5762; x_wconf 70' lang='grc' dir='ltr'><strong>τά</strong></span> <span class='ocrx_word' id='word_1_890' title='bbox 1604 5685 1795 5762; x_wconf 77' lang='grc' dir='ltr'>νήπια.</span> <span class='ocrx_word' id='word_1_891' title='bbox 1853 5676 1915 5723; x_wconf 74' lang='grc' dir='ltr'><strong>ἰι</strong></span> <span class='ocrx_word' id='word_1_892' title='bbox 1950 5694 1972 5745; x_wconf 78' lang='grc' dir='ltr'><strong>ι</strong></span> 
     </span>
    </p>
   </div>
   <div class='ocr_carea' id='block_1_118' title="bbox 2072 5676 3667 5762">
    <p class='ocr_par' dir='ltr' id='par_1_118' title="bbox 2072 5676 3667 5762">
     <span class='ocr_line' id='line_1_120' title="bbox 2072 5676 3667 5762; baseline -0.012 1"><span class='ocrx_word' id='word_1_893' title='bbox 2183 5676 2390 5762; x_wconf 42' lang='lat' dir='ltr'><strong>hunc.</strong></span> <span class='ocrx_word' id='word_1_894' title='bbox 2410 5676 2634 5747; x_wconf 9' lang='lat' dir='ltr'><strong>VDesi.rin</strong></span> <span class='ocrx_word' id='word_1_895' title='bbox 2659 5676 2782 5747; x_wconf 78' lang='lat' dir='ltr'><strong>cod.</strong></span> <span class='ocrx_word' id='word_1_896' title='bbox 2804 5676 2868 5746; x_wconf 27' lang='grc'><strong>⁷4.</strong></span> <span class='ocrx_word' id='word_1_897' title='bbox 2945 5693 2990 5724; x_wconf 80' lang='grc'><strong>¹²</strong></span> <span class='ocrx_word' id='word_1_898' title='bbox 3020 5676 3119 5760; x_wconf 71' lang='grc' dir='ltr'><strong>’ός</strong></span> <span class='ocrx_word' id='word_1_899' title='bbox 3148 5676 3321 5762; x_wconf 68' lang='grc' dir='ltr'>ὑπὲρ.</span> <span class='ocrx_word' id='word_1_900' title='bbox 3366 5676 3517 5750; x_wconf 55' lang='lat' dir='ltr'><strong>Cod.—</strong></span> <span class='ocrx_word' id='word_1_901' title='bbox 3531 5676 3667 5757; x_wconf 57' lang='grc' dir='ltr'><strong>ἰῖῶξ</strong></span> 
     </span>
    </p>
   </div>
   <div class='ocr_carea' id='block_1_119' title="bbox 400 5746 1972 5833">
    <p class='ocr_par' dir='ltr' id='par_1_119' title="bbox 400 5746 1945 5833">
     <span class='ocr_line' id='line_1_121' title="bbox 400 5746 1945 5833; baseline 0.012 -34"><span class='ocrx_word' id='word_1_902' title='bbox 400 5746 961 5833; x_wconf 26' lang='grc' dir='ltr'>περᾼίροιάκρᾲίῦέ</span> <span class='ocrx_word' id='word_1_903' title='bbox 987 5746 1200 5833; x_wconf 59' lang='grc' dir='ltr'>ὥσπερ.</span> <span class='ocrx_word' id='word_1_904' title='bbox 1277 5751 1320 5784; x_wconf 78' lang='grc'><strong><em>⁸³</em></strong></span> <span class='ocrx_word' id='word_1_905' title='bbox 1352 5746 1681 5822; x_wconf 65' lang='grc' dir='ltr'>Δεσπότηιλ.</span> <span class='ocrx_word' id='word_1_906' title='bbox 1714 5758 1880 5816; x_wconf 81' lang='lat' dir='ltr'><strong>Abest</strong></span> <span class='ocrx_word' id='word_1_907' title='bbox 1914 5776 1945 5816; x_wconf 85' lang='lat' dir='ltr'><strong>a</strong></span> 
     </span>
    </p>
   </div>
   <div class='ocr_carea' id='block_1_120' title="bbox 2072 5746 3150 5833">
    <p class='ocr_par' dir='ltr' id='par_1_120' title="bbox 2072 5746 3150 5833">
     <span class='ocr_line' id='line_1_122' title="bbox 2072 5746 3150 5833; baseline 0.003 -17"><span class='ocrx_word' id='word_1_908' title='bbox 2072 5761 2099 5817; x_wconf 85' lang='grc' dir='ltr'><strong>ι.</strong></span> <span class='ocrx_word' id='word_1_909' title='bbox 2136 5761 2172 5815; x_wconf 73' lang='lat'><strong>2</strong></span> <span class='ocrx_word' id='word_1_910' title='bbox 2212 5746 2314 5794; x_wconf 1' lang='lat' dir='ltr'><strong>id“</strong></span> <span class='ocrx_word' id='word_1_911' title='bbox 2349 5746 2451 5816; x_wconf 83' lang='grc' dir='ltr'><strong>Τά.</strong></span> <span class='ocrx_word' id='word_1_912' title='bbox 2481 5746 2649 5819; x_wconf 82' lang='lat' dir='ltr'><strong>Abest</strong></span> <span class='ocrx_word' id='word_1_913' title='bbox 2681 5746 2749 5818; x_wconf 85' lang='lat' dir='ltr'><strong>ab</strong></span> <span class='ocrx_word' id='word_1_914' title='bbox 2788 5771 3021 5833; x_wconf 85' lang='lat' dir='ltr'><strong>utroque</strong></span> <span class='ocrx_word' id='word_1_915' title='bbox 3051 5746 3150 5819; x_wconf 71' lang='lat' dir='ltr'><strong>cod</strong></span> 
     </span>
    </p>
   </div>
   <div class='ocr_carea' id='block_1_121' title="bbox 401 5815 1263 5894">
    <p class='ocr_par' dir='ltr' id='par_1_121' title="bbox 401 5815 1263 5894">
     <span class='ocr_line' id='line_1_123' title="bbox 401 5815 1263 5894; baseline 0.005 -22"><span class='ocrx_word' id='word_1_916' title='bbox 401 5815 631 5888; x_wconf 67' lang='lat' dir='ltr'><strong>morque</strong></span> <span class='ocrx_word' id='word_1_917' title='bbox 661 5815 778 5886; x_wconf 79' lang='grc' dir='ltr'>μοί.</span> <span class='ocrx_word' id='word_1_918' title='bbox 800 5815 965 5874; x_wconf 87' lang='lat' dir='ltr'><strong>Cord.</strong></span> <span class='ocrx_word' id='word_1_919' title='bbox 1002 5817 1102 5888; x_wconf 83' lang='grc' dir='ltr'>μὲν</span> <span class='ocrx_word' id='word_1_920' title='bbox 1137 5815 1263 5894; x_wconf 78' lang='grc' dir='ltr'>γάρ.</span> 
     </span>
    </p>
   </div>
   <div class='ocr_carea' id='block_1_122' title="bbox 3250 5758 3663 5834">
    <p class='ocr_par' dir='ltr' id='par_1_122' title="bbox 3250 5758 3663 5834">
     <span class='ocr_line' id='line_1_124' title="bbox 3250 5758 3663 5834; baseline 0.007 -16"><span class='ocrx_word' id='word_1_921' title='bbox 3250 5758 3295 5796; x_wconf 57' lang='grc'><strong>⁸⁷⁵</strong></span> <span class='ocrx_word' id='word_1_922' title='bbox 3321 5762 3468 5834; x_wconf 79' lang='grc' dir='ltr'>Γάρ.</span> <span class='ocrx_word' id='word_1_923' title='bbox 3525 5765 3663 5821; x_wconf 81' lang='lat' dir='ltr'><strong>Cod.</strong></span> 
     </span>
    </p>
   </div>
  </div>
