4090 6472
417 374 525 441 919

1399 372 1893 433 THEODORETI
1927 370 2046 430 ΕΡ]
2057 370 2270 431 SCOPI
2331 366 2705 429 CYRENSIS

3585 361 3696 427 920

416 489 777 544 minatiouem
827 486 988 550 sedit,
1041 500 1315 556 superque
1363 502 1526 541 omne
1584 500 1806 550 nomen,
1854 484 1996 554 quod

2106 483 2200 536 καὶ
2229 483 2574 553 κυριότητος,
2613 479 2708 534 καὶ
2742 477 2941 540 παντὸς
2966 473 3231 546 ὀνόματος
3261 473 3697 545 ὀνομαζομένου,

415 579 758 641 nominatur,
791 592 897 631 non
949 583 1162 631 tantum
1213 578 1268 631 in
1303 578 1406 632 hoc
1440 576 1664 641 sarculo,
1707 576 1800 631 sed
1842 586 1896 629 et
1943 574 1997 627 in

417 674 607 729 futuro
640 691 653 726 :
686 671 981 740 omniaque
1008 670 1112 726 sub
1146 671 1378 741 pedibus
1408 672 1525 725 suis
1548 670 1856 735 constituit,
1886 685 1995 725 non

415 764 595 820 solum
631 775 780 826 oves,
821 769 987 830 atque
1042 761 1211 816 boves
1262 776 1475 827 onmes,
1540 775 1731 815 verum
1780 774 1997 815 onmem

413 862 754 915 creaturam,
785 850 902 906 sive
936 851 1226 916 visibilem,
1274 851 1389 907 sive
1421 850 1773 906 invisibilem.
1807 850 1868 904 Et
1898 849 2000 904 bo-

415 959 538 998 rum
572 941 737 1014 655
768 943 923 998 testis
956 951 1039 998 cst
1076 944 1295 997 divinus
1325 943 1621 1012 Apostolus
1659 951 1844 1011 aperte
1886 942 2001 997 cla-

414 1051 572 1090 mans
607 1054 621 1090 :
661 1054 679 1088 ι
728 1034 863 1091 Eum
901 1045 1109 1100 autem,
1142 1036 1235 1105 qui
1266 1035 1549 1105 paululum
1596 1034 1779 1087 minor
1823 1032 2003 1089 lactus

412 1136 535 1182 erat
584 1126 815 1198 angelis,
874 1127 1122 1182 videmus
1172 1124 1360 1181 Jesum
1411 1133 1635 1195 propter
1685 1123 1998 1194 passionem

414 1220 610 1275 mortis
641 1219 815 1291 gloria
866 1228 921 1274 et
962 1219 1171 1274 honore
1218 1226 1544 1273 coronatum
1569 1216 1619 1268 ι».
1653 1235 1671 1267 ι
1722 1214 1789 1270 Ει
1842 1214 2007 1284 paulo

412 1312 710 1382 superius:
744 1332 761 1363 ι
799 1310 993 1367 Omnia
1025 1311 1195 1374 enim,
1231 1310 1426 1379 inquit,
1461 1309 1741 1379 subjecisti
1771 1309 2001 1379 pedibus

414 1404 536 1475 ejus
564 1415 613 1458 ε.
654 1422 673 1454 ι
715 1404 778 1457 Ει
808 1403 873 1457 ad
905 1402 1222 1458 Corinthios
1255 1402 1370 1456 ait:
1409 1419 1428 1452 ι
1460 1404 1596 1455 Cum
1626 1410 1807 1455 autem
1832 1400 1999 1465 dicat,

414 1497 604 1552 omnia
635 1495 881 1565 subjecta
911 1505 1040 1550 sunt
1066 1495 1139 1560 ei,
1170 1503 1320 1566 patet
1349 1494 1527 1565 excipi
1554 1510 1703 1561 eum,
1745 1494 1838 1563 qui
1867 1493 1999 1549 sub-

409 1588 545 1657 jecit
572 1588 619 1643 ei
654 1589 839 1642 omnia
862 1584 910 1640 δ.
951 1607 969 1638 ι
1009 1585 1136 1641 Sola
1163 1588 1309 1642 enim
1344 1602 1452 1641 non
1484 1596 1666 1641 creata
1704 1593 1897 1641 natura
1931 1587 2001 1640 ab

416 1680 523 1734 hac
557 1678 898 1750 subiectione
945 1688 1204 1749 tanquam
1239 1679 1405 1734 libera
1436 1691 1686 1749 separata
1728 1688 1832 1733 est.
1874 1676 2000 1734 llaec

416 1776 625 1835 autem,
657 1783 780 1838 quae
819 1768 889 1823 ab
921 1768 1010 1821 illa
1049 1777 1107 1822 ut
1147 1772 1294 1822 ess'et
1324 1768 1566 1837 accepit,
1598 1768 2000 1838 qualiscunque

415 1859 510 1927 sit,
553 1859 670 1916 sive
713 1859 969 1926 visibilis,
1007 1859 1122 1914 sive
1173 1859 1497 1924 invisibilis,
1546 1858 1765 1915 subdita
1805 1867 1911 1922 est,
1946 1867 2001 1914 et

308 1958 311 1961 ‘
414 1959 681 2021 tanquam
716 1953 847 2016 Deo,
878 1960 934 2006 et
957 1960 1214 2022 tanquam
1244 1951 1472 2019 homini,
1502 1951 1733 2007 Domino
1758 1953 1995 2009 Christo.

415 2039 654 2102 Tantum
684 2042 947 2098 honorem
984 2057 1012 2096 a
1058 2040 1171 2097 Deo
1216 2042 1602 2098 universorum
1635 2043 1873 2098 humana
1902 2058 1999 2096 na-

415 2142 540 2189 tura
584 2136 849 2204 suscepit.
898 2132 1136 2190 Proinde
1184 2149 1381 2189 rursus
1426 2133 1756 2204 principium
1803 2133 1998 2205 psalmi

411 2224 470 2281 in
498 2225 603 2281 ﬁne
629 2226 817 2298 posuit
843 2244 855 2282 :

486 2314 651 2372 Vens.
686 2310 831 2371 10.1
870 2315 1101 2372 Domine
1128 2315 1393 2373 Dominus
1430 2327 1637 2384 noster,
1695 2333 1862 2387 quam
1896 2316 1996 2372 ad-

410 2408 666 2465 mirabile
703 2417 787 2465 est
817 2423 1016 2464 nomen
1048 2419 1201 2464 tuum
1238 2409 1290 2463 in
1327 2410 1582 2465 universa
1615 2419 1757 2465 terra
1785 2412 1796 2464 !
1824 2430 1843 2462 ι

840 2543 1164 2599 INTERPB.
1194 2543 1445 2599 PSALMI
1480 2544 1568 2599 IX.

487 2676 659 2733 Vens.
686 2679 734 2732 l.
776 2698 794 2730 ι
836 2677 895 2733 In
929 2680 1091 2735 linem
1128 2694 1230 2750 pro
1279 2680 1513 2735 occultis
1569 2680 1689 2746 ﬁlii,
1745 2682 1994 2752 psalmus

408 2767 604 2826 David.
667 2789 687 2823 ι
747 2770 1116 2843 Symmachus
1182 2772 1403 2842 quidem
1483 2774 1856 2843 triumphalem
1928 2776 1995 2830 de

408 2870 578 2917 morte
604 2861 710 2932 lilii
738 2863 1133 2934 interpretatus
1158 2874 1282 2933 est;
1317 2866 1512 2937 Aquila
1547 2882 1700 2935 vero,
1746 2865 1995 2924 Victoria:

407 2956 619 3009 auctori
636 2956 933 3025 juventutis
966 2958 982 2977 ⁶
1011 2957 1118 3028 ﬁlii
1136 2976 1156 3024 ;
1183 2966 1238 3014 et
1280 2958 1611 3028 Theodotio,
1669 2959 1734 3014 de
1796 2960 1996 3028 ﬂorida

406 3049 563 3097 atate
591 3042 715 3112 ﬁlii.
746 3044 885 3100 Cum
922 3045 1090 3117 igitur
1118 3060 1311 3103 omnes
1340 3048 1486 3103 inter
1524 3063 1585 3105 se
1648 3050 1996 3106 consentien-

2100 574 2161 626 οὑ
2213 574 2375 644 μόνον
2401 574 2459 625 ὲν
2496 571 2574 642 τῷ
2612 570 2771 625 αἰῶνι
2806 570 3007 637 τούτῳ,
3046 566 3188 621 ἀλλὰ
3219 568 3316 621 καὶ
3347 569 3404 620 ὲν
3449 565 3533 637 τῷ
3567 566 3705 637 μὲλ-

2102 666 2249 719 λοντι
2277 682 2290 696 ·
2323 667 2418 718 καὶ
2458 664 2638 718 πάντα
2668 660 2939 728 ὑπέταξεν
2980 659 3086 714 ὑπὸ
3116 659 3245 724 τοὺς
3276 659 3447 722 πόδας
3484 658 3649 713 αὑτοῦ
3675 675 3695 692 ⁸

2101 759 2161 812 οὑ
2194 757 2445 829 πρόϐατα
2476 759 2570 810 καὶ
2603 755 2732 825 βόας
2767 754 3007 816 ἁπάσας,
3038 750 3177 805 ἀλλὰ
3206 753 3391 805 πᾶσαν
3421 751 3523 821 τὴν
3550 752 3701 823 όρωο

2105 850 2275 920 μένην
2325 850 2421 903 καί⁵
2470 850 2705 920 ἀόρατον
2761 846 2961 899 κτίσιν.
3000 844 3111 898 Καὶ
3156 843 3364 898 τούτων
3418 844 3633 913 μάρτυς
3669 843 3702 896 6

2102 942 2245 1006 θεῖος
2287 940 2610 1003 Ἀπόστολος
2631 941 2671 973 ³⁸
2708 939 3007 1011 διαρρήδην
3034 936 3204 1008 βοῶν·
3243 954 3261 986 ι
3295 934 3402 988 Τὸν
3432 934 3491 987 δὲ
3519 932 3698 1004 βραχύ

2103 1053 2154 1088 τι
2196 1038 2327 1105 παρ’
2367 1033 2636 1103 ἀγγέλους
2682 1031 3066 1102 ἠλαττωμένον
3116 1027 3391 1099 βλέπομεν
3451 1024 3697 1096 Ἰησοῦν,

2100 1127 2190 1180 διὰ
2214 1128 2275 1180 τὸ
2310 1126 2546 1197 πάθημα
2573 1125 2664 1178 τοῦ
2697 1123 2929 1178 θανάτου
2973 1122 3099 1193 δόξῃ
3130 1122 3225 1174 καὶ
3274 1121 3409 1189 τιμῇ
3458 1119 3700 1187 ἐστεφα-

2102 1219 2367 1289 νωμένον.
2408 1238 2426 1270 ι
2462 1217 2574 1271 Καὶ
2609 1213 3116 1293 μικρὸνάνωτέρωο
3147 1230 3167 1262 ‹
3207 1210 3392 1265 Πάντα
3420 1210 3552 1279 γὰρ,
3583 1226 3697 1277 φη-

2104 1311 2208 1374 σὶν,
2243 1310 2522 1377 ὑπέταξας
2558 1310 2664 1363 ὑπὸ
2694 1308 2821 1371 τοὺς
2849 1307 3018 1369 πόδας
3044 1305 3233 1359 αὑτοῦ.
3281 1325 3299 1357 ι
3327 1303 3436 1357 Καὶ
3466 1303 3513 1335 ³²
3536 1303 3594 1357 ὲν
3625 1303 3697 1373 τῇ

2103 1403 2241 1472 πρὸς
2285 1400 2640 1469 Κορινθίους,
2706 1418 2725 1450 ‹
2774 1399 2946 1454 Ὅταν
2976 1398 3067 1460 δὲ,
3127 1397 3325 1466 φησὶν,
3380 1395 3554 1465 εἴπῃ,
3610 1395 3694 1446 ὅτι

2104 1494 2281 1548 πάντα
2305 1492 2695 1556 ὑποτέτακται,
2721 1491 2878 1560 δῆλον
2900 1492 2983 1544 ὅτι
3010 1488 3168 1552 ἐκτὸς
3191 1487 3287 1541 τοῦ
3320 1487 3699 1553 ὑποτάξαντος

2101 1585 2252 1656 αὑτῷ
2301 1585 2370 1637 τά
2406 1584 2607 1639 πάντα.
2647 1603 2666 1637 ι
2705 1584 2859 1654 Μόνη
2885 1583 2993 1654 γὰρ
3029 1584 3063 1653 ή
3095 1582 3351 1642 ἄκτιστος
3386 1578 3551 1649 φύσις
3594 1579 3696 1649 τῆς

2102 1679 2384 1748 ὑποταγῆς
2413 1676 2617 1747 ταύτης
2648 1677 2723 1740 ὡς
2756 1674 3021 1747 ἐλευθέρα
3047 1673 3403 1745 κεχώρισται.
3448 1673 3511 1726 Ἡ
3540 1672 3598 1727 δέ
3628 1689 3695 1741 γε

2103 1770 2258 1843 παρὰ
2282 1770 2489 1840 ταύτης
2520 1769 2580 1823 τὸ
2612 1764 2754 1824 εἶναι
2791 1768 3101 1839 δεξαμένη,
3129 1766 3291 1821 ὁποία
3330 1766 3398 1821 ἂν
3435 1764 3543 1837 εἴη,
3578 1766 3691 1821 εἴτε

2101 1863 2292 1936 ὁρατὴ,
2326 1863 2434 1918 εἴτε
2466 1864 2719 1935 ἀόρατος,
2760 1864 2855 1918 καὶ
2896 1862 2973 1926 ὡς
3007 1859 3146 1932 Θεῷ,
3183 1861 3280 1915 καὶ
3305 1859 3383 1923 ὡς
3416 1860 3691 1933 ἀνθρώπῳ

2101 1957 2388 2011 ὑπόκειται
2432 1956 2512 2011 τῶ
2550 1956 2796 2028 Δεσπότη
2830 1953 3053 2029 Χριστῷ
3070 1954 3139 2009 ³³.
3186 1953 3470 2024 Τοσαύτην
3516 1956 3550 2025 ἡ
3578 1954 3690 2008 τῶν

2099 2049 2405 2121 ἀνθρώπων
2439 2048 2603 2118 φύσις
2645 2049 2799 2120 παρὰ
2839 2046 2933 2102 τοῦ
2964 2045 3102 2125 Θεοῦ
3147 2045 3258 2101 τῶν
3291 2045 3433 2100 ὅλων
3470 2046 3693 2111 ἐδέξατο

2098 2142 2199 2214 τὴν
2237 2144 2430 2214 τιμήν.
2465 2143 2556 2196 Διὸ
2610 2142 2774 2200 πάλιν
2802 2140 2937 2196 αὑτὸ
2964 2138 3007 2172 ³⁸
3040 2139 3103 2193 τὸ
3136 2138 3427 2210 προοίμιον
3458 2139 3690 2209 ἀκροτε-

2097 2234 2310 2289 λεύτιον
2339 2234 2606 2288 τέθεικεν·

2170 2324 2225 2383 ι’.
2271 2344 2290 2378 ι
2342 2327 2520 2398 Κύριε
2563 2327 2594 2378 6
2639 2325 2850 2397 Κύριος
2899 2324 3094 2398 ἡμῶν,
3148 2323 3225 2389 ὡς
3271 2321 3588 2394 θαυμαστὸν
3624 2321 3687 2377 τὺ

2098 2419 2274 2489 δνομά
2299 2437 2393 2473 σου
2421 2421 2478 2473 ὲν
2506 2419 2657 2491 πάσῃ
2687 2420 2752 2489 τῇ
2788 2420 2881 2488 γῇ.
2924 2438 2943 2470 ι

2440 2557 2706 2613 ΕΡΜΗΝ.
2748 2555 2886 2610 ΤΟΥ
2921 2555 2978 2609 Θ¹
3016 2555 3340 2610 ΨΑΛΜΟΥ.

2167 2707 2237 2755 a'.
2296 2718 2315 2749 ι
2359 2699 2454 2763 Εἰς
2498 2696 2559 2750 τὸ
2591 2695 2744 2758 τέλος
2776 2694 2920 2764 ὑπὲρ
2948 2692 3058 2747 τῶν
3109 2690 3359 2764 κρυφίων
3392 2689 3488 2744 τοῦ
3521 2688 3642 2743 υἱοῦ
3669 2730 3687 2755 ,

2095 2793 2311 2865 ψαλμὸς
2338 2789 2416 2861 τῷ
2444 2787 2629 2841 Δαόίδ.
2663 2806 2681 2840 ›
2730 2786 2788 2839 '0
2826 2785 2926 2856 μὲν
2946 2784 2991 2816 ³⁵
3035 2782 3357 2854 Σύμμαχος,
3387 2782 3692 2837 ἐπινίκιον

2096 2883 2230 2953 περὶ
2274 2881 2383 2936 τοῦ
2439 2878 2700 2935 θανάτου
2748 2875 2857 2931 τοῦ
2897 2874 3068 2930 υΙοῦ·
3120 2876 3149 2928 6
3189 2874 3246 2928 δὲ
3291 2874 3557 2940 Ἀκύλας,
3609 2871 3692 2938 τῷ

2094 2971 2381 3038 νικοποιῷ
2421 2972 2816 3037 νεανεότητος
2837 2969 2883 3001 ⁸⁸
2925 2967 3034 3022 τοῦ
3068 2966 3236 3033 υἱοῦ,
3273 2967 3372 3020 καὶ
3415 2966 3445 3018 6
3490 2965 3690 3019 Θεοδο-
3728 3034 3742 3045 .

2096 3069 2268 3135 τίων,
2328 3064 2482 3133 ὑπὲρ
2523 3061 2723 3133 ἀκμῆς
2772 3061 2883 3116 τοῦ
2933 3058 3091 3116 υἱοῦ.
3140 3057 3462 3131 Συμφώνως
3504 3057 3690 3112 τοίνυν

409 3145 515 3200 tes,
548 3136 884 3194 mentionem
910 3138 1116 3195 iaciant
1149 3140 1218 3197 de
1267 3139 1401 3207 lilio,
1443 3142 1644 3198 docent
1703 3156 1801 3198 nos
1850 3144 1996 3199 hunc

2099 3162 2340 3225 ἆπαντες
2398 3159 2495 3213 τοῦ
2569 3155 2688 3211 υίοῦ
2761 3152 3270 3228 μνημονεύσαντες,
3336 3151 3689 3223 διδάσκουσιν

406 3226 576 3281 etiam
606 3229 883 3299 psalmum
916 3230 1201 3286 continere
1257 3232 1674 3300 praedictionem
1730 3234 1991 3301 victoriaa,

408 3331 576 3386 quam
625 3317 891 3376 Dominus
921 3322 1176 3378 Christus
1211 3332 1404 3379 contra
1438 3333 1666 3380 mortem
1728 3341 1997 3382 consecu-

408 3417 501 3465 tus
529 3419 631 3466 est.
666 3410 905 3469 Fortiter
929 3415 1073 3469 enim
1100 3425 1155 3470 et
1182 3424 1405 3473 strenue
1433 3417 1647 3474 devicto
1675 3418 1842 3491 656
1869 3436 1997 3490 pec-

409 3509 557 3568 cato,
587 3518 768 3575 neque
796 3506 904 3561 ulla
940 3507 1165 3576 praebita
1200 3510 1511 3577 occasione,
1545 3517 1605 3565 ut
1654 3526 1805 3566 mors
1841 3512 1992 3567 illum

410 3596 868 3665 apprehenderet,
902 3600 1021 3670 ejus
1052 3603 1223 3658 robur
1249 3601 1467 3659 evertit.
1501 3601 1786 3659 Occullum
1810 3611 1993 3661 autem

411 3685 518 3742 hoc
554 3692 861 3760 mysterium
895 3690 1250 3764 Septuaginta
1280 3704 1700 3767 nuncuparunt:
1727 3712 1852 3752 nam
1869 3712 1994 3752 cum

409 3776 552 3834 alios
586 3795 797 3850 omnes,
826 3792 939 3838 tum
978 3784 1144 3840 etiam
1180 3786 1330 3856 ipsos
1376 3789 1656 3858 apostolos
1714 3789 1821 3845 hoc
1855 3790 1996 3846 late-

412 3868 524 3924 bat.
574 3869 745 3942 Cujus
789 3875 868 3929 rei
903 3877 1238 3947 evangelism
1280 3880 1435 3936 testis
1497 3889 1601 3937 est.
1661 3879 1798 3938 Cum
1849 3882 1993 3936 enim

409 3979 554 4034 sape
586 3963 851 4022 Dominus
902 3968 983 4024 eis
1036 3969 1306 4027 dixisset:
1375 3990 1392 4022 α
1437 3973 1579 4030 Ecce
1642 3974 1997 4032 ascendimus

407 4046 869 4129 Hierosolymam,
908 4068 964 4114 et
1010 4060 1185 4117 Filius
1216 4063 1456 4120 hominis
1486 4066 1754 4132 tradetur,
1781 4075 1840 4122 ut
1863 4082 1995 4123 cru-

407 4149 680 4219 ciligatur,
710 4159 765 4206 et
810 4152 1064 4208 occident
1094 4156 1270 4222 illum,
1337 4166 1392 4214 et
1445 4158 1609 4214 tertio
1671 4159 1761 4216 die
1804 4174 1993 4215 resur-

407 4250 564 4311 gete,
602 4263 621 4295 ι
655 4244 943 4313 subjunxit
975 4249 1303 4320 evangelista
1333 4269 1345 4304 :
1403 4269 1421 4304 ι
1458 4253 1525 4306 Ει
1578 4262 1698 4308 erat
1730 4252 1836 4309 hoc
1895 4268 1993 4310 oc-

406 4333 613 4390 cultum
647 4338 717 4391 ab
756 4339 934 4394 oculis
965 4340 1206 4411 ipsorum
1240 4343 1285 4398 τ.
1336 4364 1354 4396 ι
1386 4342 1732 4415 Quapropter
1796 4345 1994 4405 beatus

2098 3256 2268 3326 ἡμᾶς,
2303 3254 2381 3316 ὡς
2423 3250 2768 3322 προφητείαν
2796 3247 2893 3302 καὶ
2923 3241 3080 3308 οὗτος
3121 3245 3400 3326 ὁ-ψαλμὸς
3437 3243 3689 3314 περιέχει

2097 3323 2201 3417 τῆς
2226 3345 2369 3400 κατὰ
2396 3342 2491 3397 τοῦ
2511 3343 2553 3375 ³⁷
2590 3340 2827 3395 θανάτου
2866 3340 3023 3412 νίκης
3056 3323 3457 3393 τοῦΔεσπότου
3476 3337 3521 3369 ³⁸
3551 3337 3690 3407 Χρι-

2100 3435 2249 3490 στοῦ.
2319 3432 2617 3504 Ἀνδρικῶς
2668 3431 2779 3502 γὰρ
2830 3430 2930 3484 καὶ
2982 3428 3251 3493 νεανικῶς
3303 3429 3533 3499 νικήσας
3587 3427 3689 3497 τὴν

2100 3527 2378 3601 ἁμαρτίαν
2399 3565 2415 3593 ,
2458 3527 2552 3581 καὶ
2586 3524 2762 3595 λαϐῆς
2777 3524 2822 3556 ³⁸
2856 3522 3114 3595 ἀφορμὴν
3140 3521 3397 3591 οὐδεμίαν
3434 3517 3691 3584 δεδωκὼς

2098 3620 2178 3691 τῷ
2209 3618 2458 3688 θανάτῳ,
2492 3615 2787 3670 κατέλυσεν
2835 3613 3005 3668 αὑτοῦ
3050 3614 3112 3669 τὸ
3145 3614 3366 3685 κράτος.
3417 3613 3690 3681 Κρύφιον

2099 3712 2157 3765 δὲ
2188 3709 2347 3763 τοῦτο
2376 3708 2442 3763 τὸ
2463 3705 2806 3778 μυστήριον
2851 3706 2902 3759 οί
2947 3705 3356 3776 Ἑϐδομήκοντα
3410 3702 3689 3775 προσηγό-

2104 3818 2333 3875 ρευσαν,
2372 3798 2564 3870 ἐπειδὴ
2614 3798 2711 3854 καὶ
2761 3797 2890 3862 τοὺς
2938 3796 3135 3860 ἄλλους
3189 3796 3471 3860 ἅπαντας,
3525 3801 3622 3849 καὶ
3639 3793 3687 3827 ⁸⁸

2100 3893 2299 3956 αὐτοὺς
2340 3892 2470 3956 τοὺς
2501 3890 2838 3952 ἀποστόλους
2877 3888 3219 3944 ὲλάνθανειί.
3254 3888 3369 3942 Καὶ
3415 3888 3627 3959 μάρτυς
3656 3887 3688 3938 6

2101 3983 2531 4055 εὑαγγελιστής⁶
2589 3980 2685 4035 τοῦ
2735 3981 2846 4051 γὰρ
2906 3979 3115 4051 Κυρίου
3179 3978 3445 4043 πολλάκις
3499 3978 3688 4042 αὑτοῖς

2101 4073 2419 4145 εἰρηκότος,
2476 4089 2495 4124 ιι
2549 4069 2680 4126 Ἰδοὺ
2726 4070 3095 4140 ἀναϐαίνομεν
3151 4072 3230 4135 είς
3292 4068 3685 4141 Ἱεροσόλυμα,

2101 4164 2195 4220 καὶ
2221 4166 2249 4218 6
2267 4164 2396 4230 Υἱὸς
2420 4162 2514 4217 τοῦ
2539 4162 2830 4234 ἀνθρώπου
2858 4162 3306 4234 παραδοθήσεται
3333 4164 3416 4226 εἰς
3435 4161 3498 4215 τδ
3523 4177 3688 4216 σταυ-

2103 4256 2381 4328 ρωθῆναι,
2431 4254 2526 4309 καὶ
2557 4254 2954 4310 ἀποκτενοῦσιν
3011 4253 3210 4319 αὑτὸν,
3265 4254 3365 4308 καὶ
3416 4255 3485 4325 τῇ
3525 4253 3688 4325 τρίτῃ

2100 4347 2287 4419 ἡμέρα
2336 4345 2699 4417 ἐγερθήσεται
2719 4363 2741 4421 ’ξ
2794 4365 2813 4399 ι
2857 4347 3139 4416 ἐπήγαγεν
3179 4347 3206 4400 ό
3249 4345 3678 4416 εὐαγγελιστής’

405 4427 577 4482 etiam
611 4426 815 4483 Paulus
841 4430 1083 4486 clamat;
1128 4453 1144 4484 ι
1184 4434 1521 4505 Sapientiam
1555 4436 1836 4506 loquimur
1895 4437 1992 4493 Dei

2106 4458 2127 4491 ι
2168 4440 2281 4494 Καὶ
2321 4434 2390 4511 ἦν
2434 4439 2595 4493 τοῦτο
2636 4440 3023 4513 κεκρυμμένον
3068 4440 3177 4494 άπὸ
3227 4439 3338 4494 τῶν
3385 4438 3682 4510 ὀφθαλμῶν

407 4518 463 4574 in
499 4521 760 4591 mysterio
820 4525 1179 4593 reconditam,
1241 4544 1408 4598 quam
1460 4505 1644 4583 nemo,
1679 4529 1992 4599 principum

2100 4528 2301 4583 αὑτῶν.
2403 4530 2492 4583 Διὸ
2525 4531 2619 4584 καὶ
2647 4533 2675 4584 6
2706 4505 2980 4603 μακάριος
3012 4530 3225 4595 Παῦλος
3252 4530 3382 4603 βοᾷ·
3479 4505 3682 4600 Σοιρίαν

407 4612 595 4667 διορυιί
624 4613 791 4685 hujus
826 4618 1021 4673 novit:
1062 4621 1106 4676 si
1140 4622 1285 4676 enim
1352 4621 1658 4684 novissent,
1706 4637 1989 4692 nunquam

407 4702 704 4761 Dominum
765 4709 953 4782 gloriae
1013 4713 1420 4769 crueilixissent
1458 4721 1504 4767 Β.
1546 4731 1564 4763 ι
1631 4710 1699 4767 Et
1755 4726 1990 4770 rursus:

410 4814 430 4847 ‹
468 4794 785 4868 Mysterium
820 4805 1096 4862 occultum
1130 4822 1159 4861 a
1196 4805 1437 4872 saeculis,
1471 4813 1525 4861 et
1553 4820 1582 4861 a
1612 4807 1984 4878 generationi-

475 4993 503 5034 δ
546 4998 710 5057 Hebr.
743 5021 806 5075 ιι,
835 5008 892 5064 9.
971 5020 994 5048 ο
1032 5007 1165 5064 ibid.
1198 5008 1254 5063 8.
1334 5008 1363 5048 ἀ
1406 5007 1577 5067 lCor.
1611 5025 1703 5075 xv,
1768 5008 1861 5064 27.

2098 4623 2371 4696 λαλοῦμεν
2408 4624 2543 4680 Θεοῦ
2580 4627 2637 4679 ὲν
2684 4626 2968 4699 μυστηρίῳ
3010 4625 3110 4695 τὴν
3141 4624 3680 4696 ἀποκεκρυμμένην,

2098 4717 2166 4787 ἢν
2196 4718 2373 4781 οὐδεὶς
2426 4721 2537 4773 τῶν
2586 4719 2871 4790 ἀρχόντων
2903 4718 2999 4772 τοῦ
3030 4717 3228 4782 αἰῶνος
3278 4717 3471 4771 τούτου
3516 4717 3686 4785 ἐγνω-

2092 4824 2224 4861 κεν·
2256 4810 2305 4861 εἰ
2336 4807 2446 4879 γὰρ
2486 4806 2757 4877 ἔγνωσαν,
2794 4808 2897 4862 οὑκ
2927 4806 2996 4861 ἂν
3035 4809 3129 4863 τὸν
3157 4807 3366 4879 Κύριον
3394 4807 3496 4878 τῆς
3524 4806 3684 4878 δόξης

1965 5020 1989 5049 ε
2029 5005 2162 5064 Luc.
2199 5024 2359 5075 xvnl,
2387 5009 2451 5065 3i
2487 5023 2644 5080 seqq.
2726 5008 2745 5047 ί
2782 5008 2917 5064 ibid.
2951 5008 3041 5064 54.
3121 5010 3147 5048 ⁸
3188 5008 3206 5064 1
3236 5007 3366 5064 Cor.
3404 5024 3464 5078 ll,
3499 5008 3552 5076 7,
3587 5008 3646 5063 8.

1488 5187 1726 5247 VARIE
1762 5184 2152 5248 LECTlONES
2187 5186 2277 5243 ΕΤ
2301 5184 2537 5246 NOTAE.

466 5359 513 5393 ³³
560 5359 955 5429 Ἀπόστολος.
982 5361 1118 5416 Cod.
1147 5361 1184 5414 2
1215 5362 1447 5427 Παῦλος.
1495 5367 1573 5420 ita
1607 5383 1826 5440 quoque
1851 5372 1957 5442 leg.

466 5431 548 5487 illd
582 5430 745 5487 Cord.
780 5449 835 5487 ο.
876 5432 1001 5487 135.
1077 5431 1123 5463 ³³
1160 5434 1533 5487 Κορινθίους.
1595 5438 1729 5487 Cod-
1782 5442 1818 5487 Ξ
1875 5441 1996 5487 addi

2087 5374 2141 5430 Id
2172 5374 2337 5430 Cord.
2364 5388 2419 5444 p.
2457 5369 2580 5426 165.
2659 5371 2704 5403 ³³
2734 5368 3192 5455 Καὶ-τΔεσπότῃ
3243 5370 3498 5440 Χριστῷ.
3552 5372 3679 5430 Des.

2088 5444 2363 5487 ἐπιδ-τι)λῆ
2443 5442 2489 5474 ³⁸
2538 5440 2676 5487 Cod-
2733 5440 2769 5487 2
2821 5440 3005 5487 αὑτός-
3082 5439 3131 5473 ⁸⁸
3176 5443 3233 5487 Ὢ
3276 5442 3405 5487 "Av-
3440 5460 3494 5487 κ-
3560 5443 3679 5487 ιλ.

403 5435 548 5551 artaci
582 5435 745 5515 Cprd.
780 5449 835 5505 p.
876 5435 1001 5487 1‘55.
1077 5435 1123 5463 "
1160 5435 1533 5501 Κορινθίους.
1595 5435 1818 5522 Cod—:2
1854 5435 2048 5521 addit'
2088 5435 2382 5516 ὲπιστολῇῖ
2443 5442 2489 5474 ⁸⁸
2538 5440 2676 5496 Cod.
2733 5440 2769 5493 2
2821 5440 3005 5524 αὑτός.
3082 5439 3131 5473 ⁸⁸
3163 5435 3233 5495 ’Ὅ
3269 5435 3409 5511 μὲν,
3440 5435 3495 5497 κ.
3560 5460 3611 5499 τ.
3629 5443 3683 5497 λ.

402 5498 531 5581 [53c
584 5501 670 5581 bis
719 5504 865 5581 apud
921 5501 1087 5557 Cord.
1135 5502 1493 5581 ιεευκειιιυτκρ.
1540 5506 1660 5575 172,
1696 5510 1789 5565 ubi
1823 5527 1942 5567 sme
1980 5516 2225 5570 auctoris
2257 5513 2484 5569 nomine
2515 5527 2611 5580 per
2641 5511 3045 5581 compendium
3074 5512 3435 5579 exhibentur,
3468 5521 3524 5567 et
3554 5529 3680 5581 pag.

404 5568 530 5654 1893
562 5572 655 5626 ubi
674 5568 865 5654 eadem
899 5568 1216 5654 recurrunt,
1245 5568 1539 5654 Theodoro
1568 5568 1827 5654 ascripta.
1870 5584 1953 5654 -ιθ
1986 5587 1996 5634 t

2087 5568 2602 5654 lii—vsaviémebc.
2630 5580 2724 5637 Sic
2748 5568 2967 5654 quoque
2997 5578 3191 5638 Montf.
3225 5583 3263 5654 l.
3294 5599 3344 5640 c.
3374 5568 3434 5654 p.'
3461 5568 3687 5654 485.,Et

404 5635 603 5721 ilosius
639 5644 707 5698 ad
741 5643 880 5721 h._l.
916 5640 1128 5721 Aquilae
1162 5640 1450 5721 lectionem
1475 5635 1813 5721 exprimunt.
1857 5651 1996 5710 Code

2087 5635 2134 5707 ἐ
2167 5635 2350 5710 habet
2373 5635 2619 5721 cana,
2647 5635 3037 5721 sanctae...
3066 5635 3400 5709 vividam:
3415 5635 3428 5640 ⁷
3467 5635 3680 5709 Vicit}.

402 5709 574 5806 illi“
592 5714 796 5806 Ἤ)ίᾷ
817 5711 997 5806 2.z...”
1020 5715 1146 5806 1³⁸2
1147 5714 1388 5806 ἤϊίέξοέθέ..
1417 5709 1653 5806 ἑβθέιρ
1684 5723 1889 5806 (εεάεὲ
1918 5792 1930 5806 .
1965 5723 1996 5806 ³1

2087 5723 2443 5806 ιαόῇςκαού.
2478 5725 2497 5776 l
2528 5709 2765 5794 ’βλάϐης
2810 5722 2886 5778 lla
2913 5709 3315 5806 quoqueapud
3347 5723 3520 5806 θοι-(ι.
3550 5740 3681 5797 pag.

404 5776 527 5832 189.
603 5781 650 5814 ⁸ο
683 5783 815 5839 Καί.
845 5782 983 5839 Cod.
1019 5781 1072 5848 1,
1097 5781 1133 5835 2
1159 5783 1251 5837 καὶ
1290 5782 1388 5854 μέν
1415 5802 1498 5840 τοι
1527 5789 1639 5844 καί.

1717 5793 1761 5826 ⁸⁸
1791 5792 2138 5852 Ἐλάνθανες.
2176 5792 2312 5853 Cod.
2340 5807 2571 5867 uterque
2608 5792 2794 5867 praem.
2832 5792 2949 5866 προ
2973 5794 3069 5849 τοῦ
3110 5792 3326 5861 τέλους.
