4090 6466
424 447 531 512 923

1426 443 1917 506 THEODORETI
1949 440 2289 503 EPISCOPI
2318 440 2688 503 CYRENSIS
3595 436 3702 500 92L

502 562 666 619 Vsus.
703 562 758 616 6.
793 581 811 613 ‹
850 560 1146 630 lncrepasti
1188 570 1400 631 gentes,
1446 570 1504 615 et
1556 561 1721 631 periit
1769 560 2004 630 impius:

2188 557 2263 624 ς’.
2303 576 2323 610 ι
2358 558 2736 628 Ἐπετίμησας
2764 553 2966 620 ἔθνεσι,
2996 553 3091 608 καὶ
3118 551 3371 607 ἀπώλετο
3402 553 3430 606 6
3456 553 3661 624 ἀσεϐής
3681 569 3697 586 ο
3796 628 3803 633 .

431 671 630 712 nomen
661 657 782 726 ejus
813 654 1062 709 delevisti
1093 654 1149 708 in
1179 662 1474 718 atternum,
1530 663 1587 709 et
1640 653 1696 709 in
1749 655 2012 709 sarculum

430 749 635 805 szeculi.
671 766 691 799 ι
729 746 847 802 Non
871 746 1015 802 enim
1048 746 1329 812 tolerasti,
1370 746 1565 817 inquit,
1588 746 1797 802 diutius
1832 745 2015 800 homio

431 856 561 897 num
603 851 856 895 naturam
887 838 1190 908 despicere,
1224 839 1295 894 ab
1323 839 1524 915 acerbo
1556 846 1788 910 tyranno
1818 839 1871 892 in
1895 853 2015 894 ser-

431 934 659 988 vitutem
702 932 845 988 male
910 932 1214 997 redactam,
1274 933 1370 989 sed
1417 941 1678 1004 tanquam
1741 932 2014 1003 quispiam

427 1026 596 1093 jndex
628 1040 795 1095 super
815 1024 956 1079 solio
990 1024 1232 1094 quodam
1287 1025 1399 1079 alto
1448 1032 1503 1079 et
1570 1024 1800 1081 terribili
1836 1024 2015 1080 tribu-

434 1114 543 1169 nali
578 1116 797 1179 sedens,
822 1114 987 1168 talem
1016 1113 1121 1184 ipsi
1155 1128 1374 1183 poenam
1410 1113 1744 1184 imposuisti,
1790 1121 1853 1170 ut
1903 1129 2019 1171 me-

433 1203 608 1268 moria
640 1203 806 1271 hujus
836 1202 1173 1272 sempiterna
1215 1202 1496 1257 oblivione
1519 1204 1862 1259 obscuretur.
1891 1203 2019 1260 Haec

435 1302 618 1347 autem
649 1292 855 1347 verba:
897 1310 916 1342 ι
958 1289 1258 1361 Increpasti
1290 1301 1506 1362 gentes,
1575 1300 1632 1348 et
1697 1294 1858 1364 periit
1911 1294 2018 1349 im-

438 1384 584 1453 pius,
631 1402 650 1435 ι
702 1383 849 1438 hunc
873 1384 1077 1438 habent
1103 1398 1324 1438 sensum
1348 1400 1360 1436 :
1392 1381 1499 1438 Per
1523 1398 1713 1440 sacros
1742 1386 2019 1453 apostolos

438 1483 487 1529 cl
516 1489 614 1543 per
643 1486 921 1543 praecones
953 1472 1225 1537 veritatis,
1256 1473 1352 1543 qui
1408 1482 1531 1543 post
1583 1474 1709 1528 illus
1774 1473 2017 1542 fuerunt,

436 1566 688 1622 obtulisti
736 1567 994 1637 gentibus
1048 1563 1233 1620 divina
1278 1565 1575 1636 dogmata:
1609 1555 1713 1619 illae.
1748 1579 2018 1620 verocum

438 1659 807 1728 accepissent,
840 1667 893 1712 et
947 1658 1016 1713 ab
1052 1672 1243 1713 errore
1294 1656 1537 1712 liberata:
1596 1666 1801 1720 essent,
1859 1659 2023 1728 periit

438 1751 660 1820 impius,
689 1765 797 1805 non
830 1750 1064 1820 amplius
1108 1751 1317 1807 habens
1363 1749 1621 1807 seductos
1677 1750 2018 1809 adoratores.

440 1844 535 1898 Sic
568 1843 846 1899 Barnabas
905 1854 963 1899 et
988 1842 1194 1899 Paulus
1246 1842 1555 1915 Lycaones,
1611 1843 1704 1914 qui
1742 1844 2020 1900 conaban-

440 1943 531 1988 tur
559 1934 694 2003 ipsis
725 1932 1060 1997 sacriiicare,
1115 1933 1540 2004 increpaverunt
1594 1933 1966 1991 vociferantes
2003 1951 2020 1990 :

446 2044 466 2077 ι
496 2024 639 2093 Quid
659 2024 871 2093 facitis,
898 2025 1045 2081 viri?
1070 2033 1126 2081 et
1154 2040 1254 2082 nos
1277 2025 1538 2082 mortales
1569 2042 1785 2091 sumus,
1818 2027 2024 2083 similes

440 2115 594 2171 vobis
630 2114 904 2177 homines,
936 2123 1318 2171 convertentes
1352 2131 1453 2172 vos
1485 2115 1554 2171 ab
1585 2116 1674 2172 his
1707 2117 1872 2173 rebus
1930 2133 2026 2172 va-

438 2208 527 2263 nis
564 2207 631 2262 ad
672 2207 839 2262 Deum
871 2216 920 2263 ι’.
965 2228 983 2261 ι
1017 2208 1107 2263 Sic
1131 2208 1298 2263 etiam
1340 2207 1541 2263 beatus
1596 2207 1803 2264 Paulus
1848 2209 2025 2264 incre-

436 2295 585 2367 pavit
622 2294 846 2350 Galatas
879 2314 892 2350 :
950 2315 969 2348 ι
1005 2295 1049 2350 Ο
1072 2296 1254 2351 stolidi
1302 2294 1532 2363 Galatae,
1573 2297 1698 2368 quis
1722 2312 1823 2353 vos
1856 2297 2023 2354 fasci-

439 2387 612 2452 navit,
644 2388 848 2456 quibus
877 2395 1003 2442 ante
1037 2388 1228 2442 oculos
1252 2385 1413 2445 Jesus
1466 2388 1723 2445 Christus
1761 2391 2018 2460 praescri-

439 2488 569 2549 ptus
600 2489 686 2535 est
718 2479 1016 2536 cruciﬁxus
1042 2481 1104 2534 °?
1136 2499 1156 2533 ι
1196 2480 1288 2535 Sic
1315 2481 1381 2535 ad
1411 2480 1735 2538 Corinthios
1762 2499 1776 2536 :
1836 2502 1855 2535 ι
1893 2481 2025 2538 Om-

440 2571 575 2626 nino
600 2574 620 2596 ‘
651 2571 877 2627 auditur
902 2572 1043 2627 inter
1070 2587 1170 2628 vos
1199 2571 1511 2640 fornicatio,
1546 2582 1600 2629 et
1619 2574 1745 2631 talis
1778 2574 2022 2631 fornica-

442 2661 539 2725 tio,
574 2662 752 2731 qualis
784 2677 959 2732 neque
988 2660 1155 2733 659
1187 2661 1330 2717 inter
1353 2674 1542 2733 gentes
1575 2665 1886 2720 nominatur
1920 2677 1966 2723 ι).
2001 2683 2019 2715 ι

441 2752 582 2824 Ergo
610 2754 912 2824 increpavit
941 2763 1156 2824 gentes.
1190 2762 1247 2809 et
1274 2755 1438 2824 periit
1466 2755 1689 2825 impius,
1731 2766 1786 2811 et
1815 2772 2017 2812 nomen

437 2844 560 2915 ejus
590 2846 792 2901 delevit
831 2846 885 2901 in
937 2846 1200 2902 saeculum
1264 2847 1473 2903 saeculi.
1544 2846 1827 2904 Exstincta
1875 2850 2025 2904 enim

440 2952 667 3007 prorsus
700 2948 830 2994 sunt
856 2939 1159 3009 impietatis
1202 2953 1383 3006 sacra,
1434 2949 1491 2996 et
1537 2940 1822 2996 oblivione
1875 2955 2026 2997 sem-

439 3026 654 3096 piterna
683 3029 862 3084 deleta
894 3038 1044 3093 sunt,
1081 3037 1143 3084 ut
1168 3043 1345 3085 nemo
1381 3045 1450 3085 ex
1500 3030 1821 3087 hominibus
1859 3030 2025 3102 hujus

441 3119 710 3190 temporis
741 3121 881 3177 sciat
911 3120 1214 3190 impietatis
1243 3120 1526 3191 mysteria.

511 3297 679 3353 Vens.
717 3300 769 3353 7.
809 3318 829 3349 ι
853 3297 1064 3354 Inimici
1090 3298 1412 3355 defecerunt
1432 3297 1671 3369 gladiiin
1700 3307 2024 3369 perpetuum

441 3397 498 3443 et
526 3388 775 3444 civitates
804 3387 1144 3446 destruxisti.
1188 3406 1207 3440 ι
1258 3387 1506 3458 Propriis
1534 3387 1680 3443 enim
1709 3386 1880 3442 armis
1933 3402 2025 3443 or-

441 3480 607 3534 batus
636 3487 773 3540 erat,
799 3492 923 3533 cum
966 3477 1263 3547 impietatis
1302 3478 1589 3534 ministros
1624 3493 1736 3534 non
1780 3479 2023 3537 haberet.

444 3568 551 3636 Qui
583 3582 714 3623 vero
740 3583 798 3625 se
823 3568 974 3638 ipsos
1002 3568 1371 3625 instrumenta
1404 3569 1701 3640 impietatis
1719 3570 1869 3626 illius
1892 3585 2027 3626 con-

440 3662 759 3724 stituerant,
789 3661 841 3716 h‘i
898 3678 1047 3717 nunc
1108 3663 1327 3726 mutati,
1369 3663 1573 3718 bellum
1609 3671 1801 3719 contra
1867 3664 2024 3719 illum

445 3761 823 3824 susceperant.
866 3752 933 3808 Et
974 3754 1246 3817 civitates,
1309 3769 1499 3811 eversa
1536 3755 1837 3835 impietate,
1905 3772 2029 3826 quae

444 3846 504 3902 in
546 3846 688 3918 ipsis
717 3847 851 3902 olim
907 3847 1087 3901 locum
1142 3847 1401 3914 habebat,
1451 3847 1665 3918 pietatis
1708 3848 2030 3905 aedificatio-

443 3951 571 3991 nem
626 3944 1007 4007 susceperunt.
1052 3934 1172 3992 Non
1202 3937 1348 3992 enim
1377 3936 1495 3992 ﬁeri
1526 3946 1741 4008 poterat
1767 3945 1829 3992 ut
1851 3938 2028 4008 pietas

446 4029 833 4097 mdiﬁcaretur,
875 4028 981 4084 nisi
1029 4028 1185 4099 prius
1213 4028 1468 4099 impietas
1497 4029 1679 4084 diruta
1710 4038 1876 4085 esset.
1911 4028 2029 4086 Hoc

444 4135 500 4182 et
531 4126 753 4181 divinus
777 4125 1072 4196 Apostolus
1100 4124 1237 4180 dixit
1275 4143 1288 4179 :
1326 4143 1346 4175 ι
1390 4124 1661 4195 Apparuit
1704 4126 1883 4197 gratia
1931 4124 2029 4180 Dei

444 4219 702 4275 salutaris
724 4219 981 4274 omnibus
1011 4216 1345 4282 hominibus,
1379 4218 1636 4275 erudiens
1662 4234 1790 4282 nos,
1819 4226 1880 4273 ut
1927 4218 2028 4275 ab-

444 4317 709 4380 negantes
736 4308 1073 4379 impietatem
1106 4315 1163 4361 et
1194 4307 1480 4363 saecularia
1507 4307 1805 4376 desideria,
1838 4308 2026 4363 sobrie

443 4413 498 4456 et
519 4401 606 4472 pie
633 4402 882 4458 vivamus
911 4400 966 4455 in
1000 4401 1104 4455 hoc
1130 4401 1390 4467 sacculos,
1429 4420 1449 4454 ι
1476 4410 1533 4457 et
1551 4416 1674 4471 quae
1700 4410 2026 4469 sequuntur.

446 4493 539 4550 Sic
568 4494 800 4564 quilibet
833 4508 943 4547 non
976 4507 1103 4547 cum
1132 4490 1355 4549 Christo
1391 4492 1648 4563 resurgit,
1707 4491 2026 4561 priusquam

2114 650 2175 704 τὸ
2210 650 2382 722 ὄνομα
2421 648 2589 703 αὐτοῦ
2619 647 2912 719 ὲξήλειψας
2962 647 3045 710 είς
3099 646 3194 699 τὸν
3244 645 3436 711 αἰῶνα,
3485 645 3582 699 καί
3619 647 3700 709 εἰς

2114 742 2206 795 τὸν
2244 742 2419 796 αἰῶνα
2455 741 2550 794 τοῦ
2599 740 2816 803 αἰῶνος.
2877 759 2896 793 ι
2941 740 3018 793 υῦ
3049 739 3161 810 γὰρ
3202 739 3463 810 ἠνέσχου,
3504 739 3697 811 φησὶν,

2115 833 2210 887 ἐπὶ
2238 834 2490 887 πλεῖστον
2524 831 2789 904 περιϊδεῖν
2820 831 2931 886 τῶν
2956 830 3263 902 ἀνθρώπων
3287 830 3384 901 τὴν
3409 829 3574 898 φύσιν
3596 828 3708 884 ὑπὸ

2114 924 2211 978 τοῦ
2244 923 2442 996 πικροῦ
2470 924 2738 995 τυράννου
2779 922 3150 994 δουλουμένην
3184 922 3395 986 κακῶς,
3444 921 3561 976 ἀλλ’
3588 917 3704 975 οἷόν

2116 1035 2201 1082 τις
2236 1016 2521 1088 δικαστὴς,
2570 1017 2668 1070 ἐπὶ
2696 1016 2888 1088 θρόνου
2916 1016 3063 1080 τινὸς
3097 1014 3305 1087 ὑψηλοῦ
3340 1015 3436 1069 καὶ
3466 1012 3704 1086 φοϐεροῦ

2120 1109 2364 1182 βήματος
2416 1108 2652 1173 καθίσας
2687 1110 2755 1175 ⁸³,
2791 1107 3051 1180 τοιαύτην
3100 1107 3248 1178 αὐτῷ
3279 1107 3553 1179 τιμωρίαν
3610 1109 3709 1159 ἐπ-

2119 1202 2360 1274 ήνεγκας
2372 1242 2386 1269 ,
2417 1199 2558 1254 ὥστε
2575 1199 2713 1272 λήθῃ
2731 1199 2989 1254 παντελεῖ
3007 1199 3196 1253 τούτου
3215 1198 3588 1271 παραδοθῆναι
3606 1198 3709 1269 τὴν

2122 1294 2363 1364 μνήμην.
2401 1293 2476 1346 Τὸ
2503 1290 2562 1345 δέ
2602 1308 2695 1361 γε,
2738 1311 2758 1343 ι
2795 1291 3174 1361 Ἐπετίμησας
3225 1290 3428 1357 ἔθνεσι,
3463 1292 3557 1345 καὶ
3602 1292 3710 1344 ἀπ⁴

2118 1384 2288 1438 ὠλετο
2308 1386 2336 1438 6
2360 1383 2596 1453 ἀσεϐὴς,
2630 1403 2649 1436 ι
2678 1382 2886 1455 ταύτην
2917 1382 3031 1453 ἔχει
3055 1382 3157 1454 τὴν
3191 1382 3567 1436 διάνοιανοΔιά
3599 1381 3711 1435 τῶν

2124 1477 2286 1547 ἱερῶν
2340 1476 2689 1541 ἀποστόλων,
2724 1476 2819 1529 καί
2858 1473 2968 1528 τῶν
3005 1473 3122 1545 μετ’
3154 1473 3404 1536 ἐκείνους
3452 1472 3552 1543 τῆς
3583 1471 3711 1544 ἀλη-

2122 1569 2271 1633 θείας
2298 1568 2560 1641 κηρύκων
2577 1569 2644 1633 ⁸³,
2679 1569 3062 1638 προσήνεγκες
3083 1565 3130 1598 ⁸⁸
3159 1568 3273 1628 τοῖς
3298 1565 3479 1618 ἔθνεσι
3497 1565 3566 1619 τὰ
3591 1565 3711 1622 θεῖα

2121 1662 2368 1731 δόγματα
2392 1662 2460 1693 ⁸⁵·
2505 1658 2734 1714 ἐκείνων
2771 1658 2828 1712 δὲ
2873 1657 3220 1729 δεξαμένων,
3253 1657 3347 1711 καὶ
3379 1659 3480 1727 τῆς
3500 1655 3710 1728 πλάνης

2121 1751 2555 1821 ἀπαλλαγέντων
2579 1791 2595 1816 ,
2626 1748 2878 1804 ἀπώλετο
2905 1750 2935 1802 6
2969 1748 3197 1819 ἀσεϐὴς,
3231 1748 3360 1811 τοὺς
3410 1744 3711 1816 ἀπατωμέ-

2122 1858 2249 1906 νους
2286 1843 2384 1897 καὶ
2425 1840 2876 1913 προσκυνοῦντας
2902 1841 3004 1894 οὐκ
3043 1839 3205 1910 ἔχων.
3234 1837 3394 1892 υῦτω
3412 1837 3460 1869 ⁸⁸
3496 1835 3711 1907 Βαρνά-

2124 1933 2224 1998 ϐας
2252 1934 2349 1987 καὶ⁵
2393 1933 2609 1999 Παῦλος
2657 1931 2819 1987 θῦσαι
2870 1931 3182 2003 πειραθεῖσι
3213 1930 3486 1985 Δυκάοσιν
3528 1926 3716 1982 ἐπετίο

2126 2042 2307 2097 μησαν
2361 2023 2627 2095 βοῶντες·
2686 2043 2706 2076 ι
2739 2024 2806 2079 Τί
2859 2026 3066 2078 ποιεῖτε
3093 2063 3109 2089 ,
3142 2022 3370 2095 ἀνδρες;
3405 2022 3501 2075 καὶ
3551 2023 3715 2093 ἡμεῖς

2122 2117 2477 2190 ὁμοιοπαθεῖς
2504 2118 2675 2188 ἐσμεν
2709 2117 2839 2188 ύμῖν
2869 2116 3173 2187 ἄνθρωποι,
3205 2115 3316 2169 ἀπὸ
3345 2115 3554 2168 τούτων
3598 2113 3711 2167 τῶν

2127 2209 2374 2280 ματαίων
2420 2209 2560 2280 πρὸς
2605 2208 2698 2262 τὸν
2748 2206 2885 2261 Θεὸν
2935 2208 3084 2279 ὑμᾶς
3122 2206 3635 2279 ὲπιστρέφοντες⁶⁷.
3687 2223 3709 2255 ι

2124 2300 2281 2355 Οῦτω
2317 2300 2594 2365 Γαλάταις
2625 2300 2655 2353 6
2693 2299 2968 2372 μακάριος
3000 2298 3364 2370 ἐπετίμησε⁶⁸
3408 2297 3623 2361 Παῦλος
3641 2297 3711 2330 "-

2123 2387 2194 2445 '0
2220 2392 2439 2464 ἀνόητοι
2466 2392 2727 2459 Γαλάται,
2756 2392 2842 2456 τίς
2880 2392 3026 2462 ὑμᾶς
3062 2389 3366 2444 ἐϐάσκανεν
3380 2389 3451 2457 ⁷⁸,
3478 2385 3559 2452 οἷς
3590 2388 3718 2443 κατ’

2124 2483 2442 2554 ὀφθαλμοὺς
2473 2481 2685 2553 Ἰησοῦς
2714 2481 2953 2553 Χριστὸς
2981 2484 3314 2552 προεγράφη
3358 2479 3720 2551 ἐσταυρωμέ-

2123 2591 2243 2641 νος;
2287 2593 2305 2626 ι
2343 2573 2501 2629 Οὕτω
2549 2573 2861 2644 Κορινθίοις
2885 2587 2899 2603 ⁶
2938 2590 2957 2625 t
2995 2573 3173 2636 Ὅλως
3201 2571 3461 2625 ἀκούεται
3489 2572 3549 2624 ἐν
3588 2571 3720 2641 ύμῖν

2125 2666 2373 2739 πορνεία,
2430 2666 2526 2721 καὶ
2558 2664 2789 2738 τοιαύτη
2829 2665 3080 2738 πορνεία,
3134 2664 3288 2719 aia."
3331 2663 3442 2718 οὐδ’
3494 2665 3553 2719 έν
3604 2664 3721 2728 τοῖς

2124 2759 2334 2811 ἔθνεσιν
2361 2757 2715 2828 ὀνομάζεται.
2738 2776 2758 2808 ›
2805 2756 3144 2827 Ἐπετίμησε
3169 2756 3352 2810 τοίνυν
3379 2755 3584 2820 ἔθνεσι,
3623 2754 3722 2809 καὶ

2123 2846 2376 2900 ἀπώλετο
2420 2847 2449 2899 6
2482 2845 2708 2916 ἀσεϐὴς,
2755 2847 2851 2900 καὶ
2891 2846 2954 2900 τὸ
2999 2846 3174 2917 δνομα
3218 2844 3385 2899 αὑτοῦ
3434 2844 3722 2913 ἐξήλειψεν

2124 2939 2205 3002 εἰς
2253 2937 2345 2991 τὸν
2376 2936 2549 2992 αίῶνα
2579 2937 2622 2969 ⁷⁸
2654 2936 2750 2991 τοῦ
2781 2936 2998 3000 αἰῶνος.
3034 2935 3404 3007 Ἐσϐέσοησαν
3441 2936 3554 3009 γάρ
3583 2952 3723 2989 παν-

2123 3028 2295 3091 τελῶς
2324 3029 2427 3100 τῆς
2476 3027 2737 3091 ἀσεϐείας
2770 3030 2827 3082 αἰ
2871 3027 3109 3095 τελεταὶ,
3145 3028 3241 3082 καὶ
3272 3028 3409 3100 λήθῃ
3460 3027 3725 3082 παντελεί

2125 3119 2508 3190 παρεδόθησαν
2533 3159 2548 3183 ,
2584 3119 2663 3182 ὡς
2695 3118 2902 3190 μηδένα
2938 3118 3051 3172 τῶν
3083 3116 3182 3173 νῦν
3225 3118 3537 3190 ἀνθρώπων
3578 3118 3719 3171 εἰδέ-

2051 3230 2099 3291 c
2127 3228 2218 3265 ναι
2247 3210 2315 3264 τὰ
2346 3210 2446 3281 τῆς
2478 3209 2739 3275 ἀσεϐείας
2773 3210 3078 3282 μυστήρια.

2204 3303 2269 3369 ζ’.
2306 3322 2325 3354 ι
2348 3301 2455 3356 Τοῦ
2487 3302 2683 3373 ἐχθροῦ
2709 3301 2961 3369 ἐξέλιπον
2981 3303 3039 3356 αί
3073 3304 3345 3374 ῥομφαῖαι
3371 3303 3418 3335 ⁷⁸
3438 3303 3519 3366 εἰς
3541 3300 3718 3368 τέλος,

2132 3396 2230 3450 καὶ
2266 3395 2455 3458 πόλεις
2487 3394 2760 3459 καθεῖλες.
2803 3412 2822 3446 ι
2874 3393 3201 3465 Ἐγυμνὼθη
3236 3395 3347 3466 γάρ
3373 3393 3482 3448 τῶν
3504 3394 3723 3448 οἰκείων

2132 3487 2333 3552 ὅπλων,
2368 3487 2468 3541 οὐκ
2499 3486 2639 3557 ἔχων
2670 3485 2773 3557 τῆς
2799 3486 3062 3550 ἀσεϐείας
3108 3487 3238 3550 τοὺς
3281 3486 3591 3557 ύπουργούς
3611 3502 3626 3517 ο
3666 3485 3722 3539 οῖ

2131 3577 2189 3632 δὲ
2222 3578 2365 3647 σφᾶς
2394 3576 2594 3640 αὐτοὺς
2634 3576 2847 3631 ἐκείνου
2881 3578 3333 3648 καταστήσαντες
3360 3577 3590 3649 ὄργανα,
3625 3570 3720 3630 οῦ-

2132 3687 2215 3726 τοι
2249 3667 2347 3724 νῦν
2397 3667 2836 3740 μεταταξάμενοι
2873 3669 2922 3702 "
2952 3669 3046 3723 τὸν
3078 3669 3202 3723 κατ’
3236 3669 3448 3724 ἐκείνου
3481 3670 3721 3741 πόλεμον

2133 3759 2480 3827 ἀνεδέξαντο.
2528 3759 2643 3813 Καὶ
2670 3759 2726 3814 αἰ
2752 3759 2936 3823 πόλεις
2962 3759 3021 3812 δὲ
3049 3760 3118 3826 ⁷⁵,
3144 3759 3245 3829 τῆς
3289 3760 3347 3813 ὲν
3392 3761 3583 3826 αὐταῖς
3613 3763 3719 3816 πά-

2132 3850 2224 3903 λαι
2275 3848 2704 3920 πολιτευομένης
2757 3849 3018 3915 ἀσεϐείας
3069 3851 3505 3925 καταλυθείσης,
3565 3854 3719 3907 εὐσε-

2135 3941 2287 4005 ϐείας
2316 3941 2362 3973 ⁷⁸
2385 3941 2485 4010 τὴν
2521 3941 2836 4013 οἰκοδομίαν
2882 3942 3226 4009 ἀνεδέξαντο.
3260 3943 3383 3997 Τῶν
3440 3945 3720 3999 ἀδυνάτων

2134 4027 2342 4104 γὰρῆν
2379 4031 2670 4102 δείμασθαι
2715 4033 2761 4065 ⁷⁸
2796 4031 2896 4103 τὴν
2924 4035 2971 4066 ⁷³
3005 4033 3292 4088 εὐσέϐειαν
3339 4035 3413 4105 μὴ
3450 4036 3721 4107 πρότερον

2135 4123 2553 4187 καταλύσαντας
2592 4122 2694 4195 τὴν
2747 4123 3026 4181 ἀσέϐειαν.
3077 4124 3249 4179 Τοῦτο
3280 4126 3329 4157 ⁸⁸
3369 4126 3465 4180 καὶ
3508 4129 3536 4180 6
3578 4126 3721 4190 θεῖος

2147 4213 2474 4278 ’Λπόστολος
2501 4214 2545 4246 ⁸⁸
2579 4212 2723 4285 ἔφη·
2781 4232 2800 4266 ι
2859 4214 3133 4285 Ἐπεφάνη
3176 4218 3210 4287 ἡ
3258 4217 3418 4288 χάρις
3458 4219 3550 4273 τοῦ
3582 4220 3722 4275 Θεοῦ

2135 4306 2170 4376 ἡ
2207 4306 2482 4377 σωτήριος
2514 4306 2681 4360 πᾶσιν
2728 4305 3063 4377 ἀνθρώποις,
3102 4308 3435 4365 διδάσκουσα
3477 4312 3522 4343 ⁸¹
3573 4313 3724 4382 ἡμᾶς

2136 4396 2206 4451 ἵν’
2255 4395 2633 4469 ἀρνησάμενοι
2678 4397 2781 4469 τὴν
2823 4398 3107 4466 ἀσέϐειαν,
3156 4400 3253 4454 καὶ
3301 4401 3403 4467 τάς
3448 4404 3725 4473 κοσμικὰς

2137 4488 2456 4557 ἐπιθυμίας,
2495 4489 2794 4562 σωφρόνως
2841 4491 2940 4545 καὶ
2989 4491 3228 4557 εὐσεϐῶς
3273 4494 3318 4526 ³³
3363 4495 3619 4566 ζήσωμεν
3662 4498 3725 4551 ὲν

445 4584 641 4640 mortis
699 4582 1257 4639 communicationem
1316 4584 1608 4654 acceperit.
1672 4582 2022 4651 Quapropter

2133 4577 2212 4648 τῷ
2242 4576 2340 4630 νῦν
2374 4578 2556 4644 αἰῶνι,
2596 4597 2615 4630 ι
2657 4580 2753 4633 καὶ
2781 4580 2850 4634 τά
2889 4580 3038 4651 ἑξῆς.
3075 4581 3264 4648 Οῦτως
3300 4585 3532 4649 ἕκαστος
3563 4586 3611 4618 ⁸⁷
3656 4589 3724 4641 οὐ

445 4676 667 4730 divinus
699 4673 905 4729 Paulus
942 4673 1056 4728 ait:
1113 4693 1134 4727 ι
1173 4675 1231 4731 Si
1262 4676 1411 4731 enim
1465 4673 1694 4744 plantati
1755 4671 2022 4749 fuerimus

2129 4668 2398 4742 πρότερον
2428 4670 2818 4726 συνανίσταται
2847 4672 2894 4705 ⁸⁵
2923 4672 3000 4742 τῷ
3026 4674 3269 4746 Χριστῷ.
3301 4677 3430 4746 πρὶν
3461 4678 3722 4744 δέξασθαι

445 4781 572 4820 cum
602 4780 669 4820 eo
697 4764 1057 4821 similitudine
1095 4767 1288 4820 mortis
1327 4764 1467 4835 ejus,
1524 4761 1693 4817 simul
1723 4770 1779 4817 et
1840 4777 2022 4818 resur-

2125 4759 2224 4814 τοῦ
2275 4759 2512 4815 θανάτου
2563 4763 2664 4835 τὴν
2709 4763 3015 4817 κοινωνίαν.
3070 4766 3161 4819 Διὸ
3213 4768 3308 4821 καὶ
3352 4769 3383 4821 6
3429 4769 3721 4834 θεσπέσιος

449 4857 710 4915 rectionis
744 4857 1037 4931 participes
1069 4858 1280 4915 erimus
1337 4864 1386 4909 ι’.
1419 4877 1439 4909 ι
1476 4853 1547 4909 Ει
1607 4870 1849 4911 rursus:
1909 4873 1927 4906 ι
1965 4855 2022 4911 Si

2126 4851 2342 4916 Παῦλός
2390 4870 2555 4925 φησιν
2587 4870 2602 4886 ο
2636 4872 2655 4906 ι
2703 4853 2766 4908 Εἰ
2812 4855 2922 4926 γὰρ
2958 4855 3233 4927 σύμφυτοι
3282 4860 3593 4933 γεγόναμεν
3640 4860 3725 4932 τῷ

520 5010 697 5067 Il'Act.
738 5029 847 5077 xiv,
882 5014 966 5071 15.
1046 5022 1072 5050 ο
1106 5012 1284 5069 Galat.
1315 5028 1394 5076 ιιι,
1425 5011 1478 5066 1.
1555 5022 1582 5063 P
1612 5012 1632 5068 l
1657 5011 1787 5068 Cor.
1817 5027 1869 5080 v,
1908 5014 1959 5067 l.

2125 5011 2193 5067 'it.
2229 5029 2290 5080 ιι,
2327 5015 2413 5074 ll.
2466 5014 2551 5068 1‘2.
2634 5025 2655 5052 ι’
2687 5013 2849 5069 Rom.
2887 5030 2962 5083 Vl,
2999 5017 3054 5075 5.

1584 5179 1820 5235 VARUE
1860 5179 2245 5235 LECTIONES
2285 5181 2372 5235 ET
2411 5178 2645 5235 NOTAE.

523 5297 724 5372 ‘A'Cod.
758 5308 990 5372 uterque
1021 5297 1410 5372 προκαθίσας.Δ
1461 5371 1473 5372 7
1500 5300 1548 5372 ξ’
1582 5298 1691 5353 Καὶ
1716 5299 2015 5372 κηρύκων.

2125 5297 2272 5372 s._in_
2297 5298 2419 5372 cod.
2449 5296 2614 5372 Flor:
2677 5298 2881 5372 “Cod.
2912 5298 3055 5372 lj‘lor.
3080 5308 3134 5354 et
3159 5300 3323 5372 Cord.
3351 5300 3712 5372 προσήνεγκε.

451 5369 497 5440 9⁸
514 5370 798 5440 Mutata.
823 5367 1291 5440 Οοό.διδάγματα.
1347 5369 1413 5440 _“
1442 5367 1627 5432 Οὕτω,
1663 5385 1717 5421 κ.
1741 5383 1794 5440 τ.
1819 5368 1870 5420 λ.
1897 5367 2022 5440 Des.

2125 5368 2194 5422 nd
2232 5368 2396 5422 (Iord.
2428 5369 2538 5440 ρ.)
2715 5370 2760 5440 ⁸⁷
2799 5369 2945 5440 Ἀπὸ
2979 5399 3048 5410 —-
3075 5367 3555 5440 ἐπιστρέφον-κά.
3586 5370 3711 5428 Des.

452 5437 513 5510 in
539 5434 825 5495 coJ.Flor.
863 5508 869 5510 _
897 5440 965 5510 "ﬂ
1002 5434 1306 5510 Μρκᾴριος
1334 5436 2022 5510 ἐστετίμηᾳενζῡθεκίὺίιί.

2125 5440 2154 5470 ⁵⁷
2193 5434 2615 5510 Παῦλοςξϐοιί.
2653 5438 2790 5510 1,νῄ2,
2854 5439 3065 5496 addunt
3096 5434 3268 5510 βοῶν.
3319 5434 3408 5510 ’⁷⁷
3425 5434 3563 5495 Cod.
3595 5441 3648 5506 1,
3677 5443 3714 5496 ‘2

453 5507 775 5580 ἐϐάσκηνεν.
829 5508 876 5544 τί
897 5507 1024 5560 Οἴα.
1050 5506 1185 5580 Cod.
1203 5508 1258 5580 1,
1282 5508 1317 5580 ‘2_
1348 5508 1491 5578 ἥτις.
1567 5507 1612 5538 ⁷³
1629 5506 1847 5580 ᾼίὧνα.
1862 5506 1919 5580 ln
1940 5523 2022 5580 σοι

2125 5522 2280 5577 sequ.
2307 5508 2403 5580 καὶ
2417 5507 2499 5580 είς
2525 5507 2619 5580 τὸν
2638 5508 2830 5562 αἰῶνα.
2870 5578 2878 5580 _
2904 5510 2952 5580 ⁷³
2968 5513 3033 5564 Αἱ
3048 5506 3357 5580 ῥὸμςσαῖαι.
3381 5508 3545 5564 Juxta
3567 5526 3713 5567 vers.

452 5578 561 5649 τῶν
586 5575 662 5632 0'.
692 5578 1132 5649 Pmstat_au_tent
1166 5575 1220 5629 Ιι.
1246 5577 1283 5630 l.
1305 5575 1685 5649 interpretatio
1713 5579 1922 5649 Aquila:
1975 5577 2022 5631 τὲ

2125 5575 2268 5649 ηῃμα.
2292 5576 2406 5649 Ητξ
2428 5576 2564 5649 CAod.
2594 5579 2630 5631 2
2661 5575 3138 5649 μεταδεξὸῳενοιξ
3171 5575 3232 5613 ’⁷⁸
3262 5580 3354 5635 Δέ.
3380 5580 3515 5634 Cod.
3542 5579 3709 5634 Ξκαί.

451 5647 500 5680 ⁷⁸
530 5648 885 5719 Εὐσεϐξίας.
914 5643 1052 5719 Cod.
1076 5652 1323 5719 uterque,
1350 5654 1407 5719 et
1434 5643 1594 5719 Cord.
1635 5663 1690 5717 p.
1714 5643 1829 5708 l73.
1867 5663 2022 5717 praem

2126 5643 2214 5719 ἧς.
2289 5647 2336 5679 ⁷⁷
2367 5643 2770 5719 God._uterque
2796 5660 2851 5705 et
2878 5643 3056 5704 Cord.
3088 5650 3359 5718 ἐδέξαντο.
3437 5651 3483 5682 ⁷⁸
3513 5650 3650 5706 Cod.
3680 5651 3716 5705 Ξ

449 5723 511 5769 et
534 5715 699 5788 Cord.
725 5714 1090 5788 δειμιᾶὶςιθαι..Δ
1112 5714 1155 5745 ⁷⁸
1206 5716 1341 5780 Τήν.
1367 5717 1501 5788 God.
1534 5718 1557 5770 ‘l
1599 5714 1788 5787 prtem.
1815 5714 1938 5788 καί.
1987 5718 2022 5788 7‘

2125 5714 2302 5788 ⁸ολῦτο,
2337 5735 2391 5770 κ.
2424 5717 2477 5772 λ.
2509 5716 2612 5773 Des
2675 5714 2820 5788 apud
2851 5720 3018 5775 Coril.
3050 5721 3085 5773 Ι.
3119 5737 3168 5776 c.
3191 5714 3205 5718 ⁷
3247 5722 3293 5752 ⁸⁷
3325 5719 3494 5787 Θεῖος
3536 5721 3713 5774 Ἀπό-

455 5785 699 5871 στολεςζ
730 5780 1185 5871 omphacio;
1262 5789 1308 5820 ⁸⁸
1341 5780 1749 5871 Διδάσκοξυσα.
1787 5787 1947 5871 Soli;
1978 5787 2003 5839 1

2125 5785 2423 5871 ιιδειξῒουςαν.
2477 5780 2724 5871 ἐξερηὶριειξ
2769 5790 3236 5871 tamennlectione
3275 5790 3445 5871 Sinni.
3470 5780 3486 5787 ⁷
3520 5791 3570 5823 ⁸³
3600 5788 3715 5844 Καὶ

454 5852 739 5919 εὐσεϐῶς.
769 5852 904 5909 Cod.
939 5854 958 5907 i
988 5860 1043 5907 et
1069 5852 1104 5906 ‘2
1126 5869 1312 5924 prtem.
1346 5857 1441 5912 καὶ
1462 5858 1709 5920 δικαίως.
1787 5858 1833 5889 ⁸³
1870 5858 2022 5911 ’Ἕκα

2125 5874 2197 5921 νς.
2228 5856 2366 5913 Cod.
2404 5859 2452 5924 l,
2487 5859 2522 5912 2
2546 5852 2670 5914 add.
2700 5852 2879 5931 ἡμῶν.
2960 5861 3005 5894 ⁸⁸
3034 5860 3171 5916 Cod.
3197 5861 3232 5915 9
3263 5862 3606 5916 συνίσταται.
