4090 6416
253 420 363 484 925

1648 431 1730 492 ΙΝ
1784 430 1993 494 PSAL.
2071 438 2174 497 IX.

3462 447 3571 509 9:26

253 532 569 605 ὁμοιώματι
612 533 707 588 τοῦ
757 535 990 592 θανάτου
1034 540 1224 610 αὐτοῦ,
1255 542 1395 598 ἀλλὰ
1444 545 1676 616 καὶτῆς
1719 544 1848 599 ἁνα-

1964 550 2167 604 mortui
2189 566 2383 608 sumus
2413 570 2535 610 cum
2560 557 2804 622 Christo,
2825 559 2990 615 etiam
3014 559 3179 616 simul
3208 559 3457 615 vivemus
3482 571 3563 614 ι.»

255 625 512 690 στάσεως
543 626 808 698 ἐσόμεθα.
858 649 877 680 ι
914 631 1029 685 Kal.
1062 633 1263 688 πάλιν·
1313 654 1335 688 t
1373 636 1439 690 Εἰ
1480 635 1863 691 συναπεθάνο-

256 733 384 787 μεν,
422 718 519 772 καὶ
548 718 596 751 ⁸⁸
628 722 959 793 συζήσομεν.
999 743 1018 777 ι
1061 724 1221 780 Οὕτω
1254 729 1350 782 καὶ
1376 727 1488 782 τῶν
1518 728 1800 800 πολεμίων
1815 728 1864 762 ⁸⁷

248 808 356 882 τὴν
383 810 642 866 ἀσέϐειαν
671 814 985 880 καταλύσας
1013 816 1332 892 ᾠκοδόμησε
1358 820 1458 892 τὴν
1485 821 1793 876 εὐσέϐειαν.

341 922 361 953 ι
404 902 686 958 Ἀπώλετο
740 907 805 961 τὸ
864 910 1214 982 μνημόσυνον
1264 913 1446 968 αὐτῶν
1512 915 1631 985 μετ’
1687 915 1858 986 ἥχουο

254 994 358 1071 [η’]
417 999 513 1053 καὶ
560 1000 589 1052 6
635 1000 844 1071 Κύριος
888 1005 968 1065 είς
1016 1004 1111 1058 τὸν
1159 1005 1333 1060 αἰῶνα
1396 1008 1570 1078 μένει.
1617 1027 1636 1061 ι
1685 1010 1863 1062 Ἐκεῖ-

250 1102 347 1148 νος
376 1085 422 1116 ⁸⁸
464 1086 586 1156 μὲν,
608 1088 798 1158 φησὶν,
829 1087 1057 1161 ἔκδηλον
1085 1091 1261 1147 ἅπασι
1285 1093 1379 1148 καὶ
1411 1094 1648 1165 διαφανῆ
1674 1096 1799 1150 λίαν
1814 1097 1860 1129 ⁸⁸

251 1166 649 1249 ὑπομεμένηκε
675 1180 722 1211 ⁹⁰
761 1179 860 1251 τὴν
899 1182 1200 1240 ἀπώλειαν.
1248 1184 1322 1237 T6
1348 1184 1480 1256 γὰρ,
1512 1187 1643 1255 μετ’
1671 1184 1854 1255 ἤχου.

248 1265 418 1321 τοῦτο
484 1268 784 1338 σημαίνει,
845 1271 911 1323 ἐκ
962 1273 1284 1342 μεταφορᾶς
1363 1274 1473 1327 τῶν
1537 1274 1646 1330 ἀπό
1714 1293 1859 1340 τινος

251 1359 486 1431 σεισμοῦ
513 1362 951 1430 συμπιπτουσῶν
974 1365 1185 1429 οίκιῶν,
1225 1367 1321 1420 καὶ
1348 1367 1519 1422 πολὺν
1546 1367 1858 1440 ἐργαζομέ-

246 1470 363 1507 νων
394 1454 489 1507 τὸν
519 1453 732 1508 κτύπον
761 1454 831 1511 ⁵⁸.
877 1456 937 1510 '0
966 1457 1024 1512 δέ
1069 1475 1135 1527 γε
1179 1459 1476 1533 ἡμέτερος,
1520 1449 1678 1532 φησὶ,
1722 1463 1858 1529 Θεὸς

246 1544 347 1597 καὶ
379 1545 664 1615 Δεσπότης
703 1546 925 1601 αἰώνιον
949 1547 1064 1620 ἔχει
1084 1549 1147 1604 τὸ
1176 1551 1403 1622 κράτος,
1438 1553 1534 1607 καὶ
1563 1554 1664 1625 τὴν
1694 1554 1856 1627 βασι-

245 1635 404 1689 λείαν
438 1637 769 1708 ἀνώλεθρον.

326 1748 345 1780 ε
409 1728 739 1799 Ἤτοίμασεν
786 1731 833 1765 ³³
884 1734 944 1786 ἐν
997 1732 1182 1804 κρίσει
1237 1733 1332 1788 τὸν
1394 1734 1587 1807 θρόνον
1644 1736 1853 1792 αὐτοῦ’

247 1817 346 1893 [θ’]
399 1821 495 1875 καὶ
535 1821 703 1885 αὐτὸς
760 1826 945 1894 κρινεῖ
1001 1823 1102 1894 τὴν
1143 1825 1476 1899 οἰκουμένην
1532 1829 1591 1881 ἐν
1638 1828 1852 1883 δικαιο-

1967 636 2173 693 Eodem
2204 642 2370 697 modo
2401 645 2631 716 etsso
2656 647 2936 717 impietate
2965 648 3319 707 inimicorum
3342 650 3567 705 destru-

1966 737 2075 797 cta,
2104 730 2362 801 pietatem
2396 738 2557 807 quasi
2589 740 2864 794 exstruxit
2893 757 2907 795 :

2041 936 2060 969 ε
2099 917 2270 975 Periit
2303 923 2570 978 memoria
2600 939 2791 979 eorum
2828 942 2955 981 cum
3007 929 3193 983 sonitu
3219 969 3235 993 ,
3272 926 3468 1001 [νεεδ.
3500 926 3561 1001 8]

1962 1018 2018 1064 et
2048 1008 2314 1068 Dominus
2348 1014 2400 1068 in
2429 1024 2694 1071 aeternum
2733 1028 3043 1087 permanet.
3082 1040 3102 1072 ι
3158 1020 3252 1075 llle
3308 1021 3557 1091 quidem,

1960 1101 2164 1173 inquit,
2199 1105 2554 1162 manifestum
2597 1111 2860 1167 omnibus
2906 1121 2962 1166 et
3010 1112 3168 1167 valde
3204 1114 3416 1168 clarum
3471 1131 3557 1168 tn-

1962 1196 2185 1252 teritum
2218 1213 2416 1268 passus
2443 1210 2547 1256 est.
2584 1199 2721 1256 Nam
2754 1219 2873 1256 cum
2903 1206 3082 1258 sonitu
3117 1206 3222 1261 hoc
3255 1207 3553 1278 signiﬁcat,

1960 1294 2281 1362 metaphora
2317 1295 2480 1351 ducta
2512 1297 2583 1352 ab
2616 1297 2990 1370 aatlibus,qu:e
3026 1308 3185 1354 terra:
3226 1309 3374 1353 motu
3412 1314 3544 1354 con-

1959 1399 2138 1441 cussae
2191 1388 2513 1455 concidunt,
2560 1406 2933 1461 magnumque
2967 1393 3256 1462 strepitum
3292 1390 3551 1446 efﬁciunt.

1958 1476 2160 1535 Noster
2193 1496 2344 1547 vero,
2371 1482 2570 1553 inquit,
2596 1482 2743 1540 Deus
2773 1494 2827 1539 ct
2858 1482 3125 1540 Dominus
3152 1486 3553 1556 sempiternum

1957 1572 2131 1630 habet
2164 1576 2355 1643 robur,
2394 1587 2559 1649 atque
2587 1578 2903 1635 immortale
2942 1596 3194 1652 regnum.

2033 1749 2052 1782 ι
2089 1730 2312 1787 Paravit
2344 1749 2396 1787 tn
2437 1734 2648 1805 judicio
2678 1736 2939 1792 thronum
2967 1752 3157 1802 suum,
3192 1736 3388 1809 [Vens
3411 1735 3470 1809 9]
3496 1742 3553 1793 et

1954 1825 2073 1896 ipse
2100 1826 2375 1898 judicabit
2403 1830 2591 1885 orbem
2648 1843 2808 1887 terrae
2872 1832 2926 1886 in
2988 1832 3228 1902 justitia,
3280 1830 3554 1903 judicabit

248 1909 410 1982 σύνῃ,
460 1913 644 1983 κρινεῖ
684 1912 850 1977 λαοὺς
893 1915 953 1967 ὲν
987 1914 1270 1986 εύθύτητι.
1329 1936 1349 1969 ι
1404 1897 1480 1973 Οὐ
1520 1918 1632 1990 γὰρ
1686 1919 1848 1990 μόνον

1954 1897 2192 1989 populos
2227 1919 2282 1975 in
2322 1923 2669 1979 rectitudine.
2710 1943 2728 1975 ι
2763 1923 2885 1979 Non
2917 1897 3065 1979 enim
3087 1897 3299 1979 tantum
3333 1924 3387 1979 in
3412 1939 3553 1994 prte-

254 2002 401 2056 κατὰ
433 2002 525 2055 τὸν
565 2002 811 2075 παρόντα
847 2004 963 2075 βίον
993 2005 1094 2078 τὴν
1124 2008 1338 2062 οἰκείαν
1367 2008 1600 2081 δύναμιν
1625 2009 1850 2077 ἔδειξεν,

246 2092 391 2148 ἀλλὰ
429 2094 534 2147 κάν
566 2093 614 2127 ⁸³
661 2093 740 2164 τῷ
780 2094 1031 2166 μέλλοντι
1073 2097 1137 2150 τὸ
1168 2098 1446 2168 φρικῶδες
1482 2098 1649 2154 αὑτοῦ
1687 2099 1852 2165 δείξει

246 2187 561 2259 κριτήριον,
608 2190 781 2242 πᾶσιν
820 2188 1136 2262 ἀνθρώποις
1169 2191 1433 2259 δικάζων,
1474 2191 1670 2246 καὶτὰ
1714 2193 1852 2264 πρὸς

245 2278 413 2346 ἀξίαν
444 2280 742 2352 ἀπονέμων
766 2282 1009 2354 ἑκάστῳ.

322 2377 377 2425 ι’.
427 2388 447 2422 ι
493 2371 607 2425 Καὶ
645 2371 870 2440 ἐγένετο
916 2371 1125 2445 Κύριος
1156 2373 1453 2445 καταφυγὴ
1503 2374 1584 2445 τῷ
1626 2374 1849 2447 πένητι,

247 2461 450 2535 βοηθὸς
489 2463 548 2518 ἐν
591 2464 927 2535 εὐκαιρίαις,
963 2466 1023 2519 ἐν
1065 2465 1305 2537 θλίψεσι.
1347 2483 1369 2518 ›
1406 2466 1501 2530 Τὸ,
1544 2467 1616 2521 ἐν
1650 2469 1853 2522 εὐκαι-

232 2555 406 2625 ρίαις
448 2556 477 2609 6
531 2555 631 2627 μὲν
694 2555 933 2621 Ἀκύλας
966 2559 1058 2623 εἰς
1108 2558 1339 2628 καιρὸν,
1388 2560 1418 2613 6
1459 2558 1517 2613 δὲ
1552 2558 1853 2631 Σύμμαχος

246 2646 576 2716 ἐπικαίρως
618 2649 959 2720 ἡρμήνευσε.
1003 2650 1258 2706 Διδάσκει
1303 2651 1362 2706 δὲ
1402 2652 1431 2704 6
1462 2652 1643 2720 λόγος,
1684 2651 1759 2716 ὼς
1790 2652 1850 2704 ἐν

246 2740 559 2811 προσφόρῳ
578 2739 758 2814 καιρῷ
784 2740 884 2812 τὴν
907 2742 1187 2814 ἡμετέραν
1216 2742 1719 2814 ἐπραγματεύσατο
1750 2760 1852 2796 σω-

241 2831 475 2901 τηρίαν.
525 2830 743 2904 Πένητα
774 2834 886 2905 γὰρ
934 2832 981 2866 ³⁵
1026 2835 1135 2888 τῶν
1179 2833 1490 2906 ἀνθρώπων
1534 2835 1634 2906 τὴν
1683 2835 1848 2904 φύσιν

250 2924 555 2987 ἀποκαλεῖ,
609 2925 698 2979 διὰ
740 2927 842 2998 τὴν
895 2927 1103 2998 πολλὴν
1155 2928 1257 2998 τῆς
1300 2927 1651 2999 παρανομίας
1696 2945 1848 2981 πτω-

239 3013 432 3086 χείαν.
475 3015 684 3070 Τούτου
727 3018 775 3050 ’⁵
812 3015 908 3071 τοῦ
943 3015 1140 3090 καιροῦ
1183 3018 1245 3072 τὸ
1274 3018 1583 3089 ἐπιτήδειον
1611 3020 1640 3073 6
1665 3019 1716 3051 "
1744 3037 1850 3091 μα-

242 3108 445 3179 κάριος
469 3108 516 3140 ⁸⁷
543 3109 791 3163 διδάσκει
829 3110 1078 3174 Παῦλοςο
1117 3130 1136 3163 t
1179 3110 1313 3165 Ὅτε
1351 3111 1461 3181 γὰρ
1490 3105 1654 3182 ἦμεν,
1688 3112 1846 3181 φησὶ,

241 3199 454 3269 νήπιοι,
502 3200 610 3254 ὑπὸ
640 3201 711 3256 τὰ
748 3205 991 3274 στοιχεῖα
1019 3201 1116 3257 τοῦ
1150 3203 1365 3273 κόσμου
1399 3198 1545 3274 ἦμεν
1586 3203 1848 3258 δεδουλω-

247 3291 439 3362 μένοι·
464 3294 556 3348 ὅτε
596 3294 655 3348 δὲ
693 3290 828 3367 ἦλθε
864 3296 926 3349 τὸ
971 3296 1250 3367 πλήρωμα
1286 3295 1382 3349 τοῦ
1418 3297 1639 3367 χρόνου,
1676 3295 1845 3364 ἐξαπ-

240 3384 489 3439 έστειλεν
511 3387 539 3439 6
558 3385 694 3451 Θεὸς
722 3386 813 3440 τὸν
846 3387 976 3441 Υἱὺν
1008 3386 1197 3453 αὑτοῦ,
1223 3387 1520 3457 γενόμενον
1550 3387 1616 3440 ἐκ
1642 3403 1837 3456 γυναι-

239 3477 367 3546 κὸς,
408 3477 705 3549 γενόμενον
746 3478 852 3533 ὑπὸ
893 3480 1081 3550 νόμον,
1127 3480 1217 3533 ἵνα
1249 3481 1378 3544 τοὺς
1413 3477 1520 3532 ὑπὸ
1552 3479 1719 3551 νόμον
1751 3479 1840 3546 ἐξ·

237 3570 517 3643 αγοράσῃ,
546 3571 637 3625 ίνα
664 3570 765 3642 τὴν
790 3571 1065 3625 υἱοθεσίαν
1099 3572 1490 3644 ἀπολάϐωμεν.
1526 3590 1545 3624 ι

322 3666 413 3716 ια’.
460 3679 480 3713 ι
528 3661 637 3715 Καὶ
676 3662 1059 3717 ἐλπισάτωσαν
1103 3661 1198 3715 ἐπὶ
1240 3662 1326 3716 σοὶ
1370 3662 1419 3716 οἱ
1475 3661 1841 3730 γινώσκοντες

234 3753 307 3808 τὸ
334 3754 511 3825 ὂνομά
537 3771 656 3819 σου,
685 3756 768 3809 ὃτι
798 3757 900 3809 οὐκ
927 3754 1290 3825 ἐγκατέλιπες
1316 3754 1446 3819 τοὺς
1474 3753 1844 3826 ἐκζητοῠντάς

236 3860 332 3907 σε,
362 3841 559 3915 Κύριε.
574 3863 593 3897 ι
616 3843 690 3897 T6
714 3844 1150 3899 ἐλπισάτωσαν
1163 3843 1398 3909 Ἀκύλας
1422 3845 1518 3899 καὶ
1544 3843 1846 3916 Σύμμαχος

234 3935 737 4002 πεποιθήσουσιν
768 3933 921 3992 εἷπον
940 3937 1009 4002 ’⁸,
1048 3936 1312 4010 ὁριστικῷ
1348 3937 1474 3993 ἀντὶ
1504 3954 1843 4009 προστακτι-

234 4026 347 4082 κοῦ
381 4026 721 4099 χρησάμενοι
752 4028 1219 4101 ρήματι.Ταύτης
1251 4028 1382 4101 γὰρ,
1417 4029 1580 4101 φησὶ,
1606 4029 1703 4098 τῆς
1737 4045 1843 4082 σω-

232 4117 447 4190 τηρίας
475 4118 628 4191 παρὰ
663 4119 760 4173 σοῦ
793 4119 1122 4193 γενομένης,
1147 4122 1197 4175 οί
1230 4121 1466 4191 ποιητήν
1500 4137 1561 4174 σε
1591 4120 1689 4175 καὶ
1709 4119 1844 4175 Θεὸν

238 4209 637 4283 μεμαθηκότες
668 4212 749 4277 εἰς
779 4211 841 4264 σὲ
877 4211 1060 4276 ἕξουσι
1091 4212 1190 4275 τὰς
1225 4211 1469 4276 ἐλπίδας.

320 4300 410 4371 ιβ’.
458 4319 477 4353 ι
520 4299 747 4356 Ψάλατε
790 4303 837 4336 ⁹⁹
884 4300 964 4374 τῷ
1011 4302 1209 4373 Κυρίῳ
1256 4302 1339 4373 τῷ
1383 4303 1731 4357 κατοικοῦντι
1782 4304 1844 4357 ἐν

236 4388 412 4447 Σιών.
452 4409 471 4443 ι
507 4392 663 4446 Κατὰ
691 4391 792 4465 τὴν
836 4392 1007 4448 πάλαι
1033 4392 1146 4447 τῶν
1186 4393 1459 4449 Ἰουδαίων
1486 4392 1646 4460 δόξαν
1683 4394 1844 4449 τοῦτο

237 4483 476 4553 εἴρηκεν
499 4484 529 4537 6
571 4485 865 4557 προφήτης
884 4500 897 4513 ·
942 4485 1354 4558 μεμαθήκαμεν
1378 4486 1424 4539 δ’
1458 4486 1611 4558 ὅμως
1641 4487 1706 4540 ἐκ
1737 4484 1842 4557 τῆς

1954 2018 2111 2066 sente
2159 2010 2272 2066 vita
2338 2014 2617 2084 propriam
2682 2016 2979 2085 pmentiam
3029 2015 3294 2081 ostendit,
3356 2029 3548 2070 verum

1953 2101 2119 2156 etiam
2151 2109 2206 2156 et
2243 2101 2297 2157 in
2330 2101 2514 2158 futura
2557 2105 2808 2159 terribile
2839 2119 3000 2159 suum
3027 2104 3301 2175 judicium
3317 2104 3550 2159 demon-
3618 2106 3623 2109 ’

1953 2190 2173 2258 stt-abit,
2226 2192 2487 2248 omnibus
2530 2194 2850 2249 hominibus
2898 2194 2990 2266 jus
3031 2194 3288 2261 reddens,
3339 2202 3395 2249 et
3448 2208 3550 2264 pro

1952 2282 2221 2353 dignitate
2253 2284 2554 2355 unicuique
2585 2287 2919 2341 rctribnens.

2029 2371 2314 2430 Vens.10.
2353 2395 2372 2426 ι
2421 2375 2486 2430 Et
2553 2374 2732 2431 factus
2790 2386 2874 2433 est
2947 2375 3215 2433 Dominus
3269 2376 3545 2448 refugium

1949 2462 2198 2533 pauperi,
2227 2464 2445 2534 adjutor
2483 2465 2536 2519 in
2592 2467 3121 2536 opportunitatibus,
3143 2468 3196 2521 in
3242 2468 3549 2523 tribulatio-

1953 2554 2142 2610 nibus.
2177 2573 2195 2606 ι
2222 2553 2292 2609 In
2323 2559 2816 2627 opportunitatibus
2847 2560 3046 2630 Aquila
3077 2560 3300 2630 quidem
3333 2561 3386 2614 in
3411 2570 3546 2615 teut-

1950 2662 2097 2716 pore,
2130 2646 2497 2718 Symmachus
2512 2664 2641 2703 vero
2658 2659 2948 2717 opportune
2975 2651 3323 2723 interpretati
3394 2660 3545 2707 snnt.

1954 2736 2329 2792 Docetautem
2370 2754 2577 2807 sermo,
2612 2742 2760 2811 quod
2794 2752 3106 2812 opportuno
3156 2755 3398 2814 tempore
3446 2759 3550 2796 no-

1952 2839 2120 2883 stram
2150 2832 2383 2886 salutem
2419 2842 2684 2901 operatus
2716 2834 2809 2889 sit.
2842 2832 2980 2889 Nam
3021 2852 3343 2906 pauperem,
3381 2845 3549 2890 natu-

1952 2937 2070 2976 ram
2104 2922 2402 2977 humanam
2434 2925 2695 2994 appellat,
2726 2926 2797 2981 ob
2815 2927 3039 2980 nimiam
3070 2928 3381 2995 iniquitatis
3411 2943 3551 2996 pau-

1950 3022 2239 3082 pertatem.
2290 3014 2469 3086 Hujus
2510 3019 2775 3087 temporis
2817 3020 3293 3090 opportunitatem
3352 3020 3549 3075 beatus

1950 3102 2154 3160 Paulus
2183 3106 2342 3161 docet
2377 3124 2391 3161 :
2431 3126 2450 3159 ι
2486 3107 2718 3174 Quando
2746 3111 2893 3164 enim
2915 3125 3138 3166 eramus
3168 3111 3405 3181 parvuli,
3440 3111 3548 3167 sub

1950 3197 2238 3253 elementis
2271 3200 2461 3255 mundi
2497 3216 2742 3266 eramus,
2807 3202 2861 3255 in
2905 3204 3228 3258 servitutem
3289 3203 3496 3259 redacti
3531 3221 3546 3258 ι

1950 3291 2174 3359 quando
2203 3300 2383 3346 autem
2423 3295 2571 3349 venit
2600 3297 2889 3365 plenitudo
2926 3297 3089 3369 661
3137 3300 3422 3367 temporis,
3439 3297 3549 3351 mi-

1951 3380 2022 3434 sit
2053 3379 2195 3437 Deus
2222 3381 2422 3438 Filium
2455 3401 2642 3451 suum,
2678 3396 2870 3442 natum
2904 3405 2968 3443 ex
3032 3389 3285 3454 muliere,
3341 3389 3552 3444 consti-

1951 3482 2128 3527 tutum
2167 3476 2272 3530 sub
2303 3475 2439 3547 lege,
2470 3487 2532 3532 ut
2557 3494 2675 3545 eos,
2717 3481 2809 3550 qui
2848 3482 2952 3536 sub
2998 3481 3114 3551 lege
3166 3492 3344 3549 erant,
3402 3481 3552 3537 redi-

1950 3573 2147 3627 meret,
2191 3574 2253 3621 ut
2280 3567 2628 3638 adoptionem
2664 3570 2903 3626 ﬁliorum
2935 3574 3311 3641 acciperemus
3340 3574 3385 3626 ί.

2029 3655 2195 3711 Vens.
2232 3659 2319 3713 ll.
2353 3676 2373 3710 ι
2413 3658 2479 3715 Et
2523 3670 2749 3731 sperent
2784 3662 2838 3716 in
2879 3672 2931 3717 te
2980 3665 3076 3735 qui
3110 3673 3382 3720 noverunt
3441 3677 3549 3718 no-

1951 3762 2076 3802 men
2111 3750 2574 3819 tuum,quoniam
2617 3766 2727 3805 non
2757 3751 3100 3822 dereliquisti
3142 3761 3450 3823 quaerentes
3473 3761 3546 3818 te,

1955 3838 2206 3894 Domine.
2242 3857 2260 3889 ι
2301 3837 2526 3907 Sperent
2565 3842 2769 3911 Aquila
2793 3850 2847 3895 et
2881 3840 3252 3912 Symmachus
3274 3842 3547 3911 conﬁdent

1944 3931 2237 3993 dixerunt,
2269 3931 2440 3986 verbo
2480 3940 2702 3987 utentes
2733 3933 2881 3987 modi
2918 3932 3198 3988 indicandi
3234 3948 3335 4003 pro
3365 3933 3549 4001 impe—

1951 4023 2134 4079 randi.
2168 4022 2308 4078 Cum
2352 4024 2523 4088 enim,
2562 4023 2760 4094 inquit,
2806 4026 2923 4080 haec
2955 4025 3106 4081 salus
3163 4041 3194 4079 a
3243 4033 3297 4080 te
3353 4023 3546 4079 eﬂ‘ecta

1951 4115 2140 4180 fuerit,
2167 4117 2263 4187 qui
2321 4126 2374 4172 te
2414 4115 2585 4171 Deum
2635 4124 2692 4172 et
2747 4127 3053 4173 creatorem
3098 4118 3434 4183 didicerunt,
3489 4116 3545 4171 in

1953 4216 2006 4262 te
2036 4206 2389 4262 eollorabunt
2418 4224 2591 4277 spem.

2021 4296 2194 4354 Vnus.
2229 4299 2313 4355 l2.
2351 4318 2371 4351 ι
2397 4299 2620 4355 Psallite
2635 4299 2999 4370 Domino,qui
3023 4300 3233 4356 habitat
3263 4299 3318 4354 in
3348 4298 3541 4354 Sion.»

1949 4387 2029 4446 Ex
2059 4400 2270 4447 vetusta
2289 4389 2608 4447 Iudaeorum
2632 4392 2892 4462 opinione
2926 4392 3032 4448 hoc
3048 4392 3425 4463 aitpropheta.
3451 4389 3548 4443 Di-

1948 4481 2187 4539 dicimus
2222 4491 2404 4538 tamen
2427 4499 2492 4539 ex
2524 4484 2825 4554 apostolica
2847 4484 3161 4555 disciplina,
3190 4484 3354 4538 etiam
3385 4481 3551 4537 etele-

238 4573 621 4645 ἀποπολικῆς
681 4575 1076 4643 διδασκαλίας,
1143 4577 1241 4631 καὶ
1299 4578 1627 4648 ἐπουράνιον
1699 4562 1843 4633 εῖναι

1953 4586 2090 4631 stem
2107 4590 2230 4632 esse
2254 4576 2497 4632 Sionem.
2524 4595 2542 4629 t
2563 4577 2895 4634 Accessistis
2925 4578 3092 4643 enim,
3113 4578 3311 4648 inquit,
3331 4576 3396 4630 ad
3413 4575 3547 4630 Sion

239 4661 396 4717 Σιὼν
427 4663 467 4714 ί.
505 4681 524 4715 ι
566 4664 1020 4738 Προσεληλύθατε
1048 4665 1180 4737 γὰρ.
1223 4667 1380 4738 φησὶ,
1413 4666 1553 4722 Σιὼν
1581 4668 1721 4739 δρει,
1750 4670 1849 4724 καὶ

242 4751 413 4807 πόλει
446 4754 584 4809 Θεοῦ
614 4755 821 4822 ζῶντος
852 4757 1276 4832 ’,Ἰερουσαλὴμ
1309 4758 1624 4832 ἐπουρανίῳ
1651 4760 1693 4815 ⁸.
1734 4778 1754 4812 ι
1785 4790 1847 4801 —-

249 4865 275 4899 ι
330 4845 720 4918 Ἀναγγείλατε
778 4850 838 4904 ἐν
894 4851 1011 4915 τοῖς
1067 4850 1249 4905 ἔθνεσι
1306 4850 1377 4904 τὰ
1432 4849 1855 4921 ἐπιτηδεύματα

325 4993 350 5024 ³
383 4982 544 5041 Rom.
566 4999 643 5052 Vl,
672 4983 727 5041 8.
807 4984 830 5027 ⁸
857 4984 1037 5044 Galat.
1068 5002 1144 5054 tv,
1173 4986 1229 5043 5.
1303 4997 1333 5026 ιι
1357 4985 1524 5043 Hebr.
1556 5003 1653 5054 ιιι,
1679 4986 1771 5043 22.

1951 4677 2216 4735 montem,
2246 4678 2300 4724 et
2329 4669 2606 4724 civitatem
2647 4669 2743 4725 Dei
2796 4669 3053 4736 viventis,
3109 4667 3546 4740 Hierosolymam

1949 4760 2229 4816 caelestem
2260 4772 2307 4816 ιι.
2353 4780 2372 4813 ι
2403 4794 2474 4804 --
2508 4780 2528 4814 ι
2573 4762 2917 4817 Annuntiatc
2947 4763 3105 4839 inter,
3132 4771 3323 4833 gentes
3362 4760 3548 4815 studia

1949 4851 2092 4923 ejus.
2132 4870 2151 4905 ι
2189 4852 2385 4909 Studia
2415 4853 2786 4926 Symmachus
2812 4863 2953 4911 artes
2984 4854 3148 4922 dixit,
3182 4853 3383 4925 Aquila
3415 4866 3549 4908 vero

1371 5147 1608 5206 VARle
1647 5147 2033 5207 LECTIONES
2070 5148 2161 5204 ET
2198 5148 2433 5209 ΝΟΤᾸΞ.

325 5287 375 5321 ⁸⁸
409 5280 1255 5362 ΤῆΗυγαὰεᾷάνομεν,καί.
1284 5292 1408 5348 Des.
1434 5292 1490 5348 in
1517 5292 1642 5349 cod.
1669 5293 1724 5352 2.
1804 5295 1848 5328 ⁸⁷

1953 5296 2004 5351 tl.
2024 5294 2077 5358 Ι,
2103 5294 2385 5349 2πόλεων.
2460 5294 2510 5328 ⁸⁸
2532 5294 2669 5350 Cod.
2699 5294 2800 5362 1,2
2827 5293 3076 5349 ἐκείνων·
3155 5290 3203 5324 ⁸⁸
3221 5290 3391 5362 Δίαν.
3419 5286 3546 5344 Des.

250 5360 315 5415 in
343 5360 550 5436 cotl._2,
581 5367 636 5414 et
667 5363 811 5436 apud
843 5359 1008 5436 Cordi.
1036 5379 1094 5436 p._
1128 5362 1252 5418 174.
1327 5363 1848 5436 ⁹⁰Ϋ⁹Υπομεμένηκε

1953 5367 2049 5421 nd.
2088 5376 2318 5436 uterque
2348 5374 2403 5436 et
2435 5364 2601 5421 Cord.
2639 5365 2676 5436 Ι.
2732 5359 2785 5421 ὸ.
2816 5364 3115 5436 πεποίηκε.
3191 5359 3543 5436 ’ξ-ζίτύξᾳιος

250 5429 385 5504 eaad.
416 5428 441 5482 1
466 5423 622 5504 ἦχον.
646 5500 657 5504 _
697 5423 743 5463 5'
765 5431 901 5504 God.
924 5432 950 5486 i
974 5423 1303 5504 ἡτοίμασας.

295 5567 395 5622 λθε
431 5598 500 5612 -ι-
533 5567 649 5622 υίδν
678 5570 871 5626 αὑτοῦ.

1383 5435 1432 5469 ⁸³
1462 5427 1596 5489 Cod.
1624 5427 1658 5488 2
1688 5427 1782 5489 καί
1812 5437 1848 5489 ἐκ

1972 5436 2020 5469 οι
2048 5427 2289 5502 ηένηξα
2322 5435 2455 5504 γὰρ,
2485 5453 2541 5489 κ,
2570 5452 2625 5489 τ.
2650 5435 2701 5488 λ.
2760 5435 2969 5490 Codex.
3009 5427 3184 5504 'Flor.‘
3211 5428 3396 5504 μένῃς
3422 5427 3545 5504 δὶῇ

247 5496 618 5569 ἀνθρωπότης
642 5500 703 5556 ἐν
741 5496 1263 5625 πολλὶπὰρανομίᾳ
1292 5504 1681 5575 πτωχεύσασα.
1714 5505 2019 5589 Σύμφκωνον
2051 5506 2109 5559 δὲ
2131 5496 2255 5571 ταῖς
2285 5496 2604 5575 εύκαίρίαις
2631 5506 2726 5560 καὶ
2753 5504 2833 5576 τῷ
2867 5504 3065 5572 Παύλῳ
3089 5500 3255 5573 ῥηθέν
3277 5514 3291 5526 ·
3324 5498 3457 5583 Ὅτε⁹
3488 5517 3495 5546 t

247 5564 395 5625 ἦλθε
431 5598 500 5612 -υ-
533 5570 649 5622 υίδν
678 5571 871 5625 αὐτου.
944 5573 1230 5625 ὐκαιοίαις
1266 5573 1468 5625 λέγων.
1501 5574 1708 5625 ὡσανεὶ
1738 5577 1796 5625 ἐν
1822 5593 1901 5625 τω
1948 5571 2093 5625 εἶναι
2141 5576 2234 5625 τὸν
2280 5578 2491 5625 πένητα
2534 5577 2600 5625 τῇ
2637 5576 2783 5625 ὠυνῆ
2812 5572 3141 5625 ἀϐοήθητον.
3178 5568 3368 5625 ἐγένου
3392 5583 3495 5620 αυτ

944 5568 1708 5647 ῥκριιρίαιζλέγωῖἱ,-ὼσανεὶ
1738 5568 1901 5644 ἐν’τῷ
1948 5571 2093 5629 εἶναι
2141 5568 2247 5647 τὸν
2280 5568 2491 5646 πένητα
2534 5568 2601 5647 τῇ
2637 5576 2783 5647 ψυχῇ
2804 5568 3368 5647 ’ἀϐοήθητονέὲ-γμένου
3392 5568 3544 5647 αὐτῷ

3164 5500 3255 5552 θέν
3277 5514 3291 5526 ’
3324 5498 3457 5550 Ὅτε
3488 5498 3544 5550 δξ

3511 5566 3532 5578 η

293 5637 481 5708 οηθδεο
513 5638 590 5703 ὥς
612 5656 678 5716 γε
709 5642 769 5716 €33
799 5641 980 5716 καιρῷ
1007 5635 1190 5716 Isaiae
1212 5635 1529 5716 ἐπήξὶρυάάς
1571 5663 1697 5716 μου·
1741 5648 1821 5716 ,π

1953 5648 2177 5712 5του,κ.
2201 5646 2252 5701 λ.
2286 5635 2417 5702 Des:
2452 5635 2601 5716 apud.
2628 5635 2795 5702 (ἷοὲὶΐ.
2830 5661 2885 5715 p.
2917 5635 3069 5716 _
3090 5640 3164 5716 _"
3198 5635 3282 5692 ’0.

251 5703 290 5761 2
317 5703 506 5777 prtem.
530 5710 645 5763 καί.
721 5710 767 5743 ’⁷
803 5703 1127 5781 Μακᾶριος.
1151 5703 1350 5770 Cod.2
1373 5703 1538 5779 θεῖος.
1571 5703 1584 5716 ’
1614 5717 1661 5749 ³⁸
1686 5711 1848 5770 Ebro

252 5773 505 5833 -εἷναι
538 5778 712 5834 Σιών.
749 5780 876 5837 Des.
912 5781 970 5835 in
1008 5784 1130 5839 cod.
1158 5783 1208 5839 1.
1287 5786 1308 5818 ⁹
1342 5783 1455 5840 Καὶ
1486 5815 1556 5827 -
1586 5784 1816 5840 ζῶντες.

1953 5703 2135 5797 εοάέι
2199 5703 2579 5840 ἡιρμήνευσαν.
2655 5718 2703 5750 ον
2738 5703 2876 5803 Cod:
2917 5711 3234 5782 manus.
3321 5709 3337 5739 ι
3372 5703 3546 5761 Καὶὰ

1953 5802 1989 5840 5.
2048 5801 2103 5840 In
2150 5801 2215 5840 co
2259 5825 2272 5840 .
2313 5787 2369 5840 2.
2449 5787 2470 5819 ³
2512 5786 3023 5840 Ποοσεληλυθατε
3055 5811 3126 5825 --
3168 5777 3543 5840 ἐπουρανίῳ.

252 5773 505 5853 ξεῖναι
538 5778 730 5853 ξιῴν.
749 5780 876 5837 Des.
896 5773 1130 5853 infcod.
1158 5783 1208 5839 1.
1287 5786 1308 5818 ⁹
1342 5783 1455 5841 Καὶ
1486 5773 1556 5827 αξ-
1586 5784 1816 5853 ζῶντεςο

1953 5802 1989 5844 s.
2048 5785 2103 5840 in
2150 5801 2215 5843 co

255 5845 388 5904 Des.
417 5848 561 5920 apud
590 5849 755 5906 Cord.
793 5867 845 5923 p.
886 5851 1010 5907 174.

2356 5825 2369 5840 .
2430 5787 2470 5857 γ’
2512 5777 3023 5855 Προσεληλύθατὲ
3055 5811 3126 5825 --
3168 5777 3543 5848 ἐπουρανίῳ.

2486 5966 2521 5991 /
