4090 6430
337 294 451 363 933

1763 289 1846 350 IN
1888 286 2096 349 PSAL.
2125 283 2233 343 IX.

3519 280 3629 343 934

409 408 486 469 ς’.
511 420 531 454 ‹
577 394 716 455 Birt:
741 400 849 473 γὰρ
886 403 944 456 ὲν
968 401 1013 433 ⁸⁸
1036 400 1232 473 καρδίᾳ
1258 399 1427 455 αὑτοῦ
1459 400 1568 453 ’οὑ
1594 399 1670 471 μὴ
1694 396 1941 454 σαλευθῶ

2116 391 2283 448 Vens.
2323 393 2377 448 6.
2429 412 2447 444 ι
2497 392 2644 447 Dixit
2673 392 2820 447 enim
2863 391 2918 445 in
2952 389 3117 446 corde
3149 404 3270 456 suo,
3303 406 3412 447 non
3442 407 3631 449 move-

328 496 445 551 ἀπὸ
478 494 677 563 γενεᾶς
721 495 803 556 είς
848 494 1045 561 γενεὰν
1092 493 1225 549 ἄνευ
1276 492 1475 547 κακοῦ.
1531 512 1549 544 ι
1586 490 1938 561 Σαφέστερον

328 585 494 640 τοῦτο
523 586 553 638 6
591 583 888 654 Σύμμαχος
916 585 1302 655 ἡρμήνευσενσ
1347 602 1366 636 ι
1407 584 1482 638 Οὐ
1524 582 1940 653 περιτραπήσο-

334 694 438 747 μσι
483 679 565 740 είς
610 677 807 744 γενεὰν
846 675 945 730 καὶ
990 676 1208 745 γενεὰν,
1249 675 1377 730 οὔτε
1408 675 1610 745 ἔσομαι
1647 675 1707 728 ὲν
1753 672 1939 728 κακώ-

332 787 443 827 σει.
484 790 504 825 ι
541 770 655 825 Καὶ
681 769 858 841 ταύτῃ
889 768 1158 839 κέχρηται
1188 771 1255 839 τῇ
1294 768 1634 839 θρασύτητι·
1666 767 1762 820 καὶ
1790 767 1942 836 ἠγεῖ-

327 884 427 921 ται
469 865 639 936 μηδὲν
683 862 858 918 δεινὸν
906 862 1317 933 ὑποστήσεσθαι
1363 861 1547 916 πάντα
1592 859 1795 933 μετιὼν
1838 859 1939 930 τῆς

331 958 536 1020 κακίας
568 956 638 1010 τά
665 955 807 1026 εἴδη.

405 1045 475 1112 ζ’.
522 1067 542 1100 ι
605 1042 682 1102 Οὗ
731 1048 874 1118 ἀρᾶς
910 1046 973 1100 τὸ
1016 1047 1195 1116 στόμα
1246 1044 1411 1099 αὐτοῦ
1455 1044 1643 1114 γέμει.
1695 1044 1790 1097 καὶ
1834 1061 1930 1097 πι-

331 1140 521 1211 κρίας,
568 1141 665 1193 καὶ
708 1139 900 1193 δόλουο
955 1138 1062 1193 ὑπὸ
1088 1139 1189 1209 τὴν
1217 1137 1478 1206 γλῶσσαν
1522 1136 1693 1192 αὑτοῦ
1741 1136 1939 1202 κόπος,

331 1232 431 1285 καὶ
471 1231 657 1295 πόνος.
709 1247 729 1281 ι
764 1230 963 1293 Δόλους
992 1229 1103 1300 γάρ
1130 1229 1349 1299 ράπτει,
1385 1228 1483 1281 καὶ
1507 1225 1729 1298 τυρεύει
1770 1226 1940 1290 κακά,

331 1326 434 1379 καὶ
454 1324 567 1395 βίον
583 1323 696 1394 ἔχει
723 1322 824 1386 τὰς
848 1321 992 1376 κατά
1015 1320 1123 1374 τῶν
1141 1323 1392 1392 πενήτων
1415 1318 1730 1383 ἐπιϐουλάς.
1752 1317 1822 1391 [⁸ο
1843 1318 1945 1372 Κό-

333 1434 442 1481 πος
481 1415 744 1487 ἀνόνητος
786 1414 882 1468 καὶ
922 1413 1087 1477 πόνος
1119 1412 1395 1483 ἀκερδής·
1433 1411 1559 1483 δίχα
1599 1410 1793 1465 τούτου
1841 1410 1942 1481 τὴν

330 1505 595 1575 γλῶσσαν
637 1505 698 1558 ού
738 1504 883 1557 κινεῖ
910 1502 1009 1556 καὶ
1042 1500 1311 1574 σαλεύει.]

403 1597 480 1667 η’.
538 1594 582 1649 ι’
612 1593 951 1666 Ἐγκάθηται
986 1594 1045 1647 ὲν
1077 1593 1120 1626 ⁸³
1156 1593 1351 1666 ἐνέδρᾳ
1391 1591 1531 1665 μετά
1569 1590 1845 1646 πλουσίων
1880 1590 1942 1643 έν

332 1689 728 1761 ἀποκρύφοις,
778 1689 873 1743 τοῦ
915 1690 962 1721 ⁸⁸
1016 1687 1341 1742 ἀποκτεῖναι
1380 1684 1580 1741 ἀθῶον.
1638 1703 1658 1736 ι
1715 1685 1829 1739 Καὶ
1882 1684 1941 1739 ἐν

2043 487 2146 541 hor
2196 501 2225 540 a
2273 486 2627 556 generatione
2686 488 2743 541 in
2784 485 3194 554 generationem
3238 483 3355 540 sine
3404 485 3569 539 malo.
3608 504 3626 536 ι

2043 581 2390 637 Manifestius
2452 582 2600 637 hunc
2648 580 2832 636 locum
2886 580 3250 646 Symmachus
3296 580 3569 649 expressit
3618 598 3631 634 :

2051 693 2070 727 ι
2108 672 2225 729 Νοιι
2264 683 2481 730 evertar
2532 674 2586 729 in
2630 674 3040 745 generationem
3095 682 3153 728 et
3198 673 3633 744 generationem,

2042 778 2221 835 neque
2255 764 2307 818 in
2349 763 2645 820 alllictione
2675 780 2790 820 ero.
2832 782 2850 816 ι
2889 765 3068 835 Atque
3094 762 3198 819 hac
3227 763 3457 819 audacia
3494 779 3632 820 usus

2044 860 2154 917 est,
2186 860 2241 907 et
2270 851 2477 924 cogitat
2505 867 2565 908 se
2611 852 2751 907 nihil
2780 853 2913 907 mali
2944 854 2962 874 '
3001 867 3298 923 passurum
3328 867 3475 919 esse,
3504 867 3630 908 cum

2042 959 2234 1000 omnes
2267 945 2488 1000 malitia:
2518 946 2731 1015 species
2761 944 2919 1015 quasi
2948 945 3302 1016 pereurrerit.

2114 1036 2287 1093 Vens.
2332 1039 2380 1094 7.
2431 1058 2451 1089 ι
2490 1039 2662 1110 Cujus
2689 1054 2752 1094 os
2778 1039 3160 1095 maledictione
3191 1039 3408 1110 plenum
3440 1048 3543 1105 est,
3576 1048 3632 1095 et

2046 1132 2447 1196 amaritudine,
2471 1141 2528 1186 et
2549 1132 2675 1187 dolo
2709 1150 2722 1185 :
2755 1131 2861 1186 sub
2891 1132 3076 1202 lingua
3107 1131 3227 1201 ejus
3256 1132 3414 1187 labor
3442 1143 3547 1199 est,
3577 1143 3633 1187 et

2042 1222 2222 1277 dolor.
2258 1242 2278 1276 ι
2319 1224 2483 1279 Delos
2532 1223 2680 1278 enim
2731 1223 2916 1289 struit,
2959 1231 3015 1277 et
3059 1225 3412 1279 machinatur
3461 1225 3628 1291 mala,

2043 1317 2326 1388 vitamque
2370 1318 2425 1373 in
2468 1318 2685 1374 insidiis
2731 1326 2923 1374 contra
2964 1333 3233 1388 pauperes
3264 1320 3397 1387 agit.
3430 1318 3633 1390 [Labor

2043 1409 2258 1467 inutilis
2289 1421 2346 1467 et
2376 1412 2624 1467 studium
2658 1410 2868 1468 fructus
2896 1426 3091 1483 expers
3124 1429 3139 1464 :
3170 1412 3332 1484 667
3365 1409 3633 1467 Praeterea

2041 1501 2285 1575 linguam
2309 1519 2409 1560 nec
2440 1513 2623 1560 movet
2651 1519 2753 1560 nec
2782 1502 3003 1576 agitat.]

2112 1593 2279 1652 Vens.
2321 1597 2376 1652 8.
2424 1614 2444 1649 ι
2493 1594 2656 1652 Sedet
2688 1597 2743 1651 in
2771 1596 2989 1652 insidiis
3011 1611 3141 1652 cum
3162 1596 3424 1652 divitibus
3457 1596 3510 1651 in
3540 1611 3636 1651 oc-

2042 1688 2228 1756 cultis,
2263 1697 2326 1744 ut
2357 1688 2653 1744 interﬁciat
2692 1689 3068 1744 innocentem.
3107 1707 3126 1740 ι
3160 1686 3229 1744 Ει
3260 1688 3315 1742 in
3348 1688 3637 1743 conventi-

338 1780 633 1850 συλλόγοις
667 1781 746 1847 δὲ,
783 1779 882 1835 καὶ
910 1781 970 1834 ὲν
1009 1778 1310 1851 συνεδρίοις
1351 1777 1685 1848 καθήμενος,
1717 1774 1941 1846 ἐνέδρας

2047 1780 2175 1848 bus,
2210 1788 2266 1836 et
2302 1782 2356 1836 in
2389 1781 2749 1838 consessibus
2779 1781 3000 1845 sedens,
3033 1781 3260 1836 insidias
3286 1781 3554 1850 quasdam
3582 1787 3640 1835 et

335 1873 497 1937 τινάς
534 1873 629 1926 καὶ
686 1872 941 1944 μηχανὰς
967 1874 1082 1936 τοῖς
1117 1870 1386 1933 ἀναιτίοις
1420 1870 1468 1901 ⁸³
1515 1867 1939 1932 κατασκευάζει.

338 1963 462 2037 [Oi
519 1963 879 2028 πλουτοῦντες
922 1966 990 2034 τῇ
1045 1961 1274 2034 ἀσεϐείᾳ
1339 1960 1637 2025 διαπαντὸς
1687 1962 1753 2031 τῇ
1784 1962 1945 2031 εἰρω-

337 2056 472 2128 νείᾳ
517 2054 692 2120 ζῶσιν
722 2072 738 2089 ο
773 2054 1125 2126 ἐνεδρεύουσι
1152 2054 1262 2125 γὰρ
1294 2054 1422 2117 τοὺς
1450 2054 1694 2116 ἀκάκους
1719 2070 1733 2085 ο
1766 2052 1945 2116 ἄλλως

337 2165 404 2202 τε
453 2149 554 2201 καὶ
595 2149 646 2201 οἱ
710 2145 966 2200 πλούσιοι
1006 2143 1352 2217 ἐνεδρεύουσι
1386 2144 1517 2207 τοὺς
1562 2142 1822 2215 πένητας.
1884 2143 1944 2196 ’0

338 2239 596 2303 διάϐολος
656 2237 963 2309 λεληθότως
1031 2236 1143 2309 γὰρ
1207 2236 1300 2291 τὸν
1370 2235 1609 2307 Χριστὸν
1675 2235 1944 2306 ἐζήτησεν

342 2333 672 2386 ἀποκτεῖναι
699 2349 713 2363 ·
742 2330 923 2393 ἀθῶος
956 2328 1064 2400 γάρ
1107 2330 1232 2392 ταῖς
1282 2329 1443 2399 χερσὶ
1477 2327 1573 2382 καὶ
1605 2325 1847 2400 καθαρὸς
1874 2329 1943 2399 τῇ

344 2422 549 2495 καρδίᾳ
590 2423 750 2493 μόνος
774 2424 803 2475 6
841 2421 976 2484 Θεός
1007 2421 1075 2475 ⁸⁸.
1110 2418 1130 2492 ]

420 2515 487 2576 θ’,
522 2520 571 2567 ι’.
620 2532 639 2565 ι
686 2514 747 2566 Ol
776 2511 1050 2583 ὀφθαλμοὶ
1103 2509 1271 2564 αὑτοῦ
1306 2511 1386 2573 εἰς
1437 2509 1529 2563 τὸν
1567 2508 1774 2579 πένητα
1801 2509 1943 2563 ἀποο·

350 2605 650 2661 ϐλέπουσιν
679 2621 693 2636 ·
747 2604 1028 2674 ὲνεδρεύει
1057 2604 1115 2656 ἐν
1149 2602 1478 2672 ἀποκρύφῳ,
1513 2601 1589 2665 ὡς
1624 2600 1760 2656 λέων
1788 2603 1846 2655 ὲν
1876 2602 1942 2672 τῇ

354 2696 574 2768 μάνδρᾳ
620 2694 788 2750 αὑτοῦ
817 2710 832 2726 ο
880 2693 1158 2765 ένεδρεύει
1204 2692 1299 2746 τοῦ
1350 2692 1599 2762 ἁρπάσαι
1651 2696 1869 2763 πτωχὸν
1896 2693 1942 2724 ⁸⁵

346 2791 410 2845 ὲν
429 2787 512 2859 τῷ
534 2787 762 2842 έλκῦσαι
788 2787 986 2842 αὐτόν.
1051 2786 1140 2839 Ἐν
1156 2788 1223 2855 τῇ
1254 2785 1444 2853 παγίδι
1473 2784 1638 2839 αὑτοῦ
1671 2782 1945 2838 ταπεινῶν·

354 2862 444 2934 σει
469 2879 659 2936 αὐτόν.
689 2896 709 2929 ι
751 2877 1021 2948 Καθάπερ
1052 2878 1081 2929 6
1103 2876 1243 2928 λέων
1272 2875 1399 2945 τῇδε
1437 2876 1663 2928 κάκεῖσε
1704 2875 1946 2946 paraps-

355 2988 445 3041 ρει
473 2970 535 3023 τὸ
569 2970 723 3040 ὄμμα
750 2968 924 3039 θήραν
947 2966 1222 3038 ἐπιζητῶν
1248 2982 1260 2996 ·
1280 2964 1449 3029 οὕτως
1481 2966 1527 2997 ⁸⁸
1555 2959 1708 3029 οὗτος
1730 2965 1945 3037 νύκτωρ

2045 1881 2191 1928 artes
2222 1872 2611 1929 innocentibus
2645 1879 2939 1943 praeparat.
2974 1871 3101 1944 [Qui
3132 1872 3414 1928 abundant
3445 1873 3639 1943 impie-

2047 1971 2177 2030 tate,
2207 1963 2262 2020 in
2285 1964 2724 2021 dissimulatione
2746 1964 2955 2018 vivunt.
2988 1963 3220 2035 Insidias
3241 1964 3387 2019 enim
3416 1972 3639 2019 struunt

2048 2056 2453 2114 innocentibus.
2500 2056 2737 2126 Insuper
2780 2071 3001 2128 quoque
3043 2056 3237 2113 divites
3274 2056 3504 2113 insidias
3534 2071 3636 2127 pa-

2047 2157 2175 2202 rant
2206 2149 2562 2219 pauperibus.
2614 2149 2847 2205 Satanas
2890 2164 3111 2221 quoque
3152 2148 3435 2205 Christum
3490 2151 3635 2205 clam

2047 2239 2363 2296 interﬁcere
2401 2242 2637 2297 studuit.
2673 2239 2947 2297 lnnoeeus
2977 2241 3124 2297 enim
3165 2240 3419 2298 manibus
3450 2249 3505 2297 et
3531 2256 3637 2312 pu-

2049 2345 2147 2387 rus
2178 2332 2349 2389 corde
2368 2343 2455 2390 est
2484 2335 2637 2390 solus
2665 2332 2862 2406 Deus.]

2120 2503 2286 2561 Vens.
2341 2506 2397 2569 9,
2441 2507 2525 2562 ιο.
2589 2526 2608 2561 ι
2651 2507 2810 2564 Oculi
2852 2509 2973 2580 ejus
3017 2510 3073 2565 in
3120 2526 3421 2582 pauperem
3459 2511 3636 2584 respi-

2045 2597 2221 2662 ciunt,
2273 2600 2567 2655 insidiatur
2615 2601 2670 2655 in
2708 2603 3058 2669 abscondito,
3102 2605 3261 2675 quasi
3303 2606 3388 2661 leo
3425 2606 3477 2660 in
3510 2622 3636 2676 spe-

2046 2689 2206 2744 lunca
2254 2704 2376 2744 sua.
2430 2689 2729 2746 lnsidiatur
2765 2702 2824 2748 ut
2851 2694 3028 2764 rapiat
3053 2709 3372 2766 pauperem,
3405 2697 3535 2752 dum
3561 2709 3639 2754 at-

2047 2782 2215 2835 trahit
2257 2798 2410 2837 enm.
2441 2782 2665 2854 Laqueo
2691 2800 2798 2840 suo
2825 2787 3136 2841 humiliabit
3176 2803 3325 2843 eum.
3367 2808 3386 2840 ι
3434 2788 3637 2855 Quem-

2046 2874 2341 2929 admodum
2390 2875 2475 2929 leo
2511 2875 2617 2930 huc
2651 2885 2705 2930 et
2742 2876 2874 2932 illuc
2902 2877 3161 2933 transfert
3193 2880 3437 2945 oculum,
3471 2897 3638 2935 vena-

2047 2984 2162 3025 tum
2216 2986 2492 3039 quaarens,
2544 2972 2626 3027 sic
2671 2972 2775 3027 iste
2821 2971 2941 3026 dies
2984 2981 3280 3044 noctesque
3326 2975 3533 3043 rapina:
3581 2984 3636 3030 et

348 3062 452 3115 καὶ
499 3061 620 3132 μεθ’
674 3059 888 3130 ἡμέραν
939 3057 1198 3128 ἁρπαγῆς
1239 3057 1332 3110 καὶ
1386 3054 1698 3121 πλεονεξίας
1745 3058 1944 3110 ἐπινοεῖ

2051 3062 2299 3118 avaritiae
2331 3072 2476 3118 artes
2503 3065 2800 3134 excogitat.
2831 3063 2937 3119 Sed
2971 3073 3149 3119 tamen
3188 3084 3206 3117 ι
3244 3066 3530 3120 inclinabit
3552 3081 3633 3132 se,

354 3154 607 3223 μηχανάς
633 3169 646 3183 ·
676 3150 790 3205 ἀλλ’
832 3151 983 3221 ὅμως
1018 3168 1036 3202 ι
1077 3149 1243 3220 κύψει
1287 3149 1382 3203 καὶ
1424 3152 1689 3203 πεσεῖται.
1738 3168 1756 3201 ι
1808 3148 1945 3221 [Ὦς

350 3248 380 3298 6
427 3246 569 3299 λέων
622 3247 679 3297 ὲν
721 3242 800 3314 τῷ
853 3241 1107 3313 σπηλαίῳ
1181 3242 1270 3296 ἀεὶ
1316 3241 1589 3312 ένεδρεύει
1655 3243 1941 3313 ἁρπάσαι,

350 3333 502 3387 οὕτω
540 3334 636 3385 καὶ
663 3335 692 3386 6
718 3332 967 3394 διάϐολος
998 3334 1055 3384 ἐν
1100 3334 1164 3401 τῇ
1198 3332 1493 3400 συναγωγῇ
1526 3330 1636 3383 τῶν
1676 3330 1945 3385 Ἰουδαίων

352 3428 432 3491 ὡς
480 3428 541 3479 ὲν
577 3425 794 3497 μάνδρᾳ
814 3423 1081 3495 ὲθήρευσε
1104 3424 1194 3475 τὶν
1221 3423 1480 3493 Χριστὸν,
1517 3419 1748 3492 νομίσας
1784 3420 1946 3474 αὑτὸν

350 3520 509 3590 ψιλὸν
528 3518 818 3590 ἄνθρωπον
845 3511 983 3570 εἶναι
1012 3514 1106 3587 ⁸⁷.]
1126 3532 1144 3566 ι
1168 3516 1259 3569 Ἐν
1280 3514 1359 3585 τῷ
1383 3514 1549 3568 αὐτὸν
1578 3511 1948 3583 κατακυριεῦ-

354 3628 450 3664 σαι
471 3611 584 3663 τῶν
605 3609 880 3680 πενήτων.
904 3626 923 3660 ›
949 3607 1116 3660 Ὅταν
1137 3605 1246 3675 γὰρ
1262 3607 1306 3638 ⁸⁸
1323 3606 1543 3660 πάντων
1563 3603 1944 3676 περιγένηται,

351 3702 562 3772 ἥκιστα
596 3698 949 3768 διαφεύξεται
980 3698 1024 3731 ⁶⁹
1064 3695 1161 3751 τοῦ
1191 3695 1425 3749 θανάτου
1462 3694 1523 3748 τὸ
1556 3694 1733 3765 στόμα
1757 3711 1769 3723 ·
1810 3692 1950 3748 ἀλλά

352 3795 470 3856 τοῖς
506 3791 688 3854 ἀλλοις
718 3788 1118 3861 παραπλησίως
1171 3786 1250 3858 τῷ
1296 3787 1452 3855 τάφῳ
1478 3784 1943 3858 παραδοθήσεται.

359 3880 671 3955 [Ἑνόμισε
724 3879 820 3933 οὖν
868 3882 896 3932 ὁ
950 3876 1147 3950 ἐχθρὸς
1195 3876 1291 3930 καὶ
1328 3875 1514 3929 αὐτῶν
1552 3873 1665 3928 τῶν
1715 3872 1948 3928 ἀποστό-

358 3972 475 4025 λων
509 3970 804 4041 κυριεύειν,
830 3970 968 4024 ἀλλά
1009 3970 1105 4023 καὶ
1150 3967 1262 4022 τῶν
1314 3966 1614 4038 μαρτύρων
1640 3981 1655 3996 ο
1695 3965 1825 4018 ὅταν
1853 3963 1948 4021 οὖν

364 4062 512 4127 ἔδοξε
555 4064 767 4118 πάντων
803 4062 1234 4134 κεκρατηκέναι,
1265 4061 1387 4114 τότε
1423 4057 1730 4127 συντριϐεὶς
1760 4056 1947 4110 ἔπεσε·

360 4159 426 4210 τὸ
445 4156 555 4229 γὰρ
585 4159 766 4225 κύψει
801 4156 1158 4227 συντριϐῆναι
1174 4154 1427 4225 δηλοῦται
1447 4153 1514 4206 ⁷⁸.
1550 4150 1564 4223 Ι

436 4256 526 4303 ια’.
573 4269 591 4300 ι
632 4246 765 4302 Eine
793 4253 902 4319 γὰρ
932 4250 989 4302 ὲν
1025 4246 1223 4318 καρδίᾳ
1273 4244 1465 4308 αὑτοῦ,
1494 4241 1873 4312 Ἐπιλέλησται
1920 4241 1950 4294 6

2049 3163 2105 3210 et
2142 3156 2317 3210 cadet.
2357 3175 2375 3208 ι
2417 3154 2514 3228 [Ut
2550 3156 2636 3211 leo
2675 3157 2730 3210 in
2759 3165 2916 3210 antro
2946 3173 3046 3212 suo
3071 3173 3289 3227 semper
3319 3158 3632 3224 insidiatur,

2050 3255 2111 3301 ut
2144 3247 2341 3316 rapiat,
2384 3246 2458 3301 ita
2486 3262 2708 3317 quoque
2739 3249 2991 3303 diabolus
3024 3250 3076 3303 in
3111 3260 3383 3319 Synagoga
3413 3246 3634 3303 Judaeu-

2047 3354 2171 3392 rum
2233 3348 2494 3408 tanquam
2545 3338 2601 3392 in
2651 3347 2813 3393 antro
2857 3339 3085 3395 insidias
3134 3340 3344 3407 paravit
3394 3338 3634 3403 Christo,

2047 3445 2174 3484 eum
2208 3431 2414 3484 nudum
2450 3446 2573 3486 esse
2598 3430 2874 3485 hominem
2905 3429 3279 3502 existimans.]
3316 3449 3334 3482 ι
3369 3432 3503 3487 Cum
3535 3431 3635 3485 do-

2048 3520 2294 3575 minatus
2333 3518 2499 3574 fuerit
2553 3520 2608 3574 iu
2661 3536 2950 3591 pauperes.
2988 3541 3007 3575 ι
3042 3520 3182 3576 Cum
3207 3526 3352 3576 enim
3380 3521 3638 3577 omnibus

2050 3609 2305 3678 superior
2328 3607 2506 3665 factus
2528 3607 2714 3675 fuerit,
2750 3611 2975 3665 minime
2993 3618 3174 3666 tamen
3205 3610 3426 3683 eﬂ'ogiet
3449 3614 3640 3668 mortis

2047 3698 2264 3765 fauces,
2302 3702 2396 3755 sed
2435 3717 2589 3770 tuque
2623 3716 2688 3755 ac
2726 3703 2908 3756 ca‘teri
2950 3703 3203 3758 homines
3243 3703 3496 3772 sepulcro
3528 3712 3640 3758 tra-

2048 3791 2227 3846 detur.
2263 3790 2505 3863 [Putavit
2529 3791 2750 3862 quidem
2775 3793 2974 3858 hostis,
2996 3808 3057 3849 se
3082 3794 3134 3847 in
3161 3794 3307 3863 ipsos
3332 3795 3634 3863 apostolos,

2046 3883 2160 3939 imo
2242 3899 2465 3955 quoque
2538 3886 2590 3938 in
2667 3894 2956 3955 martyres,
3015 3901 3137 3942 esse
3200 3887 3633 3941 dominaturum.

2048 3975 2185 4031 Cum
2217 3975 2380 4047 igitur
2414 3991 2608 4032 onmes
2653 3977 2915 4032 subactos
2947 3991 3071 4033 esse
3099 3978 3462 4043 existimaret,
3506 3988 3637 4034 tunc

2050 4069 2167 4136 ipse
2199 4067 2474 4123 contritus
2499 4068 2741 4123 cecidit:
2772 4067 3107 4124 attritionem
3138 4070 3280 4125 enim
3306 4085 3405 4124 vox
3433 4070 3523 4125 illa
3555 4071 3635 4125 in—

2052 4159 2271 4213 clinabit
2297 4176 2354 4214 se
2382 4160 2634 4232 indicat.]

2124 4248 2289 4306 Vens.
2332 4253 2418 4306 ll.
2468 4269 2486 4302 ι
2535 4251 2844 4308 Dixitenim
2876 4252 2930 4307 in
2969 4252 3134 4309 cordc
3169 4268 3294 4320 suo,
3323 4255 3526 4309 oblitus
3553 4264 3637 4309 est

358 4347 517 4412 Θεὸς,
542 4346 854 4416 ἀπέστρεψε
877 4345 938 4399 τὸ
964 4345 1259 4416 πρόσωπον
1294 4342 1461 4397 αὑτοῦ
1487 4341 1582 4396 τοῦ
1619 4339 1693 4411 μὴ
1723 4338 1941 4409 βλέπειν

2050 4342 2408 4414 θθεῡευε,
2457 4344 2652 4400 avertit
2695 4343 2890 4400 faciem
2938 4361 3116 4411 suam,
3169 4362 3238 4402 ne
3273 4346 3452 4402 videat
3482 4348 3533 4401 iu
3577 4348 3638 4402 ﬁ—

360 4442 443 4503 εἰς
492 4440 667 4502 τέλον
702 4458 719 4491 ι
773 4439 792 4511 [
827 4440 870 4491 Τ
876 4437 1015 4493 αὕτα
1044 4436 1104 4491 δὲ
1139 4438 1319 4490 πάντα
1347 4436 1376 4488 6
1409 4433 1611 4504 ἀσεϐὴς
1662 4431 1807 4487 κατὰ
1843 4430 1944 4484 τῶν

2057 4451 2202 4491 nem.
2241 4454 2259 4487 ι
2298 4434 2449 4507 [llaec
2476 4438 2660 4493 omnia
2686 4449 2867 4493 autem
2902 4439 3105 4508 impius
3141 4448 3333 4493 contra
3372 4455 3637 4509 pauperes

360 4531 613 4601 πενήτων
657 4529 752 4583 τοῦ
806 4528 944 4583 Θεοῦ
999 4529 1421 4597 διαπράττεται⁶
1487 4525 1681 4579 ἑαυτὸν
1722 4523 1944 4577 ἀπατῶν

2055 4528 2151 4583 Dei
2189 4529 2318 4597 agit,
2351 4545 2410 4584 sc
2443 4530 2621 4599 ipsum
2663 4531 2965 4601 decipiens,
3003 4547 3127 4586 eum
3174 4532 3317 4602 apud
3378 4547 3439 4586 se
3486 4532 3637 4603 cogi-

361 4625 461 4679 καὶ
512 4627 626 4688 τοῖς
670 4623 866 4677 ἑαυτοῦ
904 4623 1185 4693 λογισμοῖς
1237 4620 1313 4693 μὴ
1360 4616 1504 4674 εἶναι
1566 4618 1700 4671 Θεὸν
1755 4606 1944 4687 ἔφορον

2054 4629 2156 4683 tat,
2190 4635 2299 4675 non
2331 4636 2455 4677 esse
2503 4620 2672 4676 Deum
2722 4622 2815 4693 qui
2859 4622 3134 4692 inspiciat.
3171 4622 3314 4679 Dicit
3349 4624 3537 4694 itaque
3580 4626 3634 4681 in

360 4716 765 4787 διανοούμενος.
789 4712 924 4768 Eine
951 4713 1082 4783 γοῦν
1109 4715 1167 4767 ὲν
1197 4716 1263 4785 τῇ
1300 4712 1498 4783 καρδίᾳ
1517 4711 1706 4775 αὑτοῦ,
1736 4709 1944 4763 Ἐπιλέ-

2053 4711 2220 4767 corde
2258 4727 2386 4777 suo,
2423 4712 2633 4768 oblitus
2664 4722 2745 4768 est
2780 4712 2945 4777 Deus.
2992 4717 3193 4770 avertit
3228 4714 3420 4770 faciem
3454 4730 3634 4781 suam,

363 4807 559 4878 λησται
583 4811 613 4861 ὁ
645 4807 799 4871 Θεὸς,
825 4806 1144 4879 ἀπέστρεψε
1183 4805 1245 4860 τὸ
1280 4807 1574 4878 πρόσωπον
1623 4803 1815 4867 αὑτοῦ,
1854 4803 1952 4858 τοῦ

367 4896 446 4968 μὴ
476 4895 791 4950 ἐπιϐλέπειν
810 4897 889 4960 είς
921 4896 1074 4959 τέλος
1092 4893 1187 4968 ⁷¹.]
1213 4894 1323 4947 Καὶ
1337 4896 1384 4926 ⁷⁸
1412 4894 1563 4947 οὐδὲν
1586 4893 1749 4947 αὐτὸν
1770 4894 1953 4965 ὀνήσει

365 4990 436 5043 τὰ
456 4988 698 5059 δυσσεϐῆ
721 4991 965 5060 ῥήματα,
1001 4988 1094 5042 καὶ
1115 4989 1166 5042 οξ
1184 4988 1476 5059 ἀθεότητος
1494 4986 1745 5057 λογισμοί
1774 5001 1788 5016 ⁸
1817 4986 1954 5040 ἀλλά

365 5079 436 5134 δι’
469 5078 650 5133 αὐτῶν
678 5078 948 5148 γνώσεται
974 5079 1085 5132 τῶν
1115 5080 1460 5151 πραγμάτων
1486 5078 1553 5141 ⁷³,
1578 5077 1653 5141 ὡς
1688 5079 1863 5150 ἐφορᾷ
1885 5077 1956 5132 τά

368 5170 688 5244 ἀνθρώπεια
714 5171 825 5225 τῶν
847 5173 986 5227 ὅλων
1015 5174 1044 5225 ό
1078 5170 1364 5243 πρύτανις.
1418 5169 1513 5222 Ἐκ
1538 5168 1647 5222 τῶν
1679 5168 1955 5222 δυσσεϐὦν

2059 4820 2125 4860 ne
2156 4805 2414 4876 inspiciat
2442 4806 2495 4860 iu
2537 4806 2915 4879 perpetuum]
2961 4808 3147 4879 Neque
3177 4811 3323 4865 enim
3357 4810 3438 4864 vel
3468 4809 3636 4879 impia

2056 4897 2222 4951 verba
2254 4896 2337 4952 vel
2364 4896 2728 4968 cogitationes
2749 4899 2893 4968 quod
2913 4899 3054 4955 Deus
3074 4915 3179 4955 non
3212 4900 3305 4961 sit.
3334 4900 3634 4970 quidquam

2055 4986 2327 5058 juvabuut
2370 4988 2575 5058 ipsum,
2628 4991 2722 5044 sed
2781 5004 2848 5044 ex
2910 4990 3074 5046 rebus
3130 4991 3267 5062 ipsis
3320 4998 3634 5063 cognoscet,

2062 5079 2231 5133 Deum
2269 5079 2519 5133 omnium
2570 5080 2856 5149 prmsidem
2889 5095 2980 5137 res
3030 5082 3303 5137 humanas
3345 5083 3633 5153 inspicere.

2061 5168 2166 5225 Per
2207 5168 2372 5239 impia
2409 5169 2524 5224 tunc
2552 5170 2720 5225 verba
2762 5171 3032 5240 propheta
3080 5173 3279 5227 mirum
3314 5172 3369 5227 in
3413 5171 3632 5229 modum

1462 5286 1702 5342 VARIJE
1743 5286 2133 5343 LECTIONES
2170 5286 2260 5342 ET
2295 5284 2533 5343 ΝΟΤιΕ.

437 5405 486 5479 '_’
524 5405 645 5461 Ἐν.
685 5406 849 5479 Cod._
873 5415 895 5460 t
939 5409 1090 5479 addit
1134 5408 1223 5479 τῇ.
1331 5408 1375 5479 τ’
1401 5423 1432 5462 e
1470 5406 1664 5479 ωειλ
1694 5407 1874 5478 suppl.

367 5552 438 5617 ιιιΔ
457 5543 601 5617 apud
628 5545 792 5601 LXX.

1978 5408 2022 5440 οι
2066 5409 2187 5464 Ἐν.
2225 5407 2351 5462 Des.
2405 5407 2459 5462 in
2523 5406 2825 5464 codicibus.

374 5468 420 5502 ⁸³
456 5476 783 5548 Ἀναιζίοις.
817 5477 950 5532 Cod.
988 5476 1036 5548 ξ
1035 5479 1135 5533 lor.
1162 5468 1447 5548 ἐναντίοις.
1527 5477 1574 5510 ⁸⁸
1599 5478 1642 5531 Ε
1670 5468 1870 5548 οοᾱ’.’2
1902 5493 1944 5533 81

870 5549 917 5581 ⁸⁸
954 5545 1165 5619 Οὗτος.
1223 5547 1437 5619 Ωοᾲζε
1479 5563 1670 5619 praem.
1703 5547 1817 5619 καί.
1897 5548 1940 5579 ⁸⁷
1966 5545 2158 5619 Εξοοιί.
2182 5547 2219 5602 2
2252 5545 2431 5619 suppl.
2457 5548 2503 5619 ξ’
2531 5547 2658 5616 Γάρ

2937 5406 2981 5437 ⁶¹
3025 5405 3159 5460 Τοῦ.
3188 5402 3353 5459 Abest
3372 5417 3401 5456 a
3425 5401 3548 5456 eod.
3577 5402 3629 5456 1.

2298 5477 2590 5547 Ἀρπάσαι
2623 5476 2883 5545 πτωχόν.
2909 5475 3192 5547 Repe_tit_ur
3214 5473 3412 5547 illeilli.
3446 5472 3548 5547 get
3572 5471 3625 5533 5,

2665 5589 2677 5600 .
2709 5540 2875 5601 Abest
2902 5560 2932 5599 a
2970 5540 3157 5599 e'0d.3.
3234 5542 3278 5574 ”
3300 5540 3436 5595 Cod.
3464 5542 3484 5594 i
3517 5540 3628 5592 δια-

781 5619 815 5673 5
842 5610 1213 5711 διαφεύξεται.
1244 5616 1335 5711 ﬂ."
1357 5616 1398 5671 E
1426 5610 1549 5711 cold.
1585 5617 1860 5711 Susu-ppll.Cl
1907 5620 1944 5652 ⁷¹

2047 5634 2063 5698 ι
2108 5619 2232 5711 eod;
2264 5610 2595 5711 isiippleta.
2618 5610 2633 5616 ’
2662 5619 2719 5704 ’τ’
2746 5613 3193 5711 Ιίαίιὶ-Ιλξπηίον,
3220 5610 3423 5692 limum
3453 5611 3632 5711 [ceu/1n

366 5681 423 5738 in
448 5681 637 5759 eam:
657 5700 719 5742 ea
751 5681 1196 5759 occupant,quae
1244 5687 1573 5745 Sirmondus
1607 5686 1673 5741 ad
1707 5681 1771 5742 vi
1793 5686 1861 5740 12
1891 5703 1944 5744 re

2047 5690 2099 5743 it.
2177 5688 2224 5720 ⁷³
2264 5681 2818 5758 Τῶνᾝτρατγιάτων.
2852 5683 2986 5740 Cod.
3025 5681 3274 5752 iprmm.
3314 5681 3423 5735 τῶν
3455 5681 3635 5750 ῥημά-

367 5768 476 5810 των
506 5757 620 5811 καί.
