4090 6430
496 380 613 441 939

1491 379 1990 441 TlIEODORETl
2027 375 2374 439 EPISCOPI
2399 375 2772 439 CYRENSIS

3670 377 3778 442 9&0

503 515 716 567 arcum,
757 505 1091 569 paraverunt
1120 496 1349 567 sagittas
1389 496 1442 549 in
1476 495 1755 566 pharetra,
1797 503 1857 548 ut
1885 493 2083 548 fctianl

2197 492 2499 562 ἡτοίμασαν
2539 490 2668 561 βέλη
2703 491 2783 552 εἰς
2826 487 3126 561 φαρέτραν,
3172 486 3266 541 τοῦ
3299 487 3694 554 κατατοξεῦσαι
3722 492 3779 543 ἐν

504 593 555 645 in
591 590 830 645 obscuro
869 596 1044 644 rectos
1096 587 1283 642 corde.
1324 605 1342 638 ι
1388 584 1649 640 Nonnulli
1697 594 1751 641 et
1798 587 1913 639 ιιωο
1959 600 2085 639 eum

504 698 669 753 supra
704 682 868 738 dictis
912 680 1166 736 versibus
1215 679 1627 749 conjunxerunt
1663 696 1676 733 :
1710 680 1802 735 sed
1852 693 1915 732 ea
1967 693 2090 747 quae

504 783 814 842 sequuntur
851 772 953 828 hoc
989 788 1096 826 non
1144 774 1490 842 permittunt.
1545 771 1840 841 Suhjungit
1882 770 2027 825 enim
2073 787 2085 822 :

580 868 742 920 Vnus.
769 867 823 918 4.
850 883 866 916 ι
891 865 1163 930 Quoniam
1188 878 1311 934 quae
1332 863 1603 933 perferisti
1623 864 1761 916 destt
1779 869 2035 914 uxerunt.
2066 879 2082 911 ι

507 955 639 1011 Hinc
673 965 856 1010 autem
886 956 1152 1010 distimus
1175 955 1507 1025 Prophetam
1546 953 1886 1009 convertisse
1923 954 2088 1004 verha

505 1050 570 1103 ad
600 1050 767 1103 Deum
801 1048 1084 1117 colloquio
1111 1048 1276 1118 672
1312 1054 1579 1109 utentem,
1614 1038 2090 1117 ducentemqueet

446 1208 449 1214 _
503 1157 666 1197 arcus
715 1152 767 1195 et
798 1141 980 1210 jacula
1012 1142 1250 1195 hostium
1281 1147 1472 1209 parata
1508 1154 1648 1203 esse,
1700 1149 1862 1207 atque
1897 1153 2089 1190 eorum

441 1219 448 1255 ί
507 1250 739 1303 scopum
769 1250 891 1287 esse
924 1245 1007 1295 ut,
1038 1233 1207 1287 veluti
1240 1234 1293 1287 in
1324 1233 1576 1295 obscuro,
1611 1243 1663 1286 et
1693 1233 1745 1286 in
1778 1243 1936 1287 nocte
1968 1233 2091 1286 illu-

505 1329 582 1391 ni,
615 1328 906 1382 fraudibus
942 1335 997 1380 et
1030 1326 1246 1379 insidiis
1275 1334 1466 1380 contra
1503 1341 1602 1377 nos
1639 1334 1885 1378 utantur.
1922 1324 2082 1378 Clan-

503 1420 748 1474 destinas
801 1419 1002 1488 quippe
1045 1416 1276 1472 insidias
1309 1427 1363 1470 et
1414 1418 1692 1479 occultas.
1745 1418 2091 1488 σκοτομήνην

506 1511 821 1581 appellavit.
865 1512 978 1566 lloc
1011 1519 1194 1565 autem
1232 1526 1428 1565 nomen
1478 1520 1694 1564 noctem
1728 1510 1855 1563 luna
1897 1524 2089 1563 caren-

508 1613 615 1656 tem
650 1602 944 1669 signiﬁcat.
995 1601 1180 1656 Ret-tos
1214 1617 1345 1656 vero
1391 1602 1548 1655 corde
1601 1601 1926 1662 nominavit,
1978 1616 2089 1653 non

508 1708 777 1747 summam
811 1693 914 1749 sibi
946 1693 1204 1748 virtutem
1249 1694 1577 1748 vindicans:
1622 1694 1717 1748 sed
1760 1709 1884 1747 eum
1928 1692 2091 1749 sciret

508 1787 645 1840 nihil
677 1801 736 1841 se
774 1802 1015 1857 unquam
1050 1788 1229 1858 egisse
1281 1798 1341 1843 ut
1377 1787 1601 1842 Saulem
1636 1787 1955 1852 oll‘enderrt,
1993 1785 2089 1840 sed

2192 586 2510 653 σκοτομήντγ
2538 583 2670 646 τοὺς
2704 581 2882 645 εὐθεῖς
2907 584 2973 653 τῇ
2997 581 3216 653 καρδίᾳ.
3236 581 3393 644 Τινὲς
3412 582 3459 614 ²²
3491 582 3588 635 καὶ
3608 582 3782 637 ταῦτα

2192 675 2438 745 συνῆψαν
2478 676 2592 738 τοῖς
2640 675 2954 744 εἰρημένοις
2985 673 3189 744 στίχοις
3207 674 3288 707 ’³ο
3322 672 3461 728 ἀλλὰ
3487 673 3553 726 τὰ
3586 674 3782 743 ἐπιφε-

2196 771 2403 841 ρόμενα
2429 768 2530 822 οὐκ
2555 769 2639 837 ἐᾷ.
2691 766 2920 833 Ἐπάγει
2944 765 3056 837 γάρ
3082 781 3097 796 ’

2259 863 2324 918 δ’.
2366 881 2384 914 ι
2427 862 2550 914 Ὀτι
2613 861 2650 915 ἃ
2698 861 2764 913 σὺ
2814 859 3153 930 κατηρτίσω,
3217 857 3375 912 αὐτοὶ
3433 855 3704 912 καθεῖλον.
3757 876 3777 909 ι

2201 952 2489 1007 Ἐντεῦθεν
2524 952 2580 1005 δὲ
2607 950 2996 1021 διδασκόμεθα,
3026 950 3103 1012 ὡς
3138 949 3275 1019 πρὸς
3300 949 3392 1001 τὸν
3419 947 3554 1002 Θεὸν
3585 948 3783 1021 ἔτρεψε

2189 1048 2318 1111 τοὺς
2351 1046 2545 1115 λόγους
2573 1047 2601 1098 6
2635 1045 2950 1115 προφήτης,
3011 1041 3250 1106 ἐντεύξει
3313 1041 3649 1120 χρώμενος,
3684 1042 3783 1096 καὶ

2189 1137 2462 1191 διδάσκων
2511 1137 2587 1200 ὡς
2617 1134 2859 1206 εὐτρεπῆ
2893 1134 3004 1186 τῶν
3041 1134 3340 1203 πολεμίων,
3393 1133 3490 1188 καὶ
3525 1134 3594 1187 τά
3625 1132 3781 1198 τόξα,

2191 1230 2286 1282 καὶ
2322 1229 2393 1281 τά
2441 1228 2595 1299 βέλη,
2648 1228 2744 1280 καὶ
2783 1226 2989 1289 σκοπὸς
3021 1226 3209 1289 αὐτοῖς
3238 1219 3352 1279 οἷον
3382 1227 3441 1279 ἐν
3471 1228 3786 1297 σκοτομήνῃ

2189 1321 2299 1374 τινὶ
2338 1321 2434 1373 καὶ
2457 1320 2707 1389 ἀσελήνῳ
2723 1318 2903 1381 νυκτὶ,
2937 1321 3049 1381 τοῖς
3066 1318 3246 1389 λόχοις
3268 1319 3365 1370 καὶ
3392 1321 3513 1381 ταῖς
3538 1318 3786 1391 ἐνέδραις

2189 1412 2502 1485 χρήσασθαι
2561 1410 2684 1464 καθ’
2733 1410 2912 1481 ἡμῶν.
2966 1410 3040 1462 Τὸ
3092 1410 3201 1480 γὰρ
3239 1409 3286 1441 ³⁸
3337 1411 3436 1480 τῆς
3485 1410 3787 1480 ἐπιϐουλῆς

2192 1504 2452 1574 λαθραῖον
2504 1505 2601 1557 καὶ
2648 1503 3034 1575 κεκρυμμένον
3084 1501 3483 1571 σκοτοιιήνην
3522 1502 3785 1555 ἐκάλεσε·

2189 1594 2352 1648 τοῦτο
2383 1595 2441 1647 δὲ
2468 1594 2530 1646 τὸ
2558 1593 2729 1664 ὄνομα
2751 1591 2848 1664 τὴν
2870 1592 3134 1662 ἀσέληνον
3155 1591 3327 1645 νύκτα
3356 1593 3530 1663 δηλοῖ.
3569 1593 3791 1659 Εὑθεῖς

2190 1687 2247 1740 δὲ
2270 1686 2344 1757 τῇ
2377 1686 2593 1755 καρδίῃ
2609 1687 2917 1757 ὠνόμασεν,
2946 1686 3009 1738 οὐ
3028 1686 3126 1756 τὴν
3143 1686 3320 1756 ἄκραν
3340 1685 3540 1757 ἀρετὴν
3559 1686 3729 1756 ἑαυτῇ
3742 1687 3788 1718 ⁸³

2197 1778 2492 1849 μαρτυρῶν
2519 1795 2532 1808 ·
2574 1778 2692 1831 ἀλλ’
2738 1776 2894 1840 εἰδὼς
2937 1777 3018 1829 ὅτι
3065 1775 3204 1846 πρὸς
3240 1775 3447 1846 βλάϐην
3475 1775 3571 1829 τοῦ
3613 1775 3790 1829 Σαοὺλ

508 1894 725 1932 summa
757 1879 1136 1934 benevolentia
1171 1881 1224 1933 in
1268 1882 1444 1949 ipsum
1484 1896 1700 1951 semper
1734 1895 1856 1934 esse
1905 1894 2090 1933 usum.

2197 1870 2345 1924 οὐδὲν
2392 1869 2691 1939 εἰργάσατο
2726 1868 2970 1934 πώποτε,
3010 1869 3126 1921 ἀλλ’
3158 1868 3344 1939 εὐνοίᾳ
3385 1868 3620 1941 πλείστῃ
3657 1868 3793 1939 περὶ

513 1976 526 1988 ⁸
574 1989 592 2021 ι
627 1970 898 2034 Quoniam
927 1986 1051 2038 quae
1074 1980 1130 2025 tu
1156 1971 1456 2041 perfecisti,
1490 1973 1591 2040 ipsi
1623 1971 2041 2027 destruxeruut.
2070 1988 2088 2022 θ

506 2063 627 2117 Non
681 2067 861 2133 rapui,
901 2065 1096 2134 inquit,
1141 2082 1395 2135 regnum,
1444 2067 1535 2119 sed
1581 2081 1609 2118 a
1664 2074 1753 2120 tua
1787 2064 1960 2135 gratia
2009 2082 2097 2118 re-

506 2157 708 2220 gnandi
731 2157 1057 2212 electionem
1084 2159 1299 2227 suscepi
1329 2177 1342 2212 :
1378 2158 1456 2212 illi
1482 2166 1666 2212 autem
1694 2159 1978 2212 destruere
2010 2172 2095 2211 me

506 2258 779 2301 conantur
808 2256 1005 2301 contra
1044 2257 1193 2302 tuam
1221 2249 1551 2303 sententiam
1589 2249 1807 2303 armati.

585 2438 604 2471 ι
622 2419 810 2476 Justus
832 2431 1011 2475 autem
1030 2422 1159 2491 quid
1185 2421 1340 2476 fecit?
1357 2420 1546 2492 [Vens
1562 2419 1714 2493 5,6.]
1735 2420 1996 2476 Dominus
2013 2433 2098 2475 est

508 2514 563 2567 in
598 2513 801 2582 templo
819 2524 1008 2569 sancto
1028 2528 1153 2579 suo,
1169 2513 1434 2569 Dominus
1457 2515 1509 2567 in
1532 2513 1672 2568 coelo
1693 2513 1878 2568 sedem
1904 2512 2090 2567 habet.

507 2602 662 2660 Oculi
689 2605 810 2675 ejus
826 2606 879 2660 iu
905 2615 1102 2662 terram
1124 2606 1445 2676 respiciunt,
1469 2606 1743 2675 palpebra:
1771 2606 1892 2675 ejus
1912 2606 2095 2675 inqui-

509 2704 637 2749 runt
674 2696 728 2750 in
766 2697 904 2752 ﬁlios
929 2697 1232 2752 hominum.
1260 2696 1527 2752 Dominus
1553 2696 1859 2767 inquiritin
1881 2697 2091 2766 justum

506 2798 558 2842 et
582 2789 831 2858 impium.
868 2806 888 2840 ι
916 2787 992 2843 llli
1017 2789 1184 2860 igitur
1200 2805 1298 2845 sua
1322 2789 1546 2859 quidem
1570 2790 1775 2844 malitia
1793 2797 1982 2843 contra
2006 2803 2094 2843 me

507 2890 761 2941 utuntur:
780 2890 834 2935 tu
855 2882 1383 2952 verojustusjudex,
1403 2881 1649 2936 insidens
1684 2882 2001 2937 coelestibus
2018 2895 2095 2936 se-

506 2972 689 3039 dibus,
711 2982 762 3027 et
790 2974 863 3027 tui
888 2983 1245 3044 conspectum
1269 2974 1321 3027 in
1344 2981 1564 3028 terreno
1587 2973 1785 3042 templo
1806 2973 2091 3051 exhibens,

508 3065 734 3135 inspicis
756 3066 978 3135 quidem
1005 3067 1321 3121 universam
1348 3074 1575 3128 terram,
1604 3064 1881 3121 suﬂiciunt
1910 3072 2092 3118 autem

509 3156 604 3209 tibi
643 3156 912 3210 duntaxat
945 3156 1233 3210 oculorum
1268 3156 1558 3226 palpebrae,
1606 3166 1665 3210 ut
1700 3157 1939 3210 humana
1973 3171 2093 3210 om-

2192 1960 2359 2015 αὐτόν
2405 1962 2755 2032 χρησάμενος
2801 1962 3125 2015 διετέλεσεν.
3178 1979 3197 2013 ι
3241 1961 3363 2014 Ὅτι
3395 1959 3431 2015 ἃ
3477 1962 3543 2014 σὺ
3581 1978 3789 2033 κατηρ-

2191 2056 2350 2121 τίσω,
2399 2055 2556 2108 αὐτοὶ
2610 2054 2882 2108 καθεῖλον.
2928 2073 2948 2107 ι
2998 2054 3113 2124 Οὐχ
3180 2053 3430 2123 ἥρπασα,
3482 2054 3639 2123 φησὶ,
3687 2054 3788 2124 τὴν

2194 2147 2475 2218 βασιλείαν
2494 2147 2573 2213 ’⁸,
2620 2146 2759 2200 ἀλλὰ
2798 2145 2898 2216 τὴν
2946 2145 3285 2218 χειροτονίαν
3352 2145 3507 2216 παρά
3552 2145 3652 2213 τῆς
3686 2145 3789 2215 σῆς

2192 2240 2417 2311 χάριτος
2434 2238 2727 2310 ἐδεξάμην.
2764 2238 2995 2292 Ἐκεῖνοι
3023 2238 3081 2291 δέ
3115 2256 3182 2309 με
3207 2236 3512 2292 καταλῦσαι
3546 2238 3788 2309 πειρῶν-

2194 2352 2286 2387 ται
2313 2333 2457 2389 κατὰ
2486 2332 2591 2402 τῆς
2628 2330 2730 2401 σῆς
2759 2331 3108 2403 όπλιζόμενοι
3133 2331 3340 2402 ψήφου.

2271 2442 2289 2476 ι
2333 2424 2393 2476 ’0
2417 2423 2473 2476 δὲ
2493 2421 2703 2486 δίκαιος
2721 2421 2775 2475 τί
2807 2421 3071 2491 emines;
3104 2420 3193 2493 [ε’.
3223 2422 3330 2495 qh]
3354 2422 3557 2494 Κύριος
3587 2422 3644 2475 ὲν
3676 2420 3791 2491 ναῷ

2195 2515 2339 2587 ἁγίῳ
2367 2512 2559 2579 αὐτοῦ,
2603 2511 2811 2581 Κύριος
2855 2512 2913 2565 ἐν
2950 2510 3171 2583 οὐρανῷ
3208 2515 3236 2565 ὁ
3272 2512 3461 2584 θρόνος
3507 2510 3709 2566 αὐτοῦ’
3739 2513 3791 2564 οἱ

2193 2607 2468 2679 ὀφθαλμοὶ
2519 2605 2685 2659 αὐτοῦ
2722 2604 3085 2659 ὲπιὸλέπουσι
3131 2606 3231 2675 τὴν
3266 2604 3594 2676 οἰκουμένην
3613 2605 3684 2672 ’⁷,
3721 2605 3792 2658 τὰ

2196 2703 2441 2773 βλέφαρα
2488 2699 2656 2754 αὐτοῦ
2687 2698 2932 2767 ἐξετάζει
2975 2699 3102 2762 τοὺς
3142 2699 3293 2763 υἱοὺς
3323 2698 3432 2752 τῶν
3460 2697 3795 2769 ἀνθρώπων.

2195 2795 2403 2865 Κύριος
2460 2791 2705 2859 ἐξετάζει
2782 2792 2875 2845 τὸν
2927 2792 3161 2854 δίκαιον,
3230 2791 3328 2845 καὶ
3382 2791 3474 2845 τδν
3525 2789 3723 2860 ἀσεϐῆ.
3765 2809 3784 2842 ι

2208 2889 2439 2941 Ἐκεῖνοι
2472 2886 2571 2956 μὲν
2615 2881 2710 2938 οὖν
2732 2887 2798 2956 τῇ
2833 2884 2956 2937 κατ’
2997 2882 3132 2954 ἐμοῦ
3179 2884 3480 2954 κέχρηνται
3508 2882 3747 2955 πονηρίᾳ
3771 2897 3789 2914 ⁶

2197 2982 2262 3032 σὺ
2320 2980 2376 3032 δὲ
2421 2979 2449 3030 6
2487 2978 2694 3040 δίκαιος
2753 2976 2947 3048 κριτὴς
2989 2975 3367 3046 ἐγκαθήμενος
3403 2979 3516 3039 τοῖς
3540 2975 3586 3007 ’⁸
3619 2978 3792 3046 οὖρα-

2196 3072 2329 3135 νίοις
2379 3071 2576 3137 θώκοις
2600 3111 2616 3138 ,
2662 3070 2757 3123 καὶ
2794 3070 2897 3140 τὴν
2939 3069 3147 3123 οἰκείαν
3163 3070 3208 3100 ⁸⁸
3251 3066 3580 3136 ἑπιῲάνειαν
3619 3069 3679 3120 ὲν
3710 3066 3792 3137 τῷ

2198 3161 2310 3230 ναῷ
2355 3160 2432 3230 τῷ
2479 3160 2569 3212 ἐπὶ
2617 3162 2722 3231 γῆς
2774 3159 3122 3229 ποιούμενος,
3164 3158 3491 3222 ὲποπτεύεις
3541 3159 3639 3229 μὲν
3690 3158 3794 3231 τὴν

509 3246 600 3299 nia
626 3260 847 3300 noscas.
867 3246 1024 3300 Nosti
1051 3260 1177 3300 vero
1200 3254 1388 3300 exacte
1411 3254 1459 3300 et
1480 3247 1754 3317 justorum
1785 3256 1838 3300 et
1863 3246 2092 3316 injusto-

2202 3228 2534 3324 οἰκουμένην
2560 3228 2801 3314 ἃπασαν,
2832 3228 2994 3322 ἀρκεῖ
3014 3250 3071 3303 δέ
3102 3266 3184 3303 σοι
3212 3250 3374 3320 μόνον
3396 3251 3441 3282 ³ο
3472 3228 3581 3304 τῶν
3605 3228 3792 3320 ὀμμά-

511 3352 630 3390 rum
650 3339 920 3397 actiones.
945 3336 1174 3406 etdigna
1201 3337 1455 3407 operibus
1477 3339 1748 3407 rependis.
1794 3337 2090 3393 Sciendum

508 3438 592 3484 est
614 3444 799 3497 porro,
823 3436 877 3482 et
906 3429 1118 3495 oculos,
1142 3440 1195 3483 et
1219 3430 1523 3501 palpebras,
1548 3441 1602 3486 et
1625 3433 1804 3496 sedes,
1825 3442 1879 3487 et
1899 3440 2094 3487 caetera

511 3519 782 3588 ejusmodi
822 3531 1082 3591 tanquam
1116 3522 1182 3576 dc
1219 3537 1275 3575 re
1296 3537 1557 3592 corporea
1580 3522 1712 3590 dici,
1744 3524 1813 3577 ab
1836 3523 2094 3577 humanis

509 3611 674 3683 673
705 3612 871 3668 rebus
904 3629 990 3668 res
1022 3612 1238 3667 divinas
1285 3615 1536 3671 homines
1573 3614 1877 3677 edocendo,
1914 3622 1970 3668 et
2012 3614 2095 3668 di-

512 3705 656 3757 vinis
692 3703 1002 3759 actionibus
1035 3704 1401 3759 humanorum
1428 3706 1803 3761 membrorum
1851 3704 2093 3775 appella-

512 3782 688 3852 tiones
718 3797 1070 3866 imponendo.
1119 3816 1137 3850 ι
1170 3794 1273 3863 Qui
1307 3808 1489 3853 autem
1514 3799 1690 3869 diligit
1720 3797 2094 3868 iniquitatem,

510 3891 626 3946 odit
650 3892 891 3946 animam
929 3907 1104 3945 suam.
1145 3911 1164 3942 ι
1201 3890 1307 3958 Qui
1336 3894 1574 3946 animam
1605 3892 1802 3962 diligit,
1831 3889 2098 3960 iniquita—

514 3994 620 4035 tem
651 3983 811 4035 odit:
850 3981 943 4050 qui
984 3982 1120 4036 bene
1155 3995 1282 4053 erga
1319 3982 1461 4036 hanc
1496 3978 1724 4035 atl‘cctus
1761 3987 1866 4043 est,
1911 3978 2097 4049 perni-

511 4075 650 4129 ciem
681 4075 881 4129 auium
904 4089 1018 4129 suae
1048 4076 1429 4142 machinatur;
1464 4080 1727 4145 provocat
1760 4072 1907 4129 enim
1957 4072 2099 4128 divi-

511 4184 635 4222 nam
670 4167 830 4231 iram,
864 4167 932 4221 de
957 4181 1061 4237 qua
1102 4168 1381 4237 propheta:
1416 4180 1599 4222 sermo
1624 4170 1831 4219 narrat.

511 4262 664 4329 μισεῖ
686 4260 768 4292 ³³⁸
796 4261 823 4312 6
856 4259 913 4313 δὲ
956 4259 1085 4329 περὶ
1122 4258 1340 4329 ἐκείνην
1411 4254 1470 4312 εῦ
1537 4257 1905 4328 διακείμενος,
1952 4253 2175 4326 ὀλεθρον
2208 4260 2274 4329 τῇ
2328 4259 2474 4330 ψυχῇ
2528 4259 2839 4329 μηχανᾶται
2879 4274 2892 4288 ·

507 4349 699 4420 ὀργὴν,
732 4352 862 4422 περὶ
881 4345 948 4421 ἧς
967 4350 997 4402 ὁ
1025 4351 1364 4421 προφητικδς
1381 4349 1603 4417 διέξεισι
1632 4348 1810 4418 λόγος.

2204 3362 2312 3398 των
2350 3344 2415 3397 τὰ
2453 3344 2718 3415 βλέφαρα,
2752 3343 2820 3396 τὰ
2867 3342 3186 3415 ἀνθρώπεια
3217 3344 3396 3397 πάντα
3427 3342 3789 3412 καταμαθεῖν.

2204 3434 2374 3490 Οἶσθα
2398 3436 2453 3490 δὲ
2479 3437 2728 3507 ἀκριϐῶς
2761 3436 2857 3490 καὶ
2896 3436 3099 3490 ἀδίκων
3136 3437 3231 3489 καὶ
3253 3436 3477 3490 δικαίων
3509 3435 3608 3499 τὰς
3646 3435 3794 3506 πρά-

2203 3530 2334 3597 ξεις,
2392 3531 2488 3583 καὶ
2534 3529 2887 3592 ταλαντεύεις
2938 3532 3052 3593 τοῖς
3099 3527 3285 3602 ἔργοις
3326 3528 3423 3593 τὰς
3468 3528 3791 3591 ἀντιδόσεις.

2214 3621 2412 3675 ’ἰστέον
2468 3621 2547 3684 δὲ,
2590 3622 2671 3675 ὅτι
2725 3620 2817 3674 καὶ
2855 3620 3205 3691 ὀφθαλμοὺς,
3241 3619 3337 3674 καὶ⁸
3374 3618 3642 3692 βλέφαρα,
3698 3633 3795 3671 και

2201 3710 2445 3783 θρόνους,
2479 3712 2575 3764 καὶ
2612 3710 2779 3766 τᾶλλα
2813 3712 2914 3765 ὅσα
2962 3709 3215 3779 τοιαῦτα,
3254 3709 3722 3780 σωματικώτερον
3747 3708 3793 3739 ³¹

2199 3802 2368 3871 λέγει,
2400 3802 2509 3856 ἀπὸ
2557 3803 2665 3857 τῶν
2721 3801 3078 3877 ἀνθρωπίνων
3124 3802 3470 3874 πραγμάτων
3518 3800 3648 3865 τοὺς
3698 3800 3796 3853 ἀν-

2200 3893 2456 3966 θρώπους
2512 3894 2582 3949 τὰ
2637 3897 2756 3949 θεῖα
2808 3896 3098 3961 διδάσκων,
3138 3894 3234 3949 καὶ
3265 3895 3385 3958 ταῖς
3432 3892 3606 3956 θείαις
3639 3894 3797 3962 ὲνερ-

2200 3987 2380 4053 γείαις
2403 3987 2449 4019 ³³
2488 3985 2597 4041 τῶν
2626 3987 2987 4058 ἀνθρωπίνων
3028 3984 3236 4056 μορίων
3284 3985 3385 4048 τὰς
3418 3986 3796 4055 προσηγορίας

2200 4074 2391 4138 τιθεῖς.
2432 4093 2451 4126 ι
2496 4075 2556 4129 ’0
2583 4075 2643 4129 δὲ
2677 4072 2909 4145 ἀγαπῶν
2938 4074 3036 4146 τὴν
3067 4075 3303 4140 ἀδικίαν,
3338 4077 3488 4145 μισεί
3517 4073 3617 4145 τὴν
3665 4075 3798 4127 ἑαυο

2200 4165 2296 4218 τοῦ
2332 4165 2535 4238 ψυχήν.
2589 4184 2607 4218 ι
2652 4165 2712 4219 '0
2755 4166 2853 4238 τὴν
2910 4164 3089 4236 ψυχὴν
3151 4166 3405 4234 ἀγαπῶν,
3439 4164 3540 4236 τὴν
3578 4164 3797 4218 ἀδικίαν

2950 4258 3255 4311 ἐπισπᾶται
3323 4255 3432 4328 γὰρ
3486 4255 3586 4325 τὴν
3641 4254 3796 4309 θείαν

582 4447 749 4504 Vens.
799 4448 852 4502 7.
894 4468 913 4501 ι
960 4448 1237 4515 Quoniam
1298 4447 1520 4517 depluet
1569 4463 1736 4517 super
1778 4456 2092 4517 peccatores

2272 4440 2339 4507 ζ’.
2376 4462 2394 4494 ι
2450 4442 2572 4496 Ὅτι
2598 4442 2643 4475 ³⁸
2673 4440 2950 4514 ὲπιὸρέξει
2986 4441 3081 4495 ἐπὶ
3124 4439 3487 4512 ἁμαρτωλοὺς
3525 4437 3789 4507 παγίδας.

509 4545 760 4613 laqueos,
798 4543 941 4614 ignis
972 4551 1027 4598 et
1047 4543 1300 4612 sulphur,
1319 4549 1375 4596 et
1404 4541 1632 4610 spiritus
1654 4540 2042 4610 procellarum.
2067 4560 2085 4593 ι

510 4637 594 4689 Ab
621 4635 689 4690 iis
722 4650 844 4704 quae
884 4633 1139 4690 Sodomis
1166 4635 1280 4705 jam
1313 4634 1657 4696 acciderunt,
1692 4632 1864 4688 sumit
1889 4632 2095 4689 descri-

514 4729 756 4798 ptionem
787 4729 1218 4799 suppliciorum;
1276 4726 1476 4783 etenim
1525 4727 1581 4782 in
1629 4728 1751 4782 illas
1787 4727 1812 4767 ἀ
1848 4727 2097 4782 civitates

521 4822 727 4893 depluit
778 4821 1045 4879 Dominus
1098 4838 1128 4877 a
1167 4821 1402 4876 Domino
1443 4821 1645 4887 ignem,
1694 4830 1749 4876 et
1797 4818 2027 4889 sulphur
2071 4834 2101 4875 e

522 4917 684 4973 caelo.
717 4916 843 4973 lla-e
881 4918 1047 4989 igitur
1080 4923 1137 4970 et
1167 4914 1272 4969 hoc
1297 4914 1350 4968 in
1380 4914 1502 4969 loco
1543 4913 1785 4968 minatus
1837 4921 1943 4978 est,
1994 4928 2100 4966 non

518 5022 579 5066 ut
614 5013 726 5066 haec
762 5011 988 5066 omnino
1024 5008 1377 5072 inducturus,
1419 5006 1513 5063 sed
1544 5020 1642 5077 per
1694 5005 1810 5061 hmc
1855 5005 2104 5075 omnige-

583 5217 610 5257 δ
649 5214 789 5269 Gen.
818 5178 938 5279 ιιι,
973 5211 1066 5264 ει.

2200 4539 2313 4611 πῦρ
2342 4537 2439 4593 καὶ
2483 4536 2651 4600 θεῖον,
2685 4536 2782 4591 καὶ
2829 4533 3053 4606 πνεῦμα
3085 4534 3424 4603 καταιγίδος.
3466 4552 3485 4586 ι
3523 4531 3658 4586 Ἀπὸ
3681 4530 3796 4584 τῶν

2201 4635 2302 4706 ἤδη
2344 4634 2473 4705 περὶ
2523 4631 2594 4686 τὰ
2637 4631 2846 4702 Σόδομα
2906 4627 3210 4700 γινομένων
3234 4628 3280 4660 ⁸⁸
3325 4625 3654 4698 σχηματίζει
3692 4622 3796 4682 τὰς

2204 4727 2478 4798 τιμωρίας
2502 4743 2516 4754 ·
2557 4724 2786 4795 καὶγὰρ
2817 4723 2898 4786 εἰς
2920 4722 2967 4754 ³⁸
2997 4721 3213 4785 ὲκείνας
3254 4720 3355 4785 τὰς
3383 4719 3567 4783 πόλεις
3601 4713 3792 4787 ἔϐρεξε

2209 4816 2419 4889 Κύριος
2454 4813 2606 4887 παρὰ
2630 4812 2839 4885 Κυρίου
2864 4810 2977 4884 πῦρ
3023 4811 3117 4866 καὶ
3152 4810 3295 4865 θεῖον
3319 4811 3383 4864 ὲκ
3406 4808 3501 4863 τοῦ
3531 4802 3792 4879 οὐρανοῦ.

2210 4910 2398 4965 Ταῦτα
2428 4907 2608 4963 τοίνυν
2651 4906 2934 4961 κάνταῦθα
2970 4904 3267 4974 ἠπείλησεν
3293 4921 3308 4937 ο
3340 4902 3439 4974 οὐχ
3467 4902 3543 4965 ὡς
3575 4900 3796 4961 πάντως

2212 5001 2386 5057 ταῦτα.
2420 4999 2663 5068 ἐπάξων,
2707 4998 2847 5053 ἀλλὰ
2902 4997 2990 5052 διὰ
3024 4997 3231 5052 τούτων
3290 4994 3391 5059 τὰς
3442 4989 3797 5053 παντοδαπὰς

1608 5340 1844 5395 VAlll/E
1886 5336 2274 5397 LECTIONES
2311 5336 2397 5393 [ST
2432 5336 2664 5396 ΝΟΤᾹῘ.

590 5445 638 5479 ἰ
675 5441 869 5509 Τινὲς,
894 5458 951 5495 κ.
990 5439 1041 5493 λ.
1081 5437 1207 5492 Des.
1230 5436 1285 5491 in
1317 5435 1441 5491 cod.
1471 5435 1522 5501 1,
1551 5443 1605 5490 et
1631 5436 1773 5504 apud
1801 5434 1964 5490 Cord.
1985 5434 2092 5505 p.9‘

590 5516 659 5545 ...ι
696 5513 839 5545 αἰηηι
941 5512 986 5543 ss
1020 5509 1119 5545 nml
1176 5508 1209 5545 ε)
1233 5516 1281 5545 nl
1327 5507 1360 5545 Ξ
1396 5506 1574 5545 ἐηιιινιτι
1675 5508 1720 5537 ﬂ
1765 5508 2092 5545 Dim-nclam-

2256 5394 2302 5465 έδ
2326 5394 2585 5503 Στίχοις.
2618 5432 2788 5487 Abest
2811 5444 2837 5483 a
2861 5427 2982 5485 cod.
3016 5404 3471 5502 2,,νμυτὸλτᾷρ,
3503 5434 3556 5470 κ.
3578 5414 3630 5467 λ.
3664 5410 3799 5468 Des.

2197 5505 2275 5545 ml,
2305 5503 2357 5545 οὶ.
2396 5503 2756 5545 νςυπτηυίαν-
2837 5502 2881 5534 ιτ
2916 5493 3149 5545 ’Βπιϐλ.
3185 5490 3303 5545 τὴν
3341 5504 3574 5545 omnim.
3602 5484 3729 5539 cod.
3761 5481 3801 5537 2

516 5516 660 5588 apud
696 5502 866 5567 Cord.
941 5512 986 5543 “
1020 5509 1142 5564 cod.
1176 5508 1210 5562 2
1233 5516 1286 5560 et
1327 5507 1360 5560 ’5
1396 5506 1595 5577 ἐαυτῷ.
1667 5502 1720 5537 “²⁶
1757 5502 2092 5587 Βασιλεῖαῂ

516 5598 571 5640 et
600 5589 635 5640 5
664 5586 744 5645 εἰς
769 5581 864 5652 τὸν
893 5581 1101 5652 πένητα
1135 5576 1554 5652 ἐπιϐλέπουσιν.
1597 5577 1675 5652 |_ta
1709 5576 1821 5652 fere
1848 5577 1898 5652 οῖ
1922 5576 1978 5628 0'
2015 5574 2092 5652 Vn

2197 5505 2280 5559 ad.
2305 5503 2362 5566 2,
2396 5502 2758 5575 χειροτονίαν,
2837 5502 2881 5534 ⁸⁷
2916 5502 3303 5573 ’31t61._ri1r
3341 5504 3574 5556 οικουμ.
3602 5502 3729 5539 cou.
3761 5502 3797 5537 ε

2197 5573 2354 5652 latnt.
2403 5577 2521 5652 l._c.
2557 5583 2595 5627 t.
2624 5573 2662 5637 l,
2701 5588 2752 5639 p.
2786 5564 2915 5652 4'88.
2991 5564 3038 5596 ³⁸
3064 5554 3797 5652 Ίζοιςιτοοιίἒ-ξῌριωιῖιζήὲις

516 5658 563 5690 ¹²
613 5651 872 5706 Οὶκείαν.
897 5647 1029 5705 col.
1059 5653 1079 5705 1
1128 5649 1299 5704 θείαν.
1378 5648 1422 5680 ³ο
1444 5648 1578 5703 Cod.
1607 5648 1662 5700 2.
1697 5647 1792 5699 σοῦ

1829 5645 1992 5716 μόνα.
2069 5646 2270 5716 θυοδ.
2304 5644 2428 5716 let
2454 5646 2490 5696 2
2530 5636 2992 5716 σωματικώτερα.

3096 5634 3142 5665 ³³
3176 5622 3570 5703 ”Ενεργείᾰις.
3609 5624 3732 5703 eod.
3763 5622 3791 5677 1

518 5738 570 5781 et
590 5696 1016 5800 ﬁngam}?
1063 5696 1877 5800 ἰ³μιοτεῖίιὴδ.ἰιιςοδ.
1915 5717 1968 5777 1.
2046 5715 2091 5747 ³⁸⁵

2197 5696 2268 5768 .-I.'
2292 5696 2461 5768 Abest
2502 5726 2531 5766 a
2586 5696 2748 5767 codd.
2787 5696 3012 5765 nostris.
3093 5703 3136 5737 ³⁸
3161 5702 3283 5759 cod.
3316 5696 3794 5769 2'ye-rempéwav.

518 5791 721 5860 κείς.
760 5792 883 5847 Des.
938 5791 992 5846 in
1046 5792 1167 5848 cod.
1207 5790 1263 5846 ‘2.
