4090 6438
530 378 637 443 943

1526 372 2018 435 THEODORETI
2048 369 2391 432 EPISCOPI
2429 367 2803 429 CYRENSIS

3692 358 3800 425 944

611 496 773 552 \‘rzas.
806 494 857 548 ὅ.
898 512 917 545 ι
947 492 1049 558 Qui
1087 490 1382 546 dixerunt:
1422 486 1688 559 Linguam
1720 497 1969 546 nostram
2002 502 2118 541 ma-

2296 481 2357 535 ε’.
2396 499 2414 533 t
2469 481 2610 543 Τοὺς
2648 479 2929 545 εἰπόντας,
2973 478 3085 547 Τὴν
3127 477 3376 545 γλῶσσαν
3423 473 3586 545 ἡμῶν
3629 492 3803 543 μεγαο

538 590 936 663 gniticabimus,
969 587 1111 642 labia
1142 595 1330 642 nostra
1363 585 1505 655 apud
1540 601 1639 641 nos
1680 598 1831 651 sunt,
1868 584 1994 653 quis
2026 590 2115 637 est

536 684 793 737 dominus
821 679 1050 736 noster?
1076 698 1093 731 ι
1123 678 1349 744 Natura,
1385 678 1581 747 inquit.
1617 691 1903 733 sermones
1932 675 2112 730 metiri

540 778 754 841 nolunt,
796 788 973 843 neque
1005 772 1224 828 divinas
1249 773 1395 841 leges
1428 771 1700 840 respicere
1743 771 1937 824 volunt
1969 787 1982 822 :
2018 768 2113 822 sed

534 871 798 926 ell'renato
828 884 921 922 ore
946 875 1184 931 utentes,
1216 881 1342 921 cum
1372 865 1602 920 audacia
1631 864 1896 934 quidquid
1925 862 2116 916 volunt

535 965 855 1033 loquuntur,
907 962 1149 1016 divinam
1198 959 1520 1029 patientiam
1577 956 1960 1027 despicientes,
2017 967 2117 1006 nec

533 1057 636 1110 snh
686 1056 777 1111 Dei
837 1063 1104 1125 potestate
1144 1067 1204 1108 se
1260 1068 1384 1107 esse
1439 1051 1762 1121 cogitantes.
1813 1047 1961 1102 Talis
2013 1044 2117 1099 fuit

493 1199 501 1216 ,
534 1146 773 1212 Pharao,
812 1147 1045 1216 ideoque
1085 1145 1225 1200 dixit
1258 1162 1272 1199 :
1316 1164 1333 1196 ι
1370 1142 1491 1198 Non
1525 1143 1652 1197 novi
1687 1141 1975 1197 Dominum
2002 1141 2048 1191 ε.
2091 1156 2109 1190 ι

491 1220 497 1248 ¹
533 1240 549 1258 '
578 1238 726 1292 Talis
753 1246 807 1292 et
839 1238 1136 1305 llapsaces,
1179 1235 1271 1305 qui
1303 1250 1472 1290 ausus
1495 1243 1579 1289 est
1610 1234 1794 1288 dicere
1828 1248 1841 1284 :
1896 1251 1913 1315 ι
1959 1228 2037 1285 Ne
2063 1237 2116 1283 te

532 1330 773 1399 decipiat
805 1328 947 1383 Deus
976 1336 1130 1389 tuus,
1163 1328 1216 1380 in
1243 1341 1356 1395 quo
1390 1334 1445 1381 tu
1477 1325 1593 1396 ipse
1619 1324 1869 1386 conﬁdis,
1908 1322 2026 1376 fore
2058 1328 2116 1374 ut

533 1420 973 1490 Hierosolymam
1025 1417 1220 1471 liberet
1264 1431 1295 1471 e
1320 1431 1488 1470 manu
1515 1432 1636 1470 mea
1674 1413 1728 1470 ιι.
1768 1434 1785 1465 ι
1825 1413 1974 1469 Talis
2006 1412 2114 1467 Na-

536 1510 981 1573 buchodonosor,
1003 1509 1098 1577 qui
1124 1522 1422 1576 generosos
1454 1508 1575 1563 illos
1602 1521 1801 1576 pueros
1826 1503 2115 1569 exterruit,

534 1610 700 1669 atque
736 1599 919 1653 dicere
949 1598 1175 1652 minime
1202 1597 1518 1667 perhorruit
1548 1613 1562 1649 :
1600 1615 1619 1648 ι
1656 1595 1792 1661 Quis
1836 1604 1921 1650 est
1950 1593 2114 1657 Deus,

534 1692 628 1761 qui
668 1690 863 1760 eripiet
891 1703 989 1743 vos
1018 1689 1084 1744 de
1123 1704 1289 1744 manu
1317 1702 1437 1742 mea
1486 1689 1501 1728 ί
1527 1689 1549 1740 ?
1581 1706 1599 1738 ι
1630 1685 2025 1742 Verumtamen
2063 1695 2119 1740 et

535 1785 609 1838 illi
642 1797 831 1839 eorum
860 1795 981 1851 qua:
1004 1779 1346 1835 committere
1375 1778 1494 1834 ausi
1524 1789 1676 1843 sunt,
1706 1792 1923 1848 pmnam
1949 1777 2114 1833 dede-

2216 574 2504 646 λυνοῦμεν,
2527 573 2597 627 τά
2636 572 2792 644 χείλη
2817 570 2980 641 ἡμῶν
3020 571 3150 640 παρ’
3185 571 3316 639 ἡμῖν
3342 570 3490 621 ἐστι·
3527 568 3609 630 τίς
3642 566 3805 636 ἡμῶν

2222 666 2417 736 κύριός
2450 669 2638 729 estw;
2683 682 2701 716 ι
2737 663 2851 716 Ούκ
2886 662 3199 731 ἀνέχονται,
3225 660 3383 729 φησὶ,
3434 659 3707 730 μετρῆσαι
3737 660 3803 726 τῇ

2217 760 2376 828 φύσει
2402 761 2527 823 τοὺς
2561 758 2777 826 λόγους,
2800 757 2924 809 οὐδὲ
2964 757 3045 815 εἰς
3082 755 3211 817 τοὺς
3257 754 3436 814 θείους
3471 751 3806 805 ἀποϐλέπειν

2216 852 2462 904 ἐθέλουσι
2519 850 2740 920 νόμους,
2800 848 2919 901 ἀλλ’
2966 844 3273 920 άθυρὼτοις
3314 844 3549 914 στόμασι
3604 859 3812 913 κεχρη·

2220 942 2394 1010 μένοι,
2431 940 2548 1009 μετ’
2580 939 2766 1001 ἁδείας
2805 940 2945 1008 ὅπερ
2986 937 3271 1007 βούλονται
3317 936 3673 1005 φθέγγονται,
3709 935 3809 1002 τῆς

2217 1032 2370 1094 θείας
2390 1029 2777 1102 μακροθυμίας
2804 1026 3306 1100 καταφρονοῦντες.
3328 1027 3425 1081 καὶ
3456 1026 3594 1096 μηδὲ
3626 1026 3806 1078 τελεῖν

2218 1125 2325 1178 ὑπὸ
2349 1125 2450 1195 τὴν
2477 1122 2573 1178 τοῦ
2606 1123 2746 1177 Θεοῦ
2770 1123 3092 1176 δεσποτείαν
3109 1122 3153 1154 ³⁷
3180 1120 3518 1191 νομίζοντες.
3550 1117 3812 1181 Τοιοῦτος

2215 1210 2284 1286 ἦν
2316 1218 2344 1268 ὁ
2376 1214 2614 1287 Φαραώ’
2672 1214 2865 1285 διόπερ
2915 1214 3012 1268 καὶ
3065 1212 3277 1280 ἔλεγεν·
3335 1230 3354 1262 ι
3403 1211 3520 1263 Οὐκ
3562 1205 3685 1262 οἶδα
3716 1208 3811 1262 τὸν

2218 1306 2450 1377 Κύριον.
2488 1325 2507 1357 ι
2544 1305 2801 1369 Τοιοῦτος
2830 1301 2901 1376 ἦν
2929 1305 2958 1357 ὁ
3009 1300 3313 1375 Ῥαψάκης,
3356 1302 3540 1371 λέγειν
3569 1300 3808 1370 τολμῶν·

2225 1416 2242 1448 ι
2284 1398 2375 1467 Μή
2419 1415 2477 1450 σε
2517 1398 2787 1451 ἀπατάτω
2811 1397 2840 1448 ό
2867 1395 3000 1457 Θεός
3031 1412 3149 1461 σου,
3176 1388 3281 1461 Ib“
3315 1393 3381 1446 σὺ
3415 1391 3694 1453 πέποιθας
3722 1392 3811 1443 ἐπ’

2219 1489 2369 1558 αὐτῷ
2391 1489 2472 1541 ὅτι
2502 1487 2729 1560 ῥύσεται
2754 1486 2853 1557 τὴν
2888 1485 3249 1558 Ἰερουσαλὴμ
3295 1484 3361 1536 ὲκ
3400 1483 3586 1554 χειρός
3620 1500 3749 1553 μου.
3786 1500 3807 1531 ι

2228 1580 2488 1643 Τοιοῦτος
2514 1578 3009 1649 Ναϐουχοδονόσωρ
3061 1578 3191 1639 τοὺς
3238 1576 3525 1645 γενναίους
3565 1574 3813 1635 ἐκείνους

2218 1670 2594 1740 δεδιττόμενος
2626 1669 2846 1735 παῖδας,
2878 1670 2975 1721 καὶ
3005 1669 3189 1737 λέγειν
3209 1668 3271 1731 ού
3298 1666 3562 1736 φρίττων,
3596 1686 3617 1715 ι
3646 1664 3745 1727 Τίς
3783 1665 3815 1715 ὁ

2219 1762 2352 1825 Θεὸς
2375 1761 2420 1792 ⁸⁸
2475 1760 2535 1824 ὃς
2588 1759 2855 1826 ὲξελείται
2891 1759 3039 1829 ὑμᾶς
3079 1759 3145 1811 ὲκ
3198 1756 3308 1809 τῶν
3371 1754 3572 1825 χειρῶν
3623 1769 3757 1823 μους
3788 1773 3807 1803 ι

536 1884 665 1931 runt
696 1892 709 1928 :
742 1885 797 1930 ct
828 1874 939 1939 isti,
982 1873 1050 1928 de
1084 1872 1288 1942 quibus
1341 1843 1918 1941 propheticus‘serme
1945 1869 2119 1940 loqui-

2235 1852 2378 1906 Ἀλλ’
2406 1853 2557 1923 ὅμως
2614 1853 2858 1906 κάκεῖνοι
2910 1850 3105 1920 ποινὴν
3155 1850 3346 1905 ἔδοσαν
3373 1843 3449 1902 ὧν
3480 1848 3813 1917 ἐτόλμησαν,

538 1979 645 2035 tur,
691 1967 917 2039 dignum
954 1965 1106 2022 luent
1151 1964 1483 2035 supplicium
1509 2005 1524 2032 ,
1566 1968 1759 2021 ethoc
1805 1963 2121 2035 signiﬁcans

536 2060 777 2118 subdidit
803 2077 818 2116 :

607 2236 771 2292 Vens.
804 2234 858 2291 6.
895 2254 913 2288 ι
945 2234 1176 2307 Propter
1200 2234 1477 2291 miseriam
1503 2236 1751 2305 in0pum,
1776 2243 1831 2289 ct
1854 2233 2121 2304 gemitum

536 2347 859 2404 pauperum,
893 2346 1042 2386 nunc
1071 2345 1387 2401 exsurgam,
1416 2329 1549 2384 dicit
1587 2329 1867 2383 Dominus.
1914 2327 2120 2382 Ponam

539 2428 592 2481 in
642 2424 874 2481 salutari
905 2443 918 2477 :
949 2423 1277 2479 ﬁducialiter
1314 2438 1471 2492 agam
1517 2423 1569 2475 in
1610 2436 1697 2477 eo.
1740 2440 1759 2471 ι
1804 2419 1921 2475 Non
1974 2421 2118 2475 enim

538 2533 634 2574 eos
656 2518 908 2587 lugentes
937 2524 993 2570 et
1018 2524 1295 2585 gementes
1319 2514 1390 2567 ob
1420 2512 1589 2583 676
1617 2512 1979 2582 iniquitatem,
2000 2525 2123 2580 quae

540 2618 731 2665 contra
755 2609 907 2678 ipsos
930 2614 1139 2677 patrata
1163 2613 1270 2670 est,
1295 2604 1595 2673 despiciam
1629 2621 1642 2657 :
1679 2604 1774 2659 sed
1804 2603 2120 2673 patientiam

540 2700 703 2757 veluti
736 2698 1029 2771 quemdam
1064 2711 1323 2754 somnum
1352 2696 1658 2761 excutiens,
1692 2696 2039 2765 perspicuam
2069 2704 2124 2750 et

540 2793 808 2847 illustrem
850 2805 1040 2845 eorum
1074 2789 1307 2845 salutem
1352 2786 1572 2842 faciam.
1630 2786 1765 2855 Nam
1801 2788 1907 2842 hoc
1957 2787 2121 2843 modo

539 2883 906 2955 Symmachus
958 2883 1353 2951 interpretatus
1387 2887 1472 2935 est
1506 2897 1519 2933 :
1558 2899 1576 2930 ι
1625 2878 1833 2935 Ponam
1883 2880 2123 2935 salutare

536 2973 782 3028 evidens.
826 2990 844 3023 ι
875 2971 942 3027 Et
963 2972 1170 3027 docens
1196 2970 1481 3025 verissima
1506 2968 1623 3025 fore
1650 2983 1772 3038 quae
1798 2969 1945 3024 dicta
1971 2976 2120 3035 sunt,

540 3064 828 3137 sultjunxit
860 3079 874 3116 :

2225 1944 2319 1996 καὶ
2347 1938 2493 1998 οὗτοι
2523 1942 2654 2013 περὶ
2699 1935 2774 1995 ὧν
2804 1942 2833 1992 ὁ
2874 1941 3217 2011 προφητικὺς
3249 1939 3476 2006 διέξεισι
3525 1937 3681 2005 λόγος
3713 1936 3816 1999 τὰς

2223 2039 2383 2106 ἀξίας
2433 2040 2644 2093 τίσουσι
2706 2038 2896 2102 δίκας·
2963 2037 3058 2091 καὶ
3120 2036 3284 2091 τοῦτο
3343 2034 3629 2107 σημαίνων
3707 2035 3816 2086 έπ-

2223 2133 2455 2204 ἤγαγεν

2295 2224 2369 2289 ς’.
2417 2243 2436 2276 ι
2478 2224 2709 2277 Ἕνεκεν
2744 2222 2843 2292 τῆς
2867 2219 3249 2293 ταλαιπωρίας
3282 2220 3394 2274 τῶν
3426 2218 3680 2289 πτωχῶν,
3719 2220 3817 2272 καὶ

2221 2318 2318 2372 τοῦ
2384 2315 2698 2385 στεναγμοῦ
2755 2313 2866 2367 τῶν
2932 2315 3206 2386 πενήτων,
3265 2311 3361 2364 νῦν
3394 2311 3810 2380 ἀναστήσομαι,

2222 2412 2371 2481 λέγει
2404 2410 2649 2483 Κύριος’
2699 2407 2939 2478 θήσομαι
2999 2407 3059 2460 ἐν
3113 2404 3394 2476 σωτηρίῳ,
3431 2403 3816 2475 παρρησιάσο-

2226 2520 2325 2572 μαι
2348 2502 2407 2553 ὲν
2437 2499 2608 2571 αὐτῷ.
2646 2517 2664 2551 ι
2698 2497 2773 2550 Οὐ
2805 2495 3143 2567 περιόψομαι
3164 2496 3207 2526 ⁶⁰
3245 2494 3356 2563 γὰρ
3383 2493 3583 2554 αὐτοὺς
3610 2493 3651 2523 ⁶¹
3693 2491 3818 2543 ὀλοο

2224 2593 2590 2665 φυρομένους,
2661 2589 2760 2644 καὶ
2814 2588 3108 2650 στένοντας
3185 2586 3274 2640 διὰ
3319 2584 3421 2656 τὴν
3470 2584 3553 2647 εἰς
3607 2582 3813 2642 αὐτοὺς

2226 2685 2591 2756 τολμωμένην
2641 2683 3031 2753 παρανομίανο
3088 2678 3227 2733 ἀλλὰ
3276 2678 3376 2748 τὴν
3425 2675 3816 2748 μακροθυμίαν

2225 2776 2479 2844 καθάπερ
2515 2772 2639 2826 τινὰ
2681 2772 2853 2826 ὕπνον
2898 2771 3360 2839 ἀποσεισάμενος,
3404 2767 3681 2839 περιφανῆ
3715 2766 3817 2821 καὶ

2224 2866 2490 2936 λαμπρὰν
2524 2863 2705 2917 αὐτῶν
2726 2864 2771 2895 θ’
2808 2861 2907 2933 τὴν
2958 2858 3237 2930 σωτηρίαν
3285 2857 3607 2927 ποιήσομαι.
3656 2853 3817 2908 Οὕτω

2224 2959 2333 3028 γὰρ
2393 2959 2421 3011 ό
2473 2957 2772 3027 Σύμμαχος
2826 2954 3165 3025 ἡρμήνευσε,
3225 2968 3244 3001 ι
3297 2948 3461 3012 Τάξω
3540 2947 3815 3017 σωτήριον

2224 3047 2472 3121 ἐμφανές
2497 3048 2569 3101 ⁸³.
2607 3064 2626 3100 ι
2694 3046 2808 3101 Καὶ
2856 3044 3129 3099 διδάσκων
3176 3041 3253 3105 ὡς
3299 3038 3517 3110 ἀληθῶς
3563 3038 3716 3091 ἔσται
3745 3039 3817 3090 τὰ

2226 3140 2517 3213 εἰρημένα,
2559 3137 2919 3210 προστέθεικε
2945 3154 2959 3167 ο

615 3244 781 3300 Vens.
812 3244 869 3300 7.
907 3262 927 3296 ι
958 3242 1192 3314 Eloqnia
1221 3242 1460 3312 Domini,
1494 3242 1710 3314 eloquia
1736 3253 1909 3310 casta,
1929 3258 2119 3315 argen-

2279 3195 2370 3300 .C"'..
2426 3250 2445 3284 ι
2505 3195 2807 3300 ιΓὸίλόγια
2873 3228 3085 3301 Κυρίου
3138 3228 3301 3296 λόγια
3351 3224 3517 3295 ἁγνὰ,
3547 3223 3816 3297 ἀργύριον

542 3350 656 3393 tuin
690 3339 814 3409 igne
847 3337 1212 3407 exploratum,
1261 3336 1553 3407 probatum
1595 3350 1775 3404 terrae,
1830 3347 2121 3408 purgatum

541 3432 879 3502 septuplum.
926 3448 946 3483 ο
985 3428 1297 3501 Septuplum
1350 3446 1448 3501 pro
1491 3448 1850 3499 swpenumero
1897 3433 2120 3502 posuit:

541 3524 647 3577 hoc
677 3522 825 3577 enim
853 3522 1056 3579 divinae
1085 3522 1384 3594 Scriptura
1413 3523 1659 3580 solemne
1683 3532 1789 3580 est.

614 3684 779 3739 Vens.
807 3682 860 3737 8.
897 3700 916 3734 ι
946 3683 1049 3746 Tu,
1079 3681 1327 3748 Domine,
1357 3684 1604 3740 servabis
1632 3700 1754 3749 nos,
1776 3694 1829 3741 et
1851 3685 2124 3741 custodics

545 3791 646 3832 nos
681 3791 710 3831 a
761 3775 1115 3847 generatione
1166 3776 1289 3841 hac,
1326 3786 1381 3832 ct
1413 3777 1465 3831 in
1511 3787 1800 3833 aeternum.
1862 3796 1882 3830 ›
1914 3778 2048 3832 Nam
2094 3793 2123 3831 a

542 3882 635 3923 tua
681 3867 856 3939 gratia
891 3867 1176 3933 custodiri,
1224 3883 1332 3923 non
1363 3869 1542 3924 solum
1581 3870 1867 3941 przesentis
1897 3884 2127 3941 genera-

544 3960 712 4013 tionis
763 3958 992 4028 laqueos
1032 3957 1391 4029 eﬂ‘ugiemus,
1444 3961 1539 4017 sed
1569 3970 1624 4016 et
1662 3970 1879 4015 attenta:
1926 3961 2125 4016 salutis

541 4060 828 4122 compotes
854 4051 1085 4107 erimus.

614 4141 776 4196 \‘sns.
825 4142 881 4198 9.
924 4161 944 4195 ι
990 4140 1049 4196 In
1100 4142 1334 4199 circuitu
1393 4143 1543 4215 impii
1594 4144 1897 4209 ambulant,
1929 4161 2116 4202 secun-

542 4236 673 4289 dum
709 4232 1057 4289 altitudinem
1097 4243 1245 4289 tuam
1290 4235 1343 4289 in
1377 4236 1552 4301 pretio
1584 4235 1819 4292 habuisti
1858 4237 1998 4293 ﬁlios
2029 4240 2129 4292 ho—

543 4327 775 4382 minum.
818 4344 836 4379 ι
877 4324 980 4393 Qui
1013 4325 1180 4398 igitur
1211 4325 1477 4399 impietati
1521 4340 1652 4386 sunt
1685 4329 1912 4397 assueti,
1942 4330 2127 4386 divina

544 4419 735 4475 relicta
763 4418 873 4481 via,
909 4420 1017 4475 huc
1049 4427 1104 4474 et
1133 4419 1261 4474 illuc
1292 4419 1570 4484 aberrant,
1600 4430 1862 4477 conantes
1894 4422 2130 4477 circum-

2225 3322 2655 3395 πεπυρωμένον,
2676 3321 2928 3392 δοκίμιον
2962 3322 3023 3373 ὲν
3046 3320 3088 3351 θ’
3123 3322 3192 3391 τῇ
3212 3323 3284 3390 γῇ
3310 3320 3379 3386 ⁸⁸,
3405 3314 3819 3388 κεκαθαρισμέ-

2226 3433 2315 3470 νον
2347 3414 2765 3478 ἑπταπλασίως.
2811 3431 2831 3465 ι
2877 3413 2952 3468 To
2995 3412 3428 3478 ἐπταπλασίως
3450 3412 3497 3442 ⁸⁸
3539 3410 3663 3463 ἀντὶ
3717 3406 3815 3462 τοῦ

2226 3506 2651 3571 πολλαπλασίως
2674 3505 2891 3575 τέθεικε
2913 3522 2926 3535 ·
2961 3504 3123 3559 τοῦτο
3151 3505 3263 3576 γὰρ
3287 3503 3519 3574 σύνηθες
3541 3506 3608 3573 τῇ
3629 3501 3752 3572 θείᾳ
3771 3501 3816 3532 ⁸⁷

2225 3603 2442 3673 Γραφῇ.

2297 3687 2402 3761 η’.ι
2427 3689 2524 3751 Σὺ,
2542 3686 2742 3758 Κύριε,
2766 3685 3023 3756 φυλάξεις
3044 3685 3088 3716 ³⁸
3107 3684 3276 3755 ἡμᾶς,
3296 3683 3390 3738 καὶ
3405 3682 3759 3754 διατηρήσεις
3778 3673 3822 3706 ⁶⁹

2227 3781 2374 3852 ἡμᾶς
2400 3778 2511 3834 ἀπὸ
2544 3778 2644 3849 τῆς
2673 3779 2868 3847 γενεᾶς
2908 3775 3136 3847 ταύτης,
3162 3775 3268 3828 καὶ
3297 3776 3378 3839 εἰς
3414 3774 3508 3828 τδν
3552 3772 3750 3826 αἰῶνα.
3792 3787 3812 3820 ι

2237 3870 2441 3924 Ὑπὺτθ
2490 3868 2599 3939 γὰρ
2649 3869 2749 3939 τῆς
2809 3870 2910 3939 σῆς
2969 3864 3444 3938 φρουρούμενοι⁷¹
3494 3862 3721 3933 χάριτος
3755 3860 3816 3912 οὐ

2230 3962 2394 4034 μόνον
2429 3961 2531 4031 τῆς
2567 3958 2855 4031 παρούσης
2889 3958 3085 4027 γενεᾶς
3135 3954 3235 4020 τὰς
3290 3955 3476 4024 πάγας
3526 3951 3819 4021 διαφευξό-

2233 4053 2393 4125 μεθα,
2428 4051 2565 4105 ἀλλὰ
2598 4050 2816 4121 καὶτῆς
2848 4049 3070 4103 αἰωνίου
3106 4047 3384 4119 σωτηρίας
3415 4043 3743 4117 τευξόμεθα.

2302 4145 2367 4199 θ’.
2405 4163 2423 4196 ι
2459 4143 2660 4215 Κύκλῳ
2684 4143 2734 4196 οἱ
2757 4141 2974 4206 ἀσεϐεῖς
3001 4140 3393 4214 περιπατοῦσι,
3423 4139 3564 4193 κατὰ
3597 4136 3659 4190 τὸ
3684 4135 3820 4206 ὕψος

2232 4253 2327 4288 σου
2380 4232 2776 4304 ὲπολυώρησας
2828 4234 2957 4295 τοὺς
3004 4234 3155 4296 υἱοὺς
3199 4230 3310 4285 τῶν
3364 4228 3754 4300 ἀνθρώπωντί.
3796 4248 3814 4278 ο

2231 4327 2295 4379 Ol
2332 4325 2430 4396 μὲν
2462 4320 2555 4379 οὖν
2587 4322 2879 4394 δυσσεϐείᾳ
2906 4320 3202 4386 συζῶντες,
3252 4321 3353 4392 τὴν
3389 4318 3610 4373 θείαν’⁸
3644 4336 3819 4371 κατα·

2230 4419 2486 4483 λιπόντες
2510 4417 2651 4485 ὁδὸν,
2678 4416 2808 4487 τῇδε
2831 4416 3056 4469 κάκεῖσε
3086 4412 3555 4485 περιπλανῶνται,
3579 4408 3821 4465 κυκλοῦν

548 4514 629 4567 ire
679 4519 735 4566 et
778 4511 944 4567 veluti
985 4512 1241 4567 obsidere
1295 4513 1719 4570 mansuetiores.
1769 4512 1849 4567 Tu
1889 4530 2017 4569 vero
2059 4530 2119 4569 cx

2236 4514 2331 4569 καὶ
2378 4514 2547 4566 οἱονεὶ
2596 4511 2913 4582 πολιορκεῖν
2958 4511 3090 4572 τοὺς
3129 4507 3578 4577 ἐπιεικεστέρους
3608 4503 3819 4574 πειρώ-

549 4602 834 4658 altitudine
870 4612 1077 4657 natura:
1116 4617 1406 4672 apparens,
1461 4610 1555 4657 tua
1591 4602 1791 4672 dignos
1849 4618 1981 4659 cura
2032 4619 2119 4659 eos

2230 4625 2403 4679 μενοι.
2438 4608 2511 4659 Σὺ
2548 4605 2604 4658 δὲ
2635 4604 2743 4659 ἀπὸ
2774 4604 2868 4657 τοῦ
2898 4603 2997 4672 τῆς
3022 4603 3241 4671 φύσεως
3280 4600 3450 4670 ὕψους
3486 4597 3816 4667 φαινόμενος

548 4707 735 4767 putas,
765 4698 857 4766 qui
898 4696 965 4751 ab
1008 4695 1116 4750 illis
1146 4694 1291 4751 bello
1330 4703 1612 4765 petuntur,
1643 4711 1790 4750 nunc
1824 4697 2041 4766 quidem
2076 4699 2119 4751 in

2230 4701 2329 4770 τῆς
2402 4699 2501 4768 σῆς
2557 4698 2728 4765 ἀξιοῖς
2808 4695 3143 4767 κηδεμονίας
3218 4695 3347 4758 τοὺς
3417 4693 3510 4746 ὑπ’
3586 4689 3819 4743 ἐκείνοιν

548 4787 938 4843 atllictionibus
982 4801 1262 4854 recreans,
1297 4786 1461 4858 paulo
1495 4795 1619 4857 post
1670 4802 1799 4842 vero
1836 4786 2119 4857 perfectan'

2232 4790 2712 4861 πολεμουμένους.
2801 4788 2897 4843 νῦν
2973 4789 3071 4859 μὲν
3144 4785 3508 4857 ψυχαγωγῶν,
3566 4783 3626 4837 ὲν
3696 4782 3819 4842 ταῖς

550 4881 779 4936 salutent
821 4879 1082 4952 largiens.

2234 4884 2470 4953 θλίψεσι,
2511 4882 2649 4953 μετὰ
2682 4882 2857 4954 βραχὺ
2891 4882 2949 4935 δὲ
2975 4864 3190 4934 τελείαῖ
3225 4878 3383 4950 τὴντδ
3411 4876 3690 4947 σωτηρίαν
3716 4874 3822 4928 δω-
3880 4864 3883 4867 ’

2246 4974 2339 5044 ρού
2350 4989 2509 5044 μενος
2530 4972 2596 5027 ⁷⁸.

626 5065 651 5103 ⁸
696 5061 871 5117 Exod.
926 5075 979 5125 v,
1014 5060 1067 5127 2.
1145 5058 1171 5099 ιι
1203 5057 1268 5113 iV
1312 5057 1446 5129 Reg.
1487 5076 1642 5127 xvttt,
1697 5060 1790 5125 29,
1838 5064 1929 5119 55.
2016 5066 2029 5105 ί
2082 5063 2221 5123 Dan.
2262 5067 2464 5132 111,Ιΰ.

1667 5175 1899 5235 vanus
1939 5180 2324 5238 LECTIONES
2363 5179 2452 5235 ET
2487 5167 2747 5236 NOTAE:

624 5276 669 5309 ⁸⁷
716 5272 840 5330 cod.
863 5271 904 5347 2
928 5270 1504 5347 Τῆς-δεσποτείας.
1582 5274 1630 5347 f3
1658 5265 1752 5347 Ta.
1781 5275 1905 5347 cod.
1952 5277 1977 5347 l
2024 5277 2061 5330 2
2096 5293 2119 5347 p

2223 5294 2285 5329 πη.
2338 5279 2431 5347 ὲν.
2495 5276 2542 5307 ⁶⁹
2586 5275 2648 5326 '0
2668 5274 2847 5347 θεός.
2883 5271 3140 5347 _Utcrque
3165 5269 3552 5347 ργωιιιηὲστίν.
3628 5266 3825 5347 Ἶρος.

556 5346 704 5402 Flor.
732 5333 1073 5414 παρόψομὼ.
1150 5342 1192 5414 f‘
1216 5333 1476 5414 Αὑτούςξ
1492 5343 1619 5414 cod.
1649 5333 1891 5414 1ίτούς..
1934 5333 2119 5414 fico]

2223 5351 2322 5402 lor.
2379 5346 2584 5409 αὐτοῖς.
2615 5413 2618 5414 ν
2662 5344 2707 5375 ⁸³
2729 5333 2853 5398 cod.
2876 5343 2902 5395 l
2929 5333 3212 5414 asparagis
3271 5341 3318 5373 ⁸⁸
3349 5344 3484 5414 on.
3513 5340 3585 5389 ἐν
3611 5333 3825 5414 τῇτῇ.

558 5399 1136 5485 ίιίίόἑρτείεέϐἰωοοε
1158 5411 1317 5467 latuit
1343 5399 1669 5484 signiﬁcatio
1694 5399 1854 5471 vocis
1878 5399 2004 5507 θὴρ
2031 5399 2422 5472 retines—Viti.
2450 5399 2640 5470 Montl'.
2679 5414 2716 5467 l.
2742 5428 2793 5469 c.
2829 5428 2883 5483 ι).
2912 5399 3065 5467 49οΪ
3114 5399 3164 5443 ά
3201 5410 3321 5461 Ἐν.
3352 5406 3521 5461 Abest
3545 5420 3574 5460 a
3609 5399 3744 5463 cod:
3769 5399 3824 5463 3.

555 5521 603 5552 “
638 5520 711 5575 Τὸ
736 5519 996 5573 eruam.
1045 5515 1170 5572 Des.
1221 5517 1273 5570 in
1303 5517 1426 5573 cod.
1453 5518 1505 5573 l.
1607 5519 1653 5552 ⁸⁷
1682 5520 1840 5587 Θείᾳ.
1886 5522 2056 5575 Abest
2100 5538 2119 5576 ε

2223 5524 2303 5579 od.
2348 5523 2372 5576 l
2412 5530 2463 5577 et
2502 5521 2559 5573 ἓ.
2668 5519 2711 5552 ⁸⁸
2751 5519 2872 5573 cod.
2912 5518 2954 5587 ἓ
2978 5512 3255 5587 φυλάξοις.
3296 5513 3418 5568 cod.
3460 5511 3825 5587 3__<pp).a':E_attc.

557 5593 601 5662 ⁸9
630 5590 754 5662 cod.
788 5591 821 5643 2
872 5587 1246 5662 διατηρήσας.
1288 5588 1487 5662 ωδε-δ
1524 5583 1944 5662 διατηρήσαιςκ
1985 5593 2031 5623 ⁷ο
2083 5593 2119 5645 ⁸]

2223 5596 2251 5648 ῖ.
2293 5593 2429 5647 Cod.
2474 5590 2601 5644 ἀπό.
2630 5587 2886 5662 __’f‘Cod.
2927 5584 3421 5662 Ξίρρουρούμενος.
3496 5583 3733 5662 "ﬂat?
3760 5611 3829 5623 —-

556 5659 904 5727 ἀνθρώπων.
939 5652 1147 5712 Ιιαέὲ-ἐι
1198 5666 1347 5713 textu
1393 5656 1558 5714 Hebr.
1612 5652 1755 5729 ps'aII
1784 5652 1884 5722 xu,
1920 5659 1974 5725 9,
2008 5662 2118 5716 nim

559 5728 848 5787 ὕψωθῶσιν
898 5728 947 5780 oi
988 5726 1223 5787 εὐτελεῖς
1259 5729 1369 5782 τῶν
1413 5728 1548 5783 υἱῶν
1598 5730 1708 5781 τῶν
1752 5729 2079 5787 ἀνθρώπων.

2223 5665 2398 5718 aliena
2429 5667 2575 5714 sunt.
2626 5658 2812 5711 Melior
2850 5666 2932 5710 est
2980 5652 3191 5724 symm.
3236 5653 3651 5721 interpretatio.
3697 5652 3829 5705 ὅταν

2223 5735 2231 5764 ¹
2262 5733 2460 5787 Θείαν.
2497 5727 2620 5783 cod.
2655 5728 2690 5781 5
2724 5725 2964 5779 εὐθείαν.
3040 5724 3089 5755 ’⁸
3131 5722 3274 5787 Τήν.
3321 5724 3487 5778 Abest
3543 5739 3572 5776 a
3613 5721 3740 5777 cod.
3771 5722 3827 5775 9..

559 5730 848 5798 ύψωθῶσιν
898 5730 947 5780 οἱ
988 5730 1223 5790 εὐτελεῖς
1259 5730 1369 5782 τῶν
1413 5730 1548 5783 υἱῶν
1598 5730 1708 5781 τῶν
1752 5730 2079 5798 ἀνθρώπων.

560 5800 610 5831 ’⁵
642 5796 759 5878 lluc
790 5797 1024 5878 pertinet
1052 5797 1300 5878 schoiion
1346 5797 1543 5878 addito
1572 5796 1902 5878 Theodoreti
1953 5801 2119 5857 nomii

2223 5735 2231 5764 ¹
2262 5733 2460 5787 Θείαν.
2497 5730 2620 5783 cod.
2655 5730 2690 5781 5
2724 5730 2964 5779 εὐθειαν.
3041 5730 3089 5755 ⁷⁸
3131 5730 3274 5787 Τήν.
3321 5730 3487 5778 Abest
3543 5739 3572 5776 a
3613 5730 3740 5777 eod.
3771 5730 3827 5775 2.

2230 5819 2264 5859 n
2296 5799 2442 5857 Bosii
2487 5798 2619 5857 edit.
2646 5797 2756 5852 τῶν
2787 5794 2864 5864 θ’,
2898 5794 2965 5852 ad
3000 5794 3057 5851 lt.
3093 5794 3134 5852 l.
3164 5793 3415 5861 allatum,
3452 5795 3599 5865 quod
3643 5801 3828 5847 tamen

565 5881 668 5922 nec
700 5867 756 5921 in
812 5867 973 5926 codd.
1008 5868 1232 5938 nostris,
1275 5881 1375 5925 nec
1402 5868 1544 5938 apud
1573 5868 1738 5923 Cord.
1775 5879 1971 5924 exsmt.
