4090 6412
271 352 376 418 945

612 470 882 525 EPMHN.
918 471 1055 523 ΤΟΥ
1083 469 1160 523 IB’
1189 470 1511 525 ΨΑΛΜΟΥ.

335 587 411 639 α’.
463 604 483 637 ι
539 585 635 647 Et;
685 586 748 637 τὸ
801 584 979 649 τέλος,
1031 584 1247 654 ψαλμὺς
1300 584 1381 655 τῷ
1434 583 1620 638 Δαϐίδ.
1663 603 1682 636 ι
1746 584 1858 637 Καὶ

259 678 460 732 τοῦτον
491 680 573 742 εἰς
609 676 805 731 ἐαυτδν
847 678 1141 748 ἡνεγκεν⁷⁸
1172 678 1262 731 τὸν
1286 678 1508 749 ψαλμὸν
1527 679 1573 710 ⁷⁷
1605 680 1634 732 6
1681 678 1857 748 μέγας

257 767 453 829 Δαεὶδ,
482 768 543 821 οὐ
577 767 684 840 μὴν
723 768 830 821 ὑπὸ
870 769 966 822 τοῦ
998 769 1173 823 Σαοὺλ
1207 769 1562 842 διωκόμενος,
1602 770 1719 823 ἀλλ’
1750 771 1857 824 ὑπὸ

253 859 360 911 τοῦ
389 859 753 930 ’Λὸεσσαλὼμ
783 860 1214 932 πολεμούμενος.
1245 863 1329 915 Τά
1352 865 1451 933 μὲν
1473 863 1583 933 γάρ
1605 863 1747 917 κατὰ
1764 863 1855 917 τὸν

256 950 445 1004 Σαοὺλ
471 951 580 1022 πρὸ
609 952 710 1020 τῆς
742 953 1025 1022 ἁμαρτίας
1074 949 1165 1024 ἦν,
1219 955 1314 1008 καὶ
1367 955 1457 1009 διὰ
1501 955 1663 1009 τοῦτο
1716 957 1856 1028 μετὰ

254 1041 472 1113 πολλῆς
504 1043 725 1110 ἐλέγετο
753 1045 1073 1115 παρρησίας
1092 1046 1159 1100 ⁷⁸.
1192 1044 1274 1099 Τὰ
1320 1046 1378 1099 δέ
1429 1063 1494 1115 γε
1555 1049 1696 1102 κατά
1754 1048 1850 1102 τὸν

267 1133 646 1205 Ἀϐεσσαλὼμ
672 1137 811 1206 μετά
835 1139 936 1207 τὴν
958 1138 1258 1210 ἁμαρτίαν·
1291 1138 1379 1192 διά
1396 1141 1440 1173 ⁷⁸
1461 1140 1622 1193 τοῦτο
1649 1140 1854 1194 κλαυθ-

255 1226 371 1296 μὸς
439 1226 535 1279 καὶ
589 1228 900 1299 στεναγμὸς
953 1231 1000 1262 ⁸⁸
1055 1234 1171 1295 τοίς
1240 1231 1422 1300 λόγοις
1488 1233 1849 1304 ἐγκέκραται.

257 1335 278 1365 ι
323 1317 476 1381 Ἕως
498 1318 656 1384 πότε,
689 1319 886 1390 Κύριε,
918 1321 1155 1392 ἐπιλήσῃ
1181 1340 1284 1392 μου
1315 1326 1398 1387 εἰς
1419 1324 1611 1390 τέλος;
1637 1325 1784 1396 ’Τὴν
1805 1326 1849 1358 ⁸¹

246 1410 538 1481 ἀναϐολὴν
589 1413 691 1483 τῆς
755 1412 1009 1483 βοηθείας
1098 1415 1528 1487 ἐπιλησμονὴν
1573 1419 1853 1489 προσηγό-

250 1519 428 1573 ρευσε
447 1503 513 1556 ⁸⁹.
550 1504 874 1576 Παρακαλεῖ
903 1505 960 1559 δὲ
999 1506 1074 1579 μὴ
1134 1508 1216 1571 είς
1258 1507 1411 1571 τέλος
1444 1508 1806 1581 ἐπιλησθῆναι
1835 1528 1849 1542 ο

247 1595 515 1650 τουτέστι
554 1598 631 1667 μὴ
658 1598 942 1663 παντελῶς
977 1600 1076 1670 τῆς
1109 1599 1263 1664 θείας
1292 1601 1655 1672 γυμνωθῆναι
1712 1620 1851 1673 προ-

248 1689 438 1753 νοίας.
475 1711 493 1743 ι
543 1691 690 1754 Ἕως
726 1693 858 1745 πότε
905 1694 1278 1764 ἀποστρέφεις
1305 1695 1369 1748 τὸ
1421 1694 1719 1764 πρόσωπόν
1758 1712 1852 1750 σου

246 1779 356 1831 ἀπ’
384 1779 520 1849 ἐμοῦ
546 1798 561 1846 ;
600 1801 619 1833 ι
667 1781 761 1835 Ἐκ
796 1787 1115 1854 μεταφορᾶς
1136 1786 1245 1838 τῶν
1264 1785 1641 1857 ὀργιζομένων
1665 1787 1735 1851 ⁵³,
1760 1788 1854 1841 καὶ

245 1871 390 1933 τοὺς
414 1875 937 1943 προσκεκρουκότας
970 1877 1105 1947 ὁρᾷν
1134 1877 1197 1929 ού
1228 1877 1592 1948 βουλομένων,
1635 1878 1851 1933 τέθεικε

252 1965 420 2017 τουτὶ
446 1963 510 2017 τδ
542 1966 725 2036 ῥητόν.
757 1966 849 2019 Διὸ
883 1967 1002 2036 μετ’
1035 1968 1195 2036 ὀλίγα
1225 1966 1397 2037 λέγει·
1443 1987 1461 2020 ι
1527 1968 1851 2040 Ἒπίὸλεψον

254 2054 352 2107 ἐπ’
380 2056 505 2125 ἐμὲ,
541 2057 633 2110 καὶ
656 2057 883 2128 ἐλέησόν
920 2076 1012 2128 με,
1056 2078 1074 2111 ι
1111 2058 1239 2113 οὔτε
1274 2060 1575 2132 πρόσωπον
1610 2061 1749 2116 νοῶν
1790 2063 1853 2116 τὸ

252 2147 585 2216 πρόσωπον,
620 2147 744 2202 οὔτε
792 2151 1151 2222 ἀποστροφὴν
1177 2155 1280 2223 τὴν
1310 2154 1671 2225 ἀποστροφήν
1695 2171 1707 2184 ·
1735 2155 1852 2209 ἀλλ’

247 2242 373 2296 ἀπὸ
446 2243 559 2299 τῶν
648 2244 1011 2317 ἀνθρωπίνων
1087 2246 1252 2301 πάλιν
1342 2249 1676 2319 σχηματίζει
1760 2242 1855 2303 τὸν

249 2334 425 2403 λόγον
446 2335 514 2389 ⁸⁸.

332 2426 405 2495 β’.
445 2444 465 2477 ι
503 2428 653 2493 Ἕως
703 2428 852 2495 τίνος
900 2430 1142 2502 θήσομαι
1194 2431 1391 2503 βουλάς
1441 2435 1500 2488 ἐν
1540 2434 1687 2507 ψυχῇ
1726 2453 1851 2506 μου,

251 2518 458 2581 ὀδύνας
491 2519 549 2572 ἐν
581 2518 780 2591 καρδίᾳ
845 2537 949 2591 μου
1008 2521 1225 2592 ἡμέρας
1272 2522 1372 2577 καὶ¹
1401 2524 1632 2589 Vir/36;;
1675 2544 1694 2576 ι
1735 2524 1849 2579 Νύ-

257 2628 418 2682 κτωρ
443 2607 493 2643 ⁸⁸
518 2612 612 2664 καὶ
658 2613 780 2681 μεθ’
832 2613 1051 2683 ἡμέραν
1087 2615 1429 2686 τρυχόμενος
1460 2616 1711 2682 διατελῶ,
1759 2617 1856 2672 καὶ

256 2706 398 2765 τοὺς
442 2704 742 2776 λογισμοὺς
796 2706 1051 2778 στρέφων
1102 2724 1162 2761 τε
1208 2708 1304 2762 καὶ
1353 2708 1671 2773 ἀνελίττων,
1725 2710 1856 2764 ποτέ

262 2796 368 2865 μὲν
400 2795 815 2852 ἀπολαύσεσθαι
838 2798 887 2830 ⁸⁸
916 2799 1333 2873 φιλανθρωπίας
1378 2799 1587 2866 ἐλπίζω
1610 2803 1677 2869 ⁸⁷,
1723 2803 1855 2856 ποτὲ

261 2889 318 2944 δὲ
353 2888 686 2960 ἅμφιὸἀλλω
703 2891 750 2923 ⁸³
777 2892 829 2944 εἰ
854 2892 1140 2964 τεύξομαιο
1195 2893 1386 2948 ἄλλοτε
1418 2894 1476 2948 δὲ
1514 2895 1852 2967 ἀπαγορεύω

265 2984 368 3048 τὰς
396 2983 773 3057 χρηστοτέρας
808 2985 1060 3050 ἐλπίδας.

333 3072 409 3143 γ’.
450 3093 469 3126 ι
521 3075 666 3138 Ἕως
722 3077 855 3129 πότε
889 3076 1241 3148 ὑψωθήσεται
1292 3081 1322 3132 6
1356 3080 1550 3149 ἐχθρός
1599 3096 1705 3150 μου
1767 3080 1857 3132 ἐπ’

1650 356 1733 416 IN
1776 357 1980 416 PSAL.
2020 357 2155 416 XII.

1890 481 1940 538 Α

3440 357 3549 422 966

2282 492 2447 563 577
2502 490 2771 547 INTERP.
2805 487 3081 546 PSALMI.
3110 488 3224 544 xu.

2038 604 2205 661 Vens.
2260 606 2312 660 l.
2370 624 2389 656 ι
2437 604 2493 659 In
2540 607 2726 670 linem,
2767 604 3021 661 Psalmus
3066 605 3278 660 Davidi.
3330 624 3349 656 ι
3394 604 3551 659 Hune

1966 711 2190 766 quoque
2215 701 2486 766 psalmum
2513 699 2580 753 de
2606 713 2664 753 se
2694 698 2813 768 ipso
2838 714 3067 767 magnus
3096 698 3264 752 David
3293 699 3544 768 protulit,
3570 734 3579 743 .

1965 787 2336 844 non-Saulem
2377 788 2613 860 fugiens,
2660 806 2848 845 verum
2904 790 2973 844 ab
3021 790 3315 845 Absalomo
3357 791 3500 845 bello
3532 797 3549 811 '

1962 884 2189 952 petitus.
2221 882 2298 936 Ea
2348 882 2494 935 enim
2530 896 2653 952 qua:
2703 882 2771 936 ad
2822 881 3043 937 Saulem
3100 883 3365 948 attinent,
3420 889 3549 936 ante

1963 982 2246 1041 peceatum
2272 972 2606 1037 acciderant,
2653 981 2708 1028 et
2742 973 2845 1027 hac
2870 975 2936 1027 de
2977 989 3140 1028 causa
3175 990 3370 1044 magna
3417 989 3542 1028 cum

1962 1063 2163 1117 ﬁducia
2210 1063 2559 1118 dicebantur.
2610 1064 2685 1118 Ea
2739 1080 2869 1119 vero
2918 1080 3039 1135 quae
3079 1066 3147 1119 ad
3184 1066 3543 1122 Ahsalomum

1962 1161 2233 1222 spectant,
2275 1162 2398 1224 post
2436 1162 2720 1223 peccatum
2754 1156 3032 1221 exstitere,
3063 1164 3117 1210 et
3144 1165 3428 1226 propterea
3460 1157 3547 1211 lu-

1962 1252 2084 1297 ctus
2122 1251 2177 1297 et
2230 1244 2466 1314 gemitus
2519 1243 2799 1300 immistus
2841 1253 2924 1299 est
2968 1244 3542 1317 verbis.«Usqucquo,

1961 1331 2212 1401 Domine,
2238 1334 2583 1390 Oblivisceris
2602 1336 2709 1390 mei
2736 1335 2791 1389 in
2818 1335 2977 1390 ﬁnem
2995 1336 3020 1388 ?
3047 1353 3066 1387 ι
3092 1333 3548 1392 Procrastinatio-

1961 1439 2086 1479 nem
2123 1426 2316 1480 auxilii
2348 1426 2665 1480 oblivionem
2704 1426 2997 1496 appellavit
3028 1442 3042 1479 :
3078 1425 3330 1481 obsecrat
3360 1437 3544 1483 autem

1961 1532 2028 1571 ne
2061 1516 2425 1572 obliviscatur
2455 1518 2510 1573 in
2539 1519 2726 1581 linem,
2761 1519 2866 1573 hoc
2890 1528 2993 1584 est,
3022 1534 3090 1573 ne
3110 1520 3335 1573 omnino
3362 1519 3546 1574 divina

1960 1608 2300 1679 providentia
2329 1609 2682 1665 destituatur.
2720 1626 2739 1661 ι
2770 1608 3070 1678 Usquequo
3109 1610 3311 1665 avertis
3348 1609 3545 1666 faciem

1960 1710 2110 1757 tuam
2146 1716 2177 1756 a
2210 1702 2331 1757 me?
2371 1721 2390 1754 ι
2424 1702 2529 1758 Ρει·
2566 1702 2943 1773 metaphoram
2981 1704 3052 1758 ab
3098 1703 3167 1758 iis
3197 1704 3292 1773 qui
3345 1720 3547 1759 excan-

1959 1792 2211 1856 descunt,
2239 1808 2444 1862 eosque
2473 1793 2568 1863 qui
2599 1792 2946 1848 oﬂ‘enderunt
2973 1792 3159 1847 videre
3203 1794 3416 1856 uolunt,
3450 1792 3547 1848 de-

1956 1894 2254 1954 sumptam,
2278 1886 2383 1944 hoc
2408 1884 2566 1941 dixit.
2588 1884 2715 1941 Ideo
2745 1885 2907 1955 paulo
2936 1894 3059 1954 post
3081 1885 3214 1939 dicit
3242 1902 3257 1939 :
3293 1904 3312 1936 ι
3352 1883 3546 1954 Respi-

1958 1990 2021 2029 ce
2057 1975 2111 2030 in
2139 1990 2249 2041 me,
2273 1985 2329 2030 et
2354 1975 2615 2031 miserere
2656 1976 2785 2031 mei.
2826 1994 2846 2027 i
2881 1973 3070 2046 Neque
3107 1974 3303 2031 faciem
3355 1985 3415 2029 ut
3462 1977 3546 2030 fa-

1953 2068 2093 2123 ciem
2130 2068 2406 2137 intelligit,
2440 2082 2617 2138 neque
2664 2068 3010 2124 aversionem
3048 2077 3106 2123 ut
3158 2069 3543 2135 aversionem;

1954 2163 2050 2218 sed
2082 2164 2154 2219 ab
2184 2163 2444 2219 humanis
2473 2163 2642 2220 rebus
2681 2177 2877 2219 rursus
2910 2162 3214 2218 orationem
3249 2163 3471 2219 format.

2026 2434 2191 2490 Vsus.
2244 2435 2301 2489 2.
2357 2452 2377 2486 ι
2435 2432 2692 2499 Quaudiu
2728 2440 2930 2503 penam
2969 2432 3199 2489 consilia
3253 2432 3308 2486 in
3358 2432 3544 2487 anima

1955 2542 2096 2591 mea,
2130 2526 2380 2583 dolorem
2412 2528 2468 2582 in
2496 2526 2663 2582 corde
2692 2540 2814 2581 meo
2849 2539 2947 2595 per
2977 2524 3123 2579 diem
3155 2537 3209 2580 et
3235 2533 3449 2580 noctem
3469 2524 3494 2576 Ἰ
3520 2544 3540 2576 ι

1953 2619 2160 2676 Noctes
2187 2620 2417 2689 diesque
2441 2633 2645 2683 vexor,
2696 2626 2752 2672 ct
2802 2617 3169 2687 cogitationes
3209 2618 3432 2673 volvens
3479 2633 3544 2671 ac

1956 2714 2269 2778 revolvens,
2294 2712 2596 2782 aliquando
2634 2710 2857 2781 quidem
2891 2709 3287 2780 benignitatem
3311 2710 3543 2779 adipisci

1955 2821 2138 2872 spero,
2173 2803 2473 2873 aliquando
2511 2817 2643 2857 vero
2676 2800 2898 2869 ambigo
2945 2815 3016 2853 an
3051 2814 3281 2869 compos
3326 2795 3546 2855 futurus

1954 2898 2060 2952 sim
2093 2916 2105 2953 :
2138 2895 2415 2951 interdum
2460 2909 2595 2949 vero
2647 2892 2868 2964 penitus
2918 2892 3090 2963 678
3144 2892 3347 2963 abjicio
3392 2907 3544 2963 spem

1957 2989 2265 3044 meliorem.

2031 3079 2200 3135 Vens.
2232 3081 2286 3134 5.
2326 3098 2345 3131 ι
2390 3080 2694 3150 Usquequo
2720 3078 3053 3136 exaltabitur
3084 3077 3347 3132 inimicus
3390 3090 3547 3129 meus

265 3168 403 3240 ἐμέ;
436 3186 456 3219 ι
494 3168 683 3224 Ταῦτα
736 3172 834 3224 καὶ
885 3171 1019 3242 ἡμῖν
1073 3172 1338 3242 ἁρμόττει
1368 3173 1549 3241 λέγειν
1601 3174 1709 3226 ύπὺ
1753 3172 1851 3227 τοῦ

1963 3189 2126 3244 super
2150 3174 2280 3228 me?
2320 3192 2339 3225 ι
2375 3173 2501 3229 Haec
2528 3182 2583 3228 et
2620 3172 2779 3228 nobis
2804 3171 2897 3240 qui
2930 3185 2963 3226 a
2991 3170 3214 3227 diabolo
3261 3170 3406 3226 bello
3447 3183 3548 3239 pe-

268 3259 520 3316 διαόόλου
552 3261 1010 3333 πολεμουμένοις,
1042 3264 1137 3317 καὶ
1174 3263 1273 3332 τὴν
1300 3262 1453 3319 θείαν
1491 3265 1581 3319 ἀεὶ
1626 3282 1853 3334 συμμα-

267 3352 392 3421 χίαν
433 3353 646 3407 καλεῖν.
704 3354 817 3407 Καὶ
861 3352 974 3425 γὰρ
1017 3357 1046 3409 6
1081 3355 1417 3421 θειότατος⁸⁹
1447 3356 1615 3410 Δαϐὶδ
1664 3358 1857 3427 ἠνιᾶτο

270 3451 392 3509 τοὺς
416 3445 716 3516 πολεμίους
740 3446 1243 3517 ἐπικρατεστέρους
1267 3447 1410 3517 δρῶν
1431 3446 1499 3501 ⁹⁰.

335 3536 397 3591 δ’.
442 3556 461 3589 ι
512 3536 862 3609 Ἐπίόλεψον,
898 3537 1224 3593 είσάκουσόν
1282 3556 1407 3609 μου,
1443 3538 1617 3610 Κύριε
1647 3542 1676 3594 6
1724 3540 1858 3604 Θεός

276 3645 395 3696 μου,
428 3626 670 3697 φώτισον
692 3628 821 3692 τοὺς
848 3628 1164 3699 ὀφθαλμούς
1194 3646 1320 3698 μου,
1355 3629 1568 3699 μήποτε
1622 3628 1860 3682 ύπνώσω

274 3718 354 3781 εἰς
381 3717 637 3771 θάνατον.
680 3735 700 3767 ι
738 3717 817 3789 Τῇ
846 3719 1005 3771 νυκτῖ¹
1035 3717 1147 3772 τῶν
1170 3718 1469 3789 συμφορῶν
1520 3719 1856 3789 περιεχόμε-

271 3828 379 3874 νος,
409 3807 524 3864 οἷόν
553 3828 660 3864 τινι
707 3810 864 3881 ὕπνῳ
911 3815 979 3882 τῇ
1031 3810 1242 3882 ἀθυμίᾳ
1303 3811 1633 3881 κατέχομαι.
1692 3812 1757 3864 Εἰ
1802 3811 1859 3864 δέ

271 3901 472 3971 φανείη
503 3903 602 3972 τῆς
633 3902 731 3971 σῆς
756 3902 1083 3973 ἐπικουρίας
1110 3902 1173 3955 τὸ
1216 3905 1355 3970 φῶς,
1416 3905 1511 3956 καὶ
1556 3903 1655 3973 τὴν
1686 3903 1860 3957 νύκτα

281 3995 534 4048 σκεδάσει
571 3994 677 4047 τῶν
707 3993 1029 4065 συμφορῶν,
1060 3994 1276 4049 καὶτὸν
1300 3993 1469 4048 ὖπνον
1519 3995 1719 4051 παύσει
1759 3998 1861 4066 τῆς

271 4086 540 4157 ἀθυμίας.
578 4088 640 4140 Ei
670 4088 727 4142 δέ
750 4089 1081 4153 ἀναϐάλλοις
1106 4088 1207 4161 τὴν
1241 4089 1524 4160 βοήθειαν,
1581 4090 1730 4143 δέδια
1783 4091 1859 4161 μὴ

270 4190 351 4243 είς
392 4179 624 4235 θάνατον
645 4183 673 4234 6
699 4181 869 4245 ὕπνος
895 4183 1208 4256 μεταπέσῃ,
1243 4183 1607 4254 ἰσχυροτέρας
1636 4184 1736 4253 τῆς
1768 4182 1861 4236 λύ-

270 4289 380 4349 πης
407 4273 713 4345 γενομένης
740 4272 852 4328 τῶν
895 4273 1261 4344 λογισμῶνοί.

339 4372 402 4418 ε’.
425 4384 443 4417 ι
468 4366 561 4437 Μή
583 4382 711 4419 ποτε
734 4366 906 4440 εῐπῃό
925 4366 1120 4436 ἐχθρός
1142 4367 1504 4437 μου,”Ισχυσα
1529 4366 1661 4437 πρὸς
1675 4365 1857 4421 αὐτόν.

1961 3268 2167 3330 timur,
2219 3266 2403 3322 dicere
2454 3266 2730 3330 convenit,
2785 3264 3140 3332 divinumque
3185 3277 3345 3333 opem
3401 3275 3547 3316 sem-

1960 3373 2057 3427 per
2084 3359 2402 3427 implorare.
2431 3356 2568 3413 Nam
2596 3368 2651 3413 et
2678 3356 2901 3412 divinus
2939 3354 3111 3411 David
3147 3356 3334 3411 hostes
3357 3362 3549 3425 poten-

1962 3450 2131 3505 tiores
2156 3449 2347 3504 videns
2386 3448 2671 3505 maerebat.

2031 3540 2200 3596 Vens.
2238 3541 2292 3595 4.
2329 3561 2348 3593 ί
2387 3541 2643 3609 Respice,
2672 3549 2728 3596 et
2753 3539 2951 3595 exaudi
3000 3554 3110 3603 me,
3145 3538 3370 3594 Domine
3406 3538 3551 3593 Deus

1961 3632 2037 3685 mi
2079 3649 2095 3685 :
2138 3631 2389 3685 illumina
2432 3630 2628 3684 oculos
2683 3644 2881 3693 meos,
2936 3644 3006 3683 ne
3058 3644 3300 3698 unquam
3349 3628 3551 3683 obdor-

1964 3722 2131 3776 miam
2157 3722 2212 3775 in
2246 3734 2446 3777 morte.
2487 3739 2507 3772 ι
2543 3719 2714 3776 Nocte
2740 3721 3121 3775 calamitatum
3152 3717 3550 3782 circumdatus,

1964 3816 2131 3873 veluti
2166 3817 2407 3885 quodam
2444 3828 2643 3870 somno
2662 3828 2902 3868 maerore
2925 3812 3193 3868 detineor.
3224 3811 3283 3865 Si
3308 3825 3439 3865 vero
3471 3810 3547 3865 tui

1964 3907 2157 3962 auxilii
2193 3906 2286 3961 lux
2324 3905 2612 3968 eﬂ‘ulserit,
2643 3913 2699 3958 et
2731 3903 3110 3958 calamitatum
3149 3910 3363 3955 noctem
3387 3899 3551 3954 dissi-

1969 4001 2163 4071 pabit,
2215 4007 2271 4054 et
2331 3996 2607 4052 rnmstitiae
2664 4011 2921 4051 somnum
2964 3994 3203 4050 sedabit.
3256 3991 3315 4047 Si
3369 4000 3550 4046 autem

1962 4108 2121 4162 opem
2151 4090 2394 4157 dill‘eras,
2435 4090 2602 4145 timeo
2630 4102 2699 4144 ne
2724 4089 2780 4144 in
2804 4095 3036 4144 mortem
3061 4100 3294 4141 somnus
3324 4084 3548 4149 incidat,

1964 4201 2088 4242 cum
2121 4182 2341 4241 tristitia
2372 4182 2646 4252 potentior
2675 4180 3113 4252 cogitationibus
3146 4180 3287 4233 facta
3325 4176 3510 4232 fuerit.

2036 4359 2203 4414 Vsus.
2235 4359 2288 4414 5.
2321 4379 2339 4411 ι
2382 4358 2458 4414 Ne
2489 4358 2713 4429 quando
2739 4357 2888 4413 dicat
2914 4355 3177 4411 inimicus
3200 4369 3378 4421 meus,
3396 4351 3547 4406 Prai-

264 4459 335 4514 Oi.
370 4457 652 4522 θλίϐοντές
682 4476 750 4527 με
796 4457 1247 4526 ἀγαλλιάσονται,
1277 4459 1375 4513 ἐὰν
1409 4458 1676 4513 σαλευθῶ.
1718 4479 1737 4511 ι
1765 4458 1854 4529 Μή

1966 4451 2113 4507 valui
2144 4452 2409 4506 adversus
2424 4464 2573 4505 eum.
2600 4448 2707 4516 Qui
2741 4447 3005 4503 tribulaut
3032 4463 3142 4515 me,
3172 4444 3546 4508 exsultabunt,

272 4565 342 4618 με
377 4553 492 4613 τοῖς
527 4549 853 4620 δυσμενέσιν
909 4550 1198 4622 ἀποφήνῃς
1250 4550 1546 4622 ἐπίχαρτον
1579 4568 1592 4583 ο
1641 4551 1854 4606 πάντων

1965 4545 2011 4600 si
2042 4557 2226 4600 motus
2259 4544 2435 4600 fuero.
2482 4560 2500 4593 ο
2534 4540 2614 4596 Ne
2646 4540 2887 4597 inimicis
2917 4539 3206 4594 ridiculum
3240 4551 3327 4591 me
3359 4542 3549 4591 osten-

269 4639 381 4712 γάρ
412 4659 505 4712 μοι
526 4644 636 4697 τῶν
665 4642 908 4714 ἀνιαρῶν
938 4642 1315 4715 ἁνιαρώτατον
1355 4646 1534 4697 τοῦτο.

343 4826 419 4884 ς’.
452 4836 471 4869 ι
525 4820 669 4889 Ἐγὼ
695 4820 752 4875 δέ
780 4821 939 4874 Eni”
967 4821 1048 4893 τῷ
1089 4822 1231 4875 ἐλέει
1268 4839 1363 4877 σου
1396 4821 1624 4892 ἤλπισα.
1675 4840 1694 4871 ›
1752 4822 1864 4874 Καὶ

268 4910 527 4963 ἐντεῦθεν
556 4913 742 4981 δῆλον,
782 4914 860 4976 ὡς
894 4913 1036 4984 μετά
1088 4913 1188 4985 τὴν
1224 4913 1507 4985 ἁμαρτίαν
1548 4914 1738 4965 τοῦτον
1783 4913 1863 4965 εῖ-

1966 4639 2086 4704 das,
2122 4638 2228 4692 hoc
2251 4636 2397 4692 enim
2430 4635 2567 4689 mihi
2596 4635 2843 4689 omnium
2881 4633 3129 4705 gravium
3161 4630 3551 4703 gravissimum

1967 4739 2072 4786 est.

2042 4821 2207 4875 Vens.
2239 4821 2293 4876 6.
2338 4841 2356 4872 ι
2396 4819 2508 4892 Ego
2538 4829 2718 4875 autem
2751 4821 2804 4873 in
2834 4817 3213 4873 misericordia
3245 4827 3337 4871 tua
3367 4832 3556 4886 spera-

1968 4913 2043 4965 vi.
2086 4931 2105 4963 ›
2138 4911 2205 4965 Et
2229 4912 2358 4965 hinc
2397 4910 2746 4967 manifestum
2789 4919 2874 4965 est
2929 4925 3054 4965 eum
3098 4920 3221 4978 post
3266 4918 3553 4979 peccatum

269 5019 413 5072 ρηκε
443 5004 537 5058 τὸν
592 5006 832 5078 ψαλμὸν.
888 5007 964 5059 Οὐ
996 5007 1105 5078 γάρ
1148 5006 1491 5075 δικαιοσύνῃ,
1551 5005 1670 5059 ἀλλ’
1726 5004 1854 5075 ἐλέῳ

1973 5003 2121 5057 hune
2142 5001 2415 5073 psalmum
2446 5002 2675 5059 dixisse.
2719 5001 2838 5058 Non
2864 5002 3011 5057 enim
3047 5002 3295 5071 iustitiae,
3326 5001 3419 5057 sed
3464 5001 3558 5056 be-

1366 5226 1603 5284 VARle
1643 5227 2031 5285 LECTIONES
2066 5228 2157 5284 ET
2208 5226 2441 5283 ΝΟΤᾹΞ.

343 5380 694 5454 Ἀξξιινεχκε.
723 5380 848 5454 cod.
884 5379 1115 5454 ὃεῖπεν.
1191 5383 1236 5416 ⁷⁷
1271 5380 1387 5436 Τὸν
1422 5384 1693 5454 pallidas.
1730 5381 1854 5437 Des.

1986 5383 2120 5454 eod.
2148 5384 2167 5435 Ι
2191 5453 2194 5454 ν
2215 5393 2267 5437 et
2438 5382 2483 5414 ⁷⁸
2510 5384 2620 5438 Kal
2650 5384 3017 5453 παρῤησίας.
3049 5384 3175 5441 Des.
3205 5380 3347 5454 apud
3388 5379 3552 5454 Cord.

272 5465 328 5525 p4.
559 5449 604 5481 ⁷⁹
632 5449 764 5525 Aid.
806 5453 940 5525 cod.
978 5454 1233 5525 l_pr:£m_.
1261 5454 1377 5525 καί.
1408 5448 1589 5525 coda?)
1616 5453 1704 5525 διά
1741 5470 1845 5505 τοι.

1960 5454 1986 5483 κθ
2021 5452 2144 5507 cod.
2172 5453 2207 5506 2
2240 5463 2297 5525 ct
2323 5454 2486 5509 Cord.
2525 5455 2563 5507 Ι.
2592 5469 2643 5507 e.
2679 5448 2993 5525 κλαυθμοὺς
3043 5457 3137 5508 καὶ
3188 5448 3552 5525 στεναγμούςο

272 5523 317 5556 ⁸⁸
348 5518 634 5593 Τὸν-,κᾶε
664 5519 721 5593 λζ
746 5518 804 5593 In
841 5522 964 5593 cod.
995 5518 1143 5593 Flor.
1169 5522 1273 5576 alia
1307 5524 1501 5576 horum
1538 5524 1657 5577 loco
1692 5523 1968 5593 leguntur,
1998 5539 2193 5593 parum
2223 5524 2437 5579 diversa
2470 5525 2541 5579 ab
2575 5524 2685 5579 illis
2715 5540 2839 5593 qum
2859 5518 3056 5579 deinde
3088 5526 3155 5578 ad
3184 5539 3233 5576 ν.
3259 5522 3294 5574 2
3319 5518 3557 5593 sequun-

277 5600 386 5662 tur.
448 5589 510 5662 _”
535 5590 660 5662 cod.
683 5590 726 5662 ξι
756 5589 1208 5662 ἐπιλησμοσύνην
1251 5593 1559 5662 ὠνόμασεν.

275 5656 405 5713 Des.
446 5659 501 5713 in
531 5659 657 5713 cod.
680 5660 735 5712 5.
811 5660 856 5690 ⁸⁸
891 5656 1015 5714 eod.
1042 5659 1078 5712 2
1117 5656 1336 5724 νυκτός.

1659 5593 1703 5664 aa
1750 5591 2191 5664 ὀργιζρμένωφκ
2227 5595 2346 5648 cod.
2375 5594 2409 5647 2
2445 5591 2888 5664 ἀγωνιζομένων.

1441 5663 1489 5694 ⁸⁸
1520 5661 1642 5717 cod.
1675 5661 1711 5714 2
1742 5656 1853 5715 ἀτξο

1965 5656 2184 5716 σασθαι.
2217 5666 2338 5720 cod.
2378 5666 2412 5716 5
2440 5656 2773 5718 ἀπολαῦσαι.
2850 5665 2895 5697 ⁸⁷
2927 5663 3049 5719 cod.
3088 5663 3123 5715 9.
3149 5672 3205 5716 et
3231 5661 3265 5714 '5
3293 5656 3554 5718 ἐλπίζων.

275 5725 325 5758 ⁸⁸
367 5728 728 5796 ἀμφιϐάλλω
760 5757 833 5798 -έ-
869 5728 1092 5783 ἄλλοτε
1131 5730 1217 5783 δέ.
1261 5732 1384 5786 Des.
1436 5733 1489 5785 in
1523 5734 1646 5785 eod.
1687 5734 1741 5786 9.
1834 5732 1854 5763 ⁸

1960 5733 2036 5788 id.
2078 5733 2114 5785 2
2138 5732 2301 5798 θεῖος.

2985 5593 3035 5625 ⁸⁸
3074 5594 3222 5646 Οὔτε
3244 5619 3312 5631 --
3343 5588 3554 5655 λόγον.

2378 5736 2423 5767 ⁹⁰
2463 5733 2661 5788 Ταῦτα
2695 5764 2765 5773 --
2798 5732 2975 5801 ὁρῶν.
3006 5733 3132 5789 Haec
3154 5733 3210 5787 in
3245 5729 3368 5788 cod.
3400 5724 3554 5786 Flor.

275 5798 594 5854 tribuuntur
630 5797 924 5855 Theodoro
953 5799 1207 5856 Antioch.
1284 5802 1325 5833 "
1358 5801 1688 5872 λογισμῶν.
1717 5802 1839 5858 cod.

1960 5797 2271 5875 ξυμφορῶν.
2334 5806 2379 5838 ³³
2410 5807 2563 5860 Ἐπί.
2598 5804 2721 5860 cod.
2746 5803 2781 5856 2
2810 5797 2890 5860 ἐν.
