4090 6416
351 319 458 384 949

1710 325 1792 385 IN
1845 325 2050 384 PSAL.
2083 325 2253 384 XIII.

3518 331 3623 393 950

345 436 538 500 αὐτοῖς
580 430 731 491 οῦτοι
753 436 1058 506 γνώσονται
1111 438 1211 507 τὴν
1242 437 1338 490 τοῦ
1391 437 1528 491 Θεοῦ
1579 437 1836 508 δύναμιν,
1889 438 1940 490 οἱ

2041 438 2136 505 qui
2177 437 2442 494 adversus
2471 453 2568 496 eos
2601 439 2868 494 dimicat:
2902 446 2957 494 et
2990 438 3115 494 inde
3148 441 3327 496 veniet
3353 441 3462 496 illis
3512 453 3621 498 tre-

345 528 444 580 ς.δν
501 528 630 582 λαδν
665 531 834 584 αὑτοῦ
885 533 1008 584 ἀντὶ
1051 531 1218 602 ἄρτου
1274 531 1623 595 δαπανῶντες
1663 532 1759 585 καὶ
1810 547 1942 585 κατ-

347 620 666 687 ετθίοντες;
713 623 827 676 Καὶ
877 623 1081 687 πάντες
1109 624 1471 694 γνωρίσουσιν
1509 625 1618 678 ἀπὸ
1655 624 1764 678 τῶν
1800 641 1941 694 πρα-

344 717 582 786 γμάτων
631 718 724 772 τὸν
767 719 1110 790 πολεμοῦντα
1153 721 1370 786 αὐτοῖς’
1419 721 1678 775 κάκεῖθεν
1706 723 1735 775 ὁ
1774 720 1940 789 φόϐος

344 793 536 870 αὐτοῖς
563 807 866 875 ἐλεύσεται,
885 809 1010 864 ὅθεν
1039 812 1100 864 οὐ
1130 813 1562 884 προσεδόκησαν.
1591 811 1704 866 Ποῦ
1727 811 1836 882 γὰρ
1871 812 1940 866 ἂν

344 891 614 964 ᾠήθησαν
649 897 732 949 ὅτι
778 898 885 950 ὑπὸ
941 898 1180 968 ἀγγέλου
1229 900 1726 972 ἅναιρεθήσονται;
1777 901 1862 954 ὅτι
1911 901 1940 954 ὁ

345 981 485 1044 Θεὸς
508 983 729 1054 κήδεται
759 985 869 1039 τῶν
905 988 1214 1056 Ίουδαίων;
1256 990 1352 1044 καὶ
1397 991 1448 1043 oi
1495 991 1940 1062 μυκτηρίσαντες

344 1071 452 1144 τήν
497 1074 690 1147 βουλήν
739 1077 832 1130 τοῦ
887 1081 1108 1151 πτωχοῦ
1159 1081 1252 1134 καὶ
1312 1082 1742 1153 ταπεινόφρονος
1791 1083 1943 1148 Ἐζε-

347 1161 494 1228 κίου,
521 1165 640 1237 Θεῷ
665 1167 869 1238 μᾶλλον
901 1169 934 1240 ἢ
959 1170 1144 1236 ὅπλοις
1185 1171 1585 1244 θαρῥήσαντος,
1627 1174 1938 1244 νοήσουσιν,

343 1256 433 1308 ὅτι
464 1257 492 1309 ό
525 1257 720 1312 ἑαυτὸν
747 1259 842 1313 τοῦ
874 1261 1009 1314 Θεοῦ
1038 1265 1357 1334 ἀναρτήσας
1386 1263 1484 1335 τήν
1517 1265 1592 1336 μὴ
1631 1265 1936 1336 καταισχύ-

343 1366 549 1405 νουσαν
602 1351 793 1406 ἐλπίδα
843 1354 1136 1425 ἐκτήσατο.
1187 1355 1282 1419 Τίς
1317 1355 1622 1426 γὰρ-ἄλλος
1668 1356 1765 1428 ῆό
1803 1358 1940 1422 θεὸς

343 1439 446 1493 καὶ
481 1441 609 1503 τοὺς
639 1443 1048 1514 ἀπομείναντας
1094 1447 1150 1498 ὲν
1203 1449 1270 1518 τῇ
1299 1446 1437 1501 Σιὼν
1482 1446 1670 1512 σώσει,
1707 1449 1803 1502 καὶ
1839 1449 1939 1513 τὰς

340 1531 454 1602 ἤδη
471 1534 1008 1604 αἰχμαλωτισθείσας
1035 1537 1207 1608 φυλὰς
1232 1539 1740 1611 ὲπαναγάγῃ,ὦστε
1759 1541 1940 1612 κοινὴν

339 1625 696 1697 εύῬροσύνην
733 1629 987 1696 γενέσθαι
1051 1633 1171 1694 ταῖς
1205 1629 1414 1684 δώδεκα
1445 1634 1664 1701 φυλαῖῖν
1701 1627 1778 1686 ὧν
1804 1631 1935 1704 ῥίζα

336 1717 444 1772 καὶ
475 1718 621 1790 ἀρχή
651 1721 680 1772 ό
715 1721 1064 1793 πατριάρχης
1117 1723 1312 1777 Ἰακὼϐ
1338 1725 1732 1795 ἐχρημάτισεν,
1783 1728 1812 1778 ὁ
1843 1727 1938 1780 καὶ

2044 541 2186 592 mor,
2221 531 2365 582 unde
2397 529 2638 584 futurum
2667 547 2774 586 non
2814 531 3132 586 credebant.
3163 533 3267 599 Qui
3321 533 3471 587 enim
3523 549 3622 590 su-

2042 617 2235 687 spicati
2261 627 2446 675 essent
2481 637 2541 676 ss
2595 622 2665 676 ab
2693 623 2892 693 angelo
2920 637 3041 678 esse
3099 625 3452 693 perdendos?
3513 625 3621 682 Deo

2039 709 2185 763 enim
2216 724 2362 764 cura:
2389 720 2519 766 sunt
2566 709 2738 765 Judaai
2775 733 2788 766 :
2820 721 2874 767 et
2899 713 2993 783 qui
3051 713 3376 771 decidebant
3439 718 3622 771 consi-

2041 800 2176 855 lium
2209 802 2388 872 inepis
2419 817 2484 857 ac
2517 803 2764 860 modeste
2795 805 2861 860 de
2910 820 2970 862 se
3019 807 3309 862 sentientis
3367 808 3620 864 Ezechizc

2040 891 2096 946 in
2129 891 2243 948 Deo
2272 896 2447 963 magis
2475 911 2640 965 quam
2672 897 2726 950 in
2758 897 2929 952 armis
2959 913 3109 968 spem
3139 915 3296 954 suam
3335 902 3615 957 collocan-

2041 983 2131 1047 tis,
2165 983 2468 1055 intelligent
2510 1001 2638 1042 eum
2661 989 2754 1056 qui
2789 989 2954 1044 unius
2985 988 3078 1044 Dei
3107 993 3361 1060 praesidio
3388 1008 3448 1048 se
3468 1008 3622 1048 com-

2041 1073 2228 1139 mittit,
2261 1074 2464 1132 habere
2493 1091 2644 1147 spem
2676 1093 2798 1148 qua:
2827 1095 2934 1133 non
2969 1080 3276 1138 confundit.
3311 1083 3445 1148 Quis
3467 1087 3614 1138 enim

2040 1175 2238 1234 printer
2265 1165 2434 1222 Deum
2464 1177 2518 1224 et
2542 1183 2639 1224 eos
2675 1171 2768 1240 qui
2799 1171 2852 1224 in
2867 1169 3034 1227 Sionc
3059 1173 3374 1242 manebant,
3407 1176 3622 1231 salvare

2039 1266 2226 1327 posset
2250 1267 2306 1314 et
2340 1269 2661 1317 convertere
2691 1262 3062 1332 captivitatem
3090 1264 3330 1320 tribuum
3360 1281 3482 1335 qum
3506 1268 3619 1336 jam

2037 1357 2197 1403 erant
2244 1351 2299 1405 in
2331 1352 2650 1408 servitutem
2709 1355 2963 1417 redactze,
3001 1363 3061 1410 ut
3113 1365 3260 1411 esset
3311 1359 3622 1414 communis

2040 1440 2224 1496 laetitia
2275 1441 2564 1498 duodecim
2608 1441 2880 1509 tribubus,
2920 1462 3154 1515 quarum
3197 1447 3352 1502 radix
3394 1459 3446 1504 et
3471 1450 3623 1520 prin-

2040 1545 2168 1602 ceps
2200 1532 2510 1602 patriarcha
2538 1532 2708 1589 Iacob
2736 1536 3044 1605 appellatus
3077 1548 3180 1602 est,
3219 1539 3382 1610 σει
3425 1540 3518 1608 qui
3569 1553 3624 1593 et

2039 1621 2205 1678 Israel
2227 1633 2312 1680 est
2342 1626 2786 1694 cognominatus,
2819 1629 2894 1682 ita
2946 1640 3002 1682 ut
3031 1629 3100 1684 ab
3151 1645 3218 1684 eo
3284 1633 3415 1701 ipsa:
3449 1632 3624 1686 tribus

2040 1712 2212 1769 Iacob
2244 1721 2294 1770 ct
2331 1715 2500 1771 Israel
2532 1731 2731 1772 nomen
2763 1718 3096 1788 acceperint.
3149 1717 3215 1774 Et
3243 1719 3346 1775 ista
3400 1719 3621 1788 quidem

353 1808 586 1882 Ἰσραήλ
613 1812 1078 1880 μετονομασθείς;
1106 1813 1268 1866 Ὥστε
1295 1815 1389 1866 ἀπ’
1417 1813 1584 1867 αὐτοῦ
1611 1815 1706 1867 καὶ
1731 1815 1937 1878 ταύτας

2040 1815 2290 1876 spectant
2315 1808 2600 1863 historiam
2631 1825 2644 1864 :
2679 1809 3090 1881 intelligentiam
3128 1826 3258 1867 vero
3283 1811 3621 1867 subtiliorem

352 1897 561 1954 Ἰακὼϐ
613 1903 711 1955 καὶ
764 1901 980 1974 Ἰσραήλ
1027 1904 1420 1976 ὀνομάζεσθαι.
1455 1906 1568 1960 Καὶ
1609 1906 1788 1960 ταῦτα
1837 1907 1939 1978 μὲν

335 1993 477 2048 ὅσον
508 1995 647 2066 πρὸς
709 1998 978 2067 ἱστορίαν,
1032 1998 1136 2067 τὴν
1177 1998 1234 2051 δὲ
1289 1997 1582 2069 ἀναγωγὴν
1619 1999 1940 2071 ίσχνοτὲραν

336 2085 768 2160 ὲξετάσωμεν.]
821 2105 840 2139 ι
867 2088 1256 2160 Διεφοάρησαν
1295 2091 1390 2143 καὶ
1432 2089 1836 2162 ἐϐδελύχθησαν
1881 2093 1940 2146 ἐν

335 2175 805 2247 ἐπιτηδεύμασιν,
854 2179 956 2232 οὐκ
1021 2179 1139 2233 ἐστι
1206 2179 1380 2232 ποιῶν
1446 2181 1797 2252 χρηστότητα
1815 2183 1856 2236 ⁵.
1915 2200 1934 2233 ι

349 2265 708 2340 ’Υποϐἅθρα,
761 2271 920 2339 φησι,
957 2273 1054 2325 καὶ
1103 2273 1231 2342 ῥίζα
1285 2272 1387 2342 τῆς
1437 2273 1698 2338 ἀσεϐείας
1755 2277 1789 2346 ή
1842 2275 1940 2330 τοῦ

338 2359 468 2431 βίου
497 2361 791 2434 διαφθορά.
821 2365 919 2427 Ei;
941 2364 1241 2420 ἀκολασίαν
1265 2366 1374 2437 γὰρ
1405 2369 1546 2436 σφᾶς
1595 2367 1796 2432 αὐτοὺς
1846 2371 1940 2424 καὶ

336 2452 596 2525 θηριώδη
638 2453 755 2524 βίον
789 2456 1172 2522 ὲκδεδωκότες,
1233 2458 1330 2511 τοῦ
1386 2459 1522 2512 Θεοῦ
1572 2459 1672 2532 τὴν
1717 2463 1941 2533 μνήμην

321 2545 451 2618 τῆς
505 2547 748 2613 διανοίας
805 2548 1098 2615 ἐξέϐαλονο
1167 2549 1550 2621 ἠκολούθησαν
1597 2552 1656 2606 δὲ
1721 2555 1788 2623 τῇ
1843 2553 1938 2606 τοῦ

336 2627 660 2710 ἡγουμένου
721 2642 1082 2714 παραπληξίξι
1115 2643 1211 2696 καὶ
1266 2643 1320 2696 οἱ
1375 2643 1630 2714 ὑπήκοοι.
1663 2642 1710 2716 [⁸
1731 2645 1797 2700 Οί
1837 2645 1940 2714 μὲν

339 2729 536 2802 πάντη
563 2731 626 2784 τὸ
652 2731 812 2785 Θείον
848 2734 1249 2804 ἁρνησᾶμενοι,
1291 2736 1383 2788 καὶ
1431 2735 1571 2805 μηδὲ
1609 2736 1710 2806 τὴν
1761 2737 1939 2808 ἀρχὴν

336 2822 492 2882 εἶναι
519 2825 654 2880 Θεὸν
679 2827 1118 2898 ἀποφηνάμενοι,
1147 2828 1416 2883 ὑπόκενον
1435 2830 1497 2887 δὲ
1513 2825 1654 2891 εἶναι
1673 2829 1936 2902 τοῦνομα,

340 2917 450 2972 καὶ
479 2917 623 2974 κατὰ
658 2919 934 2990 μηδεμιᾶς
961 2920 1151 2982 οὐσίας
1179 2919 1545 2990 ὑποκείμενον
1569 2923 1932 2994 τεταγμένον.

339 3011 416 3066 Οί
436 3009 521 3074 δὲ,
537 3010 666 3074 τοὺς
689 3011 766 3081 μή
789 3011 949 3075 όντας
976 3011 1050 3071 ὡς
1075 3012 1236 3076 ὄντας
1261 3013 1418 3078 θεοὺς
1435 3015 1934 3086 ἀναγορεύσαντες,

342 3106 444 3162 καὶ
473 3104 568 3176 τὸν
596 3105 758 3178 μόνον
782 3105 912 3158 ὄντα
936 3107 1328 3176 παρωσάμενοι
1353 3123 1367 3135 ⁸
1409 3108 1462 3160 οἱ
1489 3107 1546 3160 δὲ
1572 3105 1711 3162 εἶναι
1743 3109 1841 3180 μὲν
1861 3109 1938 3180 τῷ

343 3193 498 3268 λόγῳ
547 3195 1020 3267 ὑποστησάμενοι,
1068 3196 1144 3268 μὴ
1180 3197 1288 3268 μὴν
1331 3197 1388 3250 δὲ
1419 3201 1671 3269 προνοεῖν
1702 3201 1811 3254 τῶν
1845 3202 1940 3254 ἐπὶ

341 3287 478 3356 γῆς.
515 3287 658 3358 μηδὲ
688 3287 896 3359 ὲφορᾷν
929 3289 1000 3340 τὰ
1048 3287 1376 3360 ἀνθρώπινα
1420 3291 1933 3363 παραδεδειγμένοι.

356 3379 600 3451 ’Δαρόως
630 3381 695 3452 δή
723 3375 819 3435 οὖν
851 3381 902 3434 οἱ
935 3381 1138 3444 πάντες
1165 3383 1247 3445 είς
1291 3382 1390 3435 ἕνα
1416 3383 1575 3451 λόγον
1605 3382 1940 3454 ὰρνησίοεον

344 3474 828 3546 περιετράπησαν,
865 3471 942 3544 μὴ
987 3469 1130 3526 εἶναι
1186 3473 1324 3527 Θεὸν
1355 3473 1764 3544 διανοηθέντες·
1815 3476 1940 3530 ἐπεὶ

344 3563 404 3618 ἃ
433 3563 513 3635 μὴ
536 3563 786 3634 ἐτόλμων
814 3562 904 3617 διὰ
943 3562 1217 3633 στόματος
1246 3562 1410 3616 τοῦτο
1459 3563 1692 3630 φάσκειν
1712 3579 1726 3594 ο
1774 3563 1939 3633 ἐνῆγε

344 3653 458 3728 γὰρ
483 3655 614 3720 τοὺς
649 3655 862 3720 πάντας
895 3654 965 3710 τὰ
997 3657 1204 3724 φυσικὰ
1257 3655 1559 3726 σπέρματα
1592 3657 1689 3710 καὶ
1730 3656 1782 3710 οἱ
1811 3657 1939 3727 περὶ

339 3745 446 3802 τοῦ
469 3745 610 3802 Θεοῦ
657 3746 882 3818 φυσικοὶ
920 3747 1174 3817 λογισμοὶ
1205 3747 1302 3800 ἐπὶ
1347 3745 1448 3817 τὴν
1477 3746 1782 3818 ὁμολογίαν
1835 3748 1939 3818 τῆς

343 3837 450 3894 τοῦ
477 3837 618 3894 θεοῦ
661 3838 952 3906 γνώσεως·
1005 3839 1087 3891 διὸ
1139 3837 1348 3908 χείλεσι
1383 3839 1482 3908 μὲν
1532 3839 1634 3893 οὐκ
1692 3839 1940 3908 ἐτόλμων

347 3929 664 4001 ἀρνεῖσθαι,
683 3930 798 3986 ἀλλ’
833 3930 1035 3986 εἰδέναι
1065 3929 1492 4002 προσεποιοῦντο
1529 3931 1590 3982 οὐ
1629 3932 1794 3997 μόνον
1817 3931 1938 3997 ἕνα,

353 4021 502 4078 ἀλλὰ
533 4023 632 4076 καὶ
667 4023 893 4096 μυρίους
927 4023 1106 4086 θεούς.
1139 4024 1218 4094 Τῇ
1254 4039 1318 4091 γε
1355 4023 1464 4094 μὴν
1491 4022 1690 4093 καρδίᾳ
1712 4025 1940 4088 ἑαυτοὺς

353 4115 584 4171 ἔπειθον
610 4115 970 4185 ἀφραίνοντες
1003 4115 1218 4185 ἀληθῶς
1253 4116 1349 4168 καὶ
1407 4115 1800 4184 μωραίνοντες,
1853 4116 1940 4170 ὃτι

354 4210 436 4279 μὴ
471 4207 620 4261 ἔστιν
662 4208 724 4260 ὲν
785 4206 866 4277 τῷ
916 4207 1078 4261 παντὶ¹
1110 4204 1280 4269 Θεός·
1332 4204 1556 4275 ἔλεγχος
1602 4205 1661 4258 δὲ
1713 4201 1784 4278 ἦν
1843 4206 1938 4260 τοῦ

351 4296 522 4352 ἀθέου
549 4295 732 4350 αὐτῶν
763 4294 1030 4364 λογισμοῦ
1076 4293 1146 4347 τὰ
1175 4293 1266 4346 ὑπ’
1289 4293 1472 4350 αὐτῶν
1501 4293 1763 4365 δρώμενα
1783 4313 1796 4326 ·
1831 4295 1942 4350 ἀπὸ

349 4389 464 4461 γὰρ
514 4387 624 4460 τοῦ,
665 4386 886 4462 καρποῦ
939 4386 1003 4440 τὸ
1041 4385 1258 4456 δένδρον
1306 4385 1764 4456 ἐπιγινώσκεται.
1801 4387 1936 4442 Ὅτε

2043 1897 2482 1972 investigemus.]
2547 1917 2565 1952 ι
2603 1899 2863 1971 Carrupti
2919 1911 3069 1970 sunt,
3121 1911 3179 1959 et
3227 1903 3622 1958 abominabiles

2043 1990 2170 2045 facti
2201 1992 2408 2046 suntin
2443 1991 2643 2048 studiis
2687 1993 2827 2058 suis,
2885 2010 2992 2049 non
3046 2003 3132 2050 est
3187 1995 3281 2064 qui
3324 1995 3489 2050 faciat
3527 1996 3624 2051 bo.

2041 2099 2196 2139 num.
2237 2103 2257 2136 ι
2291 2083 2766 2152 Fundamentum,
2801 2087 2998 2158 inquit,
3036 2098 3090 2143 et
3117 2089 3271 2143 radix
3305 2089 3623 2158 impietatis,

2043 2176 2170 2232 vitae
2183 2179 2494 2248 corruptela
2525 2189 2630 2234 est.
2649 2179 2787 2234 Cum
2819 2181 2964 2235 enim
2983 2195 3043 2236 se
3073 2182 3220 2250 ipsos
3253 2181 3624 2251 intemperan-

2041 2268 2130 2323 tia:
2159 2279 2324 2338 atque
2357 2269 2545 2325 ferina:
2568 2271 2691 2326 vita:
2713 2271 3072 2335 addixissent,
3107 2274 3126 2295 '
3168 2271 3265 2327 Dei
3300 2273 3620 2327 memoriam

2041 2378 2119 2437 ex_
2149 2366 2335 2420 animo
2374 2381 2478 2423 suo
2505 2368 2825 2438 ejccerunt:
2858 2369 3064 2424 subditi
3093 2377 3275 2424 autem
3326 2369 3487 2424 ducis
3534 2370 3622 2424 in-

2041 2456 2254 2512 saniam
2290 2457 2462 2514 secuti
2491 2470 2639 2514 sunt.
2667 2458 2949 2531 [Nonnulli
2979 2460 3201 2530 quidem
3240 2459 3408 2516 Deum
3467 2461 3624 2531 plane

2041 2557 2265 2618 negant,
2305 2564 2408 2605 nec
2443 2549 2620 2604 ullum
2657 2551 2778 2620 ejus
2803 2563 2929 2608 esse
2953 2551 3248 2624 imperium
3281 2554 3462 2623 palam
3492 2569 3624 2624 pro-

2040 2639 2284 2702 ﬁtentur,
2315 2640 2505 2710 sicque
2541 2655 2742 2696 vanum
2786 2642 2892 2697 hoc
2919 2656 3044 2700 esse
3065 2658 3288 2712 nomen,
3325 2660 3428 2700 nec
3460 2645 3621 2700 talem

2040 2745 2286 2799 unquam
2343 2731 2710 2787 substantiam
2767 2733 2942 2789 fuisse
2995 2743 3267 2790 statuunt.
3319 2735 3426 2790 Alii
3493 2751 3624 2790 vero

2038 2821 2174 2877 deos
2202 2831 2498 2886 vocarunt,
2526 2823 2620 2893 qui
2645 2837 2754 2876 non
2787 2833 2950 2889 sunt;
2983 2839 3109 2878 eum
3142 2831 3325 2878 autem
3357 2825 3450 2895 qui
3473 2825 3625 2881 solus

2038 2923 2146 2978 est,
2178 2914 2508 2982 reiecerunt.
2541 2914 2647 2969 Alii
2669 2915 2912 2985 denique
2963 2916 3148 2972 verbis
3210 2916 3431 2986 quidem
3486 2933 3621 2988 snp—

2039 2993 2344 3076 posuerunt
2407 3009 2580 3065 Deum
2664 3009 2970 3076 exsistere;
3033 3026 3159 3065 eum
3221 3021 3404 3067 autem
3465 3020 3624 3068 terra:

2041 3099 2208 3169 hujus
2237 3115 2540 3170 eorumque
2569 3117 2692 3170 qua:
2725 3103 2790 3156 ad
2827 3102 3078 3158 homines
3107 3105 3402 3173 pertinent,
3431 3119 3619 3160 curam

1995 3179 2008 3200 ³
2043 3207 2154 3246 non
2189 3205 2400 3262 gerere,
2437 3192 2694 3248 evincere
2722 3193 3032 3250 voluerunt.
3074 3193 3140 3248 lli
3189 3209 3381 3250 omnes
3435 3195 3622 3265 itaque

2042 3283 2099 3337 in
2129 3283 2385 3338 eumdem
2423 3285 2680 3340 atbeismi
2713 3301 2958 3341 errorem
2997 3287 3238 3356 prolapsi
3267 3297 3418 3350 sunt,
3451 3287 3619 3342 Deum

2041 3390 2156 3429 non
2211 3389 2336 3430 esse
2398 3385 2675 3446 putantes.
2734 3376 2874 3443 Quia
2923 3386 3108 3434 autem
3166 3393 3276 3434 non
3332 3379 3452 3434 ausi
3497 3389 3626 3436 sunt

2042 3481 2138 3522 ore
2174 3481 2278 3522 suo
2324 3467 2428 3522 hac
2489 3469 2732 3538 proﬁteri
2780 3469 2996 3542 (omnes
3047 3471 3193 3526 enim
3256 3471 3379 3528 illos
3417 3482 3625 3527 naturm

2041 3559 2266 3630 quidam
2301 3559 2596 3616 instinctus
2638 3571 2692 3614 et
2721 3564 2998 3617 naturales
3022 3563 3471 3620 ratiocinationes
3527 3579 3624 3618 ur-

2039 3651 2259 3720 gebant,
2291 3659 2352 3706 ut
2376 3652 2744 3722 cognitionem
2761 3654 2830 3708 de
2845 3651 2954 3708 Deo
2973 3654 3142 3726 682
3165 3654 3581 3723 conﬁterentur)
3612 3679 3621 3710 :

2045 3741 2167 3796 ideo
2195 3741 2356 3796 labiis
2378 3741 2602 3812 quidem
2636 3757 2748 3798 non
2775 3744 2896 3799 ausi
2943 3752 3076 3799 sunt
3122 3743 3296 3801 Deum
3329 3747 3624 3820 abnegare,

2042 3835 2139 3890 sed
2183 3849 2244 3890 se
2270 3834 2415 3890 scire
2451 3834 2808 3902 simularunt,
2835 3851 2944 3889 non
2995 3851 3164 3891 unum
3219 3839 3316 3893 sed
3368 3839 3626 3896 innume-

2041 3938 2135 3978 ros
2162 3938 2284 3978 esse
2317 3923 2470 3978 deos.
2521 3923 2722 3978 Animo
2769 3925 2955 3994 itaque
3011 3940 3114 3980 suo
3177 3927 3256 3991 hi,
3305 3942 3444 3997 quos
3503 3944 3627 3984 vere

2042 4023 2288 4070 amentes
2336 4024 2391 4070 et
2441 4016 2714 4086 insipidos
2767 4017 3012 4082 dixeris,
3070 4031 3392 4086 persuasum
3452 4019 3624 4074 habe-

2043 4109 2176 4164 bant
2227 4108 2389 4179 plane
2415 4123 2523 4164 non
2551 4123 2674 4165 esse
2727 4109 2920 4164 Deum.
2983 4109 3256 4166 Atheismi
3294 4121 3481 4167 autem
3527 4126 3626 4166 eos

2045 4201 2218 4256 fuisse
2255 4215 2404 4265 reos,
2439 4201 2659 4272 patebat
2681 4216 2746 4256 ex
2765 4202 3026 4272 operibus
3076 4217 3265 4257 eorum
3330 4204 3383 4270 (ο
3440 4203 3620 4256 fructu

2040 4291 2190 4348 enim
2219 4292 2562 4362 dignoscitur
2600 4293 2810 4362 arbor),
2843 4300 2958 4346 tum
2985 4309 3048 4346 ex
3076 4292 3412 4359 actionibus,
3454 4301 3568 4348 tum
3597 4310 3626 4348 e

2045 4395 2160 4442 toto
2204 4385 2420 4440 vivendi
2462 4399 2684 4455 genere.
2709 4384 2904 4439 Totam
2939 4385 3086 4439 enim
3133 4385 3372 4440 animam
3431 4387 3626 4456 depra-

349 4481 538 4536 τοίνυν
592 4481 718 4542 ταῖς
779 4477 1048 4549 πράξεσιν
1099 4480 1296 4542 αὐταῖς
1335 4480 1432 4532 καὶ
1477 4478 1557 4550 τῷ
1612 4479 1790 4550 λοιπῷ
1839 4481 1940 4554 βίῳ

2048 4482 2266 4540 val-unt,
2297 4483 2353 4530 et
2390 4474 2509 4544 ipso
2541 4490 2764 4546 quoque
2813 4490 3046 4544 corpore
3105 4475 3449 4532 tradiderunt
3499 4493 3627 4538 sese

351 4577 540 4631 πᾶσαν
575 4571 758 4627 αὐτῶν
796 4571 896 4642 τὴν
931 4571 1112 4642 ψυχὴν
1142 4571 1461 4643 διέφθειραν
1504 4571 1656 4642 αὐτῷ
1690 4571 1932 4642 σώματι,

351 4669 436 4732 εἰς
493 4667 680 4720 πᾶσαν
755 4664 1102 4734 ὲκδεδομένοι
1157 4662 1386 4734 φθορὰν,
1443 4663 1520 4726 ὼς
1569 4663 1664 4718 καὶ
1702 4663 1942 4736 ἇῤῥενας
1977 4651 1994 4668 ’

353 4759 584 4832 ᾶρρεσιν
609 4755 1024 4828 ἐπιμαίνεσθαι,
1049 4754 1143 4810 καὶ
1158 4755 1363 4820 πάσαις
1385 4753 1944 4826 ἀθεμιτουργίαιςκαὶ

352 4850 784 4924 ἀρῤητοποιῖαις
816 4846 1208 4918 καταφθείρειν
1233 4845 1462 4909 ἑαυτούς
1482 4861 1496 4874 ·
1531 4845 1857 4916 βδελυκτούς
1885 4865 1946 4901 τε

358 4937 502 4995 εἶναι
521 4941 589 4994 δι’
629 4941 792 4996 αὐτᾶν
821 4939 942 5006 πῶς
961 4939 1064 4993 οὐκ
1094 4940 1164 4991 ἂν
1191 4937 1334 4992 εἰσιν
1371 4936 1654 5008 πρόδηλοι,
1701 4938 1786 4990 ὅτι
1839 4937 1947 4992 κᾶν

357 5032 590 5106 μυρίους
637 5031 1062 5105 ἐπιγράφωνται
1113 5030 1272 5094 θεοὺς
1321 5027 1400 5100 τῷ
1445 5027 1620 5100 λόγῳο
1657 5027 1762 5084 κᾶν
1789 5030 1947 5084 αὐτοὶ

2045 4569 2408 4640 corruptioni,
2451 4569 2524 4624 ita
2556 4577 2618 4623 ut
2659 4586 2840 4624 mares
2870 4586 3092 4642 quoque
3121 4586 3250 4641 erga
3304 4585 3486 4628 mares
3541 4573 3629 4626 in-

2048 4675 2184 4716 sano
2206 4675 2394 4715 amore
2435 4662 2746 4715 exarserint
2779 4671 2833 4714 et
2864 4663 3098 4716 nelando
3128 4663 3324 4732 quovis
3383 4662 3632 4720 facinore

2047 4771 2104 4812 se
2136 4756 2451 4826 polluerint,
2493 4757 2683 4826 sicque
2716 4757 3122 4813 abominabiles
3157 4773 3218 4814 se
3272 4757 3630 4814 reddiderint.

2045 4849 2239 4904 Nonne
2279 4849 2464 4918 itaque
2494 4849 2632 4904 satis
2663 4858 2914 4918 apertum
2945 4859 3029 4904 est
3057 4865 3175 4914 eos,
3211 4851 3342 4906 licet
3372 4851 3628 4906 innume-

2045 4953 2138 4994 ros
2167 4939 2300 4994 deos
2341 4939 2522 4994 verbis
2555 4941 2870 5007 statuerint,
2905 4954 3076 5011 seque
3113 4941 3279 4996 Deum
3313 4941 3406 5012 qni
3441 4941 3627 4996 omnia

2046 5031 2383 5099 moderatur,
2427 5031 2568 5087 scire
2594 5037 2650 5086 et
2676 5030 2949 5099 conﬁteri,
2991 5049 3086 5087 ore
3115 5031 3348 5103 professi
3405 5033 3630 5098 fuerint,

1495 5187 1730 5244 VARIIE
1771 5187 2154 5245 LECTIONES
2192 5188 2280 5244 ΕΤ
2317 5188 2548 5246 ΝΟΤᾸΕ.

427 5338 450 5370 ³
477 5334 611 5408 Post
633 5335 978 5408 χρηστότητα
1015 5331 1219 5408 omissa
1249 5339 1378 5408 sunt
1421 5331 1595 5408 verba
1627 5339 1830 5408 textus,
1872 5331 1940 5386 οῦ

2040 5349 2148 5385 πτιν
2185 5330 2290 5394 ἕως
2317 5332 2456 5408 ἐνόῇ
2477 5331 2616 5408 llaec
2650 5340 2710 5384 ut
2753 5331 2808 5384 in
2829 5325 3199 5408 testu-diem.
3232 5327 3551 5408 inﬂatuque
3580 5324 3633 5378 in

357 5409 492 5465 edit.
523 5404 736 5474 Campi;
773 5404 990 5460 desunt.

1097 5406 1118 5435 '
1151 5399 1277 5456 [lare
1316 5403 1371 5456 in
1403 5401 1524 5455 cod.
1563 5401 1599 5455 5
1637 5401 1868 5470 August.
1903 5417 1938 5470 p

2040 5415 2184 5455 Intnr
2231 5411 2354 5470 post
2400 5401 2680 5468 ἐξέϐαλον,
2731 5400 2956 5454 omissis
2991 5398 3096 5452 illis
3137 5395 3532 5470 ἠκολούθησαν.

359 5462 616 5545 ῦπήκοοι,
641 5462 764 5545 qua:
788 5483 971 5545 tamen
1001 5473 1122 5526 loco
1155 5487 1258 5545 suo
1289 5470 1492 5545 ritoveri
1513 5488 1635 5545 non
1667 5462 1988 5545 patuerunt.
2011 5471 2182 5545 Totus
2214 5462 2316 5526 istc
2348 5462 2501 5545 locus
2531 5462 2778 5545 ejusdem
2797 5479 2890 5545 est
2929 5462 3240 5545 argumenti
3267 5462 3634 5545 cum'Eusehii

359 5549 428 5602 ad
463 5535 522 5601 h.
541 5548 578 5601 l.
601 5535 1013 5600 commentario
1043 5541 1189 5611 apud
1219 5541 1392 5612 (Iord.
1420 5556 1475 5610 p.
1507 5541 1636 5612 245,
1666 5535 1717 5594 et
1750 5539 1941 5612 Mentf.
1968 5542 2029 5612 _in
2060 5542 2368 5612 Coll.rnova
2394 5540 2497 5597 PP.
2527 5535 2578 5595 ιῖ
2599 5541 2638 5604 l,
2673 5555 2726 5610 p.
2753 5539 2822 5593 46
2855 5535 3250 5612 ampliterqu
3279 5541 3636 5612 antemnam:-

361 5617 471 5673 nisi
497 5632 670 5687 pauca
694 5614 965 5678 exhibuit,
995 5602 1209 5687 qu:h,_si
1236 5602 1454 5687 Eusebii
1477 5610 1607 5672 sint,
1624 5602 1847 5682 egregie
1879 5627 1942 5666 ex
1967 5610 2073 5665 hoc
2103 5611 2288 5666 codice
2319 5620 2504 5687 nostro
2535 5602 2958 5687 locupletatum;
2987 5602 3186 5687 Nostro
3214 5602 3637 5687 hazev'indic'are

364 5670 475 5742 non
498 5670 900 5746 dubitavimus,
931 5670 1045 5740 tum
1071 5670 1200 5752 quia
1229 5679 1445 5752 dicendi
1475 5670 1648 5752 genus
1665 5670 1795 5752 “non
1843 5690 2128 5752 repugnat,
2175 5681 2450 5752 tumquia
2483 5681 2536 5735 in
2569 5670 2754 5752 codice
2795 5695 2900 5732 non
2915 5675 3226 5752 ascriptum
3261 5679 3346 5727 est
3372 5670 3638 5752 ῌύσεδίου

367 5741 570 5831 δμοίως
606 5741 979 5828 θεοδωρήτόυ,
1007 5763 1068 5808 ιιι
1089 5741 1212 5808 ’ἱίίίε
1251 5753 1307 5808 in
1341 5741 1636 5807 locis‘rﬁeri
1671 5741 1931 5808 observav

2040 5741 2120 5822 ιε,
2143 5751 2235 5806 ubi
2267 5741 2463 5808 Νάξιοι·
2492 5749 2708 5827 aliquid
2742 5765 2866 5806 cum
2912 5748 3020 5803 isto
3045 5741 3336 5802 commune
3377 5741 3566 5800 habet.
