4090 6474
439 339 544 408 951

1468 346 1963 407 THEODORETI
1988 346 2330 408 EPISCOPI
2365 349 2737 411 CYRENSIS

3603 352 3713 416 952

446 470 630 512 tamen
663 455 719 509 in
748 454 934 518 corde,
972 455 1073 509 hoc
1115 464 1220 519 est,
1263 454 1318 508 in
1370 454 1649 510 intellectu
1710 472 1812 511 suo
1867 456 2026 526 plane

2146 457 2335 513 εἰδέναι
2357 460 2451 511 καὶ
2479 458 2766 529 ὁμολογεῖν
2794 458 2887 513 τὸν
2915 461 3010 513 ἐπὶ
3043 461 3263 515 πάντων
3281 461 3413 514 Θεὸν
3444 465 3557 525 τοῖς
3598 467 3713 532 χεί-

449 560 560 601 non
598 543 856 598 habuisse
894 557 1075 597 veram
1103 542 1171 598 de
1204 542 1317 598 Deo
1351 544 1678 599 notionem?
1704 544 1851 599 Talis
1874 545 2026 599 scili-

446 636 576 691 licet
604 633 707 688 fuit
740 631 1022 686 hominum
1053 642 1178 687 ante
1200 633 1498 688 Salvatoris
1528 633 1701 688 nostri
1734 633 2028 688 adventum

451 724 713 779 conditio.
755 720 964 777 Stultus
995 730 1176 776 autem
1219 722 1503 779 verissime
1533 731 1583 777 et
1609 723 1765 793 juxta
1798 722 1875 776 rei
1931 736 2029 775 na-

451 827 630 870 turam
661 822 908 881 vocatur,
942 813 1035 884 qui
1071 812 1240 868 Deum
1266 822 1447 885 negat.
1485 812 1542 868 Si
1575 814 1721 869 enim
1748 813 2033 883 sapientia:

451 908 671 964 initium
704 916 784 962 est
812 906 973 961 timor
1004 904 1123 972 Dei,
1158 905 1325 960 Deum
1362 922 1471 961 non
1503 906 1699 961 timere
1757 906 1869 960 imo
1901 906 2029 960 des-

451 1000 637 1070 picere
675 998 987 1068 oppositum
1024 996 1311 1068 sapientiae
1338 997 1432 1064 sit,
1465 1012 1691 1053 necesse
1718 996 1851 1068 est.]

526 1176 693 1232 Vens.
727 1176 785 1244 2,
816 1178 926 1231 33¢
960 1174 1223 1229 Dominus
1259 1175 1325 1229 de
1349 1175 1490 1230 coelo
1543 1174 1823 1245 prOSpcxit
1869 1189 2035 1243 super

455 1272 597 1327 ﬁlios
628 1271 938 1335 hominum,
974 1277 1035 1323 ut
1063 1267 1245 1322 videat
1273 1284 1402 1323 num
1453 1269 1526 1323 sit
1572 1269 1878 1338 intelligens
1943 1265 2038 1320 a'ut

454 1363 744 1433 requirens
773 1361 966 1416 Deum.
999 1360 1204 1416 Omnes
1228 1360 1666 1425 declinaverunt,
1697 1358 1863 1414 simul
1914 1358 2038 1412 inu-

362 1524 365 1527 _
455 1453 580 1508 tiles
613 1452 743 1508 facti
778 1461 929 1518 sunt,
962 1467 1069 1507 non
1097 1460 1182 1507 est
1214 1451 1306 1521 qui
1338 1450 1505 1506 faciat
1533 1451 1760 1515 bonum,
1792 1464 1901 1504 non
1952 1457 2040 1505 est

457 1558 635 1614 usque
665 1543 731 1597 ad
765 1559 957 1599 unum.
996 1561 1014 1594 ι
1046 1542 1174 1598 lllos
1217 1543 1385 1615 683
1415 1542 1633 1611 quidem
1685 1543 1801 1597 lucc
1833 1550 1889 1597 et
1942 1540 2039 1596 fa-

459 1634 671 1689 cientes
700 1633 1023 1689 etdicentes
1078 1648 1184 1687 non
1242 1633 1490 1703 despexit
1549 1633 1734 1703 quiin
1807 1632 2039 1688 excelsis

2128 549 2249 601 λεσι
2279 550 2543 618 φάσκοιεν
2565 567 2579 581 ·
2609 549 2727 603 ἀλλ’
2743 551 2801 603 ἐν
2825 555 2890 622 τῇ
2918 552 3118 623 καρδίᾳ
3151 552 3384 617 ἐαυτῶν,
3429 555 3715 609 τουτέστιν

2132 644 2190 695 ἐν
2221 644 2286 712 τῇ
2314 642 2548 713 διανοίᾳ,
2576 641 2698 695 οὐδὲ
2731 642 2831 713 μία
2854 661 2938 707 τις
2970 643 3177 715 ἀληθὴς
3206 646 3334 716 περὶ
3363 644 3500 698 Θεοῦ
3535 646 3715 717 ὑπίρο

2132 749 2227 800 χεν
2263 731 2474 799 ἕννοιας
2510 732 2769 796 Τοιοῦτος
2804 734 2904 804 μέν
2935 730 3030 788 οὖν
3081 735 3348 804 ἐτύγχανε
3385 737 3493 800 πᾶς
3533 737 3562 789 ό
3607 737 3717 809 πρὸ

2132 828 2230 894 τῆς
2269 824 2361 877 τοῦ
2393 826 2645 895 Σωτῆρος
2676 827 2835 896 ἡμῶν
2855 827 3166 896 παρουσίας
3190 828 3364 897 βίοςτ.
3390 828 3631 898 ’Ἄφρων
3657 829 3717 882 δὲ

2133 917 2478 986 ἀληθέστατα
2514 919 2612 971 καὶ
2654 918 3015 987 φυσικώτατα
3068 921 3096 973 ό
3138 920 3460 990 ἀρνησίθεος
3497 921 3718 987 ὠνόμα-

2136 1027 2281 1063 σται.
2321 1010 2384 1062 Ei
2416 1008 2524 1080 γὰρ
2560 1011 2753 1078 σοφίας
2785 1010 2929 1081 ἀρχὴ
2967 1010 3132 1081 φόϐος
3169 1013 3329 1077 Θεοῦ,
3368 1012 3571 1080 ἀφοϐία
3624 1016 3720 1068 καὶ

2135 1099 2394 1170 ἀθέτησις
2427 1101 2740 1157 τούναντίον
2766 1100 2832 1155 ἂν
2869 1103 3077 1170 γένοιτο
3104 1104 3203 1174 τῆς
3240 1104 3433 1173 σοφίας
3450 1102 3493 1157 ⁸.
3522 1104 3541 1178 ]

2209 1188 2274 1259 β’,
2304 1187 2374 1257 γ’.
2417 1209 2435 1241 ι
2472 1188 2677 1260 Κύριος
2702 1192 2767 1244 ἐκ
2798 1192 2894 1244 τοῦ
2924 1192 3155 1266 οὐρανοῦ
3186 1193 3442 1263 διέκυψεν
3468 1195 3563 1248 ἐπὶ
3590 1197 3724 1259 τοὺς

2138 1281 2289 1344 υἱοὺς
2349 1281 2459 1335 τῶν
2498 1281 2830 1351 ἀνθρώπων,
2877 1283 2973 1337 τοῦ
3009 1284 3138 1337 ἰδεῖν
3188 1285 3237 1338 εί
3278 1284 3398 1338 ἔστι
3433 1283 3655 1348 συνιὼν,
3686 1287 3719 1356 ἦ

2137 1371 2384 1443 ἐκζητῶν
2408 1372 2500 1426 τὸν
2520 1372 2674 1427 Θεόν.
2706 1373 2916 1437 Πάντες
2952 1372 3251 1440 ἐξέκλιναν,
3313 1373 3431 1443 ἅμα
3481 1373 3721 1445 ἠχρειὼ-

2140 1464 2335 1533 θησαν,
2370 1465 2471 1518 οὒκ
2518 1464 2636 1518 ἐστι
2667 1465 2839 1519 ποιῶν
2864 1465 3232 1537 χρηστότητα,
3269 1467 3369 1520 οὐκ
3402 1466 3550 1519 ἔστιν
3614 1466 3724 1529 ἐως

2140 1556 2258 1619 ἐνός
2280 1556 2323 1610 ³.
2366 1574 2386 1607 ι
2430 1554 2687 1610 Ἐκείνων
2718 1556 2905 1626 μέντοι
2933 1556 3161 1610 τοιαῦτα
3208 1557 3306 1610 καὶ
3345 1557 3601 1628 δρώντων
3627 1558 3725 1611 καὶ

2140 1647 2427 1716 λεγόντων,
2460 1647 2521 1701 οὐ
2558 1648 2827 1718 περιεῖδεν
2872 1650 2903 1703 ό
2948 1649 3005 1702 ἐν
3026 1648 3257 1719 ὑψηλοῖς
3286 1648 3558 1703 κατοικῶν
3578 1689 3591 1712 .
3625 1649 3725 1702 καὶ

459 1726 696 1790 habitat,
724 1734 780 1780 et
833 1725 1061 1780 humilia
1104 1724 1364 1795 respicit:
1400 1740 1589 1779 verum
1617 1731 1865 1780 exactam
1896 1738 2042 1794 quie-

2146 1738 2215 1791 τά
2271 1736 2507 1792 ταπεινά
2576 1736 2827 1809 ἐφορῶν*
2881 1736 3001 1792 ἀλλ’
3059 1737 3309 1802 ἐξέτασιν
3369 1738 3574 1810 ἀκριϐῆ
3628 1739 3727 1791 καὶ

463 1818 697 1873 stionem
748 1820 990 1887 ipsarum
1054 1818 1216 1872 etiam
1282 1817 1674 1888 cogitationum
1722 1818 2034 1884 instituens,

2146 1828 2315 1882 αὐτῶν
2328 1828 2439 1883 τῶν
2448 1827 2726 1899 λογισμῶν
2746 1828 3136 1900 ποιησάμενος,
3155 1824 3294 1881 εἶδεν
3320 1827 3567 1892 ἅπαντας
3585 1830 3729 1883 κατά

463 1924 658 1964 omnes
690 1910 823 1964 vidit
852 1909 1041 1964 eadem
1075 1909 1279 1978 pariter
1313 1910 1590 1978 impietate
1640 1917 1695 1964 et
1752 1910 2041 1979 iniquitate

462 2001 589 2055 vita:
618 2001 885 2056 detentus.
921 2001 1111 2055 Simile
1136 2008 1221 2056 est
1245 2002 1350 2056 hoc
1377 2002 1583 2068 verbis,
1618 2017 1740 2073 qua:
1769 2003 1836 2057 ad
1871 2003 2043 2057 Abra-

465 2095 687 2146 hamum
720 2090 943 2147 fuerunt
970 2093 1115 2148 dicta
1155 2110 1171 2147 :
1246 2113 1264 2146 σ
1309 2093 1530 2150 Clamor
1571 2095 1938 2151 Sodomorum
1987 2106 2044 2150 et

464 2180 782 2236 Gomorrha:
818 2182 1208 2252 multiplicatus
1240 2193 1325 2240 est
1351 2199 1538 2239 coram
1586 2201 1694 2251 me,
1731 2196 1786 2240 et
1823 2194 2042 2255 peccata

462 2286 655 2327 eorum
685 2272 842 2327 valde
874 2288 1067 2343 magna
1116 2283 1245 2330 sunt
1286 2293 1302 2329 :
1343 2274 1697 2342 descendam,
1762 2285 1816 2333 et
1854 2277 2045 2331 videbo

462 2378 598 2418 num
626 2364 930 2419 secundum
981 2364 1278 2422 clamorem
1326 2367 1420 2438 qui
1459 2368 1609 2423 venit
1631 2369 1697 2423 ad
1759 2383 1865 2437 me,
1913 2384 2046 2424 con-

463 2466 811 2512 summantur
841 2457 891 2511 ιι.
927 2476 946 2508 ι

535 2545 705 2604 Vanis.
739 2550 794 2615 4,
831 2550 884 2604 5.
920 2569 939 2602 ι
969 2547 1164 2606 Nonne
1194 2558 1526 2622 cognoscent
1551 2568 1759 2619 omnes,
1793 2555 1884 2622 qui
1913 2569 2046 2625 ope-

465 2649 661 2696 rantur
693 2642 1057 2710 iniquitatem,
1090 2643 1185 2715 qui
1211 2644 1477 2700 devorant
1503 2644 1713 2714 plebem
1761 2662 1938 2701 meam
1970 2647 2047 2701 si-

466 2741 560 2789 cut
589 2747 772 2789 escam
806 2734 1007 2805 panis?
1037 2735 1332 2791 Dominum
1360 2752 1469 2793 non
1503 2736 1919 2794 invocaverunt.
1968 2738 2046 2793 lbi

464 2826 1119 2895 trepidavernuttimore,
1147 2828 1239 2884 ubi
1269 2844 1380 2885 nou
1420 2838 1538 2885 erat
1587 2830 1774 2885 timor.
1813 2849 1832 2882 ι
1895 2830 2047 2897 Quo-

466 2917 614 2973 niam
648 2918 927 2985 noluistis,
955 2920 1156 2990 inquit,
1202 2935 1299 2977 vos
1322 2921 1419 2991 qui
1449 2921 1747 2985 devoratis,
1804 2922 1908 2976 hoc
1951 2937 2049 2976 co-

466 3024 751 3079 gnoscere,
800 3027 867 3067 ex
907 3012 1031 3080 ipso
1088 3027 1270 3068 rerum
1313 3020 1514 3069 eventu
1567 3014 1825 3083 populum
1868 3028 2048 3069 meum

2140 1920 2336 1974 ταύτὸν
2356 1921 2399 1953 ¹⁰
2439 1922 2508 1990 τῇ
2539 1917 2829 1990 δυσσεϐείᾳ
2890 1920 2986 1973 καὶ
3016 1921 3081 1990 τῇ
3123 1918 3220 1972 τοῦ
3244 1918 3360 1989 βίου
3409 1918 3757 1990 παρανομίᾳ,

2143 2011 2566 2082 κατεχομένους.
2622 2010 2807 2063 Ἕοικε
2833 2008 2993 2063 τοῦτο
3016 2011 3133 2073 τοῖς
3154 2008 3294 2079 πρὸς
3332 2008 3425 2063 τὸν
3473 2009 3727 2079 Ἀϐραὰμ

2144 2103 2476 2173 εἰρημένοις
2507 2120 2524 2153 ι
2553 2100 2786 2173 Κραυγὴ
2810 2099 3060 2171 Σοδόμων
3086 2100 3180 2154 καί⁵
3200 2100 3486 2171 Γομόρρας
3512 2097 3725 2169 πεπλή-

2146 2200 2337 2253 θυνται
2369 2196 2507 2268 πρός
2549 2213 2637 2267 με,
2686 2196 2782 2249 καὶ
2833 2195 2892 2247 αί
2937 2193 3208 2266 ἁμαρτίαι
3260 2192 3443 2247 αὐτῶν
3492 2191 3731 2264 μεγάλαι

2147 2292 2355 2362 σφόδρα
2375 2306 2391 2322 ⁶
2433 2288 2681 2352 καταϐὰς
2704 2283 2800 2343 οὗν
2829 2287 3034 2359 ϐψομαι
3057 2289 3107 2341 εί
3142 2287 3286 2342 κατὰ
3334 2285 3435 2358 τὴν
3475 2288 3730 2359 κραυγὴν

2146 2385 2330 2440 αὐτῶν
2360 2382 2459 2456 τὴν
2484 2382 2795 2454 ἐρχομένην
2819 2383 2961 2453 πρός
2991 2397 3057 2453 με
3090 2378 3472 2435 συντελοῦνται
3491 2379 3557 2434 ⁸⁸.
3587 2397 3607 2433 ο

2216 2553 2281 2620 δ’,
2306 2554 2369 2608 ε’.
2434 2572 2453 2606 ι
2483 2554 2619 2624 Οὐχὶ
2666 2551 2966 2621 γνώσονται
3015 2551 3218 2616 πάντες
3269 2551 3317 2604 οἱ
3366 2547 3734 2622 ἐργαζόμενοι

2146 2646 2245 2718 τὴν
2274 2646 2531 2715 ἀνομίαν,
2573 2647 2623 2698 ol
2654 2643 2986 2708 ἐσθίοντεςη
3018 2643 3111 2697 τὸν
3138 2642 3268 2697 λαόν
3299 2659 3401 2713 μου
3432 2643 3489 2695 ἐν
3510 2640 3556 2673 ’³
3585 2638 3734 2711 βρώ-

2151 2756 2235 2791 σει
2280 2738 2486 2809 ἀρτου;
2537 2736 2643 2791 Τὸν
2696 2736 2901 2807 Κύριον
2952 2736 3053 2789 οὐκ
3100 2732 3525 2788 ἐπεκαλέσαντο.
3586 2731 3737 2785 Ἐκτῖ

2150 2830 2459 2885 ἐδειλίασαν
2488 2828 2660 2900 φόϐῳ,
2693 2822 2756 2882 οὗ
2797 2828 2900 2882 οὐκ
2934 2823 3002 2899 ἦν
3040 2826 3206 2897 φόϐος
3226 2827 3291 2880 ’⁸.
3337 2843 3357 2877 ι
3420 2826 3537 2878 Οὐκ
3564 2822 3736 2893 ἠϐου-

2150 2923 2374 2994 λήθητε,
2416 2921 2601 2992 φησιν,
2639 2920 2691 2973 οἱ
2736 2917 3176 2983 κατεσθίοντες¹⁸
3227 2917 3464 2971 συνιδεῖν
3511 2914 3630 2969 τόδε
3650 2914 3732 2946 ⁸⁸·

2150 3012 2217 3065 δι’
2251 3011 2480 3080 αὑτῆςίτ
2514 3005 2666 3063 οὖνη
2710 3008 3029 3079 μαθήσεσθε
3076 3006 3188 3061 τῶν
3236 3005 3584 3088 πραγμάτων
3633 3003 3738 3072 τῆς

464 3118 570 3157 non
598 3101 760 3157 facile
792 3103 913 3181 capi
939 3118 969 3157 a
993 3103 1149 3158 vobis
1162 3118 1325 3172 posse
1348 3104 1572 3159 discetis
1609 3122 1622 3158 :
1652 3119 1828 3173 neque
1855 3120 2044 3176 quem-

2153 3103 2372 3174 πείρας,
2402 3101 2480 3164 ὡς
2508 3101 2610 3155 οὐκ
2638 3099 2795 3154 ἔσται
2817 3102 2860 3133 ¹⁹
2893 3101 3024 3171 ὑμῖν
3052 3098 3324 3162 εὐάλωτος
3358 3100 3388 3152 ό
3418 3095 3551 3167 ἐμὸς
3583 3094 3735 3160 λαὸς,

464 3193 763 3248 admodum
796 3209 994 3263 panem
1025 3195 1119 3264 qui
1145 3194 1474 3259 comeditur,
1514 3196 1695 3265 ipsum
1720 3196 2052 3252 devorabitis

466 3283 867 3352 providentiam
902 3298 1079 3337 meam
1125 3293 1561 3339 contemnentes.
1620 3284 1735 3340 Hoc
1781 3287 1925 3341 enim
1970 3296 2055 3342 est

467 3374 616 3444 quod
653 3374 828 3428 dicit:
869 3392 888 3424 ι
927 3373 1098 3428 Deum
1126 3390 1235 3429 non
1262 3374 1674 3431 invocaverunt.
1707 3395 1725 3427 ι
1759 3378 2053 3447 Propterea

465 3482 587 3532 vos,
619 3468 714 3537 qui
747 3467 1008 3523 audacter
1042 3466 1325 3538 loquimini
1362 3470 1705 3525 etneminem
1726 3472 1952 3539 timetis,
1992 3474 2055 3527 ti-

468 3558 612 3612 mori
626 3567 682 3612 et
701 3559 894 3612 terrori
924 3559 1310 3626 succumbetis,
1342 3570 1396 3614 et
1421 3560 1474 3614 in
1494 3559 1675 3631 fugam
1693 3563 2053 3618 convertami-

471 3651 548 3712 ni,
593 3649 814 3704 nemine
845 3665 941 3705 vos
970 3660 1274 3706 exterrente
1299 3667 1362 3707 ac
1390 3664 1767 3724 persequente.
1784 3656 1922 3710 Nam
1951 3656 2055 3711 hoc

468 3741 618 3795 istud
640 3741 1013 3797 demonstrat:
1042 3742 1247 3815 684(
1281 3744 1353 3799 lbi
1391 3745 1802 3815 trepidaverunt
1832 3748 2048 3814 timore,

471 3833 563 3887 ubi
583 3850 690 3887 non
721 3843 838 3888 erat
876 3835 1060 3889 timor.
1096 3853 1115 3885 ι
1157 3836 1486 3893 llludautem
1522 3855 1535 3890 :
1575 3855 1593 3889 ι
1631 3836 1821 3894 Nonne
1850 3855 2053 3910 cogno-

469 3930 625 3976 scent
657 3938 846 3979 omnes
865 3925 955 3995 qui
982 3927 1651 3997 operanturiniquitatem,
1682 3948 1699 3979 ι
1728 3931 2053 3998 pronuntia-

468 4014 616 4069 tione
643 4014 1012 4085 adjuvandum
1045 4025 1148 4073 est.
1181 4016 1296 4074 lloc
1320 4034 1469 4086 vero,
1489 4038 1509 4071 ‹
1549 4018 1812 4076 Dominus
1838 4021 1905 4076 de
1935 4037 2051 4077 coe-

466 4106 521 4160 lo
543 4109 826 4178 prospexit
846 4123 1008 4178 super
1034 4109 1173 4164 ﬁlios
1200 4110 1506 4175 hominum,
1534 4120 1594 4165 ut
1621 4112 1797 4167 videat
1826 4129 1956 4167 num
1984 4114 2056 4169 sit

469 4193 800 4265 intelligens,
837 4206 933 4252 aut
979 4198 1263 4268 requirens
1302 4199 1498 4266 Deum,
1535 4220 1557 4253 ›
1603 4201 1842 4256 humano
1902 4218 2055 4260 more

467 4286 647 4354 ﬁnxit,
683 4289 980 4346 ostendens
1008 4306 1040 4346 e
1068 4292 1211 4348 cmlo
1234 4293 1478 4365 Assyriis
1505 4308 1722 4363 poenam
1747 4295 2052 4350 immissam

465 4374 663 4433 fuisse.
680 4379 835 4434 Patet
862 4380 1006 4435 enim
1033 4381 1233 4453 ubique
1256 4382 1630 4440 universitatis
1646 4382 1814 4439 Deum
1831 4385 2046 4455 adesse,

545 4512 577 4557 Ιι
601 4512 739 4570 Gen.
768 4531 925 4583 xvm,
964 4518 1056 4584 20,
1102 4518 1193 4573 2t.

2153 3195 2276 3248 οὐδὲ
2329 3191 2584 3260 καθάπερ
2635 3191 2801 3262 ἄρτον
2848 3190 2971 3244 τινὰ
3025 3188 3342 3260 ἐσθιόμενον
3394 3188 3736 3256 δαπανήσετε

2155 3287 2338 3349 αὑτὸν,
2365 3285 2466 3355 τῆς
2492 3285 2634 3355 ἐμῆς
2662 3280 3010 3353 προμηθείας
3042 3279 3531 3353 καταφρονοῦντες.
3565 3275 3740 3330 Τοῦτο

2155 3379 2266 3450 γὰρ
2294 3377 2443 3445 λέγει
2466 3394 2481 3408 ο
2520 3393 2540 3426 ι
2572 3373 2678 3427 Τὸν
2707 3372 2913 3445 Κύριον
2938 3372 3041 3427 οὐκ
3076 3371 3498 3425 ἐπεκαλέσαντο.
3536 3386 3556 3420 ι
3601 3361 3740 3420 Ob”

2155 3470 2339 3543 χάριν,
2364 3471 2414 3523 ol
2439 3466 2614 3531 ἀδεῶς
2648 3465 3037 3536 φθεγγόμενοι,
3073 3466 3170 3519 καὶ⁵
3199 3463 3406 3534 μηδένα
3434 3460 3741 3531 δειμαίνον-

2153 3579 2268 3628 τες,
2304 3560 2458 3630 φόϐῳ
2506 3559 2602 3612 καὶ
2649 3555 2825 3629 δειλίᾳ
2858 3555 3264 3626 περιπεσεῖσθε,
3305 3554 3403 3607 καὶ
3447 3553 3529 3615 είς
3564 3549 3741 3621 φυγὴν

2153 3650 2531 3722 τραπήσεσθε,
2585 3647 2814 3720 μηδενὸς
2859 3647 2969 3702 τῶν
3016 3646 3321 3719 ἀνθρώπων
3366 3643 3739 3713 δεδιττομένου

2154 3763 2216 3799 τε
2268 3745 2364 3798 καὶ
2417 3742 2726 3803 διώκοντος.
2780 3741 2952 3796 Τοῦτο
2996 3741 3107 3811 γὰρ
3152 3739 3353 3809 δηλοῖ⁸¹
3399 3738 3494 3791 τόο
3555 3733 3743 3787 «Ἐκεῖ

2155 3836 2462 3891 ἐδειλίασαν
2491 3836 2664 3908 φόϐῳ,
2685 3828 2747 3889 οὗ
2775 3836 2877 3891 οὐκ
2903 3829 2972 3905 ἦν
3002 3832 3186 3902 φόϐος.
3216 3850 3234 3883 ι
3270 3829 3345 3883 Τὸ
3377 3828 3431 3882 δέ
3447 3828 3493 3859 ⁸⁸
3512 3843 3526 3857 ’
3565 3846 3586 3879 ι
3604 3825 3741 3895 Οὐχὶ

2156 3927 2458 3996 γνώσονται
2510 3928 2715 3992 πάντες
2768 3930 2818 3981 οί
2869 3925 3229 3995 ἐργαζόμενοι
3275 3919 3375 3991 τὴν
3420 3917 3675 3988 ἀνομίαν,
3714 3935 3736 3969 ι

2156 4021 2280 4074 καθ’
2309 4020 2598 4093 ὑπόκρισιν
2612 4021 2659 4051 ³³
2700 4016 3098 4087 ἀναγνωστέον.
3154 4014 3228 4068 To
3259 4013 3349 4065 δέ’
3387 4028 3407 4065 ι
3443 4012 3504 4064 '0
3537 4008 3742 4081 Κύριος

2156 4113 2219 4165 ἐκ
2247 4112 2341 4165 τοῦ
2379 4110 2616 4183 οὐρανοῦ
2648 4110 2905 4179 διέκυψεν
2937 4108 3029 4162 ἐπὶ
3053 4107 3181 4170 τοὺς
3212 4105 3362 4168 uiola;
3392 4102 3500 4156 τῶν
3532 4098 3732 4171 ἀνθρώ·

2156 4220 2276 4257 πων
2292 4203 2362 4268 ⁸³,
2411 4201 2506 4256 τοῦ
2558 4202 2687 4255 ἰδεῖν
2738 4202 2791 4255 εί
2845 4201 2962 4254 ἐστι
3027 4195 3226 4252 συνιὼν
3271 4196 3305 4265 ἢ
3354 4191 3602 4263 ἐκζητῶν
3650 4189 3744 4242 τὸν

2154 4295 2287 4349 Θεὸν
2302 4296 2370 4359 ’⁸,
2403 4312 2423 4347 ι
2475 4292 2830 4366 ἀνθρωπίνως
2868 4288 3209 4362 ἐσχημάτισε
3231 4325 3247 4352 ,
3295 4283 3511 4346 δεικνὺς
3535 4281 3613 4345 ὡς
3649 4280 3743 4333 οὐ·

2156 4387 2386 4460 ρανόθεν
2409 4385 2722 4458 Ἀσσυρίοις
2760 4385 2862 4457 τὴν
2887 4382 3161 4455 τιμωρίαν
3187 4375 3531 4448 κατέπεμψε.
3571 4371 3744 4444 Δῆλον

1585 4665 1819 4722 VARUE
1854 4667 2236 4724 LECTlONES
2273 4666 2360 4723 ET
2398 4665 2634 4723 NOTAE.

544 4800 568 4879 ς’
600 4797 1017 4879 BloSL‘Eusebio
1038 4806 1255 4879 quidem
1288 4815 1393 4870 est,
1418 4816 1475 4861 nt
1501 4814 1673 4860 totum
1712 4806 1993 4879 hominum
2024 4823 2196 4876 genus
2223 4806 2366 4863 dicat
2392 4808 2504 4877 βίον
2538 4805 2670 4879 (viil.
2704 4805 2897 4879 Montl‘,
2929 4805 3168 4862 Praglim.
3198 4805 3264 4859 ad
3301 4809 3340 4856 t.
3368 4800 3387 4855 Ι
3421 4798 3565 4879 Coll._
3586 4811 3743 4879 novae

468 4867 577 4951 PP.
610 4884 667 4951 βξ
700 4870 813 4942 58),
839 4887 939 4951 nec
968 4867 1176 4951 ah:hoe
1202 4877 1325 4931 loco
1362 4867 1577 4951 alienus
1602 4885 1688 4951 est
1709 4876 1812 4932 iste
1852 4867 2193 4951 signiﬁcatus
2220 4896 2232 4931 :
2264 4867 2463 4951 nollem
2523 4867 2705 4951 tamen
2751 4890 2818 4951 ex
2868 4878 2976 4951 hoc
3040 4881 3363 4951 argumento
3396 4869 3745 4951 ‘coqcludere

473 4937 621 5018 [tunc
653 4937 834 5018 locum
858 4943 1106 5018 _Eusebio
1154 4959 1278 5018 esse
1328 4937 2071 5018 vindicandum,cum'haec
2115 4949 2492 5018 interpretatio
2532 4948 2625 5001 vix
2667 4948 2827 5003 cadat
2881 4948 2935 5000 in
2990 4937 3154 5018 verba
3183 4945 3292 5018 ista
3326 4939 3530 5018 καὶτῷ
3572 4937 3745 5018 λοξπῷ

472 5009 595 5093 βίῳ,
623 5011 824 5093 quain
858 5010 1118 5093 lioc_ipso
1154 5014 1464 5093 loco__obvia
1519 5024 1672 5093 sun_t.
1747 5017 1768 5049 ⁸
1790 5016 1849 5070 ln
1884 5018 2089 5073 Catena
2120 5009 2308 5093 nostra
2361 5027 2683 5093 sequuntur‘
2706 5032 2831 5087 quae
2874 5014 3019 5086 apud
3056 5014 3219 5093 (Σοί-εί.
3247 5028 3307 5093 p._
3331 5009 3747 5093 24§,ﬂpro§iot_o

470 5078 594 5159 post
623 5078 883 5159 haecioco
914 5097 944 5135 e
968 5078 1199 5159 Didyme
1228 5086 1390 5159 allata
1423 5093 1573 5159 sun_t.
1610 5086 1812 5159 Eorum
1845 5095 2026 5159 tamen
2046 5102 2111 5141 ne
2132 5088 2358 5159 minima
2384 5078 2602 5159 quidem
2632 5078 2757 5155 pars
2786 5078 2967 5141 exstat
2993 5078 3331 5159 apud_(_loi'd.
3408 5078 3743 5159 “ﬂocjogos

475 5156 534 5226 ιιι
568 5147 622 5226 in
659 5149 973 5226 cod.__Alex_.
1007 5147 1216 5226 etedit.
1258 5156 1381 5208 Ald.
1412 5172 1477 5209 ac
1500 5156 1739 5224 Compl.,
1765 5157 1971 5211 omissa
2011 5173 2041 5212 s

2162 5171 2285 5226 quae
2318 5157 2377 5211 in
2404 5147 2531 5211 cod.
2562 5147 2731 5211 Va'tic.
2760 5147 3083 5226 sequuntur,
3125 5153 3410 5226 ζιζάφοςβ-
3436 5147 3737 5226 ὀφθαλμῶν

471 5217 687 5301 abstini,
709 5218 914 5301 quibus
952 5222 1257 5301 inserendis
1286 5216 1833 5301 occasionem-dedit
1870 5228 2021 5281 locus

2146 5216 2316 5301 Epist.
2360 5226 2437 5301 ad
2485 5216 3743 5301 Ilqn1._nt,_l3-18._lnﬁlleiaploautemnhmc

475 5301 587 5339 non
614 5287 786 5363 fuisse
815 5297 1049 5363 testatur
1073 5293 1325 5363 scholion
1357 5294 1504 5363 quod
1537 5295 1589 5348 in
1627 5295 1756 5349 edit.
1796 5295 1955 5349 Rom.
2001 5297 2071 5349 ad
2111 5297 2163 5350 h.
2190 5287 2234 5349 ἰ.
2272 5295 2489 5363 legitur.
2539 5295 2697 5349 Conf.
2737 5295 2963 5350 Hieron.
3000 5296 3052 5348 iu
3101 5287 3357 5348 Praeffad
3388 5292 3425 5345 l.
3455 5287 3745 5363 τιτι-(ξουρ-

478 5364 651 5410 ment.
681 5358 735 5411 in
766 5357 986 5412 Isaiam.
1069 5361 1112 5392 ¹⁰
1142 5364 1265 5417 cod.
1301 5357 1487 5416 ταύτό.

479 5427 575 5497 ἕνα
598 5428 734 5496 γνῶ.
818 5427 861 5457 η
892 5429 1016 5483 cod.
1053 5431 1105 5494 1,
1138 5432 1175 5483 2
1213 5432 1616 5497 κατεσθίοντες.

1596 5366 1634 5395 ¹¹
1661 5364 2041 5418 Sorrento-63":

2165 5366 2287 5420 cod.
2314 5353 2543 5427 faddit,
2581 5381 2703 5433 qua:
2746 5366 2784 5420 ι.
2834 5381 2883 5420 c.
2922 5382 2971 5418 v.
3022 5365 3083 5417 2-I
3128 5374 3451 5433 sequuntur,
3484 5355 3619 5410 εἰδὲ
3644 5353 3741 5423 μὴ,

1696 5436 1739 5465 ¹³
1783 5436 1904 5488 Ἐν.
1942 5435 2113 5488 Abest
2143 5451 2172 5488 a
2197 5437 2318 5489 cod.
2361 5434 2416 5487 5.
2495 5434 2541 5464 ³⁸
2575 5431 2658 5491 Οὗ
2682 5465 2752 5475 —-

2778 5435 2985 5504 φόϐος.
3041 5431 3218 5488 Abest
3247 5431 3535 5504 quidem_a
3588 5434 3740 5504 textu-

481 5493 649 5551 Hebr.
682 5498 821 5573 psal.
857 5514 969 5565 xw,
1001 5501 1070 5573 5,_
1094 5493 1247 5573 recte
1272 5511 1453 5573 autem
1498 5520 1528 5558 ο
1560 5493 1702 5558 LXX
1735 5504 2123 5572 interpretibus
2162 5504 2466 5573 suppletum
2510 5513 2595 5557 est
2624 5519 2653 5558 e
2693 5493 2813 5560 loco
2849 5493 3127 5573 parallelo.
3160 5493 3437 5573 psal.mn,
3462 5498 3517 5551 6.
3549 5493 3639 5573 __“‘
3674 5495 3742 5573 οι

485 5569 943 5643 κατεσθίοντες.
965 5569 1161 5643 ’ςοὰηᾷ
1192 5570 1429 5639 οἴκοθεν,
1460 5589 1558 5643 pro
1590 5573 1825 5628 οἰκόθεν.
1881 5569 1946 5603 ἰδ
1986 5576 2044 5626 Τί

2146 5622 2147 5625 η
2174 5569 2336 5629 codd.
2367 5583 2477 5628 tres
2509 5572 2743 5643 August.
2778 5584 2831 5629 et
2849 5569 3003 5643 unus
3033 5569 3181 5628 Flor.
3210 5572 3270 5643 τὸ
3299 5572 3438 5643 δέον.

485 5633 522 5686 3
549 5635 753 5691 αὐτῶν.
830 5633 1057 5693 ιδίοῦν.
1095 5638 1266 5695 Abest
1294 5643 1364 5696 ab
1395 5633 1651 5700 omnibus
1689 5643 1854 5698 codd.
1900 5651 2044 5698 nostr

2203 5645 2246 5676 ¹⁹
2283 5643 2406 5698 cod.
2455 5644 2490 5696 5
2546 5633 2684 5698 ἕσντι.

485 5702 531 5734 ²¹
563 5706 689 5786 (ξοᾱί
794 5707 1120 5786 παρα-δηλοῖς
1197 5713 1242 5743 ’³
1268 5710 1466 5786 Τὸᾼδὲ,
1491 5731 1552 5786 κ.
1572 5731 1622 5786 τ.
1656 5713 1707 5767 λ.
1737 5711 1860 5786 Hath
1892 5714 1970 5786 ad_
1995 5727 2044 5764 ν.

2146 5714 2432 5786 pertinent.
2508 5712 2554 5786 ’γ’
2587 5712 2755 5771 Cord.
2791 5730 2845 5786 p.
2870 5714 2979 5771 2/14
3009 5712 3128 5767 κατ’
3150 5702 3439 5784 ἐρώτησιν.

490 5772 912 5845 -ἀνθρώπωιᾶ
943 5772 1068 5838 Βοὲς.
1103 5779 1161 5839 in
1188 5782 1311 5840 cod.
1338 5783 1390 5838 1.
1453 5772 1502 5817 δυ
1533 5784 1612 5841 Ἥ
1625 5813 1693 5823 -—
1730 5782 1896 5838 Hadr.
1944 5783 2044 5838 Des

2146 5772 2153 5836 Ῐ
2179 5784 2339 5839 codd.
2366 5785 2589 5840 nostris.

474 5895 511 5911 ι..

3548 5564 3739 5619 ¹⁷οοά.

2779 5646 2826 5677 ὀ
2865 5640 2972 5699 Οὗ.
3015 5644 3138 5699 cod.
3202 5642 3257 5704 1,
3301 5642 3337 5694 2
3378 5638 3591 5693 addunt
3648 5631 3739 5702 δή.

2791 5730 2845 5761 n-
2870 5714 2979 5761 ομ
3009 5712 3128 5761 κατ’
3150 5710 3439 5761 ἐρώτησιν.
3514 5706 3561 5739 ⁸³
3602 5699 3739 5761 ἐπὶ
