4090 6424
543 340 650 405 955

1540 333 2032 399 THEODORETI
2068 328 2414 392 EI’lSCOPl
2483 332 2848 393 CYltENSIS

3706 336 3820 399 956

543 455 763 524 qualem
796 453 940 507 hunc
961 465 1083 508 esse
1132 448 1409 514 convenit,
1442 456 1496 502 et
1534 449 1737 518 quibus
1786 447 1985 503 studiis
2037 444 2113 499 uti

2230 444 2485 516 εδρεύειν,
2531 444 2625 498 καὶ
2654 444 2713 496 ἐν
2749 445 2817 513 τῇ
2869 440 3024 496 πόλει
3072 440 3340 511 βιοτεύειν
3374 445 3441 512 τῇ
3475 445 3579 514 cf};
3628 446 3812 500 ὁποῖον

549 560 647 614 par
704 554 787 599 est
809 545 832 598 ?
854 544 985 597 Nam
1015 540 1417 598 tabernaculum
1453 540 1546 595 Dei
1578 539 1837 608 templum
1862 537 2121 608 appellat,

547 646 777 690 montem
821 650 953 691 vero
984 644 1222 690 sanctum
1257 633 1715 705 Hierosolymam.
1743 631 1882 686 Cum
1917 630 2000 686 sic
2041 629 2126 684 in-

547 737 899 797 terrogasset,
937 726 1353 797 responsionem
1387 724 1647 796 subjicit:

620 906 781 960 Vsus.
812 905 866 959 2.
900 926 918 959 ι
955 905 1057 972 Qui
1094 903 1401 974 ingreditur
1428 902 1550 958 sine
1584 900 1820 967 macula,
1843 907 1900 955 et
1925 913 2128 969 opera-

545 1011 634 1053 tur
672 999 968 1069 justitiam.
1005 1018 1024 1051 ›
1081 998 1329 1067 Oportet,
1362 997 1382 1018 “
1410 993 1605 1064 inquit,
1663 992 1821 1048 talem
1853 1008 1977 1047 esse
2039 1006 2131 1045 cx-

542 1100 746 1163 pertem
786 1092 1026 1149 malitiae.
1052 1099 1107 1146 et
1136 1091 1205 1143 ab
1229 1088 1381 1142 omni
1411 1087 1840 1158 reprehensione
1864 1085 2122 1148 liberum,

543 1198 875 1252 omnemque
908 1182 1167 1235 virtutem
1202 1178 1449 1235 studiose
1475 1177 1801 1233 consectati.
1838 1174 2125 1229 Justitiam

541 1275 688 1326 enim
725 1273 811 1326 hie
839 1271 1135 1343 perfectam
1167 1271 1424 1325 virtutem
1476 1270 1744 1336 nominat,
1784 1268 1943 1339 cujus
2000 1282 2127 1338 spe-

544 1366 659 1420 cies
689 1365 880 1419 sedulo
912 1371 1222 1418 enumerat.

616 1456 779 1509 Vens.
816 1455 870 1508 5.
908 1473 927 1505 ‹
968 1451 1069 1520 Qui
1105 1454 1350 1524 loquitur
1390 1451 1675 1507 veritatem
1727 1452 1780 1504 in
1809 1450 1973 1505 corde
1999 1464 2123 1515 suo,

543 1547 635 1617 qui
664 1562 772 1601 non
829 1546 964 1601 fovit
992 1546 1178 1601 dolum
1216 1546 1269 1600 in
1309 1545 1492 1615 lingua
1526 1560 1649 1607 sua,
1698 1559 1798 1598 nec
1830 1542 1957 1597 fecit
1999 1558 2127 1613 pro-

544 1640 693 1693 ximo
726 1654 826 1693 suo
862 1638 1087 1693 malum.
1126 1657 1145 1689 ι
1180 1636 1316 1691 Nam
1370 1653 1475 1691 non
1530 1645 1738 1690 tantum
1790 1636 2031 1705 linguam
2093 1649 2123 1688 a

544 1731 829 1786 mendacio
859 1747 1050 1801 puram
1077 1730 1279 1785 habere
1302 1730 1455 1783 illum
1481 1736 1715 1798 oportet,
1749 1742 1938 1782 verum
1957 1726 2120 1781 etiam

545 1832 784 1876 mentem
814 1841 828 1877 :
867 1838 895 1877 a
924 1823 1049 1879 dolo
1084 1832 1264 1878 autem
1298 1833 1351 1877 et
1383 1821 1574 1875 fraude
1620 1819 1838 1889 penitus
1883 1818 2120 1871 alienum

544 1930 685 1979 esse,
720 1923 779 1966 ut
821 1914 939 1984 ipse
998 1916 1211 1969 nullum
1271 1913 1534 1969 damnum
1597 1910 1846 1982 proximo
1902 1908 2122 1964 inferat.

541 2005 850 2060 Admodum
878 2014 1246 2076 congruenter
1277 2018 1405 2059 vero
1436 2002 1618 2058 cordis
1674 2000 1909 2070 primum
1972 2014 2127 2053 men-

546 2096 749 2149 tionem
785 2093 935 2159 l'ecit,
968 2095 1166 2150 deinde
1213 2095 1432 2165 lingua},
1465 2101 1519 2147 et
1567 2091 1782 2146 tandem
1838 2090 2071 2144 actionis
2108 2108 2122 2144 :

545 2204 682 2256 opus
708 2188 850 2241 enim
879 2188 1135 2256 praecedit
1158 2203 1362 2252 sermo,
1386 2200 1696 2242 sermonem
1730 2184 1913 2238 a'utem
1945 2199 2123 2237 mens.

551 2296 569 2328 ι
611 2276 675 2332 Et
699 2278 1053 2348 cpprolnium
1114 2293 1221 2331 non
1264 2276 1471 2346 accepit
1528 2275 1790 2330 adversus
1846 2275 2127 2344 proximos

545 2384 698 2425 suos.
740 2390 758 2422 ι
805 2371 860 2425 Si
908 2386 1038 2425 vero
1098 2370 1265 2441 aliqui
1314 2370 1367 2424 in
1419 2368 1782 2424 calamitatem
1830 2366 2125 2437 quamdam

545 2460 859 2525 inciderint,
892 2462 1122 2517 irridere
1163 2470 1217 2516 et
1248 2461 1513 2517 insultare
1538 2475 1646 2514 non
1680 2459 1837 2515 decet
1870 2477 1883 2512 :
1938 2474 2125 2513 verum

543 2553 728 2623 potius
761 2554 1037 2609 maestitia:
1070 2552 1392 2623 participem
1441 2567 1583 2618 esse,
1644 2551 1953 2606 secundum
1986 2552 2131 2620 Apo-

543 2647 666 2701 stoli
695 2647 864 2716 legem
897 2657 957 2711 ω,
992 2661 1115 2715 qum
1140 2645 1295 2717 jubet
1320 2645 1505 2715 lugere
1534 2659 1657 2699 cum
1685 2644 2020 2714 lugentibus.

616 2736 782 2793 Vens.
816 2739 871 2793 ό.
913 2757 932 2790 ι
978 2739 1057 2793 Ad
1092 2738 1324 2792 nihilum
1368 2737 1626 2791 redactus
1669 2745 1754 2792 est
1800 2737 1854 2789 in
1895 2750 2128 2805 conspe-

543 2840 633 2886 ctu
672 2831 793 2901 ejus
828 2831 1123 2902 malignus.
1159 2849 1177 2882 ι
1218 2829 1273 2885 Si
1297 2830 1424 2901 quis
1473 2844 1604 2884 vero
1636 2829 1878 2899 iniquam
1905 2827 2131 2897 elegerit

540 2923 731 2988 vitam,
777 2923 924 2977 hunc
955 2922 1329 2977 miserrimum
1391 2937 1640 2985 censeas,
1687 2921 1813 2975 licet
1870 2918 2130 2975 secundis

543 3013 726 3069 ventis
782 3013 1015 3077 feratur,
1077 3028 1347 3068 summam
1406 3012 1618 3067 habens
1685 3012 2126 3081 prosperitatem.

2228 530 2368 590 εἶναι
2401 536 2591 589 τοῦτον
2624 534 2928 606 προτήκει;
2970 534 3146 596 ποίοις
3177 533 3573 605 ἐπιτηδεύμασι
3612 551 3814 608 κεχρη-

2230 627 2427 698 μένον;
2481 626 2774 695 Σκήνωμα
2818 626 2927 697 γὰρ
2969 625 3060 679 τὸν
3103 625 3199 679 τοῦ
3233 623 3368 679 Θεοῦ
3409 628 3814 699 προσαγορεύει

2226 719 2382 773 ναόιν
2416 718 2552 787 ὄρος
2582 718 2640 772 δὲ
2673 718 2868 787 ἅγιον,
2900 717 3001 789 τὴν
3034 717 3413 790 Ἰερουσαλήμ.
3460 717 3618 773 Οὕτω
3646 722 3817 776 πυθό-

2229 827 2389 882 μενος
2417 810 2633 880 δέχεται
2660 810 2758 882 τὴν
2782 810 3076 882 ἀπόκρισιν
3096 828 3115 842 ο

2299 901 2364 973 β’.
2411 922 2431 955 ι
2464 903 2841 973 Πορευόμενος
2888 904 3143 975 ἄμωμος,
3183 905 3281 958 καὶ
3323 904 3693 975 ἐργαζόμενος
3734 907 3821 960 δι-

2226 992 2543 1066 καιοσύνην.
2576 1013 2596 1047 ι
2628 996 2744 1062 Δεῖ,
2770 995 2925 1066 φησὶ,
2951 996 3043 1050 τὸν
3071 995 3314 1050 τοιοῦτον
3341 996 3688 1068 ἀπηλλάχθαι
3714 1016 3820 1051 κα-

2225 1087 2370 1152 κίας,
2420 1087 2515 1142 καὶ
2550 1087 2747 1159 μώμου
2778 1088 2980 1152 παντὸς
3007 1087 3293 1161 ἐλεύθερον
3339 1086 3501 1155 εἶναι,
3542 1092 3725 1143 πᾶσαν
3758 1090 3814 1144 δὲ

2224 1178 2428 1249 ἀρετὴν
2474 1178 2755 1249 ἐπιμελῶς
2791 1179 3060 1249 μετιέναι,
3109 1180 3222 1252 Τὴν
3272 1179 3383 1252 γὰρ
3413 1180 3818 1249 δικαιοσύνην

2225 1270 2462 1325 ἐνταῦθα
2494 1272 2595 1342 τὴν
2624 1271 2839 1326 τελείαν
2871 1272 3074 1345 ἀρετὴν
3108 1272 3399 1345 ὀνομάζει·
3450 1274 3646 1345 ἀμέλει
3681 1274 3810 1328 ταύ-

2224 1382 2323 1435 της
2349 1364 2418 1418 τὰ
2445 1365 2560 1434 εἴδη
2594 1365 2838 1431 διέξεισι.

2295 1463 2365 1525 γ’.
2431 1476 2449 1508 ι
2496 1456 2690 1511 Λαλῶν
2723 1454 2986 1526 ἀλήθειαν
3020 1457 3080 1509 ὲν
3124 1455 3323 1528 καρδίᾳ.
3363 1456 3533 1510 αὑτοῦ
3560 1473 3574 1489 ο
3623 1457 3683 1521 ὃς
3714 1458 3818 1513 οὐκ

2225 1549 2486 1602 ὲδόλωσεν
2537 1549 2595 1601 ὲν
2646 1548 2870 1621 γλώσσῃ
2917 1548 3108 1611 αὐτοῦ,
3159 1548 3254 1601 καὶ¹
3310 1549 3412 1602 οὐκ
3457 1548 3686 1620 ἐποίησε
3736 1551 3818 1619 τῷ

2227 1638 2652 1711 πλησίοναύτοῦ
2698 1639 2867 1693 κακόν
2887 1637 2950 1694 ⁸³.
2998 1657 3016 1690 ι
3075 1638 3199 1711 Χρὴ
3230 1637 3340 1710 γὰρ
3385 1640 3548 1693 αὑτὸν
3584 1639 3818 1710 ψεύδους

2229 1731 2328 1801 μὲν
2358 1729 2652 1800 ἐλευθέραν
2686 1729 2831 1799 ἔχειν
2885 1729 2958 1800 μὴ
2998 1730 3156 1799 μόνον
3209 1729 3309 1801 τὴν
3366 1730 3637 1798 γλῶτταν,
3676 1731 3817 1785 ἀλλά

2227 1824 2322 1877 καὶ
2351 1822 2522 1894 αὐτὴν
2551 1822 2650 1894 τὴν
2679 1823 2922 1877 διάνοιαν
2943 1840 2955 1852 ·
3010 1823 3167 1876 δόλου
3195 1822 3254 1875 δὲ
3285 1824 3379 1877 καὶ
3411 1823 3641 1893 διπλόης
3673 1842 3815 1878 παν-

2224 1914 2397 1978 τελῶς
2430 1913 2780 1985 ἀπηλλάχθαι
2806 1930 2819 1943 ⁸
2856 1913 2997 1968 ὥστε
3026 1915 3299 1986 μηδεμίαν
3328 1915 3458 1987 παρ’
3486 1916 3650 1969 αὑτοῦ
3682 1916 3815 1987 βλάο

2227 2006 2329 2077 ϐην
2356 2008 2436 2069 εἰς
2464 2006 2556 2059 τὸν
2589 2006 2757 2070 πέλας
2789 2011 3006 2077 χωρεῖν.
3046 2006 3208 2060 Μάλα
3237 2006 3296 2061 δὲ
3327 2006 3641 2072 ἀκολούθως
3674 2026 3815 2078 καροο

2224 2097 2344 2161 δίας
2379 2097 2759 2168 ἐμνημόνευσε
2806 2097 3048 2169 πρῶτον,
3094 2092 3211 2152 εἶτα
3244 2098 3512 2170 γλώττης,
3563 2100 3657 2152 καὶ
3686 2099 3813 2153 τότε

2226 2188 2326 2257 τῆς
2354 2187 2608 2258 πράξεως
2637 2202 2650 2216 ⁸
2702 2186 2865 2257 ἔργου
2896 2186 3007 2258 γὰρ
3034 2188 3252 2257 ἡγεῖται
3285 2187 3466 2255 λόγος,
3509 2187 3670 2257 λόγου
3699 2188 3754 2241 δὲ
3785 2191 3818 2241 ό

2226 2279 2375 2343 νοῦς.
2419 2297 2438 2330 ι
2472 2279 2582 2332 Καὶ
2604 2279 2905 2349 ὀνειδισμὸν
2927 2280 3027 2332 οὐκ
3054 2278 3245 2333 ἔλαϐεν
3272 2280 3362 2333 ἐπὶ
3385 2282 3496 2344 τοῖς
3515 2280 3562 2311 ⁸³
3586 2281 3819 2350 ἔγγιστα

2228 2368 2421 2424 αὐτοῦ.
2454 2387 2473 2421 ι
2518 2371 2581 2423 Et
2614 2370 2670 2423 δὲ
2702 2370 2797 2424 καί
2824 2388 2932 2425 τινι
2969 2374 3230 2443 συμφορᾷ
3265 2389 3409 2437 τινες
3438 2374 3819 2443 περιπέσοιεν,

2230 2462 2615 2531 ἐπικερτομεῖν
2662 2462 2721 2516 οὺ
2766 2462 2851 2516 δεῖ
2907 2463 3003 2516 καὶ
3035 2464 3419 2530 ἐπεμϐαίνειν,
3448 2464 3586 2517 ἀλλά
3613 2465 3820 2536 μᾶλλον

2230 2554 2509 2607 κοινωνεῖν
2537 2554 2637 2623 τῆς
2667 2553 2928 2624 ἀθυμίας,
2954 2555 3099 2609 κατὰ
3115 2553 3205 2607 τὸν
3231 2555 3595 2610 ἁποστολικὸν
3623 2556 3818 2626 νόμον,

2229 2646 2321 2699 τὸν
2348 2644 2751 2716 παρεγγυῶντα
2786 2646 2997 2700 κλαίειν
3035 2648 3176 2717 μετά
3210 2647 3530 2703 κλαιόντων.

2298 2738 2363 2791 δ’.
2429 2756 2446 2788 ι
2489 2737 2878 2802 Ὲξουδένωται
2934 2738 3167 2793 ἐνώπιον
3215 2739 3379 2793 αὐτοῦ
3428 2743 3535 2805 πᾶς
3553 2740 3599 2772 ⁸⁸
3648 2758 3818 2811 πονη-

2232 2830 2546 2902 ρευόμενος.
2581 2848 2599 2881 ι
2648 2832 2712 2883 Et
2739 2831 2795 2884 δέ
2826 2848 2912 2894 τις
2928 2831 2972 2863 ³⁸
3006 2831 3098 2885 τὸν
3127 2832 3445 2904 παράνομον
3469 2833 3644 2886 ἕλοιτο
3678 2833 3817 2903 βίον,

2228 2923 2418 2977 τοῦτον
2453 2922 2693 2993 ἡγείσθω
2721 2922 3055 2993 τρισάθλιον,
3104 2924 3209 2978 κᾶν
3250 2922 3310 2988 ἐξ
3352 2924 3551 2995 οὑρίων
3582 2925 3821 2995 φέρηται

2229 3015 2328 3086 τὴν
2371 3015 2547 3087 ἄκραν
2595 3014 2734 3086 ἔχων
2764 3015 3091 3086 εὐημερίαν.
3140 3015 3358 3086 Ἐπειδὴ
3388 3018 3498 3087 γὰρ
3529 3017 3590 3070 τὸ
3627 3016 3822 3071 ὀνειδίο

544 3106 818 3173 Quoniam
853 3106 999 3160 enim
1024 3104 1319 3174 opprobria
1352 3103 1562 3172 rejecit,
1597 3103 1762 3174 687
1800 3102 1995 3156 merito
2026 3102 2128 3156 hoc

2232 3106 2345 3165 ζειν
2369 3106 2645 3172 ἐξέϐαλεν,
2672 3106 2899 3170 εἰκότως
2916 3108 2961 3139 ⁸⁸
2982 3106 3140 3160 τοῦτο
3165 3108 3573 3178 προστέθεικεν,
3596 3109 3820 3177 ἀγαθῶν

544 3198 819 3270 apposuit,
851 3197 1118 3251 bonorum
1154 3195 1404 3250 virorum
1437 3205 1492 3249 et
1529 3196 1801 3248 malorum
1833 3193 2128 3249 discrimen

547 3293 756 3347 docens
790 3308 805 3344 :
841 3306 860 3340 ι
897 3288 1177 3344 Timentes
1204 3296 1386 3342 autem
1440 3284 1732 3341 Dominum
1782 3285 2070 3356 glorilicat.
2105 3304 2124 3335 ι

547 3381 705 3436 I‘inm
744 3387 927 3433 autem
960 3386 1044 3431 est
1069 3392 1164 3431 eos
1194 3377 1505 3442 observare,
1539 3385 1702 3445 atque
1729 3375 1879 3428 omni
1904 3389 2131 3427 venera-

550 3476 700 3529 tione
729 3481 783 3527 et
806 3472 1016 3525 honore
1049 3469 1247 3541 dignos
1286 3476 1480 3539 putare
1504 3468 1599 3538 qui
1636 3482 1728 3523 res
1755 3466 1975 3522 divinas
2018 3466 2131 3537 plu-

550 3567 676 3622 rimi
728 3566 957 3620 faciunt.

626 3679 645 3711 ι
676 3659 781 3725 Qui
816 3658 967 3727 jurat
995 3658 1251 3728 proximo
1279 3696 1294 3721 ,
1337 3666 1391 3710 et
1423 3670 1530 3711 non
1554 3655 1779 3724 decipit.
1819 3652 2011 3727 Heus.
2038 3651 2127 3724 5.]

548 3749 654 3817 Qui
676 3749 965 3821 pecuniam
991 3763 1148 3803 suam
1175 3763 1285 3803 non
1312 3747 1462 3802 dedit
1492 3748 1558 3801 ad
1590 3762 1837 3811 usuram,
1864 3756 1917 3800 et
1941 3760 2134 3799 mune-

550 3858 612 3898 ra
651 3855 848 3897 contra
887 3842 1207 3897 innocentes
1249 3856 1355 3898 non
1398 3840 1629 3910 accepit.
1665 3857 1683 3890 ι
1736 3837 2130 3908 Jusjurandum

551 3936 768 4006 quidem
802 3936 1002 3990 veritas
1036 3934 1357 4000 conttrmet,
1388 3942 1445 3987 ct
1479 3947 1612 4002 opes
1640 3929 1867 3985 avaritia
1906 3946 2013 3984 nou
2051 3930 2133 3982 in-

549 4031 776 4099 quinet:
818 4027 977 4083 l‘cnns
1008 4037 1190 4082 autem
1226 4025 1392 4095 hujus
1429 4033 1514 4079 est
1552 4024 1785 4093 species.
1815 4020 1921 4088 Qui
1949 4030 2132 4076 autem

544 4121 756 4190 judicat
780 4162 794 4186 ,
830 4134 1059 4173 munera
1107 4133 1216 4172 non
1258 4117 1519 4187 accipiat,
1554 4124 1609 4171 et
1647 4129 1839 4185 puram
1872 4129 1902 4166 a
1937 4128 2132 4166 mune-

547 4210 702 4265 ribus
731 4209 1057 4265 sententiam
1089 4207 1354 4279 proferat.
1388 4206 1523 4261 Nam
1554 4220 1842 4261 munerum
1885 4202 2134 4272 acceptio

547 4302 818 4372 justitiam
852 4301 1172 4371 corrumpit.
1211 4317 1230 4350 ι
1261 4299 1364 4366 Qui
1398 4298 1527 4353 facit
1563 4299 1675 4352 lucc
1703 4337 1718 4363 ,
1753 4312 1864 4350 non
1894 4294 2137 4348 movebi-

550 4404 642 4448 tur
680 4394 734 4448 in
765 4403 1050 4449 aeternum.
1092 4412 1111 4445 ι
1167 4391 1344 4463 llujus
1379 4401 1561 4447 autem
1603 4388 1818 4444 virtutis
1849 4387 2133 4458 praemium

2233 3201 2448 3271 ἀνδρῶν
2482 3201 2577 3253 καὶ
2611 3201 2798 3255 κακῶν
2843 3200 3110 3256 διδάσκων
3154 3203 3423 3275 διαφοράν
3447 3219 3462 3235 ·
3520 3224 3539 3257 ι
3572 3204 3713 3268 Τοὺς
3760 3205 3820 3259 δὲ

2234 3292 2611 3363 φοϐουμένους
2640 3292 2733 3346 τὸν
2779 3292 2986 3365 Κύριον
3031 3294 3266 3361 δοξάζει.
3300 3315 3319 3348 ι
3369 3294 3652 3360 Ἀπαντας
3668 3294 3715 3329 ⁸⁷
3759 3295 3819 3350 δὲ

2231 3386 2358 3448 τοὺς
2386 3384 2515 3452 περὶ
2546 3382 2740 3437 πολλοῦ
2773 3383 2841 3435 τά
2871 3383 2990 3437 θεῖα
3020 3384 3381 3454 ποιουμένους
3420 3384 3603 3440 σέϐειν
3645 3385 3819 3452 ὅσιον,

2234 3476 2330 3529 καὶ
2361 3474 2544 3546 πάσης
2571 3475 2758 3540 ἀξιοῦν
2788 3474 2973 3539 αἰδοῦς
3005 3476 3103 3529 καὶ
3128 3476 3322 3547 τιμῆς.

2312 3668 2331 3702 ι
2366 3650 2426 3703 ’0
2454 3650 2672 3719 ὀμνύων
2707 3650 2787 3721 τῷ
2826 3649 3056 3720 πλησίον
3102 3652 3292 3717 αὑτοῦ,
3328 3652 3424 3705 καὶ
3450 3653 3553 3705 οὐκ
3586 3652 3814 3707 ἀθετῶν.

2235 3742 2348 3815 [εἴ]
2385 3742 2461 3795 Τὸ
2491 3742 2758 3813 ἀργύριον
2787 3741 2954 3795 αὑτοῦ
2984 3743 3084 3796 οὐκ
3128 3743 3328 3796 ἔδωκεν
3364 3743 3458 3796 ἐπὶ
3494 3744 3673 3813 τόκῳ,
3725 3746 3820 3797 καὶ

2233 3831 2383 3901 δῶρα
2430 3832 2517 3882 ἐπ’
2600 3829 2797 3896 θάὠοις
2831 3832 2931 3885 οὐκ
2964 3832 3147 3886 ἔλαϐε.
3184 3851 3201 3883 ι
3254 3834 3395 3897 Τοὺς
3428 3833 3526 3903 μὲν
3556 3834 3755 3904 ὅρκους
3785 3837 3818 3906 ἠ

2234 3924 2461 3995 ἀλήθεια
2490 3922 2811 3993 βεϐαιούτω,
2837 3925 2931 3976 καὶ
2953 3925 3050 3994 τὴν
3078 3926 3342 3995 εὐπορίαν
3370 3928 3403 3995 ἡ
3432 3925 3717 3992 πλεονεξία
3744 3928 3821 3999 μὴ

2239 4013 2517 4084 μολυνέτω
2533 4013 2600 4068 ⁸⁸.
2653 4008 2806 4078 Εἶδος
2837 4015 2895 4068 δὲ
2923 4014 3127 4085 ταύτης
3155 4017 3183 4069 δ
3228 4017 3410 4080 τόκος.
3449 4018 3820 4090 Ἀδωρότατος

2233 4104 2291 4157 δὲ
2323 4104 2466 4159 ἔστω
2492 4104 2750 4171 δικάζων,
2786 4105 2881 4159 καὶ⁵
2911 4106 3157 4177 καθαρὰν
3187 4105 3376 4176 δώρων
3404 4108 3689 4179 ἐκφερέτω
3722 4109 3822 4179 τὴν

2233 4198 2433 4268 ψῆφον.
2468 4199 2535 4251 Ἠ
2564 4198 2673 4266 γὰρ
2702 4198 2998 4270 δωροδοκία
3026 4198 3328 4270 διαφθείρει
3356 4200 3418 4253 τὸ
3443 4200 3672 4256 δίκαιον.
3712 4222 3733 4254 ι
3761 4201 3822 4256 ’0

2236 4289 2409 4343 ποιῶν
2439 4289 2615 4343 ταῦτα
2645 4291 2706 4343 οὐ
2734 4291 3131 4360 σαλευθήσεται
3158 4292 3237 4355 είς
3268 4293 3360 4346 τὸν
3392 4292 3585 4347 αἰῶνα.
3619 4312 3636 4344 ι
3671 4294 3791 4349 Tati

2234 4399 2336 4453 της
2377 4382 2436 4435 δὲ
2482 4378 2645 4436 ἆθλον
2692 4383 2794 4451 τῆς
2842 4384 3044 4454 ἀρετῆς
3079 4384 3140 4437 τὸ
3184 4384 3285 4453 τῆς
3319 4384 3471 4448 θείας
3500 4387 3823 4458 ἐπικουρίας

552 4495 656 4551 est,
679 4485 861 4541 divina
891 4501 991 4555 ope
1016 4486 1274 4541 continue
1300 4483 1535 4555 perfrui,
1570 4489 1626 4536 et
1653 4482 1707 4534 in
1750 4479 1937 4534 multis
1975 4477 2128 4533 tionis

2237 4474 2504 4543 διηνεκῶς
2554 4474 2875 4538 ἀπολαύειν,
2930 4475 3025 4527 καὶ
3076 4474 3135 4526 ἐν
3182 4474 3400 4537 πολλοῖς
3438 4474 3665 4541 ἀγαθοῖς
3701 4476 3823 4529 δια-

555 4577 793 4647 degere,
834 4588 888 4633 et
939 4588 1197 4632 mternam
1247 4578 1415 4631 vitam
1455 4579 1797 4641 exspectare.
1855 4571 1979 4624 llaec
2025 4584 2132 4623 non

557 4670 742 4724 minus
784 4669 944 4725 nobis
995 4685 1159 4740 quam
1219 4668 1463 4737 antiquis
1505 4671 1832 4734 congruunt.
1864 4660 2136 4728 Quoniam

553 4768 752 4829 prater
797 4760 1080 4829 antiquam
1126 4762 1302 4829 legem
1345 4760 1511 4813 etiam
1554 4769 1749 4813 novam
1800 4753 2134 4826 accepimus,

553 4860 607 4906 ct
637 4851 829 4923 majori
864 4854 1036 4923 gratia
1066 4852 1219 4923 potiti
1254 4865 1467 4906 sumus.

920 4949 956 4985 "
981 4963 1254 5020 INTERP.
1295 4960 1552 5018 PSALMI
1586 4960 1706 5017 xv.

627 5055 792 5113 Vens.
833 5058 884 5111 l.
932 5076 951 5109 ι
984 5056 1152 5110 Tituli
1183 5053 1468 5123 inscriptio
1509 5070 1524 5107 :
1562 5054 1818 5110 Psalmus
1855 5050 2066 5106 Davidi.
2108 5069 2127 5101 ι

556 5150 655 5205 llic
693 5149 909 5205 Domini
954 5158 1190 5202 mortem
1237 5156 1293 5202 et
1342 5147 1803 5204 resurrectionem
1849 5143 2132 5215 praedicit,

625 5281 666 5310 ιη
705 5269 865 5326 Rom.
902 5281 1003 5333 sn,
1039 5264 1126 5320 15.

2237 4567 2420 4636 μένειν
2441 4566 2510 4632 ⁸³,
2555 4567 2652 4619 καὶ
2682 4565 2779 4637 τὴν
2819 4564 3038 4619 αἰώνιον
3072 4566 3402 4638 προσμένειν
3430 4566 3597 4636 ζωήν.
3632 4566 3821 4621 Ταῦτα

2233 4660 2332 4729 οὐχ
2361 4652 2525 4731 ἦττον
2556 4659 2688 4729 ἡμῖν
2720 4658 2753 4730 ἢ
2789 4661 2901 4722 τοῖς
2932 4658 3101 4713 πάλαι
3127 4658 3390 4729 ἁρμόττει
3413 4674 3429 4689 ο
3460 4658 3651 4729 ἐπειδὴ
3682 4659 3819 4729 πρὸς

2232 4753 2301 4822 τῇ
2348 4752 2555 4822 παλαιᾷ
2602 4751 2698 4805 καὶ
2747 4750 2847 4822 τὴν
2906 4750 3101 4821 καινὴν
3134 4750 3459 4821 νομοθεσίαν
3489 4749 3819 4821 δεδέγμεθα,

2236 4843 2333 4898 καὶ
2367 4842 2617 4915 μείζονος
2648 4843 2869 4913 χάριτος
2903 4843 3305 4912 τετυχήκαμεν.

2575 4957 2840 5011 ΕΡΜΠΝ.
2883 4956 3023 5010 ΤΟΥ
3060 4956 3141 5010 lE'
3174 4958 3492 5012 ‘l’AAMOT.

2304 5057 2376 5104 α’.
2422 5068 2441 5101 ι
2486 5047 2894 5120 Στηλογραφία,
2946 5046 3025 5119 τῷ
3074 5047 3255 5103 Δαϐἱδ.
3303 5069 3322 5101 ι
3384 5049 3651 5103 Ἐνταῦθα
3696 5069 3828 5120 προο

2241 5144 2498 5213 αγορεύει
2530 5140 2625 5194 τοῦ
2655 5140 2928 5194 Δεσπότου
2961 5140 3024 5193 τὸ
3053 5140 3223 5204 πάθος
3254 5139 3350 5193 καὶ
3380 5140 3478 5212 τὴν
3505 5141 3827 5205 ἀνάστασιν,

1676 5384 1909 5440 VARUS
1956 5381 2343 5439 LECTIONES
2378 5379 2464 5436 ET
2509 5376 2742 5434 ΝΟΤίΕ.

623 5490 672 5527 δ’
703 5488 811 5544 Καὶ
846 5517 918 5528 -——-
946 5485 1157 5540 κακόν.
1196 5483 1323 5538 Des.
1350 5481 1404 5537 in
1435 5480 1558 5536 cod.
1587 5479 1641 5533 5.

1738 5476 1784 5507 “
1812 5474 1966 5543 Τοῖς.
1998 5476 2121 5531 cod.
2153 5473 2360 5543 δ’τούς.

2455 5470 2501 5503 ⁸⁵
2535 5470 2684 5537 Πᾶς.
2715 5469 2881 5525 Abest
2915 5483 2945 5522 a
2980 5470 3101 5523 cod.
3144 5468 3175 5537 Ι,
3210 5478 3264 5521 et
3288 5467 3343 5521 Ξ.
3438 5464 3491 5537 "_
3518 5466 3584 5537 Εἰ
3613 5465 3681 5519 δέ
3711 5484 3822 5532 τις,

562 5580 606 5613 ιι.
642 5535 810 5614 tui:
832 5535 1210 5611 Αιίζῖέὸῖιιὶιί
1245 5535 1627 5607 ίοεοῃθκειοιιι
1655 5547 1709 5600 in
1751 5546 1875 5604 cod.
1922 5535 1965 5602 ’5
1999 5562 2126 5600 ascr

2230 5535 2471 5615 riNostri
2512 5550 2566 5615 et
2615 5535 2836 5595 Eusebii
2880 5540 3136 5615 nomine._
3163 5536 3274 5615 ln_c_.
3318 5535 3585 5615 Ἐνταῦθα
3622 5537 3716 5589 ἐπὶ
3746 5538 3829 5590 ἑνὶ

989 5607 1279 5681 ile—Eadem
1309 5630 1440 5678 sunt
1467 5635 1593 5675 cum
1634 5618 1742 5671 illis
1772 5632 1893 5741 ﬂuat
1923 5626 2128 5671 exstant

561 5701 781 5741 I'nlrnm
810 5739 818 5741 .
863 5708 899 5741 ι-
927 5697 965 5741 Ι-
999 5710 1051 5741 τιΔ
1084 5695 1175 5741 5|.
1216 5693 1418 5741 Desinit
1452 5700 1631 5741 autem
1664 5703 1768 5741 anu
1843 5686 2007 5740 Cord.
2076 5685 2122 5718 ⁸⁸

2254 5613 2474 5669 Eusebii
2507 5612 2819 5667 Comment.
2862 5609 2928 5661 ad
2965 5608 3020 5662 ιι.
3057 5609 3093 5662 Ι.
3124 5610 3177 5662 in
3214 5607 3400 5663 Montl'.
3426 5607 3651 5663 Collect.
3686 5622 3831 5661 nova

2230 5686 2433 5741 κότως.
2472 5682 2633 5736 Abest
2656 5696 2688 5735 a
2713 5680 2836 5736 cod.
2876 5679 2931 5733 ‘2.
3007 5677 3052 5710 ⁸⁷
3079 5679 3399 5741 ”Λπαντας.
3431 5694 3486 5730 κ.
3517 5694 3571 5730 τ.
3606 5677 3656 5730 λ.
3702 5676 3829 5732 Hau:

561 5693 781 5756 l'iitru'm
806 5739 823 5761 ,
862 5693 900 5753 ι.
927 5697 966 5759 Ι,
999 5710 1051 5763 p.
1084 5695 1175 5749 5t.
1214 5693 1418 5763 Desunt
1452 5700 1631 5763 autem
1662 5703 1768 5763 apu

1843 5686 2007 5740 Cord.
2076 5685 2122 5718 ⁸⁸

2230 5686 2433 5749 κότως.
2472 5682 2633 5736 Abest
2656 5696 2688 5735 a
2713 5680 2836 5736 cod.
2876 5679 2931 5733 ‘2.
2970 5747 2978 5749 Α
3007 5677 3052 5710 ⁸⁷
3079 5679 3413 5749 ’Ἃῖτανιναςι
3431 5694 3486 5730 κ.
3517 5694 3571 5749 τὲ.
3606 5677 3656 5730 λ.
3702 5676 3829 5749 Hau:

565 5746 1198 5825 i‘l‘ieo'dorotribuuntur
1218 5746 1360 5836 apud
1382 5760 1545 5819 Cord.
1573 5775 1625 5830 [ι.
1654 5746 1780 5814 260.
1840 5758 2128 5817 ιδέιιολυνι

2230 5796 2241 5811 .
2266 5746 2398 5812 cod.
2417 5752 2452 5807 2
2472 5751 2751 5808 κωλυέτω.
2796 5750 2857 5827 »³⁵³³
2872 5747 2984 5806 Καὶ
3003 5747 3359 5820 -διαμέ›·ει.
3384 5746 3511 5805 Des.
3544 5746 3600 5804 in
3623 5747 3747 5804 cod.
