4090 6442
345 388 457 452 957

1729 387 1813 448 IN
1867 389 2070 451 PSAL.
2132 391 2244 453 XV.

3515 398 3620 462 958

344 500 447 554 καὶ
491 496 602 552 τῶν
649 498 730 561 είς
779 499 943 553 αὐτὸν
989 502 1435 555 πεπιστευκότων
1484 499 1588 571 τὴν
1637 498 1930 570 σωτηρίαν.

2042 515 2338 570 eorumque
2357 502 2448 571 qui
2480 502 2533 556 in
2564 502 2716 557 illum
2740 501 3097 559 crediderunt
3117 504 3374 565 salutem.
3399 506 3623 564 Colum-

344 592 513 663 Δηλοϊ
535 589 592 643 δὲ
623 591 653 662 ἡ
683 591 967 662 ἐπιγραφὴ
998 592 1136 662 πρὸς
1160 593 1236 662 τῷ
1258 591 1473 663 θανάτῳ
1501 591 1596 645 καὶ
1626 591 1726 662 τὴν
1753 590 1932 659 νίκην.

344 684 525 755 Στήλη
573 684 683 754 γὰρ
717 683 779 736 ού
831 684 1025 752 τάφοις
1070 685 1375 738 ἐπιτίθεται
1416 685 1619 755 μόνοις,
1665 682 1804 737 ἀλλὰ
1844 682 1937 736 καὶ

343 775 577 830 νικῶσιν
606 775 910 839 ἀνίσταται,
947 777 1041 829 καὶ
1072 777 1380 847 γράμματα
1408 775 1620 846 δέχεται
1648 775 1749 844 τὴν
1779 774 1937 845 νίκην

344 869 476 931 τοὺς
518 867 849 936 ἀγνοοῦντας
887 868 1230 923 διδάσκοντα.
1283 867 1455 922 Τοῦτο
1495 864 1791 937 τοιγαροῦν
1835 883 1937 937 ση-

350 960 597 1030 μαίνει⁵⁹
626 961 659 1030 ἡ
690 959 793 1029 τῆς
824 959 1228 1031 στηλογραφίας
1262 960 1569 1030 ἐπιγραφή.

429 1157 450 1189 ι
478 1136 719 1201 Φύλαξὼι
764 1154 854 1208 με,
903 1136 1099 1211 Κύριε,
1134 1139 1218 1191 ὃτι
1267 1138 1361 1190 ἐπὶ
1415 1139 1499 1192 σοι
1547 1137 1770 1210 ἤλπισα.
1817 1136 1933 1210 [β’.]

344 1224 496 1282 Εἴπα
525 1227 605 1298 τῷ
633 1228 849 1299 Κυρίῳ,
900 1227 1106 1301 Κύριός
1140 1247 1243 1299 μου
1274 1224 1325 1283 εἳ
1365 1229 1451 1283 σύ.
1499 1248 1518 1281 ι
1577 1230 1674 1283 Ἐκ
1717 1228 1936 1298 προσώ-

344 1338 450 1374 που
467 1322 512 1354 "
565 1319 662 1374 τοῦ
711 1320 960 1392 Σωτῆρος
1008 1322 1225 1394 εἴρηται
1266 1321 1573 1391 ὀψαλμὸςο
1623 1322 1840 1392 εἴρηται
1879 1322 1937 1374 δὲ

340 1413 489 1467 κατά
517 1411 580 1465 τὸ
626 1411 971 1483 ἀνθρώπειον
987 1414 1067 1446 ⁸⁸·
1105 1412 1296 1486 ὥσπερ
1326 1411 1392 1468 αὖ
1406 1415 1453 1448 ⁵³
1489 1414 1716 1468 τοιαῦτα
1765 1413 1937 1467 πολλά

338 1504 440 1556 καὶ
469 1504 529 1557 ὲν
551 1505 666 1566 τοῖς
697 1505 866 1574 ἱεροῖς
892 1503 1248 1572 Εὐαγγελίοις
1278 1505 1607 1576 εὑρίσκομεν
1639 1521 1654 1537 ο
1698 1504 1937 1563 τοιοῦτόν

339 1596 461 1649 ἐστι
492 1595 586 1649 καὶ
612 1596 673 1648 τό
692 1611 708 1626 ο
751 1614 772 1648 ε
800 1596 1005 1667 Πάτερ.
1033 1598 1081 1650 εἰ
1120 1597 1367 1664 δυνατὸν,
1403 1598 1726 1669 παρελθέτω
1746 1597 1809 1650 τὸ
1836 1613 1935 1650 πο-

337 1687 532 1757 τήριον
564 1686 725 1740 τοῦτο
748 1687 844 1740 ἀπ’
870 1688 1005 1757 ἐμοῦ
1026 1705 1040 1719 ·
1081 1688 1220 1760 πλὴν
1247 1690 1343 1759 οὐχ
1375 1689 1450 1753 ὡς
1484 1689 1596 1759 ἐγὼ
1625 1689 1784 1756 θέλω,
1820 1690 1935 1744 ἀλλ’

335 1777 415 1840 ὡς
459 1777 546 1830 σύ.
577 1797 597 1830 ι
633 1777 777 1831 Καί·
816 1797 833 1830 ι
865 1779 1241 1850 Πορεύομαιδδ
1268 1781 1404 1853 πρὸς
1437 1781 1530 1834 τὸν
1573 1782 1791 1852 Πατέρα
1832 1798 1934 1851 μου

2039 605 2124 645 nte
2144 603 2325 645 autem
2356 594 2641 662 inscriptio
2663 605 2862 664 printer
2887 606 3115 652 mortem
3144 599 3429 654 victoriam
3455 601 3620 655 etiam

2037 680 2399 738 demonstrat.
2422 681 2690 737 Columna
2728 686 2871 739 enim
2913 703 3021 741 non
3053 689 3321 758 sepulcris
3351 691 3485 745 solis
3516 691 3623 744 im-

2039 772 2296 840 ponitur,
2333 788 2520 827 verum
2566 775 2916 833 vincentibus
2948 778 3111 833 etiam
3157 781 3424 850 erigitur,
3474 782 3622 837 litte-

2040 880 2240 934 rasque
2304 866 2603 935 insculptas
2656 869 2880 938 recipit.
2935 885 3055 938 quae
3091 873 3397 928 nescientes
3443 873 3620 929 victo-

2037 956 2173 1010 riam
2196 956 2412 1012 docent.
2429 957 2541 1014 lloc
2566 960 2749 1030 itaque
2765 961 3047 1031 inscriptio
3058 963 3433 1037 στηλογραφία
3453 966 3622 1038 signi-

2039 1046 2183 1102 ﬁcat.

2113 1156 2131 1190 ι
2170 1139 2445 1193 Conserva
2481 1154 2586 1202 me.
2624 1141 2887 1210 Domine,
2919 1145 3175 1214 quoniam
3210 1149 3421 1218 speravi
3458 1149 3511 1203 in
3545 1157 3617 1203 te.

2039 1225 2229 1298 [Vens
2261 1226 2345 1300 2.]
2385 1227 2503 1283 Dixi
2542 1231 2714 1302 683
2757 1231 3030 1288 Domino:
3076 1234 3341 1293 Dominus
3371 1253 3523 1294 meus
3557 1254 3620 1295 es

2040 1326 2116 1370 tu.
2150 1335 2168 1366 ι
2214 1316 2289 1370 Ex
2323 1333 2551 1386 persona
2585 1318 2887 1375 Salvatoris
2914 1321 3095 1378 dictus
3127 1333 3212 1379 est
3245 1325 3330 1380 hic
3352 1326 3619 1395 psalmus,

2036 1403 2133 1459 sed
2172 1406 2478 1476 secundum
2522 1405 2817 1461 humanam
2849 1408 2971 1478 ejus
3001 1418 3250 1463 naturam
3283 1428 3296 1465 :
3339 1413 3480 1466 sicut
3512 1412 3621 1465 alia

2038 1495 2207 1549 multa
2237 1503 2290 1550 ct
2320 1495 2374 1548 in
2406 1495 2578 1549 sacris
2600 1495 2912 1568 Evangeliis
2946 1499 3281 1554 invenimus.
3316 1501 3380 1553 Et
3406 1501 3510 1554 tale
3539 1511 3624 1554 est

2038 1589 2169 1644 illud
2206 1607 2221 1644 :
2270 1608 2287 1641 ι
2326 1589 2488 1644 Pater
2509 1630 2524 1654 ,
2552 1591 2597 1644 si
2646 1591 2762 1646 ﬁeri
2796 1597 3010 1661 potest,
3043 1603 3284 1648 transeat
3306 1609 3335 1648 a
3367 1608 3454 1648 me
3480 1594 3621 1647 calix

2038 1680 2142 1735 iste
2186 1697 2201 1733 :
2251 1693 2628 1735 verumtamen
2670 1697 2779 1736 non
2816 1691 2877 1736 ut
2908 1697 3007 1753 ego
3035 1683 3193 1749 volo,
3229 1683 3321 1738 sed
3347 1693 3406 1736 ut
3436 1693 3491 1737 tu
3518 1692 3567 1739 η.
3598 1701 3619 1736 ι

2040 1773 2106 1827 Et
2147 1789 2161 1825 :
2205 1791 2223 1823 ι
2254 1770 2406 1827 Vado
2446 1773 2512 1827 ad
2554 1773 2768 1827 Patrem
2806 1790 2986 1828 meum
3019 1784 3075 1829 et
3098 1773 3315 1833 Patrem
3351 1784 3621 1840 vestrum,

337 1868 438 1922 καὶ
473 1868 695 1939 Πατέρα
724 1869 897 1940 ὑμῶν,
934 1843 1030 1923 καὶ
1073 1843 1209 1924 ὸεόν
1245 1843 1348 1940 μου
1387 1843 1493 1925 καὶ
1532 1870 1665 1924 Θεὸν
1695 1843 1869 1941 ὑμῶν.
1906 1889 1925 1921 ι

2039 1864 2211 1920 Deum
2254 1880 2436 1919 meum
2477 1876 2531 1921 et
2573 1866 2745 1921 Deum
2795 1877 3040 1922 vestrum
3077 1877 3118 1920 °.
3153 1885 3172 1920 ι
3218 1867 3420 1923 Eodem
3460 1868 3625 1923 modo

336 1959 533 2022 Οὖτως
558 1959 889 2031 εὑρίσκομεν
920 1960 1080 2014 αὑτὸν
1114 1961 1408 2032 εὐχόμενον
1441 1961 1705 2032 συνεχῶς,
1739 1963 1834 2016 καὶ
1862 1962 1930 2019 τὰ

333 2049 544 2119 γόνατα
571 2050 915 2119 κάμπτοντα.
942 2050 1069 2106 Ὅτι
1098 2052 1156 2105 δὲ
1202 2056 1301 2121 τῆς
1332 2052 1683 2125 ἀνθρωπίνης
1715 2054 1932 2123 φύσεως

333 2139 535 2208 ταῦτα,
566 2140 662 2194 καὶ
689 2141 751 2194 ού
779 2142 878 2213 τῆς
901 2143 1184 2208 ἀνενδεοῦς
1237 2145 1514 2216 θεότητος,
1547 2147 1575 2200 ὁ
1603 2146 1930 2211 Ἀπόστολος

333 2234 587 2287 διδάσκει
613 2236 822 2303 σαφῶς.
845 2236 1009 2305 Λέγει
1028 2236 1085 2291 δὲ
1109 2239 1282 2302 οὕτως
1304 2240 1362 2292 ὲν
1382 2242 1450 2311 τῇ
1478 2239 1615 2309 πρὸς
1645 2239 1931 2310 Ἐϐραίους

333 2323 664 2395 Ἐπιστολῇ·
699 2344 718 2377 ι
766 2327 864 2389 Ὃς
899 2328 956 2380 ὲν
984 2329 1106 2391 ταῖς
1134 2329 1373 2399 ἡμέραις
1399 2330 1498 2400 τῆς
1530 2329 1730 2401 σαρκὸς
1765 2328 1929 2385 αὑτοῦ

332 2414 557 2485 δεήσεις
585 2432 643 2468 τε
688 2416 782 2469 καὶ
826 2418 1167 2488 ἱκετηρίας⁶⁵
1194 2419 1330 2490 πρὸς
1361 2420 1453 2473 τὸν
1489 2419 1789 2491 δυνάμενον
1824 2418 1933 2473 σώ-

334 2507 457 2571 ζειν
482 2506 644 2561 αὐτὸν
680 2510 744 2562 ἐκ
793 2507 1026 2562 θανάτου
1081 2509 1224 2579 μετά
1270 2512 1520 2583 κραυγῆς
1574 2513 1801 2585 ἰσχυρᾶς
1837 2512 1932 2567 καὶ

332 2596 594 2669 δακρύων
617 2599 1024 2668 προσενεγκὼν,
1055 2600 1148 2655 καὶ
1174 2601 1549 2665 εἰσακουσθεὶς
1580 2603 1686 2657 ἀπὸ
1712 2604 1812 2672 τῆς
1838 2603 1930 2656 εὕ-

333 2688 563 2753 λαὸείας
583 2705 599 2721 ⁸
649 2690 851 2761 καίπερ
882 2691 1011 2756 Υἱὸς
1047 2690 1144 2756 ὢν,
1179 2692 1384 2762 ἔμαθεν
1417 2694 1511 2764 ἀφ’
1535 2687 1609 2747 ὧν
1638 2693 1808 2748 ἔπαθε
1833 2696 1932 2765 τὴν

336 2778 614 2848 ὑπακοὴν,
646 2778 740 2833 καὶ
769 2779 1077 2845 τελειωθεὶς
1114 2783 1330 2851 ἐγένετο
1363 2783 1498 2836 πᾶσι
1534 2784 1649 2846 τοῖς
1692 2782 1932 2837 ὑπακού-

330 2887 494 2923 ουσιν
532 2869 683 2941 αὐτῷ
723 2871 896 2935 αἴτιος
939 2872 1217 2944 σωτηρίας
1258 2874 1502 2928 αἰωνίου.
1537 2891 1557 2925 ι
1613 2874 1931 2945 Ἐτελειώθη

331 2960 396 3014 δὲ
426 2960 526 3031 οὐχ
557 2959 586 3012 6
612 2960 718 3032 πρὸ
748 2960 854 3014 τῶν
886 2963 1098 3016 αἰώνων
1131 2964 1334 3026 τέλειος
1369 2963 1501 3028 Θεὸς
1530 2965 1723 3034 Λόγος,
1756 2966 1871 3019 ἀλλ’
1894 2968 1928 3038 ἡ

329 3051 431 3107 τοῦ
463 3052 654 3107 δούλου
688 3054 894 3125 μορφὴ,
934 3054 1171 3127 ἀπαθὴς,
1213 3056 1309 3109 καὶ
1343 3057 1639 3126 ἄφθαρτος,
1676 3058 1770 3112 καὶ
1799 3058 1934 3113 ἀθά-

332 3163 498 3209 νατος
527 3146 817 3217 γενομένη.
868 3146 1056 3200 Ταῦτα
1099 3147 1278 3200 τοίνυν
1328 3147 1431 3219 ἔφη
1478 3149 1800 3218 δεδρακέναι
1840 3150 1931 3203 τὸν

333 3236 546 3305 Κύριον
591 3236 649 3287 ἐν
694 3237 815 3298 ταῖς
849 3235 1086 3305 ἡμέραις
1127 3236 1228 3305 τῆς
1269 3236 1494 3307 σαρκὸς,
1537 3238 1702 3308 ἡνίκα
1741 3237 1932 3306 θνητὸν

332 3323 452 3397 εἶχε
475 3328 535 3379 τὸ
562 3325 746 3398 σῶμα.
773 3327 1077 3398 Τοιγαροῦν
1102 3327 1422 3398 ἀνθρώπινα
1442 3327 1610 3381 ταῦτα
1634 3329 1850 3383 ἅπαντα
1861 3330 1931 3394 ⁵⁸,

331 3417 430 3470 καὶ
473 3417 536 3469 οὐ
592 3416 961 3488 θεοπρεπῆ⁸⁷.
1008 3416 1166 3470 Οῦτω
1212 3418 1395 3471 τοίνυν
1442 3419 1537 3472 καὶ
1584 3420 1641 3472 ὲν
1674 3419 1932 3491 τῷδε.τῷ

336 3507 543 3579 ψαλμῷ
576 3510 722 3561 αἰτεῖ
759 3508 1124 3580 φυλαχθῆναι,
1163 3511 1256 3564 καὶ
1297 3512 1391 3582 ὑφ’
1433 3510 1629 3565 ἑαυτοῦ
1667 3512 1931 3580 φυλάττε·

336 3616 446 3653 ται.
487 3599 646 3652 Αἰτεῖ
677 3597 777 3669 μὲν
804 3598 914 3670 γὰρ
942 3598 1019 3662 ὡς
1049 3598 1336 3671 ἄνθρωπος
1371 3619 1385 3632 ·
1429 3601 1612 3656 δίδωσι
1640 3602 1695 3655 δὲ
1723 3602 1821 3674 τὴν
1850 3601 1932 3656 αῖ-

331 3707 494 3760 τησιν
547 3689 624 3754 ὡς
678 3691 811 3754 Θεός
847 3707 861 3720 ’
930 3692 1277 3757 εὐδοκοῦντος
1352 3694 1594 3763 δηλονότι
1660 3696 1753 3749 καλ⁸
1804 3713 1930 3749 συν-

331 3781 630 3853 εργοῦντος
648 3782 693 3813 ⁵⁸
726 3781 823 3834 τοῦ
852 3784 1054 3838 οἰκείου
1088 3785 1323 3856 Πατρός.
1354 3786 1427 3838 Τὸ
1440 3786 1484 3818 ⁸⁸
1516 3786 1573 3838 δέ
1605 3803 1668 3855 γε
1687 3803 1703 3818 ·
1744 3805 1761 3839 ι
1786 3782 1929 3840 Εἷπα

332 3873 416 3943 τῷ
433 3874 648 3945 Κυρίῳ,
673 3875 877 3947 Κύριός
908 3894 1011 3943 μου
1036 3872 1086 3929 εἴ
1114 3877 1198 3931 σύο
1233 3897 1250 3930 ι
1276 3877 1418 3932 ἔοικε
1441 3878 1534 3949 τῷ·
1565 3899 1583 3931 ι
1615 3878 1927 3949 Πορεύομαι

339 3965 482 4035 προς
510 3965 598 4017 τὸν
628 3967 757 4019 Θεόν
786 3986 889 4039 μου
935 3970 1031 4022 καὶ
1075 3968 1209 4023 Θεὸν
1246 3969 1420 4040 ὑμῶν.
1454 3989 1472 4021 ι
1506 4000 1568 4011 -
1605 3988 1623 4021 ι
1664 3970 1788 4025 ’Ότι
1820 3969 1927 4023 τῶν

340 4054 566 4123 ἀγαθῶν
597 4074 698 4127 μου
722 4060 782 4114 οὐ
812 4060 1003 4132 χρείαν
1033 4061 1196 4132 ἔχεις.
1229 4081 1247 4114 ι
1291 4062 1573 4133 Ἀνενδεὴς
1605 4061 1715 4134 γὰρ
1749 4062 1928 4133 ὑπάρ-

336 4165 456 4221 χεις
469 4148 536 4214 ⁸⁸,
570 4150 667 4204 καὶ
693 4153 791 4220 τῆς
818 4153 1165 4224 ἀνθρωπίνης
1191 4152 1541 4224 δικαιοσύνης
1570 4154 1629 4206 οὐ
1662 4153 1886 4225 χρῄζεις
1909 4171 1923 4186 °

334 4238 455 4293 ἀλλ’
478 4240 560 4294 ὅτι
593 4239 659 4294 ἄν
677 4259 760 4304 τις
791 4241 993 4311 ἀγαθὸν
1019 4242 1230 4314 δράσοι,
1262 4242 1428 4307 αὐτὸς
1451 4243 1723 4297 ὀνίναται·
1759 4243 1843 4297 σοὶ
1869 4243 1926 4298 δὲ

331 4328 530 4401 κέρδος
569 4330 818 4386 ἐντεῦθεν
832 4332 877 4363 ⁶¹
913 4332 1085 4388 οὐδέν.
1124 4331 1295 4386 Τοῦτο
1328 4333 1384 4386 δὲ
1413 4334 1441 4386 ὁ
1474 4333 1769 4405 Σύμμαχος
1805 4333 1924 4386 ἐτέ-

336 4438 448 4493 ρως
480 4424 831 4494 ἡρμήνευσεν
858 4440 873 4454 ⁸
931 4442 951 4476 ι
982 4424 1228 4493 Ἀγαθόν
1266 4442 1370 4492 μοι
1412 4425 1525 4479 οὐκ
1570 4424 1743 4479 ἐστιν
1775 4423 1924 4479 ἄνευ

2039 1957 2217 2027 ipsum
2256 1957 2564 2027 reperimus
2595 1959 2943 2013 continenter
2981 1960 3397 2029 deprecantem,
3435 1969 3490 2015 et
3529 1975 3624 2031 ge-

2038 2062 2148 2102 nua
2182 2045 2513 2103 ﬂectentem.
2548 2046 2811 2104 Humana?
2852 2060 3033 2105 autem
3065 2059 3273 2106 naturae
3312 2050 3431 2106 haec
3469 2066 3623 2117 esse,

2038 2151 2139 2191 nec
2169 2135 2236 2190 ad
2268 2136 2609 2192 divinitatem
2634 2177 2649 2201 ,
2679 2153 2802 2207 qua:
2830 2138 2977 2192 nulla
3003 2152 3062 2192 re
3094 2138 3320 2207 indiget,
3351 2148 3621 2206 spectare,

2039 2229 2338 2298 Apostolus
2368 2240 2553 2300 aperte
2577 2229 2759 2285 docet.
2794 2230 2932 2285 Dicit
2957 2238 3137 2284 autem
3172 2230 3253 2286 sic
3284 2229 3339 2284 in
3378 2228 3621 2299 Epistola

2038 2322 2105 2376 ad
2148 2319 2454 2377 Hebraeos:
2502 2339 2521 2373 ι
2548 2319 2652 2388 Qui
2702 2323 2755 2381 in
2798 2322 2997 2377 diebus
3033 2321 3218 2377 carnis
3273 2336 3385 2376 sua:
3433 2335 3622 2390 preces

2038 2410 2576 2480 supplicationesque
2603 2408 2668 2462 ad
2697 2424 2820 2463 eum
2864 2409 2955 2479 qui
3009 2416 3195 2478 posset
3228 2407 3378 2461 illum
3410 2407 3620 2461 salvum

2038 2501 2217 2558 facere
2249 2518 2280 2556 a
2319 2511 2493 2557 morte
2521 2539 2536 2564 ,
2579 2516 2705 2556 cum
2760 2501 3004 2555 clamore
3044 2499 3225 2555 valido
3269 2509 3322 2554 et
3363 2498 3624 2569 lacrymis

2037 2590 2290 2656 offerens,
2326 2591 2615 2644 exauditus
2652 2597 2734 2644 est
2771 2603 2870 2659 pro
2898 2605 2997 2645 sua
3027 2590 3353 2645 reverentia.
3394 2587 3460 2642 Et
3496 2588 3623 2657 qui-

2039 2685 2157 2737 dem
2189 2698 2314 2738 cum
2347 2690 2491 2736 esset
2520 2680 2690 2736 Filius
2711 2682 2830 2744 Dei,
2859 2681 3049 2736 didicit
3079 2696 3142 2736 ex
3181 2681 3246 2735 iis
3269 2696 3392 2750 quae
3427 2694 3625 2749 passus

2037 2781 2121 2828 est
2150 2773 2514 2828 obedientiam
2536 2811 2552 2837 ,
2581 2783 2634 2827 et
2665 2780 3077 2826 consummatus
3114 2770 3289 2825 factus
3329 2778 3413 2825 est
3443 2771 3624 2823 omni-

2038 2861 2144 2917 bus
2188 2861 2697 2932 obtemperantibus
2733 2861 2811 2915 illi
2834 2875 2998 2917 causa
3039 2861 3233 2916 salutis
3267 2870 3480 2913 mternm
3510 2868 3559 2913 Ρ,
3598 2877 3616 2909 ι

2038 2952 2458 3007 Consummatus
2480 2959 2561 3006 est
2590 2959 2792 3016 autem,
2823 2966 2929 3006 non
2960 2951 3101 3005 Deus
3131 2949 3368 3004 Verbum
3397 2949 3488 3019 qui
3521 2963 3621 3002 an-

2039 3052 2092 3101 te
2125 3044 2327 3100 saecula
2368 3044 2639 3114 perfectus
2669 3051 2819 3109 erat,
2849 3059 3038 3098 verum
3084 3041 3258 3097 forma
3297 3043 3478 3109 servi,
3516 3043 3622 3094 im-

2039 3136 2302 3206 patibilis,
2328 3136 2663 3205 incorrupta,
2693 3144 2747 3190 et
2778 3135 3103 3190 immortalis
3130 3134 3339 3188 ell‘ecta.
3370 3131 3497 3188 Hzec
3524 3132 3624 3204 igi-

2038 3237 2125 3282 tur
2163 3230 2239 3283 ait
2278 3227 2525 3282 ell‘eeisse
2562 3227 2850 3281 Dominum
2902 3227 2954 3280 in
3008 3227 3201 3281 diebus
3244 3225 3457 3289 carnis,
3499 3237 3621 3278 cum

2035 3321 2267 3376 mortale
2317 3320 2510 3374 habuit
2550 3334 2769 3388 corpus.
2815 3318 3064 3373 llumana
3110 3317 3293 3386 itaque
3333 3324 3463 3371 sunt
3506 3310 3623 3370 ιιωὰ

2032 3412 2215 3468 omnia
2242 3452 2256 3475 ,
2310 3427 2411 3467 nec
2450 3410 2561 3465 Deo
2594 3411 2994 3466 convenientia.
3040 3409 3133 3464 Sic
3169 3424 3298 3478 ergo
3338 3418 3394 3464 et
3426 3408 3481 3462 in
3518 3407 3624 3462 hoc

2034 3506 2246 3575 psalmo
2278 3515 2334 3558 ut
2359 3513 2713 3559 conservetur
2741 3504 3004 3573 postulat,
3038 3515 3090 3557 et
3127 3518 3155 3556 a
3183 3504 3367 3573 seipso
3396 3516 3625 3556 conser-

2035 3607 2214 3650 vatur.
2240 3596 2487 3649 Postulat
2511 3594 2655 3648 cniin
2690 3603 2750 3648 ut
2775 3595 2960 3659 homo,
2989 3595 3305 3665 petitionem
3339 3607 3466 3648 vero
3492 3606 3626 3647 con-

2032 3688 2176 3742 cedit
2214 3696 2273 3740 ut
2317 3687 2463 3740 Deus
2490 3728 2505 3749 ,
2561 3695 2924 3740 concurrente
2957 3685 3206 3740 videlicet
3254 3685 3396 3738 bona
3444 3682 3624 3737 Patris

2029 3779 2307 3832 voluntate
2323 3786 2376 3832 et
2398 3792 2585 3847 opera.
2600 3775 2768 3846 689
2791 3777 2921 3829 Illud
2939 3787 3120 3831 autem
3143 3795 3157 3831 :
3182 3794 3202 3827 ‹
3217 3775 3335 3829 Dixi
3358 3775 3619 3830 Domino:

2031 3870 2296 3927 Dominus
2333 3886 2487 3925 meus
2517 3885 2577 3924 es
2607 3882 2663 3922 tu
2688 3908 2702 3933 ,
2739 3888 2758 3921 ι
2791 3869 2865 3922 illi
2900 3868 3046 3923 dicto
3071 3910 3086 3937 ,
3120 3886 3139 3920 ι
3171 3866 3323 3922 Vado
3354 3866 3620 3921 ad-Deum

2032 3976 2213 4014 meum
2258 3966 2311 4014 ct
2352 3959 2521 4013 Deum
2562 3966 2804 4013 vestrum
2829 3969 2886 4019 (ι,
2918 3978 2936 4009 ι
2985 3957 3256 4025 congruit.
3306 3974 3323 4007 ι
3352 3954 3622 4021 Quoniam

2029 4051 2188 4107 bonis
2216 4051 2354 4105 meis
2385 4065 2494 4104 non
2518 4050 2753 4120 indiges.
2789 4069 2808 4102 ι
2837 4050 2972 4104 Nam
3009 4048 3267 4103 omnibus
3301 4044 3624 4107 bonis‘cum

2029 4146 2234 4213 alliuas,
2258 4147 2498 4202 humana
2526 4148 2546 4167 ⁴
2583 4145 2799 4217 justitia
2826 4159 2936 4199 non
2971 4145 3200 4214 indiges.
3235 4142 3434 4199 Verum
3458 4143 3625 4213 ηιιίιιε

2028 4239 2156 4309 quid
2192 4240 2395 4294 bonum
2428 4239 2627 4309 aliquis
2654 4238 2881 4303 fecerit,
2911 4240 3027 4309 ipse
3058 4238 3284 4307 juvatur
3306 4279 3321 4302 ,
3363 4237 3459 4291 tibi
3494 4250 3628 4289 vero

2028 4330 2238 4385 nullum
2292 4329 2423 4384 hinc
2465 4331 2895 4384 emolumentum
2946 4328 3215 4397 provenit.
3271 4325 3387 4381 Hoc
3439 4335 3622 4380 autent

2029 4423 2394 4495 Symmachus
2418 4424 2573 4477 aliter
2594 4424 2982 4493 interpretatus
3005 4432 3087 4477 est
3108 4440 3120 4475 :
3148 4420 3353 4475 Bonum
3375 4420 3503 4474 mihi
3520 4436 3623 4474 non

331 4528 472 4569 σου.
499 4514 677 4579 Πᾶσα,
706 4514 863 4585 φησὶ,
894 4514 1003 4568 τῶν
1049 4513 1272 4583 ἀγαθῶν
1311 4516 1344 4586 ἡ
1379 4515 1526 4587 φορὰ
1571 4515 1661 4569 διὰ
1695 4516 1795 4584 τῆς
1825 4516 1923 4585 σῆς

2035 4524 2105 4569 est
2136 4516 2251 4570 sine
2276 4525 2344 4569 te.
2374 4513 2568 4570 Omnis
2589 4556 2606 4580 ,
2638 4516 2851 4585 inquit,
2881 4515 3154 4570 bonorum
3185 4513 3521 4568 abundantia
3552 4513 3625 4567 ob

332 4603 573 4674 ὑπάρχει
608 4622 699 4677 μοι
727 4606 974 4676 χάριτος.
1012 4605 1324 4677 Ἀμφότερα
1354 4605 1411 4658 δὲ
1441 4606 1613 4659 ταῦτα
1630 4607 1674 4637 θ’
1704 4605 1806 4675 τῆς
1833 4606 1926 4659 εύ-

334 4693 555 4757 σεὸείας
581 4695 785 4766 ἔχεται.
817 4696 927 4750 Καὶ
959 4697 1123 4767 ἡμεῖς
1148 4694 1258 4767 γὰρ
1286 4697 1435 4766 παρὰ
1463 4695 1557 4748 τοῦ
1590 4695 1726 4749 Θεοῦ
1743 4697 1789 4728 ⁸³
1817 4696 1924 4750 τῶν

329 4785 556 4853 ἀγαθῶν
580 4787 951 4858 ἀπολαύομεν,
982 4787 1076 4841 καὶ
1104 4786 1270 4851 αὐτὸς
1296 4786 1396 4856 τῆς
1421 4786 1697 4858 ἡμετέρας
1724 4786 1928 4841 δικαιο-

327 4879 575 4949 πραγίας
595 4879 658 4932 οὐ
689 4879 914 4951 χρῄζει·
942 4880 1103 4951 χάριν
1132 4877 1317 4946 μέντοι
1342 4878 1443 4950 τῆς
1476 4879 1752 4950 ἡμετέρας
1782 4880 1926 4950 ὠφε·

324 4969 484 5034 λείας
507 4969 718 5044 ταύτην
743 4971 1047 5044 νομοθετεῖ.
1701 4998 1712 5007 -

400 5127 432 5161 υ
457 5121 651 5181 Matth.
682 5142 834 5194 xxvi,
865 5126 956 5183 59.

2035 4619 2185 4663 tuam
2215 4607 2445 4679 gratiam
2478 4608 2610 4662 mihi
2647 4609 2810 4663 inest.
2860 4608 3103 4678 Utraque
3132 4615 3315 4662 autem
3349 4605 3626 4676 expositio

2033 4698 2180 4764 pium
2220 4698 2384 4753 habet
2423 4712 2668 4754 sensum.
2699 4697 2836 4751 Nam
2876 4708 2930 4754 et
2966 4713 3068 4753 nos
3099 4713 3128 4752 a
3162 4696 3272 4752 Deo
3305 4697 3448 4751 bona
3480 4695 3622 4751 ret-ia

2031 4788 2242 4858 pimus,
2287 4797 2342 4843 et
2383 4789 2500 4858 ipse
2550 4789 2757 4846 nostris
2783 4788 2951 4858 justis
3000 4790 3258 4860 operibus
3303 4804 3409 4843 non
3456 4794 3617 4857 eget:

2035 4891 2255 4951 propter
2308 4890 2553 4937 nostram
2604 4898 2732 4937 vero
2778 4884 3074 4939 utilitatem
3127 4885 3270 4940 hanc
3313 4883 3487 4954 legem
3518 4920 3535 4949 ,
3562 4887 3622 4938 ut

2034 4972 2173 5027 bene
2205 4972 2496 5040 faciamus,
2531 4976 2839 5032 constituit.

1038 5136 1065 5163 °
1094 5126 1253 5183 Joan.
1284 5144 1353 5183 xx
1377 5168 1394 5194 ,
1433 5129 1518 5184 17.
1562 5140 1591 5180 ι)
1621 5127 1786 5185 Hebr.
1821 5145 1885 5196 v,
1929 5129 2047 5186 7-9.
2088 5140 2115 5180 ιι
2143 5127 2305 5185 Joan.
2341 5144 2409 5182 xx
2437 5169 2453 5194 ,
2482 5129 2571 5182 Π.

1433 5304 1673 5363 VARUE
1713 5305 2109 5364 LEC‘IIONES
2151 5306 2236 5363 ET
2273 5305 2504 5364 ΝΟΤΛΕ.

411 5448 459 5523 '_°
488 5450 792 5523 Σημαίγει.
828 5452 953 5523 cod.
984 5453 1007 5504 Ι
1044 5450 1156 5523 et}
1181 5450 1387 5523 addunt
1419 5450 1641 5523 μᾶλλον.
1714 5450 1758 5523 ’ξ
1923 5475 1930 5503 .-

2035 5452 2277 5517 σώπου,
2302 5469 2357 5523 κ.
2390 5449 2443 5504 λ.
2488 5449 2572 5523 Ab
2605 5448 2691 5504 his
2727 5448 2913 5523 verbis
2940 5444 3482 5523 incipit_qommcnt.
3539 5438 3607 5493 ad

331 5537 386 5593 τί.
420 5519 474 5586 1,
509 5514 716 5593 inferni.
742 5521 1045 5593 ’ὅμοιοι-ἱρῷ
1077 5519 1261 5593 Nostri
1302 5514 1458 5593 aeque
1488 5537 1564 5593 ac
1595 5521 1812 5576 Eusebii
1840 5530 1894 5576 et
1929 5514 2131 5593 A'sterii
2163 5514 2407 5593 nomine,
2448 5521 2550 5593 etsi
2588 5527 2740 5593 tmus
2770 5519 2873 5593 iste
2901 5514 3071 5593 locus
3096 5516 3161 5571 ad
3195 5514 3446 5593 Nostrum
3485 5523 3610 5593 per-

327 5588 523 5661 tinent.
566 5658 585 5661 _
619 5591 666 5623 ⁸¹
704 5591 829 5646 cod.
860 5592 896 5644 2
930 5588 1293 5661 ἀνθρώπινον.

1389 5593 1437 5624 ⁵³
1461 5586 1570 5647 Λῦ.
1601 5593 1771 5646 Abest
1806 5606 1835 5645 a
1881 5595 2004 5647 cod.
2034 5592 2086 5646 2.

2189 5578 2622 5671 ⁸³ΑΠορὲύομιξι.
2667 5588 2801 5671 Rec.
2832 5589 2993 5671 lectio
3034 5587 3278 5671 l."c;‘est
3303 5578 3604 5671 ἀναραίιξυ.

326 5659 379 5691 ⁴³
407 5659 533 5729 eod.
559 5658 595 5713 Ε).
626 5661 858 5723 ἱκεσίας.
917 5661 965 5694 ⁸⁵⁸
985 5647 1281 5717 ’Ᾰπαντιλ
1304 5660 1473 5717 Abest
1494 5677 1524 5716 a
1549 5661 1671 5715 cod.
1698 5662 1752 5716 1.
1828 5662 1874 5694 ⁵⁷
1903 5663 1930 5701 ’⁸η

2054 5647 2537 5729 δὲ-υοεοεὲρεπῆ,
2566 5659 2689 5715 Des.
2723 5662 2776 5714 in
2808 5660 2927 5714 cod.
2959 5658 3012 5711 3.
3069 5655 3116 5729 ξε
3136 5647 3605 5729 Σῃιιερτοῦῖςοςο

324 5728 455 5803 cod.
485 5728 521 5783 9.
551 5718 1001 5803 εὐεργετοῦντοςὲ
1051 5733 1120 5803 AA”
1158 5729 1232 5785 Τὸ
1262 5731 1341 5803 Δδέ
1371 5747 1455 5803 γε.
1488 5731 1660 5803 Abest
1689 5747 1719 5785 a
1749 5730 1870 5803 cod.
1908 5733 1928 5787 l

2036 5733 2082 5764 ⁸⁵
2113 5732 2236 5803 cod.
2272 5732 2322 5795 l,
2344 5718 2391 5803 ἒ
2413 5718 2729 5803 κὺτὲᾁρχων..
2754 5729 2962 5803 omisso
2993 5724 3107 5782 καί.
3181 5723 3225 5754 θ’
3259 5718 3601 5803 Ἐντεῦθεν.

324 5798 555 5881 Abesta
591 5800 714 5858 cod.
755 5800 807 5858 l.
878 5802 922 5884 ξ’
958 5799 1175 5859 Ταῦτα.
1209 5798 1391 5881 Abest:
1420 5817 1452 5861 a
1481 5801 1641 5861 codd.
1682 5802 1907 5859 nostris.

2052 5801 2224 5859 Θεοῦ.
2254 5802 2374 5859 cod.
2406 5801 2430 5857 ι
2469 5798 2621 5858 addit
2658 5800 2766 5855 τῶν
2798 5799 2957 5856 ὅλων.
3549 5801 3553 5804 ’
