4090 6420
320 380 429 445 961

1705 378 1789 437 1ῗῆ
1823 380 2031 439 PSAL.
2073 382 2197 439 XV.

3507 384 3614 449 962

320 493 581 546 θάνατον.
615 484 773 541 Οὕτω
805 484 915 557 γὰρ
944 484 1039 539 καὶ
1071 484 1131 539 ἐν
1166 485 1280 547 τοῖς
1324 484 1487 553 lapsi;
1507 484 1555 516 ⁸³
1591 483 1780 551 ἔλεγεν
1817 485 1917 537 Εὑ-

2030 487 2161 540 ealix
2206 487 2306 541 iste
2344 495 2391 540 ³.
2424 486 2490 558 ι)
2534 485 2740 559 [Quasi
2799 485 3043 556 apertius
3088 487 3336 558 diceret:
3379 489 3447 545 Et
3481 509 3617 548 mea:

319 581 641 650 αγγελίοις·
697 598 715 631 ι
759 579 965 649 Πάτερ,
1007 578 1055 630 εἰ
1103 577 1349 639 δυνατὸν,
1403 577 1725 647 παρελθέτω
1755 577 1920 630 τοῦτο

316 674 383 727 τδ
411 674 676 743 ποτήριον
693 671 741 703 ⁸⁸
772 670 870 724 ἀπ’
899 668 1058 739 ἐμοῦ.
1099 687 1119 719 ι
1164 667 1404 739 [Ὡσεὶδδ
1438 668 1772 737 σαφέστερον
1809 667 1921 719 ἔλε-

317 782 449 834 γεν’
484 764 596 818 Καὶ
625 763 728 832 τῆς
756 762 898 832 ἐμῆς
930 759 1284 828 Ἑκκλησίας,
1316 760 1439 829 ἥτις
1468 758 1618 811 ἐστὶν
1652 760 1686 828 ἡ
1723 758 1920 826 κληρο-

317 857 492 927 νομία
544 873 671 926 μου,
711 852 869 925 μερίς
901 854 1051 905 ἐστιν
1082 854 1110 906 6
1147 851 1352 921 Κύριος
1382 867 1395 880 ·
1447 853 1477 905 6
1522 852 1684 913 αὐτὸς
1732 851 1789 904 δὲ
1824 850 1919 904 καί¹

315 949 416 1001 τοῦ
441 948 709 1018 ποτηρίου
745 962 872 1015 μου,
900 942 1274 998 τουτέστιιτοῦ
1310 943 1541 997 θανάτου
1576 943 1736 1012 μερὶς
1766 957 1921 1010 γεγε-

317 1039 557 1110 νημένος
585 1042 612 1093 ὁ
635 1036 856 1108 αὑτός]
893 1055 911 1088 ι
941 1037 1015 1090 Σὺ
1038 1031 1088 1088 εἴ
1116 1037 1146 1088 6
1169 1035 1560 1090 άποκαθιστῶν
1586 1036 1687 1106 τὴν
1713 1034 1915 1105 κληρο-

317 1132 521 1203 νομίαν
556 1149 660 1203 μου
696 1132 841 1202 ἐμοὶ.
881 1150 899 1181 ι
952 1131 1067 1183 Οὐκ
1099 1126 1275 1183 εἶπεν·
1307 1131 1337 1182 6
1364 1129 1565 1194 διδοὺς,
1616 1128 1755 1192 ἀλλ’,
1793 1146 1811 1179 ι
1857 1128 1915 1181 '0

317 1221 714 1276 ἀποκαθιστῶν
745 1221 907 1292 τὴν⁸⁶
936 1220 1305 1292 κληρονομίαν
1339 1237 1463 1291 μου.
1496 1238 1516 1272 ι
1558 1220 1779 1291 Ἐπειδὴ
1807 1220 1915 1289 γάρ

319 1314 487 1378 εὐθὺς
535 1304 966 1384 δημιουργηθεὶς
1011 1315 1041 1366 6
1095 1312 1403 1384 ἄνθρωπος,
1451 1312 1710 1366 ἁπάντων
1756 1311 1917 1364 ἔλαϐε

317 1408 423 1474 τὴν
453 1404 727 1470 ἐξουσίαν,
751 1406 848 1459 καὶ
870 1404 1018 1475 ζωὴν
1046 1401 1193 1475 εἶχεν
1215 1404 1485 1458 ἀθάνατον
1512 1421 1525 1434 ο
1572 1403 1713 1473 μετὰ
1740 1403 1797 1455 δὲ
1821 1403 1919 1474 τὴν

320 1497 643 1567 παράϐασιν
672 1496 1001 1566 ἀμφοτέρων
1028 1496 1280 1562 ἐξέπεσε,
1315 1496 1411 1548 καὶ
1437 1495 1536 1563 τῆς
1576 1495 1918 1556 δεσποτείας,

2029 576 2288 631 Ecclesiae
2312 618 2325 638 ,
2357 594 2479 644 quae
2518 588 2601 631 est
2637 578 2926 632 haereditas
2958 594 3076 632 mea
3097 619 3113 644 ,
3143 594 3274 648 pars
3308 591 3390 636 est
3427 580 3604 637 Domi-

2019 686 2160 735 nus,
2203 671 2294 738 qui
2325 670 2490 724 etiam
2528 671 2714 724 ealicis
2753 672 2879 733 mei,
2919 673 3019 728 hoc
3056 681 3142 728 est
3173 675 3405 741 mortis,
3445 690 3612 745 pars,

2019 762 2249 830 ipsemet
2282 761 2456 816 factus
2485 760 2632 833 est.]
2669 780 2687 812 ι
2721 761 2801 817 Τυ
2828 779 2919 828 es,
2949 765 3041 833 qui
3087 767 3345 821 restitues
3384 768 3617 823 haeredi-

2020 860 2182 905 tatem
2224 868 2400 907 meam
2444 853 2601 931 mihi.
2649 873 2666 906 ι
2707 852 2825 908 Non
2885 857 3028 911 dixit
3070 876 3084 912 :
3141 860 3236 929 qui
3293 861 3427 927 das,
3478 862 3611 927 sed,

2022 962 2039 993 ι
2064 943 2168 1008 Qui
2201 944 2458 999 restitues
2482 946 2856 1000 luereditatem
2886 964 3120 1004 meam.)
3140 951 3410 1018 Quoniam
3441 955 3612 1023 enim,

2021 1050 2145 1090 cum
2186 1036 2421 1103 primum
2452 1039 2708 1093 conditus
2739 1038 2842 1093 fuit
2870 1040 3054 1105 homo,
3086 1046 3332 1099 omnium
3372 1056 3614 1116 potesta-

2022 1134 2129 1180 tem
2160 1128 2373 1195 accepit
2394 1167 2408 1189 ,
2446 1136 2499 1180 et
2525 1136 2785 1182 aeternam
2821 1129 3013 1185 habuit
3044 1132 3240 1199 vitam,
3269 1147 3393 1204 post
3421 1151 3616 1205 pecca-

2023 1226 2138 1271 tum
2191 1229 2372 1272 autem
2423 1220 2674 1289 utrisque
2717 1220 2921 1275 excidit
2975 1221 3254 1293 (imperio
3301 1226 3512 1282 scilicet
3559 1236 3617 1284 et

2023 1312 2169 1383 vita)
2196 1354 2210 1376 ,
2251 1313 2519 1367 Dominus
2549 1324 2608 1369 ut
2644 1315 2810 1370 homo
2845 1331 2947 1386 pro
2980 1317 3219 1372 humana
3252 1330 3448 1375 natura
3481 1338 3614 1394 pre-

2027 1420 2119 1459 ces
2160 1404 2373 1468 fundit,
2410 1407 2703 1475 pristinam
2732 1408 2902 1463 vitam
2950 1417 3006 1463 et
3043 1409 3334 1479 imperium
3363 1422 3423 1469 ut
3463 1428 3618 1469 recu-

2031 1506 2183 1564 peret
2218 1498 2527 1565 postulans.

320 1589 552 1657 καὶτῆς
591 1587 779 1657 ζωῆςο
824 1587 1181 1659 ἀνθρωπίνως
1231 1589 1260 1642 6
1307 1588 1587 1655 Δεσπότης
1636 1588 1778 1658 ὑπὲρ
1814 1587 1916 1656 τῆς
1956 1588 2307 1659 ἀνθρωπείας
2364 1589 2408 1619 ⁸⁷
2477 1589 2695 1658 φύσεως
2732 1593 2969 1645 ποιεῖται
3012 1593 3112 1663 τὴν
3159 1594 3400 1662 αἴτησιν,
3449 1596 3618 1664 ἀξιῶν

320 1679 624 1735 ἀπολαϐεῖν
652 1678 750 1750 τὴν
777 1681 1054 1751 προτέραν
1093 1678 1242 1749 ζωήν
1275 1695 1336 1732 τε
1364 1679 1461 1732 καὶ
1498 1678 1841 1760 δεσποτείαν.

398 1782 475 1841 ς’.
524 1794 544 1827 ι
591 1775 808 1844 Σχοινία
842 1774 1086 1828 ἐπέπεσέ
1117 1773 1165 1806 ⁸⁸
1213 1791 1304 1845 μοι
1343 1776 1403 1828 ὲν
1450 1777 1563 1836 τοῖς
1605 1775 1922 1845 κρατίστοις

2093 1772 2260 1828 Vens.
2308 1773 2362 1827 6.
2420 1792 2439 1824 ι
2474 1773 2654 1828 Funes
2690 1774 3008 1829 ceciderunt
3058 1775 3194 1831 mihi
3243 1777 3297 1831 in
3335 1779 3616 1848 prmclaris

325 1885 437 1938 μου
458 1883 471 1896 ο
503 1866 601 1921 καὶ
624 1866 734 1937 γάρ
756 1866 790 1937 ἠ
820 1865 1159 1939 κληρονομία
1195 1883 1297 1937 μου
1324 1867 1594 1938 κρατίστη
1621 1868 1711 1936 μοί
1732 1868 1869 1923 ἐστι.
1896 1884 1916 1918 ι

320 1961 552 2030 Ταύτης
580 1958 790 2022 ἕνεκεν,
826 1959 986 2028 φησὶ,
1018 1963 1117 2031 τῆς
1152 1959 1541 2030 κληρονομίας,
1571 1959 1673 2022 τὰς
1714 1961 1924 2029 παρού-

323 2069 431 2116 σας
459 2052 729 2123 ἐδεξάμην
760 2050 1059 2115 ἐπιϐουλάς
1079 2068 1092 2082 ·
1120 2053 1329 2122 σχοινὲα
1360 2050 1471 2121 γὰρ
1499 2050 1598 2114 τὰς
1629 2051 1925 2115 ἐπιϐουλάς

320 2144 591 2215 ὀνομάζει
609 2160 625 2174 ·
658 2141 836 2208 οὕτως
862 2142 960 2197 καὶ
988 2143 1047 2197 ὲν
1077 2143 1250 2214 ἑτέρῳ
1274 2141 1425 2212 λέγει
1449 2141 1673 2214 ψαλμῷ·
1710 2163 1728 2193 ι
1764 2144 1925 2213 Σχοι-

320 2238 420 2294 νία
451 2235 799 2308 ἁμαρτωλῶν
826 2233 1280 2307 περιεπλάκησάν
1325 2251 1438 2305 μοι,
1483 2235 1577 2289 καὶ
1614 2234 1711 2289 τοῦ
1754 2235 1922 2305 νόμου

325 2345 430 2384 σου
477 2330 580 2383 οὐκ
627 2327 1001 2399 ἐπελαθόμην.
1055 2345 1076 2379 ι
1126 2326 1293 2396 Λέγει
1339 2327 1544 2391 τοίνυν,
1581 2326 1665 2380 ὃτι
1704 2326 1923 2397 Ταύτης

322 2424 497 2479 ἕνεκα
523 2422 626 2493 τῆς
665 2420 969 2492 κρατίστης
998 2419 1391 2495 κληρονομίας,
1431 2418 1529 2473 καὶ
1558 2418 1659 2488 τῆς
1688 2417 1797 2471 τῶν
1826 2421 1925 2474 ἀν·

324 2514 572 2587 θρὼπων
618 2514 780 2587 χάριν
829 2513 1127 2584 σωτηρίας,
1162 2511 1262 2575 τὰς
1299 2510 1583 2583 παρούσας
1627 2510 1923 2575 ἐπιϐουλάς

324 2608 618 2679 ὑπομένω.

402 2701 472 2766 ζ’.
518 2719 537 2753 ι
585 2699 884 2772 Εὑλογήσω
916 2699 1010 2753 τδν
1052 2697 1258 2770 Κύριον
1297 2696 1391 2750 τὸν
1424 2696 1782 2750 συνετίσαντά
1816 2713 1920 2767 με’

326 2795 415 2849 ἔτι
441 2795 499 2862 δὲ
527 2793 620 2847 καὶ
642 2793 749 2857 ἕως
778 2793 972 2854 νυκτὸς
1003 2788 1335 2845 ἐπαίδευσαν
1368 2807 1436 2860 με
1457 2789 1507 2843 oi
1528 2789 1717 2860 νεφροί
1745 2806 1869 2859 μου.
1895 2808 1916 2842 ι

338 2885 490 2940 Ἀλλ’
521 2886 568 2919 ⁸*
594 2884 746 2956 ὅμως
777 2884 825 2917 ⁹⁶
859 2882 967 2938 ὑπὸ
992 2881 1089 2936 τοῦ
1142 2880 1349 2951 Κυρίου
1399 2879 1781 2950 σοφιζόμενος,
1826 2881 1924 2933 καὶ

322 2976 582 3047 ἀρίστοις
613 2973 899 3045 χρώμενος
916 2971 1224 3042 λογισμοῖς,
1251 2972 1351 3041 τῆς
1376 2969 1472 3023 τοῦ
1496 2968 1705 3033 πάθους
1727 2969 1924 3032 νυκτὸς

2025 1865 2195 1930 meis,
2232 1867 2435 1920 etenim
2481 1866 2775 1922 baereditas
2814 1882 2933 1922 mea
2978 1869 3240 1937 praeclara
3283 1881 3368 1926 est
3402 1873 3556 1928 mihi.
3592 1893 3613 1926 ι

2032 1971 2050 2003 ι
2084 1950 2279 2021 Hujus,
2309 1953 2509 2024 inquit,
2543 1940 2875 2010 haereditatis
2900 1971 3064 2012 causa
3087 1997 3105 2025 ,
3142 1969 3441 2027 praesentes
3468 1962 3620 2018 insi—

2024 2046 2145 2101 dias
2175 2048 2457 2116 amplexus
2483 2062 2629 2103 sum.
2674 2046 2852 2103 Funes
2888 2048 3035 2103 enim
3066 2050 3297 2106 insidias
3335 2054 3610 2109 nominat.

2027 2138 2287 2193 Similiter
2328 2148 2382 2193 et
2437 2139 2491 2193 in
2530 2140 2639 2195 alio
2679 2140 2890 2210 psalmo
2925 2142 3001 2195 ait
3036 2159 3049 2194 :
3099 2160 3119 2193 ι
3156 2141 3338 2199 Funes
3366 2155 3619 2214 peccato-

2026 2245 2146 2283 rum
2182 2230 2417 2300 amplexi
2457 2240 2585 2286 sunt
2619 2246 2740 2297 me,
2773 2241 2827 2284 et
2860 2232 2994 2303 legis
3027 2242 3132 2288 tua)
3172 2250 3280 2289 non
3316 2251 3435 2290 sum
3477 2239 3618 2292 obli-

2028 2329 2115 2375 tus
2137 2329 2186 2374 1.
2218 2339 2237 2372 ι
2273 2321 2413 2377 Dicit
2440 2320 2628 2392 igitur,
2665 2320 2898 2392 Propter
2927 2323 3068 2379 hanc
3097 2323 3261 2395 692
3293 2328 3614 2395 praeclaram

2024 2411 2423 2478 hereditatem,
2458 2422 2624 2484 atque
2657 2415 2726 2470 ob
2759 2415 3046 2471 hominum
3076 2418 3307 2472 salutem
3329 2458 3345 2483 ,
3378 2435 3620 2489 praesen-

2026 2512 2107 2558 tes
2142 2504 2370 2560 insidias
2404 2505 2674 2560 sustineo.

2096 2676 2263 2733 Vens.
2301 2680 2351 2734 7.
2405 2698 2424 2730 ι
2467 2679 2789 2737 Benedicant
2846 2682 3080 2741 Domino
3114 2688 3210 2759 qui
3253 2690 3445 2745 tribuit
3478 2692 3613 2748 mihi

2024 2767 2350 2824 intellectum
2374 2810 2389 2836 ,
2428 2772 2657 2842 insuper
2695 2781 2753 2829 et
2797 2790 2971 2846 usque
3013 2779 3081 2832 ad
3128 2788 3342 2835 noctem
3380 2784 3619 2855 castiga-

2024 2867 2154 2914 runt
2180 2875 2266 2915 me
2294 2876 2453 2917 renes
2486 2863 2612 2917 mei.
2657 2883 2676 2917 ι
2711 2863 3106 2922 Verumtamen
3144 2884 3176 2924 a
3216 2866 3449 2927 Domino
3483 2874 3618 2929 edo-

2025 2960 2170 3015 ctus,
2199 2964 2253 3006 et
2278 2953 2503 3022 optimis
2529 2956 2956 3026 cogitationibus
2989 2969 3320 3026 nsus,nocte
3342 2963 3619 3031 passionis

326 3045 947 3138 neptéeopat.,Nﬁxta
991 3062 1102 3133 γὰρ
1152 3062 1379 3116 ἐκάλεσε
1426 3061 1488 3115 τὸ
1531 3060 1770 3131 ζοφῶδες
1814 3061 1922 3115 τῶν

2030 3046 2280 3114 superior
2310 3061 2425 3099 ero.
2467 3045 2684 3102 Noctem
2714 3049 2886 3116 enim,
2912 3054 3278 3109 tentationum
3303 3056 3615 3113 obscurita-

330 3126 684 3230 πείρασμῶν.
722 3155 932 3227 Μηδεὶς
958 3126 1018 3209 δέ
1046 3126 1392 3227 άνάρμοστον
1425 3126 1669 3226 ἡγείσθω
1699 3154 1763 3207 τὸ
1794 3170 1919 3207 συν-

2030 3144 2133 3191 tem
2174 3137 2484 3207 appellavit.
2527 3138 2698 3195 Nemo
2737 3150 2919 3196 autem
2955 3144 3060 3198 hoc
3095 3144 3397 3201 absurdum
3428 3157 3615 3217 putet,

327 3248 614 3313 ετίζεσθαι
664 3246 810 3301 κατὰ
848 3247 948 3317 τὴν
982 3244 1331 3317 ἀνθρωπείαν
1376 3244 1542 3315 φύσιν
1582 3245 1676 3299 τὸν
1716 3243 1924 3299 Δεσπό-

328 3358 435 3412 την
462 3342 509 3373 "
542 3339 808 3411 Χριστὸν,
840 3337 1058 3392 ἁκούων
1090 3335 1185 3391 τοῦ
1218 3338 1508 3392 θεσπεσίου
1536 3339 1723 3392 Λουκᾶ
1741 3338 1927 3406 λέγον·-

330 3450 460 3498 τος·
498 3452 519 3486 ι
572 3431 782 3504 Ἰησοῦς
812 3430 871 3484 δὲ
900 3431 1210 3502 προέκοπτε
1243 3431 1409 3503 σοφίᾳ
1437 3432 1530 3485 καὶ
1557 3431 1745 3505 χάριτι
1775 3430 1929 3501 παρὰ

335 3527 458 3599 Θεῷ
501 3526 598 3582 καὶ
644 3524 978 3597 ἀνθρώποις.
1032 3542 1054 3579 ι
1111 3524 1429 3579 Ἀκουσάτω
1470 3524 1527 3577 δὲ
1562 3523 1730 3579 αὑτοῦ
1764 3525 1930 3580 πάλιν

337 3615 610 3684 λέγοντος,
644 3613 728 3667 ὅτι
759 3612 1103 3668 δεὰιάσαντα
1136 3613 1289 3684 παρὰ
1326 3613 1391 3667 τὸ
1419 3613 1609 3679 πάθος,
1646 3615 1741 3668 καὶ
1771 3614 1929 3687 ίδρώ-

337 3723 513 3760 σαντα
547 3703 826 3777 θρόμϐους
873 3705 1132 3776 αἵματος,
1191 3704 1425 3774 ἄγγελος
1472 3704 1787 3775 προσελθὼν
1830 3706 1930 3760 ὐπ-

336 3797 640 3870 εστήριξεν
658 3798 726 3854 ’⁸.
749 3796 816 3852 El
829 3796 887 3852 δὲ
909 3796 1214 3867 ἀγγελικῆς
1231 3796 1426 3869 ἐδεήθη
1450 3798 1646 3869 ῥοπῆς,
1668 3798 1758 3851 ἵνα
1776 3798 1928 3869 δείξῃ

336 3891 442 3957 τὴν
470 3886 633 3956 φύσιν
665 3887 766 3958 τῆς
793 3885 890 3941 τοῦ
930 3885 1121 3941 δούλου
1154 3887 1407 3959 μορφῆς·
1439 3886 1622 3959 πολλῷ
1658 3887 1929 3959 δήπουθεν

269 4028 276 4034 .
342 3978 507 4050 παρὰ
536 3977 637 4048 τῆς
683 3977 998 4051 ὲνοικούσης
1045 3979 1303 4050 θεότητος
1336 3981 1640 4051 ἐσοφίζετο.
1681 3980 1930 4053 Ἀνθρω-

346 4086 452 4132 πος
482 4067 593 4140 γὰρ
622 4066 697 4123 ὣν
726 4071 818 4124 καὶ
859 4068 1015 4135 Θεὸς,
1048 4069 1334 4140 ἐσοφίζετο
1381 4071 1481 4141 μὲν
1509 4069 1586 4133 ὼς
1615 4067 1926 4140 ἄνθρωπος,

340 4160 500 4232 πηγὴ
529 4159 587 4213 δὲ
621 4161 815 4230 σοφίας
847 4156 917 4233 ἦν
949 4161 1025 4225 ὡς
1065 4161 1221 4226 Θεός.

411 4258 585 4324 η’-ια’.
644 4270 665 4304 ι
729 4252 1089 4325 Προωρώμην
1137 4252 1232 4306 τὸν
1272 4253 1482 4324 Κύριον
1544 4253 1778 4307 ἐνώπιόν
1825 4271 1928 4324 μου

336 4342 655 4409 διαπαντὸς,
680 4343 761 4397 ὅτι
791 4344 856 4396 ἐκ
880 4342 1072 4410 δεξιῶν
1097 4341 1201 4413 μού
1229 4343 1377 4397 ἐστιν
1414 4343 1500 4397 ἴνα
1539 4343 1614 4414 μὴ
1660 4340 1925 4397 σαλευθῶ.

2027 3226 2305 3283 Christum
2344 3227 2632 3284 Dominum
2674 3232 2973 3287 secundum
3013 3234 3312 3291 humanam
3363 3248 3617 3294 naturam

2026 3320 2274 3386 erudiri,
2317 3335 2442 3375 cum
2494 3322 2682 3377 audiat
2730 3323 2975 3379 divinum
3031 3323 3234 3381 Lucam
3287 3327 3556 3386 dicentem
3601 3347 3617 3386 :

2033 3428 2053 3461 ‹
2074 3409 2239 3467 Jesus
2263 3412 2581 3476 proﬁciebat
2599 3414 2888 3483 sapientia,
2916 3423 2969 3470 et
2993 3417 3168 3488 gratia
3192 3418 3335 3489 apud
3362 3418 3532 3476 Deum
3567 3431 3622 3477 et

2029 3505 2282 3563 homines
2324 3517 2370 3564 ³.
2400 3528 2420 3563 ι
2457 3508 2521 3564 Et
2551 3524 2746 3565 rursus
2778 3509 2967 3565 audiat
3001 3511 3253 3566 eumdem
3291 3511 3561 3569 dicentem
3591 3526 3619 3556 α

2030 3597 2285 3668 angelum
2331 3598 2380 3654 ei
2410 3599 2763 3669 apparuisse,
2809 3599 2900 3669 qui
2928 3615 3052 3654 eum
3090 3600 3330 3658 instante
3360 3605 3620 3674 passione

2031 3692 2389 3761 trepidantem
2434 3703 2486 3747 et
2515 3702 2698 3762 guttas
2732 3692 3019 3762 sanguinis
3059 3693 3349 3750 sudantem
3399 3695 3623 3752 confor-

2028 3782 2186 3835 tavit.
2220 3780 2277 3836 Si
2310 3790 2490 3836 autem
2519 3781 2695 3848 angeli
2725 3780 2933 3836 auxilio
2974 3781 3294 3851 indigebat,
3330 3789 3392 3837 ut
3434 3795 3621 3840 osten-

2028 3872 2182 3927 deret
2215 3880 2466 3926 naturam
2507 3869 2699 3926 forma:
2727 3870 2909 3936 servi,
2936 3872 3110 3926 multo
3140 3873 3316 3942 magis
3344 3888 3374 3927 a
3417 3874 3615 3930 divini-

2029 3972 2176 4030 tate,
2203 3980 2326 4034 qua:
2367 3963 2423 4018 in
2470 3963 2587 4032 ipso
2622 3961 2899 4017 habitabat
2921 4002 2938 4029 ,
2971 3965 3286 4019 docebatur.
3321 3963 3457 4021 Nam
3491 3983 3617 4022 cum

2029 4042 2176 4111 esse't
2203 4057 2366 4110 homo
2393 4064 2446 4109 et
2483 4054 2653 4118 Deus,
2689 4054 3062 4110 instruebatur
3084 4057 3302 4126 quidem
3342 4065 3402 4113 ut
3428 4058 3617 4127 homo,

2030 4148 2156 4204 foris
2185 4164 2315 4204 vero
2341 4147 2622 4217 sapientia:
2653 4156 2770 4205 erat
2796 4158 2854 4202 ut
2890 4148 3048 4205 Deus.

2102 4241 2268 4296 Vens.
2288 4240 2439 4294 8-H.
2477 4259 2495 4292 ι
2523 4240 2882 4295 Prm-idebam
2921 4240 3212 4295 Dominum
3242 4241 3294 4295 in
3326 4255 3619 4312 conspectu

2031 4349 2156 4390 meo
2174 4349 2408 4402 semper,
2435 4332 2693 4402 quoniam
2719 4347 2750 4386 a
2774 4332 2982 4387 dextris
3005 4340 3089 4386 est
3116 4333 3247 4386 mihi
3277 4347 3346 4388 ne
3374 4348 3621 4389 commo-

338 4433 443 4488 Διὰ
473 4432 632 4487 τοῦτο
664 4432 948 4505 εὐφράνθη
986 4435 1020 4504 ἡ
1046 4432 1245 4504 καρδία
1280 4448 1404 4502 μου,
1431 4432 1526 4487 καὶ
1556 4430 1924 4502 ἠγαλλιάσατο

2032 4444 2181 4484 vear.
2205 4430 2224 4448 ⁶
2252 4426 2481 4496 Propter
2506 4429 2607 4482 hoc
2635 4427 2873 4481 laetatum
2897 4435 2976 4481 est
2998 4441 3095 4482 eor
3116 4441 3319 4492 meum,
3350 4438 3403 4482 et
3430 4428 3620 4482 exsul-

340 4526 376 4594 ἡ
407 4524 634 4593 γλῶσσά
665 4524 711 4557 ⁸³
753 4541 854 4594 μου
879 4540 894 4552 ο
943 4524 1026 4577 ἔτι
1058 4523 1116 4577 δὲ
1152 4523 1246 4576 καὶ
1273 4525 1307 4594 ἡ
1335 4522 1474 4596 σάρξ
1511 4539 1615 4595 μου
1650 4540 1929 4594 κατασκη-

338 4617 508 4673 νώσει
530 4617 619 4672 ἐπ’
648 4616 849 4673 ἐλπίδι.
882 4616 1007 4671 Ὅτι
1040 4617 1141 4671 οὐκ
1171 4615 1589 4685 ἐγκαταλείψεις
1618 4615 1718 4686 τὴν
1743 4616 1927 4687 ψυχήν

342 4728 450 4783 μου
469 4712 551 4775 είς
581 4709 710 4783 ᾅδου
743 4711 813 4776 ³⁵,
847 4710 971 4764 οὐδὲ
1001 4710 1194 4774 δώσεις
1221 4708 1316 4762 τὸν
1344 4708 1492 4762 ὅσιόν
1520 4725 1615 4761 σου
1654 4708 1781 4761 ἰδεῖν
1810 4708 1924 4761 δια-

339 4803 575 4874 φθοράν.
639 4802 978 4874 Ἐγνώρισάς
1032 4820 1121 4874 μοι
1180 4802 1336 4864 ὀδοὺς
1378 4800 1556 4871 ζωῆς’
1610 4798 1926 4870 πληρώσεις

346 4913 417 4966 με
464 4895 830 4967 εὐφροσύνης,
867 4894 1005 4966 μετὰ
1033 4894 1128 4948 τοῦ
1174 4893 1471 4966 προσώπου
1514 4909 1643 4946 σου·
1695 4893 1927 4964 τερπνό-

342 5003 448 5058 της
483 4986 530 5021 ⁸⁸
562 4989 631 5040 ὲν
649 4989 717 5059 τῇ
742 4985 895 5059 δεξιᾷ
922 5004 1016 5039 σου
1045 4989 1126 5050 εἰς
1181 4987 1355 5050 τέλος.
1398 5004 1417 5038 ι
1450 4983 1637 5038 Ταῦτα
1676 4983 1930 5055 περιττὸν

339 5081 495 5149 ἡμᾶς
549 5079 900 5150 ἑρμηνεύειν,
952 5079 1050 5132 τοῦ
1104 5078 1397 5133 θεσπεσίου
1452 5077 1686 5148 Πέτρου,
1745 5075 1841 5129 τοῦ
1879 5076 1928 5107 ³⁸

340 5173 439 5227 καὶ
466 5171 567 5242 τὴν
601 5173 752 5243 παρὰ
789 5170 884 5225 τοῦ
930 5171 1163 5243 Πατρὸς,
1190 5171 1284 5224 καὶ
1312 5170 1412 5240 τὴν
1452 5169 1604 5240 παρὰ
1630 5167 1724 5221 τοῦ
1771 5166 1925 5232 Υίοῦ,

415 5297 443 5325 ι
471 5281 663 5338 Matth.
696 5299 845 5345 xum,
885 5282 975 5338 59.
1016 5290 1045 5331 γ
1077 5281 1222 5338 Psal.
1257 5296 1449 5345 cxvrn,
1480 5280 1571 5335 6|.

1651 5290 1673 5317 τ
1705 5279 1842 5334 Luc.
1877 5294 1911 5334 II
1937 5318 1952 5342 ,
1994 5276 2084 5333 5'2.

2035 4521 2170 4575 tavit
2203 4520 2386 4590 lingua
2423 4534 2544 4573 mea
2578 4537 2591 4572 :
2626 4518 2850 4588 insuper
2893 4525 2946 4573 et
2985 4532 3115 4573 caro
3154 4533 3273 4574 mea
3314 4519 3623 4589 requiescet

2032 4613 2087 4668 in
2117 4627 2231 4682 spe.
2257 4611 2527 4678 Quoniam
2560 4626 2668 4665 non
2699 4610 3044 4680 derelinques
3074 4609 3314 4664 animam
3350 4626 3530 4666 meam
3565 4612 3618 4665 in

2033 4702 2278 4770 inferno,
2304 4718 2482 4772 neque
2512 4701 2786 4757 concedes
2820 4710 3073 4755 sanetum
3099 4708 3253 4754 tuum
3287 4699 3469 4756 ridere
3494 4716 3622 4756 cor-

2035 4796 2364 4867 ruptionem.
2409 4793 2743 4849 Notasmihi
2782 4793 2957 4848 fecisti
3003 4792 3123 4847 vias
3157 4792 3316 4858 vitae,
3367 4792 3623 4863 implebis

2038 4906 2125 4944 me
2149 4889 2334 4943 lmtitia
2373 4902 2499 4942 cuin
2532 4889 2680 4940 vultu
2718 4894 2814 4940 tuo
2836 4925 2852 4948 ,
2886 4884 3284 4951 delectationes
3319 4885 3371 4938 in
3400 4884 3624 4939 dextera

2040 4994 2130 5036 tua
2158 4992 2291 5038 sunt
2318 4982 2371 5034 in
2400 4988 2747 5050 perpetuum.
2776 4998 2794 5029 ι
2843 4977 2971 5033 Haec
2993 4993 3391 5047 supervacuum
3414 4986 3497 5032 est
3523 4993 3625 5033 nos

2036 5074 2354 5142 explanare.
2379 5087 2506 5125 cum
2532 5071 2693 5126 divus
2718 5070 2914 5125 Petrus
2939 5069 3104 5140 693
3135 5071 3329 5124 horum
3351 5069 3480 5123 olim
3505 5084 3628 5123 ver-

2037 5165 2231 5220 horum
2261 5163 2767 5232 interpretationem
2789 5161 3013 5224 dixerit,
3045 5167 3272 5231 accepta
3300 5175 3329 5215 a
3355 5159 3535 5225 Patre,
3573 5169 3624 5213 et

2169 5288 2192 5316 υ
2232 5274 2366 5329 Luc.
2406 5289 2520 5328 xxu
2546 5313 2559 5337 ,
2591 5272 2697 5327 45.

1442 5390 1683 5446 VARIAS
1726 5390 2114 5446 LECTIONES
2151 5389 2240 5443 ET
2280 5385 2514 5442 NOT/E.

408 5484 456 5517 ⁸³
497 5481 713 5550 Ἰεροῖς.
758 5483 882 5541 cod.
927 5484 964 5538 ‘2.
994 5484 1179 5548 θείοις·

340 5625 570 5679 έπεσαν.
648 5624 697 5693 Ρ
729 5623 888 5679 Ἀλλ’
913 5623 1034 5693 ὅμω

1278 5484 1327 5519 ⁸³
1354 5483 1668 5551 Ποτήριον.
1707 5484 1830 5539 cod.
1877 5485 1909 5537 5
1949 5483 2101 5551 addit
2134 5481 2312 5535 τοῦτο.

342 5552 536 5610 Montl'.
563 5568 614 5608 c.
646 5568 700 5623 p.
739 5553 827 5608 55.
918 5554 966 5588 ⁸⁸
995 5553 1120 5623 Τὴν
1151 5557 1327 5621 κληρ.
1350 5571 1490 5623 μου.
1531 5552 1652 5609 Des.
1682 5555 1740 5607 in
1765 5553 1887 5607 eod.
1912 5554 1972 5623 ὃ.

1038 5621 1074 5690 ς(
1094 5653 1166 5665 —-
1192 5621 1559 5692 πειρασμῶν.
1581 5624 1706 5678 Des.
1730 5623 1872 5692 apud
1896 5621 2059 5676 Cord.

2414 5481 2459 5513 ⁸⁵
2494 5481 2533 5535 Ε
2571 5481 2694 5536 eod.
2744 5480 2884 5549 Aug.
2920 5481 2954 5535 3
2990 5477 3171 5547 suppl.
3213 5475 3412 5549 Eadem
3464 5473 3627 5549 habet

2071 5550 2117 5583 ⁸⁷
2148 5552 2272 5622 cod.
2305 5551 2341 5605 2
2369 5551 2741 5622 ἀνθρωπίνης.
2830 5545 2890 5622 ⁸⁸7
2909 5551 3038 5622 liec.
3063 5545 3240 5622 :Iectio
3275 5545 3398 5622 h._l.
3429 5553 3514 5622 est.
3536 5547 3628 5622 ζνεο

2092 5621 2291 5690 p.276.
2399 5622 2444 5654 ⁹⁰
2466 5614 2689 5690 ’Ὅμως-ξ
2717 5623 2840 5676 cod.
2872 5621 2923 5685 1,
2948 5620 2985 5673 2
3011 5617 3216 5690 addunt
3254 5615 3368 5690 καί.
3449 5614 3497 5690 ’f
3522 5617 3627 5690 ρε-

340 5695 606 5764 σπότηιιξ.
633 5692 797 5764 Abest
820 5682 989 5750 a'cod.
1013 5682 1069 5747 ‘2'.
1147 5695 1198 5726 θ’
1228 5682 1349 5749 (ιοῖΙ.
1382 5682 1489 5748 ι’ρι
1515 5693 1551 5746 2
1580 5682 1924 5764 ὑπεστηρισεε

2037 5682 2401 5764 ⁹³’ΫΓ.ζῷσσα,
2438 5682 2589 5747 [tabi
2614 5682 2691 5764 (δ’.
2724 5682 2920 5764 quinas
2940 5686 3147 5764 reliqui
3176 5686 3275 5740 int.
3312 5682 3484 5764 Graeci
3522 5683 3626 5738 ha-

344 5764 479 5817 bent
505 5761 656 5836 δόξα.
733 5761 783 5795 ’⁸
812 5766 933 5818 cod.
961 5764 998 5817 2
1033 5765 1148 5836 et}
1178 5764 1332 5836 ᾅδην,
1358 5764 1670 5836 quze_etiam
1718 5760 1924 5836 estileet

2030 5763 2142 5836 :od_.
2182 5760 2355 5836 Vatic.
2398 5763 2453 5836 h.
2486 5764 2520 5836 Ι.

343 5849 506 5905 quam
536 5835 664 5888 lect.
698 5841 921 5889 secutus
951 5842 1035 5890 est
1070 5833 1290 5891 Carafa'.

2598 5763 2644 5794 ³⁸
2667 5760 2787 5817 cod.
2833 5759 3008 5817 Vatic.
3033 5754 3200 5814 habet
3235 5754 3627 5828 τερπνότητες,

1399 5835 1446 5867 ³⁸
1471 5831 1586 5889 Τοῦ
1617 5863 1688 5876 --
1718 5832 2076 5904 δεξαμένου.
2114 5832 2237 5888 Des.
2282 5834 2334 5889 in
2357 5833 2480 5889 cod.
2514 5833 2660 5887 Flor.
