4090 6426
492 393 604 459 9Ε3

1491 377 1983 443 THEODORETI
2022 373 2374 439 EPISCOPI
2410 371 2790 435 CYRENSIS

3668 365 3782 432 954

495 520 528 560 a
556 499 723 568 Filio,
766 506 820 556 et
857 514 888 553 a
932 495 1139 567 Spiritu
1176 501 1367 551 sancto
1401 494 1759 549 revelatione.
1801 491 1904 546 llic
1930 489 2079 546 enim

2186 488 2282 540 xci.
2333 486 2433 557 τὴν
2491 483 2647 556 παρὰ
2696 482 2790 538 τοῦ
2846 482 3005 551 ἁγίου
3055 479 3377 554 Πνεύματος
3431 479 3781 549 ἀποκάλυψιν

495 610 624 652 cum
658 593 798 648 inter
828 589 1045 645 Judzeos
1083 588 1509 643 concionaretur
1536 627 1552 651 ,
1590 585 1699 640 hoc
1747 585 1801 638 in
1846 582 2084 638 medium

496 688 734 741 adducto
771 680 1083 737 testimonio
1104 720 1117 743 ,
1152 681 1223 733 ita
1251 679 1394 734 dixit
1423 696 1436 732 :
1482 697 1502 728 ‹
1533 676 1649 731 Viri
1674 675 1891 739 fratres,
1927 674 2091 729 liceat

496 796 619 835 cum
653 777 849 832 ﬁducia
876 778 1057 831 dicere
1080 775 1147 828 ad
1173 789 1273 828 vos
1297 774 1363 826 de
1396 771 1708 842 patriarcha
1736 769 1926 832 David,
1951 781 2090 840 quo-

495 874 643 927 niam
684 868 978 925 dei‘unrtus
1009 875 1131 930 est,
1165 874 1221 920 et
1255 865 1507 934 sepultus
1534 871 1651 925 est,
1688 870 1744 916 et
1771 862 2085 930 sepulcrum

494 964 614 1034 ejus
642 971 725 1016 cst
755 962 895 1031 apud
937 976 1038 1013 nos
1070 972 1245 1027 usque
1282 957 1336 1010 in
1384 956 1706 1009 hodiernum
1749 953 1916 1007 diem.
1949 951 2086 1007 Pro-

496 1057 657 1126 pheta
690 1055 859 1125 igitur
890 1067 1016 1107 cum
1044 1062 1224 1112 esset,
1257 1056 1314 1103 et
1343 1048 1508 1103 sciret
1558 1045 1701 1116 quod
1725 1044 2087 1117 jurejurando

491 1149 733 1219 jurasset
769 1147 842 1200 illi
887 1146 1066 1210 Deus,
1116 1144 1182 1197 de
1225 1140 1406 1195 fructu
1452 1139 1620 1194 lumbi
1655 1139 1775 1209 ejus
1812 1138 2083 1193 oriturum

497 1256 619 1295 esse
656 1239 939 1294 Christum
983 1234 1285 1291 secundum
1309 1247 1528 1287 carnem
1552 1271 1565 1297 ,
1602 1230 1907 1301 praevidens
1937 1230 2088 1284 locu-

500 1340 588 1386 tus
617 1341 702 1385 est
734 1329 802 1383 de
833 1325 1238 1383 resurrectione
1262 1322 1501 1387 Christi,
1544 1322 1672 1393 quia
1714 1335 1890 1391 neque
1927 1320 2085 1375 dere-

495 1422 628 1478 licta
677 1430 761 1477 est
810 1421 864 1475 in
911 1418 1129 1474 inferno
1171 1418 1291 1488 ejus
1333 1416 1552 1477 anima,
1595 1431 1769 1484 neque
1807 1428 1936 1468 caro
1964 1414 2085 1483 ejus

496 1514 633 1568 vidit
658 1511 1071 1581 corruptionem
1101 1509 1151 1563 b.
1186 1528 1203 1559 ι
1236 1507 1302 1562 Et
1325 1508 1454 1562 alibi
1489 1525 1501 1561 :
1548 1526 1565 1559 ι
1595 1506 1766 1561 David
1800 1521 1924 1562 cum
1957 1520 2083 1576 pro-

495 1607 632 1679 pria:
679 1603 1015 1677 generationi
1070 1601 1459 1657 subscrviisset
1489 1639 1504 1664 ,
1532 1590 1815 1653 'mortuus
1860 1607 1983 1663 est,
2030 1605 2085 1654 et

498 1698 633 1752 vidit
668 1695 1079 1765 corruptionem
1130 1711 1143 1747 :
1184 1708 1348 1764 quem
1393 1707 1524 1746 vero
1568 1692 1713 1747 Deus
1759 1688 2081 1755 suscitavit,

499 1804 607 1845 non
640 1789 774 1843 vidit
795 1787 1198 1856 corruptionem
1226 1795 1273 1839 α.
1302 1803 1320 1837 ι
1354 1784 1483 1841 Ητεο
1511 1784 1580 1839 iis
1603 1783 1694 1852 qui
1727 1782 1930 1837 audent
1959 1795 2082 1851 per-

2189 577 2511 648 δεξαμένου,
2544 576 2714 630 πάλαι
2744 574 2949 629 τούτων
2993 574 3092 647 τὴν
3137 572 3439 645 ἑρμηνείαν
3470 572 3782 643 ποιησαμέ-

2190 686 2283 722 νου
2312 671 2381 724 ⁹⁷.
2434 662 2604 732 Οὗτος
2637 669 2683 701 ⁸⁸
2715 668 2826 740 γάρ
2855 669 2914 722 ὲν
2957 665 3230 730 Ἰουδαίοις
3276 664 3634 737 δημηγορῶν,
3683 665 3782 718 καὶ

2188 765 2393 837 ταύτην
2433 765 2672 834 ἐνεγκὼν
2704 768 2785 830 είς
2820 768 2986 837 μέσον
3019 766 3118 838 τὴν
3170 766 3478 838 μαρτυρίαν
3504 766 3573 833 ’⁸,
3605 764 3777 824 οὕτως

2188 857 2294 928 ἔφη
2313 876 2327 890 ·
2361 878 2380 911 ι
2418 859 2644 930 Ἄνδρες
2663 859 2907 930 ἀδελφοὶ,
2933 860 3054 927 ἐξὸν
3084 861 3260 915 εἰπεῖν
3293 860 3433 930 μετά
3462 860 3778 932 παρρησίας

2188 951 2326 1020 πρὸς
2373 951 2520 1021 ὑμᾶς
2549 950 2682 1022 περὶ
2711 951 2806 1005 τοῦ
2839 952 3182 1025 πατριάρχου
3211 951 3394 1015 Δαὸὶδ,
3424 953 3508 1007 ὅτι
3538 953 3634 1006 καὶ
3663 953 3783 1006 ἑτε-

2187 1039 2437 1112 λεύτησε,
2469 1041 2566 1095 καὶ
2599 1043 2796 1113 ἐτάφη,
2849 1045 2944 1098 καὶ
2988 1042 3051 1097 τὸ
3081 1044 3272 1114 μνῆμα
3306 1042 3473 1098 αὑτοῦ
3520 1045 3671 1097 ἐστιν
3717 1044 3780 1098 ἐν

2186 1133 2320 1202 ἡμῖν
2342 1133 2470 1203 ἄχρι
2501 1134 2599 1204 τῆς
2630 1136 2893 1206 σήμερον.
2929 1137 3224 1208 Προφήτης
3249 1132 3343 1190 οὖν
3370 1135 3656 1207 ὑπάρχων,
3680 1137 3780 1189 καὶ

2185 1222 2343 1287 είδὼς
2392 1226 2410 1255 ⁸
2451 1225 2535 1278 ὅτι
2581 1225 2731 1297 ὅρκῳ
2758 1224 2975 1295 ὤμοσεν
3005 1227 3157 1297 αὐτῷ
3185 1230 3214 1281 6
3240 1226 3397 1290 Θεὸς,
3446 1229 3512 1281 ὲκ
3556 1226 3777 1300 καρποῦ

2185 1317 2288 1388 τῆς
2321 1319 2526 1388 ὀσφύος
2577 1319 2744 1373 αὐτοῦ
2790 1321 3117 1392 ἀναστήσειν
3159 1318 3222 1373 τὺ
3265 1318 3408 1373 κατά
3458 1318 3636 1390 σάρκα
3682 1316 3776 1371 τὸν

2185 1410 2424 1480 Χριστὸν
2474 1412 2515 1475 ¹,
2564 1411 2801 1484 προϊδὼν
2848 1412 3083 1484 ὲλάλησε
3113 1413 3242 1483 περὶ
3278 1412 3378 1483 τῆς
3423 1410 3778 1474 ἀναστάσεως

2185 1499 2373 1563 αὐτοῦ,
2407 1501 2489 1554 ὅτι
2520 1501 2620 1554 οὐκ
2651 1502 3050 1574 ἐγκατελείφθη
3076 1505 3153 1567 είς
3184 1502 3312 1575 ᾇδου
3340 1506 3373 1572 ἡ
3403 1501 3552 1573 ψυχὴ
3584 1502 3776 1568 αὐτοῦ,

2184 1591 2293 1645 οὐδ’
2328 1594 2361 1665 ἡ
2408 1593 2547 1664 σάρξ
2585 1594 2754 1649 αὐτοῦ
2799 1591 2909 1649 εἶδε
2942 1595 3262 1667 διαφθοράν.
3302 1614 3321 1647 ι
3365 1596 3476 1649 Καὶ
3520 1594 3773 1666 ἑτέρωθιο

2191 1701 2209 1736 ι
2250 1685 2418 1756 Δαρὶδ
2452 1687 2551 1756 μὲν
2583 1688 2690 1760 γὰρ
2728 1687 2833 1760 ἰδία
2874 1691 3040 1760 γενεᾷ
3070 1689 3426 1758 ὑπηρετήσας
3460 1688 3700 1741 ἀπέθανε
3730 1689 3775 1752 ³,

2183 1777 2279 1829 καὶ
2312 1772 2423 1830 εῐδε
2467 1778 2800 1850 διαφθοράν*
2835 1780 2896 1834 ὃν
2932 1781 2989 1834 δὲ
3030 1782 3060 1833 6
3098 1779 3230 1843 Θεὸς
3261 1781 3503 1851 ἡγειρεν,
3539 1779 3639 1833 οὐκ
3665 1773 3776 1833 εἶδε

497 1895 682 1950 peram
723 1847 1099 1949 interpretari,
1144 1887 1310 1948 atque
1349 1877 1515 1932 etiam
1563 1873 1767 1931 Iudaeis
1809 1873 2080 1929 aﬂerenda

2183 1868 2505 1942 διαφθοράν.
2544 1847 2581 1923 »ί
2605 1847 2794 1928 Ταῦτα
2816 1873 2841 1906 δ
2882 1872 2980 1926 καὶ
3026 1874 3141 1936 τοῖς
3172 1847 3615 1943 παρὲρμῆνεύειν
3651 1871 3777 1926 τολ-

496 1983 624 2028 sunt
661 1988 675 2025 :
717 1970 1062 2026 manifestam
1103 1970 1250 2024 enim
1286 1969 1489 2023 habent
1518 1964 1946 2022 confutationem
1986 1962 2083 2019 Ju-

493 2064 776 2119 daicorum
803 2062 1146 2117 deliriorum.
1176 2060 1319 2115 Dicit
1351 2060 1518 2131 igitur
1538 2057 1805 2114 Dominus
1827 2057 2082 2113 Christus

493 2154 736 2210 humano
777 2168 930 2209 more
983 2154 1148 2209 etiam
1202 2153 1293 2209 hic
1340 2169 1354 2208 :
1402 2151 1515 2221 Ego
1564 2166 1595 2205 a
1650 2151 1831 2206 divina
1884 2158 2080 2204 natura

492 2246 752 2302 continue
782 2247 1194 2313 corroboratus,
1223 2245 1289 2301 ad
1321 2245 1617 2300 Salutarem
1652 2243 1967 2315 passionem
1993 2256 2083 2296 ac-

491 2339 627 2393 cedo
654 2377 671 2403 ,
723 2347 777 2393 et
825 2339 1246 2394 resurrectionis
1283 2352 1377 2408 spe
1413 2337 1646 2409 gaudeo.
1676 2335 1815 2390 Nam
1847 2333 1874 2373 ἀ
1909 2349 2080 2406 neque

492 2428 675 2482 anima
710 2443 832 2483 mea
875 2428 930 2482 in
972 2428 1191 2484 inferno
1214 2428 1644 2498 derelinquctur,
1675 2442 1774 2482 nec
1803 2441 1932 2481 caro
1958 2440 2078 2480 mea

491 2520 909 2588 corruptionem
937 2519 1149 2574 naturae
1172 2529 1562 2589 congruentem
1591 2517 1907 2574 sustinebit.
1928 2514 2080 2570 Velo-

490 2626 610 2666 cem
636 2611 782 2667 enim
816 2613 1274 2667 resurrectionem
1303 2626 1637 2682 consequar,
1656 2620 1711 2665 et
1744 2608 1975 2680 ἰιιεθά.
1994 2608 2079 2662 vi-

491 2712 600 2757 tam
638 2702 861 2769 redibo,
893 2703 1152 2758 omnibus
1186 2703 1505 2758 hominibus
1545 2704 1687 2757 hanc
1721 2703 1860 2756 viam
1892 2709 2080 2755 osten-

488 2794 625 2850 dens
667 2811 681 2847 :
737 2812 756 2845 ι
790 2791 1046 2865 lmplebis
1093 2809 1182 2848 me
1209 2792 1396 2848 laetitia
1433 2808 1558 2847 cum
1593 2792 1745 2847 vultu
1777 2802 1900 2857 tuo,
1934 2791 2080 2845 dele-

488 2883 756 2939 elationes
787 2884 841 2938 in
874 2884 1097 2940 dextera
1128 2891 1222 2939 tua
1251 2891 1381 2940 sunt
1405 2885 1459 2938 in
1492 2891 1838 2954 perpetuum.
1869 2900 1889 2934 ι
1926 2882 2077 2946 Quo-

489 2976 634 3030 niam
675 2990 800 3029 cum
841 2975 911 3030 ad
955 2989 1177 3030 crucem
1211 2974 1536 3040 accederet,
1565 2972 1783 3029 dicebat
1812 2989 1826 3026 :
1864 2990 1883 3024 ι
1916 2971 2080 3026 Valde

490 3066 664 3121 tristis
697 3076 781 3120 est
812 3067 997 3121 anima
1046 3082 1167 3121 mea
1205 3082 1380 3136 usque
1421 3067 1488 3120 ad
1532 3074 1763 3120 mortem
1799 3074 1854 3130 ο,
1897 3083 1916 3114 ›
1964 3078 2084 3137 ωε·-

2187 1961 2366 2031 μῶσιν
2441 1964 2743 2033 ἀναγκαῖον
2805 1964 3105 2037 προφέρειν
3155 1966 3210 1998 ⁵’
3272 1966 3366 2019 καὶ
3425 1965 3608 2036 μέντοι
3678 1965 3776 2018 καὶ

2195 2053 2506 2119 Ἰουδαίοις*
2562 2058 2820 2128 προφανῆ
2864 2058 2973 2130 γὰρ
3002 2058 3024 2091 ⁸
3056 2059 3280 2128 ἔλεγχον
3322 2057 3437 2129 ἔχει
3477 2058 3578 2129 τῆς
3637 2057 3773 2111 Ἰου-

2180 2146 2345 2200 δαίων
2397 2148 2416 2177 ’¹
2472 2148 2892 2220 ὲμϐροντησίας.
2950 2151 3113 2219 Λέγει
3147 2151 3343 2204 τοίνυν
3402 2151 3431 2203 6
3494 2151 3774 2221 Δεσπότης

2181 2238 2416 2309 Χριστὸς
2447 2239 2806 2311 ἀνθρωπίνως
2842 2240 3123 2295 κάνταῦθα
3154 2240 3198 2308 ⁸,
3239 2243 3320 2297 ὅτι
3354 2243 3635 2313 Διηνεκῶς
3666 2241 3775 2296 ὑπὸ

2180 2328 2280 2400 τῆς
2306 2329 2458 2394 θείας
2498 2330 2893 2403 στηριζόμενος
2937 2334 3154 2401 φύσεως
3184 2333 3262 2405 τῷ
3308 2335 3563 2406 σωτηρίῳ
3597 2335 3774 2402 πρόσ-

2181 2436 2297 2489 ειμι
2346 2420 2534 2488 πάθει,
2584 2421 2682 2476 καὶ
2727 2426 2794 2494 τῇ
2842 2423 3020 2477 ἐλπίδι
3062 2425 3162 2495 τῆς
3203 2425 3554 2489 ἀναστάσεως
3602 2426 3773 2479 ἑπευ-

2182 2511 2484 2582 φραίνομαι
2530 2515 2573 2568 ³.
2617 2514 2757 2569 Οὔτε
2786 2517 2896 2587 γὰρ
2931 2518 2964 2587 ὴ
2994 2516 3138 2589 ψυχή
3178 2534 3284 2587 μου
3316 2518 3398 2581 είς
3426 2517 3557 2589 ᾅδου
3602 2535 3775 2573 κατα-

2181 2601 2555 2675 λειςθήσεται,
2600 2606 2712 2659 οὐθ’
2763 2609 2796 2679 ὴ
2845 2607 2982 2680 σάρξ
3032 2626 3135 2678 μου
3186 2609 3451 2679 ὑπομενεί
3492 2607 3592 2681 τὴν
3628 2607 3773 2663 κατά

2181 2693 2346 2763 φύσιν
2404 2695 2727 2768 διαφθοράν.
2792 2699 3030 2771 Ταχείας
3084 2698 3194 2771 γὰρ
3247 2698 3349 2771 τῆς
3416 2699 3772 2763 ἀναστάσεως

2178 2787 2462 2861 τεύξομαι,
2522 2793 2618 2847 καὶ
2678 2794 2761 2855 εἰς
2837 2793 2940 2862 τὴν
2998 2791 3145 2862 ζωὴν
3221 2789 3513 2863 ἐπανήξω·
3594 2791 3793 2847 ἅπασι·

2180 2881 2386 2954 ταύτην
2441 2884 2754 2956 ἀνθρώποις
2824 2883 3146 2947 ὑποδεικνὺς
3191 2882 3293 2955 τὴν
3354 2883 3491 2939 ὀδόν.
3549 2901 3569 2936 ι
3623 2884 3771 2953 Πλη-

2187 2974 2383 3046 ρὼσεις
2432 2994 2502 3048 με
2548 2977 2892 3050 εὐφροσύνης
2944 2977 3085 3048 μετὰ
3146 2976 3244 3032 τοῦ
3290 2977 3586 3048 προσώπου
3645 2993 3768 3043 σου,

2179 3069 2488 3141 τερπνότης
2531 3069 2588 3123 ἐν
2631 3072 2699 3141 τῇ
2743 3068 2897 3141 δεξιᾷ
2948 3086 3043 3124 σου
3089 3071 3172 3133 είς
3215 3069 3391 3136 τέλος.
3453 3091 3473 3126 ι
3549 3070 3770 3143 Ἐπειδὴ

489 3155 594 3211 rito
628 3158 713 3210 his
744 3158 927 3211 verbis
953 3172 1085 3212 usus
1113 3166 1199 3213 est
1228 3173 1353 3212 cum
1388 3157 1457 3213 de
1487 3159 1894 3212 resurrectione
1924 3170 2078 3210 men-

2182 3164 2258 3235 τῷ
2305 3163 2469 3218 πάθει
2527 3161 2774 3236 προσιὼν
2821 3161 3013 3231 ἔλεγε,
3082 3181 3103 3217 ι
3168 3164 3477 3235 Περίλυπός
3529 3166 3679 3219 ἐστιν
3730 3166 3767 3237 ή

491 3250 692 3304 tionem
723 3248 947 3312 faceret,
975 3250 1199 3317 docens,
1226 3264 1327 3320 pro
1353 3250 1447 3306 illa
1479 3250 1746 3305 mmstitia
1779 3265 1837 3304 se
1871 3249 1925 3303 in
1953 3264 2077 3319 per-

487 3351 652 3412 petuo
687 3343 890 3412 gaudio
928 3342 1046 3397 fore
1071 3382 1087 3409 ,
1119 3343 1477 3413 impatibilem
1500 3385 1514 3410 ,
1555 3344 1986 3409 immutabilem,
2024 3351 2079 3399 et

490 3435 883 3500 immortalem,
909 3436 1214 3490 secundum
1241 3437 1536 3490 humanam
1567 3451 1787 3506 quoque
1805 3445 2074 3489 naturam.

488 3524 624 3580 Nam
658 3534 720 3580 ut
751 3523 896 3581 Deus
917 3565 932 3591 ,
972 3527 1075 3581 hoc
1103 3537 1223 3582 erat
1253 3543 1491 3598 semper,
1530 3536 1695 3598 atque
1723 3529 1884 3583 etiam
1917 3527 1964 3583 ei
1997 3526 2074 3581 fa-

491 3618 598 3673 cile
629 3625 746 3673 crat
779 3626 795 3642 '
824 3618 928 3674 hoc
956 3621 1210 3676 humana:
1242 3630 1452 3676 natura:
1484 3621 1725 3692 prarbcre
1745 3661 1759 3687 ,
1802 3637 1926 3676 cum
1961 3620 2076 3691 pri-

494 3725 644 3763 mum
677 3709 731 3764 in
769 3720 923 3766 utero
966 3711 1201 3768 formata
1234 3721 1336 3768 est.
1383 3713 1580 3769 Verum
1625 3728 1721 3783 per
1757 3711 2078 3768 afﬂictione:

492 3801 746 3871 progredi
784 3804 1033 3872 permisit
1071 3815 1321 3859 naturam
1346 3820 1512 3875 quam
1536 3814 1844 3875 acceperat,
1880 3813 1941 3859 ut
1974 3806 2077 3858 hoc

492 3895 655 3949 modo
700 3910 891 3950 eversa
936 3898 1145 3967 peccati
1192 3898 1432 3967 potentia
1482 3897 1688 3952 diaboli
1728 3896 2071 3968 tyrannidem

489 3988 727 4055 sedaret,
750 4001 803 4045 et
825 3990 1019 4046 mortis
1041 3991 1333 4060 imperium
1361 3990 1687 4056 destrueret,
1707 3991 2075 4060 omnibusque

490 4082 809 4138 hominibus
852 4084 1278 4140 resurrectionis
1314 4082 1630 4139 facultatem
1680 4083 1963 4153 praeberet.
2009 4080 2076 4136 Ut

2179 3253 2325 3326 ψυκῆ
2383 3272 2484 3325 μου
2525 3255 2630 3319 ἕως
2687 3256 2958 3311 θανάτουο
3001 3275 3019 3311 ι
3071 3256 3302 3320 εἰκότως
3351 3257 3560 3320 τούτοις
3605 3259 3770 3328 ἐχρή-

2182 3365 2313 3401 σατο
2370 3351 2483 3412 τοῖς
2521 3347 2702 3417 λόγοις
2752 3349 2849 3420 τῆς
2897 3349 3248 3413 ἀναστάσεως
3290 3349 3670 3421 μνημονεύσας
3699 3353 3766 3420 ³⁸,

2176 3440 2447 3494 διδάσκων
2483 3441 2557 3504 ὡς
2590 3442 2714 3494 ἀντὶ
2747 3441 2848 3512 τῆς
2889 3439 3128 3511 ἀθυμίας
3179 3442 3394 3513 ἐκείνης
3445 3445 3503 3497 ὲν
3531 3442 3767 3514 διηνεκεῖ

2179 3528 2418 3601 θυμηδίᾳ
2479 3530 2806 3599 γενήσεται,
2866 3527 3122 3603 ἀπαθὴς,
3181 3531 3278 3586 καὶ
3319 3532 3622 3602 ἄτρεπτος,
3673 3536 3767 3587 καὶ

2176 3621 2466 3685 ἀθάνατος,
2528 3623 2624 3675 καὶ
2664 3625 2706 3655 ¹¹
2769 3622 2913 3677 κατὰ
2946 3622 3045 3695 τὴν
3092 3622 3442 3695 ἀνθρωπείαν
3504 3623 3548 3655 ¹²
3601 3624 3765 3694 φύσιν

2177 3716 2488 3786 γενόμενος.
2534 3716 2623 3780 Ὠς
2656 3716 2767 3788 γὰρ
2822 3716 2977 3780 Θεὸς,
3014 3717 3174 3771 τοῦτο
3206 3712 3274 3790 ἦν
3310 3717 3423 3783 ἀεὶ,
3451 3716 3547 3771 καὶ
3580 3718 3765 3789 μέντοι

2177 3806 2273 3859 καὶ
2302 3809 2369 3876 τῇ
2400 3806 2720 3879 ἀνθρωπεία
2748 3802 2907 3876 φύσει
2939 3806 3102 3870 εὐθὺς
3133 3811 3191 3861 ὲν
3223 3810 3291 3879 τῇ
3327 3809 3510 3880 μήτρᾳ
3533 3807 3764 3862 διαπλα-

2174 3897 2366 3969 σθείσῃ
2418 3897 2579 3951 τοῦτο
2612 3900 2919 3968 παρασχεῖν
2965 3897 3114 3968 αὐτῷ
3157 3898 3201 3930 ¹³
3244 3899 3425 3970 ῥᾴδιον
3470 3895 3561 3970 ἦν.
3606 3898 3764 3953 Ἀλλᾶ

2174 3986 2264 4040 διὰ
2284 3988 2395 4040 τῶν
2429 3986 2617 4042 παθῶν
2646 3986 2865 4042 ὁδεῦσαι
2895 3991 3275 4059 συνεχώρησεν
3305 3989 3372 4060 ἣν
3402 3988 3630 4043 ἀνέλαϐε
3664 3990 3766 4060 φύ-

2176 4095 2284 4143 σιν,
2336 4080 2423 4133 ῑνα
2462 4078 2607 4134 οὕτω
2645 4081 2746 4151 τῆς
2788 4080 3065 4153 ἁμαρτίας
3107 4081 3421 4146 καταλύσας
3463 4082 3562 4154 τὴν
3599 4083 3765 4137 δυνα-

489 4173 655 4229 homo
679 4174 878 4244 igitur,
907 4186 957 4231 et
983 4175 1451 4245 incorruptionem
1475 4214 1490 4237 ,
1520 4184 1573 4230 et
1604 4174 2071 4231 immortalitatem

2182 4171 2384 4236 στείαν,
2411 4171 2595 4243 παύσῃ
2626 4173 2724 4243 μὲν
2744 4172 2839 4226 τοῦ
2865 4173 3113 4227 διαῦόλου
3141 4175 3240 4246 τὴν
3258 4175 3569 4246 τυραννίδα,
3600 4193 3765 4231 κατα·

487 4264 707 4331 accipit.
743 4261 841 4317 Hic
869 4266 1136 4333 psalmus,
1171 4274 1228 4319 et
1251 4266 1389 4332 Arii,
1424 4274 1478 4320 et
1507 4264 1788 4329 Eunomii,
1821 4272 1877 4319 et
1904 4262 2075 4334 Apol-

2182 4264 2313 4336 λύσῃ
2355 4264 2413 4318 δὲ
2469 4264 2564 4318 τοῦ
2603 4265 2838 4320 θανάτου
2873 4265 2936 4319 τὸ
2975 4268 3196 4334 κράτος,
3229 4268 3323 4320 καὶ
3353 4269 3518 4322 πᾶσιν
3548 4269 3765 4341 ἀνθρώ-

486 4355 677 4411 linaris
718 4356 1051 4411 dementiam
1101 4359 1400 4429 redarguit.
1457 4357 1525 4413 Ili
1577 4357 1845 4428 siquidem
1901 4355 2071 4410 Deum

2182 4374 2300 4422 ποις
2351 4356 2618 4428 παράσχῃ
2663 4357 2763 4428 τὴν
2797 4360 2896 4429 τῆς
2930 4357 3284 4423 ἀναϐιώσεως
3335 4362 3617 4432 ἀφορμήν.
3674 4362 3764 4426 Ὧς

487 4446 724 4501 Verbum
758 4447 1120 4503 inanimatum
1151 4465 1350 4521 corpus
1378 4452 1751 4531 assumpsisse
1776 4447 2070 4504 dixerunt:

2182 4449 2462 4521 ἅνθρωπος
2490 4449 2693 4513 τοίνυν,
2727 4450 2822 4504 καὶ
2852 4450 2952 4522 τὴν
2985 4451 3319 4523 ἀφθαρσίαν,
3354 4453 3450 4506 καὶ
3490 4454 3588 4523 τὴν
3623 4454 3760 4507 ἀθα-

487 4537 819 4606 Apollinaris
848 4553 974 4594 vero
1002 4542 1307 4596 animatum
1352 4542 1576 4614 quidem
1621 4538 1918 4611 appellavit
1945 4555 2072 4595 eor-

2182 4542 2369 4596 νασίαν
2399 4541 2693 4612 λαμϐάνει.
2727 4536 2899 4604 Οὗτος
2941 4545 2968 4596 6
3011 4543 3226 4615 ψαλμὺς
3267 4546 3361 4599 καὶ
3393 4544 3492 4616 τὴν
3529 4545 3757 4618 Ἀρείου,

487 4648 590 4702 pus
619 4634 765 4703 quod
799 4648 1139 4707 assumptum
1177 4647 1297 4702 est,
1343 4636 1440 4691 sed
1472 4635 1576 4690 hoc
1599 4634 1783 4689 anima
1814 4633 2069 4688 rationali

2182 4636 2270 4688 καὶ
2302 4634 2402 4705 τὴν
2446 4634 2736 4705 Εὐνομίου,
2786 4637 2883 4691 καὶ
2922 4637 3300 4710 Ἀπολιναρίου
3331 4637 3761 4709 φρενοϐλάϐειαν

488 4720 739 4790 privavit.
769 4721 962 4793 Ignoro
985 4726 1129 4780 unde
1154 4726 1252 4779 has
1275 4723 1520 4793 geminas
1547 4722 1759 4778 animas
1785 4722 2068 4778 didicerit:

2182 4726 2411 4796 ἐλέγχει.
2458 4725 2522 4779 Οἱ
2552 4726 2653 4797 μὲν
2685 4726 2798 4799 γὰρ
2833 4728 2995 4801 σῶμα
3041 4728 3248 4800 ἄψυχον
3290 4729 3384 4783 τὸν
3412 4728 3548 4783 Θεὶν
3586 4730 3759 4797 Λόγον

488 4814 680 4868 nullibi
727 4817 872 4870 enim
918 4818 1106 4873 divina
1152 4816 1435 4885 Scriptura
1484 4814 1589 4871 hoc
1638 4815 1819 4871 decet.
1862 4815 2066 4870 Verum

2182 4816 2326 4872 εἶπον
2354 4819 2729 4888 ἀνειληφέναι.
2773 4821 3151 4893 Ἀπολινάριος
3180 4821 3238 4875 δὲ
3274 4820 3523 4893 ἔμψυχον
3568 4822 3669 4892 μὲν
3698 4821 3762 4875 τὸ

488 4904 690 4975 pariter
731 4918 955 4965 sanctus
995 4910 1234 4980 Spiritus
1279 4923 1375 4978 per
1423 4909 1643 4964 beatum
1685 4906 1956 4966 ‘Davidem
2000 4909 2068 4966 de

2182 4908 2483 4981 ἀναληφθὲν
2515 4909 2746 4962 ἐκάλεσε
2778 4910 2959 4982 σῶμα,
2991 4911 3092 4983 τῆς
3133 4911 3189 4966 δὲ
3223 4909 3451 4983 λογικῆς
3486 4910 3621 4965 αὐτὸ
3656 4908 3765 4981 tim-

557 5087 587 5129 ιι
616 5087 739 5145 Act.
779 5106 854 5153 ιι,
881 5090 1067 5145 «ΞΟ-51.
1147 5100 1170 5129 ο
1204 5090 1327 5147 Act.
1368 5106 1512 5158 xm,
1552 5090 1657 5158 56,
1699 5090 1790 5146 57.
1867 5089 1896 5131 ά
1932 5090 2055 5146 Act.

2237 5101 2262 5130 θ
2291 5089 2484 5146 Matth.
2518 5107 2677 5157 xxvi,
2710 5090 2799 5145 58.

1579 5309 1816 5367 VARLE
1859 5308 2249 5367 LECTIONES
2280 5309 2372 5366 ΕΤ
2406 5306 2641 5366 NOTAE.

550 5467 599 5500 "
626 5465 829 5537 could,
849 5462 885 5517 2
915 5463 1362 5537 ποιουμένου.ί1ιο
1395 5480 1611 5536 quoque
1647 5466 1812 5537 Cord.
1843 5482 1898 5535 p.
1927 5467 2059 5537 277.

2211 5460 2490 5537 Οὗτοςλ-
2516 5464 2653 5534 ἔφη.
2682 5465 2810 5537 eod.
2844 5463 3001 5537 Flor,
3026 5465 3140 5523 haec
3169 5482 3339 5537 pauca
3375 5465 3558 5537 habet,
3583 5469 3641 5523 ἐν
3667 5464 3752 5534 οἷς

481 5533 653 5611 λέγει.
729 5536 776 5568 ’⁸
792 5532 1165 5611 Μαρτυρίιέν;-
1186 5536 1306 5591 cod.
1331 5536 1366 5611 ἓ
1394 5532 1447 5611 et
1470 5532 1642 5611 Cord.
1676 5532 2081 5611 Ιηο-εὲρμηνείι

2185 5604 2197 5611 _
2230 5537 2248 5568 ⁸
2275 5535 2465 5602 Εἰδὼς
2488 5532 2562 5575 -ἐ
2583 5533 2872 5611 ἐᾴἁλησε.
2903 5536 3025 5592 cod.
3063 5532 3225 5611 Flor,
3246 5536 3489 5611 ,προϊδὼν
3520 5532 3750 5611 τὸιπερὶ

481 5602 582 5678 τῆς
614 5604 971 5684 ἀναστάσεως
1000 5602 1093 5684 τι)ζῦ
1124 5605 1358 5684 Χριστοῦ
1393 5607 1672 5684 ἐλάλησε,“
1722 5607 1741 5636 ι
1766 5602 2046 5684 κρίσΞόΥο
2078 5620 2081 5645 ,

2185 5604 2455 5684 issa‘sunt
2478 5621 2600 5684 qua:
2623 5604 2658 5659 Ι.
2685 5620 2738 5684 (ξ.
2766 5602 3350 5684 εοιιιιυηιυτμκαθίσαιι
3380 5609 3477 5684 ἐπ)
3502 5608 3596 5684 τοῦ
3620 5602 3750 5680 09'6-

483 5671 574 5749 νου
595 5672 791 5749 αὑτοῦ.
832 5671 1203 5749 *δ”Απᾷᾂαγά
1227 5675 1345 5749 Alia
1372 5687 1453 5733 est
1476 5671 1636 5749 lectio
1660 5675 1701 5749 li
1733 5671 1822 5749 ei
1859 5675 1880 5749 ξ
1906 5673 2081 5729 Ταῦτα

2182 5671 2669 5749 ίέμᾷροντήᾳίας.
2701 5671 3255 5749 Βέξεξὶη-(ξοιι.Αιῖιοιο.Δ
3318 5677 3338 5709 ⁸
3360 5680 3479 5749 cod.
3514 5671 3752 5749 21:96;-

482 5746 693 5816 φέρειν.
820 5745 872 5797 Γ
874 5740 1169 5820 ᾀρηΑϋθει
1195 5760 1224 5801 a
1250 5747 1372 5820 cod.
1402 5750 1453 5812 Ι,
1571 5747 1629 5820 __"
1662 5744 1978 5820 Ἰουδαίων.
2013 5759 2078 5820 co

2182 5740 2451 5820 Megisten.
2491 5740 2541 5820 43
2564 5745 2694 5820 eqd.
2732 5742 2881 5820 Flor.
2911 5745 3166 5820 ἐνταῦθα.
3238 5746 3409 5820 food.
3452 5749 3474 5804 1
3512 5740 3769 5820 εὐφραία.

484 5810 670 5884 νομαι.
748 5813 792 5845 ⁸⁸
811 5810 934 5870 cod.
972 5810 998 5863 1
1036 5818 1412 5887 μνημονεύων.
1439 5810 1446 5812 ἡ
1493 5816 1533 5847 “
1561 5815 1691 5872 Καί.
1713 5815 1881 5872 Abest
1909 5828 1940 5870 a
1970 5815 2081 5871 cod.

2182 5852 2186 5867 .
2266 5814 2311 5846 “
2340 5813 2461 5871 cod.
2492 5813 2526 5869 2
2551 5814 2920 5888 ἀνθρωπίνην.
2993 5816 3038 5849 ³⁸
3067 5817 3189 5874 cod.
3229 5817 3252 5872 1
3286 5819 3447 5891 αὐτῇ.
