4090 6406
438 293 573 358 1001

1803 289 1885 349 IN
1924 289 2130 350 PSAL.
2189 289 2351 350 XIX.

3579 291 3717 360 1002

504 411 571 465 δ’.
612 430 630 461 ι
671 406 957 477 Μνησθείη
992 404 1263 477 Κύριοςη
1296 404 1480 477 πάσης
1526 405 1721 470 θυσίας
1767 423 1889 460 σου·
1936 408 2015 461 xu‘

2206 406 2372 463 Vens.
2403 408 2454 461 4.
2491 426 2509 459 ι
2534 404 2740 462 Memor
2768 404 2839 463 sit
2861 406 3043 463 omnis
3070 403 3234 481 726
3259 407 3517 464 sacriﬁcii
3539 410 3639 479 tui,
3661 420 3718 469 et

429 501 495 553 τὸ
544 495 910 566 ὁλοκαύτωμά
965 510 1062 546 σου
1103 493 1376 547 πιανάτω.
1423 511 1442 544 ι
1517 492 1742 564 Ἐπειδὴ
1773 494 1864 548 xui
1901 494 2021 549 ἐντ’

428 590 510 663 τῷ
525 590 627 659 τῆς
648 590 874 659 εἰρήνης
899 585 1077 657 καιρῷ
1099 587 1196 656 τῆς
1228 585 1380 647 θείας
1400 586 1720 656 ἐπεμελεῖτο
1742 586 2018 658 λατρείας,

429 684 657 744 εἰκότως
682 680 855 734 ταῦτα
886 680 1012 748 περὶ
1032 680 1197 733 αὐτοῦ
1223 679 1453 746 διεξίασι
1471 680 1541 745 ⁷⁸,
1571 680 2022 752 παρακαλοῦντες

426 776 525 829 τὸν
581 773 691 828 τῶν
755 773 892 826 ὅλων
940 772 1072 825 Θεὸν
1104 771 1319 824 ἀπιδεῖν
1349 774 1430 835 εἰς
1477 772 1577 842 τὴν
1627 772 1722 826 τοῦ
1752 772 2021 843 βασιλέως

429 866 749 923 εύσέΰειανο
782 864 880 919 xui
902 863 1011 917 τῶν
1040 863 1251 917 πολλῶν
1285 864 1378 917 καὶ
1410 864 1774 918 παντοδαπῶν
1806 866 2020 936 ἱερείων

433 958 767 1029 μνησθῆναι,
806 956 903 1009 xui.
930 954 1115 1008 δοῦναι
1144 954 1308 1008 πάλιν
1342 955 1591 1025 εἰρήνην,
1630 955 1717 1008 ἵνα
1773 955 2020 1009 πλείοσιν

428 1050 599 1104 αὐτὸν
635 1046 996 1118 ὲξιλεώσηται
1028 1045 1259 1116 θύμασι·
1301 1046 1361 1100 τὺ
1388 1047 1519 1117 γὰρ,
1553 1066 1572 1099 ι
1626 1047 2021 1118 Ὀλοκαύτωμά

430 1159 530 1195 σου
555 1142 827 1205 πιανάτω,
858 1160 876 1192 ι
914 1138 1088 1201 οὕτως
1118 1141 1147 1192 ὁ
1173 1138 1473 1211 Σύμμαχος
1502 1141 1872 1211 ήρμήνευσεν,
1909 1144 2018 1197 Καὶ

426 1234 549 1302 τὴν
575 1231 892 1301 ἀναφοράν
919 1247 1036 1285 σου
1072 1231 1384 1286 auctora"
1412 1230 1640 1301 ποιήσῃ
1663 1232 1730 1263 ’⁸⁵
1771 1232 2018 1287 τουτέστι

424 1324 531 1395 τὴν
594 1322 705 1377 ἀπὺ
758 1322 861 1392 τῆς
922 1321 1149 1393 εἰρήνης
1201 1322 1391 1376 ἄδειαν
1428 1322 1574 1388 δοὺς,
1621 1323 1885 1395 παράσχῃ
1928 1340 2014 1376 σοι

425 1415 646 1488 καιρὸν,
672 1414 754 1477 εἰς
774 1414 835 1466 τὸ
866 1412 1115 1466 πλείοσιν
1141 1412 1306 1467 αὑτὸν
1339 1412 1556 1476 θυσίαις
1599 1412 2015 1477 ὲξιλεώσασθαι.

498 1514 562 1561 ε’.
602 1526 620 1559 t
663 1505 786 1577 Δώῃ
816 1523 900 1558 σοι
925 1505 1135 1575 Κύριος
1164 1506 1307 1558 κατά
1334 1506 1436 1576 τὴν
1482 1504 1714 1576 καρδίαν
1761 1521 1889 1558 σου·
1924 1505 2019 1558 xui

424 1602 615 1654 πᾶσαν
654 1599 755 1669 τὴν
805 1597 1002 1668 βουλήν
1056 1615 1153 1650 σου
1199 1598 1511 1669 πληρώσαι.
1557 1616 1576 1648 ι
1637 1597 1740 1650 Τὸν
1786 1597 2013 1664 δίκαιον,

422 1691 586 1760 φησι,
611 1688 806 1759 κριτὴν
842 1687 1181 1757 ἰκετεύομεν,
1221 1690 1285 1758 τῇ
1310 1688 1408 1759 τῆς
1442 1687 1622 1758 ψυχῆς
1647 1705 1740 1741 σου
1776 1690 2014 1761 καθαρό-

419 1799 551 1851 τητι
579 1778 925 1848 κατάλληλον
964 1778 1065 1848 τὴν
1099 1779 1369 1832 ἀντίδοσιν
1393 1779 1601 1831 δοῦναι.

418 1966 521 2022 καὶ
541 1967 602 2019 ἐν
617 1964 842 2034 ὀνόματι
876 1962 1082 2035 Κυρίου
1105 1962 1244 2015 Θεοῦ
1277 1963 1309 2030 ή
1319 1962 1436 2031 μῶν
1465 1962 2014 2034 μεγαλυνθησόμεθα.

419 2055 723 2128 Πληρώσαι
749 2055 954 2127 Κύριος
982 2055 1161 2108 πάντα
1195 2055 1264 2107 τὰ
1289 2055 1572 2125 αἰτήματα
1605 2055 1704 2125 τῆς
1729 2056 1959 2127 καρδίας
1972 2058 2016 2089 ἰτ

422 2167 543 2202 σου.
599 2167 619 2199 ι
690 2146 793 2199 Σοῦ
822 2148 868 2178 ⁷⁸
898 2146 1007 2218 γὰρ
1061 2146 1161 2208 τὰς
1203 2146 1448 2214 αἰτήσεις
1489 2144 1886 2216 λαμὸἀνοντος,
1926 2148 2020 2201 καὶ

417 2241 590 2310 ἡμεῖς
638 2238 1057 2308 κοινωνήσομεν
1109 2239 1209 2307 τῇς
1258 2235 1641 2307 εὐφροσύνης,
1693 2240 2018 2307 περιφανεῖς

418 2332 519 2385 xui.
557 2330 910 2401 περίϐλεπτοι
941 2332 1006 2399 τῇ
1038 2327 1134 2381 τοῦ
1181 2327 1318 2381 Θεοῦ
1378 2328 1611 2399 δυνάμει
1675 2329 2016 2398 γιγνόμενοι.

425 2445 446 2477 ι
485 2422 601 2478 Νῦν
632 2422 808 2491 έγνων
829 2423 914 2476 ὅτι
946 2422 1124 2476 ἔσωσε
1164 2421 1373 2492 Κύριος
1408 2421 1501 2474 τὸν
1540 2422 1783 2491 Χριστὸν
1815 2423 1981 2476 αὑτοῦ
2001 2439 2015 2453 ·

418 2516 796 2571 ἐπακούσεται
846 2514 1013 2568 αὐτοῦ
1062 2512 1122 2579 ἐξ
1157 2511 1390 2583 ούρανοῦ
1445 2512 1603 2582 ἁγίου
1647 2512 1835 2567 αὐτοῦ.
1884 2534 1903 2566 ι
1941 2515 2019 2568 Δι’

419 2610 646 2675 αὐτῶν,
706 2609 888 2679 φησι,
960 2607 1368 2678 μεμαθήκαμεν
1440 2607 1552 2660 τῶν
1634 2608 2017 2679 πραγμάτων,

418 2703 497 2767 ὡς
563 2702 644 2774 τῷ
709 2701 831 2773 Θεῷ
909 2700 1196 2772 θαρρήσας
1275 2700 1304 2751 ὁ
1371 2699 1645 2770 ἡμέτερος
1713 2698 1969 2770 βασιλεὺς
2001 2739 2016 2765 ,

421 2792 680 2858 τεύξεται
720 2791 824 2862 τῆς
881 2790 1192 2862 σωτηρίαςο
1238 2788 1335 2844 xui.
1390 2791 1449 2843 ὲν
1521 2789 1602 2860 τῷ
1650 2790 1801 2844 κάτω
1852 2790 2016 2860 vati)"

428 2882 758 2955 προσφέρων
831 2883 932 2943 τὰς
992 2878 1265 2944 ἱκετείας,
1358 2876 1569 2933 ἄνωθεν
1638 2877 1859 2947 δέχεται
1915 2878 2015 2947 τὴν

429 2974 708 3046 βοήθειαν.
756 2973 977 3043 Ἐπειδὴ
997 2973 1042 3005 ⁸⁰
1101 2971 1211 3043 γὰρ
1259 2970 1463 3037 ἔδειξεν
1488 2970 1655 3025 αὐτὸν
1713 2971 2018 3041 προσευχό-

425 3084 592 3139 μενον
621 3067 790 3134 κάτω,
818 3067 1093 3120 δείκνυσιν
1109 3065 1151 3097 ⁸³
1179 3064 1388 3119 ἄνωθεν
1424 3062 1795 3133 βοηθούμενον
1816 3079 1830 3093 ·
1862 3080 1880 3113 t
1926 3063 2014 3117 Ἐν

418 3160 767 3224 δυναστείαις
816 3161 851 3229 ή
917 3156 1228 3228 σωτηρία⁸³
1303 3156 1402 3225 τῆς
1474 3154 1658 3219 δεξιᾶς
1731 3153 1920 3211 αὐτοῦ.
1984 3175 2004 3209 ι
2041 3140 2082 3196 C

415 3254 693 3323 Μέγιστον
713 3253 762 3286 ⁸³
810 3251 922 3323 γὰρ
974 3248 1254 3322 σωτηρίας
1330 3249 1364 3319 ή
1428 3246 1531 3316 τῆς
1590 3245 1759 3299 αὐτοῦ
1826 3244 2008 3312 δεξιᾶς

413 3347 670 3417 δύναμις,
720 3345 789 3417 ήν
834 3345 949 3406 τοῖς
1005 3340 1328 3413 προσιοῦσιν
1370 3338 1579 3411 ὀρέγει.
1632 3337 1846 3403 Δεξιὰν
1868 3336 1917 3369 ⁸⁸
1952 3337 2010 3391 δὲ

412 3441 579 3497 πάλιν
608 3437 845 3493 ἐνταῦθα
880 3434 1245 3509 ἀνθρωπίνως
1269 3433 1482 3505 εἴρηκε,
1513 3433 1613 3505 τὴν
1648 3432 1801 3487 θείαν
1832 3430 2007 3496 οὕτως

409 3532 705 3604 ὀνομάζων
746 3531 1054 3600 ἐνέργειαν.

448 3650 451 3653 η
483 3631 559 3696 η’,
580 3624 648 3679 θ’,
684 3643 703 3674 ι
724 3616 888 3677 Οὗτοι
908 3626 967 3675 ὲν
990 3611 1227 3692 ἅρμασι,
1247 3619 1341 3672 xui.
1361 3608 1508 3670 οὗτοι
1530 3618 1588 3671 ὲν
1608 3616 1819 3681 ἵπποις
1844 3616 2007 3687 ἡμεῖς

408 3718 471 3773 δὲ
506 3719 567 3771 ὲν
604 3716 834 3788 ὀνόματι
870 3713 1082 3785 Κυρίου
1104 3711 1245 3766 Θεοῦ
1278 3712 1309 3781 ή
1321 3709 1438 3781 μῶν
1466 3708 1912 3780 ὲπικαλεσόμεθα
1934 3710 2003 3765 ⁸⁸.

407 3808 584 3863 Αὐτοὶ
618 3805 1090 3876 συνεποδίσθησαν
1112 3802 1207 3856 καὶ
1242 3800 1463 3866 ἔπεσον,
1502 3802 1664 3871 ἡμεῖς
1689 3800 1747 3854 δὲ
1772 3799 2008 3871 ἀνέστη-

414 3921 517 3974 μεν
540 3902 638 3955 καὶ
662 3896 1098 3969 άνωρθώθημεν.
1129 3915 1147 3946 ι
1182 3896 1436 3961 Ἐκεῖνοι,
1468 3894 1658 3963 φησὶν.
1690 3892 1879 3955 ἵπποις
1908 3893 2006 3945 xui.

410 3995 630 4066 ἅρμασι
708 3989 1044 4063 θαρροῦντες
1106 3986 1366 4055 οὐδεμιᾶς
1443 3982 1659 4037 ἐκεῖθεν
1728 3981 2007 4053 ὠφελείας

410 4088 739 4145 ἀπώναντοο
784 4083 900 4138 ἀλλ’
947 4081 1199 4152 ἀοράτως
1262 4076 1729 4147 συμποδισθέντες
1770 4074 2006 4129 κατέπε-

411 4198 510 4236 σον
528 4196 543 4211 ·
580 4181 744 4250 ἡμεῖς
770 4177 828 4230 δὲ
850 4176 949 4248 τὴν
975 4174 1130 4228 θείαν
1158 4170 1632 4240 ἐπικαλεσάμενοι
1654 4166 2001 4243 συμμαχίαν,

406 4273 510 4344 τῆς
565 4269 841 4342 σωτηρίας
892 4265 1191 4339 προφανῶς
1231 4263 1638 4334 τετυχήκαμεν,
1689 4261 1782 4315 xui.
1839 4260 2004 4314 οἱονεὶ

405 4360 934 4421 καταπεπτωκότων
988 4359 1069 4430 τῷ
1121 4357 1275 4427 φόὸῳ
1322 4355 1433 4409 τῶν
1481 4354 1783 4426 πολεμίων,
1831 4352 2004 4423 ὑπέρ-

404 4475 563 4531 τεροι
594 4455 706 4510 τῶν
750 4452 1038 4525 δυσμενῶν
1083 4447 1502 4520 ἀπεφάνθημεν.

2125 500 2511 556 holocaustum
2530 509 2682 555 tuum
2707 499 2906 572 pingue
2923 494 3370 567 [inta‘Qtioniam
3393 502 3557 557 etiam
3578 510 3718 559 tem-

2125 605 2256 660 porc
2281 592 2433 661 pacis
2458 590 2704 645 divinum
2737 591 2944 646 cultum
2979 592 3224 647 studiose
3247 593 3497 663 curabat,
3523 595 3722 651 merito

2125 682 2243 736 ιιωυ
2297 682 2364 736 dc
2393 681 2513 750 ipso
2558 680 2764 746 dicunt,
2800 690 3084 750 precantes
3120 681 3502 737 universorum
3543 681 3719 739 Deum

2125 783 2184 828 ut
2217 774 2475 843 reSpiciat
2514 772 2657 843 regis
2685 772 2965 842 pietatem,
3008 782 3060 828 et
3094 775 3390 829 multorum
3426 775 3722 846 omnisque

2124 865 2340 934 generis
2373 862 2772 918 sacriﬁciorum
2818 864 3159 929 recordetur,
3198 879 3500 934 rursusque
3528 880 3720 936 pacem

2123 957 2410 1021 concedat,
2444 966 2503 1010 ut
2524 955 2773 1025 pluribus
2796 955 2975 1025 ipsum
3004 956 3290 1012 sacriﬁciis
3318 957 3579 1026 placaret.
3606 955 3723 1014 Hoc

2121 1047 2291 1112 enim,
2337 1066 2356 1099 ‹
2396 1047 2786 1103 llolocaustum
2829 1057 2982 1103 tuum
3025 1050 3222 1118 pingue
3249 1049 3363 1112 ﬁat,
3406 1068 3425 1102 ι
3456 1051 3529 1106 ita
3559 1051 3722 1123 Sym-

2123 1139 2353 1195 machus
2402 1139 2793 1210 interpretatus
2844 1147 2968 1195 est:
3020 1138 3339 1209 Ampliorem
3396 1141 3721 1197 oblationem

2124 1240 2271 1285 tuam
2320 1232 2525 1303 faciat;
2574 1230 2680 1288 hoc
2738 1242 2850 1299 est,
2891 1232 3185 1290 securitate
3225 1234 3376 1304 pacis
3415 1249 3715 1301 concessa,

2121 1323 2359 1391 praebeat
2393 1324 2490 1380 tibi
2545 1339 2736 1381 ansam
2783 1332 2844 1379 ut
2886 1324 3136 1395 pluribus
3187 1326 3364 1396 ipsum
3430 1327 3720 1384 sacriﬁciis

2122 1419 2327 1490 places.

2201 1511 2364 1569 Vsus.
2394 1513 2448 1567 5.
2488 1531 2507 1564 ι
2547 1510 2777 1568 Tribuat
2804 1512 2901 1568 tibi
2947 1513 3254 1569 secundum
3312 1527 3410 1569 cor
3455 1523 3630 1582 tuum,
3666 1517 3722 1570 et

2120 1621 2283 1663 omne
2313 1608 2606 1664 consilium
2642 1617 2798 1663 tuum
2831 1608 3146 1665 conﬁrmet.
3176 1629 3194 1661 ι
3237 1608 3480 1673 Justum,
3517 1610 3721 1680 inquit,

2116 1701 2357 1771 judicem
2410 1716 2697 1771 precamur
2751 1712 2810 1757 ut
2869 1712 2975 1758 tua:
3039 1702 3239 1759 animae
3311 1703 3539 1774 puritati
3590 1718 3723 1761 con-

2050 1772 2401 1862 B'g'ruentem
2453 1794 2951 1850 remunerationem
3012 1794 3300 1866 largiatur.

499 1871 574 1938 ς’,
606 1874 670 1938 ζ’.
710 1890 729 1925 ι
784 1870 1263 1940 ’Λγαλλιασόμεθα
1318 1871 1415 1923 ἐπὶ
1450 1869 1529 1941 τῷ
1575 1872 1833 1942 σωτηρίῳ
1883 1888 2013 1926 σοιν
2063 1922 2074 1939 ,

2195 1880 2359 1938 Vens.
2400 1884 2455 1948 6,
2512 1883 2560 1937 7.
2610 1904 2628 1937 ι
2658 1883 2991 1940 Laetabimur
3025 1885 3093 1940 de
3123 1885 3353 1940 salutari
3402 1895 3496 1942 tuo
3537 1895 3637 1942 :et
3665 1889 3720 1942 in

2117 1975 2343 2030 nomine
2368 1974 2462 2029 Dei
2488 1977 2661 2032 nostri
2687 1978 3182 2048 magniﬁeabimur.
3206 1977 3431 2050 Impleat
3456 1980 3721 2037 Dominus

2118 2081 2308 2123 omnes
2331 2068 2620 2135 pelitiones
2637 2071 2819 2127 cordis
2852 2070 2952 2126 tui.
2976 2090 2998 2144 ι
3027 2070 3103 2127 Te
3126 2071 3295 2138 enim,
3321 2074 3468 2143 quod
3490 2075 3718 2145 petiisti,

2118 2159 2439 2230 accipiente,
2494 2162 2659 2216 etiam
2716 2178 2817 2218 nos
2887 2164 3089 2220 laetitia:
3139 2165 3435 2236 participes
3486 2168 3716 2233 erimus,

2118 2252 2251 2306 clari
2288 2263 2340 2307 et
2368 2252 2609 2309 illustres
2631 2253 2725 2308 Dei
2759 2256 2994 2325 potentia
3036 2256 3181 2314 facti.
3226 2276 3243 2309 ι
3279 2258 3435 2315 Nunc
3483 2259 3719 2332 cognovi

2120 2343 2413 2399 Dominum
2447 2346 2658 2401 salvum
2697 2344 2891 2405 fecisse
2922 2350 3198 2407 Christum
3227 2367 3387 2409 suum
3418 2369 3432 2407 :
3465 2353 3721 2411 exaudiet

2120 2437 2273 2492 illum
2318 2438 2387 2493 de
2422 2440 2560 2496 coelo
2587 2450 2779 2496 sancto
2808 2457 2929 2498 suo.
2969 2461 2988 2495 ι
3047 2443 3273 2511 Rerum,
3323 2446 3516 2517 inquit,
3548 2462 3718 2518 expc-

2119 2530 2314 2585 rieutia
2344 2530 2656 2597 didicimus,
2691 2549 2870 2603 regem
2905 2543 3155 2590 nostrum
3190 2536 3299 2593 Deo
3328 2537 3527 2593 fretum
3561 2539 3716 2594 salu-

2121 2631 2226 2675 tem
2248 2633 2696 2684 consecuturum.
2722 2633 2776 2680 et
2812 2628 2865 2679 in
2894 2625 3143 2683 inferiori
3183 2631 3388 2699 templo
3419 2645 3613 2701 preces
3636 2632 3718 2685 of-

2118 2710 2409 2777 ferentem,
2427 2713 2501 2768 de
2527 2714 2797 2784 superiori
2820 2716 3086 2770 auxilium
3111 2718 3381 2788 accipere.
3406 2719 3713 2791 Postquam

2117 2804 2265 2859 enim
2300 2805 2543 2860 ostendit
2582 2807 2759 2874 ipsum
2803 2806 3031 2862 inferius
3072 2821 3403 2878 precantem,
3446 2811 3713 2878 ostendit,

2119 2896 2281 2966 727
2311 2911 2438 2951 eum
2458 2897 2523 2951 de
2554 2898 2824 2967 superiori
2844 2897 2964 2953 loco
2994 2901 3258 2956 auxilium
3292 2911 3514 2958 nactum
3540 2919 3664 2962 esse
3695 2921 3710 2960 :

2124 3007 2142 3039 ι
2179 2988 2238 3042 1n
2289 2989 2659 3059 potentatibus
2702 2990 2851 3046 salus
2891 2990 3128 3048 dextera:
3162 2993 3302 3063 ejus.
3342 3013 3359 3047 ι
3412 2994 3713 3052 Maximum

2117 3080 2263 3134 enim
2281 3089 2366 3136 est
2388 3082 2580 3138 salutis
2596 3082 2860 3139 auxilium
2882 3085 3118 3141 dexterae
3138 3085 3311 3156 ipsius
3336 3086 3530 3156 virtus,
3545 3104 3711 3158 quam

2118 3172 2185 3228 ad
2227 3188 2287 3228 se
2324 3174 2712 3230 accedentibus
2753 3176 3006 3247 porrigit.
3051 3176 3335 3232 Dexteram
3372 3188 3555 3234 autem
3585 3194 3712 3235 rur-

2118 3279 2215 3321 sus
2243 3265 2333 3321 hic
2374 3266 2618 3321 humano
2647 3282 2798 3323 more
2836 3268 2994 3335 dixit,
3028 3269 3269 3325 divinam
3304 3270 3599 3341 potentiam
3629 3272 3712 3329 sic

2116 3359 2417 3428 appehans.

2189 3610 2355 3669 Vens.
2408 3612 2463 3681 8,
2510 3618 2565 3669 9.
2603 3635 2621 3666 ι
2660 3613 2726 3670 lli
2773 3616 2829 3672 in
2870 3619 3152 3685 curribus,
3187 3620 3264 3675 illi
3297 3621 3355 3677 in
3390 3624 3570 3695 equis,
3609 3639 3710 3682 nos

2117 3715 2301 3761 autem
2343 3707 2396 3760 in
2432 3708 2656 3763 nomine
2704 3710 2917 3765 Domini
2958 3710 3055 3768 Dei
3088 3714 3263 3769 nostri
3306 3716 3708 3776 invocabimus.

2114 3799 2224 3867 Ipsi
2266 3798 2415 3867 ligati
2452 3808 2602 3863 sunt,
2635 3808 2690 3854 et
2722 3802 3063 3870 ceciderunt,
3101 3818 3202 3861 nos
3236 3816 3421 3863 autem
3459 3812 3709 3866 surrexi-

2114 3905 2259 3954 mus,
2291 3898 2346 3944 et
2380 3892 2547 3946 erecti
2591 3907 2807 3950 sumus.
2839 3913 2859 3945 ι
2898 3894 3002 3961 Illi,
3044 3895 3142 3963 ait,
3168 3899 3326 3968 equis
3352 3910 3407 3956 et
3450 3904 3708 3961 curribus

2112 3982 2261 4051 freti,
2295 3985 2433 4039 nihil
2475 3986 2726 4043 utilitatis
2768 3988 2919 4045 illinc
2945 4004 3331 4064 perceperunt,
3379 3996 3474 4051 sed
3509 3997 3706 4053 invisi-

2114 4076 2208 4133 bili
2251 4079 2414 4134 modo
2444 4081 2729 4151 praepediti
2770 4083 3090 4140 ceciderunt
3124 4105 3137 4140 :
3180 4101 3282 4143 nos
3318 4103 3471 4159 vero,
3519 4091 3705 4149 divino

2114 4170 2405 4242 implorato
2435 4174 2660 4240 auxilio,
2691 4176 2925 4231 salutem
2947 4178 3128 4249 palam
3163 4183 3445 4238 consecuti
3486 4198 3701 4255 sumus,

2112 4271 2168 4319 et
2195 4267 2739 4337 tanquam'collapsis
2769 4270 2842 4325 ob
2872 4279 3134 4329 terrorem
3169 4274 3421 4333 hostibus
3451 4278 3703 4350 superio-

2112 4370 2200 4412 res
2239 4359 2472 4413 inimicis
2503 4359 2879 4428 apparuimus.

484 4509 616 4603 ἓξ.
655 4509 1061 4620 Κύριείσῶσον
1117 4509 1221 4595 τὸν,
1264 4509 1488 4612 βασζλέα
1512 4555 1528 4571 °
1594 4539 1693 4593 xui.
1758 4538 2002 4594 ἐπάκου-

2182 4533 2350 4593 Vens.
2376 4534 2463 4589 10.
2503 4553 2521 4586 ι
2554 4536 2804 4603 Domine,
2841 4539 3051 4596 salvum
3083 4539 3169 4597 fac
3193 4556 3394 4614 regem,
3414 4551 3470 4599 et
3503 4545 3700 4602 exaudi

408 4660 509 4698 σον
547 4641 706 4714 ἡμῶν
765 4644 824 4694 ἐν
967 4639 1034 4694 ἂν
1084 4638 1273 4710 ἡμέρᾳ
1326 4632 1793 4702 ὲπικαλεσὼμεθά
1846 4649 1926 4686 σε.
1980 4649 1998 4683 ι

408 4736 707 4805 Τοιγάρτοι
739 4731 1011 4803 τοσαύτης
1059 4727 1473 4788 ἀπολαύσαντες
1508 4723 1875 4795 ἀντιλήψεως,
1908 4724 2005 4777 xui.

404 4829 558 4900 ἡμᾶς
576 4828 622 4859 ⁸⁵
667 4826 888 4889 αὐτοὺς,
949 4823 1046 4877 καὶ
1075 4823 1167 4876 τὸν
1201 4821 1472 4892 ἡμέτερον
1509 4816 1737 4885 βασιλέα
1792 4816 1999 4887 ταύτης

409 4918 854 4992 μεταλαγχάνειν
881 4914 1150 5005 διηνεκῶς
1177 4913 1520 4984 ἱκετεύομεν,
1552 4912 1822 4966 Δέσποτα.

2113 4643 2213 4684 nos
2270 4628 2359 4683 die
2398 4642 2509 4698 quo
2550 4628 2989 4688 invocaret-imus
3030 4643 3099 4688 te.
3132 4653 3151 4685 ι
3199 4633 3526 4704 Hujusmodi
3570 4653 3703 4709 ergo

2112 4720 2485 4791 adjumentum
2519 4723 2824 4788 consecuti,
2864 4725 3218 4783 obsecramus
3242 4737 3315 4793 te,
3356 4726 3607 4800 Domine,
3641 4739 3702 4787 ut

2110 4820 2164 4867 et
2187 4811 2528 4882 nosmetipsi,
2560 4821 2615 4868 et
2644 4830 2739 4869 rex
2763 4826 2969 4885 noster,
3000 4818 3160 4888 hujus
3189 4820 3375 4877 auxilii
3400 4822 3702 4895 participes

2110 4921 2302 4962 SIDIUS.

1518 5133 1756 5189 VARle
1798 5132 2183 5190 LECTIONES
2213 5131 2299 5186 ET
2328 5131 2564 5190 NOTAE.

479 5331 527 5363 "
566 5328 799 5395 Κύριος.
836 5327 1007 5381 Abest
1055 5340 1085 5378 a
1153 5324 1455 5395 eod.Aug.

404 5398 603 5455 MOntf.
678 5398 903 5466 Hexapl.

1530 5320 1579 5351 "
1615 5320 1726 5375 Καὶ
1779 5321 1871 5375 ἐν.
1925 5320 2089 5376 codd.
2158 5322 2298 5390 Aug.
2352 5321 2477 5374 κὰν.

966 5395 1118 5463 Orig.
1172 5403 1210 5447 t.
1278 5393 1319 5457 I,
1379 5388 1433 5462 p'.
1479 5391 1624 5463 499,
1682 5392 2043 5463 leg._r=£ovat_,
2114 5391 2208 5463 sed
2250 5388 2517 5463 'nostram
2576 5406 2797 5463 quoque
2858 5388 3147 5447 lectionem
3182 5407 3274 5463 ex
3341 5404 3453 5463 uno
3486 5388 3689 5463 codice

403 5469 707 5526 recensuit.
785 5460 980 5520 "'cod.
1038 5460 1341 5533 (ποιήσοι.
1383 5460 1464 5494 ’⁷⁷
1510 5460 1626 5528 Τῆς
1678 5460 1950 5529 καρδίας.
1989 5461 2007 5514 1

2164 5462 2218 5515 in
2244 5532 2249 5533 γ
2272 5476 2417 5533 vers.
2440 5460 2655 5533 ⁸(ἓιίιξςξιι
2684 5460 2891 5533 ςόεεείιι.

2607 5319 2651 5353 ⁷⁵
2699 5322 2824 5377 cod.
2864 5322 2899 5376 2
2938 5321 3185 5389 διέξεισι.
3301 5322 3348 5353 ’⁸
3404 5318 3686 5375 Πλείονα.

3006 5463 3051 5495 ⁷⁸
3088 5461 3225 5515 Σοῦ.
3296 5458 3418 5513 cod.
3483 5458 3517 5511 2
3563 5458 3680 5515 τοῦ.

404 5542 451 5573 ⁷⁸
472 5544 597 5594 eoi.
626 5539 661 5590 ‘2
682 5534 809 5604 ναῷ.
886 5537 932 5567 ⁸ο
970 5537 1092 5590 eod.
1129 5527 1271 5585 ἐπεί.
1306 5534 1351 5565 δι
1380 5527 1720 5604 Δείκνυσιν.
1750 5527 1880 5604 food.
1913 5533 1950 5604 ἢ
1994 5545 2015 5583 a

2125 5540 2144 5584 t
2199 5532 2381 5585 αὐτόν.
2437 5530 2482 5604 ⁸ξ
2513 5532 2637 5586 cod.
2672 5532 2697 5585 1
2731 5532 2831 5601 τῆς
2866 5534 3189 5604 σωτηρία-ς.-
3235 5529 3282 5560 ⁸³
3317 5527 3685 5604 Μέγιστονέ-

405 5613 510 5680 dpe-
536 5627 624 5662 ‘El.
650 5600 773 5661 emi.
816 5611 831 5660 l
869 5609 1128 5674 δυνάμεις
1176 5608 1290 5666 τοῖς
1316 5603 1639 5682 προσιοῦσιν
1667 5602 1905 5672 ὀρέγειν.
1935 5600 2011 5653 Ita

405 5711 478 5723 --
510 5629 834 5733 ἀνέργειαν.
870 5677 990 5731 [Lee
1024 5692 1193 5733 nanea
1232 5687 1443 5727 ιειιιιιιιη
1494 5674 1718 5726 exhibet
1752 5672 1916 5725 (10rd.
1948 5686 2003 5733 ι).

2121 5618 2261 5671 oque
2285 5604 2408 5657 cod.
2459 5602 2514 5665 2,
2542 5604 2633 5671 qui
2667 5600 2852 5657 tamen
2898 5600 3057 5656 habet
3101 5600 3304 5670 ὀρέγει.

2122 5678 2159 5725 l.
2238 5672 2283 5704 ⁸⁵
2317 5672 2859 5733 Ἐπικαλεσόμεθα.
2886 5672 3008 5729 cod.
3043 5673 3065 5725 ί
3128 5670 3303 5733 μεγαλ

3400 5598 3442 5627 ’⁸⁵⁸
3472 5600 3684 5657 Δεέιὰν

581 5679 834 5747 ἐργειαλν.
870 5668 1461 5751 l|._cc:pattcainnititur
1494 5668 1916 5751 elt'ltibet‘ﬂord.
1948 5686 2003 5751 ρ.

2122 5668 2187 5725 ).“
2238 5672 2283 5751 ξ’
2317 5668 2859 5751 Ἐπικςιλεοξόμεθα.
2886 5672 3008 5729 cod.
3043 5673 3065 5725 ι
3128 5668 3673 5742 μεγαλυνΘησ-ὶμείια,

402 5766 530 5822 qua:
565 5741 786 5805 cst-rec.
821 5749 977 5800 lectio
1010 5741 1064 5799 Il.
1096 5747 1134 5799 l.
1209 5745 1255 5776 ⁸⁵
1290 5746 1398 5797 Καὶ
1430 5741 1590 5812 ἡμᾶς
1619 5773 1690 5785 -
1720 5741 2015 5813 διηνεκῶς

2118 5758 2204 5800 es.
2245 5743 2301 5798 in
2331 5744 2454 5800 cod.
2486 5744 2512 5798 l
2546 5754 2600 5799 et
2630 5745 2684 5799 2.

726 5842 998 5901 l’AmOL.
1030 5840 1146 5901 Gn.
1178 5836 1407 5899 LXXX.

3283 5827 3359 5893 32
