4090 6426
408 282 552 347 1003
932 326 947 339 ρ

815 398 833 417 ⁴
870 391 1139 449 ΙΝΤΕΒΡ.
1183 392 1430 448 PSALMI
1468 394 1584 450 XX.

478 486 731 547 Vsss.,i.
764 506 784 541 ι
820 487 877 543 ln
906 486 1091 552 tinem,
1118 487 1366 557 psalmus
1394 487 1604 544 Davidi.
1638 507 1658 543 ι
1689 488 1822 546 Post
1847 490 1996 547 illam

408 577 673 633 illustrem
706 586 870 647 atque
903 575 1244 646 splendidam
1285 577 1597 642 victoriam,
1630 579 2000 653 Assyriosque

408 669 670 726 invisibili
696 670 862 725 modo
890 666 1121 737 deletos,
1152 669 1345 726 beatus
1370 670 1632 728 Ezechias
1659 672 1713 727 in
1742 673 1999 730 morbum

406 760 597 816 incidit
626 761 669 815 ί.
707 758 925 815 Etcum
962 776 1061 831 per
1085 761 1409 832 prophetam
1442 762 1636 819 Isaiam
1673 781 1733 821 se
1765 767 1998 822 moritu—

406 868 527 906 rnm
566 852 869 919 didicisset,
916 853 1254 910 ferventibus
1301 855 1558 925 lacryrnis
1604 858 1770 928 728
1829 857 1998 915 Deum

406 944 648 1011 placans.
689 953 744 1001 et
774 948 970 1002 morbo
1010 947 1274 1003 liberatus
1304 957 1409 1015 est,
1455 957 1510 1004 et
1546 951 1859 1020 quindecim
1896 968 1997 1007 an-

404 1052 602 1093 norum
652 1039 777 1093 vitae
815 1039 1239 1108 promissionem
1286 1042 1518 1112 accepit.
1581 1041 1794 1099 Rursus
1836 1046 2001 1112 igitur

404 1128 628 1185 divinus
672 1130 840 1185 David
893 1146 959 1185 ex
997 1147 1230 1202 persona
1279 1134 1466 1204 populi
1525 1134 1671 1191 hunc
1727 1137 1997 1205 psalmum

404 1227 758 1297 conscripsit,
794 1227 867 1283 ob
890 1228 1038 1298 regis
1067 1242 1387 1299 prosperam
1425 1208 1792 1286 valetudinem
1823 1230 1996 1287 Deum

402 1319 658 1375 laudans.

474 1411 645 1466 Vens.
676 1414 731 1476 2,
759 1411 815 1466 3.
849 1430 868 1462 ι
904 1410 1157 1478 Domine,
1181 1412 1231 1466 in
1260 1413 1461 1469 virtute.
1483 1423 1571 1468 tua
1591 1414 1862 1470 Irelabitnr
1880 1432 1996 1481 rex,

404 1512 459 1557 et
487 1516 656 1572 super
686 1502 926 1557 salutare
960 1510 1112 1557 tuum
1144 1505 1441 1560 exsultabit
1478 1507 1844 1562 vehementer.
1897 1508 1998 1565 De-

407 1594 676 1651 siderium
712 1595 897 1651 cordis
938 1595 1059 1666 ejus
1098 1596 1337 1654 tribuisti
1377 1599 1449 1665 ei,
1494 1608 1547 1653 et
1591 1600 1869 1655 voluntate
1915 1600 1998 1654 la-

406 1686 624 1745 biorum
649 1686 769 1756 ejus
798 1701 905 1741 non
937 1686 1204 1745 fraudasti
1235 1705 1381 1745 eum.
1423 1710 1442 1743 ι
1483 1690 1622 1746 Cum
1656 1702 1870 1762 potens,
1912 1694 1998 1747 in-

1367 281 1858 344 TIIEODORETI
1893 284 2238 346 EPISCUPI
2293 288 2668 351 CYRENSIS

2029 408 2076 466 A

3552 292 3571 353 i
3583 291 3691 357 004

2422 400 2687 456 ΕΡΜΙΙΝ.
2746 401 2885 456 ΤΟΥ
2945 404 2992 457 Κ
3041 404 3361 457 ΨΛΑΜΟΥ.

2177 500 2245 549 α’.
2285 512 2304 546 ι
2356 494 2450 559 Ei;
2480 494 2543 548 τὸ
2580 494 2756 559 τέλος,
2798 495 3015 566 ψαλμδς
3056 497 3133 568 τῷ
3177 496 3361 551 Δαϐἱδ.
3400 515 3416 548 ι
3477 497 3691 550 Mati“

2106 587 2206 661 τὴν
2233 588 2394 660 νίκην
2425 589 2643 660 ἐκείνην
2673 588 2773 660 τὴν
2805 589 3068 660 λαμπρὰν
3116 589 3212 643 καὶ
3257 591 3557 661 περιφανῆ,
3596 593 3694 645 καὶ

2105 680 2214 734 τῶν
2257 679 2558 751 Ἀσσυρίων
2584 681 2676 733 τὸν
2723 680 2961 751 ἀόρατον
2996 682 3240 752 ὀλεθρον,
3281 684 3310 734 ὁ
3348 684 3624 755 μακάριος
3644 686 3690 716 ⁸⁸

2104 770 2462 843 ἠρρώστησεν
2531 771 2802 837 Ἐζεκίας.
2867 773 2982 826 Καὶ
3027 773 3116 827 διὰ
3168 774 3266 827 τοῦ
3337 778 3625 847 προφήτου
3645 778 3694 815 θ’

2118 862 2343 916 Ἡσαΐου
2378 862 2570 933 μαθὼν
2588 865 2657 929 ³⁸,
2690 864 2767 928 ὡς
2810 863 3153 936 τεθνήξεται,
3203 866 3436 937 δάκρυσι
3469 866 3696 937 θερμοῖς

2108 950 2474 1024 ίλεωσάμενος
2501 953 2593 1007 τὸν
2613 954 2748 1007 Θεὸν
2768 994 2781 1018 ,
2807 954 2902 1007 καὶ
2924 957 3023 1026 τῆς
3054 954 3211 1008 νόσου
3234 955 3334 1026 τὴν
3369 955 3694 1028 ἀπαλλαγὴν

2105 1044 2287 1110 ἔλαϐε,
2311 1046 2407 1100 καὶ
2427 1045 2590 1099 πέντε
2618 1047 2711 1100 καί
2734 1046 2869 1099 δέκα
2894 1046 3160 1101 ἐνιαυτῶν
3182 1045 3332 1117 ζωῆς
3351 1048 3697 1116 ἐπαγγελίαν

2105 1135 2344 1201 ἐδέξατο.
2366 1137 2535 1192 Πάλιν
2556 1139 2599 1170 ⁹¹
2629 1139 2810 1192 τοίνυν
2832 1141 2861 1192 ό
2885 1138 3028 1203 θεῖος
3046 1137 3231 1205 Δασὶδ,
3256 1137 3333 1201 ὡς
3359 1139 3424 1192 ἐκ
3441 1140 3488 1172 ³⁸
3520 1157 3698 1211 προσ·-

2106 1226 2258 1279 ὡπου
2304 1225 2399 1279 τοῦ
2455 1227 2610 1293 λαοῦ,
2661 1229 2757 1282 καὶ
2816 1230 3007 1283 τοῦτον
3053 1228 3262 1301 ἔγραψε
3307 1229 3400 1283 τὸν
3454 1230 3696 1301 ψαλμὸν,

2105 1318 2199 1371 ἐπὶ
2225 1320 2292 1389 τῇ
2328 1317 2421 1371 τοῦ
2451 1318 2718 1389 βασιλέως
2751 1319 2937 1390 ὑγιείᾳ
2965 1319 3059 1375 τὸν
3109 1319 3247 1374 Θεὸν
3275 1320 3539 1391 ἁνυμνῶν
3555 1321 3626 1373 ’³.

2177 1411 2242 1481 β’,
2270 1417 2341 1478 γ’.
2383 1428 2402 1462 ι
2437 1412 2633 1483 Κύριε,
2655 1412 2714 1465 ἐν
2735 1416 2802 1484 τῇ
2834 1413 3064 1483 δυνάμει
3089 1429 3183 1467 σου
3210 1413 3645 1486 εὐφρανθήσεται
3666 1414 3698 1466 ὁ

2107 1501 2399 1573 βασιλεύς’
2455 1504 2551 1555 καὶ
2596 1503 2689 1555 ἐπὶ
2728 1503 2805 1574 τῷ
2854 1504 3108 1575 σωτηρίῳ
3163 1521 3259 1556 σου
3296 1504 3695 1571 ἁγαλλιάσεται

2107 1596 2332 1667 σφόδρα.
2367 1594 2478 1666 Τὴν
2509 1593 2808 1665 ἐπιθυμίαν
2836 1599 2935 1666 τῆς
2959 1595 3185 1667 καρδίας
3204 1595 3252 1628 ’⁸
3285 1593 3452 1649 αὐτοῦ
3486 1595 3694 1660 ἔδωκας

2105 1687 2253 1759 αὐτῷ
2282 1705 2296 1719 ·
2350 1687 2444 1741 καὶ
2498 1686 2598 1758 τὴν
2647 1687 2867 1757 θέλησιν
2888 1687 2935 1719 ³⁸
2984 1688 3094 1741 τῶν
3126 1687 3353 1758 χειλέων
3398 1687 3567 1741 αὐτοῦ
3595 1688 3695 1741 οὐκ

409 1780 549 1849 quit,
586 1779 663 1835 sis
684 1790 738 1834 et
765 1780 1056 1851 benignus,
1084 1781 1396 1839 humaniter
1427 1800 1616 1855 preces
1649 1788 1822 1842 nostri
1856 1788 2001 1857 regis
2034 1778 2038 1832 1

2106 1781 2407 1853 ἐστέρησας
2448 1781 2631 1834 αὐτόν.
2674 1798 2692 1831 ι
2719 1780 2957 1845 Δυνατὺς
2982 1779 3078 1847 ὢν,
3113 1781 3248 1851 φησὶ
3267 1781 3335 1847 ’⁵,
3371 1780 3468 1834 καὶ
3501 1778 3696 1849 φιλάνο

408 1869 707 1935 admisisti,
740 1880 796 1927 et
835 1887 1026 1929 omnes
1069 1875 1361 1945 petitiones
1403 1878 1452 1932 ei
1488 1878 1811 1933 concessisti
1842 1898 1856 1933 :
1889 1879 1999 1934 imo

294 1976 311 2001 ’ς
409 1977 541 2019 vero
588 1962 798 2035 majora
856 1966 1213 2035 petitionibus
1263 1968 1407 2025 dona
1458 1970 1690 2042 largitus
1745 1986 1825 2028 es.
1883 1969 2001 2028 Hoc

402 2057 557 2113 enim
586 2057 893 2129 subjunxit.

481 2235 648 2294 Vens.
693 2238 747 2293 4.
786 2257 805 2289 ι
854 2239 1124 2307 Quoniam
1156 2241 1461 2309 praevenisti
1496 2257 1621 2298 eum
1658 2243 2000 2301 benedictio-

412 2330 576 2387 nibus
601 2330 909 2389 dulcedinis
936 2352 949 2387 :
983 2333 1292 2404 imposuisti
1317 2334 1483 2404 capiti
1506 2336 1626 2405 ejus
1648 2352 1909 2393 coronam
1934 2337 2001 2394 de

408 2422 588 2494 lapide
617 2423 878 2494 pretioso.
922 2444 942 2478 ι
979 2425 1111 2480 Nam
1138 2441 1364 2497 regnum
1399 2426 1478 2482 illi
1505 2442 1613 2482 non
1646 2442 1874 2499 rogatus
1902 2433 1999 2487 do-

415 2516 558 2571 nasti
595 2534 609 2571 :
654 2518 875 2588 prOpria
915 2532 1044 2575 vero
1081 2518 1429 2586 liberalitate,
1473 2520 2002 2591 regali.diademate

409 2618 577 2678 caput
599 2608 721 2679 ejus
746 2611 973 2665 ornasti.

483 2700 652 2756 Vens.
679 2702 733 2757 5.
767 2720 787 2755 ι
830 2700 1005 2757 Vitam
1042 2702 1196 2773 petiit
1227 2718 1258 2759 a
1290 2711 1363 2766 te,
1395 2713 1449 2758 et
1477 2703 1719 2760 tribuisti
1751 2707 1798 2759 ei
1822 2706 2002 2780 longi-

410 2792 654 2848 tudinem
686 2793 900 2850 dierum
937 2796 990 2850 in
1027 2795 1289 2852 saeculum
1322 2796 1531 2852 saeculi.
1565 2815 1583 2848 ι
1624 2796 1865 2868 Accepit,
1917 2801 2003 2854 in-

409 2882 549 2950 quit,
579 2882 845 2953 quidquid
874 2884 1048 2954 petiit,
1090 2893 1145 2942 et
1180 2885 1344 2939 vitam
1379 2885 1617 2942 obtinuit
1647 2900 1809 2958 quam
1849 2900 2005 2959 opta-

410 2972 522 3028 bat.
550 2971 664 3030 Hoc
687 2975 833 3031 enim
882 2975 939 3029 in
965 2976 1222 3033 saeculum
1259 2977 1464 3043 swculi,
1502 2977 1740 3035 futuram
1784 2997 2005 3052 quoque

407 3065 576 3120 vitam
605 3064 837 3138 [sanctis
866 3066 1143 3140 paratam]
1170 3066 1530 3136 demonstrat,
1562 3086 1682 3142 qua:
1717 3072 2004 3129 immorta-

407 3156 619 3213 litatem
638 3157 826 3214 habet.
1512 3149 1518 3156 ’

484 3246 653 3306 Vsus.
685 3249 739 3303 6.
784 3267 806 3302 ι
840 3248 1033 3320 Magna
1066 3259 1151 3307 est
1179 3254 1349 3324 gloria
1382 3253 1502 3325 ejus
1530 3254 1584 3309 in
1620 3255 1849 3312 salutari
1887 3264 2001 3321 tuo,

334 3412 335 3415 η
413 3337 641 3408 gloriam
678 3346 734 3393 et
761 3354 1020 3409 magnum
1064 3341 1316 3399 decorem
1368 3344 1615 3415 impetres
1663 3343 1763 3401 illi.
1811 3364 1830 3398 ι
1883 3342 2004 3400 Non

414 3431 594 3487 solum
634 3430 783 3486 enim
812 3430 978 3504 729
1016 3434 1065 3488 ei
1091 3435 1321 3491 salutem
1363 3437 1604 3502 donasti,
1643 3451 1836 3491 verum
1882 3434 2006 3488 illu-

411 3532 584 3579 strem
631 3522 784 3577 illum
819 3524 1101 3580 reddidisti
1141 3535 1196 3582 et
1239 3528 1471 3593 clarum,
1523 3536 1641 3583 tum
1694 3523 2003 3582 admirabili

417 3616 656 3672 hostium
706 3617 951 3683 interitu,
1000 3625 1116 3673 tum
1161 3620 1323 3679 etiam
1360 3620 1506 3691 quod
1550 3619 1635 3675 sol
1668 3628 2005 3690 praepostero

415 3709 610 3765 ordine
652 3711 958 3766 cucurrerit
995 3710 1042 3766 i.
1086 3711 1236 3767 Adeo
1282 3721 1465 3767 autem
1512 3712 1618 3767 hoc
1660 3719 1801 3765 terra
1838 3708 2006 3763 mari-

414 3818 523 3871 que
554 3813 745 3858 notum
766 3803 970 3858 factum
991 3813 1097 3869 est,
1122 3809 1182 3861 ut
1202 3805 1627 3876 Babyloniorum
1653 3818 1749 3858 rex
1770 3803 1839 3858 iis
1860 3801 2005 3858 dona

414 3894 668 3960 miserit,
732 3895 828 3966 qui
886 3896 1018 3951 olim
1075 3896 1320 3968 Assyriis
1385 3896 1527 3952 dona
1610 3894 2003 3966 largiebantur.

417 3990 433 4009 '
462 3986 691 4058 Propter
743 3987 1036 4044 Ezechiam
1084 3989 1234 4045 enim
1279 3990 1385 4046 hoc
1416 3990 1587 4046 solem
1627 3988 1875 4048 eﬂ‘ecisse
1918 3990 2005 4046 vel

415 4095 636 4150 passum
671 4095 814 4147 esse,
858 4082 1172 4153 suspicatus
1207 4090 1326 4149 est,
1380 4082 1731 4155 Assyriorum
1782 4097 1914 4140 nece
1947 4085 2005 4138 in

413 4179 798 4241 argumentum
822 4180 1002 4229 utens.

479 4312 653 4404 .Vses.
683 4349 736 4403 7.
771 4367 791 4401 ‹
820 4348 1089 4417 Quoniam
1115 4350 1273 4407 dabis
1291 4350 1341 4408 ei
1365 4350 1800 4408 benedictionem
1824 4348 1879 4404 in
1906 4363 2007 4405 sae-

410 4438 598 4493 culum
624 4440 808 4495 steculi
839 4460 854 4498 :
880 4442 1180 4499 laetilicabis
1214 4458 1340 4498 eum
1375 4444 1429 4497 in
1468 4443 1666 4514 gaudio
1699 4456 1823 4497 cum
1851 4440 2005 4495 vultu

2106 1873 2329 1944 θρωπος
2347 1873 2415 1940 ⁸⁷,
2446 1870 2695 1943 εὐμενῶς
2748 1872 2916 1937 ἐδέξω
2945 1871 3041 1927 τοῦ
3080 1871 3345 1943 βασιλέως
3397 1871 3557 1942 ἡμῶν
3592 1870 3696 1941 τὴν

2102 1965 2418 2036 προσευχήν
2442 1980 2456 1996 ·
2484 1965 2579 2018 καί
2606 1963 2789 2027 πάσας
2817 1964 2968 2035 αὐτῷ
2997 1964 3238 2030 δέδωκας
3266 1965 3367 2028 τὰς
3405 1965 3652 2034 αἰτήσεις
3676 1979 3691 1994 ’

2103 2056 2306 2127 μᾶλλον
2335 2056 2392 2109 δὲ
2430 2055 2652 2127 μείζους
2690 2056 2803 2111 τῶν
2848 2057 3117 2125 αἰτήσεων
3143 2056 3354 2128 δωρεὰς
3399 2055 3691 2126 ἐδωρήσω.

2101 2148 2275 2203 Τοῦτο
2308 2149 2416 2220 γὰρ
2444 2148 2747 2219 ἐπήγαγεν.

2170 2240 2234 2294 δ’.
2275 2260 2294 2293 ι
2330 2241 2453 2294 Ὅτι
2487 2239 2844 2311 προέφθασας
2870 2239 3035 2295 αὐτὸν
3063 2240 3123 2297 ὲν
3146 2241 3424 2309 εὐλογίαις
3456 2240 3692 2312 χρηστό-

2100 2349 2266 2405 τητος
2289 2347 2302 2362 ο
2334 2331 2541 2402 ἔθηκας
2571 2330 2666 2383 ἐπὶ
2700 2329 2801 2401 τὴν
2829 2331 3079 2402 κεφαλὴν
3122 2331 3289 2388 αὐτοῦ
3332 2332 3598 2402 στέφανον
3630 2332 3696 2385 ὲκ

2101 2424 2252 2478 λίθου
2307 2424 2515 2495 τιμίου.
2559 2443 2578 2476 ι
2623 2423 2736 2495 Τὴν
2797 2423 3080 2493 βασιλείαν
3132 2424 3242 2495 γὰρ
3287 2422 3393 2477 οὐκ
3438 2421 3691 2492 αἰτηθεὶς

2103 2516 2384 2587 παρέσχες
2432 2514 2582 2587 αὐτῷ
2609 2532 2623 2546 ο
2659 2515 2840 2588 οἰκείᾳ
2885 2515 2945 2569 δὲ
2984 2514 3273 2587 φιλοτιμίᾳ
3314 2515 3393 2587 τῷ
3429 2514 3697 2585 βασιλικῷ

2105 2607 2356 2678 στεφάνῳ
2391 2605 2490 2678 τὴν
2524 2606 2770 2676 κεφαλὴν
2799 2606 2969 2659 αὐτοῦ
2998 2606 3450 2678 κατεκόσμησας.

2177 2694 2241 2751 ε’.
2282 2716 2300 2747 ι
2342 2697 2498 2765 Ζωὴν
2530 2695 2775 2768 ﬁtque-:6
2807 2712 2888 2761 σε,
2916 2696 3012 2749 καὶ
3040 2695 3248 2759 ἔδωκας
3290 2694 3440 2766 αὐτῷ
3485 2693 3697 2765 μακρός

2112 2806 2255 2860 τητα
2279 2787 2508 2859 ἡμερῶν
2536 2791 2618 2853 εἰς
2663 2786 2836 2842 αἰῶνα
2862 2787 3082 2851 αἰῶνος.
3126 2806 3146 2840 ι
3181 2787 3404 2851 Ἔλαϐε,
3441 2787 3605 2858 φησὶν
3622 2785 3695 2851 ’⁸,

2103 2883 2241 2953 ὅπερ
2273 2881 2521 2935 ἱκέτευσε
2542 2881 2610 2947 ⁸⁸,
2640 2880 2737 2935 καὶ
2765 2880 3033 2951 τετύχηκε
3060 2879 3207 2949 ζωῆς
3235 2881 3302 2951 ἢν
3329 2879 3589 2951 ἐπόθησε.
3620 2878 3696 2933 Τὸ

2104 2972 2214 3042 γὰρ
2237 2970 2422 3026 αἰῶνα
2441 2969 2655 3037 αἰῶνος
2693 2972 2791 3026 καί
2822 2970 2915 3024 τὸν
2962 2970 3235 3041 μέλλοντα
3268 2970 3385 3041 βίον
3435 2971 3688 3042 παραδη-

2107 3064 2208 3127 λοῖ,
2241 3062 2355 3135 [τὸν
2377 3064 2393 3094 ¹
2424 3066 2537 3127 τοῖς
2563 3063 2741 3132 ἁγίοις
2783 3062 3276 3137 ηὐτρεπισμένον,]
3303 3065 3360 3130 ὃς
3390 3066 3454 3120 τὸ
3496 3064 3691 3122 ἀνώλεο

2032 3139 2076 3198 C
2112 3155 2239 3227 θρον
2270 3156 2406 3228 ἔχει.

2178 3250 2255 3315 ς’.
2296 3268 2315 3302 ι
2353 3249 2635 3321 Μεγάληὴ
2667 3249 2798 3316 δόξα
2824 3250 2995 3304 αὐτοῦ
3028 3252 3086 3304 ὲν
3138 3250 3216 3323 τῷ
3251 3251 3511 3325 σωτηρίῳ
3562 3269 3694 3307 σουο

2105 3341 2266 3408 δόξαν
2300 3343 2396 3396 καὶ
2444 3342 2925 3415 μεγαλοπρέπειαν
2980 3344 3263 3416 ἐπιθήσεις
3308 3346 3399 3401 ἐπ’
3440 3344 3624 3401 αὐτόν.
3667 3363 3689 3398 ι

2107 3435 2184 3488 Οὐ
2218 3435 2330 3506 γὰρ
2357 3436 2518 3506 μόνον
2540 3436 2562 3467 ¹
2595 3436 2870 3507 σωτηρίαν
2904 3435 3056 3506 αὐτῷ
3079 3435 3403 3509 δεδώρησαι,
3430 3421 3575 3491 ἄλλα
3596 3436 3693 3491 καὶ

2107 3527 2384 3597 περιφανῆ
2417 3529 2509 3580 καί
2541 3527 2785 3598 ὑψηλὸν⁸
2820 3528 3130 3598 πεποίηκας
3162 3530 3348 3592 αὐτὸν,
3408 3529 3505 3584 καὶ
3534 3529 3695 3601 περί-

2108 3618 2376 3685 ϐλεπτον,
2408 3618 2487 3689 τῷ
2531 3635 2591 3671 τι
2621 3618 2733 3674 τῶν
2791 3620 3067 3691 πολεμίων
3107 3620 3397 3693 παραδόξῳ
3450 3621 3690 3692 θανάτῳ,

2106 3710 2203 3764 καὶ
2229 3710 2308 3782 τῷ
2344 3712 2437 3765 τὸν
2467 3712 2621 3782 ἥλιον
2663 3712 2763 3784 τὴν
2813 3714 3067 3768 ἐναντίαν
3120 3714 3374 3786 δραμεῖν.
3433 3714 3591 3769 Οὐτω
3634 3713 3695 3769 δδ

2105 3802 2265 3857 τοῦτο
2294 3803 2572 3875 πανταχοῦ
2600 3804 2704 3875 γῆς
2758 3804 2853 3858 καὶ
2908 3804 3182 3876 θαλάττης
3215 3805 3438 3875 ἐγένετο
3486 3805 3692 3877 γνώρι-

2110 3912 2212 3968 μον
2229 3896 2272 3963 ⁸,
2301 3896 2379 3960 ὡς
2404 3896 2514 3949 τῶν
2539 3896 2901 3951 Βαϐυλωνίων
2921 3897 3015 3950 τὸν
3038 3897 3265 3968 βασιλέα
3285 3898 3441 3968 δῶρα
3471 3897 3692 3970 πέμψαι

2105 3990 2223 4053 τοῖς
2250 3986 2423 4045 πάλαι
2469 3987 2655 4059 δῶρα⁵
2694 3991 2810 4051 τοίς
2866 3987 3172 4059 ’Δσσυρίοις
3211 3988 3534 4060 παρέχουσι.
3581 3985 3692 4041 Τοῦ

2106 4081 2218 4153 γὰρ
2270 4080 2515 4144 Ἐζεκίου
2568 4082 2733 4153 χάριν
2791 4080 3037 4135 ὑπέλασε
3087 4079 3250 4135 τοῦτο
3302 4079 3624 4151 δεδρακέναι
3651 4079 3689 4151 ἦ

2106 4174 2433 4229 πεπονθέναι
2476 4173 2569 4228 τὸν
2622 4172 2794 4243 ἥλιον,
2836 4172 2915 4245 τῷ
2957 4172 3069 4228 τῶν
3123 4172 3423 4244 Ἀσσυρίων
3468 4170 3692 4241 θανάτῳ

2105 4262 2390 4336 χρώμενος
2417 4263 2730 4335 τεκμηρίφο

2176 4354 2241 4419 ζ’.
2282 4373 2301 4406 ι
2347 4355 2471 4410 ὀτι
2508 4354 2651 4426 δῲης
2674 4356 2695 4388 ⁸
2730 4352 2921 4424 αὐτῷ’
2952 4352 3206 4423 εὐλογίαν
3241 4353 3325 4419 εἰς
3351 4353 3528 4408 αἰῶνα
3554 4351 3691 4408 τοῦ⁸

2107 4445 2325 4509 αἰῶνος,
2355 4446 2650 4517 εὐφρανεῖς
2681 4444 2849 4499 αὐτὸν
2891 4446 2949 4500 ὲν
2988 4444 3140 4515 χαρᾷ
3198 4445 3338 4514 μετὰ
3375 4443 3471 4498 τοῦ
3519 4431 3735 4515 προσο’

415 4542 531 4587 tuo.
563 4551 583 4585 ι
611 4532 672 4589 In
696 4534 976 4602 omnibus,
1001 4535 1197 4607 inquit,
1221 4535 1438 4593 saeculis
1463 4534 1700 4592 celebris
1730 4543 1895 4603 atque
1917 4533 2002 4589 di-
2035 4540 2038 4591 1

2106 4534 2259 4588 ὠπου
2282 4551 2397 4588 σου.
2412 4553 2431 4585 ι
2454 4535 2565 4587 Καὶ
2580 4534 2601 4566 ⁸
2631 4534 2690 4587 έν
2704 4532 2946 4595 ἁπάσαις
2970 4532 3029 4587 δὲ
3049 4532 3116 4598 ¹⁶,
3138 4530 3293 4602 φησὶ,
3316 4532 3436 4593 ταῖς
3470 4530 3690 4600 γενεαῖς

420 4623 672 4697 vulgatus
728 4625 853 4692 erit.
905 4642 1030 4684 cum
1062 4638 1270 4686 tantam
1309 4628 1453 4700 apud
1509 4638 1563 4684 te
1599 4627 1855 4682 ﬁduciam
1901 4626 2000 4681 ha-

493 4784 514 4827 !
556 4781 628 4841 Ν
654 4783 785 4857 Reg.
810 4802 901 4843 xx.
981 4785 996 4839 ἰ
1047 4787 1184 4845 ibid.

2109 4623 2353 4695 ἀοίδιμος
2383 4623 2558 4689 ἔσται,
2590 4623 2687 4677 καί⁵
2722 4620 3188 4697 πολυθρύλλητος,
3226 4621 3499 4692 τοσαύτην
3521 4620 3688 4689 ἐσχη-

1514 4893 1750 4951 νΑΒΙᾹΞ
1791 4895 2180 4953 LECTIONES
2220 4898 2306 4953 ΕΤ
2340 4895 2573 4954 NOTAE.

485 5040 530 5072 ⁸⁷
566 5038 747 5104 Μετὰ,
785 5054 841 5094 κ.
877 5056 930 5093 τ.
960 5038 1013 5094 λ.
1045 5039 1105 5093 In
1138 5037 1261 5093 cod.
1289 5039 1324 5093 3
1353 5038 1468 5092 haec

414 5108 461 5142 ⁵⁸
492 5108 813 5177 Μακάριος.
850 5110 977 5164 cod.
1008 5110 1042 5161 2
1080 5107 1245 5171 θεῖος.
1336 5108 1383 5141 ⁸⁸
1410 5107 1616 5177 Προφή

414 5176 719 5244 (ίνυμνῶν.
754 5179 879 5234 Haec
910 5187 1125 5234 tantum
1163 5179 1325 5234 habet
1363 5176 1604 5234 Cord.’t.
1635 5176 1677 5244 l,

416 5246 678 5321 Ἀρξεται
691 5248 873 5321 τοίνυν
895 5248 1070 5321 οὕτως
1089 5248 1186 5302 τοῧ
1206 5246 1429 5321 ίψαξλμοῦ
1452 5249 1486 5318 ἡ

1622 5125 1751 5165 του.
1812 5107 1932 5163 cod.
1963 5108 1998 5163 5

412 5320 499 5375 est
527 5320 742 5386 ξδέησιν.
818 5320 869 5351 ⁸⁵

413 5391 468 5460 1,
505 5389 542 5443 2
575 5388 683 5460 γὰρ
714 5390 830 5443 καί.
869 5388 947 5443 Ita
986 5403 1207 5460 quoque
1228 5403 1337 5460 apu

899 5319 1078 5386 Φησι.
1115 5320 1239 5375 cod.
1272 5319 1309 5372 ε

1416 5388 1583 5444 Cord.
1621 5403 1678 5457 p.
1732 5386 1858 5442 575.

412 5530 576 5583 Curti.
606 5530 642 5585 1.
671 5544 731 5600 ο.
760 5573 769 5578 -
826 5530 962 5600 {oo
993 5529 1103 5600 γὰρ

415 5670 469 5731 1,
518 5670 553 5721 ‘2
593 5667 902 5736 γνώρισμα.

1527 5037 1842 5107 βτωοθιίιιιιι
1880 5054 1894 5091 :
1934 5037 2050 5090 Οὐκ
2096 5030 2196 5090 οἶδ’
2226 5036 2349 5091 ὅθεν
2375 5038 2476 5101 τὰς
2510 5038 2806 5105 ὑποθέσεις
2860 5038 3138 5110 πλαττόμε

1527 5107 1751 5161 ιωήτου.
1812 5107 1932 5161 cod.
1963 5108 1998 5161 5
2062 5108 2356 5161 μακαρίου.
2457 5109 2503 5142 ⁸⁸
2532 5107 2774 5161 Μαθὼν.
2807 5109 2928 5161 cod.
2958 5111 2991 5161 5
3025 5112 3138 5161 εἰπι

2060 5124 2356 5180 tentasset:-

1707 5193 1761 5248 p.
1794 5176 1919 5250 επ).
1996 5177 2038 5250 ’ξ

2106 5175 2405 5250 ΕκςΑϋεει
2441 5180 2622 5250 acod.
2670 5178 2725 5250 2.
2812 5178 2871 5250 ,9³
2893 5177 3227 5250 Ἀνυμνῶν.
3260 5177 3390 5250 (εοιῘΔ
3420 5177 3455 5232 3
3487 5175 3682 5250 addit:

3146 5056 3234 5104 νος
3287 5035 3398 5092 τῶν
3426 5036 3535 5107 ψαλ
3543 5035 3682 5105 μῶν.

2457 5109 2503 5142 ⁸⁸
2532 5107 2774 5165 Μαθὼν.
2807 5109 2928 5163 cod.
2958 5111 2991 5164 5
3025 5106 3217 5163 εἰπών.
3314 5109 3361 5140 ⁹¹
3396 5106 3591 5161 Πάλιν
3615 5134 3688 5146 --

1506 5245 1734 5302 διάνοια.
1813 5248 1860 5318 ξι
1888 5246 2038 5316 Καρδ

2106 5265 2168 5318 ις.
2202 5245 2334 5302 Rec.
2375 5249 2539 5305 lectio
2575 5256 2661 5303 est
2691 5247 2897 5318 ψυχῆς.
2974 5250 3018 5282 ⁸³
3038 5245 3330 5318 Θέλησιν.
3359 5245 3492 5301 Rec.
3521 5246 3685 5318 lectio

1387 5315 1527 5389 ὐσει.
1604 5318 1649 5359 ἰτ
1680 5315 2037 5389 diuidi-0pr

2106 5344 2126 5370 π.
2150 5316 2207 5372 ln
2234 5318 2357 5373 cod.
2380 5321 2415 5375 5
2438 5315 2990 5389 εειιυὴιιιίδέσποτα,
3037 5320 3155 5374 καί.
3189 5315 3197 5389 ί
3229 5320 3279 5353 ⁵⁸
3300 5318 3525 5389 ΔΦησίν.
3557 5315 3682 5389 cod.

1968 5387 2013 5420 ⁹⁹
2034 5389 2157 5460 cod.
2195 5389 2221 5442 1
2264 5399 2319 5442 et
2352 5389 2409 5455 2,
2451 5385 2622 5460 ειᾴιιθν
2659 5388 2828 5445 Cord.
2868 5390 2903 5442 Ι.
2937 5385 2990 5445 ο.
3025 5385 3315 5452 ίκετεύσαξ
3358 5385 3682 5460 ἐπήγγειλε.

416 5459 432 5490 ¹
473 5460 584 5513 Τὸν
604 5458 673 5502 -ὲ
703 5458 1207 5528 ηὺτρεπισμένὸν.
1245 5458 1321 5513 Ex
1351 5459 1437 5513 his
1472 5473 1596 5526 quae
1628 5458 1750 5513 cod.
1802 5458 1827 5510 1
1858 5468 1913 5512 et
1936 5458 1973 5512 2
2001 5474 2038 5513 es

2114 5459 2282 5528 ibent,
2319 5458 2664 5514 emendanda
2713 5469 2797 5514 est
2834 5460 2998 5515 lectio

1132 5531 1349 5599 μόνον,
1380 5546 1436 5581 κ.
1480 5528 1529 5582 λ.
1562 5528 1683 5583 cod.
1722 5528 1756 5581 5
1785 5542 1974 5597 praem.
2018 5528 2038 5565 ἰ

2126 5531 2207 5599 εἰς
2237 5527 2331 5581 τὸν
2368 5530 2619 5594 Ἐζεκίαν
2648 5530 2985 5597 παραλαϐὼν
3023 5527 3115 5583 τὸν

416 5601 599 5668 μόνον,
625 5617 683 5653 κ.
721 5598 771 5651 λ.
848 5598 871 5631 ³
896 5597 1010 5652 Καί
1041 5597 1307 5667 ὑψὴλόν.
1372 5600 1543 5653 Abest
1580 5614 1612 5653 a
1655 5599 1778 5652 eod.
1819 5600 2038 5666 August

416 5670 469 5724 1.
518 5670 553 5721 ‘2
593 5667 902 5724 γνώρισμα.
1012 5670 1035 5702 ⁸
1066 5670 1187 5724 cod.
1226 5670 1276 5724 1.
1305 5670 1339 5724 2
1366 5669 1557 5724 δῶρον.
1593 5668 1714 5723 cod.
1750 5668 1784 5721 5
1847 5668 2033 5724 φόρον.

2109 5597 2265 5653 deest
2297 5600 2463 5655 etiam
2501 5600 2643 5669 apud
2706 5601 2872 5655 Cord.

2148 5669 2167 5701 ⁸
2192 5667 2378 5724 Δώης.
2425 5671 2547 5724 cod.
2578 5673 2614 5724 2
2659 5671 2872 5724 δώσεις.

1066 5684 1187 5724 eoa.
1226 5684 1276 5732 ι,
1305 5684 1339 5724 2
1366 5686 1557 5738 οωρον.
1593 5684 1714 5723 cou.
1750 5684 1784 5721 'o
1830 5684 2033 5739 Acpapov.

3085 5455 3500 5529 ὐπρεπισμένον
3531 5455 3681 5529 apud

3163 5525 3379 5600 ψαλμδν
3433 5527 3559 5600 ἔφη.
3602 5525 3681 5600 Οὐ

2906 5616 2959 5670 p.
3014 5601 3119 5654 575
3147 5593 3203 5670 et
3238 5593 3364 5654 3'79.
3411 5666 3431 5670 Α
3476 5593 3681 5670 "loud.

2148 5669 2167 5701 ⁸
2192 5667 2378 5733 Δῴης.
2425 5664 2551 5725 cod.
2578 5673 2614 5725 2
2659 5671 2873 5734 δώσεις.
2906 5664 2920 5670 ’
2985 5672 3005 5702 "
3028 5669 3217 5737 Αὐτῷ.
3251 5670 3373 5727 cod.
3404 5666 3441 5721 2
3492 5664 3681 5721 αὐτόν.

412 5737 433 5769 ⁸
465 5738 574 5793 Τοῦ
627 5738 752 5793 Des.
811 5739 865 5793 in
908 5738 1031 5795 cod.
1076 5741 1125 5810 l,
1155 5740 1209 5793 2.
1286 5742 1305 5772 ⁹
1331 5737 1465 5795 Καί.
1488 5740 1653 5795 Abest
1681 5755 1711 5795 a
1745 5737 1866 5794 cod.
1900 5737 1952 5798 1,
1987 5738 2038 5792 2.

2121 5739 2165 5773 ³ο
2204 5738 2497 5807 Ἀπιίσαις
2520 5740 2605 5796 δέ.
2638 5742 2760 5797 cod.
2790 5740 2824 5794 2
2849 5741 3074 5805 πάσαις.
