4090 6448
439 416 573 485 1011

1411 410 1905 474 THEODORETI
1939 402 2280 470 EPISCOPI
2318 409 2687 473 CYRENSIS

3574 416 3714 481 1012

345 563 351 569 -
432 551 523 595 tur
576 551 834 607 magnum
875 534 1137 590 Joannem
1180 532 1509 588 clamantem
1544 546 1558 583 ι
1604 549 1621 582 ι
1656 529 1795 584 Ecce
1831 528 2018 598 Agnus

2128 520 2237 580 οἷόν
2268 544 2328 581 τε
2355 523 2425 598 ἦν
2451 528 2545 582 τὸν
2584 529 2683 600 οὑχ
2712 531 3072 602 ἡμαρτηκότα
3108 532 3310 603 λέγειν,
3352 528 3572 608 μακρὲν
3603 538 3714 589 ἀπὸ

432 630 532 686 Dei
564 629 657 701 qui
690 630 827 684 tollit
855 638 1137 698 peccatum
1164 624 1353 680 mundi
1383 622 1425 677 ι.
1462 642 1481 675 ι
1509 622 1574 677 Et
1605 621 1852 677 divinum
1883 619 2021 674 Pau-

436 726 549 780 lum
592 723 860 777 dicentem
899 740 911 775 :
970 740 987 773 ι
1035 721 1171 775 Eum
1214 721 1230 742 ⁶
1260 719 1356 789 qui
1400 732 1508 773 non
1560 721 1787 769 noverat
1824 726 2022 783 pecca-

435 831 572 881 tum,
592 832 691 889 pro
712 818 871 875 nobis
893 817 1055 888 735
1073 824 1357 887 peccatum
1379 811 1527 879 fecit,
1550 821 1609 865 nt
1638 824 1739 866 nos
1767 809 2023 865 ﬁeremus

432 911 649 981 justitia
690 911 745 965 in
770 911 969 981 ipso”.
1013 928 1030 959 ι
1072 908 1137 964 Et
1160 922 1355 963 rursus
1390 924 1403 959 ε
1449 923 1467 957 ι
1503 903 1762 958 Christus
1791 899 2026 956 redemit

439 1016 535 1058 nos
571 1017 636 1057 ex
672 1002 1061 1057 maledictione
1101 1000 1258 1071 legis,
1292 998 1472 1053 factus
1508 1009 1610 1066 pro
1646 992 1809 1048 nobis
1850 990 2024 1046 male-

438 1094 608 1149 dictio
630 1102 678 1148 υ.
715 1113 733 1145 ι
779 1092 1257 1160 Quemadmodum
1289 1090 1496 1159 itaque,
1532 1101 1659 1142 cum
1689 1084 1763 1141 sit
1790 1083 1913 1139 fons
1935 1083 2025 1152 ju-

439 1183 623 1246 stitiae,
663 1193 914 1238 nostrum
947 1189 1230 1252 peceatum
1259 1177 1523 1248 suscepit,
1558 1188 1794 1245 cumque
1820 1172 1891 1229 sit
1930 1172 2025 1226 be-

442 1274 775 1329 nedictionis
821 1274 1072 1345 pelagus,
1130 1269 1573 1326 maledictionem
1628 1266 1788 1322 nobis
1843 1264 2025 1318 immi-

441 1374 661 1419 nentem
710 1364 940 1432 accepit,
994 1370 1048 1418 et
1096 1376 1315 1418 crucem
1360 1357 1624 1416 sustinuit
1669 1354 2024 1427 opprobrium

442 1455 797 1527 despiciens;
831 1455 913 1511 sic
940 1463 995 1510 et
1038 1469 1138 1525 pro
1184 1453 1348 1509 nobis
1386 1451 1553 1508 verba
1591 1448 1740 1505 fecit.
1783 1446 1839 1503 Si
1878 1444 2024 1501 enim

443 1548 606 1602 nobis
670 1555 932 1602 statutam
983 1546 1326 1616 disciplinam
1380 1550 1573 1615 sponte
1621 1539 1788 1598 subiit
1851 1538 2025 1608 (nam

450 1660 468 1690 ι
508 1639 800 1710 disciplina
830 1638 984 1709 pacis
1011 1646 1211 1693 nostrae
1255 1652 1420 1708 super
1448 1651 1597 1698 eum,
1639 1653 1657 1686 ι
1696 1641 1757 1687 ιιι
1790 1632 1867 1686 ait
1894 1644 2025 1702 pro-

445 1731 606 1800 pheta
623 1731 690 1801 °),
717 1730 887 1786 multo
918 1731 1088 1802 magis
1112 1745 1177 1785 ex
1211 1744 1439 1800 persona
1470 1736 1654 1782 nostra
1680 1724 1861 1781 verbis
1890 1738 2028 1780 usus

445 1829 531 1876 est
563 1836 669 1892 pro.
694 1822 876 1889 nobis,
908 1830 963 1876 et
992 1822 1264 1877 exclamat
1293 1839 1305 1874 :
1344 1838 1362 1871 ι
1395 1819 1582 1890 Longe
1611 1833 1641 1874 a
1677 1816 1855 1872 salute
1902 1830 2027 1871 mea

443 1913 615 1969 verba
644 1913 972 1970 delictorum
1016 1928 1293 1970 meorum.
1327 1932 1345 1965 ι
1385 1910 1463 1967 Ne
1497 1910 1782 1981 respicias,
1825 1906 2020 1978 inquit,

444 2008 646 2063 delicta
684 2017 915 2071 naturae,
948 2006 1042 2063 sed
1087 2005 1327 2062 concede
1360 2002 1591 2060 salutem
1620 2010 1841 2072 propter
1868 2012 2024 2055 meos

443 2099 740 2155 cruciatus.
778 2099 846 2154 Et
887 2098 1333 2170 quandoquidem
1377 2096 1692 2167 passionem
1736 2106 1891 2148 more
1917 2091 2022 2145 bn-

2122 616 2224 687 τῆς
2248 619 2521 690 σωτηρίας
2544 636 2648 690 μου
2675 622 2723 674 οἱ
2753 620 2902 691 λόγοι
2927 624 3040 678 τῶν
3070 628 3539 697 παραπτωμάτων
3567 646 3671 698 μου
3694 646 3710 692 ;

2135 708 2577 773 Ἀκουσάτωσανη
2604 711 2782 765 τοίνυν
2823 712 3073 768 Ἰωάννου
3114 716 3208 770 τοῦ
3255 716 3399 770 πάνυ
3443 716 3713 788 βοῶντοςρ

2131 817 2148 850 ι
2174 800 2279 853 Ἴδε
2310 801 2339 854 ὁ
2369 800 2565 871 Ἀμνὸς
2598 803 2692 856 τοῦ
2718 802 2877 869 Θεοῦ,
2911 807 2939 859 ὁ
2970 806 3143 878 αίρων
3177 807 3276 879 τὴν
3302 809 3588 881 ⁵ἁμαρτίαν
3615 810 3715 863 τοῦ

2125 898 2352 968 κόσμου.
2384 917 2402 950 ι
2432 897 2537 951 Τοῦ
2568 899 2626 952 δὲ
2658 898 2950 955 θεσπεσίου
2966 903 3011 934 ⁷⁹
3037 904 3253 958 Παύλου
3275 905 3548 974 λέγοντος·
3578 903 3716 958 «Τὸν

2128 986 2204 1059 μὴ
2232 988 2428 1056 γνόντα
2456 989 2730 1061 ἁμαρτίαν
2755 991 2895 1063 ὑπὲρ
2924 993 3082 1065 ἡμῶν
3110 996 3390 1067 ἁμαρτίαν
3421 996 3706 1069 ἐποίησεν,

2126 1080 2212 1134 ἵνα
2239 1082 2401 1152 ἡμεῖς
2431 1083 2720 1151 γενώμεθα
2765 1083 3138 1158 δικαιοσύνη⁸⁹
3185 1091 3244 1142 ἐν
3296 1089 3466 1161 αύτῷ.
3514 1109 3535 1142 ι
3601 1090 3717 1144 Καὶ

2127 1173 2288 1228 πάλιν
2310 1191 2324 1204 ο
2378 1194 2396 1225 ι
2424 1175 2659 1245 Χριστὸς
2686 1178 2836 1248 ἡμᾶς
2881 1177 3217 1250 ἐξηγόρασεν
3234 1180 3279 1213 ⁸¹
3310 1183 3377 1237 ἐκ
3403 1183 3504 1253 τῆς
3538 1184 3716 1237 κατά-

2130 1282 2227 1336 ρας
2272 1264 2368 1319 τοῦ
2425 1267 2614 1336 νόμου,
2667 1269 2960 1340 γενόμενος
3002 1271 3140 1343 ὑπὲρ
3189 1272 3347 1344 ήμῶν
3397 1274 3635 1345 κατάρα.
3688 1294 3710 1328 ι

2127 1356 2428 1426 Τοιγαροῦν
2462 1354 2709 1430 ibam-:9"
2740 1358 3091 1432 δικαιοσύνης
3121 1364 3380 1435 ὑπάρχων
3408 1366 3581 1435 πηγὴ,
3612 1366 3717 1435 τὴν

2127 1447 2404 1519 ἡμετέραν
2436 1449 2712 1521 ἁμαρτίαν
2741 1451 2994 1521 ἀνέλαϐε,
3029 1456 3123 1508 καὶ
3152 1456 3401 1525 εὐλογίας
3433 1456 3509 1511 ὢν
3552 1458 3719 1512 πέλα-

2128 1555 2243 1608 γος,
2296 1539 2398 1610 τὴν
2448 1541 2805 1613 ἐπικειμένην
2848 1546 2981 1614 ἡμῖν
3031 1544 3248 1611 ἐδέξατο
3296 1548 3569 1619 κατάραν,
3619 1552 3717 1605 καὶ

2130 1630 2360 1702 σταυρὸν
2405 1631 2700 1701 ὑπέμεινεν
2742 1636 3008 1707 αἰσχύνης
3054 1641 3475 1711 καταφρονήσας
3506 1656 3520 1670 ο
3573 1640 3717 1695 οὕτω

2128 1723 2223 1777 καὶ
2251 1723 2378 1788 τοὺς
2427 1724 2567 1795 ὑπὲρ
2592 1726 2753 1796 ἡμῶν
2783 1727 3081 1799 ἐποιήσατο
3120 1729 3335 1797 λόγους.
3382 1731 3445 1784 Ei
3477 1730 3584 1802 γὰρ
3617 1733 3718 1801 τήν

2128 1815 2443 1887 ὡρισμένην
2474 1817 2604 1888 ὑμῖν
2645 1818 2897 1873 παιδείαν
2927 1820 3166 1890 ὑπῆλθεν
3195 1822 3338 1877 ἑκών
3366 1840 3381 1855 ο
3437 1842 3457 1876 ι
3488 1825 3717 1879 Παιδεία

2129 1907 2239 1979 γὰρ
2267 1908 2490 1979 εἰρήνης
2510 1908 2668 1980 ήμῶν
2695 1910 2783 1963 ἐπ’
2804 1910 2989 1975 αὑτὸν,
3026 1931 3043 1964 ι
3135 1930 3301 1983 φησιν
3331 1916 3358 1969 ὁ
3391 1917 3677 1986 προφήτης
3697 1932 3713 1947 ⁸

2130 1996 2310 2067 πολλῷ
2356 1996 2556 2068 μᾶλλον
2598 2001 2712 2062 τοῖς
2751 1998 2892 2071 ὑπὲρ
2920 2001 3080 2070 ήμῶν
3112 2003 3227 2056 ἀνθ’
3256 2004 3414 2074 ἡμῶν
3445 2005 3717 2076 ἐχρήσατο

2128 2088 2326 2156 λόγοις,
2357 2089 2452 2142 καὶ
2477 2088 2577 2160 βοᾷ
2649 2108 2668 2141 ι
2701 2090 2937 2162 Mancin
2963 2092 3072 2148 ἀπὸ
3102 2094 3199 2164 τῆς
3233 2096 3507 2167 σωτηρίας
3533 2113 3634 2165 μου
3663 2099 3713 2150 οἰ

443 2206 608 2247 mano
638 2191 941 2257 sustinens,
978 2191 1180 2261 saepius
1207 2197 1457 2259 precatus
1486 2196 1569 2243 est
1600 2186 1720 2257 ipso
1746 2180 2022 2255 passionis

2128 2179 2276 2248 λόγοι
2323 2179 2431 2233 τῶν
2479 2182 2944 2253 παραπτωμάτων
2990 2202 3115 2254 μου.
3179 2203 3197 2237 ι
3251 2186 3344 2259 Μὴ
3376 2187 3712 2262 ἀποδλέψῃς,

442 2291 729 2354 tempore:
781 2301 800 2335 ι
842 2281 1026 2348 Pater,
1081 2283 1129 2338 si
1179 2281 1299 2336 ﬁeri
1345 2278 1539 2350 possit,
1581 2284 1825 2333 transeat
1868 2289 1899 2330 a
1932 2287 2022 2331 me

2128 2271 2314 2342 φησὶν,
2341 2273 2423 2336 εἰς
2454 2272 2524 2326 τὰ
2549 2275 2650 2344 τῆς
2680 2272 2899 2343 φύσεως
2930 2275 3385 2348 πλημμελήματα
3405 2294 3419 2308 ·
3465 2279 3600 2334 ἀλλὰ
3627 2280 3717 2345 δὸς

439 2371 584 2426 calix
612 2372 800 2435 ister;
849 2391 866 2424 ι
913 2382 967 2427 et
995 2386 1235 2428 mcerore
1266 2370 1496 2429 affectus
1530 2368 1668 2427 dixit
1704 2388 1717 2422 :
1755 2386 1775 2421 ι
1816 2364 2016 2421 Tristis

2128 2363 2225 2435 τὴν
2258 2364 2539 2437 σωτηρίαν
2573 2364 2663 2420 διὰ
2709 2368 2781 2420 τὰ
2825 2367 2936 2438 ἐμὰ
2969 2367 3293 2441 παθήματα.
3335 2371 3504 2425 Kal”
3529 2373 3717 2444 ἐπειδὴ

438 2473 526 2522 est
570 2466 750 2521 anima
787 2481 904 2521 mea
942 2480 1117 2536 usque
1165 2465 1235 2519 ad
1281 2472 1595 2528 mortemQ;
1640 2479 1659 2513 ι
1712 2459 1912 2516 merito
1961 2465 2017 2514 et

2128 2456 2182 2509 τὸ
2212 2457 2384 2521 πάθος
2417 2457 2775 2530 ἀνθρωπίνως
2815 2460 3119 2532 οἰκονομῶν
3163 2461 3427 2527 πολλάκις
3469 2465 3717 2536 προσηύ-

436 2557 685 2627 psalmus
722 2557 834 2612 haec
864 2557 1169 2627 praedicens
1200 2556 1277 2610 ait
1312 2573 1325 2608 :

2128 2548 2249 2613 ξατο
2276 2547 2427 2618 παρὰ
2453 2548 2544 2602 τὸν
2567 2549 2661 2604 τοῦ
2693 2551 2898 2616 πάθους
2931 2551 3123 2624 καιρόν
3144 2567 3159 2582 ο
3210 2571 3229 2603 ι
3261 2553 3463 2624 Πάτερ,
3502 2554 3698 2623 λέγων,

438 2649 487 2702 εἰ
514 2647 759 2713 δυνατὸν,
791 2645 1108 2719 παρελθέτω
1131 2645 1192 2699 τὸ
1216 2645 1477 2717 ποτήριον
1505 2641 1664 2697 τοῦτο
1686 2639 1781 2695 ἀπ’
1829 2636 1965 2710 ἐμοῦ
1988 2654 2002 2668 ⁸
2060 2656 2080 2691 ι
2116 2638 2211 2693 καὶ⁴
2256 2639 2487 2709 ἀθυμῶν
2518 2638 2673 2708 ἔλεγε
2693 2658 2706 2672 ·
2760 2662 2779 2694 ι
2811 2644 3114 2721 Περίλυπός
3156 2646 3304 2699 ἐστιν
3350 2646 3383 2719 ή
3425 2645 3572 2719 ψυχή
3615 2664 3720 2721 μου

436 2740 540 2804 ἕως
593 2740 854 2794 θανάτουο
888 2759 906 2792 ι
962 2738 1187 2802 εἰκότως
1236 2738 1327 2792 καὶ
1369 2739 1396 2790 ό
1432 2735 1646 2807 ψαλμδς
1681 2734 1853 2788 ταῦτα
1888 2731 2276 2806 προαγορεύων
2307 2730 2445 2803 ἔφη’
2854 2720 2859 2725 ’

515 2831 693 2889 Vsns.’
717 2835 770 2889 :5.
815 2851 833 2885 ‹
868 2832 1015 2888 Deus
1047 2833 1144 2900 mi,
1179 2833 1432 2888 clamabo
1473 2847 1571 2902 per
1601 2830 1744 2886 diem
1775 2829 1842 2884 ad
1874 2838 1947 2896 te,
1967 2838 2021 2884 et

2194 2834 2266 2895 γ’.
2310 2846 2328 2879 ι
2365 2826 2422 2882 ’0
2450 2828 2583 2892 Sed;
2631 2847 2734 2900 μου
2765 2830 3105 2902 κεκράξομαι
3139 2833 3354 2906 ἡμέρας
3395 2834 3533 2906 πρὸς
3573 2835 3718 2905 σνδν

440 2941 547 2981 non
592 2925 876 2989 exaudies,
927 2934 983 2981 et
1027 2935 1208 2991 nocte,
1262 2932 1317 2979 et
1369 2939 1478 2979 non
1532 2922 1600 2978 ad
1648 2920 2020 2991 insipientiam

2128 2920 2218 2973 καὶ
2251 2919 2351 2973 οὑκ
2392 2919 2710 2993 εἰσακούσῃ,
2747 2923 2840 2975 καὶ
2874 2922 3092 2988 νυκτὸς,
3138 2925 3232 2977 καὶ
3276 2926 3377 2979 οὑκ
3420 2927 3503 2991 εἰς
3531 2927 3721 2983 ἄνοιαν

438 3017 599 3073 mihi.
636 3036 656 3069 ι
690 3016 787 3071 Vel
813 3016 1119 3074 secundum
1150 3025 1398 3081 caeteros,
1428 3022 1483 3068 et
1506 3022 1686 3081 nocte,
1718 3020 1775 3069 et
1801 3026 1910 3068 non
1940 3017 2025 3066 est

2128 3010 2266 3081 ἐμοί.
2301 3029 2318 3061 ι
2355 3011 2482 3064 “ll”
2519 3011 2659 3066 κατὰ
2685 3012 2812 3076 τοὺς
2854 3012 3074 3076 λοιποὺς
3090 3014 3157 3079 ⁸⁸,
3196 3016 3297 3070 καί
3329 3018 3573 3085 νυκτὸς,
3615 3020 3717 3074 καί

437 3110 736 3167 silentium.
762 3129 781 3163 ι
815 3109 942 3166 Dies
960 3119 1277 3180 noctesque,
1310 3108 1510 3178 inquit,
1544 3121 1633 3161 me
1665 3108 2019 3169 clamantem,

2127 3106 2199 3158 οὐ
2219 3105 2386 3175 σιγή.
2417 3104 2677 3176 Νύκτωρ,
2708 3106 2863 3175 φησί,
2887 3106 2984 3162 καὶ
3012 3106 3131 3176 μεθ’
3152 3110 3369 3181 ἡμέραν
3388 3110 3648 3183 διηνεκῶς
3664 3109 3716 3146 θ’

438 3208 494 3256 et
532 3200 700 3256 silere
748 3200 1052 3265 nolentem,
1108 3214 1217 3255 non
1276 3196 1547 3253 exaudisti
1576 3237 1591 3261 ,
1633 3194 1727 3250 sed
1776 3190 2023 3264 passioni

2130 3194 2383 3265 βοῶντος,
2436 3197 2531 3251 καὶ
2582 3199 2742 3269 σιγᾷν
2790 3199 2893 3251 οὑκ
2922 3200 3276 3270 ἀνεχομένου,
3308 3202 3410 3256 οὐκ
3450 3203 3718 3274 ἀκήκοας,

444 3292 744 3347 tradidisti.
772 3290 1166 3347 Verumtamen
1201 3291 1326 3346 novi
1351 3286 1779 3360 diSpensationis
1819 3293 2026 3356 myste-

2128 3257 2263 3343 όιλλὰ
2302 3257 2382 3359 “rip
2426 3289 2589 3343 πάθει
2624 3257 2944 3361 παρέδωκας
2972 3306 2986 3319 ·
3021 3257 3162 3346 ἀλλ’
3200 3257 3353 3363 ὅμως
3378 3257 3498 3349 οῖδα
3529 3257 3592 3348 τὸ

443 3383 611 3438 rium.
659 3381 774 3436 [loc
827 3382 974 3436 enim
1018 3389 1101 3437 est
1130 3379 1277 3450 quod
1331 3376 1695 3447 signiﬁcabat,
1751 3393 1768 3425 ι
1807 3372 1928 3428 Non
1959 3368 2025 3426 ad

444 3474 815 3543 insipientiam
848 3473 1004 3528 mihi.
1046 3492 1064 3524 ι
1101 3470 1239 3527 Νονί
1284 3470 1448 3543 736
1483 3468 1628 3523 enim
1669 3481 1780 3522 non
1823 3463 2027 3522 frustra

442 3568 863 3623 concessionem
903 3565 1188 3640 petitionis
1230 3575 1281 3622 te
1310 3565 1736 3637 procrastinare,
1780 3559 1876 3617 sed
1912 3573 2028 3614 ma-

443 3677 612 3732 gnum
647 3662 779 3733 quid
815 3671 869 3718 et
898 3662 1142 3719 salutare
1163 3677 1230 3717 ex
1258 3661 1519 3732 passione
1541 3671 1861 3730 procurare.

519 3753 689 3810 Vsus.
724 3755 779 3809 4.
839 3775 858 3808 ι
911 3753 992 3810 Tu
1043 3764 1227 3811 autem
1272 3754 1329 3809 in
1379 3762 1573 3810 sancto
1620 3750 1857 3816 habitas,
1906 3747 2028 3801 laus

446 3846 686 3903 lsraelis.
730 3866 749 3899 ι
788 3847 904 3903 Hoc
926 3854 1133 3915 autem,
1158 3845 1255 3911 ait,
1282 3845 1528 3902 omnium
1552 3852 1637 3899 est
1663 3842 1899 3897 maxime
1929 3841 2028 3894 ad-

446 3939 718 4006 mirabile,
749 3940 895 4010 quod
932 3948 986 3995 te
1016 3940 1069 3994 in
1104 3949 1293 3996 sancto
1320 3939 1426 3994 hoc
1452 3951 1687 4006 corpore
1720 3934 2023 3994 habitante,

447 4033 630 4102 passio
679 4039 989 4102 peragatur.
1042 4029 1278 4087 Laudem
1325 4038 1507 4085 autem
1572 4024 1792 4080 lsi-aclis
1848 4024 2025 4092 ipsum

447 4122 716 4189 nominat,
758 4132 819 4177 ut
848 4122 941 4194 qui
967 4121 1223 4179 laudatur
1260 4130 1314 4177 et
1341 4121 1666 4175 decantatur
1696 4132 1724 4171 a
1756 4115 1872 4171 suis
1902 4127 2027 4183 pro-

445 4216 581 4285 priis
612 4216 941 4270 cultoribus.
979 4213 1115 4270 Nam
1147 4230 1247 4285 pro
1280 4213 1461 4279 laude,
1517 4212 1779 4282 hymnum
1816 4207 1906 4260 alii
1938 4206 2024 4257 in-

446 4310 712 4373 terpretes
744 4311 1066 4373 posuerunt.

517 4393 681 4449 Vens.
727 4393 781 4448 5.
838 4413 857 4445 ι
908 4394 967 4449 In
1020 4402 1073 4449 te
1122 4399 1486 4464 speraverunt
1534 4398 1721 4459 patres
1766 4383 1960 4441 nostri.
2003 4401 2021 4434 ι

442 4484 682 4541 Lucrum
723 4486 838 4555 spei
877 4487 1236 4542 demonstrat.

523 4598 542 4629 ι
576 4579 968 4649 Speraverunt,
1001 4587 1057 4635 et
1085 4577 1332 4633 liberasti
1367 4589 1484 4629 eos.
1522 4572 1716 4645 [νεεδ.
1749 4569 1827 4643 6.]
1868 4570 1948 4625 Ad
1975 4580 2026 4624 te

444 4673 839 4739 clamaverunt,
865 4681 921 4727 et
945 4671 1084 4727 salvi
1113 4668 1245 4727 facti
1273 4675 1402 4724 sunt
1431 4686 1445 4723 :
1478 4668 1536 4722 in
1570 4675 1622 4720 te
1642 4671 2021 4734 speraverunt,

443 4772 624 4820 etnon
650 4773 781 4819 sunt
805 4734 1047 4819 confusi.
1086 4778 1105 4813 ι
1147 4758 1338 4830 Atqui,
1367 4759 1564 4829 inquit,
1599 4754 1895 4812 manifesto
1925 4770 2026 4811 no-
2058 4734 2103 4791 θ

443 4855 517 4918 vi,
554 4870 678 4911 cum
727 4870 918 4912 omnes
966 4860 1151 4923 patres
1212 4850 1388 4908 nostri
1427 4860 1520 4907 tuo
1569 4849 1773 4905 auxilio
1828 4844 2020 4904 conﬂsi

444 4952 684 5013 'essent,
724 4963 821 5017 spe
857 4945 1086 5021 minime
1109 4942 1402 5000 frustratos
1420 4958 1562 5006 esse,
1594 4956 1832 5011 cumque
1868 4948 2023 4996 tuum

446 5041 714 5096 auxilium
760 5038 1170 5109 implorassent,
1222 5045 1328 5092 tuae
1373 5036 1728 5107 providentiae
1782 5033 2024 5089 fructum

445 5134 671 5204 cepisse.

2129 3380 2440 3450 οἰκονομίας
2477 3382 2800 3453 μυστήριον.
2853 3382 3025 3437 Τοῦτο
3072 3383 3182 3455 γὰρ
3229 3385 3537 3459 παρεδήλου
3555 3386 3602 3418 ³⁸
3630 3387 3716 3455 τὸ,

2135 3492 2154 3526 ι
2184 3473 2299 3529 Οὐκ
2326 3474 2406 3537 εἰς
2434 3473 2624 3528 ἄνοιαν
2660 3475 2803 3546 ἐμοί.
2840 3494 2859 3527 ι
2907 3475 3163 3546 Νενόηκα
3195 3475 3303 3547 γὰρ
3336 3476 3410 3539 ὡς
3446 3477 3507 3531 ού
3539 3477 3720 3548 μάτην

2128 3565 2393 3620 ἀνεϐάλου
2420 3566 2520 3637 τὴν
2544 3567 2643 3636 τῆς
2670 3568 2940 3637 αἰτήσεως
2966 3567 3136 3634 δόσιν,
3181 3568 3323 3624 ἀλλὰ
3367 3569 3511 3640 μέγα
3538 3588 3591 3625 τι
3623 3570 3720 3625 καὶ

2131 3659 2395 3730 σωτήριον
2425 3659 2491 3713 ἐκ
2513 3657 2609 3712 τοῦ
2638 3659 2847 3722 πάθους
2877 3660 3205 3732 οἰκονομῶν.

2197 3751 2260 3807 δ’.
2295 3752 2397 3806 «Σὺ
2419 3751 2554 3805 δὲέν
2575 3752 2716 3824 ἁγίῳ
2736 3755 3007 3817 κατοικεῖς
3029 3756 3056 3808 ὁ
3082 3752 3304 3819 ἔπαινος
3325 3754 3419 3809 τοῦ
3439 3754 3714 3826 Ἰσραήλ.»

2129 3843 2207 3899 Τὸ
2247 3845 2305 3898 δέ
2352 3845 2570 3899 πάντων
2601 3846 3043 3917 παραδοξότατόν
3075 3862 3265 3919 φησιν,
3307 3847 3390 3902 ὅτι
3423 3846 3518 3901 σοῦ
3552 3850 3610 3902 ἐν
3640 3848 3722 3918 τῷ

2130 3937 2274 4010 ἁγίῳ
2325 3937 2502 4009 τούτῳ
2560 3938 2778 4010 σώματι
2831 3937 3245 4004 κατοικοῦντος,
3304 3941 3608 4012 ἐνεργεῖται
3658 3941 3721 3995 τὸ

2127 4031 2323 4096 πάθος.
2349 4032 2638 4087 Ἐπαινον
2670 4033 2730 4088 δέ
2753 4032 2972 4106 Ἰσραὴλ
2996 4035 3163 4089 αὑτὸν
3190 4035 3471 4107 ὀνομάζει,
3504 4036 3580 4101 ὡς
3613 4038 3720 4091 ὑπὸ

2128 4125 2237 4181 τῶν
2281 4125 2499 4181 οἰκείων
2544 4125 2899 4197 θεραπευτιῖψ
2933 4129 3329 4200 ἐπαινούμενον
3374 4129 3469 4183 καὶ
3514 4131 3720 4200 ὑμνού-

2130 4235 2293 4289 μενον
2312 4235 2327 4250 ο
2378 4219 2500 4272 ἀντὶ
2542 4220 2650 4291 γὰρ
2678 4219 2773 4273 τοῦ
2800 4220 3043 4285 ἔπαινος,
3076 4220 3245 4292 ὕμνος
3269 4223 3321 4274 οἱ
3347 4222 3495 4276 ἄλλοι
3542 4223 3719 4277 τεθεί-

2128 4326 2291 4364 κασιν
2318 4311 2675 4382 ἐρμηνευταί.

2200 4409 2261 4459 ε’,
2307 4422 2326 4453 ι
2350 4402 2476 4455 Ἐπὶ
2499 4404 2581 4456 σοὶ
2602 4404 2838 4474 ἦλπισαν
2863 4405 2915 4457 οἰ
2944 4403 3179 4478 πατέρες
3202 4409 3235 4480 ή
3246 4406 3382 4478 μῶν.
3412 4426 3431 4461 ι
3468 4408 3721 4462 Δείκνυσι

2128 4493 2228 4563 τῆς
2257 4491 2472 4556 ἐλπίδος
2505 4493 2567 4547 τὸ
2595 4494 2810 4566 κέρδος.

2207 4603 2226 4637 ι
2252 4585 2528 4639 Ἦλπισαν
2558 4586 2653 4640 καλ⁹
2683 4585 2900 4658 ἐρρύσω
2923 4587 3141 4653 αὑτούς.
3176 4588 3301 4662 [ς’.]
3334 4590 3479 4662 Πρὸς
3510 4591 3569 4644 σὲ
3596 4589 3719 4645 ἐκέ-

2128 4674 2360 4747 κραξαν,
2406 4677 2502 4730 καὶ
2551 4674 2837 4747 ἐσώθησαν
2858 4693 2871 4707 ·
2926 4678 3022 4733 ἐπὶ
3071 4681 3155 4734 σοὶ
3202 4680 3461 4753 ἤλπισαν,
3514 4682 3609 4735 καί
3653 4681 3715 4734 ού

2132 4764 2609 4838 κατῃσχύνθησαν.
2662 4784 2682 4819 ι
2734 4766 2952 4832 Καίτοι,
3002 4769 3189 4840 φησὶν,
3227 4766 3345 4826 οἰδα
3383 4770 3591 4840 σαφῶς,
3642 4769 3718 4834 ὡς

2128 4855 2367 4919 ἅπαντες
2393 4859 2428 4926 ἡ
2439 4855 2556 4926 μῶν
2590 4856 2640 4910 oi
2670 4857 2907 4928 πατέρες
2934 4859 3001 4929 τῇ
3043 4861 3110 4932 σῇ
3153 4857 3377 4932 βοηθείᾳ
3406 4857 3719 4933 θαρρήσαν-

2129 4966 2243 5016 τες,
2266 4948 2367 5002 οὑκ
2390 4947 2734 5019 ἐψεύσθησαν
2756 4950 2855 5020 τῆς
2882 4949 3097 5015 ἐλπίδος
3118 4968 3132 4981 ο
3164 4951 3260 5005 καὶ
3287 4952 3367 5015 είς
3396 4951 3720 5024 ἐπικουρίαν

2136 5046 2196 5091 σε
2229 5037 2557 5103 καλέσαντες
2582 5039 2678 5109 τῆς
2714 5040 2813 5111 σῆς
2841 5042 3099 5112 προνοίας
3126 5042 3468 5115 ἀπήλαυσαν.

520 5291 539 5331 1
573 5292 737 5348 Joaa.
771 5286 924 5351 1,29,
946 5287 1037 5341 36.
1114 5294 1152 5316 "
1187 5286 1228 5340 ll
1254 5285 1382 5340 Cor.
1416 5301 1468 5351 ν,
1498 5285 1586 5339 21.
1666 5296 1693 5323 ιι
1720 5285 1898 5344 Galat.
1933 5302 2018 5347 ιιι.
2052 5286 2141 5344 15.
2223 5297 2246 5324 ο
2283 5288 2388 5345 lsa.
2414 5308 2533 5357 Llll,
2569 5294 2623 5348 5.
2697 5301 2728 5342 ν
2760 5291 2953 5348 Matth.
2980 5308 3134 5358 xxvr,
3165 5290 3257 5349 39.
3332 5304 3361 5345 ς
3394 5292 3528 5348 ibid.
3554 5293 3646 5350 58.

1580 5445 1814 5501 VARI/11‘.
1855 5445 2241 5503 LECTIONES
2280 5446 2369 5501 ET
2409 5446 2644 5502 NOTAE.

518 5566 560 5596 7"
592 5563 952 5618 Θεσπεσίου.
1009 5534 1178 5617 Abest
1206 5580 1233 5615 a
1265 5563 1385 5616 cod.
1410 5565 1463 5617 2.

448 5634 492 5666 '*
519 5636 747 5702 ’Ὠσπερ
778 5633 1103 5698 -ἐττοίηοη
1148 5634 1392 5702 λόγους.
1436 5634 1559 5691 Η.ι·ο

451 5841 620 5908 δῆλοι,

1568 5568 1613 5599 ⁸ο
1637 5570 1912 5652 Δικίιιοςν.Δ
1934 5566 2095 5652 codd.
2115 5578 2276 5652 _tres"
2302 5570 2441 5652 Atig.
2490 5572 2827 5652 ριξιχιχιίιιιιιῃ
2852 5573 3019 5652 θεοῦ.

450 5637 492 5666 ⁸³
519 5637 747 5702 ’Ὠσπερ
778 5637 1103 5698 -ιὺποίηοη
1148 5637 1392 5702 λόγους.
1436 5637 1559 5691 H.rc
1594 5653 1764 5705 pauca
1802 5647 2011 5691 tantum
2043 5637 2205 5692 habet
2238 5637 2414 5694 (Iord.—

450 5703 498 5774 ξι
526 5705 683 5770 Πρός
705 5701 993 5774 0’s._1_\bes_t
1018 5718 1047 5755 a
1075 5705 1235 5758 codd.
1275 5706 1413 5774 Aug.
1492 5708 1536 5739 ⁸⁵
1557 5711 1626 5764 Ἣ
1652 5739 1721 5748 ——
1753 5706 1920 5774 σιγή.
1961 5707 2126 5761 Abest
2158 5725 2186 5764 a
2214 5710 2337 5764 cod.
2366 5710 2420 5764 5.

452 5769 664 5847 _Sy_nim.
700 5782 755 5827 et
787 5769 1047 5827 Thcodot.
1088 5775 1241 5832 testis
1268 5769 1370 5832 est
1391 5772 1581 5833 Montf.
1613 5777 1723 5833 l.-c.
1756 5786 1794 5832 t.
1829 5769 1956 5847 l,'p.
1998 5776 2122 5832 500.

3126 5574 3169 5605 ⁸⁸
3206 5574 3327 5629 cod.
3368 5574 3387 5628 Ι
3422 5574 3717 5644 ἠγόρασεν.

2456 5656 2511 5713 p.
2538 5642 2662 5696 585.
2768 5643 2814 5675 ⁸³
2844 5644 2952 5698 Καὶ
2982 5675 3051 5684 -
3082 5644 3220 5713 ἔφη.
3252 5644 3375 5698 Des.
3427 5645 3481 5697 in
3512 5642 3632 5697 emi.
3661 5642 3715 5697 5.

2497 5712 2558 5782 ⁸⁸,
2584 5715 2867 5779 Λοιπούς.
2893 5714 3016 5769 cod.
3043 5714 3078 5767 2
3108 5712 3361 5778 πολλούς.
3390 5715 3462 5769 De
3498 5714 3716 5782 Aquila,

2228 5780 2273 5811 ⁸⁷
2311 5781 2633 5849 Διηνεκῶς.
2664 5784 2831 5839 Abest
2868 5801 2898 5839 a
2933 5784 3055 5840 cod.
3091 5783 3144 5839 9.
3241 5786 3285 5816 ⁸⁸
3310 5787 3433 5842 cod.
3475 5785 3511 5840 ὃ
3538 5780 3717 5852 τιιιιρίι⁸
