4090 6422
403 362 543 434 1013

1771 365 1851 426 ΙΝ
1882 365 2088 426 PSAL.
2141 366 2305 427 XXI.

3540 369 3668 437 10H

470 483 536 548 ζ’.
594 501 614 536 ι
646 482 791 553 Ἐγὼ
836 484 894 538 δέ
947 484 1062 553 εἰμι
1117 483 1354 553 σκώληξ,
1402 482 1496 537 καὶ
1528 483 1630 537 οὐκ
1661 481 1947 554 ἄνθρωπος
1977 494 1990 509 ”

2170 480 2336 537 V'sns.
2383 462 2434 535 7.
2484 500 2502 534 ι
2541 480 2654 552 Ego
2692 492 2873 539 autem
2914 497 3038 539 sum
3071 482 3299 549 vermis,
3331 492 3385 539 et
3425 500 3534 540 non
3579 498 3676 541 no-

397 575 602 639 ὄνειδος
635 574 924 646 ανθρώπου
944 576 1011 643 ⁸³,
1059 576 1154 629 καὶ
1189 574 1527 646 ὲξουθένημα
1576 572 1731 627 λαοῦ.
1783 592 1803 626 ι
1852 570 1995 640 Ἐγὼ

398 668 481 733 δὲ,
531 668 685 738 φησὶ,
730 668 888 739 δίκην
938 668 1243 739 σκώληκος,
1288 668 1508 739 εὐτελής
1547 685 1608 721 τε
1654 665 1864 737 ὤφθην,
1903 665 1997 721 καὶ

398 760 810 829 καταγέλαστος
838 762 1131 833 ἐγενόμην.
1181 762 1338 825 Τινὲς
1379 762 1434 814 δὲ
1463 761 1552 815 διὰ
1580 758 1676 814 τοῦ
1714 758 1997 829 σκώληκος

400 850 555 906 εἶπον
581 852 1027 925 παραδηλοῦσθαι
1054 856 1149 908 καὶ
1175 853 1274 925 τὴν
1302 857 1365 908 ἐκ
1398 853 1679 926 Παρθένου
1710 853 1995 922 γέννησιν·

399 946 503 999 οὐκ
526 947 592 998 ὲκ
622 945 911 1009 συνουσίας
943 945 1054 1018 γὰρ
1086 940 1240 1009 οὗτος
1256 948 1301 979 ⁹⁰
1333 946 1446 1017 ἔχει
1476 949 1538 1000 τὸ
1570 943 1730 1001 εἶναι.
1773 946 1914 1015 Ἐγὼ
1940 946 1997 999 δὲ

400 1034 647 1105 ⁴ήγοῦμαι
694 1034 794 1105 τὴν
842 1035 1118 1090 εὐτέλειαν
1165 1034 1254 1090 διὰ
1299 1034 1393 1088 τοῦ
1443 1034 1726 1104 σκώληκος
1763 1033 2000 1088 ἐνταῦθα

403 1127 568 1197 μόνον
584 1126 630 1158 ⁹¹
663 1126 1110 1196 παραδηλοῦσθαι
1130 1128 1563 1198 τεκμαιρόμενος
1581 1130 1626 1160 ⁹¹
1645 1167 1660 1191 ,
1686 1127 1820 1197 φησὶ
1850 1126 1957 1195 γάρ
1980 1142 1994 1155 ⁸

473 1226 544 1289 η’,
585 1218 651 1273 θ’.
699 1236 717 1270 ι
755 1219 963 1281 Πάντες
989 1220 1039 1271 οἱ
1069 1218 1404 1292 θεωροῦντές
1434 1237 1523 1290 με,
1559 1219 1997 1290 ὲξεμυκτήρισάν

404 1327 475 1382 με
498 1328 511 1342 '
542 1310 813 1381 ἐλάλησαν
841 1312 899 1364 ἐν
931 1311 1188 1380 χείλεσιν,
1219 1311 1478 1381 ἐκίνησαν
1503 1312 1768 1383 κεφαλήν.
1804 1311 1999 1365 Ἦλπι-

402 1420 501 1458 σεν
532 1405 627 1458 ἐπὶ
661 1404 890 1474 Κύριον,
929 1404 1188 1476 ῥυσάσθω
1214 1405 1374 1459 αὐτόν
1394 1420 1409 1435 ⁸
1442 1405 1673 1459 σωσάτω
1700 1403 1887 1470 αὐτὸν,
1915 1404 1998 1457 ὃτι

401 1495 554 1549 θέλει
575 1495 758 1549 αὐτόν.
794 1514 814 1547 ι
858 1496 969 1548 Καὶ
998 1494 1171 1549 ταῦτα
1201 1496 1408 1549 tactv”
1441 1498 1499 1550 ὲν
1527 1498 1639 1560 τοῖς
1692 1496 1858 1567 ἱεροῖς
1891 1496 1998 1549 Εὐ-

399 1586 681 1653 αγγελίοις
711 1586 1118 1659 προσκείμενον
1161 1607 1180 1639 ι
1214 1587 1408 1641 Πολλοὶ
1436 1587 1567 1659 γὰρ,
1600 1588 1756 1657 φησὶ,
1785 1586 1999 1642 κινοῦν-

338 1700 347 1706 -
396 1694 494 1740 τες
519 1678 618 1743 τὰς
646 1679 889 1748 κεφαλὰς
903 1681 970 1741 ⁸⁸,
997 1679 1182 1748 ἔλεγον
1202 1697 1215 1711 ·
1245 1680 1437 1743 ἄλλους
1469 1679 1694 1747 ἔσωσεν,
1722 1680 1914 1735 ἑαυτὸν
1936 1681 1999 1735 οὐ

398 1769 627 1825 δύναται
659 1771 853 1826 σῶσαι.
889 1790 907 1823 ι
960 1774 1072 1826 Καὶ
1110 1771 1220 1826 τῶν
1254 1772 1468 1844 λῃστῶν
1501 1772 1728 1843 θάτερος
1770 1772 1952 1841 ἔλεγεν
1979 1790 1993 1804 ·

2100 589 2211 637 ιιιο.
2254 574 2611 645 opprobrium
2636 575 2899 641 hominis,
2931 584 2986 630 et
3012 574 3252 646 abjectio
3278 576 3475 646 plebis.
3513 596 3531 628 ι
3565 578 3679 647 Ego

2097 649 2303 733 autem:
2330 668 2429 735 ait,
2459 678 2512 724 et
2541 668 2716 723 instar
2742 669 2946 724 vermis
2990 670 3113 725 vilis
3142 669 3297 726 visus
3329 685 3475 736 sum,
3522 680 3575 726 et
3607 672 3682 725 ri-

2099 758 2317 814 diculus
2355 756 2552 813 factus.
2587 757 2769 828 Aliqui
2797 773 2893 828 per
2922 772 3146 813 vermen
3172 758 3389 813 ostendi
3421 757 3677 813 dixerunt

2099 849 2443 905 nativitatem
2467 866 2532 904 ex
2564 848 2788 920 Virgine
2815 869 2830 906 :
2861 865 2988 905 nam
3018 851 3219 906 vermis
3258 866 3367 907 non
3406 850 3583 905 oritur
3612 864 3677 902 ex

2098 942 2417 997 concubitu.
2456 941 2566 1013 Ego
2587 957 2719 998 vero
2750 951 2879 1009 puto
2936 957 3031 1013 per
3057 958 3297 998 vermem
3324 946 3430 999 hoc
3464 943 3518 998 in
3556 943 3679 998 loco

2101 1044 2312 1089 tantum
2343 1035 2604 1091 vilitatem
2650 1034 2887 1092 ostendi.
2929 1033 3046 1091 Hoc
3082 1051 3147 1092 ex
3171 1050 3239 1091 eo
3263 1035 3519 1106 conjicio,
3551 1034 3682 1105 quia

2099 1128 2232 1183 dicit
2268 1148 2282 1182 :

2174 1218 2339 1275 Vens.
2367 1218 2421 1284 8,
2452 1219 2507 1275 9.
2554 1238 2573 1271 ι
2610 1217 2815 1275 Omnes
2836 1218 3084 1275 videntes
3106 1235 3212 1285 me,
3241 1220 3553 1276 deriserunt
3572 1236 3682 1288 mn,

2098 1298 2152 1366 et
2181 1310 2351 1367 locuti
2390 1322 2521 1367 sunt
2554 1310 2738 1374 labiis,
2783 1320 2838 1367 et
2884 1318 3173 1365 moverunt
3213 1318 3395 1380 caput.
3430 1306 3687 1380 Speravit

2103 1402 2159 1456 in
2189 1400 2447 1464 Domino,
2481 1401 2681 1472 eripiat
2704 1416 2828 1456 eum
2866 1418 2879 1455 :
2920 1401 3131 1455 salvum
3163 1397 3328 1454 faciat
3362 1414 3508 1465 eum,
3547 1414 3683 1469 quo-

2106 1494 2255 1548 niam
2285 1493 2588 1548 delectatur
2615 1493 2731 1548 illo.
2765 1512 2785 1546 ι
2818 1491 2883 1546 Ει
2913 1493 3031 1547 brec
3069 1491 3125 1545 in
3162 1490 3338 1546 sacris
3376 1486 3688 1559 Evangeliis

2103 1585 2281 1655 posita
2307 1593 2456 1640 sunt.
2498 1603 2517 1636 ι
2556 1585 2709 1641 Multi
2734 1585 2903 1650 enim,
2938 1584 3139 1654 inquit,
3168 1589 3451 1637 moventes
3484 1580 3686 1650 capita,

2100 1677 2389 1733 dicebant:
2415 1678 2568 1734 Alios
2594 1679 2776 1735 salvos
2803 1677 2951 1745 fecit,
2974 1692 3032 1733 se
3057 1677 3236 1746 ipsum
3268 1674 3481 1731 salvum
3505 1671 3690 1728 facere

2103 1784 2214 1824 non
2251 1769 2413 1840 737
2456 1777 2634 1839 potest
2659 1779 2709 1824 τ.
2747 1788 2766 1822 ι
2817 1769 2882 1824 Ει
2924 1769 3063 1824 alter
3101 1768 3376 1822 latronum
3422 1762 3636 1819 dicebat
3670 1778 3685 1814 :

407 1882 426 1916 ι
460 1864 525 1917 Εἰ
558 1864 686 1928 Υἱὸς
720 1861 771 1919 εἴ
809 1866 906 1918 τοῦ
949 1865 1107 1930 Θεοῦ,
1146 1866 1319 1920 σῶσον
1368 1865 1593 1920 σεαυτὸν
1632 1867 1727 1920 καὶ
1760 1867 1929 1937 ἡμᾶς.
1971 1885 1989 1917 ι

2105 1882 2123 1915 ι
2163 1862 2219 1917 Si
2247 1872 2302 1917 tu
2327 1878 2387 1918 es
2414 1860 2582 1918 Filius
2610 1862 2729 1927 Dei,
2760 1862 2971 1918 salvum
2996 1860 3081 1916 lac
3105 1866 3159 1914 te
3179 1858 3358 1928 ipsum
3383 1854 3626 1912 et'nos'.
3663 1872 3682 1904 ι

399 1957 515 2011 Καὶ
549 1956 734 2026 μέντοι
764 1958 860 2011 καὶ
889 1959 979 2013 τόν
1018 1978 1036 2011 ι
1065 1958 1335 2012 Ἤλπισεν
1361 1960 1454 2012 ἐπὶ
1484 1958 1711 2030 Κύριον,
1739 1958 1997 2029 ῥυσάσθω

395 2048 586 2115 αὑτὸν,
627 2052 859 2103 σωσάτω
897 2050 1079 2111 αὑτὸν,
1123 2053 1206 2106 ὅτι
1247 2050 1390 2104 θέλει
1424 2050 1610 2116 αὑτὸν,
1655 2069 1673 2102 ι
1731 2052 1790 2104 ὲν
1806 2053 1853 2083 ’⁵
1881 2053 1997 2115 τοῖς

399 2142 571 2212 ἱεροῖς
601 2142 960 2210 Εὐαγγελίοις
990 2143 1139 2195 ἔστιν
1168 2143 1370 2213 εὑρεῖν.

472 2240 528 2298 ι’,
556 2240 647 2288 ια’.
696 2252 715 2286 ι
743 2235 863 2288 Ὀτι
899 2234 964 2288 σὺ
994 2230 1047 2287 εἷ
1075 2235 1104 2287 6
1134 2236 1419 2298 ἐκσπάσας
1449 2250 1517 2305 με
1554 2235 1618 2288 ὲκ
1649 2234 1888 2304 γαστρός
1910 2251 1923 2265 ο
1960 2236 1995 2306 ή

392 2326 556 2390 ἐλπίς
606 2340 711 2397 μου
764 2326 873 2380 ἀπὸ
928 2325 1153 2396 μασθῶν
1196 2328 1296 2397 τῆς
1352 2326 1558 2398 μητρός
1602 2344 1727 2396 μου.
1780 2326 1905 2379 Ἐπὶ
1937 2327 1996 2380 σὲ

391 2417 707 2488 ἑπερρίφην
756 2418 821 2468 ὲκ
853 2417 1067 2487 μήτρας
1088 2430 1102 2444 ⁶
1155 2416 1265 2469 ἀπὸ
1309 2417 1545 2487 γαστρὸς
1578 2418 1625 2448 ³⁸
1660 2416 1866 2487 μητρός
1893 2432 1994 2486 μου

393 2506 533 2570 Θεός
566 2524 671 2577 μου
698 2502 750 2559 εἴ
780 2506 870 2560 σύ.
899 2525 920 2561 ι
971 2506 1156 2561 Ταῦτα
1190 2510 1284 2561 καὶ
1312 2509 1340 2562 6
1372 2508 1643 2578 μακάριος
1670 2507 1997 2579 προεθέσπι-

396 2600 547 2653 σεν⁹⁷
591 2599 823 2663 Ἡσαΐας
855 2615 870 2631 '
915 2599 1156 2670 εἰρηκὼς
1191 2600 1323 2672 γὰρ,
1354 2602 1438 2655 ὅτι
1487 2621 1504 2653 ι
1544 2601 1606 2654 Ἠ
1642 2601 1910 2672 παρθένος
1937 2604 1996 2655 ὲν

397 2691 606 2762 γαστρὶ
644 2690 896 2761 λήψεται,
934 2691 1033 2745 καὶ⁵
1066 2691 1280 2756 τέξεται
1308 2692 1444 2759 υἱὸν,
1482 2694 1576 2746 καὶ
1608 2692 1904 2767 ,καλέσουσι
1933 2693 1997 2746 τὸ

400 2778 575 2848 θνομα
618 2779 785 2832 αὐτοῦ
828 2778 1204 2851 Ἐμμανουὴλ,
1245 2801 1263 2833 ι
1317 2782 1567 2851 ἐπήγαγε
1593 2796 1608 2812 ·
1665 2801 1683 2832 ι
1722 2781 1995 2852 Βούτυρον

406 2869 508 2923 καὶ
537 2870 655 2940 μέλι
668 2872 713 2905 ⁸⁸
744 2872 1006 2941 φάγεται,
1031 2874 1217 2945 πρὶνη
1250 2874 1452 2942 γνῶναι
1484 2873 1647 2927 αὐτὸν
1668 2875 1713 2907 ⁹⁹
1748 2873 1953 2942 ἀγαθὸν
1972 2874 1991 2906 ⁸

410 2960 445 3032 ἢ
499 2963 665 3017 κακόν
696 2966 737 3029 ³,
784 2964 1008 3019 ἀπειθεῖ
1058 2966 1297 3039 πονηρίᾳ
1324 2968 1368 3030 ³,
1417 2966 1514 3021 τοῦ
1565 2966 1888 3032 ἐκλέξασθαι
1933 2966 1994 3020 τὸ

398 3053 630 3122 ἀγαθόν.
685 3075 704 3109 ι
758 3059 872 3111 Καὶ
917 3060 945 3111 6
989 3060 1303 3131 μακάριοςδ
1336 3059 1517 3113 τοίνυν
1558 3060 1747 3123 Δαόὶδ,
1792 3059 1870 3130 τῷ
1896 3058 1992 3113 τοῦ

399 3148 710 3203 Δεσπότου⁸
739 3150 978 3222 Χριστοῦ
1010 3152 1352 3224 κεχρημένος
1383 3152 1661 3225 προσώπῳ
1692 3153 1879 3224 φησὶν,
1910 3153 1992 3207 ὅτι

397 3240 473 3296 Σύ
508 3260 576 3313 με
608 3244 701 3298 καὶ
733 3220 1029 3309 διεπλασας
1074 3220 1132 3298 ἐν
1173 3220 1376 3317 μήτρᾳ,
1427 3220 1520 3300 καὶ
1573 3220 1785 3299 ἐκεῖθεν
1830 3244 1993 3298 πάλιν
2024 3220 2070 3282 c

396 3334 691 3407 ἐξήγαγες,
724 3337 820 3391 καὶ
863 3335 944 3390 ἔτι
988 3335 1403 3408 τιθηνούμενος,
1455 3339 1550 3392 καὶ
1592 3337 1691 3408 τὴν
1731 3336 1993 3408 μητρῴαν

394 3425 574 3480 ἕλκων
602 3426 797 3496 θηλὴν,
828 3427 928 3498 τῆς
958 3426 1058 3497 σῆς
1086 3427 1414 3498 κηδεμονίας
1447 3428 1547 3491 τὰς
1590 3426 1730 3497 εμὰς
1768 3427 1992 3491 ἐλπίδας

394 3516 699 3588 ἑξήρτησα.

472 3608 562 3679 ιβ’.
610 3628 629 3660 ι
656 3609 749 3682 Μὴ
785 3611 1030 3680 ἀποστῇς
1061 3610 1158 3665 ἀπ’
1188 3608 1349 3680 ἐμοῦ,
1377 3609 1459 3663 ὅτι
1490 3608 1668 3679 θλίψις
1698 3610 1888 3679 ἐγγὺς,
1916 3611 1999 3666 ὅτι

395 3701 501 3754 οὐκ
531 3700 679 3755 ἔστιν
703 3703 732 3754 6
763 3700 981 3772 βοηθῶν
1007 3719 1096 3772 μοι
1113 3703 1156 3755 ⁸.
1189 3721 1207 3754 ι
1241 3702 1351 3756 Καὶ
1376 3701 1484 3773 γὰρ
1506 3702 1632 3755 τότε
1649 3701 1669 3732 ⁷
1690 3702 1803 3755 τῶν
1832 3702 2005 3774 μαθη-

394 3793 509 3847 τῶν
558 3793 724 3847 αὑτὸν
777 3793 1153 3849 κατελελοίπει
1200 3794 1395 3865 χορός·
1450 3789 1568 3847 εἶτα
1611 3794 1867 3866 προλέγει
1898 3796 2000 3865 τῆς

396 3884 637 3955 θλίψεως
664 3887 739 3941 τὰ
765 3886 881 3957 εἴδη
897 3886 939 3939 ⁸.

474 3981 566 4046 ιγ’,
602 3975 683 4031 ιδ’.
730 3997 750 4030 ι
780 3976 1242 4048 Περιεκύκλωσάν
1278 3994 1345 4048 με
1375 3977 1570 4048 μόσχοι
1608 3977 1827 4032 πολλοί·
1862 3978 1996 4033 ταῦ-

398 4085 488 4141 ροι
519 4067 705 4132 πίονες
735 4070 1024 4143 περιέσχον
1061 4086 1149 4140 με.
1196 4069 1456 4136 Ἤνοιξαν
1488 4069 1575 4122 ἐπ’
1603 4068 1707 4140 ἐμὲ
1734 4069 1794 4124 τὸ
1822 4069 1999 4140 στόμα

395 4162 614 4227 αὐτῶν,
656 4163 733 4228 ὡς
766 4163 904 4217 λέων
933 4162 1201 4234 ἁρπάξων
1235 4166 1329 4218 καὶ
1358 4165 1695 4235 ὠρυόμενος.
1732 4183 1751 4217 ι
1788 4163 1996 4218 Καλεῖ⁰

393 4254 456 4308 δὲ
502 4255 781 4323 ταύρους,
815 4259 943 4319 τοὺς
977 4255 1159 4326 ἱερέας
1190 4257 1284 4309 καὶ
1312 4256 1706 4328 Γραμματέας,
1751 4256 1850 4327 τὴν
1900 4256 1996 4309 τοῦ

393 4346 534 4401 λαοῦ
564 4347 1042 4419 πεπιστευμένους
1084 4347 1281 4420 ἀρχὴν,
1327 4350 1422 4402 κα¹ι⁵
1474 4348 1645 4421 πολλῇ
1693 4348 1997 4421 θρασύτητι

394 4437 806 4508 κεχρημένουςο
844 4438 1124 4507 μόσχους
1155 4438 1233 4504 δὲ,
1262 4438 1390 4502 τοὺς
1412 4438 1455 4469 ¹⁰
1486 4438 1580 4492 ὑπ’
1610 4438 1810 4501 αὐτοὺς
1840 4455 1998 4491 τετα-

2103 1961 2282 2029 Atque
2330 1959 2437 2014 hoc
2485 1957 2696 2013 etiam:
2748 1973 2768 2008 ι
2802 1955 3057 2025 Speravit
3100 1956 3157 2010 in
3200 1953 3460 2016 Domino,
3491 1948 3689 2023 eripiat

2102 2066 2251 2117 eum,
2291 2051 2505 2105 salvum
2536 2048 2701 2104 l‘aciat
2724 2063 2875 2113 cum,
2906 2047 3166 2118 quoniam
3197 2046 3503 2103 delectatur
3531 2057 3621 2107 eo,
3663 2060 3682 2095 ι

2103 2145 2158 2201 in
2186 2147 2358 2200 sacris
2382 2142 2697 2215 Evangeliis
2721 2142 2958 2197 inveniri
2982 2149 3181 2213 potest.

2176 2238 2344 2293 Vens.
2400 2236 2499 2302 10,
2540 2237 2626 2291 ll.
2670 2255 2688 2289 ι
2727 2234 3102 2303 Qttoniam'tu
3166 2246 3228 2289 es
3266 2231 3361 2303 qui
3398 2228 3686 2286 extraxisti

2104 2345 2192 2385 me
2213 2345 2245 2384 e
2274 2338 2490 2395 ventre;
2524 2342 2650 2398 spes
2679 2342 2799 2383 nica
2823 2326 2893 2382 ab
2921 2326 3183 2382 uberibus
3216 2323 3410 2379 matris
3438 2336 3594 2378 meae.
3625 2320 3686 2375 ιιι

2104 2432 2156 2478 te
2186 2420 2463 2492 proiectus
2509 2435 2632 2475 sum
2665 2435 2733 2474 ex
2778 2428 2963 2483 utero,
3014 2418 3142 2474 inde
3182 2398 3213 2472 Ξι
3257 2425 3450 2473 ventre
3494 2412 3690 2469 matris

2103 2530 2239 2568 mea:
2269 2513 2413 2570 Deus
2457 2501 2614 2568 meus
2653 2527 2715 2568 es
2763 2520 2842 2568 tu.
2878 2531 2899 2565 ι
2940 2511 3069 2568 Haec
3093 2510 3260 2566 etiam
3302 2510 3493 2565 beatus
3521 2504 3692 2563 Isaias

2103 2607 2434 2662 vaticinatus
2464 2616 2569 2663 est.
2599 2605 2737 2661 Cum
2770 2606 2917 2660 enim
2954 2604 3187 2661 dixisset
3229 2621 3244 2658 :
3289 2622 3309 2654 ι
3356 2602 3496 2658 Ecce
3538 2600 3693 2669 virgo

2101 2698 2374 2767 concipiet
2414 2698 2470 2752 in
2511 2706 2696 2761 utero,
2744 2708 2801 2751 et
2844 2694 3020 2761 pariet
3065 2695 3261 2761 ﬁlium,
3309 2702 3366 2749 et
3416 2692 3693 2749 vocabunt

2102 2806 2303 2846 nomen
2353 2791 2476 2861 ejus
2520 2788 2866 2856 Emmanuel,
2907 2808 2926 2841 ι
2984 2786 3311 2858 subiunxit:
3361 2803 3381 2838 ι
3430 2784 3689 2854 Butyrum

2100 2895 2154 2938 et
2208 2883 2313 2938 mel
2370 2882 2666 2950 comedet,
2727 2890 2783 2937 et
2840 2881 3165 2953 priusQuam
3224 2879 3343 2948 ipse
3397 2883 3694 2947 cognoscat

2100 2975 2339 3037 bonum,
2405 2976 2489 3029 vel
2550 2974 2800 3040 malum,
2859 2988 2971 3029 non
3040 2972 3385 3041 obtemperat
3442 2966 3687 3032 malitiae,

2101 3076 2164 3122 ut
2220 3067 2387 3136 eligat
2451 3068 2654 3122 bonum
2696 3067 2713 3103 ί
2755 3085 2774 3120 ι
2831 3065 3035 3121 Beatus
3096 3064 3262 3136 igitur
3337 3059 3529 3127 David,
3578 3057 3691 3114 Do-

2103 3160 2238 3214 mini
2267 3158 2475 3215 Cbristi
2506 3174 2702 3230 gerens
2753 3173 3069 3229 personam,
3109 3156 3185 3212 ait
3215 3173 3228 3209 :
3262 3154 3342 3210 Tu
3381 3162 3438 3209 et
3487 3152 3692 3208 forma-

2102 3252 2170 3307 sti
2218 3266 2307 3306 me
2349 3252 2404 3305 in
2446 3260 2624 3316 utero,
2663 3258 2719 3305 et
2748 3249 2899 3305 illinc
2940 3262 3135 3304 rursus
3174 3244 3413 3303 etluxisti
3451 3262 3465 3299 :
3506 3251 3562 3298 et
3595 3240 3690 3295 ad-

2104 3344 2214 3399 huc
2255 3342 2484 3409 lactens,
2524 3342 2828 3412 matrisque
2866 3342 3034 3397 ubera
3069 3353 3292 3412 sugens,
3333 3337 3391 3393 in
3431 3344 3524 3392 tua
3559 3348 3691 3391 cura

2104 3450 2255 3506 spem
2290 3450 2468 3490 meam
2504 3434 2791 3490 collocavi.

2183 3596 2345 3651 \‘sns.
2385 3592 2477 3648 l2.
2517 3612 2537 3644 ι
2579 3590 2656 3648 Ne
2685 3590 3013 3648 discesseris
3059 3604 3089 3644 a
3139 3602 3248 3656 me,
3295 3583 3558 3658 quoniam
3593 3580 3693 3638 tri-

2102 3688 2314 3744 bulatio
2337 3689 2585 3759 proxima
2612 3696 2718 3753 est,
2744 3687 3004 3757 quoniam
3034 3699 3145 3739 non
3174 3692 3261 3738 est
3282 3680 3377 3753 qui
3406 3678 3685 3749 adjuvet.»

2102 3781 2318 3837 Etenim
2351 3780 2750 3850 discipulorum
2774 3779 2978 3835 chorus
3001 3790 3133 3832 tunc
3158 3776 3341 3847 ipsum
3367 3775 3689 3850 dereliquit.

2100 3874 2306 3930 Deinde
2333 3873 2649 3930 alﬂictionis
2682 3876 2898 3945 species
2923 3872 3192 3943 praedicit.
3215 3854 3231 3870 ’

2177 3967 2341 4023 Vens.
2378 3967 2466 4031 15,
2502 3966 2590 4021 14.
2630 3986 2648 4018 ι
2670 3966 3166 4022 Circumdederunt
3196 3980 3282 4020 me
3305 3963 3459 4019 vituli
3492 3967 3698 4033 multi;

2102 4060 2245 4115 lauri
2299 4059 2531 4131 pingues
2579 4058 2916 4115 obsederunt
2971 4072 3078 4112 me.
3133 4057 3485 4128 Aperuerunt
3527 4074 3692 4126 super

2101 4166 2189 4206 me
2216 4164 2281 4206 os
2313 4166 2500 4217 suum,
2532 4150 2675 4207 sicut
2708 4150 2793 4204 leo
2837 4148 3057 4219 rapiens
3117 4157 3173 4203 et
3200 4146 3446 4221 rugiens.
3489 4166 3507 4197 ι
3553 4145 3692 4200 Tau-

2099 4262 2188 4300 ros
2215 4254 2398 4300 autem
2422 4253 2585 4299 vocat
2610 4242 2930 4299 sacerdotes
2956 4252 3011 4297 et
3048 4239 3292 4305 Scrihas,
3316 4239 3516 4310 quibus
3543 4241 3692 4315 prin-

2100 4337 2318 4407 cipatus
2343 4336 2529 4407 populi
2572 4335 2906 4391 commissus
2931 4343 3070 4400 erat,
3109 4332 3316 4403 quique
3343 4332 3513 4387 multa
3550 4332 3692 4386 fero-

2101 4430 2185 4487 cia
2218 4430 2517 4486 utebantur
2544 4446 2557 4482 :
2589 4427 2756 4499 738
2786 4426 2981 4483 vitulos
3011 4441 3163 4490 vero,
3194 4440 3385 4482 eorum
3419 4424 3686 4480 subditos.

392 4530 636 4617 γμένους
662 4548 675 4562 ο
726 4531 949 4597 πίονας
978 4530 1037 4584 δὲ
1082 4530 1280 4597 αὐτοὺς
1313 4531 1594 4602 ὀνομάζει,
1641 4530 1718 4594 ὡς
1754 4533 1872 4595 τοῖς
1902 4532 1994 4585 ὑπ’

2101 4526 2115 4545 ⁶
2151 4521 2327 4577 Vocat
2353 4521 2519 4578 etiam
2548 4536 2646 4577 eos
2675 4520 2917 4590 pingues,
2953 4526 3216 4587 tanquam
3255 4516 3417 4573 bonis
3457 4517 3529 4571 ab
3574 4515 3691 4586 ipso
3756 4568 3773 4575 ,

393 4615 626 4671 αὑτοῦη
660 4617 1054 4690 χορηγηθείσιν
1099 4620 1550 4691 ἑντρυφήσαντας
1597 4619 1845 4689 ἀγαθοῖς.
1890 4620 1995 4674 Οὖ-

2103 4616 2467 4687 ειιρροιιὶιιιιίε
2509 4612 2879 4671 abundantius
2918 4611 3182 4668 fruentes.
3232 4610 3324 4665 Sic
3366 4610 3512 4666 enim
3549 4624 3690 4679 pra:-

392 4704 532 4757 τωη
561 4705 670 4777 γὰρ
704 4708 800 4760 καὶ
844 4708 873 4759 ὁ
910 4707 1093 4779 μέγας
1139 4709 1498 4780 προείρηκε¹³
1532 4709 1739 4779 Μωσῆς
1761 4724 1777 4740 '
1834 4729 1853 4762 ι
1884 4712 1994 4765 Καὶ

2102 4710 2241 4765 dixit
2270 4710 2440 4765 etiam
2474 4723 2708 4778 magnus
2747 4707 2926 4763 Moses
2956 4723 2970 4760 :
3011 4723 3029 4757 ι
3060 4702 3128 4759 Ει
3153 4703 3392 4759 comedit
3417 4701 3608 4768 Jacob,
3639 4710 3695 4761 ct

394 4793 599 4863 ἔφαγεν
652 4796 869 4863 Ἰακὼϐ,
926 4800 1016 4852 καὶ
1048 4799 1376 4871 ἐνεπλήσθη,
1419 4800 1515 4854 καὶ
1552 4798 1919 4857 ἁπελάκτισεν
1964 4804 1993 4856 6

2101 4802 2223 4856 cibo
2248 4803 2488 4871 repletus
2512 4809 2596 4855 est
2619 4816 2632 4865 ;
2653 4799 2888 4854 dilectus
2912 4794 3302 4858 recalcitravit,
3329 4794 3689 4855 incrassatus,

394 4888 779 4959 ήγαπημένος,
828 4890 1113 4964 ὲλιπάνθη,
1159 4892 1462 4964 ἐπαχύνθη,
1513 4892 1843 4966 ἑπλατύνθη,
1898 4894 1994 4948 καὶ

2105 4893 2502 4964 impingualus,
2549 4890 2904 4948 eLdilatatus
2946 4898 3051 4954 cst,
3084 4897 3138 4943 et
3176 4886 3473 4958 dereliquit
3523 4883 3696 4942 Deum

472 5053 498 5083 ν
527 5045 719 5103 Matth.
757 5063 932 5116 xxvu,
963 5049 1053 5106 42.
1130 5064 1156 5100 ε
1190 5050 1325 5107 Luc.
1362 5067 1522 5118 mn,
1554 5051 1645 5108 39.
1729 5051 1747 5088 ‘
1789 5050 1895 5109 lsa.
1931 5068 2033 5121 vn,
2067 5052 2156 5121 14,
2191 5052 2283 5107 15.

1539 5191 1778 5250 VARUE
1817 5192 2210 5253 LECTIONES
2248 5192 2339 5251 ΕΤ
2376 5190 2618 5248 NOTAE.

468 5349 527 5421 “fi
555 5359 679 5403 eoo.
718 5349 771 5421 I,
818 5349 854 5402 2
893 5348 1220 5421 ἀνθρώπων.
1332 5351 1380 5385 ⁸³
1415 5347 1626 5418 Οὗτος.
1663 5352 1788 5408 cod.
1834 5351 1886 5420 Ι,
1913 5350 1950 5406 2
1981 5369 1998 5407 ε

2101 5350 2225 5407 "lor.
2264 5366 2452 5421 praem.
2510 5350 2675 5421 οὐδὲ.
2761 5352 2806 5383 ⁸⁸
2841 5352 3072 5407 Μόνον.
3100 5351 3269 5406 Abest
3301 5365 3329 5403 a
3362 5346 3484 5421 cod.
3533 5344 3683 5421 Flor:

397 5422 462 5494 "A
489 5420 978 5494 ξῙέσκμαίρόμοτσςἶ
999 5414 1133 5475 ὀού.
1165 5418 1319 5494 ΕΙοιΖ
1354 5438 1546 5494 praem.
1572 5414 1686 5486 τοῖς
1719 5414 1882 5494 ἑξῆς(
1944 5424 1995 5494 έ⁸

2101 5414 2279 5494 ’στινξ
2298 5421 2513 5494 cod._l,
2542 5420 2580 5494 ἓ
2614 5420 2745 5494 add.
2782 5422 2987 5494 εὑρεῖν.
3063 5417 3454 5494 ’ξ-Κεςηιιξάε.
3488 5418 3614 5494 coll:
3652 5414 3679 5469 1

397 5491 527 5545 add.
550 5483 785 5561 αὑτῶν.’
830 5489 877 5522 9'
917 5493 1021 5543 Ἐν
1052 5519 1127 5532 -
1153 5483 1374 5561 εὑρεῖν-ξ
1414 5493 1542 5547 Des.
1570 5497 1622 5545 in
1653 5483 1778 5548 cod:
1802 5483 1868 5547 '2.
1946 5493 1993 5525 "

2101 5493 2190 5546 ,πὸ
2214 5483 2674 5561 γαστρόςζιῖοο.
2711 5483 2875 5548 lectio
2904 5493 2969 5545 ἐκ
2997 5483 3271 5561 κοιλίας(
3305 5489 3350 5522 ⁸⁷
3385 5483 3687 5553 Προσθέσ-

396 5575 604 5614 πισεν.
632 5558 802 5633 Abest
834 5576 864 5613 a
897 5561 1019 5616 cod.
1054 5561 1105 5633 ί.
1147 5560 1192 5633 ἐξ
1221 5560 1392 5616 Μέἁι.
1427 5564 1552 5618 end.
1590 5562 1627 5615 2
1656 5561 1819 5631 γάλα.
1859 5564 1903 5595 ⁰⁹
1927 5564 1998 5617 Ai

2101 5580 2148 5615 ν.
2175 5558 2344 5617 Abest
2372 5560 2557 5633 a‘cod.
2585 5562 2641 5616 2.
2720 5564 2737 5633 ξ
2786 5561 3047 5633 Ἀγαθόν.
3085 5560 3230 5633 inter
3259 5558 3401 5633 hanc
3438 5564 3490 5611 et
3511 5567 3683 5633 pigre.

396 5645 591 5685 vocem
630 5631 880 5700 quaedam
925 5631 1228 5701 supplenda
1250 5645 1379 5687 sunt
1399 5649 1431 5689 ο
1454 5624 1704 5688 versione
1722 5633 1833 5687 τῶν
1866 5634 1942 5686 0'.

398 5698 628 5755 κὰοιορ.
657 5700 778 5754 cod.
807 5701 843 5754 2
872 5700 1038 5755 θεῖος.
1081 5702 1103 5733 ⁸
1138 5704 1469 5755 Λευ-πότου.
1503 5704 1672 5755 Abest
1693 5716 1723 5755 a
1750 5703 1871 5755 cod.
1898 5703 1955 5755 2.
1993 5705 1998 5730 ‘

2101 5633 2288 5715 ζακόν.
2324 5630 2446 5685 cod.
2469 5631 2505 5685 2
2529 5632 2787 5703 πονηρόν.
2851 5624 2888 5665 ’³
2918 5632 3042 5688 cod.
3076 5630 3112 5683 2
3142 5627 3432 5747 πονηρίαν.
3508 5624 3532 5655 δ
3564 5627 3689 5677 Μα-

2103 5702 2181 5755 οί.
2213 5699 2386 5755 Abest
2420 5715 2450 5753 a
2474 5703 2596 5755 cod.
2629 5702 2683 5755 3.
2723 5703 2741 5734 ⁷
2781 5701 2943 5755 Τότε.
2982 5700 3104 5755 cod.
3140 5699 3194 5755 1.
3224 5697 3262 5752 2
3331 5711 3466 5750 των.
3505 5693 3529 5726 ⁸
3560 5694 3683 5747 eod.

398 5699 628 5768 κὰριος.
651 5699 778 5782 οοὰ.
807 5701 843 5754 2
872 5699 1046 5763 θεῖος.⁷
1081 5702 1103 5733 ⁸
1138 5704 1672 5784 ΔεσπότουιΑιιοοι
1693 5716 1723 5758 a
1750 5703 1871 5758 cod.
1898 5703 1955 5757 2.
1993 5701 2013 5732 ⁸
2045 5702 2194 5784 Mot._
2213 5699 2386 5756 Abest
2420 5715 2450 5753 a
2474 5703 2596 5758 cod.
2629 5699 2686 5756 3.
2723 5703 2741 5734 ⁷
2781 5701 2943 5758 Τότε.
2982 5700 3104 5756 cod.
3140 5699 3194 5781 μ,
3224 5699 3262 5752 2
3282 5699 3310 5747 6
3331 5699 3466 5750 τῶν.
3505 5699 3529 5726 ⁸
3555 5699 3687 5786 μιᾶς

399 5770 610 5842 5,21}:
639 5787 738 5842 της
775 5769 1011 5840 θλίψεως
1034 5771 1175 5840 εἴδη.
1254 5772 1274 5802 ⁸
1303 5777 1483 5828 Καλει
1509 5772 1999 5842 -τεταγμένουᾳ
2031 5773 2153 5828 Des.
2182 5789 2238 5827 ιιι
2266 5772 2387 5827 cod.
2417 5771 2469 5842 '5.
2551 5772 2595 5803 ³⁸
2628 5770 2953 5839 Τοὺς-ὠς.
2983 5770 3109 5842 Des.
3137 5785 3192 5842 In
3223 5767 3348 5842 cod:
3378 5765 3435 5820 2.
3477 5765 3519 5797 “
3581 5764 3668 5818 Υπ

396 5839 613 5895 αὑτοῦ.
646 5837 769 5897 edd.
796 5843 828 5896 5
856 5837 986 5913 παρ’
1018 5837 1203 5898 αὑτοῦ.
1287 5844 1328 5878 ¹³
1351 5844 1515 5898 Οὕτω
1542 5873 1612 5885 -—
1648 5837 1917 5911 ἐπιθήσω
1952 5837 1998 5904 ft

2101 5861 2147 5897 ν.
2181 5844 2302 5898 Des.
2329 5841 2472 5912 apud
2511 5842 2677 5897 Cord.
2711 5856 2762 5911 p.
2794 5837 2919 5897 387.
2998 5841 3041 5873 ⁸³
3070 5840 3194 5897 cod.
3235 5841 3269 5894 ὃ
3294 5837 3507 5908 εἴρηκε.
