4090 6420
440 367 575 437 ton

1805 378 1888 439 IN
1919 381 2124 441 PSAL.
2160 383 2323 444 XXI.

3577 386 3709 449 1018

434 485 527 541 καὶ
570 482 758 540 δοῦναι
782 486 826 519 ³⁷
859 487 973 553 τοῖς
1018 490 1318 563 κυναρίοις.
1351 509 1370 542 ι
1418 491 1560 544 Ἀλλ’
1587 493 1735 564 ὅμως
1773 494 1914 565 μετὰ
1957 496 2001 548 τί

2121 513 2245 552 men
2285 509 2407 569 post
2437 502 2774 570 passionem,
2813 502 2907 575 qui
2942 501 3072 557 olim
3110 517 3274 557 canes
3305 511 3484 569 erant,
3518 508 3611 573 per
3640 508 3707 557 ti-

433 575 629 640 πάθος,
696 579 746 631 οί
809 578 979 633 πάλαι
1050 580 1246 648 κύνες,
1302 580 1394 635 διὰ
1462 582 1705 648 πίστεως
1772 586 1854 648 είς
1920 587 2017 657 τὴν

428 669 540 722 τῶν
592 668 726 723 υίῶν
780 671 1189 744 μεταδεδήκασι
1237 673 1429 739 τάξινο
1482 676 1532 728 οί
1581 676 1640 729 δὲ
1693 676 1863 729 πᾶλαι
1914 679 2013 750 τὴν

431 758 565 814 υίῶν
616 760 918 831 ἐσχηκότες
964 764 1313 835 κηδεμονίαν,
1351 765 1453 835 τὴν
1503 765 1686 819 κυνῶν
1739 784 2017 838 προσηγο-

428 854 554 924 ρίαν
585 854 859 920 ἐδέξαντο,
884 851 1077 928 aveat;
1102 856 1281 910 κυνῶν
1312 856 1471 928 δίκην
1502 858 1645 912 κατὰ
1690 859 1784 913 τοῦ
1814 860 2017 912 Δεσπό-

424 964 524 1001 του
573 945 620 979 ³⁸
669 946 1067 1019 λυττήσαντες.
1124 950 1260 1020 Περὶ
1312 950 1519 1005 τούτων
1565 952 1594 1004 6
1645 952 1920 1023 μακάριος
1971 952 2015 985 ³³

426 1038 639 1102 Παῦλος
677 1038 815 1110 βοᾷ·
858 1059 876 1092 ι
915 1039 1156 1093 Βλέπετε
1201 1041 1329 1105 τοὺς
1370 1040 1562 1103 κύνας,
1612 1040 1840 1111 βλέπετε
1887 1041 2013 1106 τοὺς

424 1132 628 1193 κακοὺς
664 1133 924 1203 ἐργάτας,
960 1132 1187 1203 βλέπετε
1222 1134 1322 1205 τὴν
1351 1135 1689 1205 κατατομήν.
1729 1152 1749 1186 ›
1798 1134 1856 1187 '0
1884 1134 2014 1204 μέν·

418 1239 505 1277 τοι
538 1224 883 1293 προφητικὺς
911 1224 1068 1294 λόγος
1108 1226 1279 1289 κύνας
1312 1225 1763 1297 προσαγορεύσας
1793 1226 1837 1259 ἰθ
1869 1227 1974 1297 ἔφη
1994 1245 2008 1260 ο

426 1333 447 1367 ι
473 1315 775 1388 Συναγωγὴ
829 1318 1291 1389 πονηρευομένων
1323 1318 1614 1388 περιέσχον
1636 1318 1681 1349 ⁸⁸
1719 1335 1809 1388 με.
1859 1337 1877 1369 ι
1922 1316 2012 1373 Εἷ-

417 1426 491 1464 τα
517 1408 563 1442 “
596 1410 867 1480 διηγεῖται
901 1412 970 1465 τὰ
999 1410 1092 1465 ὑπ’
1139 1410 1323 1465 αὐτῶν
1354 1410 1716 1482 τολμηθέντα.

500 1520 518 1553 ι
543 1500 783 1573 Ὠρυξαν
813 1502 1005 1573 χεῖράς
1034 1520 1160 1573 μου,
1182 1502 1278 1556 καὶ
1302 1502 1468 1566 πόδας
1491 1519 1614 1573 μου.
1636 1500 1753 1574 [ιη’]
1796 1501 2010 1575 Ἐξηρί-

417 1593 638 1665 Θμησαν
667 1586 849 1649 πάντα
880 1594 949 1648 τὰ
993 1596 1130 1649 όστᾶ
1183 1613 1308 1667 μου.
1363 1614 1381 1646 ι
1418 1595 1530 1648 Καὶ
1568 1594 1727 1650 τοῦτο
1765 1594 1810 1628 ⁸³
1850 1596 2009 1667 δῆλόν

414 1689 536 1741 ἐστι
581 1686 651 1754 δ’,
708 1688 804 1742 καὶ
861 1689 1052 1759 σαφὲς,
1101 1688 1197 1742 καὶ
1244 1691 1361 1752 τοῖς
1413 1688 1536 1742 λίαν
1590 1689 2004 1757 φιλονεικοῦσιν.

2121 591 2241 646 dem
2279 593 2332 647 in
2364 594 2600 649 ﬁliorum
2638 599 2888 653 ordinem
2918 599 3289 653 transiterunt
3321 618 3334 654 :
3371 611 3424 654 et
3454 602 3545 670 qui
3576 602 3705 653 olim

2123 693 2385 755 tanquam
2437 688 2531 742 filii
2580 692 2979 756 tractabantur,
3034 708 3233 746 canum
3283 694 3704 762 appellationem

2120 789 2466 848 acceperunt,
2512 789 2571 835 ut
2606 784 2700 851 qui
2729 799 2930 837 canum
2981 801 3133 840 more
3181 797 3374 840 contra
3411 774 3703 838 Dominum

2117 871 2273 925 rabie
2305 873 2495 940 perciti
2550 872 2784 930 fuerant.
2829 875 2905 930 De
2935 877 3018 931 his
3060 878 3252 933 beatus
3284 878 3485 933 Paulus
3516 878 3701 933 etcla~

2117 976 2276 1018 mat:
2322 983 2341 1015 ι
2388 963 2575 1020 Videte
2599 983 2787 1031 canes,
2824 968 3003 1023 videte
3050 970 3227 1023 malos
3275 969 3580 1040 operarios,
3621 969 3705 1023 vi-

2117 1056 2241 1111 dete
2265 1059 2638 1112 concisionem
2670 1070 2712 1112 ι.
2747 1082 2766 1113 ι
2797 1059 2984 1130 itaque
3010 1062 3366 1131 propheticus
3397 1078 3576 1117 Sermo
3610 1060 3701 1114 ubi

2117 1166 2280 1204 canes
2330 1166 2426 1205 eos
2474 1153 2809 1221 appellavit:
2849 1172 2867 1205 ι
2907 1152 3239 1221 Concilium,
3294 1156 3490 1225 inquit,
3542 1154 3703 1208 maliv

2115 1241 2403 1311 gnantium
2458 1241 2677 1297 obsedit
2728 1257 2839 1298 me.
2883 1262 2901 1294 ι
2957 1241 3162 1299 Deinde
3221 1254 3409 1299 narrat
3459 1261 3582 1315 quae
3632 1244 3701 1299 ab

2114 1320 2252 1402 ipsis
2277 1349 2415 1389 ausu
2442 1335 2655 1390 nefario
2681 1344 2893 1406 patrata
2924 1346 3072 1391 sunt.

2190 1511 2209 1545 ι
2250 1491 2531 1549 Foderunt
2567 1510 2766 1550 manus
2795 1509 2970 1563 meas,
3014 1504 3068 1551 et
3098 1495 3264 1560 pedes
3296 1510 3469 1550 meos.
3505 1493 3697 1567 [νεασ.

2113 1584 2226 1658 l8.)
2260 1584 2638 1643 Numerarunt
2670 1588 2858 1643 omnia
2890 1602 3017 1643 ossa
3052 1602 3192 1662 mea.
3233 1606 3251 1640 ι
3292 1587 3359 1641 Et
3389 1588 3496 1642 hoc
3525 1588 3700 1642 mani-

2111 1677 2312 1734 festum
2362 1688 2445 1735 est
2498 1689 2553 1735 et
2602 1681 2815 1735 clarum
2875 1681 3044 1736 etiam
3099 1680 3253 1735 valde
3300 1680 3697 1751 pertinacibus.

424 1780 728 1853 Ἀκούομεν
756 1782 867 1853 γὰρ
894 1782 952 1836 ὲν
978 1783 1090 1845 τοῖς
1121 1782 1290 1851 ἱεροῖς
1321 1781 1680 1849 Εὐαγγελίοις
1712 1781 1879 1836 αὑτοῦ
1909 1781 2001 1835 τοῦ

2108 1771 2381 1827 Audimus
2421 1772 2569 1827 enim
2608 1773 2664 1827 in
2704 1773 2882 1829 sacris
2917 1771 3235 1843 Evangeliis
3282 1772 3461 1843 ipsum
3509 1771 3700 1826 Domi-

413 1874 623 1945 Κυρίου
667 1874 968 1945 πρὸς-τοὺς
1011 1873 1201 1942 ἁγίους
1234 1872 1402 1927 αὑτοῦ
1440 1873 1689 1942 λέγοντος
1732 1874 2001 1946 μαθητάς·

2109 1877 2240 1916 num
2296 1861 2411 1917 suis
2460 1864 2670 1916 sanctis
2722 1862 3011 1932 discipulis
3060 1862 3336 1917 dicentem
3380 1879 3394 1916 :
3446 1879 3465 1913 ι
3506 1860 3699 1917 Videte

416 1982 437 2017 ι
486 1963 725 2017 Βλέπετε
754 1963 853 2027 τὰς
881 1963 1074 2035 χεῖράς
1110 1981 1212 2034 μου
1268 1964 1364 2016 καὶ
1396 1964 1523 2027 τοὺς
1557 1963 1728 2027 πόδας
1758 1981 1881 2033 μου,
1922 1964 2005 2018 δτι

407 2055 577 2120 αὐτὸς
619 2055 732 2125 ἐγώ
775 2057 914 2126 εἰμι.
972 2074 990 2107 ι
1031 2055 1141 2109 Καὶ
1187 2054 1372 2125 μέντοι
1416 2055 1509 2108 καὶ
1554 2054 1635 2124 τῷ
1680 2052 1855 2125 Θωμᾷ
1897 2055 2005 2108 τῶν

406 2148 558 2220 ἥλων
582 2147 711 2206 τοὺς
736 2146 945 2209 τύπους
973 2145 1242 2213 ὑπέδειξε,
1274 2147 1369 2201 καὶ
1411 2147 1511 2217 τὴν
1540 2146 1648 2199 ἀπὸ
1678 2146 1779 2217 τῆς
1804 2146 2007 2218 λόγχης

406 2239 649 2310 πληγήν.
681 2238 755 2292 Τὸ
781 2238 839 2291 δὲ
873 2257 892 2289 ι
926 2237 1330 2310 ἐξηρίθμησαν,
1359 2237 1541 2292 πάντα
1564 2236 1633 2291 τὰ
1657 2238 1793 2291 ὀστᾶ
1819 2254 1942 2308 μου,
1978 2255 1999 2288 ι

403 2334 570 2388 τοῦτο
600 2333 646 2365 ⁸³
673 2332 846 2404 δηλοῖ,
881 2334 964 2387 ὅτι
996 2333 1155 2386 Οὕτω
1187 2350 1252 2403 με
1284 2332 1551 2386 διέτειναν
1574 2330 2000 2403 προσηλοῦντες,

408 2424 489 2489 ὥς
526 2443 586 2479 τε
618 2425 803 2499 ῥᾴδιον
828 2421 970 2479 εἶναι
995 2424 1072 2495 τῷ
1107 2424 1420 2495 βουλομένῳ
1453 2424 1549 2478 καὶ
1578 2423 1672 2479 τὸν
1694 2423 1804 2477 τῶν
1829 2422 2004 2477 ὀστῶν

404 2518 647 2590 ἀριθμὸν
668 2517 989 2587 διαγνῶναι.
1025 2536 1044 2570 ι
1067 2517 1233 2570 Αὐτοὶ
1256 2516 1312 2569 δὲ
1340 2517 1698 2587 κατενόησαν,
1731 2516 1827 2570 καὶ
1853 2515 2003 2568 ἐπεῖ-

398 2612 495 2667 δόν
527 2629 618 2682 με,
649 2630 667 2662 ι
692 2610 812 2666 ἀντὶ
852 2609 1417 2676 τοῦ,ὲπιτωθάξοντες
1462 2610 1561 2664 καί
1587 2610 1632 2642 ⁸⁸
1651 2608 1998 2678 γελῶντεςδτ.

482 2702 568 2767 t0'.
616 2721 636 2754 ι
672 2700 1067 2772 Διεμερίσαντο
1092 2703 1160 2753 τὰ
1190 2700 1381 2770 ἱμάτιά
1411 2717 1513 2769 μου
1537 2700 1768 2763 ἑαυτοῖς,
1793 2699 1887 2752 καὶ
1908 2699 2002 2752 ἐπὶ

407 2792 504 2845 τὸν
544 2793 841 2863 ἱματισμόν
899 2808 1000 2861 μου
1030 2790 1222 2844 ἔϐαλον
1275 2790 1496 2861 κλῆρον.
1538 2809 1556 2841 ι
1594 2790 1705 2843 Καὶ
1741 2789 1900 2843 τοῦτο
1943 2788 2001 2842 δὲ

419 2884 606 2955 σαφῶς
641 2886 683 2917 ι’
709 2887 743 2957 ή
770 2884 884 2938 τῶν
915 2883 1078 2956 ἱερῶν
1107 2884 1455 2954 Εὑαγγελίων
1482 2882 1697 2951 ίστορία
1732 2881 1994 2937 διδάσκει.

480 3064 664 3137 κ’-κβ¹.
692 3084 712 3117 ι
730 3066 803 3121 Σὺ
824 3065 904 3133 δὲ,
924 3063 1120 3136 Κύριε,
1148 3065 1223 3135 μὴ
1252 3064 1539 3135 μακρύνῃς
1562 3062 1661 3135 τὴν
1679 3061 1931 3135 βοήθειάν
1953 3061 1999 3097 ’⁵⁸

409 3172 505 3210 σου
537 3153 635 3209 ἀπ’
668 3154 803 3226 ἐμοῦ
855 3153 937 3187 ⁵⁰ο
987 3154 1067 3217 εἰς
1099 3157 1200 3224 τὴν
1247 3153 1534 3224 ἀντίληψίν
1577 3170 1679 3224 μου
1735 3154 1994 3225 πρόσχες.

415 3247 609 3303 Ῥῦσαι
641 3248 750 3303 ἀπὸ
780 3247 1054 3319 ῥομφαίας
1086 3248 1185 3319 τὴν
1217 3247 1396 3319 ψυχήν
1433 3266 1558 3319 μου,
1589 3248 1685 3301 καὶ
1718 3249 1782 3301 ὲκ
1811 3246 1995 3318 χειρὸς

403 3340 568 3405 κυνὸς
612 3339 713 3412 τὴν
772 3340 1037 3411 μονογενῆ
1091 3357 1215 3409 μου.
1266 3339 1449 3392 Σῶσόν
1498 3356 1565 3410 με
1611 3340 1676 3391 ἐκ
1723 3339 1997 3409 στόματος

401 3429 640 3497 λέοντος,
678 3430 772 3486 καὶ
803 3431 911 3485 ἀπὸ
943 3431 1195 3501 κεράτων
1233 3431 1626 3501 μονοκερώτων
1656 3431 1756 3499 τὴν
1806 3431 1998 3486 ταπεί-

403 3523 569 3578 νωσίν
614 3541 738 3594 μου.
778 3541 796 3574 ι
841 3522 1062 3592 Ἐπειδὴ
1096 3523 1166 3587 ⁸⁸,
1203 3523 1391 3593 φησιν,
1423 3521 1685 3592 οὐδεμίαν
1716 3521 1995 3595 ἀνθρωπί-

403 3630 504 3685 νην
532 3613 640 3686 ἔχω
664 3612 940 3685 βοήθειαν,
969 3613 1071 3684 τῆς
1114 3614 1216 3684 σῆς
1248 3613 1590 3685 ἀντιλήψεως
1620 3613 1860 3684 τύχοιμι,
1902 3613 1997 3668 καὶ

405 3703 666 3777 ρυσθείην
699 3704 810 3759 ἀπό
842 3722 902 3758 τε
933 3703 1161 3770 τούτων,
1197 3704 1308 3758 ἀπό
1344 3721 1405 3757 τε
1434 3704 1528 3757 τοῦ
1554 3704 1646 3759 διὰ
1669 3704 1873 3759 τούτων
1905 3706 1994 3759 ὲν-

401 3795 719 3867 εργοῦντος,
772 3794 868 3850 καὶ
900 3794 1060 3867 δίκην
1101 3794 1260 3859 κυνὸς
1304 3796 1399 3849 καὶ
1446 3795 1665 3858 λέοντος
1708 3796 1991 3860 ἐπιόντοςο

397 3890 623 3948 λέοντα
643 3891 753 3963 γὰρ
787 3891 833 3932 ’θ
857 3890 1038 3955 καλεῖ,
1069 3889 1164 3943 καὶ
1189 3890 1365 3953 κύνα,
1385 3888 1483 3943 καὶ
1504 3886 1889 3959 μονοκέρωτα
1917 3888 1991 3955 ⁸⁸,

398 3984 495 4038 τὸν
533 3984 594 4039 τὸ
639 3983 842 4055 κράτος
886 3982 1082 4054 ἔχοντα
1118 3981 1215 4037 τοῦ
1263 3982 1520 4045 θανάτου,
1571 3981 1713 4036 κατά
1758 3980 1858 4053 τὴν
1895 3980 1991 4036 τοῦ

413 4073 738 4128 ’Δποστόλου
773 4074 995 4145 φωνήνο
1042 4074 1295 4127 τουτέστι
1339 4072 1432 4126 τδν
1471 4072 1744 4138 διάϐολον,
1789 4072 1849 4138 ὃς
1897 4073 1993 4127 καὶ

398 4164 554 4236 παρὰ
608 4166 699 4219 τὸν
750 4164 845 4219 τοῦ
903 4165 1115 4230 πάθους
1171 4166 1362 4233 καιρὸν
1417 4166 1581 4237 Θηρδς
1633 4164 1785 4235 αὐτῷ
1834 4165 1991 4237 δίκην

397 4255 625 4326 ἐπῆλθε,
668 4256 762 4309 τὸν
809 4256 1041 4311 θάνατον
1087 4256 1455 4327 ἐπαγόμενος.
1508 4255 1680 4309 Τοῦτο
1726 4256 1782 4309 δὲ
1830 4256 1925 4310 καὶ
1964 4257 1992 4309 6

2108 1968 2305 2009 manus
2355 1969 2530 2019 meas,
2584 1963 2641 2010 et
2678 1957 2845 2026 pedes
2893 1971 3068 2021 meos,
3125 1955 3386 2026 quoniam
3433 1955 3550 2025 ipse
3598 1970 3697 2025 ego

2107 2060 2230 2101 sum
2255 2055 2296 2099 ⁸.
2359 2065 2378 2098 ι
2446 2046 2629 2117 Atque
2684 2048 2850 2101 etiam
2900 2045 3129 2103 Thomas
3188 2048 3472 2102 clavorum
3538 2048 3696 2118 signa

2107 2138 2372 2203 ostendit,
2420 2149 2476 2194 et
2534 2139 2753 2210 plagam
2806 2140 2996 2196 lancea
3050 2141 3280 2195 illatam.
3339 2139 3452 2195 lloc
3486 2150 3692 2204 autem,

2115 2250 2134 2283 ι
2172 2240 2537 2287 numerarunt
2589 2232 2775 2287 omnia
2830 2247 2956 2288 ossa
2992 2248 3134 2298 mea,
3185 2252 3202 2283 ι
3245 2233 3347 2287 hoc
3400 2232 3691 2303 signiﬁcat,

2110 2325 2202 2381 Sic
2232 2341 2321 2382 me
2371 2325 2760 2382 distenderant
2794 2327 3205 2397 crueifigentes,
3259 2335 3317 2379 ut
3361 2324 3520 2380 facile
3553 2324 3695 2380 foret

2109 2419 2344 2474 cuilibet
2369 2433 2498 2474 ossa
2527 2433 2882 2475 enumerare.
2927 2439 2946 2471 ι
2989 2419 3093 2489 Ipsi
3130 2433 3261 2473 vero
3303 2418 3692 2473 considerare-

2103 2522 2256 2577 runt,
2306 2519 2363 2566 et
2421 2521 2754 2581 aspexerant
2794 2526 2905 2577 me,
2944 2530 2963 2563 ι
3017 2511 3273 2567 videlicet
3309 2510 3602 2565 illudentes
3640 2518 3700 2565 et

2104 2604 2422 2660 irridentes.

2175 2693 2344 2749 Vens.
2389 2692 2476 2748 t9.
2528 2712 2546 2744 ι
2587 2693 2899 2748 Diviserunt
2945 2692 3051 2747 sibi
3099 2693 3421 2747 vestimenta
3459 2705 3602 2756 mea,
3636 2698 3695 2744 et

2103 2801 2270 2858 super
2303 2796 2509 2841 vestem
2564 2801 2742 2841 meam
2790 2787 3064 2840 miserunt
3098 2793 3331 2841 sortem.
3374 2804 3392 2836 ι
3430 2778 3695 2853 Ἀρθι-ιὶεσο

2104 2882 2241 2938 sime
2296 2882 2402 2937 hoc
2461 2881 2626 2937 etiam
2680 2895 2962 2936 sacrorum
2998 2880 3421 2952 Evangeliorum
3457 2879 3692 2936 historia

2103 2973 2261 3047 741
2300 2975 2459 3030 docet
2479 2975 2530 3029 ι’.
3010 3037 3016 3044 ,

2173 3062 2341 3120 Vens.
2372 3064 2567 3119 20-22.
2610 3084 2630 3117 ι
2670 3062 2751 3119 Tu
2777 3072 2983 3130 autem,
3017 3064 3269 3131 Domine,
3301 3080 3368 3120 ne
3397 3064 3691 3135 elongave—

2102 3156 2179 3211 ris
2207 3157 2469 3213 auxilium
2508 3166 2662 3212 tuum
2710 3174 2741 3214 a
2805 3174 2910 3223 me,
2978 3160 3044 3213 ad
3085 3158 3461 3214 defensionem
3510 3170 3689 3210 meam

2106 3250 2334 3319 respice.
2370 3248 2512 3305 Erue
2539 3265 2568 3303 a
2591 3251 2792 3321 gladio,
2828 3250 2994 3313 Deus,
3032 3249 3272 3304 animam
3308 3263 3510 3310 meum,
3538 3254 3593 3301 et
3623 3246 3691 3301 de

2103 3354 2271 3394 manu
2303 3340 2458 3395 canis
2490 3341 2707 3396 unicam
2740 3340 3121 3396 meam.Salva
3152 3355 3240 3394 me
3264 3355 3330 3394 ex
3359 3354 3455 3394 ore
3489 3339 3686 3402 leonis,

2099 3442 2210 3487 eta
2271 3433 2534 3489 cornibus
2590 3433 2943 3488 unicornium
2998 3433 3363 3487 humilitatem
3419 3446 3617 3486 meam.
3664 3449 3683 3481 ι

2098 3522 2391 3592 Quoniam,
2425 3526 2524 3590 ait,
2555 3526 2758 3579 nullam
2793 3526 3090 3580 humanam
3146 3539 3304 3595 opem
3338 3523 3535 3585 habeo,
3582 3530 3689 3577 tua:

2097 3615 2439 3673 defensionis
2480 3633 2707 3686 compos
2753 3618 2901 3686 fiam,
2933 3627 2990 3674 et
3038 3618 3237 3673 liberer
3296 3629 3408 3672 tum
3454 3616 3523 3670 ab
3576 3614 3685 3679 his,

2100 3717 2215 3763 tum
2249 3710 2319 3764 ab
2344 3724 2411 3765 eo
2445 3709 2540 3780 qui
2595 3725 2696 3780 per
2724 3710 2828 3766 bos
2864 3710 2982 3765 haec
3008 3708 3537 3780 operatur,-quique
3596 3707 3685 3761 in-

2097 3814 2213 3857 star
2242 3803 2399 3859 canis
2432 3810 2595 3873 atque
2620 3802 2796 3857 leonis
2831 3817 2919 3857 me
2951 3802 3172 3858 invasit.
3202 3799 3337 3855 Nam
3377 3799 3600 3865 leonem,
3626 3807 3683 3853 et

2096 3910 2300 3958 canem,
2342 3903 2507 3963 atque
2551 3894 2863 3947 unicornem
2909 3908 3035 3947 eum
3094 3901 3277 3955 vocat,
3331 3891 3425 3961 qui
3485 3889 3684 3944 mortis

2094 3984 2387 4053 imperium
2419 3984 2672 4052 habebat,
2723 3985 3026 4041 secundum
3083 3982 3332 4053 Apostoli
3386 3996 3576 4037 vocem
3610 3990 3679 4033 οι

2094 4078 2305 4134 scilicet
2329 4078 2633 4144 diabolmn,
2688 4078 2781 4149 qui
2821 4076 3098 4148 passionis
3159 4084 3403 4144 tempore
3441 4080 3502 4127 ut
3563 4069 3679 4126 fera

2094 4150 2273 4240 ipsum
2309 4185 2608 4241 aggressus
2638 4179 2744 4235 est,
2786 4177 3019 4223 mortem
3048 4166 3312 4221 inferens.
3374 4164 3433 4219 Id
3495 4172 3678 4217 autem

2096 4261 2359 4316 Dominus
2382 4277 2602 4333 quoque
2637 4261 2809 4318 sacris
2846 4261 2900 4315 in
2929 4258 3241 4329 Evangeliis
3258 4257 3397 4313 dixit
3428 4275 3442 4313 :
3478 4275 3497 4308 ι
3521 4253 3682 4310 Nunc

394 4343 607 4417 Κύριος
643 4346 868 4419 εἴρηκεν
913 4351 971 4402 ὲν
1013 4350 1125 4412 τοῖς
1165 4348 1331 4411 θείοις
1376 4347 1768 4416 Εύαγγελίοιςο
1810 4365 1828 4398 ι
1875 4344 1990 4399 Νῦν

2103 4354 2357 4421 iudicium
2391 4363 2475 4411 est
2503 4359 2519 4376 '
2551 4355 2745 4410 mundi
2781 4355 2969 4425 hujus,
3018 4367 3167 4407 nunc
3204 4350 3461 4421 princeps
3511 4348 3678 4419 hujus

394 4438 583 4507 κρίσις
630 4440 747 4493 ἐστὶ
792 4440 888 4493 τοῦ
922 4441 1131 4511 κόσμου
1185 4440 1415 4494 τούτουσ
1450 4440 1545 4494 νῦν
1584 4443 1612 4494 6
1659 4440 1845 4511 ἄρχων
1891 4438 1987 4492 τοῦ

2091 4448 2282 4502 mundi
2318 4447 2571 4518 ejicietur
2595 4447 2745 4503 foras
2772 4445 2822 4502 ἀ.
2858 4466 2877 4500 ι
2916 4447 2981 4501 Et
3006 4457 3243 4500 rursus:
3283 4460 3301 4494 ι
3350 4440 3507 4497 Venit
3529 4440 3681 4511 prin-

395 4530 613 4601 κόσμου
663 4530 856 4586 τούτου
905 4532 1305 4604 ἐκϐληθήσεται
1356 4533 1483 4600 ἔξω.
1548 4553 1567 4585 ι
1627 4534 1736 4587 Καὶ
1786 4532 1985 4586 πάλινο

2103 4554 2225 4610 ceps
2282 4540 2474 4596 mundi
2513 4541 2703 4611 hujus,
2752 4549 2807 4596 et
2855 4540 2909 4594 in
2939 4553 3027 4593 me
3084 4552 3196 4592 non
3242 4534 3482 4591 inveniet
3516 4532 3680 4604 quid-

401 4638 423 4673 σ
473 4621 736 4693 Ἔρχεται
769 4625 798 4677 6
842 4623 938 4678 τοῦ
972 4625 1183 4695 κόσμου
1215 4625 1411 4679 τούτου
1455 4625 1504 4657 ἰ
1539 4624 1743 4695 ἄρχων,
1787 4624 1881 4678 καὶ
1927 4624 1984 4676 ὲν

2103 4646 2259 4701 quam
2293 4643 2338 4688 θ.
2373 4652 2393 4685 ι
2427 4632 2534 4689 Sed
2568 4641 2753 4689 tamen
2782 4640 2837 4688 et
2861 4631 2997 4686 nihil
3029 4645 3221 4687 eorum
3255 4643 3378 4701 quae
3400 4627 3683 4700 quaerebat

470 4831 495 4861 ι
531 4820 766 4898 [:hilipp.
799 4836 884 4890 ιιι,
910 4823 965 4877 2.
1041 4835 1068 4865 ι
1102 4821 1236 4880 Luc.
1273 4839 1422 4892 xstv,
1474 4822 1565 4879 59.
1640 4824 1669 4865 ι)
1696 4823 1886 4881 Matth.
1920 4842 2001 4881 xr

2153 4829 2242 4885 '55.
2321 4828 2547 4887 cilebr.
2574 4846 2637 4898 ιι,
2690 4831 2777 4886 M.
2853 4828 3065 4885 d.loan.
3133 4842 3233 4894 ιιιι,
3289 4827 3382 4883 51.
3462 4826 3677 4887 eJoan.

390 4907 509 4961 31v,
541 4892 630 4949 50.

1507 5073 1737 5131 VARUE
1778 5074 2163 5134 LECTIONES
2198 5077 2287 5134 ET
2324 5077 2563 5136 NOTAE.

466 5190 510 5266 τ’
538 5187 930 5266 Acﬁrgz._cod.
956 5187 991 5242 2
1023 5187 1224 5266 βαλεῖν,
1255 5205 1377 5261 qua)
1396 5191 1806 5266 estrecrlectio
1829 5195 1867 5249 l.
1902 5211 1952 5249 c.

2108 5194 2598 5266 Δεσπότου.γωε1.
2631 5195 2656 5248 1
2687 5195 2957 5266 σωτῆρος.
3016 5191 3414 5266 ξ’ῌΜακόριος.
3449 5189 3615 5266 Abest
3644 5204 3677 5245 a

390 5259 516 5323 (σω.
552 5261 610 5313 ‘2.
694 5257 742 5291 ⁸ο
765 5257 1291 5326 Προσαγορεύσαςζ
1320 5260 1440 5315 cod.
1468 5265 1500 5315 5
1532 5262 1658 5317 add.
1691 5266 1817 5328 τοὺς
1848 5265 2210 5328 στρατιῶτας.

1942 5376 1954 5389 .
1983 5337 2018 5391 5
2043 5336 2193 5391 addit
2214 5334 2291 5390 δέ.
2367 5334 2416 5366 ⁸⁸
2441 5336 2629 5389 Ἐστι.
2648 5328 2823 5390 Ἀυρέι
2854 5349 2886 5389 a
2913 5333 3037 5389 cod.
3068 5334 3118 5389 1.
3193 5331 3238 5362 ⁵⁸
3266 5329 3447 5383 Τοῦτο
3472 5357 3541 5367 -
3563 5328 3672 5382 ὅτι.

392 5330 518 5384 Des.
544 5330 598 5383 in
626 5329 749 5386 cod.
783 5328 818 5383 5
846 5338 899 5384 et
924 5329 1067 5398 apud
1099 5328 1298 5384 Euseb.
1326 5331 1362 5383 1.
1398 5347 1445 5386 c.
1524 5331 1570 5363 ⁸³
1602 5332 1805 5389 Τοῦτο.
1834 5351 1865 5390 c

2286 5268 2330 5297 ⁸⁸
2363 5265 2486 5335 cod.
2517 5265 2541 5319 1
2571 5258 2857 5335 περιέσχε.
2916 5258 2981 5297 τ’
3000 5258 3155 5335 Εἶτα
3180 5258 3674 5335 τνςοξμηθένῖα.

389 5400 553 5471 codd.
590 5400 626 5455 5
648 5401 787 5467 Aug.
819 5396 1122 5471 τουτέστιν.
1199 5400 1246 5430 ⁴⁶
1272 5403 1401 5455 Καί.
1435 5403 1556 5456 cod.
1592 5402 1626 5455 2
1651 5418 1839 5469 praem.
1874 5406 2001 5459 είσί.

2105 5408 2126 5438 ⁷
2154 5405 2488 5471 Γελῶντες.
2527 5405 2642 5458 Non
2675 5405 3051 5459 dubitavimus
3078 5398 3503 5471 emendatiorem
3536 5396 3677 5471 hanc

391 5470 684 5525 lectionem

391 5511 828 5611 ἓΐὲἐιᾝῦὶὶὶιζξιῖ
855 5511 912 5595 ἓῖ
928 5511 1721 5611 ⁸ἐῖέίιίἶοῖυὲἾέξξῖῖῖὶἐῖιί.ἷῗ
1737 5511 1787 5608 ιζ·
1799 5511 2007 5609 ’ὸΪὲἕέ

389 5608 699 5668 Cetelerius
732 5608 970 5663 Monum.
1001 5608 1254 5666 Ecclesia:
1284 5608 1390 5665 Gr.
1404 5614 1510 5666 vol.
1548 5611 1612 5667 ll.
1640 5629 1695 5677 ι).
1727 5608 1853 5669 625.
1931 5614 1976 5648 ⁸⁸

388 5680 429 5737 2
451 5681 580 5743 τοὺς
603 5678 942 5749 οἱκτιρμούς.

392 5758 480 5807 est
507 5750 607 5822 τὴν
647 5748 901 5822 βοήοειάν
931 5767 1056 5821 μου.

398 5818 740 5898 μονόκέρονί
792 5818 839 5854 ⁵⁸
870 5818 1107 5877 Τούτου.
1134 5821 1299 5879 Abest
1321 5820 1350 5878 a
1384 5818 1505 5879 cod.
1534 5824 1581 5889 i,
1606 5823 1660 5880 ‘2.

770 5485 830 5549 ³⁸9
853 5468 1126 5549 λέγργτες.
1156 5480 1216 5525 ul
1257 5471 1509 5549 habebat;
1523 5472 1610 5549 ed.
1644 5464 1838 5549 Sirm,
1875 5476 2233 5549 spbstituere,
2264 5464 2601 5549 auctoritate
2626 5474 2877 5549 codicum
2916 5475 3079 5549 trium
3103 5472 3337 5549 August.
3375 5475 3428 5522 et
3453 5464 3674 5549 Eusebii

2035 5585 2049 5611 ,
2125 5561 2195 5600 uo
2244 5555 2525 5617 pmeunte
2571 5545 2639 5601 de
2664 5546 2768 5601 hac
2799 5545 3137 5601 correctione
3168 5552 3266 5592 nos
3299 5545 3412 5605 jam
3459 5545 3676 5591 monuit

2012 5564 2136 5672 cog.
2170 5617 2205 5671 '5
2226 5627 2276 5672 et
2307 5616 2507 5671 Euseb.
2538 5615 2894 5672 σαφέστερον.
2972 5615 3018 5646 ⁸³
3058 5610 3177 5672 Τὴν
3194 5607 3513 5672 βοήθειαν.
3544 5607 3647 5660 cod

2122 5656 2136 5671 .
2170 5617 2205 5671 '5
2226 5607 2276 5672 et
2307 5616 2507 5671 Euseb.
2538 5615 2894 5686 σαφέστερον.
2972 5615 3018 5646 δ’
3058 5610 3177 5686 Th!
3194 5607 3647 5686 ,QOﬂfLElar._th.l

1021 5681 1066 5712 ⁸⁰
1105 5684 1224 5755 Sep
1244 5682 1356 5755 risi
1378 5682 1546 5755 ἐμοῦ.
1585 5675 1737 5755 Hanc
1768 5685 2054 5740 lectionem
2090 5687 2294 5740 habent
2328 5689 2417 5742 ed.
2446 5687 2567 5742 Ald.
2597 5675 2653 5741 et
2678 5675 2919 5755 Compl.,
2954 5677 3302 5755 teste_BQSiO-
3325 5675 3674 5755 Βθοηιθςιῑρ

1164 5752 1208 5781 ⁵¹
1244 5752 1881 5821 Ἐπειδὴ-ἐπιόντος.
1909 5755 2034 5813 Des.
2061 5757 2115 5813 in
2143 5759 2264 5814 cod.
2292 5756 2345 5811 ὅ.

2446 5757 2491 5789 ⁸⁸
2524 5757 2671 5824 Γιίρ.
2713 5745 2965 5812 Αιιθέιό
3002 5751 3125 5809 cod.
3156 5749 3218 5806 ὃν
3324 5746 3370 5779 ⁸³
3398 5746 3519 5802 cod.
3566 5745 3584 5801 Ι
3625 5749 3661 5802 2
