4090 6472
381 373 521 439 1023

1382 377 1881 438 THEODORETI
1920 376 2263 439 EPISCOPI
2300 377 2671 439 CYRENSIS

3516 346 3651 438 102i

451 504 467 524 α
505 485 680 543 Vens.
716 486 805 541 99.
840 504 858 536 ε
905 485 1174 552 Quoniam
1211 484 1431 541 Domini
1476 499 1561 543 est
1601 504 1854 559 regnum,
1906 498 1960 544 et

2134 487 2237 540 κθ’.
2281 506 2301 539 ι
2350 488 2472 540 ’Ότι
2509 487 2603 540 τοῦ
2648 487 2910 558 Κυρίουή
2949 485 3215 556 βασιλεία,
3247 485 3342 539 καὶ
3379 485 3542 544 αὖτὸς
3574 486 3631 537 δε

378 579 498 650 ipso
521 579 836 634 dominatur
860 579 1130 649 gentibus.
1168 600 1185 632 ι
1241 579 1359 634 Non
1395 580 1539 635 enim
1594 590 1808 636 tantum
1862 580 1961 636 Ju-

379 672 622 725 dzcornm
675 670 818 725 Dens
848 679 935 725 est
976 670 1143 737 Deus,
1179 683 1233 727 ut
1265 673 1709 741 illi'existimant,
1769 690 1959 729 verum

381 762 550 817 totius
582 762 831 816 humana:
874 771 1084 817 natura
1106 771 1189 819 est
1218 774 1455 820 creator.
1501 764 1593 821 Sic
1623 776 1678 821 et
1719 766 1960 836 Aposto-

378 851 468 906 lus
510 853 623 905 ait:
667 870 684 902 ι
728 851 982 923 Nunquid
1010 852 1324 909 Judaeorum
1371 856 1511 910 Deus
1568 864 1653 911 est
1709 857 1962 910 tantum?

381 956 560 997 nonne
590 951 645 997 et
670 945 911 1012 gentium
946 943 970 998 ?
1003 944 1231 998 omnino
1259 946 1424 999 etiam
1486 947 1729 1017 gentium
1767 967 1779 1002 :
1818 963 1947 1019 quo«

379 1033 525 1086 niam
562 1049 704 1088 unus
750 1042 834 1088 est
868 1033 1031 1096 Deus,
1070 1033 1163 1103 qui
1217 1033 1543 1103 justiﬁcabit
1603 1036 1962 1093 circumcisos

375 1137 443 1178 ex
483 1123 605 1191 ﬁde,
624 1133 679 1178 et
733 1123 1106 1193 praeputiatos,
1162 1138 1258 1192 per
1293 1125 1450 1179 Iidem
1479 1122 1527 1179 ιι.
1579 1140 1599 1173 ι

447 1214 617 1269 Vens.
650 1214 739 1271 30.
773 1234 791 1266 ι
826 1215 1316 1282 Mandueaverunt,
1351 1227 1403 1271 et
1444 1218 1810 1275 adoraverunt
1836 1235 1959 1274 eum

381 1322 578 1363 omnes
609 1306 840 1378 pingues
871 1317 1075 1361 terrae:
1143 1306 1197 1360 in
1240 1316 1537 1378 conspectu
1594 1309 1716 1379 ejus
1768 1310 1965 1364 cadent

379 1415 572 1456 omnes
606 1401 723 1470 Aqui
754 1399 1097 1455 descendunt
1125 1399 1178 1453 in
1217 1409 1438 1456 terram.
1479 1420 1497 1452 ι
1540 1400 1641 1467 Qui
1689 1404 1834 1456 enim
1866 1418 1965 1458 eo-

2063 575 2254 642 σπόξει
2278 579 2389 633 τῶν
2429 578 2622 634 ἐθνῶν.
2664 597 2682 629 ι
2722 579 2797 631 Οὐ
2837 581 2946 650 γὰρ
2995 580 3154 649 μόνον
3199 578 3471 631 Ἰουδαίων
3520 577 3650 633 Θεὸς

2060 673 2090 724 ὁ
2117 671 2271 736 Θεὸς,
2303 671 2380 734 ὡς
2408 672 2605 726 ἐκεῖνοι
2651 671 2984 741 νομίζουσιν,
3012 670 3148 725 ἀλλὰ
3193 670 3375 740 πάσης
3407 671 3505 739 τῆς
3545 671 3653 723 τῶν

2061 762 2368 832 ἀνθρώπων
2410 761 2627 831 φύσεως
2668 765 2919 834 ποιητής.
2952 763 3109 816 Οὕτω
3139 763 3231 815 καὶ
3263 764 3290 815 ὁ
3333 760 3655 823 Ἀπόστολος
3722 746 3731 759 ’

2062 853 2201 924 ἔφη·
2247 855 2317 906 Ἥ
2357 855 2402 886 ⁸⁸
2450 854 2719 909 Ἰουδαίων
2759 856 2788 908 ό
2834 855 2969 918 Θεὸς
3013 854 3175 924 μόνον
3216 856 3264 887 ⁸⁸
3308 853 3430 924 οὐχὶ
3459 842 3515 906 δέ
3559 854 3656 906 καὶ

2064 943 2270 1022 ἐθνῶν;
2295 946 2386 998 ναὶ
2409 944 2505 997 καὶ
2530 945 2701 1000 ἐθνῶν
2723 963 2738 978 ·
2775 946 3010 1017 ἐπείπερ
3036 941 3117 1010 εἷς
3145 947 3174 998 ὁ
3199 946 3353 1009 Θεὸς,
3390 945 3447 1007 ὃς
3477 945 3657 998 δικαι-

2006 1092 2016 1098 ,
2061 1033 2193 1089 ὡσει
2239 1035 2546 1109 περιτομὴν
2587 1038 2652 1091 ἐκ
2700 1038 2959 1103 πίστεως,
3009 1038 3101 1093 καὶ
3147 1037 3519 1109 ἀκροϐυστίαν
3565 1035 3657 1089 διὰ

2061 1126 2165 1197 τῆς
2195 1127 2450 1189 πίστεως.
2490 1146 2511 1182 ι

2135 1217 2197 1272 λ’.
2248 1238 2266 1270 ι
2318 1219 2561 1288 Ἔφαγον
2586 1221 2681 1275 καὶ
2705 1219 3122 1291 προσεκύνησαν
3148 1218 3299 1288 αὐτῷ
3330 1219 3347 1249 ¹
3375 1220 3580 1281 πάντες
3603 1221 3655 1272 oi

2064 1311 2248 1375 πίονες
2274 1312 2374 1382 τῆς
2398 1313 2519 1382 γῆς,
2554 1312 2786 1366 ἐνώπιον
2813 1312 2980 1365 αὐτοῦ
3017 1310 3421 1382 προπεσοῦνται
3451 1311 3657 1374 πάντες

2063 1404 2114 1457 oi
2142 1404 2572 1469 καταϐαίνοντες
2614 1406 2697 1467 εἰς
2723 1405 2847 1475 γῆν.
2898 1423 2917 1456 ι
2959 1404 3024 1457 Οἱ
3059 1406 3078 1437 ³
3115 1403 3225 1472 γὰρ
3261 1404 3531 1473 φαγόντες
3560 1403 3658 1458 καὶ

380 1494 672 1549 mederunt
698 1502 756 1548 et
789 1493 996 1563 impleti
1028 1502 1178 1557 sunt,
1212 1494 1279 1548 de
1306 1495 1741 1550 immortalieibo
1759 1497 1964 1568 gratias

2068 1494 2478 1565 ἐμπλησθέντες
2509 1497 2550 1561 ³,
2585 1497 2747 1566 χάριν
2793 1495 3187 1565 ὁμολογοῦντες
3220 1496 3351 1565 περὶ
3382 1495 3482 1564 τῆς
3517 1494 3656 1548 ἀθα-

380 1598 627 1659 agentes,
659 1603 786 1643 eum
825 1588 917 1658 qui
951 1587 1068 1643 haec
1092 1589 1467 1657 suppeditavit
1504 1599 1562 1644 ut
1620 1589 1786 1644 Deum
1828 1593 1964 1645 ado-

2065 1588 2229 1641 νάτου
2268 1589 2497 1659 τροφῆς,
2535 1589 3006 1662 προσκυνήσουσιν
3040 1586 3115 1649 ὡς
3145 1587 3280 1641 Θεὸν
3320 1588 3413 1640 τὸν
3446 1586 3655 1639 τούτων

382 1678 601 1733 rabunt.
632 1677 699 1732 Et
727 1678 853 1747 quia
893 1678 945 1731 in
978 1677 1319 1746 praecedente
1350 1694 1509 1733 versu
1542 1680 1820 1750 pinguium
1845 1692 1964 1737 tan-

2066 1679 2361 1749 γενόμενον
2410 1681 2667 1751 χορηγόν.
2728 1680 2840 1732 Καὶ
2895 1678 3085 1749 ἐπειδὴ
3142 1680 3200 1731 ἐν
3257 1678 3336 1748 τῷ
3397 1679 3655 1750 προτέρῳ

380 1778 497 1824 tum
536 1770 865 1823 mentionem
902 1769 1049 1835 fecit,
1083 1779 1140 1823 ut
1194 1770 1287 1840 qui
1334 1771 1403 1824 ab
1462 1772 1555 1826 illo
1589 1773 1776 1828 divino
1839 1776 1963 1831 cibo

2069 1772 2237 1843 στίχῳ
2279 1771 2389 1824 τῶν
2427 1772 2630 1825 πιόνων
2673 1770 3049 1840 ἐμνημόνευσε
3085 1769 3283 1840 μόνων,
3316 1770 3411 1824 ἆτε
3446 1771 3509 1840 δὴ
3544 1787 3656 1823 τοι·

383 1860 519 1916 tales
550 1860 725 1915 ell‘ecti
761 1860 890 1928 sint,
927 1862 1121 1916 merito
1143 1861 1286 1916 dixit
1319 1879 1333 1916 :
1377 1881 1395 1914 ι
1428 1864 1485 1917 ln
1519 1876 1814 1936 conspectu
1840 1868 1960 1937 ejus

379 1952 576 2007 cadent
608 1966 802 2008 omnes
848 1953 940 2022 qui
969 1954 1312 2008 descendunt
1341 1954 1396 2009 in
1432 1964 1656 2010 terram.
1702 1977 1721 2009 ι
1771 1958 1961 2029 Siqui-

379 2044 503 2099 dem
544 2053 667 2114 post
700 2044 1158 2099 resurrectionem
1192 2060 1258 2100 ex
1289 2047 1548 2110 mortuis,
1601 2047 1694 2101 alii
1738 2051 1956 2117 quidem

380 2142 642 2211 volentes,
677 2143 766 2198 alii
805 2158 935 2198 vero
966 2142 1145 2209 inviti,
1182 2152 1237 2198 et
1254 2144 1358 2198 valii
1396 2144 1615 2214 quidem
1645 2162 1709 2199 ex
1747 2162 1957 2215 amore,

379 2235 470 2290 alii
500 2251 629 2292 vero
653 2251 685 2291 e
719 2236 933 2303 timore,
968 2236 1118 2292 hunc
1147 2235 1257 2291 Deo
1286 2236 1519 2292 oil‘erent
1575 2240 1809 2306 cultum,
1874 2257 1963 2297 se-

378 2328 619 2383 cundum
651 2328 800 2382 illam
835 2328 1084 2397 Apostoli
1124 2344 1358 2385 vocem:
1420 2348 1439 2380 ι
1484 2330 1560 2384 Illi
1613 2346 1778 2386 omne
1818 2347 1961 2404 genu

378 2418 638 2485 ﬂectetur,
669 2421 1003 2487 caelestium,
1031 2423 1395 2488 terreSIrium,
1427 2433 1482 2478 et
1508 2424 1873 2492 infernorum,
1907 2439 1963 2482 et

377 2513 557 2568 omnis
611 2514 794 2585 lingua
862 2515 1232 2576 conﬁtebitur.
1298 2517 1587 2571 Dominum
1618 2534 1741 2573 esse
1775 2517 1958 2574 Jesum

373 2605 676 2673 Christum,
705 2610 760 2662 in
793 2609 1020 2679 gloriam
1054 2601 1219 2681 746
1251 2608 1343 2664 Dei
1382 2609 1566 2666 Patris
1605 2610 1647 2665 ι.
1686 2632 1703 2663 ι

450 2784 610 2842 Vens.
639 2787 727 2841 51.
765 2804 784 2837 ι
817 2785 883 2841 Et
917 2787 1100 2841 anima
1159 2803 1279 2842 mea
1337 2788 1412 2842 illi
1458 2789 1627 2854 vivet,
1665 2800 1718 2844 et
1775 2808 1960 2847 semen

378 2893 556 2933 meum
587 2878 788 2932 serviet
818 2880 940 2949 ipsi.
982 2899 1001 2931 υ
1043 2879 1231 2934 Semen
1264 2880 1481 2935 Domini
1555 2882 1756 2939 Christi
1810 2894 1959 2950 sunt,

378 2970 472 3040 qui
502 2985 598 3040 per
637 2971 837 3025 lavacri
882 2973 1351 3041 regenerationem
1387 2976 1559 3029 renati
1592 2986 1741 3045 sunt,
1799 2988 1964 3049 atque

378 3060 688 3130 adoptionis
736 3061 968 3131 gratiam
1012 3072 1360 3129 receperunt.
1397 3062 1694 3134 Propterea
1739 3069 1961 3137 quidem

2063 1865 2236 1918 ούτων
2263 1864 2367 1918 ὑπὸ
2391 1865 2490 1935 τῆς
2526 1864 2677 1928 θείας
2705 1864 2923 1933 ἐκείνης
2949 1862 2970 1894 ⁸
2997 1862 3387 1932 γεγενημένων
3422 1862 3653 1933 τροφῆς,

2012 1987 2021 1996 ~
2063 1957 2288 2021 είκότως
2338 1951 2492 2009 εἶπεν
2525 1957 2582 1988 ⁵·
2642 1974 2660 2007 ι
2726 1955 2990 2009 Ἐνώπιον
3036 1954 3202 2007 αὑτοῦ
3252 1953 3655 2023 προπεσοῦνται

2064 2049 2264 2111 πάντες
2294 2049 2343 2101 οἱ
2373 2046 2804 2109 καταϐαίνοντες
2836 2047 2916 2108 είς
2947 2043 3073 2114 γῆν.
3127 2063 3148 2097 ι
3202 2043 3358 2098 Μετὰ
3403 2044 3511 2114 γάρ
3556 2045 3654 2113 τὴν

2063 2140 2129 2194 ἐκ
2162 2140 2372 2211 νεκρῶν
2404 2140 2718 2202 ἀνάστασιν,
2756 2140 2805 2191 oi
2846 2138 2943 2207 μὲν
2973 2137 3212 2200 ἑκόντες,
3245 2137 3293 2188 οἱ
3324 2136 3381 2189 δὲ
3407 2136 3654 2197 ἄκοντες,

2062 2234 2161 2286 καὶ
2197 2233 2246 2284 οἱ
2283 2232 2382 2302 μέν
2409 2231 2584 2301 πόθῳ,
2615 2231 2665 2283 οἱ
2697 2229 2753 2283 δὲ
2782 2229 2955 2300 φόϐῳ,
2986 2228 3195 2297 ταύτην
3223 2225 3300 2297 τῷ
3339 2225 3460 2297 Θεῷ
3488 2244 3659 2297 προσ-

2063 2323 2270 2377 οίσουσι
2315 2322 2415 2394 τὴν
2466 2320 2875 2394 προσκύνησιν,
2925 2320 3069 2374 κατὰ
3104 2320 3124 2352 ⁸
3156 2317 3256 2389 τὴν
3295 2317 3659 2389 άποστολικὴν

2063 2413 2277 2484 ἐκείνην
2305 2412 2493 2483 φωνήν
2510 2426 2524 2440 θ
2550 2411 2633 2465 ὅτι
2665 2429 2683 2462 ι
2705 2410 2865 2480 Αὐτῷ
2887 2409 3096 2481 κάμψει
3125 2409 3231 2462 πᾶν
3257 2408 3385 2477 γόνυ
3419 2409 3661 2478 ἐπουρα-

2065 2506 2216 2571 νίων,
2276 2506 2373 2559 καὶ
2421 2504 2701 2572 ἐπιγείων,
2764 2504 2863 2556 καὶ
2914 2501 3313 2572 καταχθονίων,
3363 2500 3459 2552 καὶ
3508 2502 3662 2553 πᾶσα

2064 2600 2286 2670 γλῶσσα
2315 2599 2773 2669 ἐξομολογήσεται
2816 2600 2860 2664 ⁷,
2910 2598 2991 2651 ὅτι
3034 2596 3242 2668 Κύριος
3284 2594 3494 2665 Ἰησοῦς
3532 2595 3658 2667 Χρι-

2067 2694 2190 2758 στὸς
2220 2695 2301 2757 εἰς
2335 2691 2495 2757 δόξαν
2524 2690 2661 2744 Θεοῦ
2695 2689 2903 2762 πατρός
2948 2690 2992 2743 ⁸.
3025 2707 3043 2742 ι

2135 2786 2241 2841 λα’.
2290 2806 2308 2837 ι
2352 2786 2462 2837 Καὶ
2492 2784 2513 2816 ⁹
2547 2786 2579 2855 ἡ
2610 2783 2754 2853 ψυχὴ
2788 2799 2889 2849 μου
2918 2780 3068 2851 αὐτῷ
3096 2779 3186 2851 ζῇ,
3219 2778 3314 2831 καὶ
3340 2777 3400 2832 τὸ
3432 2776 3659 2847 σπέρμα

2070 2899 2173 2951 μου
2203 2878 2481 2933 δουλεύσει
2516 2874 2683 2947 αὐτῷ.
2727 2895 2745 2927 ι
2796 2875 3038 2943 Σπέρμα
3090 2873 3148 2926 δὲ
3193 2871 3302 2926 τοῦ
3348 2873 3659 2925 demtde

2067 2971 2365 3041 Χριστοῦ,
2419 2971 2470 3023 οἱ
2521 2969 2608 3023 διὰ
2636 2968 2737 3039 τῆς
2778 2966 2872 3020 τοῦ
2923 2965 3153 3038 λουτροῦ
3232 2962 3658 3032 παλιγγενεσίας

2068 3060 2507 3134 άναγεννώμενοι
2558 3062 2625 3125 ¹⁰,
2679 3060 2772 3113 καὶ
2804 3059 2867 3113 τὸ
2921 3061 3022 3129 τῆς
3073 3056 3344 3121 υἱοθεσίας
3378 3055 3655 3126 δεχόμενοι
3724 3078 3729 3079 ν

378 3152 618 3207 animam
686 3167 844 3208 suam
910 3152 989 3206 illi
1044 3154 1270 3218 vivere,
1323 3163 1377 3209 et
1434 3172 1541 3210 non
1620 3166 1826 3212 servire
1883 3151 1964 3213 (ιι-

2070 3158 2337 3228 χάρισμα.
2370 3153 2462 3207 Διὸ
2490 3153 2535 3184 ¹¹
2560 3153 2659 3225 τὴν
2687 3153 2786 3224 μὲν
2808 3149 2973 3205 αὑτοῦ
3001 3149 3179 3221 ψυχὴν
3213 3148 3363 3219 αὐτῷ
3392 3147 3513 3219 ζῇν,
3540 3145 3654 3199 ἀλλ’

380 3244 497 3308 xit,
556 3259 743 3299 semen
823 3259 954 3297 vero
1035 3246 1260 3300 servire.
1320 3245 1598 3317 Siquidem
1688 3260 1967 3320 assumpta

381 3342 578 3389 natura
633 3349 759 3387 eum
805 3333 1090 3389 divinitate
1121 3347 1437 3391 assumente
1464 3339 1718 3408 copulata
1760 3340 1880 3404 fuit,
1915 3351 1971 3397 et

379 3427 625 3498 ejusdem
660 3426 844 3496 glorise
870 3434 922 3481 et
958 3428 1183 3483 honoris
1240 3429 1382 3483 facta
1414 3439 1497 3485 est
1531 3433 1823 3502 particeps.

456 3518 624 3575 Vens.
654 3518 745 3573 52.
780 3537 799 3570 ι
838 3518 1265 3575 Annuntiabitnr
1283 3521 1515 3575 Domino
1541 3525 1818 3594 generatio
1842 3541 1970 3580 ven-

381 3619 529 3677 tura,
556 3620 611 3666 et
656 3611 1057 3666 annuutiabunt
1097 3613 1367 3682 justitiam
1435 3614 1556 3684 ejus
1619 3617 1818 3687 populo
1875 3618 1969 3687 qui

380 3712 665 3770 nascetur,
691 3701 1011 3777 quenrl'ecit
1054 3702 1343 3758 Dominus.
1388 3722 1407 3755 ι
1452 3705 1570 3758 Non
1599 3707 1668 3760 de
1726 3709 1848 3771 hac,
1881 3709 1967 3764 in-

380 3796 524 3867 quit,
574 3795 699 3851 dico
731 3795 1104 3868 generatione,
1157 3796 1458 3849 secundum
1504 3813 1667 3866 quam
1703 3814 1804 3869 ego
1865 3800 1972 3855 Da-

381 3889 471 3945 vid
503 3889 617 3944 haec
660 3887 939 3959 praedico:
977 3902 1170 3941 verum
1199 3885 1267 3941 de
1315 3885 1519 3951 futura,
1583 3898 1746 3958 atque
1787 3892 1853 3946 de
1904 3907 1970 3947 eo

379 3982 581 4054 popqu
625 3980 719 4053 qui
754 3986 1029 4045 nascetur,
1063 3992 1228 4049 quem
1291 3977 1409 4048 ipse
1446 3979 1827 4037 universorum
1863 3982 1971 4038 Do—

380 4073 567 4129 minus
598 4073 905 4128 constituit.
937 4070 1036 4125 llic
1066 4069 1286 4139 quidem
1310 4071 1493 4125 omnia
1549 4072 1651 4128 ista
1700 4074 1969 4144 praedixit.

380 4165 496 4237 Ego
523 4176 705 4221 autem
730 4163 1049 4219 Judaeornm
1082 4172 1363 4230 stuporem
1405 4162 1653 4234 deploro,
1707 4168 1968 4233 quoniam

381 4256 441 4311 in
484 4258 688 4313 divinis
717 4255 958 4311 oraculis
991 4270 1208 4324 semper
1246 4265 1553 4325 versantes,
1592 4258 1877 4314 veritatem
1915 4260 1969 4313 in

382 4352 475 4407 bis
520 4349 896 4420 splendentem
930 4347 1157 4402 minime
1190 4348 1562 4418 conspiciunt,
1601 4352 1696 4405 sed
1731 4355 1746 4371 '
1781 4351 1835 4404 in
1864 4352 1973 4405 Da-

381 4443 560 4499 videm
587 4442 795 4498 dictum
835 4455 956 4497 esse
985 4441 1135 4496 hunc
1182 4441 1453 4510 psalmum
1532 4452 1812 4507 asserunt,
1869 4458 1973 4497 au-

2070 3251 2132 3302 οὑ
2170 3247 2446 3302 δουλεύειν
2478 3247 2697 3317 εἴρηκε,
2729 3244 2791 3298 τὸ
2827 3243 2884 3296 δέ
2916 3242 3138 3314 σπέρμα
3171 3242 3213 3272 ¹²
3242 3240 3542 3294 δουλεύειν.
3595 3237 3661 3290 Ὶι

2071 3341 2179 3412 γὰρ
2206 3340 2478 3410 ληφθεῖσα
2510 3336 2672 3405 φύσις
2698 3334 2883 3406 ὴνώθη
2924 3336 2991 3406 τῇ
3023 3332 3265 3404 λαϐούσῃ
3291 3332 3527 3402 θεότητι,
3568 3330 3665 3382 καὶ

2068 3435 2167 3506 τῆς
2197 3432 2366 3503 αὐτῆς
2393 3431 2553 3501 δόξης
2588 3430 2879 3500 μετείληχε
2915 3428 2957 3458 ³³
2989 3428 3086 3481 καὶ
3118 3425 3286 3497 τιμῆς
3324 3425 3389 3479 ¹⁵.

2141 3524 2240 3595 λβ’.
2290 3543 2309 3576 ι
2368 3521 2832 3591 Ἀναγγελὴσεται
2885 3518 2963 3590 τῷ
3005 3518 3194 3590 Κυρίῳ
3237 3516 3399 3585 γενεὰ
3434 3517 3466 3586 ἡ
3509 3517 3665 3585 ἐρχοο

2074 3616 2235 3689 μένη,
2274 3615 2371 3669 καὶ
2415 3612 2776 3682 ἀναγγελοῦσι
2819 3610 2919 3683 τὴν
2956 3608 3310 3679 δικαιοσύνην
3354 3606 3517 3661 αὑτοῦ
3548 3606 3665 3678 λαῷ

2069 3708 2150 3780 τῷ
2177 3706 2586 3779 τεχθησομένῳ,
2617 3704 2677 3758 δν
2705 3704 2751 3735 ’⁸
2778 3703 3036 3773 ἐποίησεν
3069 3704 3096 3755 ὁ
3123 3701 3349 3772 Κύριος.
3386 3719 3403 3750 ι
3429 3699 3504 3753 Οὐ
3534 3699 3665 3770 περὶ

2070 3800 2296 3868 ταύτης,
2331 3798 2488 3869 φησὶ,
2517 3797 2663 3864 λέγω
2693 3797 2792 3866 τῆς
2827 3796 3041 3864 γενεᾶς,
3076 3792 3201 3847 καθ’
3233 3795 3300 3865 ἢν
3343 3790 3456 3861 ἐγὼ
3500 3794 3528 3844 ὁ
3556 3793 3665 3844 Δα-

2071 3894 2157 3948 ϐὶδ
2192 3893 2366 3948 ταῦτα
2398 3890 2762 3964 προαγορεύω
2799 3890 2864 3955 ³⁸,
2911 3889 3047 3942 ἀλλά
3080 3889 3208 3956 περὶ
3240 3887 3339 3957 τῆς
3370 3887 3664 3956 ἐσομένης,

2074 3986 2169 4041 καὶ
2216 3984 2312 4039 τοῦ
2357 3983 2763 4055 τεχθησομένου
2809 3980 2965 4043 λαοῦ,
2998 3980 3057 4034 ὃν
3099 3978 3261 4042 αὐτὸς
3300 3979 3329 4030 ό
3369 3976 3480 4029 τῶν
3525 3976 3668 4029 ὅλων

2075 4078 2450 4148 συνεστήσατο
2480 4075 2706 4146 Κύριος.
2752 4074 2811 4127 '0
2845 4073 2947 4143 μὲν
2972 4071 3067 4126 οὖν
3111 4069 3286 4124 ταῦτα
3324 4068 3669 4140 προηγόρευ-

2077 4189 2168 4224 σεν
2199 4169 2435 4224 ἅπαντα.
2478 4166 2623 4235 Ἐγὼ
2654 4166 2696 4199 ¹⁷
2728 4166 2784 4220 δέ
2815 4164 2914 4235 τὴν
2959 4162 3233 4217 Ἰουδαίων
3262 4157 3669 4231 ἐμϐροντησίαν

2077 4262 2281 4334 θρηνῶ,
2312 4262 2393 4315 ὅτι
2438 4262 2551 4323 τοῖς
2579 4257 2745 4323 θείοις
2773 4256 2975 4326 λογίοις
3003 4252 3269 4323 διηνεκῶς
3313 4249 3671 4320 ἐντυγχάνονο

2075 4374 2201 4419 τες,
2250 4355 2349 4426 τὴν
2411 4355 2469 4407 ἐν
2514 4352 2728 4415 τούτοις
2779 4350 3200 4418 διαλάμπουσαν
3242 4347 3301 4398 ού
3364 4341 3670 4414 συνορῶσιν

2077 4442 2511 4516 ἀλήθειαν,λὰλλ’
2543 4443 2623 4505 είς
2666 4441 2758 4494 τὸν
2806 4439 2972 4493 Δαϐὶδ
3020 4435 3278 4507 εἰρῆσθαι
3306 4434 3398 4487 τὸν
3438 4430 3671 4502 Ψαλμὸν

382 4532 592 4588 dientes
623 4530 882 4584 Davidem
938 4531 1378 4589 exelamantem:
1449 4551 1468 4584 ι
1531 4533 1964 4591 Annuntiabitur

2074 4538 2493 4607 ἀποφαίνονται,
2520 4534 2615 4589 τοῦ
2649 4534 2885 4605 βοῶντος
2910 4533 2955 4565 ¹⁸
2985 4531 3301 4593 ἀκούοντες,
3343 4549 3362 4581 σ
3404 4528 3672 4595 Ἀναγγε-

384 4620 619 4677 Domino
642 4622 921 4693 generatio
956 4632 1207 4688 ventura,
1245 4634 1301 4680 et
1349 4623 1760 4679 annuntiabunt
1806 4625 1971 4693 justi-

387 4715 521 4770 tiam
548 4714 668 4784 ejus
703 4714 903 4785 populo
942 4716 1036 4787 qui
1081 4726 1363 4781 nascetur,
1398 4729 1565 4784 quem
1592 4713 1722 4769 fecit
1776 4713 1968 4773 Domi-

457 4832 486 4872 ιι
514 4830 673 4890 Rom.
704 4848 788 4901 ιιι,
827 4835 919 4899 29,
949 4834 1039 4890 50.
1122 4833 1137 4873 ι
1203 4832 1442 4902 Philipp.
1478 4846 1542 4896 ιι,
1595 4830 1685 4896 10,
1730 4831 1820 4886 ll.

2075 4630 2306 4701 λήσεται
2339 4627 2417 4698 τῷ
2445 4627 2639 4699 Κυρίῳ
2667 4626 2835 4695 γενεά
2875 4626 2908 4695 ὴ
2962 4623 3259 4694 ἐρχομένη,
3292 4621 3387 4674 καὶ
3428 4620 3672 4687 ἀναγγε-

2077 4719 2230 4774 λοῦσι
2257 4718 2354 4789 τὴν
2379 4716 2730 4788 δικαιοσύνην
2762 4713 2955 4783 αὑτοῦ,
2983 4713 3101 4786 λαῷ
3148 4712 3225 4784 τῷ
3259 4709 3671 4782 τεχθησομὲνῳ,

1489 4942 1724 4999 νΑιιιίΕ
1763 4941 2153 4999 LECTIONES
2197 4940 2283 4997 ET
2328 4940 2565 4998 NOTAE.

475 5043 523 5079 ’⁵
556 5043 649 5099 Ἤ.
708 5042 872 5099 Abest
916 5059 944 5097 a
979 5044 1103 5098 cod.
1153 5042 1207 5098 2.

387 5116 528 5187 Aug.
558 5121 611 5169 et
639 5128 669 5168 a
699 5113 1190 5187 versioneuGrieca.

387 5186 553 5241 Abest
586 5202 614 5239 a
649 5188 769 5239 cod.
803 5186 861 5238 2.

388 5272 445 5328 ι)-
478 5257 602 5328 390-
695 5256 718 5328 7
748 5255 1103 5328 ’Eﬁozwvlerz
1127 5251 1251 5328 09d.-
1288 5250 1491 5328 ’-πείίηί
1523 5248 1695 5328 @159.-

1314 5040 1360 5072 θ’
1402 5040 1464 5093 '0
1518 5038 1662 5106 Θεὸς
1711 5042 1925 5107 μόνον.
1972 5036 2098 5093 cod.
2152 5038 2176 5091 l

1283 5113 1304 5143 ⁸
1337 5112 1495 5162 01—-
1521 5110 1801 5178 χορηγόν.
1830 5109 1951 5163 Des.
1989 5109 2042 5161 in
2075 5108 2195 5162 cod.
2233 5109 2286 5162 ’5,

953 5184 974 5215 ⁸
1003 5179 1208 5237 Εἶπεν.
1241 5178 1406 5234 Abest
1434 5194 1460 5231 a
1492 5174 1616 5234 cod.
1656 5174 1714 5243 ⁷1,
1745 5180 1800 5233 ‘2.
1844 5182 1964 5233 cod.

953 5257 1098 5316 λλοτ.
1127 5251 1251 5304 cod.
1288 5252 1308 5302 1
1345 5250 1491 5302 addit
1523 5248 1695 5316 αὐτῷ.
1793 5251 1817 5281 ⁸
1839 5253 1964 5303 Πατ

2065 5180 2227 5233 habet
2263 5178 2513 5247 ἐπήγαγε
2540 5174 2621 5227 τό.
2722 5174 2744 5205 ⁶
2775 5174 2954 5235 Bard,
2983 5188 3038 5224 κ.
3076 5174 3123 5222 λ.
3177 5174 3299 5222 Des.
3331 5174 3471 5235 apud
3508 5174 3674 5236 third.

2064 5271 2089 5302 ι.
2121 5249 2176 5302 In
2209 5248 2332 5303 cod.
2366 5249 2398 5301 5
2426 5247 2693 5316 sequitur,
2727 5243 2897 5312 ἀμήν.
2938 5241 3133 5316 Καλῶς
3160 5241 3217 5292 δὲ
3245 5239 3344 5316 τὴν
3371 5238 3676 5316 αὑτοῦ-ψυ-

2239 5037 2400 5104 μόνον
2431 5038 2459 5090 ὁ
2487 5034 2639 5097 Θεός.
2680 5102 2695 5104 _
2751 5034 2765 5063 ¹
2798 5031 2989 5104 Αὐτῷ,
3011 5030 3193 5104 ΔΑὶιοει
3227 5045 3257 5084 a
3305 5027 3463 5104 codd.
3497 5027 3673 5104 Irihus

2388 5108 2408 5138 ³
2466 5104 2638 5159 Codex
2672 5102 2708 5156 2
2737 5101 3242 5171 ἐμπλησθήσονται.
3329 5099 3349 5130 ⁸
3375 5098 3671 5171 Ἐκεζνηφ

2722 5173 2744 5205 ⁶
2774 5168 2954 5235 Bard,
2983 5168 3038 5224 κ’.
3076 5171 3123 5222 λ.
3177 5169 3299 5222 Des.
3331 5170 3471 5235 apud
3508 5168 3674 5236 (Iord.

390 5308 615 5407 avita
647 5308 954 5407 2e.
988 5308 1103 5375 ἀκπ
1129 5308 1823 5407 ρύ,δουλε.ιειι·,ιιάρ.-
1846 5321 1964 5407 τιμε

2071 5319 2198 5374 Haec
2232 5318 2299 5372 ad
2327 5308 2642 5407 sequentem
2685 5308 3154 5407 vle'r’sipertit'ient.
3193 5396 3205 5407 _
3244 5311 3264 5342 ⁹
3281 5310 3509 5407 1ﬁala-.—
3533 5308 3675 5407 sic:

390 5382 804 5462 ἆὲύᾶἕιαὺτῷ.
863 5382 1070 5450 Οῖιιιιεε
1129 5382 1657 5462 interpretesGrac'ci
1701 5382 1959 5444 aberraru

2077 5408 2104 5443 a
2142 5405 2306 5444 sensu
2356 5382 2867 5462 verborumuﬂebr.
2907 5384 3064 5462 psa|._
3095 5396 3230 5441 χχιι,
3280 5382 3371 5443 50,
3405 5382 3509 5462 ﬁt:
3555 5395 3677 5462 qum

392 5465 619 5523 Hieron.
658 5461 858 5521 rectius
897 5464 978 5519 sic
1022 5461 1231 5515 vertit:

1320 5468 1337 5512 t
1380 5459 1561 5512 anima
1588 5458 1701 5527 ejus
1736 5477 1840 5513 non
1873 5462 2004 5514 vivet
2033 5475 2050 5513 :
2079 5476 2256 5514 semen
2284 5460 2474 5513 serviet
2502 5457 2572 5510 ei.

393 5537 713 5607 γενώμενοι.
791 5538 831 5568 ιί
867 5532 964 5607 Διὸ
991 5549 1054 5607 κ.
1086 5531 1137 5584 λ.
1170 5530 1295 5607 Des.
1328 5531 1381 5607 in
1416 5528 1531 5582 cod.
1698 5530 1740 5560 "
1773 5533 1964 5607 Σξξεέρμ

2064 5533 2184 5607 cod.
2214 5530 2250 5583 2
2269 5531 2429 5607 ⁸ειόιιὶι
2464 5544 2588 5595 μου.

2671 5454 2716 5484 ¹⁰
2748 5449 3265 5521 Ἁναγλεννώμενοι.
3317 5452 3439 5504 col.
3492 5449 3515 5521 1
3555 5449 3677 5500 ἐστὶ

2689 5524 2923 5578 “codd.
2985 5520 3097 5577 tres
3146 5523 3283 5592 Aug.
3353 5520 3675 5592 μετείληφε.

397 5589 447 5639 δ’δν
468 5589 800 5677 Ιιιδιιιοιεὶιιο
830 5603 954 5659 cod.
984 5603 1007 5655 1
1044 5600 1286 5677 paucula
1307 5600 1373 5653 ad
1400 5614 1546 5677 vers.
1577 5600 1739 5653 istum
1774 5589 2094 5677 a_l_ia__'i_iiann_
2104 5601 2376 5677 adscripta
2409 5589 2556 5677 sunt,
2584 5612 2711 5677 quae
2743 5603 2925 5677 tainen
2957 5594 3119 5677 culp-:1
3151 5589 3270 5661 ejus
3299 5589 3403 5677 qui,
3423 5589 3669 5677 codiceni

394 5670 702 5748 compegit,w
726 5680 996 5748 integrum
1043 5670 1152 5725 non
1174 5670 1698 5748 habentﬁ‘sensum.

1799 5672 1841 5703 ”
1872 5672 2004 5725 "0r.
2059 5666 2301 5724 Rectius
2338 5668 2530 5738 Aquila
2581 5666 2736 5738 habe'
2791 5666 2895 5719 δτι·

397 5736 562 5803 Cord.
594 5736 798 5815 ’590
833 5736 1099 5812 sequitur,
1137 5741 1236 5808 τὴν
1274 5738 1368 5792 τοῦ
1407 5738 1542 5793 Θεοῦ
1586 5739 1933 5812 δικαιοσύνην

402 5818 551 5859 ϐιόν
599 5817 719 5859 llam
757 5816 945 5859 nam-is
981 5812 1202 5859 mutatis
1237 5809 1378 5859 annd
1403 5812 1562 5859 (Iord.
1596 5811 1846 5859 leguntur
1876 5829 1927 5859 ιι.

2106 5741 2344 5803 πίστεως
2383 5736 2605 5807 ἐνεργου
2616 5736 2802 5859 μένην.
2816 5805 2827 5812 _

2064 5842 2086 5859 ι.
2167 5812 2209 5843 ³⁸
2245 5809 2534 5859 Βοῶντορ.
2566 5811 2686 5859 cod.
2764 5847 2777 5859 .
2811 5818 2827 5859 ‘1

402 5818 568 5873 om.
597 5805 719 5873 llaec
753 5805 945 5885 paucis
981 5805 1202 5868 mutatis
1237 5809 1378 5883 apud
1403 5812 1562 5867 Cori].
1594 5811 1846 5882 leguntur
1876 5805 1927 5882 p.

2064 5842 2086 5864 ι.
2167 5812 2209 5843 ³⁸
2244 5805 2534 5876 Βοῶντος.
2566 5805 2686 5863 cod.
2728 5805 2777 5873 1,
2811 5805 2846 5860 ΕΞ

2999 5665 3042 5695 ¹⁶
3055 5656 3475 5737 Πρόαγορεύω.
3520 5663 3568 5737 A-
3569 5656 3677 5726 pud

2900 5735 2940 5766 "
2968 5733 3117 5804 Ἐγὼ
3146 5762 3233 5804 -τ
3253 5733 3682 5801 προσκυνῆσαι

2878 5821 3067 5878 praem.
3105 5803 3289 5857 Δαϐῐό.
