4090 6436
377 322 519 387 1025

1744 327 1826 386 IN
1858 326 2063 387 PSAL.
2130 325 2322 386 XXII.

3516 327 3656 393 10⁸26

370 429 433 486 ιν
468 429 727 502 ἐποίησεν
771 432 799 485 6
836 431 1043 503 Κύριος
1065 448 1076 461 ·
1128 431 1534 504 μνησθήσονται
1570 431 1665 484 καὶ
1706 432 1968 502 ἐπιστρα-

2073 446 2194 486 nus.
2222 429 2692 496 Reminiscentur,
2721 439 2775 485 et
2796 439 3190 486 convertentur
3220 430 3290 487 ad
3357 432 3654 502 meinum

372 524 646 595 (θήσονται
692 522 831 595 πρὸς
877 524 1085 596 Κύριον
1118 524 1299 578 πάντα
1338 523 1407 576 τὰ
1445 522 1663 595 πέρατα
1692 523 1792 592 τῆς
1820 522 1961 592 γῆς’

372 617 470 669 καὶ
496 616 972 687 προσκυνήσουσιν
1002 617 1235 671 ἐνώπιον
1261 615 1428 668 αὐτοῦ
1455 617 1628 669 πᾶσαι
1654 615 1713 667 αἱ
1738 615 1967 687 πατριαὶ

370 706 487 760 τῶν
521 706 713 762 ἐθνῶν.
770 708 883 763 Καὶ
922 707 1151 779 ἔφαγον,
1202 710 1299 763 καὶ
1350 708 1768 779 προσεκύνησαν
1818 707 1967 779 αὐτῷ

306 802 321 816 ⁸
372 800 577 864 πάντες
613 800 655 833 ¹⁹
688 802 738 853 οἱ
772 800 957 863 πίονες
1006 801 1107 869 τῆς
1151 800 1277 870 γῆς.
1335 816 1353 850 ι
1397 798 1615 851 Τούτων
1660 800 1770 867 γὰρ
1811 797 1967 851 οὐδὲν

370 893 469 946 ἐπὶ
497 892 593 946 τοῦ
634 893 800 947 Δασὶδ
832 893 1050 964 ὁρῶμεν
1081 890 1471 961 γεγενημένον,
1518 889 1643 944 οὐδὲ
1688 889 1778 942 ἐπί
1818 905 1967 952 τινος

369 985 483 1044 τῶν
524 985 589 1037 ὲκ
626 983 813 1038 Δαὸίδ.
856 986 1035 1047 Μόνος
1078 984 1137 1037 δὲ
1166 985 1195 1036 6
1221 983 1501 1053 Δεσπότης
1547 981 1804 1051 Χριστὸς,
1848 982 1877 1033 6
1903 982 1966 1033 ἐκ

370 1072 542 1125 Δαϐὶδ
572 1072 717 1126 κατὰ
751 1073 952 1145 σάρκα,
999 1075 1029 1127 6
1060 1072 1493 1145 ὲνανθρωπήσας
1543 1072 1677 1135 Θεὸς
1714 1071 1911 1140 Λόγος,
1938 1073 1966 1123 6

370 1164 438 1216 ἐκ
467 1161 638 1216 Δαὸὶδ
667 1163 850 1219 λαϐὼν
877 1164 977 1236 τὴν
1003 1164 1101 1219 τοῦ
1130 1165 1320 1219 δούλου
1354 1165 1574 1235 μορφήν
1593 1182 1606 1195 ’
1639 1165 1825 1217 πᾶσαν
1858 1164 1967 1233 γὰρ

369 1255 479 1326 γῆν
521 1255 616 1309 καὶ
646 1256 925 1310 θάλασσαν
976 1261 1077 1329 τῆς
1126 1257 1459 1327 θεογνωσίας
1508 1256 1824 1328 ἐπλήρωσε,
1869 1259 1964 1310 καὶ

373 1348 612 1402 πέπεικε
637 1351 767 1413 τοὺς
797 1350 968 1404 πάλαι
1008 1350 1395 1420 πλανωμένους
1426 1350 1495 1415 ¹⁰,
1529 1350 1625 1403 καὶ
1664 1351 1775 1412 τοῖς
1810 1348 1965 1402 εἰδώ-

370 1439 491 1504 λοις
525 1443 942 1513 προσφέροντας
970 1443 1069 1515 τὴν
1121 1443 1513 1514 προσκύνησιν,
1565 1443 1687 1496 ἀντὶ
1732 1442 1840 1495 τῶν
1867 1442 1967 1495 οὐκ

369 1530 545 1584 ὅντων
575 1531 667 1584 τὸν
698 1531 831 1585 ὄντα
875 1534 1257 1602 προσκυνῆσαι
1286 1533 1439 1587 Θεόν.
1472 1532 1635 1587 Ἀλλὰ
1675 1532 1803 1596 τοὺς
1829 1532 1967 1604 πρὸς

369 1623 503 1686 τοὺς
530 1623 823 1687 Ἰουδαίους
865 1624 1061 1692 λόγους
1103 1625 1144 1655 ’³
1176 1624 1595 1686 καταλιπόντες,
1628 1624 1722 1675 ἐπὶ
1750 1623 1877 1686 τοὺς
1918 1624 1964 1654 ²²

370 1715 656 1787 παρόντας
682 1717 928 1786 ἀγῶνας,
947 1716 1043 1770 καὶ
1070 1718 1116 1749 ’³
1137 1717 1230 1769 ἐπὶ
1253 1716 1353 1787 τὴν
1374 1717 1481 1770 τῶν
1509 1714 1716 1770 λοιπῶν
1735 1714 1965 1785 ψαλμῶν

368 1807 681 1879 ἑρμηνείαν
720 1806 1049 1877 βαδίσωμεν.

707 1922 977 1978 ΕΡΜΗΝ.
1007 1922 1148 1976 ΤΟΥ
1177 1920 1284 1976 KB'
1312 1922 1634 1977 ΨΑΛΜΟΥ.

446 2041 518 2096 α’.
550 2041 647 2103 Εἰς
676 2038 738 2093 τὸ
761 2037 914 2100 τέλος
939 2036 1008 2102 ’⁸,
1043 2035 1259 2107 ψαλμὸς
1283 2035 1361 2104 τῷ
1391 2035 1576 2088 Δαϐίδ.
1604 2055 1622 2086 ι
1650 2034 1718 2105 [⁸⁵
1745 2033 1969 2106 ᾊδεται

367 2136 402 2189 ὁ
433 2133 808 2206 προκείμενος
829 2128 1046 2200 ψαλμὺς
1063 2131 1127 2183 ἐκ
1149 2126 1449 2200 προσώπου
1471 2127 1581 2180 τῶν
1604 2127 1774 2180 ἐθνῶν
1799 2127 1969 2195 ἀγαλ-

370 2226 625 2299 λομένων
670 2225 764 2277 ἐπὶ
812 2222 891 2293 τῷ
943 2223 1210 2292 ποιμᾶναι
1244 2220 1419 2273 αὐτά·
1450 2219 1546 2273 καὶ
1601 2219 1706 2290 μὴν
1750 2220 1842 2271 καὶ
1870 2218 1971 2288 τὴν

375 2317 653 2392 μυστικὴν
705 2313 1034 2386 ἐξηγοῦνται
1077 2313 1313 2384 εὐωχίαν
1342 2312 1408 2383 ἣν
1443 2312 1754 2382 παρέθηκεν
1786 2311 1971 2372 αὐτοῖς

370 2415 401 2467 6
429 2409 742 2481 ποιμαίνων
789 2404 1063 2478 αὐτούς.]
1103 2423 1121 2456 ι
1175 2405 1383 2475 Κύριος
1435 2402 1717 2472 ποιμαίνει
1757 2417 1846 2470 με,
1878 2401 1973 2453 καὶ

369 2500 533 2556 οὐδέν
572 2515 643 2568 με
685 2496 1000 2567 ὑστερήσει.
1047 2512 1065 2545 ι
1118 2494 1233 2564 Τὴν
1273 2492 1443 2564 αὐτὴν
1502 2492 1616 2561 ἔχει
1655 2491 1750 2543 καὶ
1801 2489 1974 2543 ταῦτα

370 2595 492 2656 τοῖς
540 2587 1043 2660 προερμηνευθεῖσι
1075 2586 1121 2617 ²⁶
1174 2585 1439 2640 διάνοιαν.
1477 2582 1730 2655 Εἱρηκὼς
1761 2584 1871 2654 γὰρ
1915 2583 1972 2636 ἐν

373 2686 457 2757 τῷ
502 2685 612 2755 πρὸ
656 2685 854 2737 τούτου
895 2679 1147 2752 ψαλμῷ,-
1178 2698 1196 2731 ι
1232 2680 1505 2748 Φὰγονται
1557 2677 1820 2747 πένητες,
1879 2676 1973 2729 καὶ

379 2775 872 2848 ὲμπλησθήσονται
902 2775 970 2840 ³⁷,
1011 2772 1106 2826 καὶ
1141 2772 1418 2825 αἰνέσουσι
1449 2771 1656 2842 Κύριον
1701 2769 1750 2821 οί
1806 2767 1972 2838 ἐκζη-

384 2868 605 2931 τοῦντες
633 2868 792 2920 αὐτόν
817 2882 832 2897 ο
874 2886 895 2920 ι
944 2864 1041 2919 καὶ
1077 2863 1265 2931 πάλιν,
1308 2883 1326 2915 ι
1358 2865 1626 2933 Ἐφαγον,
1675 2863 1771 2916 καὶ
1806 2879 1977 2934 προσ-

393 2957 664 3025 εκύνησαν
686 2956 729 2990 ’³
755 2959 963 3021 πάντες
991 2959 1039 3011 οί
1077 2957 1262 3020 πίονες
1293 2958 1393 3026 τῆς
1417 2955 1520 3027 γῆς
1550 2972 1566 2988 ο
1600 2975 1619 3009 ι
1656 2954 1975 3009 ὑποδείκνυ-

391 3069 480 3106 σιν
500 3051 728 3105 ἐνταῦθα
758 3051 850 3107 τὸν
900 3053 1001 3123 τῆς
1035 3050 1294 3122 τοιαύτης
1325 3050 1537 3121 τροφῆς
1570 3049 1807 3120 χορηγόν
1830 3067 1844 3080 ο
1880 3049 1976 3102 καὶ

2069 524 2313 578 universi
2347 524 2481 586 ﬁnes
2515 534 2698 589 terrae,
2759 534 2814 579 et
2855 524 3017 595 747
3052 524 3364 580 adorabunt
3414 527 3468 582 in
3518 542 3655 584 con-

2069 624 2259 685 spectu
2301 615 2421 684 ejus
2455 615 2725 671 universa:
2758 615 2980 671 familiw
3004 617 3249 685 gentium
3280 635 3293 671 :
3332 627 3387 672 et
3417 621 3655 676 mandu-

2069 720 2349 772 caverunt,
2383 718 2437 763 et
2464 709 2828 763 adoraverunt
2866 710 3017 763 illum
3054 726 3248 766 omnes
3284 713 3518 783 pingues
3544 723 3656 769 ter-

2069 816 2165 857 raa.
2202 820 2220 852 ι
2265 800 2401 855 Nam
2436 802 2573 856 nihil
2602 803 2799 856 horum
2837 801 3028 856 Davidi
3059 803 3329 859 accidisse
3374 806 3653 874 videmus,

2069 908 2171 949 nec
2226 893 2389 948 alicui
2433 909 2626 949 eorum
2704 894 2796 964 qui
2833 909 2897 948 ex
2947 893 3147 949 Davide
3193 899 3445 967 prognati
3503 909 3652 955 sunt.

2071 985 2235 1041 Solus
2285 996 2466 1041 autem
2500 984 2770 1040 Dominus
2798 986 3072 1054 Christus,
3105 989 3198 1058 qui
3228 1004 3291 1043 ex
3328 989 3532 1046 Davide
3564 1008 3654 1048 se—

2071 1077 2314 1133 cundum
2343 1093 2564 1133 carnem
2603 1078 2746 1133 Deus
2807 1077 3049 1134 Verbum
3088 1079 3267 1136 factus
3316 1091 3399 1137 est
3468 1085 3656 1150 homo,

2068 1172 2161 1241 qui
2224 1189 2288 1227 ex
2346 1171 2547 1227 Davide
2579 1174 2812 1227 formam
2848 1174 2991 1227 servi
3022 1175 3251 1244 accepit,
3287 1191 3504 1237 omnem
3539 1187 3651 1232 ter-

2068 1279 2185 1317 ram
2216 1279 2279 1318 ac
2309 1280 2458 1317 mare
2487 1265 2667 1318 divina
2692 1264 3001 1334 cognitione
3032 1264 3298 1334 implevit,
3331 1275 3384 1321 et
3424 1272 3652 1337 persua-

2068 1356 2140 1410 sit
2175 1357 2243 1411 iis
2298 1356 2391 1426 qui
2425 1358 2553 1410 olim
2584 1356 2863 1422 errabant,
2895 1365 3059 1424 atque
3080 1356 3221 1411 idola
3254 1358 3525 1425 colebant,
3554 1375 3653 1430 pro

2069 1446 2176 1502 illis
2208 1448 2299 1517 qui
2334 1464 2438 1501 non
2461 1458 2610 1514 sunt,
2645 1448 2837 1513 Deum,
2863 1448 3074 1517 quiest,
3111 1448 3362 1503 adorare.
3391 1448 3659 1507 Porrois-

2071 1541 2140 1594 tis
2167 1554 2288 1593 cum
2320 1537 2523 1593 Judaeis
2556 1540 2903 1593 sermonibus
2926 1538 3154 1603 relictis,
3177 1555 3276 1593 nos
3294 1541 3357 1592 ad
3382 1539 3659 1610 inceptum

2068 1640 2369 1696 certamen,
2404 1640 2458 1684 et
2493 1631 2559 1685 ad
2601 1631 2938 1700 reliquorum
2998 1629 3335 1698 psalmorum
3391 1630 3660 1701 interpre-

2069 1723 2329 1778 tationem
2368 1732 2735 1778 transeamus.

2492 1924 2766 1980 INTERP.
2794 1924 3053 1981 PSALMI
3083 1924 3249 1980 XXII.

2146 2037 2309 2097 Vens.
2348 2038 2405 2094 l.
2463 2059 2482 2092 ‹
2522 2039 2580 2094 In
2609 2040 2795 2105 linem,
2848 2043 3095 2111 psalmus
3126 2042 3341 2097 Davidi.
3377 2062 3396 2095 ›
3473 2042 3663 2116 [Cani-

2076 2143 2162 2186 tur
2191 2133 2281 2187 hic
2303 2135 2550 2203 psalmus
2578 2150 2644 2188 cx
2678 2150 2914 2204 persona
2962 2135 3205 2207 gentium
3272 2137 3662 2191 exsultantium

2071 2238 2360 2295 propterea
2411 2227 2556 2297 quod
2588 2229 2766 2297 pascit
2814 2243 2929 2283 eas.
2969 2228 3169 2299 Sicque
3221 2230 3511 2300 mySIicum
3559 2244 3660 2283 e1-

2073 2318 2649 2385 ponnnteonvivium,
2683 2318 2831 2388 quod
2871 2320 2965 2388 qui
3021 2319 3293 2388 pascebat
3333 2333 3447 2383 eas,
3491 2333 3664 2388 appo-

2075 2403 2233 2476 suit.]
2267 2425 2284 2457 ι
2329 2406 2591 2461 Dominus
2622 2408 2798 2477 pascit
2829 2423 2935 2475 me,
2958 2417 3012 2462 et
3060 2409 3195 2463 nihil
3224 2408 3357 2463 mihi
3410 2410 3600 2464 deerit.
3636 2426 3658 2460 ι

2074 2496 2248 2553 Etiam
2292 2500 2408 2555 haec
2437 2500 2683 2555 eamdem
2710 2500 2909 2556 habent
2938 2502 3289 2567 sententiam,
3348 2516 3513 2572 quam
3565 2516 3663 2558 su-

2074 2588 2312 2658 periora.
2342 2590 2480 2643 Cum
2509 2591 2656 2644 enim
2682 2589 2913 2645 dixisset
2944 2592 2998 2645 in
3025 2591 3238 2662 psalmo
3270 2592 3610 2662 praecedente
3640 2609 3657 2648 :

2080 2696 2099 2730 ι
2134 2678 2310 2734 Edent
2333 2696 2630 2751 pauperes,
2662 2690 2717 2736 et
2744 2683 3165 2749 saturabuntur,
3205 2683 3510 2737 laudabunt
3554 2682 3664 2737 Do-

2076 2773 2291 2829 minum
2350 2776 2444 2845 qui
2475 2777 2764 2845 requirunt
2805 2791 2953 2839 eum,
2990 2794 3010 2827 ι
3057 2782 3112 2828 et
3156 2788 3397 2829 rursus:
3460 2792 3480 2826 ι
3511 2772 3668 2828 Man-

2075 2867 2434 2930 ducaverunt,
2464 2877 2519 2923 et
2546 2868 2915 2923 adoraverunt
2942 2882 3132 2922 omnes
3155 2867 3387 2937 pingues
3413 2878 3606 2935 terrae;
3636 2883 3660 2918 ι

2077 2960 2282 3015 indicat
2311 2960 2414 3014 hoc
2460 2961 2581 3015 loco
2614 2960 2780 3030 hujus
2814 2960 2922 3015 cibi
2959 2959 3304 3029 largitorem,
3332 2969 3386 3014 et
3431 2958 3666 3016 nutrito-

2077 3068 2193 3108 rem
2242 3052 2409 3124 748
2435 3053 2672 3122 appellat
2699 3060 2999 3122 pastorem.
3035 3051 3127 3107 Sic
3161 3053 3308 3107 enim
3363 3067 3424 3107 se
3480 3050 3663 3121 ipsum

383 3144 545 3199 καλεῖ
583 3144 676 3198 τὸν
706 3143 916 3216 τροφέα
955 3119 1193 3214 ποιμένα
1214 3159 1226 3174 ο
1251 3119 1422 3196 -Οὗτω
1446 3119 1557 3211 γὰρ
1590 3119 1687 3194 καὶ
1712 3143 1739 3194 ὁ
1767 3139 1969 3193 Δεσπό-

2078 3143 2344 3199 Dominus
2388 3142 2641 3198 Christus
2696 3143 3043 3198 nominavit:
3090 3160 3109 3193 ι
3141 3140 3254 3212 Ego
3314 3157 3437 3197 sum
3477 3150 3667 3212 pastor

378 3253 482 3311 της
497 3238 544 3270 ’⁸
568 3238 809 3310 Χριστὸς
864 3237 1060 3291 ἑαυτὸν
1083 3236 1552 3307 προσηγόρευσεν
1589 3253 1607 3285 ι
1648 3231 1791 3303 Ἐγώ
1812 3233 1928 3303 εἰμι
1949 3232 1978 3284 6

379 3331 585 3404 ποιμὴν
615 3334 645 3386 ὁ
680 3331 865 3394 καλὸς,
908 3332 1004 3384 καὶ
1033 3329 1290 3399 γινώσκω
1320 3330 1389 3382 τὰ
1423 3327 1557 3399 ἐμὰ,
1589 3328 1687 3380 καὶ
1706 3325 1974 3395 γινώσκο-

380 3441 485 3494 μαι
520 3423 629 3477 ὑπὸ
661 3422 773 3477 τῶν
806 3422 977 3494 ἐμῶν.
1013 3441 1031 3474 ι
1092 3422 1282 3485 Οὕτως
1327 3420 1526 3475 ἑαυτὸν
1562 3420 1657 3474 καὶ
1680 3418 1767 3472 διὰ
1809 3419 1974 3483 Ἰεζε-

378 3514 511 3587 κιὴλ
541 3514 772 3568 ἐκάλεσε
790 3514 884 3567 τοῦ
909 3513 1211 3584 προφήτου.
1238 3511 1538 3566 Κάνταῦθα
1566 3509 1753 3563 τοίνυν
1794 3510 1973 3564 ᾶπαν-

378 3624 475 3669 τες
504 3607 554 3659 οί
582 3606 684 3675 τῆς
742 3604 1017 3675 σωτηρίου
1059 3603 1269 3674 τροφῆς
1313 3601 1726 3664 ἀπολαύσαντες
1782 3599 1973 3671 βοῶσιο

387 3713 408 3747 ‹
459 3694 666 3767 Κύριος
714 3693 996 3764 ποιμαίνει
1020 3709 1109 3763 με,
1146 3692 1241 3746 καὶ
1293 3692 1451 3745 οὐδέν
1482 3708 1551 3762 με
1580 3689 1894 3761 ὑστερήσει.
1949 3708 1968 3742 r

358 3784 749 3857 ΔΠαντοδαιπὴν
780 3785 890 3855 γὰρ
918 3784 1220 3838 ἀπόλαυσιν
1248 3783 1474 3854 ἀγαθῶν
1506 3786 1535 3836 6
1587 3781 1787 3853 ποιμὴν
1820 3773 1976 3846 οὗτος

379 3877 497 3943 τοῖς
529 3875 622 3928 ὑπ’
653 3874 823 3929 αὑτοῦ
861 3873 1312 3945 ποιμαινομένοις
1335 3873 1645 3947 χαρίζεται.

461 3967 527 4039 β’.
568 3987 587 4028 ι
628 3970 722 4031 Εἰς
753 3969 921 4021 τόπον
978 3967 1167 4038 χλόης,
1201 3968 1319 4021 ἐκεῖ
1356 3985 1425 4038 με
1462 3972 1909 4042 κατεσκήνωσεν.
1950 3989 1970 4024 ι

2076 3236 2282 3306 bonus,
2309 3246 2363 3291 et
2394 3250 2673 3306 cognosco
2715 3250 2848 3291 oves
2882 3250 3055 3302 meas,
3088 3244 3142 3291 et
3192 3242 3533 3305 cognoscunt
3577 3247 3666 3290 me

2077 3325 2213 3384 mea:
2233 3337 2294 3383 ω.
2326 3347 2345 3380 ι
2375 3326 2580 3383 Eodem
2618 3328 2790 3383 modo
2824 3337 2879 3383 et
2916 3343 3014 3398 per
3053 3327 3374 3398 prophetam
3400 3324 3664 3385 Ezechie-

2077 3421 2182 3476 lem
2216 3431 2245 3458 ι
2291 3436 2351 3477 se
2381 3421 2560 3491 ipsum
2615 3420 2930 3491 appellavit.
2972 3418 3041 3474 Et
3106 3420 3201 3474 hic
3262 3420 3428 3492 igitur
3474 3431 3668 3475 omnes

2077 3516 2171 3587 qui
2219 3514 2447 3571 salutari
2479 3514 2604 3570 cibo
2658 3513 2817 3583 potiti
2846 3522 2995 3580 sunt,
3030 3511 3364 3578 exclamant,
3406 3527 3426 3563 ι
3472 3508 3663 3564 Domi—

2081 3624 2185 3664 nus
2216 3607 2392 3677 pascit
2420 3623 2531 3673 me,
2560 3606 2698 3661 nihil
2730 3606 2867 3661 mihi
2899 3606 3093 3661 deerit.
3142 3623 3162 3658 ι
3200 3602 3337 3658 Nam
3358 3601 3540 3658 omnis
3568 3615 3666 3676 ge-

2081 3701 2232 3755 neris
2266 3700 2540 3755 honorum
2578 3698 2822 3753 fructum
2870 3696 2963 3752 hic
3002 3706 3195 3767 pastor
3234 3695 3303 3752 iis
3327 3695 3422 3766 qui
3473 3692 3544 3748 ab
3597 3705 3670 3750 eo

2081 3800 2384 3863 pascuntur
2410 3790 2659 3861 largitur.

2161 3968 2403 4030 Vens.2.
2444 3988 2463 4023 ι
2508 3967 2568 4025 ln
2597 3969 2722 4025 loco
2772 3966 2966 4040 pascui
3011 3964 3088 4023 ibi
3136 3980 3227 4021 me
3293 3960 3604 4020 collocavit.
3636 3980 3658 4014 ι

398 4060 623 4131 Ἐπειδὴ
674 4057 913 4130 πόιμὲνα
971 4060 1065 4113 τὸν
1115 4059 1226 4113 τῶν
1293 4060 1519 4128 ἀγαθῶν
1568 4064 1969 4134 προσηγόρευσε

2085 4059 2385 4131 Postquam
2421 4070 2700 4131 pastorem
2749 4060 3019 4115 bonorum
3056 4057 3305 4113 datorem
3343 4052 3664 4126 appellavit,

386 4153 650 4226 χορηγὸν,
713 4152 941 4216 εἰκότως
999 4153 1096 4205 καὶ
1140 4152 1242 4222 τῆς
1294 4152 1404 4205 τῶν
1452 4154 1744 4225 προϐάτων
1775 4156 1969 4226 τροφῆς

2087 4154 2285 4209 merito
2309 4163 2365 4208 et
2388 4155 2457 4209 de
2501 4153 2686 4208 ovium
2720 4160 2878 4223 pastu
2911 4166 2978 4207 ex
3036 4147 3398 4204 translatione
3434 4144 3669 4200 mentio-

385 4247 673 4316 τροπικῶς
699 4248 723 4298 ὲ
732 4264 838 4317 μνη
850 4247 1103 4317 μόνευσε.
1138 4246 1345 4313 Χλόην
1360 4245 1418 4299 δὲ
1440 4244 1678 4299 ἐνταῦθα
1697 4246 1798 4317 τὴν
1829 4246 1969 4319 ίερὰι

2088 4260 2213 4301 nem
2242 4243 2391 4300 fecit.
2448 4243 2716 4313 Pascuum
2751 4252 2931 4299 autem
2966 4242 3067 4297 hoc
3097 4241 3152 4295 in
3196 4239 3320 4295 loco
3346 4251 3558 4294 sacram
3589 4236 3670 4292 di-

386 4338 503 4392 τῶν
533 4337 695 4391 θείων
729 4336 926 4406 λογίων
964 4336 1324 4391 διδασκαλίαν
1354 4336 1535 4393 καλεῖ.
1563 4337 1840 4410 Πρότερον
1871 4342 1969 4410 γὰρ

2086 4338 2344 4392 vinorum
2403 4337 2752 4393 oraculorum
2798 4334 3154 4391 doctrinam‘
3183 4338 3365 4389 vocat.
3417 4329 3666 4386 Primum

388 4429 654 4501 ἐκτρέφει
692 4402 815 4493 τοῖς*
857 4429 1064 4498 λόγοις,
1094 4429 1188 4482 καὶ
1229 4429 1353 4483 τότε
1407 4429 1506 4501 τὴν
1561 4402 1969 4503 μυστικωτέραζ

2090 4431 2238 4486 enim
2279 4430 2519 4486 oraculis
2559 4444 2659 4484 nos
2692 4428 2809 4496 alit,
2837 4437 2891 4483 et
2919 4426 3116 4482 deinde
3142 4423 3316 4495 magis
3374 4420 3667 4495 mysticum

389 4522 702 4594 προσφέρει
740 4523 972 4595 τροφήν.
1000 4541 1017 4573 ι
1051 4521 1174 4581 Ἐπὶ
1198 4522 1243 4553 ³ο
1267 4521 1464 4586 ὓδατος
1500 4522 1864 4589 ἀναπαύσεως
1896 4524 1969 4589 ἐξ·

2093 4522 2250 4578 aﬂert
2279 4523 2485 4579 cibum.
2547 4541 2565 4575 ι
2605 4521 2783 4593 Super
2816 4535 3016 4592 aquam
3047 4517 3367 4574 refectionis
3412 4514 3669 4572 educavit

390 4613 591 4685 ἔθρεψέ
617 4632 707 4683 με.
734 4634 752 4666 ι
789 4615 863 4667 Τὸ
891 4615 991 4683 τῆς
1019 4613 1447 4683 παλιγγενεσίας
1474 4614 1620 4686 ὕδωρ
1658 4616 1969 4683 αἰνίττεται,

2083 4631 2190 4671 me.
2230 4634 2250 4667 ›
2308 4615 2757 4686 Regenerationis
2798 4628 2999 4684 aquam
3049 4611 3252 4676 innuit,
3315 4609 3371 4664 in
3403 4622 3509 4680 qua
3537 4606 3671 4663 dum

390 4710 452 4762 ὲν
567 4707 968 4779 βαπτιζόμενος
1021 4708 1050 4759 6
1094 4709 1191 4780 τῆς
1228 4709 1454 4780 χάριτος
1505 4709 1819 4781 ἐφιέμενος,
1847 4712 1969 4764 ἀπο·

2084 4702 2395 4770 baptizatur
2417 4703 2512 4773 qui
2548 4703 2780 4773 gratiam
2847 4699 3212 4772 concupiscit,
3238 4707 3522 4755 senectute
3547 4698 3675 4769 qui-

390 4796 586 4851 δύεται
626 4797 725 4868 μὲν
778 4798 841 4852 τὸ
902 4797 1084 4870 γῆρας
1140 4798 1239 4870 τῆς
1271 4798 1571 4870 ἁμαρτίας,
1616 4800 1735 4865 νέος
1766 4800 1824 4854 δὲ
1864 4800 1969 4854 ἀντ

2085 4783 2208 4851 dem
2242 4800 2449 4867 peccati
2499 4797 2743 4865 exuitur,
2778 4782 2998 4869 juvenis
3082 4808 3214 4851 vero
3266 4809 3368 4866 pro
3395 4809 3524 4852 sene
3562 4792 3675 4851 eiii-

392 4890 774 4960 γεγηρακότος
798 4889 1168 4944 ἀποτελεῖται.

2086 4888 2250 4943 citur.

469 5074 509 5103 ω
541 5062 706 5118 Joan.
737 5079 794 5130 ι,
841 5076 917 5127 δα.
997 5074 1024 5103 η
1054 5064 1253 5122 Ezech.
1290 5081 1476 5130 xxxw,
1510 5065 1574 5119 lO
1614 5080 1768 5136 seqq.

1508 5225 1748 5280 VABUE
1785 5206 2170 5281 LECTIONES
2210 5223 2299 5278 ET
2339 5225 2573 5285 norm.

469 5365 517 5439 '_’
540 5364 794 5431 Πάντες.
833 5364 1000 5439 Abest
1022 5380 1049 5415 a
1083 5362 1206 5439 cod.
1252 5364 1302 5439 Ι.
1364 5364 1411 5439 ξο
1434 5360 1967 5439 οοιΙΣΔί-πεπλανῃμὲ

2073 5377 2117 5439 ς.
2138 5361 2185 5439 ξί
2205 5361 2484 5439 -Λςῖγουςζ
2497 5363 2726 5439 AliesLa
2757 5362 2881 5439 cod.
2918 5363 2971 5439 l_,
3000 5364 3056 5418 2.
3116 5360 3672 5439 ξξΤοὺς-ἁγῶγας,

396 5435 523 5505 cod.
568 5448 818 5501 Uterque,
850 5434 947 5505 τοῦ,
978 5436 1246 5505 παρόντος
1279 5434 1513 5501 ἀγῶνος.
1544 5434 1589 5463 ’³
1617 5431 1939 5505 Καὶ-τεῶν..

2073 5431 2170 5505 IL?!
2202 5433 2295 5484 ὲπί
2327 5449 2385 5485 τε
2417 5434 2548 5486 τῶν.
2575 5434 2622 5465 ³⁵
2647 5435 2752 5498 Εἰς
2793 5433 2859 5488 τό
2892 5434 3085 5500 τέλος.
3116 5431 3285 5505 Abest
3310 5447 3339 5485 a
3381 5431 3674 5505 codLlLS.

395 5507 445 5540 ²¹
481 5504 525 5559 Ε
551 5507 675 5559 cod.
705 5499 884 5574 Suppl.
915 5499 1119 5574 Eadem
1158 5507 1270 5559 fere
1305 5499 1434 5558 sunt
1486 5519 1609 5571 quae
1639 5502 1806 5574 (Iord.
1843 5510 1882 5555 t.
1915 5502 1956 5574 l,
1988 5516 2039 5574 p.
2071 5501 2200 5556 M2:
2231 5509 2284 5555 et
2324 5506 2426 5574 sub
2460 5506 2567 5558 alio
2600 5506 2818 5558 nomine
2852 5521 2905 5573 p.
2934 5504 3318 5574 4l8_cxhihet.
3407 5502 3453 5574 ff
3484 5499 3680 5553 Ταῦτα

394 5575 526 5640 τοῖς
559 5569 950 5644 προερμῖόοιι.
978 5576 1012 5627 ‘2.
1034 5569 1189 5635 οὗτος
1216 5577 1291 5644 τῷ
1322 5569 1839 5645 προερμηνευθέντι.
1916 5572 1960 5645 f7
1989 5573 2582 5645 Ἐμίτληίτθήσονται.
2612 5576 2736 5628 cod.
2769 5575 2790 5626 l
2829 5569 3315 5645 εὐφρανθήσονται.
3405 5570 3452 5645 ’ξ
3483 5574 3674 5645 apag.

395 5639 901 5712 εκύνηόνακξϐοά.
937 5648 957 5699 l
997 5655 1051 5699 et
1081 5646 1116 5698 2
1150 5639 1569 5714 addunt-aeui).
1658 5644 1701 5673 ’τ’
1730 5641 1969 5695 ΔεσπότΔ

2095 5639 2217 5695 Des.
2249 5642 2304 5695 in
2333 5644 2452 5699 cod.
2488 5645 2543 5700 2.
2640 5646 2685 5677 ³⁰
2715 5646 2847 5699 Ἐπὶ
2875 5639 2947 5687 -ξ
2970 5639 3256 5711 ἐξέθρεψέ
3280 5655 3376 5710 με.
3419 5639 3478 5695 In
3512 5640 3678 5696 Hebr.

396 5739 509 5811 leg.
540 5721 712 5830 ’ξιτψ
752 5734 955 5800 n‘rmn
992 5722 1171 5814 Ἐ’θῖ
1206 5748 1272 5792 aa
1310 5754 1477 5808 aquas
1512 5736 1697 5790 leniter
1724 5735 1947 5804 ﬂuentes

2073 5741 2130 5787 ret
2159 5750 2260 5787 me.
