4090 6448
455 321 592 391 102⁵1
1458 307 1946 371 THEODORETI
1975 302 2317 371 EPISCOPI
2354 300 2724 363 CYRENSIS
3584 290 3721 356 1023

525 438 695 495 Vens.
725 434 778 489 5.
823 451 840 485 ι
880 429 1131 485 Animam
1160 440 1337 481 meam
1358 423 1625 479 convertit
1659 440 1671 475 :
1701 421 1924 475 deduxit
1949 433 2036 474 me
2065 431 2080 483 Α

2208 415 2278 484 γ’.
2318 432 2337 466 ι
2397 413 2509 485 Τὴν
2546 413 2727 484 ψυχήν
2773 425 2876 481 μου
2939 405 3320 478 ἐπέστρεψεν·
3362 404 3620 476 ὡδήγησέ
3655 423 3723 475 με

456 546 622 601 super
653 506 880 587 semitas
901 520 1148 592 justitim.
1185 537 1203 572 ι
1251 517 1460 574 Horum
1513 523 1721 578 autem,
1766 514 1865 579 ait,
1904 528 2034 583 par-

2175 508 2238 559 πὶ
2260 505 2485 577 τρίϐους
2525 500 2899 572 δικαιοσύνης.
2943 517 2963 552 ι
2998 496 3220 552 Τούτων
3245 497 3288 530 ⁸¹
3323 495 3383 549 δέ
3420 511 3533 566 μοι,
3564 494 3724 565 φησὶ,

458 583 675 692 tieipem
706 632 793 672 me
822 615 970 679 fecit,
1004 612 1243 683 primum
1268 610 1338 665 ab
1372 623 1561 665 errore
1584 622 1672 662 me
1703 606 2036 667 Iiberaus,et

2175 599 2514 663 ιεταδέδωκε,
2546 594 2813 669 πρότερόν
2840 610 2908 666 με
2938 593 3040 663 τῆς
3065 589 3279 659 πλάνης
3319 583 3725 655 ἐλευθερώσας,

457 723 605 771 recta
630 710 713 765 via
738 718 795 764 ut
825 706 1073 763 incedam
1101 702 1363 759 alliciens.
1392 700 1619 770 Propter
1646 714 1833 752 nomen
1857 712 2032 750 suum.

2175 693 2238 746 ιαὶ
2294 692 2394 762 τὴν
2465 688 2750 743 εύθείαν³²
2813 686 2932 740 ὁδὸν
2990 682 3425 753 παρασκευάσας
3495 678 3726 732 ὁδεύειν.

462 805 725 860 Universa
782 806 963 852 autem
1028 796 1142 849 haec
1204 793 1375 863 ipsius
1427 787 1849 861 magniﬁcentiae
1896 787 2038 841 dona

2175 787 2400 838 Ενεκεν
2440 779 2544 835 τοῦ
2595 780 2893 849 ὀνόματος
2929 776 3141 835 αὐτοῦ.
3179 777 3431 829 Ἅπαντα
3465 772 3522 826 δὲ
3552 770 3731 826 ταῦτα

457 904 586 953 sunt
616 911 631 949 :
681 907 787 946 non
819 889 968 946 enim
1009 885 1079 941 ob
1111 895 1356 941 nostram
1387 882 1643 937 virtutem
1672 879 1867 935 horum
1887 892 2041 931 com-

2181 878 2243 945 ἦς
2272 875 2439 929 αὐτοῦ
2472 874 2623 945 δῶρα
2658 872 2975 943 φιλοτιμίας
3004 888 3018 903 ο
3050 869 3113 923 ού
3156 870 3263 940 γὰρ
3298 869 3386 921 διά
3405 864 3506 937 τὴν
3534 864 3733 936 ἡμετέ-

456 997 611 1059 potes
647 984 773 1039 l‘acti
806 996 1021 1037 sumus.
1069 977 1259 1035 Talem
1295 977 1460 1047 igitur
1515 974 1821 1043 adjutorem
1878 979 2043 1039 atque

2175 986 2250 1019 ναν
2310 966 2513 1038 ἀρετὴν
2567 964 2961 1035 ἀπελαύσαμεν
2988 963 3036 1023 ν³³
3068 962 3296 1015 τούτων.
3329 958 3584 1011 Τοιοῦτον
3617 955 3735 1009 τοί-

459 1045 919 1152 propugnatorem
954 1073 1182 1138 habens,
1216 1045 1334 1125 nec?
1369 1069 1517 1138 ipsas
1574 1065 1795 1136 quidem
1848 1062 2043 1119 mortis

2175 1075 2243 1110 πυν
2268 1058 2561 1126 ἐπίκουρον
2583 1055 2745 1125 ἔχων,
2764 1056 2863 1106 καὶ
2889 1053 3199 1123 πρόμαχον,
3227 1048 3347 1102 οὐδὲ
3376 1046 3549 1110 αὐτὰς
3571 1045 3736 1097 δείσω

458 1136 647 1246 portas
691 1170 917 1247 timebo,
960 1166 1055 1220 sed
1097 1173 1333 1219 mortem
1401 1159 1623 1230 penitus
1675 1155 1840 1229 749
1907 1170 2045 1210 con-

2175 1150 2244 1203 τοῦ
2279 1149 2516 1203 θανάτου
2575 1149 2674 1212 τὰς
2714 1146 2913 1210 πύλας,
2967 1143 3104 1199 ά).λά
3129 1142 3177 1175 ³⁵
3233 1139 3435 1202 παντὸς
3498 1136 3735 1191 θανάτου

462 1238 726 1322 temnam'.
770 1260 884 1314 Hoc
917 1257 1064 1312 enim
1092 1253 1378 1324 subiunxit
1410 1268 1423 1303 :

2175 1241 2574 1312 ιαταφρονήσω.
2614 1238 2788 1291 Τοῦτο
2818 1238 2926 1309 γὰρ
2947 1237 3236 1305 ἐπήγαγεν

536 1356 702 1410 Vens.
725 1353 780 1407 4.
818 1371 835 1404 ι
868 1348 1008 1404 Nam
1039 1348 1143 1403 etsi
1175 1344 1533 1401 ambulavero
1556 1342 1610 1396 in
1636 1340 1816 1395 medio
1840 1337 2049 1393 umbrae

2223 1335 2287 1391 δ’.
2324 1355 2343 1387 ι
2394 1335 2523 1388 Ἐὰν
2556 1334 2667 1404 γὰρ
2689 1333 2784 1386 καὶ
2824 1330 3075 1403 πορευθῶ
3100 1331 3158 1382 ὲν
3187 1326 3340 1398 μέσῳ
3364 1324 3526 1385 σκιᾶς
3570 1320 3740 1374 θανά-

462 1448 678 1511 mortis,
718 1458 826 1497 non
861 1439 1065 1494 timebo
1099 1436 1265 1501 mala,
1303 1433 1565 1504 quoniam
1598 1440 1654 1485 tu
1688 1444 1900 1484 mecum
1931 1442 2042 1483 es.»

2175 1449 2271 1498 του,
2306 1431 2369 1484 οὐ
2405 1428 2796 1500 φοϐηθήσομαι
2827 1424 2993 1489 κακὰ,
3037 1423 3121 1475 ὅτι
3172 1421 3239 1473 σὺ
3274 1418 3395 1488 μετ’
3427 1413 3565 1485 ἐμοῦ
3605 1410 3676 1466 εί.
3717 1430 3735 1463 ι

462 1538 628 1592 Addit
658 1504 839 1589 autem
875 1532 960 1587 his
989 1540 1042 1585 et
1074 1530 1182 1585 alia
1216 1547 1229 1583 :
1278 1549 1297 1580 ι
1346 1527 1510 1595 Virga
1557 1535 1649 1580 tua
1676 1564 1691 1589 ,
1723 1535 1776 1580 et
1821 1522 2051 1599 baculus

2175 1520 2561 1594 Ιροστίθησι³⁸
2596 1518 2656 1571 δὲ
2713 1515 2924 1579 τούτοις
2966 1514 3063 1568 καὶ¹
3109 1511 3279 1582 ἕτερα
3305 1526 3319 1541 ο
3364 1527 3382 1560 ι
3436 1508 3502 1561 Ἦ
3545 1504 3742 1577 eatea;

466 1641 620 1694 tuus,
671 1628 789 1697 ipsa
848 1639 936 1679 me
988 1622 1270 1678 consolata
1322 1627 1471 1676 sunt.
1513 1637 1531 1670 ι
1584 1617 1720 1673 Nam
1763 1632 1859 1687 per
1904 1616 2053 1670 lnmc

2175 1631 2277 1678 του,
2311 1612 2408 1667 καὶ
2452 1614 2485 1680 ὴ
2522 1609 2798 1681 βακτηρία
2826 1625 2944 1673 σου,
3000 1599 3161 1660 αὗταί
3188 1621 3255 1673 με
3281 1599 3686 1671 παρεκάλεσαν.
3721 1614 3738 1646 ι

466 1722 689 1791 quidem
725 1732 904 1772 meam
960 1715 1391 1769 imbecillitatem
1433 1720 1725 1777 sustentat,
1777 1724 1872 1779 per
1902 1709 2051 1762 illam

2175 1707 2239 1777 Γῇ
2298 1705 2399 1776 μὲν
2444 1703 2551 1775 γάρ
2607 1700 2884 1772 ὐπερείδει
2928 1714 3028 1770 μου
3066 1697 3168 1767 τὴν
3222 1692 3534 1755 ἀσθένειαν,
3576 1691 3644 1759 τῇ
3689 1685 3747 1737 δὲ

467 1826 600 1867 vero
630 1825 715 1864 me
748 1810 801 1862 in
832 1816 1039 1861 rectam
1071 1805 1213 1858 viam
1258 1802 1501 1857 deducit.
1550 1802 1722 1856 Porro
1757 1815 1864 1853 non
1897 1802 2058 1852 alter-

2175 1799 2387 1868 ποδηγεί
2413 1796 2548 1866 πρὸς
2577 1794 2674 1865 τὴν
2710 1792 2925 1846 εὐθεῖαν
2948 1790 3067 1844 ὁδόν
3096 1806 3108 1819 ·
3145 1788 3246 1842 οὐκ
3277 1785 3343 1840 ἂν
3365 1784 3424 1837 δέ
3457 1799 3541 1847 τις
3566 1779 3749 1852 ἀμάρο

468 1912 617 1959 taret
662 1900 899 1971 aliquis,
940 1897 987 1953 si
1032 1896 1223 1952 eodem
1265 1894 1432 1950 modo
1482 1894 1778 1949 salutarem
1837 1906 2055 1946 crucem

2175 1908 2260 1952 τοι,
2301 1890 2390 1941 τὸν
2417 1888 2462 1919 ³⁸
2504 1888 2776 1957 σωτήριον
2815 1882 2988 1947 οὕτως
3023 1877 3312 1951 ὀνομάζων
3353 1872 3613 1945 σταυρόν.
3664 1870 3747 1940 Τῇ

472 1999 840 2063 nuncuparet.
889 1989 1026 2045 Nam
1079 1988 1245 2059 hujus
1274 1987 1433 2057 signo
1466 1994 1634 2056 atque
1670 1984 1938 2039 memoria
1991 1982 2060 2037 ab

2175 1981 2268 2053 γὰρ
2316 1979 2509 2034 τούτου
2568 1976 2833 2050 σφραγίδι
2898 1975 2993 2029 καὶ
3055 1973 3252 2044 μνήμῃ
3300 1967 3411 2022 τῶν
3469 1963 3751 2035 πολεμίων

476 2087 726 2143 hostibus
767 2083 1109 2139 damonibus
1162 2081 1486 2143 liberamur,
1556 2086 1722 2148 atque
1774 2077 1829 2130 in
1872 2091 2060 2131 veram

2175 2074 2433 2144 Ξαιμόνων
2483 2068 2949 2141 ἀπαλλαττόμεθα
2977 2067 3044 2131 ⁸⁷,
3097 2064 3193 2118 καὶ
3252 2062 3386 2133 πρὸς
3420 2059 3521 2131 τὴν
3570 2055 3748 2128 ἁληθῆ

474 2179 619 2233 viam
649 2175 997 2231 deducimur.
1025 2172 1131 2246 [Et
1165 2173 1270 2228 hoc
1302 2172 1408 2227 sibi
1438 2154 1555 2226 vult
1586 2170 1741 2236 illud,
1772 2167 1933 2240 Virga
1969 2177 2062 2222 tua

2175 2165 2551 2237 ποδηγούμεθα
2603 2164 2814 2235 τρίόον.
2883 2158 2966 2232 [³⁸
2994 2158 3106 2211 Καὶ
3155 2154 3317 2209 τοῦτό
3368 2154 3485 2205 ἐστι
3548 2148 3631 2215 τὸ,
3684 2148 3752 2201 Ἦ

471 2280 529 2327 et
563 2269 795 2325 baculus
831 2277 982 2334 tuus,
1024 2240 1134 2322 ista
1163 2281 1252 2321 me
1282 2264 1565 2321 consolata
1596 2271 1748 2319 sunt.
1782 2261 1825 2315 E
1849 2261 2063 2316 duabus

2175 2260 2363 2332 ῥάϐδος
2393 2273 2486 2310 σου
2537 2256 2634 2309 καὶ
2661 2258 2692 2326 ἡ
2728 2251 3004 2326 βακτηρία
3047 2267 3165 2316 σου,
3201 2241 3363 2302 αὗταί
3400 2262 3468 2316 με
3504 2240 3753 2314 παρεκά-

468 2363 624 2419 enim
684 2358 1003 2431 conjunctis
1066 2358 1238 2429 virgis
1290 2358 1350 2413 lit
1394 2372 1553 2413 crux.
1604 2355 1808 2411 Baculo
1856 2356 2066 2411 scilicet

2175 2355 2360 2405 λεσαν·
2405 2349 2516 2404 άπὸ
2568 2349 2678 2420 γὰρ
2725 2346 2819 2402 δύο
2860 2344 3073 2418 ῥάϐδων
3130 2340 3503 2410 συναγόμενος
3541 2336 3755 2406 γίνεται

477 2460 630 2520 recto
660 2465 763 2506 nos
792 2428 886 2520 qui
916 2449 971 2503 in
1014 2428 1173 2503 illum?
1198 2446 1503 2512 credimus,
1546 2445 1837 2502 conﬁrmat
1878 2461 1944 2499 ac
1982 2444 2067 2499 di-

2175 2443 2436 2519 σταυρὸς·
2497 2445 2565 2514 τῇ
2616 2442 2713 2513 μὲν
2765 2439 2900 2511 ὀρθῇ
2956 2435 3231 2510 βακτηρίᾳ
3291 2432 3441 2504 ἡμᾶς
3493 2430 3620 2495 τοὺς
3676 2428 3757 2493 είς

477 2546 628 2616 rigit,
659 2545 1021 2614 inlirmosque
1043 2542 1301 2608 roborat;
1334 2550 1654 2599 transverso
1682 2550 1863 2597 autem
1897 2542 2067 2612 virga:

2175 2536 2332 2592 αὐτὸν
2361 2532 2721 2598 πιστεύοντας
2762 2530 3036 2603 στηρίζων
3080 2528 3177 2585 καὶ
3204 2525 3445 2580 εὐθύνων
3475 2523 3568 2577 καὶ
3593 2520 3760 2575 ἀσθε-

472 2638 653 2693 instar
682 2652 815 2705 erga
850 2636 1130 2691 daemones
1160 2632 1384 2706 utitur.]

545 2814 716 2873 Vens.
766 2814 818 2871 5.
864 2833 884 2867 ι
919 2813 1138 2869 Parasti
1188 2814 1244 2868 in
1297 2820 1598 2884 conspectu
1649 2826 1772 2866 meo
1819 2824 2068 2866 mensam

464 2908 747 2965 adversus
776 2921 872 2962 eos
920 2906 1014 2976 qui
1065 2905 1335 2960 tribulant
1384 2919 1494 2959 me.
1544 2902 1907 2974 lmpinguasti
1949 2903 2071 2958 oleo

475 3010 645 3074 caput
666 3015 875 3064 meum,
905 3006 960 3053 et
982 2997 1125 3053 calix
1158 3004 1286 3051 tuus
1312 2994 1596 3050 inebrians
1623 3008 1712 3048 me
1735 3007 1902 3065 quam
1930 2991 2072 3061 opti-

466 3110 604 3149 mus
626 3100 731 3148 est.
760 3110 779 3141 ι
802 3088 1095 3145 Manifesta
1121 3094 1252 3143 sunt
1279 3087 1398 3141 haec
1424 3085 1491 3139 iis
1518 3085 1612 3155 qui
1642 3082 1919 3156 mysteriis
1941 3089 2073 3136 sunt

468 3186 703 3250 initiati,
753 3200 854 3239 nec
899 3181 1285 3252 explanatione
1334 3178 1444 3234 ulla
1478 3146 1748 3248 indigent.
1790 3146 2141 3231 Noveruntc

475 3281 629 3337 enim
675 3286 731 3333 et
777 3274 1065 3346 spirituale
1094 3271 1297 3338 oleum,
1328 3286 1439 3343 quo
1476 3285 1673 3326 eorum
1731 3270 1914 3341 capita
1969 3269 2075 3323 im-

479 3371 840 3443 pinguantnr,
882 3375 937 3421 et
994 3364 1315 3420 ebrietatem
1365 3362 1777 3420 confortantem
1825 3361 2073 3433 quidem,

482 3461 580 3519 sed
628 3475 739 3516 non
799 3456 1225 3521 dissolventem;
1278 3461 1443 3524 atque
1509 3453 1804 3526 mysticum
1867 3453 2074 3516 cibum,

481 3566 649 3625 quem
681 3548 839 3603 nobis
890 3544 1149 3617 proponit
1216 3543 1264 3598 is
1303 3545 1399 3615 qui
1449 3543 1517 3598 ad
1569 3544 1803 3613 pastoris
1836 3542 2077 3598 oﬂicium

484 3641 681 3716 sponsi
721 3654 925 3695 munus
973 3635 1192 3706 adjecit.
1223 3635 1388 3711 750
1425 3632 1521 3691 [iis
1558 3642 1740 3689 autem
1787 3633 1949 3690 bonis
1988 3647 2079 3688 me

482 3733 740 3796 aﬂ‘ecisti,
763 3729 1002 3787 inimicis
1021 3730 1400 3793 maerentibus,
1421 3742 1590 3798 seque
1609 3726 2075 3792 excruciantibus,

486 3828 633 3902 quod
658 3828 751 3898 qui
782 3825 916 3881 olim
952 3823 1087 3895 ipsis
1113 3821 1445 3889 serviebant,
1470 3829 1683 3876 tantam
1713 3820 2078 3876 mutationem

486 3919 727 3979 assecuti
757 3916 889 3975 sint.

555 4011 728 4068 Vens.
766 4010 821 4064 6.
859 4028 879 4060 ι
921 4007 985 4063 Et
1025 4005 1408 4062 misericordia
1439 4013 1535 4061 tua
1579 4003 1951 4075 subsequetur
1987 4015 2079 4061 me

487 4104 751 4161 omnibus
770 4100 968 4157 diebus
995 4098 1125 4154 vita:
1152 4114 1289 4153 mea:
1314 4119 1325 4154 :
1351 4105 1483 4153 etut
1502 4096 1804 4151 inhabitcm
1833 4095 1889 4149 in
1914 4094 2078 4150 domo

488 4194 710 4251 Domini
743 4193 798 4247 in
836 4190 1237 4260 longitudinem
1275 4186 1512 4242 dierum.
1544 4205 1564 4239 ι
1597 4191 1614 4207 ‘
1649 4185 1858 4241 Horum
1893 4192 2077 4240 autem

488 4282 761 4338 bonorum
814 4278 1161 4335 conciliatrix
1202 4285 1286 4333 est
1320 4285 1414 4334 tua
1463 4275 1868 4347 inexplicabilis
1920 4274 2077 4329 beni-

491 4375 696 4448 gnitas,
735 4383 953 4428 nostras
980 4387 1174 4444 preces
1202 4371 1429 4426 minime
1467 4378 1817 4440 exspectans,
1850 4369 1945 4423 sed
1975 4381 2079 4423 nos

491 4462 665 4519 Veluti
697 4460 971 4533 fugientes
1014 4476 1381 4534 persequens,
1417 4468 1472 4514 et
1503 4460 1876 4532 praeveniens,
1907 4468 1962 4515 et
1990 4473 2079 4514 sa-

491 4556 659 4612 lutem
698 4555 1039 4625 impertiens,
1074 4563 1130 4610 et
1163 4552 1558 4607 habitationem
1596 4552 1651 4605 in
1687 4550 1896 4606 divinis
1927 4552 2078 4606 sedl-

491 4633 598 4703 bus
621 4647 893 4717 praebens,
924 4655 1042 4702 tum
1071 4645 1126 4699 in
1156 4644 1262 4700 hac
1286 4644 1421 4709 vita,
1451 4650 1569 4698 tum
1597 4644 1759 4698 etiam
1787 4642 1841 4696 in
1874 4641 2081 4699 futura.

493 4737 612 4797 Hoc
639 4755 881 4812 namque
910 4737 1158 4797 ostendit
1195 4752 1322 4795 cum
1354 4738 1431 4793 ait
1463 4753 1478 4792 :
1515 4756 1533 4790 ι
1576 4736 1636 4793 In
1682 4736 2083 4809 longitudinem

2167 2627 2399 2692 νοῦντας
2456 2624 2724 2697 ἐνισχύων
2758 2643 2772 2657 ο
2811 2627 2880 2696 τῇ
2926 2624 2984 2677 δὲ
3016 2620 3225 2693 πλαγίᾳ
3270 2620 3347 2683 ὡς
3394 2616 3579 2691 ῥάϐδῳ
3616 2613 3761 2670 κατὰ

2168 2719 2279 2776 τῶν
2313 2720 2590 2792 δαιμόνων
2612 2717 2918 2790 χρώμενος.
2942 2714 2965 2788 ]

2242 2819 2307 2868 ε’.
2342 2830 2361 2865 ι
2426 2811 2766 2883 Ἦτοίμασας
2811 2808 3043 2863 ἐνώπιόν
3079 2824 3182 2879 μου
3231 2803 3510 2878 τράπεζαν
3535 2803 3760 2869 ἐξεναν-

2168 2906 2295 2971 τίας
2336 2904 2446 2961 τῶν
2490 2904 2784 2957 θλιϐόντων
2851 2917 2956 2973 με’
3005 2900 3276 2963 ὲλίπανας
3340 2899 3400 2951 ὲν
3452 2896 3624 2967 ἐλαίῳ
3656 2893 3760 2967 τὴν

2172 2995 2420 3067 κεφαλήν
2446 3012 2546 3065 μου
2574 2994 2621 3026 ³⁸
2643 2994 2739 3047 καὶ
2762 2992 2822 3047 τὸ
2842 2992 3104 3063 ποτήριόν
3125 3007 3219 3044 σου
3246 2989 3293 3021 ⁸ο
3326 2987 3602 3060 μεθύσκον
3621 3003 3689 3057 με
3712 2986 3758 3018 ⁸⁸

2170 3090 2304 3144 ὡσεὶ
2331 3088 2629 3161 κράτιστον
2653 3087 2721 3139 δ’.
2763 3104 2782 3138 ι
2819 3085 2968 3156 Δῆλα
3001 3083 3177 3138 ταῦτα
3212 3085 3326 3147 τοῖς
3360 3080 3755 3153 μεμνημένοις,

2176 3181 2273 3236 καὶ
2301 3178 2601 3252 ἑρμηνείας
2643 3178 2904 3250 οὐδεμιᾶς
2953 3176 3210 3248 δεόμενα.
3249 3176 3429 3230 Ἶσασι
3449 3173 3497 3206 ⁸⁸
3526 3173 3635 3244 γὰρ
3664 3172 3763 3226 καὶ

2175 3271 2237 3325 τὸ
2265 3269 2643 3340 πνευματικὸν
2673 3268 2874 3335 ἔλαιον,
2908 3259 2952 3335 ᾧ
2982 3267 3085 3338 τὴν
3117 3265 3364 3337 κεφαλὴν
3387 3263 3758 3336 ὲπιάνθησανο

2176 3364 2275 3418 καὶ
2332 3361 2431 3434 τὴν
2464 3358 2873 3433 κρατύνουσαν,
2910 3359 3027 3414 ἀλλ’
3086 3359 3149 3411 οὐ
3179 3358 3508 3413 διαλύουσαν
3543 3358 3718 3431 μέθην
3741 3369 3759 3388 ⁰

2178 3453 2274 3506 καὶ
2299 3451 2398 3524 τὴν
2457 3450 2728 3524 μυστικὴν
2792 3451 3025 3523 τροφὴν,
3075 3452 3142 3522 ἢν
3180 3449 3508 3522 προτίθησιν
3546 3453 3679 3524 ἡμῖν
3734 3451 3766 3505 δ

2179 3544 2319 3616 πρὸς
2351 3543 2429 3614 τῷ
2450 3542 2496 3575 ’⁵⁵
2544 3541 2859 3614 ποιμαίνειν
2883 3544 2978 3598 καὶ
3022 3544 3258 3614 νυμφίος
3290 3543 3606 3614 γενόμενος.
3632 3542 3767 3598 Τού-

2176 3653 2293 3700 τοις
2312 3635 2390 3703 δὲ,
2411 3635 2567 3707 φησὶ,
2590 3636 2703 3700 τοῖς
2724 3635 2952 3705 ἀγαθοῖς
2965 3636 3306 3701 ⁸⁵είστίασάς
3330 3653 3400 3708 με
3417 3636 3483 3704 ⁸⁸,
3505 3636 3617 3691 τῶν
3642 3637 3765 3692 δυσ·

2182 3727 2363 3799 μενῶν
2418 3727 2745 3799 ἀνιωμένων
2802 3729 2900 3785 καὶ
2940 3729 3319 3801 τρυχομένων,
3354 3730 3438 3784 ὅτι
3487 3731 3539 3784 οί
3593 3730 3767 3785 πάλαι

2182 3824 2337 3895 σφίσι
2360 3823 2406 3856 ⁸⁷
2432 3822 2805 3892 δουλεύοντες,
2860 3824 3135 3897 τοσαύτης
3170 3823 3481 3895 μεταϐολῆς
3537 3827 3769 3899 τετυχή-

2178 3934 2289 3973 κασ
2294 3934 2341 3970 ιν
2346 3956 2361 3972 ο

2254 4016 2328 4076 ς’.
2364 4028 2385 4063 ι
2418 4008 2533 4064 Kal
2560 4009 2623 4064 τὸ
2644 4009 2797 4075 ἔλεός
2842 4027 2938 4065 σου
2971 4011 3433 4080 καταδιώξεταίιο
3488 4028 3560 4083 με
3589 4012 3772 4077 πάσας

2178 4100 2282 4164 τὰς
2320 4099 2542 4173 ἡμέρας
2574 4101 2678 4172 τῆς
2706 4100 2855 4173 ζωῆς
2892 4116 3026 4173 μουο
3058 4101 3156 4156 καὶ
3186 4102 3249 4156 τδ
3297 4104 3577 4159 κατοικεῖν
3609 4120 3679 4175 με
3711 4104 3772 4158 ἐν

2180 4191 2315 4263 οἴκῳ
2338 4189 2551 4260 Κυρίου
2606 4192 2689 4255 είς
2726 4191 3051 4263 μακρότητα
3090 4190 3338 4262 ἡμερῶν.
3398 4208 3419 4243 ι
3466 4189 3685 4245 Τούτων
3712 4191 3773 4246 δὲ

2184 4282 2455 4353 πρόξενος
2477 4280 2587 4336 τῶν
2614 4281 2837 4350 ἀγαθῶν
2866 4284 2900 4353 ή
2939 4282 3183 4355 ἄρρητός
3235 4299 3329 4336 σου
3367 4282 3771 4355 φιλανθρωπία,

2181 4376 2282 4448 τὴν
2321 4374 2605 4446 ἡμετέραν
2635 4373 2877 4429 ἱκετείαν
2908 4376 3008 4428 ούκ
3041 4373 3383 4446 ἀναμείνασα
3417 4374 3556 4429 ἀλλὰ
3602 4372 3775 4429 καθᾶ-

2109 4497 2155 4552 D
2184 4486 2290 4539 περ
2341 4467 2496 4532 τινὰς
2549 4467 2853 4537 φεύγοντας
2879 4466 3266 4532 καταδιώξασά
3299 4484 3395 4534 τες
3431 4468 3525 4521 καὶ
3561 4466 3773 4538 φθάσα-

2194 4577 2262 4613 σα
2286 4560 2353 4625 ⁶⁹,
2386 4559 2480 4612 καὶ
2515 4558 2825 4645 μεταδοῦρα
2860 4560 2960 4629 τῆς
2990 4558 3288 4629 σωτηρίας,
3327 4557 3422 4611 καὶ
3446 4558 3547 4630 τὴν
3576 4559 3633 4610 ὲν
3662 4559 3775 4621 τοῖς

2193 4649 2361 4713 θείοις
2387 4648 2559 4713 οἴκοις
2579 4647 2944 4720 παρασχοῦσα
2974 4648 3279 4719 διαγωγὴν,
3302 4648 3361 4703 ἐν
3388 4665 3449 4701 τε
3474 4648 3553 4720 τῷ
3570 4647 3774 4719 παρόν-

2190 4757 2245 4792 τι
2278 4739 2399 4811 βίῳ,
2432 4740 2531 4793 καὶ¹
2576 4741 2635 4792 ὲν
2659 4738 2711 4771 ⁸⁸
2762 4738 2843 4809 τῷ
2881 4737 3153 4808 μέλλοντι.
3196 4738 3371 4793 Τοῦτο
3401 4738 3510 4809 γὰρ
3536 4736 3775 4809 παρεδῄ-

1564 4863 1799 4921 νΑῐὶῐιιΕ
1841 4864 2228 4923 LECTIONES
2266 4867 2356 4922 ET
2396 4867 2627 4925 ΝΟΤᾸΞ.

565 4965 609 4997 ³⁸
646 4964 881 5019 Τούτων
912 4989 983 5001 -
1007 4958 1263 5015 ὁδεύειν.
1319 4959 1448 5016 Des.
1503 4959 1557 5014 itt
1593 4959 1714 5014 cod.
1750 4959 1803 5013 5.

493 5243 541 5276 δ’
568 5247 709 5298 Σου.
745 5241 966 5311 Aquila,
1000 5238 1337 5295 Theodotion
1386 5250 1442 5295 et
1487 5242 1653 5296 editio

1908 4959 1951 4991 ³¹
1975 4959 2253 5015 Εὐθεῖαν.
2311 4964 2435 5016 cod.
2474 4962 2510 5017 2
2540 4962 2711 5016 θεῖαν.

492 5034 721 5089 τούτων.
763 5030 1025 5099 Sequitur
1055 5031 1111 5100 in
1142 5030 1246 5085 hoc
1274 5030 1423 5096 cod.,
1474 5030 1589 5084 ἀλλ’
1637 5030 1826 5083 ἕνεκεν
1860 5028 1952 5081 τοῦ
1982 5029 2080 5098 ὀνόη

2175 5048 2246 5095 τος
2276 5033 2441 5087 αὐτοῦ
2474 5033 2569 5087 καὶ

492 5120 618 5175 τεν.
649 5103 789 5175 Des_._
812 5102 866 5155 in
893 5104 1017 5175 cod.
1048 5099 1103 5154 5.
1176 5100 1223 5175 ’ξ
1252 5102 1617 5175 Προστίᾷησι
1640 5100 1888 5175 -ςόδόν,
1934 5102 2058 5175 lies.

2184 5103 2307 5175 cod.
2340 5103 2393 5175 5τ

493 5169 652 5227 νοῶν.
748 5172 791 5204 ³⁷
823 5172 985 5225 codd.
1034 5179 1147 5224 tres
1197 5170 1337 5240 Aug.
1383 5171 1716 5226 ἀπαλλαττόι
1746 5187 1878 5229 ενοι.
1925 5169 2080 5225 omiss

493 5243 541 5276 δ’
568 5247 709 5293 Σου.
745 5241 966 5293 Aouila.
1000 5238 1337 5293 Theodotion
1386 5250 1442 5293 et
1487 5242 1653 5293 editio
1704 5190 1748 5293 "il
1797 5243 1999 5293 rectius
2051 5243 2080 5293 h

2175 5172 2282 5225 καί.
2357 5172 2401 5205 ³⁸
2429 5170 2471 5226 Ε
2500 5176 2625 5227 cod.
2655 5173 2688 5225 5
2722 5170 2905 5242 suppl.

2175 5254 2253 5293 3m
2304 5260 2430 5293 μου.
2484 5243 2540 5293 In
2578 5241 2745 5293 Hebr.
2780 5246 2905 5293 enin

1797 5243 1999 5295 rectius
2051 5243 2253 5298 habent
2303 5260 2430 5313 μου.
2484 5243 2540 5297 In
2578 5241 2745 5299 Hebr.
2780 5241 2926 5299 enim
2960 5256 3044 5301 est
3081 5242 3218 5326 ipia.
3293 5247 3337 5278 “
3383 5251 3493 5304 Με.
3539 5250 3708 5306 Abest
3751 5265 3782 5305 a

494 5350 620 5406 cod.
654 5349 708 5405 5.
740 5347 831 5430 J“
865 5345 1026 5430 ὀρ-εὶ
1048 5345 1391 5430 κράτιστον.
1421 5343 1643 5430 Ηίθεοι)
1673 5346 2066 5430 interpretibus
2089 5346 2295 5430 Graecis
2325 5350 2512 5430 minus
2529 5348 2670 5403 bene
2699 5364 2822 5405 cum
2850 5351 3280 5430 prtecedentibns
3309 5356 3600 5426 conjuncta
3635 5365 3759 5411 sunt

496 5435 621 5473 cum
661 5417 843 5489 potius
873 5421 1293 5489 adisequentem
1336 5417 1664 5489 versiculum
1702 5417 1921 5489 referri
1944 5417 2080 5489 debu

2175 5427 2309 5472 ent..
2372 5419 2421 5451 “
2460 5417 3167 5489 '[o'aUt-zstuxrjxamr.
3207 5424 3332 5480 llatc
3364 5417 3527 5480 etiam
3568 5417 3784 5481 exstant

2811 4961 2867 5037 "_
2891 4962 3012 5037 cod.
3049 4964 3084 5019 5
3118 4963 3542 5037 ἀπηλαύσαμεν,
3575 4968 3782 5025 omisso

2494 5033 2569 5087 ta‘t
2603 5035 2703 5102 τῆς
2732 5032 3091 5103 άγαθότητος.
3183 5032 3232 5067 ³⁸
3257 5032 3536 5092 Ἀλλὰ-4
3561 5038 3783 5108 ἐπήγα-

2494 5104 2539 5133 ³⁶
2580 5105 2689 5157 Τὸν
2731 5131 2794 5143 -—
2827 5106 3114 5161 σταυρόν.
3152 5106 3276 5161 cod.
3327 5108 3360 5160 5
3407 5108 3498 5161 τὸν
3546 5110 3782 5161 σταυρὸν

2979 5110 3114 5173 Ῥόν.
3152 5110 3276 5161 cod.
3327 5110 3360 5160 5
3407 5110 3498 5161 τὸν
3546 5110 3782 5181 σταυρὸν

3019 5176 3065 5208 ³⁸
3090 5179 3242 5231 Μου.
3273 5176 3443 5232 Abest
3493 5195 3522 5234 a
3548 5182 3670 5234 cod.
3726 5180 3780 5235 Ι.

498 5490 552 5570 in
589 5485 921 5570 hitt’sebii'ad"
949 5488 1005 5540 h.
1046 5485 1716 5570 l7..ConnpentarioLapud
1748 5485 1937 5570 monti.
1964 5488 2001 5542 l.
2031 5503 2112 5570 9.,
2137 5489 2239 5545 soli
2268 5499 2449 5570 autem
2480 5487 2682 5570 Nostro
2708 5492 2760 5544 in
2784 5485 2952 5570 codd.
2972 5493 3111 5566 Aug.
3147 5496 3516 5551 vindicantur.
3592 5497 3640 5530 “
3661 5498 3782 5553 cod.

498 5558 540 5639 Ξ
566 5560 647 5639 τό.
740 5558 786 5590 ⁵⁵
824 5557 955 5639 Ίξοῖς¹
977 5556 1344 5639 -τλάῖθαθοῐς,
1367 5557 1569 5639 coda?)
1595 5572 1785 5639 praem.
1819 5557 2080 5639 syra-95pm,

2175 5575 2223 5639 t,_
2249 5560 2588 5639 omissis_iis
2615 5575 2735 5629 quae
2765 5556 3323 5639 de_itttle_sequutttur,
3374 5568 3656 5629 είστίασάς
3692 5585 3779 5639 με.

502 5627 703 5698 Eodem
746 5629 908 5683 modo
945 5627 1138 5698 legitur
1172 5628 1313 5695 apud
1357 5625 1644 5698 AEusele.
1698 5642 1747 5681 e.

1855 5626 1902 5658 “
1930 5626 2261 5706 1510'?!qu
2295 5646 2391 5706 gs.
2440 5626 2691 5706 Abest—tt
2744 5631 2922 5706 codd._
2959 5626 3098 5706 Aug".
3154 5626 3320 5691 Cord.

3372 5653 3424 5706 ν.
3468 5638 3573 5693 414
3624 5640 3783 5692 habet

503 5697 754 5782 η-ξίωσιάς.
775 5714 867 5782 με.
940 5696 1220 5782 δ’ξςαίρνι.
1270 5696 1393 5782 (299.
1424 5696 1845 5782 i_et‘Euseb.nl'.
1879 5712 1928 5750 c.
1958 5697 2080 5769 φησί

2175 5696 2472 5782 :pde‘pro
2515 5702 2564 5754 οί
2600 5701 2794 5782 πάλαι.
2827 5703 2979 5771 σφίσι
3026 5696 3187 5763 habet
3228 5707 3309 5779 τῷ
3354 5696 3545 5781 Κυρίῳ
3595 5711 3783 5782 φησίν.

503 5764 549 5799 ⁸⁸
581 5770 705 5823 cod.
733 5764 787 5829 ιζ
815 5767 850 5820 2
880 5766 1257 5852 καταδιώξεικ
1307 5767 1351 5799 δ’
1382 5767 1504 5824 cod.
1532 5769 1565 5822 Ξ
1593 5764 2017 5835 καταφθάσασα.

2117 5769 2164 5801 ⁸ο
2192 5772 2319 5825 Ἐν.
2351 5769 2519 5826 Abest
2548 5787 2577 5826 a
2611 5773 2735 5827 cod.
2762 5773 2798 5827 2
2819 5802 2830 5822 ί
