4090 6406
457 307 597 377 1031

1452 292 1942 357 TIIEODORETI
1969 290 2310 351 EPISCOPI
2340 289 2708 351 CYRENSIS

3597 281 3736 350 1032

458 423 565 480 bus
605 419 846 475 animam
872 422 1157 487 purgatam
1205 412 1424 489 haheat,
1467 419 1521 466 et
1545 425 1743 465 manus
1764 409 1834 464 ab
1854 407 2047 464 istius-

2155 404 2428 474 λογισμῶν
2462 404 2683 459 ἀτόπων
2709 404 2809 475 τὴν
2836 400 3037 476 ψυχὴν,
3068 403 3423 475 καθαρεύειν,
3457 402 3554 458 καί
3595 405 3740 472 πρά-

461 511 611 569 modi
641 510 953 566 actionibus
993 505 1226 561 mundas
1257 514 1429 575 gerat.
1462 503 1673 558 Etenim
1717 518 1906 555 manus
1937 515 2039 569 pro

462 601 772 657 actionibus
802 598 1003 668 posuit,
1043 611 1142 666 per
1182 611 1274 649 cor
1318 603 1501 649 autem
1552 591 1915 663 cogitationes
1959 590 2043 643 in-

462 694 603 749 nuit.
643 690 754 745 Hoc
799 689 941 744 enim
978 687 1377 749 consultamus,
1418 683 1528 740 illis
1555 699 1687 737 vero
1726 696 2040 752 operantur.

461 786 627 841 Decet
666 793 871 848 autem,
905 781 1103 850 inquit,
1142 777 1461 849 hujusmodi
1503 774 1783 831 hominem
1825 773 2043 827 .nullam

460 894 573 932 rem
625 876 828 931 ﬂuxam
880 881 936 929 et
986 873 1246 928 caducam
1296 870 1712 939 concupiscere.
1746 865 1857 921 llas
1896 866 2043 920 enim

461 967 802 1037 nuncupavit
831 981 914 1018 res
948 980 1112 1018 vanas
1136 978 1154 1015 :
1184 961 1455 1029 siquidem
1487 959 1651 1012 etiam
1688 957 2046 1011 Ecclesiastes

460 1061 542 1117 sic
566 1075 660 1116 eas
693 1059 943 1113 nominat
974 1074 989 1110 :
1030 1074 1048 1106 ι
1090 1052 1339 1119 Vanitas,
1385 1050 1595 1114 dicens,
1636 1049 1959 1113 vanitatem,
1994 1055 2049 1101 et

458 1154 644 1207 omnia
674 1151 889 1205 vanitas
916 1159 963 1203 P.
994 1168 1012 1201 δ
1049 1146 1115 1201 Ει
1140 1146 1400 1217 quoniam
1427 1144 1585 1199 dolus
1608 1156 1659 1197 et
1683 1141 2046 1213 transgressio

460 1243 826 1316 iurisjurandi
868 1241 1113 1295 avaritiae
1160 1239 1456 1309 conjuncta
1497 1244 1645 1301 sunt,
1697 1236 1893 1289 merito
1931 1234 2047 1288 hare

459 1352 584 1393 cum
614 1337 705 1390 illa
744 1333 953 1403 respuit
987 1350 1001 1385 :
1041 1352 1059 1382 ι
1094 1331 1159 1385 Et
1180 1346 1288 1383 non
1318 1327 1523 1399 jnravit
1557 1328 1611 1380 in
1643 1326 1768 1381 dolo
1793 1325 2045 1393 proximo

458 1443 584 1486 suo.
622 1445 643 1481 ι
687 1426 893 1481 Deinde
930 1424 1274 1479 demonstrat
1312 1421 1509 1475 horum
1544 1428 1693 1473 recte
1768 1414 2045 1472 factorum

458 1518 726 1575 fructum.

534 1725 703 1779 Vens.
730 1715 782 1769 5.
818 1732 836 1765 ι
880 1712 974 1766 llic
1006 1709 1237 1780 accipiet
1262 1708 1697 1771 benedictionem
1724 1722 1752 1760 a
1786 1705 2044 1770 Domino,

2148 497 2283 562 ξεων
2316 497 2750 570 τοιουτοτρόπων
2768 497 2813 529 ⁸⁷
2852 496 3148 568 ἐλευθέρας
3180 496 3327 568 ἔχειν
3368 496 3469 559 τὰς
3524 498 3737 570 χεῖρας.

2148 587 2262 652 Τάς
2292 587 2403 659 γὰρ
2432 588 2496 659 δὴ
2537 588 2764 657 χεῖρας,
2799 588 2922 641 ἀντὶ
2958 588 3214 660 πράξεων
3260 588 3477 643 τέθεικε
3502 604 3518 621 ο
3549 587 3641 641 διὰ
3682 588 3740 641 δὲ

2146 683 2249 753 τῆς
2280 681 2549 752 καρδίας,
2580 682 2682 745 τὰς
2712 681 3044 753 ἐνθυμήσεις
3094 680 3340 753 ᾐνίξατο.
3376 682 3456 753 Τῇ
3489 681 3589 752 μὲν
3629 683 3741 753 γάρ

2149 775 2553 847 βουλευόμεθα,
2611 778 2735 839 ταῖς
2788 775 2847 828 δὲ
2911 775 3250 846 πράττομεν.
3323 776 3600 846 Προσήκει
3655 775 3739 841 δὲ,

2149 867 2304 938 φησι,
2339 868 2430 921 τὸν
2463 866 2704 920 τοιοῦτον
2732 866 2965 938 μηδενὸς
3001 865 3113 919 τῶν
3145 865 3381 938 ῥεόντων
3432 866 3530 921 xa‘t
3588 865 3744 937 φθει-

2150 961 2398 1031 ρομένων
2460 959 2757 1029 ἐφίεσθαι·
2799 958 2976 1012 ταῦτα
3030 958 3141 1030 γὰρ
3185 960 3415 1014 ἐκάλεσε
3476 957 3739 1028 μάταια·

2148 1051 2292 1105 οὕτω
2320 1051 2428 1124 γὰρ
2456 1053 2502 1085 ⁸⁸
2559 1050 2698 1105 αὐτὰ
2739 1053 2831 1105 καὶ
2884 1054 2912 1105 ὁ
2954 1051 3396 1122 Ἐκκλησιαστὴς
3458 1050 3743 1122 ὀνομάζει,

2155 1164 2173 1195 ι
2192 1145 2533 1215 Ματαιότης,
2552 1144 2749 1213 λέγων,
2777 1145 3177 1215 ματαιοτήτων,
3208 1144 3280 1197 τά
3311 1144 3493 1197 πάντα
3515 1144 3747 1215 ματαιό·

2146 1249 2267 1302 της.
2304 1251 2321 1283 ι
2368 1232 2478 1284 Καὶ
2516 1233 2704 1304 ἐπειδὴ
2759 1234 2853 1285 καὶ
2890 1232 3041 1296 δόλος
3067 1232 3163 1286 καὶ
3203 1232 3521 1303 παράϐασις
3559 1233 3743 1305 ὅρκων

2150 1328 2216 1397 τῇ
2257 1325 2670 1398 φιλοχρηματίᾳ
2712 1326 3091 1392 συνέζευκται,
3154 1327 3385 1390 εἰκότως
3439 1327 3534 1381 καὶ
3568 1326 3745 1383 ταῦτα

2153 1416 2273 1488 μετ’
2316 1418 2537 1488 ἐκείνης
2564 1419 2935 1488 ἀπαγορεύει·
2975 1437 2994 1467 ι
3036 1419 3213 1472 Καὶδθ
3250 1419 3352 1473 οὐκ
3384 1418 3602 1490 ὤμοσεν
3650 1421 3745 1475 ἐπὶ

2150 1508 2286 1578 δόλῳ
2326 1507 2405 1578 τῷ
2465 1507 2692 1578 πλησίον
2734 1508 2920 1563 αὑτοῦ.
2970 1527 2989 1560 ι
3030 1503 3163 1562 Εἶτα
3216 1509 3463 1564 δείκνυσι
3492 1510 3586 1564 τὸν
3634 1512 3745 1566 τῶν

2150 1597 2603 1669 κατορθωμάτων
2628 1599 2673 1629 ⁷ο
2698 1599 2906 1652 τούτων
2932 1600 3165 1670 καρπόν.

2222 1711 2285 1767 ε’.
2328 1730 2347 1763 ι
2391 1706 2562 1775 Οὗτος
2608 1712 2841 1782 λήψεται
2894 1714 3148 1783 εὐλογίαν
3179 1714 3331 1786 παρὰ
3385 1715 3621 1788 Κυρίου,
3648 1717 3748 1772 καὶ

461 1820 516 1865 et
543 1805 980 1865 misericordiam
1020 1820 1050 1858 a
1076 1802 1188 1857 Deo
1218 1802 1492 1857 salvatore
1523 1815 1645 1854 suo.
1677 1819 1696 1853 ›
1732 1799 2043 1853 Admodum

2155 1804 2527 1876 ἐλεημοσύνην
2585 1806 2738 1877 παρὰ
2783 1807 2919 1860 Θεοῦ
2961 1808 3208 1878 σωτῆρος
3232 1808 3422 1863 αὑτοῦ.
3472 1827 3492 1862 ι
3528 1810 3745 1883 Κομιδῆ

463 1916 703 1971 congrue
723 1895 1160 1953 misericordiam
1186 1910 1308 1949 ctnu
1335 1893 1713 1947 benedictione
1739 1890 2046 1961 conjunxit.

463 1990 675 2047 Etenim
713 2007 836 2060 qum
870 1988 1261 2044 existimantur
1301 1983 1798 2046 remunerationes,
1831 1997 1927 2050 per
1962 1996 2051 2036 so-

463 2083 573 2136 lam
621 2080 866 2136 divinam
918 2078 1309 2146 benignitatem
1362 2074 1677 2127 hominibus
1719 2073 2048 2142 praebentur.

462 2172 667 2229 Omnes
697 2172 841 2226 enim
877 2170 1164 2224 hominum
1193 2167 1421 2238 justitite
1453 2166 1590 2219 nihil
1621 2174 1748 2221 sunt
1787 2164 1854 2218 ad
1906 2165 2052 2219 dona

462 2283 584 2336 quae
613 2281 642 2319 a
685 2264 796 2318 Deo
826 2263 937 2337 jam
974 2260 1132 2315 nobis
1165 2259 1508 2330 suppeditata
1549 2266 1711 2321 sunt,
1750 2255 1951 2310 nedum
1985 2254 2052 2308 ad

465 2360 648 2414 futura
679 2370 935 2418 munera,
965 2368 1087 2423 qum
1111 2361 1164 2406 et
1190 2366 1409 2405 omnem
1443 2351 1742 2403 humanam
1770 2346 2055 2416 cogitatio.

465 2467 591 2506 nem
620 2446 1039 2504 transcendunt.

535 2587 699 2659 753
738 2584 902 2640 Vens.
943 2584 996 2637 6.
1043 2602 1062 2635 ι
1097 2582 1221 2638 limc
1260 2592 1341 2635 est
1376 2581 1658 2651 generatio
1691 2578 2051 2649 quaerentium

462 2681 780 2745 Dominum,
811 2676 1176 2747 quaerentium
1228 2675 1424 2729 faciem
1477 2673 1572 2727 Dei
1616 2670 1827 2727 Jacobi.
1867 2690 1885 2723 υ
1924 2669 2052 2737 Qui,

462 2773 681 2843 inquit,
731 2769 1034 2824 secundum
1091 2768 1206 2822 haec
1249 2765 1479 2823 consilia
1536 2764 1721 2818 vivere
1766 2769 2051 2826 statuunt,

461 2881 655 2923 revera
704 2865 1022 2919 desiderant
1061 2862 1249 2917 videre
1296 2860 1478 2931 ipsum
1519 2857 1737 2912 virtutis
1777 2855 2057 2926 legislatu-

461 2975 604 3025 rem,
639 2958 734 3030 qui
783 2957 897 3027 jam
950 2955 1082 3011 olim
1131 2954 1294 3008 etiam
1347 2966 1607 3021 magnum
1650 2949 1916 3004 Jacobum
1954 2961 2056 3002 suo

462 3053 640 3124 ipsius
692 3058 919 3120 aspectu
980 3049 1239 3119 dignatus
1287 3054 1392 3100 est.
1447 3042 1504 3097 In
1553 3041 1849 3097 undecimo
1892 3041 2057 3111 igitur

2152 1899 2210 1952 δέ
2260 1898 2560 1969 προσφυῶς
2595 1899 2693 1970 τὴν
2718 1900 3094 1971 ἐλεημοσύνην
3129 1904 3194 1973 τῇ
3227 1902 3454 1973 εὐλογίᾳ
3485 1904 3746 1970 συνέζευ-

2155 1991 2233 2056 ξε.
2276 1992 2387 2045 Καὶ
2434 1992 2544 2063 γάρ
2598 1992 2655 2045 αἱ
2693 1993 3052 2063 νομιζόμεναι
3092 1994 3391 2058 ἀντιδόσεις
3433 1995 3522 2049 διὰ
3574 1997 3746 2069 μόνην

2153 2082 2254 2151 τὴν
2314 2080 2468 2135 Θείαν
2525 2080 2945 2154 φιλανθρωπίαν
3014 2085 3128 2146 τοῖς
3208 2082 3520 2151 ἀνθρώποις
3595 2102 3745 2157 παρ·

2155 2174 2348 2245 έχοντα
2371 2175 2440 2229 τί.
2477 2175 2654 2229 Πᾶσαι
2681 2177 2789 2246 γὰρ
2817 2175 2927 2231 τῶν
2962 2176 3059 2230 ἀνθ
3072 2175 3270 2245 ρώπων
3294 2178 3351 2230 αἱ
3372 2177 3741 2244 δικαιοσύναι,

2156 2268 2314 2321 ούδέν
2339 2270 2386 2301 ⁷³
2433 2267 2571 2339 πρὸς
2630 2269 2729 2331 τὰς
2782 2268 2885 2340 ἤδη
2936 2267 3231 2339 δεδομένας
3290 2268 3397 2321 ὑπὸ
3457 2269 3553 2323 τοῦ
3602 2269 3743 2324 Θεοῦ

2141 2358 2364 2433 δωρεάς
2401 2363 2713 2433 ἀποχρῶσι,
2755 2364 2940 2435 μήπου
2960 2364 3008 2395 ⁷⁸
3041 2381 3106 2433 γε
3130 2364 3194 2436 δὴ
3245 2364 3383 2434 πρὸς
3412 2365 3513 2428 τὰς
3552 2366 3751 2436 ἐσομέ-

2156 2473 2273 2519 νας,
2310 2454 2367 2510 αἳ
2406 2457 2501 2509 καὶ
2534 2456 2798 2527 λογισμὸν
2828 2456 3171 2528 ἀνθρώπινον
3201 2456 3643 2529 ὑπερϐαίνουσιν.

2226 2599 2304 2659 ς’.
2330 2596 2475 2665 Δῦτη
2504 2597 2538 2669 ἠ
2560 2593 2722 2662 γενεὰ
2745 2593 3056 2664 ζητούντων
3087 2595 3179 2648 τὸν
3205 2594 3407 2666 Κύριον
3427 2594 3493 2657 ⁷⁸,
3518 2593 3754 2667 ζητούν-

2155 2701 2264 2738 των
2334 2684 2397 2737 τὸ
2453 2687 2751 2755 πρόσωπον
2781 2685 2876 2739 τοῦ
2928 2686 3065 2739 Θεοῦ
3128 2686 3346 2741 Ἰακώϐ.
3391 2705 3409 2737 ι
3444 2688 3509 2739 Οἱ
3530 2687 3574 2719 ⁷⁸
3605 2687 3754 2742 κατὰ

2156 2774 2383 2841 ταύτας,
2433 2776 2589 2846 φησὶ,
2621 2776 2719 2840 τὰς
2768 2776 3054 2847 ὑποθήκας
3105 2774 3257 2847 βιοῦν
3290 2777 3747 2849 προαιρούμενοι,

2156 2865 2236 2936 τῷ
2265 2866 2378 2921 δντι
2414 2866 2642 2920 ποθοῦσι
2681 2868 2781 2939 τῆς
2818 2868 3022 2941 ἀρετῆς
3049 2869 3143 2922 τὸν
3175 2868 3478 2939 νομοθέτην
3518 2869 3667 2935 ἰδεῖν,
3690 2869 3753 2935 ὃς

2158 2959 2328 3013 πάλαι
2360 2960 2490 3014 ποτὲ
2540 2961 2636 3014 καὶ
2675 2961 2769 3014 τόν
2811 2961 2988 3032 μέγαν
3044 2960 3240 3015 Ἰακὼὸ
3273 2964 3371 3034 τῆς
3395 2963 3602 3026 οἰκείας
3622 2964 3751 3017 ἐπι-

2159 3052 2388 3120 φανείας
2438 3051 2693 3122 ἠξίωσεν.
2731 3054 2824 3107 Ἐν
2850 3054 2897 3086 ⁷⁸
2954 3053 3054 3125 μὲν
3104 3051 3198 3110 οὖν
3232 3056 3276 3087 ⁷⁷
3334 3054 3414 3125 τῷ
3478 3055 3747 3128 ἑνδεκάτῳ

462 3146 702 3217 psalmo,
726 3144 794 3198 de
821 3140 1179 3214 generatione
1211 3138 1381 3193 altera
1404 3136 1662 3191 omnibus
1693 3134 1840 3191 vitiis
1864 3134 2052 3189 aﬂ‘ccta

2158 3142 2363 3215 ψαλμῷ
2417 3143 2547 3217 περὶ
2584 3146 2780 3213 γενεᾶς
2831 3144 3024 3215 ἐτέρας
3057 3144 3124 3219 [⁷⁸
3155 3148 3184 3200 ὁ
3239 3147 3539 3229 Προφητης
3568 3146 3749 3200 διαλε-

467 3237 739 3310 [loquens
769 3228 1071 3302 PrOpheta]
1103 3228 1273 3285 Deum
1298 3226 1627 3298 precabatur
1654 3225 1839 3279 dicens
1867 3241 1880 3278 :
1912 3243 1929 3275 ‹
1951 3223 2055 3292 Τυ,

467 3328 724 3390 Domine,
756 3324 1037 3380 custodies
1079 3337 1209 3385 nos,
1250 3328 1306 3375 et
1355 3317 1601 3374 servabis
1640 3331 1742 3370 nos
1772 3330 1802 3368 a
1832 3330 2059 3386 genera-

466 3420 619 3474 tione
652 3417 840 3473 hacin
870 3423 1137 3471 aeternum
1159 3423 1210 3465 ιι.
1252 3430 1271 3462 ι
1309 3411 1410 3465 Hic
1438 3417 1619 3464 autem
1656 3408 1926 3462 contraria
1963 3423 2057 3461 va-

467 3510 749 3574 ticinatur,
796 3526 815 3560 ι
856 3508 1099 3588 Haec-est
1145 3504 1429 3577 generatio
1463 3501 1827 3571 quaerentium
1877 3499 2060 3553 Domi-

470 3616 627 3656 num.
661 3619 680 3651 ι
709 3599 844 3654 Nam
875 3609 1001 3670 post
1028 3597 1465 3652 incarnationem
1496 3593 1514 3614 ‘
1545 3592 1641 3647 Dei
1669 3601 1724 3647 et
1756 3591 2059 3646 Salvatoris

469 3692 673 3759 nostri,
730 3694 912 3747 omnis
957 3702 1102 3745 terra
1142 3700 1196 3743 et
1231 3702 1384 3742 mare
1438 3685 1637 3740 divina:
1685 3683 2059 3753 praedicationi

471 3786 877 3854 obtemperans,
903 3784 1197 3853 dereliquit
1222 3782 1441 3851 quidem
1469 3780 1602 3835 deos
1635 3778 1862 3849 patrios,
1890 3778 2057 3831 Deum

470 3887 655 3935 autem
693 3876 885 3934 Jacobi
922 3876 1170 3948 inquirit.
1223 3874 1340 3930 Hoc
1380 3873 1546 3928 modo
1587 3870 1741 3927 orbis
1785 3880 2060 3926 terrarum

471 3974 650 4031 salute
693 3972 979 4043 praedicta,
1032 3969 1192 4024 docet
1225 3967 1485 4036 deinceps
1514 3978 1612 4020 eos
1646 3962 1742 4034 qui
1780 3962 1849 4017 ad
1898 3961 2061 4016 ﬁdem

472 4076 855 4134 accesserunt,
883 4067 1183 4121 Dominum
1212 4064 1493 4119 Christum
1527 4077 1639 4117 non
1670 4060 1848 4116 solum
1880 4074 2064 4115 resur-

470 4162 686 4218 rexisse
715 4160 932 4216 devicto
963 4158 1159 4214 mortis
1190 4156 1444 4225 imperio,
1482 4153 1574 4209 sed
1610 4152 1776 4207 etiam
1806 4151 1860 4205 in
1893 4150 2064 4206 C(BlOS

2159 3232 2417 3306 γόμενος]
2448 3234 2598 3307 πάσῃ
2626 3234 2798 3305 κακίᾳ.
2849 3236 2947 3288 καὶ
2979 3235 3216 3307 πονηρίᾳ
3246 3226 3503 3307 συζώσης
3529 3234 3749 3306 ἠντιϐό-

2159 3328 2238 3379 λει
2260 3326 2352 3381 τὸν
2378 3326 2512 3380 Θεὸν
2532 3326 2709 3396 λέγων
2729 3327 2774 3359 ⁷⁸
2804 3342 2818 3358 “
2854 3347 2873 3379 ι
2894 3328 2993 3394 Σὺ,
3009 3326 3205 3398 Κύριε,
3236 3326 3493 3399 φυλάξεις
3512 3328 3557 3360 ⁸⁷
3577 3329 3750 3399 ἡμᾶς,

2160 3422 2257 3474 καὶ
2290 3420 2651 3491 διατηρήσεις
2690 3421 2839 3491 ἡμᾶς
2870 3420 2980 3474 άπὸ
3030 3421 3130 3491 τῆς
3174 3423 3369 3490 γενεᾶς
3403 3421 3607 3493 ταύτης
3655 3422 3753 3476 καὶ

2162 3514 2242 3576 είς
2274 3512 2369 3566 τὸν
2426 3512 2623 3568 αἰῶνα.
2656 3530 2675 3563 ι
2722 3512 2989 3567 Ἐνταῦθα
3025 3511 3084 3566 δὲ
3139 3515 3407 3569 τάναντία
3451 3514 3701 3580 θεσπίζει
3731 3531 3748 3548 ·

2167 3622 2185 3655 ι
2217 3601 2365 3673 Αὕτη
2404 3604 2437 3673 ἠ
2477 3602 2643 3670 γενεὰ
2678 3602 2987 3674 ζητούντων
3017 3602 3109 3655 τὸν
3142 3590 3372 3674 Κύριον.
3412 3621 3433 3656 ι
3459 3603 3615 3658 Μετὰ
3644 3604 3761 3676 γὰρ

2162 3694 2261 3765 τὴν
2293 3693 2712 3765 ἐνανθρώπησιν
2742 3691 2838 3747 τοῦ
2883 3693 3021 3748 Θεοῦ
3044 3695 3089 3726 ⁸⁸
3138 3694 3234 3749 καὶ
3270 3695 3525 3766 Σωτῆρος
3564 3694 3749 3767 ἡμῶν,

2164 3789 2316 3842 πᾶσα
2348 3787 2469 3859 ήγῆ
2487 3786 2583 3840 καὶ
2608 3785 2857 3841 θάλασσα
2884 3786 2957 3858 τῷ
2980 3786 3115 3851 θείῳ
3140 3788 3430 3841 πεισθεῖσα
3449 3787 3750 3860 κηρύγμα-

2163 3897 2238 3946 τι,
2274 3879 2537 3933 κατέλιπε
2571 3880 2669 3950 μὲν
2709 3880 2838 3943 τοὺς
2872 3879 3163 3951 πατρῴους
3198 3880 3376 3945 θεοὺς,
3408 3880 3503 3934 τοῦ
3545 3879 3603 3934 δέ
3642 3881 3753 3934 ἰα-

2163 3972 2280 4026 κὼσ
2304 3972 2558 4042 ἐπιζητεῖ
2576 3972 2622 4003 ⁸⁸
2678 3972 2768 4025 τὸν
2799 3971 2953 4026 Θεόν.
2989 3970 3147 4026 Οὕτω
3200 3970 3621 4044 προαγορεύσας
3649 3970 3753 4044 τῆς

2164 4065 2494 4137 οἰκουμένης
2518 4065 2564 4097 ⁸³
2595 4065 2693 4137 τὴν
2731 4067 3029 4137 σωτηρίαν,
3057 4065 3299 4122 διδάσκει
3316 4068 3505 4121 λοιπὸν
3529 4068 3655 4131 τοὺς
3680 4070 3751 4140 τῇ

2166 4158 2350 4211 πίστει
2393 4158 2891 4230 προσεληλυθότας,
2937 4159 3013 4223 ὡς
3071 4159 3133 4212 οὐ
3198 4158 3360 4228 μόνον
3398 4158 3598 4229 ἀνέστη
3654 4158 3753 4212 τοῦ

469 4253 726 4308 rediisse.
764 4250 1038 4318 Quoniam
1070 4250 1218 4304 enim
1250 4247 1546 4303 vicesimus
1577 4245 1790 4315 primus
1819 4242 2052 4312 psalmus

2166 4252 2401 4307 θανάτου
2430 4252 2750 4317 καταλύσας
2799 4252 2861 4305 τὸ
2887 4252 3091 4322 κράτος
3121 4254 3150 4306 ὁ
3179 4253 3460 4322 Δεσπότης
3490 4251 3751 4321 Χριστὸς,

471 4344 695 4400 oracula
724 4343 1042 4403 continebat
1085 4341 1155 4397 de
1202 4340 1434 4397 salutari
1484 4338 1761 4408 passione,
1811 4349 1913 4390 nec
1956 4350 2052 4388 non

2166 4342 2303 4398 ἀλλὰ
2346 4345 2438 4398 καὶ
2468 4344 2550 4408 εἰς
2592 4344 2858 4418 οὐρανοὺς
2906 4343 3257 4416 ἀνελήλυθεν.
3304 4344 3525 4415 Ἐπειδὴ
3555 4343 3602 4376 ⁸⁵
3642 4344 3753 4415 γὰρ

471 4436 884 4509 praedictionem
913 4436 981 4492 de
1009 4434 1256 4506 gentium
1289 4434 1469 4490 salute
1491 4469 1507 4495 ,
1539 4429 1735 4485 merito
1762 4442 1953 4482 rursus
1972 4425 2052 4481 hit

2169 4440 2197 4491 ὁ
2224 4436 2443 4508 πρῶτος
2495 4438 2591 4490 καὶ
2643 4437 2892 4502 εἰκοστὸς
2961 4437 3180 4509 ψαλμὸς
3211 4437 3280 4491 τὰ
3311 4436 3421 4490 τῶν
3462 4436 3753 4510 σωτηρίων

472 4529 568 4584 ubi
606 4529 674 4584 de
702 4529 955 4601 gentibus
986 4528 1323 4583 mentionem
1356 4523 1506 4589 fecit,
1555 4532 1611 4577 et
1641 4532 1833 4576 earum
1871 4519 2052 4591 cogni-

2168 4528 2509 4599 παθημάτων
2564 4525 2680 4600 εἶχε
2720 4527 3093 4599 θεσπίσματα,
3130 4528 3227 4583 καὶ
3280 4528 3380 4599 τῆς
3434 4527 3545 4581 τῶν
3584 4528 3755 4582 ἐθνῶν

473 4624 678 4679 tionem
716 4623 988 4693 praedixit,
1017 4630 1070 4676 et
1109 4618 1327 4675 Domini
1371 4616 1749 4672 ascensionem
1776 4613 2052 4679 describit,

2170 4620 2444 4693 σωτηρίας
2470 4622 2567 4694 τὴν
2601 4621 2965 4693 προφητείαν,
2993 4622 3222 4684 εἰκότως
3249 4621 3414 4674 πάλιν
3446 4621 3685 4676 ἐνταῦθα
3706 4620 3754 4653 ⁸⁸

472 4724 528 4770 et
556 4714 715 4770 nobis
754 4717 1077 4786 angelorum
1131 4712 1333 4767 choros
1385 4708 1647 4773 ostendit,
1699 4706 1801 4761 hos
1838 4705 2052 4775 quidem

2167 4709 2277 4763 τῶν
2318 4709 2489 4764 ἐθνῶν
2529 4710 2940 4782 μνημονεύσας,
2969 4710 3065 4765 καὶ
3093 4710 3191 4781 τὴν
3222 4710 3431 4764 τούτων
3458 4710 3756 4778 ἐπίγνωσιν

474 4807 763 4863 Dominum
814 4810 1093 4865 Christum
1150 4812 1481 4877 praeeuntes,
1539 4802 1664 4856 illos
1712 4797 1875 4870 754
1928 4813 2052 4855 vero

2173 4804 2603 4877 χρησμῳδῆσας,
2637 4805 2734 4859 καὶ
2777 4803 2877 4877 τὴν
2918 4803 3262 4874 Δεσποτικὴν
3307 4803 3579 4875 ἀνάληψιν
3624 4820 3759 4875 προ-

544 5020 574 5061 Ρ
612 5008 823 5066 Eccles.
861 5023 900 5071 ι,
941 5007 997 5059 2.
1079 5015 1107 5053 ιι
1148 5004 1240 5059 Ps.
1280 5022 1357 5074 xi,
1402 5010 1455 5064 7.

1571 5194 1807 5251 VARUE
1845 5190 2233 5248 LECTIONES
2272 5190 2362 5246 ET
2398 5189 2631 5247 ΝΟΤᾸΕ.

548 5332 591 5416 ξτ
626 5330 749 5416 eod.
773 5330 838 5416 "in.
853 5329 1154 5416 310306“ch
1174 5334 1385 5416 τρόπῳ.
1413 5332 1491 5416 Ita
1523 5349 1743 5416 quoque
1775 5331 2052 5416 apud'ﬁm‘

2155 5347 2204 5401 p.
2236 5332 2364 5386 425.
2408 5402 2420 5416 Ι
2440 5332 2487 5416 ’ξ
2523 5328 2681 5416 Γάρι
2702 5327 2824 5382 cod.
2850 5329 2875 5383 l
2892 5326 2976 5416 δέ.
3013 5398 3026 5411 .
3054 5328 3099 5416 ⁸⁸⁸
3127 5326 3519 5416 Ιςαὶ-ιιιξοτοῦ,
3556 5327 3677 5410 Des.
3700 5328 3756 5383 in

475 5401 599 5458 cod.
629 5401 685 5456 2.
746 5401 819 5473 ﬂ"
846 5400 1015 5473 θοι-ἀ.
1046 5419 1097 5471 p.
1126 5398 1255 5467 ΗΑ,
1296 5398 1733 5473 κατορθούντων.
1794 5398 1868 5473 ί⁷¹
1897 5403 2052 5473 [laps

2155 5398 2289 5473 rgat.
2320 5402 2483 5457 cod.1
2522 5398 3121 5473 zapi§ovvat,_ascripla
3156 5410 3333 5473 tamen
3367 5399 3599 5453 lectione
3654 5399 3758 5473 ista

476 5473 667 5542 altera.
726 5471 791 5542 A"
821 5472 940 5526 eod.
975 5473 1008 5526 3
1039 5466 1182 5527 οὐδέ.
1246 5466 1307 5505 ⁷⁷³
1334 5466 1578 5540 Μήζττου.
1612 5473 1732 5526 cod.
1772 5472 1806 5526 '5
1842 5472 1915 5542 μή
1946 5466 2019 5542 τί.

2179 5471 2296 5525 Τὸν
2319 5466 2564 5540 Κύριον.
2600 5466 2937 5542 lit?(:._l€t'110,
2957 5484 3143 5542 ﬂuant
3190 5466 3347 5542 vulg.
3371 5478 3442 5542 ta,
3461 5468 3753 5542 expressit3

476 5549 562 5596 est
604 5540 787 5595 αὐτόν.
864 5543 909 5573 ⁷⁵
948 5545 1103 5595 Οί-
1130 5534 1562 5607 ἐξίωσενίυιιδ.
1608 5543 1661 5594 in
1686 5543 1807 5594 cod.
1842 5534 1915 5594 Ξῖ
1974 5541 2022 5571 ⁷⁸

2155 5563 2176 5594 η.
2207 5543 2330 5595 cod.
2362 5534 2611 5609 5'praun.
2646 5538 2762 5593 καί.
2838 5541 2882 5570 ⁷⁷
2914 5534 3049 5592 οὖν.
3092 5539 3218 5593 Des.
3254 5534 3320 5609 in
3347 5541 3468 5592 cod.
3502 5534 3562 5609 5.
3643 5540 3688 5570 ⁷⁸
3719 5538 3756 5589 Ε

477 5612 602 5666 cod.
635 5612 877 5681 ﬁsuppl.
988 5614 1032 5646 ⁷⁷
1061 5613 1283 5681 Λέγων.
1329 5612 1687 5681 Abestacod.
1730 5611 1775 5664 l.
1851 5611 1897 5643 ⁸ο
1929 5613 2052 5664 Φυλ

2155 5630 2229 5677 εις
2256 5642 2326 5651 -
2356 5608 2760 5681 mmmam.
2792 5612 2917 5663 cod.
2948 5608 3366 5681 1η2ψιρυλάξαις
3389 5639 3459 5681 -έ
3492 5608 3754 5681 suum-

478 5629 602 5666 cou.
635 5629 668 5664 ο
699 5629 798 5681 sup
842 5629 877 5667 ι.
993 5629 1032 5646 ὐ
1061 5629 1283 5681 Aerior.
1329 5629 1687 5664 ADCSlaCOtI.
1730 5629 1775 5664 ι.
1851 5629 1897 5643 σν
1929 5629 2052 5664 «mu

478 5629 1151 5767 gat;.!(ConRMp;“67tig.
1183 5699 1236 5736 n.
1273 5681 1384 5767 ’ζει
1417 5680 1495 5765 8.)
1556 5681 1614 5767 Ϋ⁸¹
1641 5681 1841 5767 Θεοῦ..
1865 5682 2050 5767 coda?»

2155 5630 2229 5677 εις
2256 5642 2326 5651 -
2356 5629 2760 5677 οιατηρασεις.
2792 5629 2917 5663 cou.
2948 5629 2999 5672 ι,
3031 5629 3064 5660 z
3099 5629 3366 5675 φυλαςαις
3389 5639 3459 5647 -
3492 5629 3753 5679 ωαττιρη-

2155 5684 2348 5767 ιρέουξῂ
2384 5682 2431 5713 ⁸⁷
2464 5680 2588 5767 eqd.
2621 5681 2879 5767 ἐπεζήτει
2915 5763 2952 5767 ψ
2977 5680 3023 5767 τ³
3050 5678 3171 5767 [ἧς
3206 5680 3585 5749 οἰκουμένης.
3626 5680 3753 5734 Des.

475 5750 533 5807 1n
551 5748 765 5821 codgl.
839 5748 901 5786 δι’
927 5750 1166 5819 Ἐπειδὴ
1190 5780 1260 5789 ——
1283 5748 1616 5820 διαγράφει.
1651 5750 1772 5824 Des.
1829 5751 1884 5805 in
1914 5751 2037 5806 cod.

2170 5748 2247 5785 ⁷⁸⁸
2283 5749 2598 5808 Ἐνταῦθα.
2633 5748 2801 5805 Abest
2831 5764 2862 5803 a
2896 5749 3018 5804 cod.
3050 5750 3106 5803 2.
