  <div class='ocr_page' id='page_1' title='image "/cluster/home/n/w/nwhite01/storage/ocr_20150623/80:no.1/coo.31924054869817/526.png"; bbox 0 0 4090 6424; ppageno 0'>
   <div class='ocr_carea' id='block_1_1' title="bbox 389 412 526 476">
    <p class='ocr_par' dir='ltr' id='par_1_1' title="bbox 389 412 526 476">
     <span class='ocr_line' id='line_1_1' title="bbox 389 412 526 476; baseline 0 0"><span class='ocrx_word' id='word_1_1' title='bbox 389 412 526 476; x_wconf 80' lang='grc' dir='ltr'><strong>103Ί</strong></span> 
     </span>
    </p>
   </div>
   <div class='ocr_carea' id='block_1_2' title="bbox 1726 400 2318 487">
    <p class='ocr_par' dir='ltr' id='par_1_2' title="bbox 1726 400 2318 487">
     <span class='ocr_line' id='line_1_2' title="bbox 1726 400 2318 487; baseline 0.002 -20"><span class='ocrx_word' id='word_1_2' title='bbox 1726 405 1805 467; x_wconf 82' lang='lat' dir='ltr'><strong>1N</strong></span> <span class='ocrx_word' id='word_1_3' title='bbox 1847 400 2055 467; x_wconf 74' lang='lat' dir='ltr'><strong>PSAL.</strong></span> <span class='ocrx_word' id='word_1_4' title='bbox 2108 404 2318 487; x_wconf 75' lang='lat' dir='ltr'><strong>xxiv.</strong></span> 
     </span>
    </p>
   </div>
   <div class='ocr_carea' id='block_1_3' title="bbox 3526 417 3663 483">
    <p class='ocr_par' dir='ltr' id='par_1_3' title="bbox 3526 417 3663 483">
     <span class='ocr_line' id='line_1_3' title="bbox 3526 417 3663 483; baseline 0.022 -3"><span class='ocrx_word' id='word_1_5' title='bbox 3526 417 3663 483; x_wconf 80' lang='lat'><strong>1038</strong></span> 
     </span>
    </p>
   </div>
   <div class='ocr_carea' id='block_1_4' title="bbox 385 515 1968 596">
    <p class='ocr_par' dir='ltr' id='par_1_4' title="bbox 385 515 1968 595">
     <span class='ocr_line' id='line_1_4' title="bbox 385 515 1968 595; baseline -0.008 -17"><span class='ocrx_word' id='word_1_6' title='bbox 385 520 641 595; x_wconf 85' lang='grc' dir='ltr'>μελοῦσιν</span> <span class='ocrx_word' id='word_1_7' title='bbox 664 518 867 592; x_wconf 81' lang='grc' dir='ltr'>ὁμοίως</span> <span class='ocrx_word' id='word_1_8' title='bbox 888 535 901 549; x_wconf 88' lang='grc'><strong>·</strong></span> <span class='ocrx_word' id='word_1_9' title='bbox 931 517 980 574; x_wconf 92' lang='grc' dir='ltr'><strong>οί</strong></span> <span class='ocrx_word' id='word_1_10' title='bbox 1011 518 1112 590; x_wconf 81' lang='grc' dir='ltr'><strong>μὲν</strong></span> <span class='ocrx_word' id='word_1_11' title='bbox 1154 517 1263 590; x_wconf 80' lang='grc' dir='ltr'><strong>γάρ</strong></span> <span class='ocrx_word' id='word_1_12' title='bbox 1297 516 1331 589; x_wconf 79' lang='grc' dir='ltr'><strong>ἢ</strong></span> <span class='ocrx_word' id='word_1_13' title='bbox 1366 518 1431 570; x_wconf 81' lang='grc' dir='ltr'>ὲκ</span> <span class='ocrx_word' id='word_1_14' title='bbox 1467 515 1850 586; x_wconf 79' lang='grc' dir='ltr'>περιστάσεὼς</span> <span class='ocrx_word' id='word_1_15' title='bbox 1887 530 1968 566; x_wconf 87' lang='grc' dir='ltr'>τι-</span> 
     </span>
    </p>
   </div>
   <div class='ocr_carea' id='block_1_5' title="bbox 2066 515 3664 596">
    <p class='ocr_par' dir='ltr' id='par_1_5' title="bbox 2076 515 3664 596">
     <span class='ocr_line' id='line_1_5' title="bbox 2076 515 3664 596; baseline 0.01 -27"><span class='ocrx_word' id='word_1_16' title='bbox 2076 516 2385 571; x_wconf 87' lang='lat' dir='ltr'><strong>naturalem</strong></span> <span class='ocrx_word' id='word_1_17' title='bbox 2459 515 2891 575; x_wconf 88' lang='lat' dir='ltr'><strong>imbecillitatem</strong></span> <span class='ocrx_word' id='word_1_18' title='bbox 2959 520 3259 590; x_wconf 86' lang='lat' dir='ltr'><strong>labuntur;</strong></span> <span class='ocrx_word' id='word_1_19' title='bbox 3311 523 3482 596; x_wconf 79' lang='lat' dir='ltr'><strong>aliqui</strong></span> <span class='ocrx_word' id='word_1_20' title='bbox 3531 536 3664 585; x_wconf 77' lang='lat' dir='ltr'><strong>vero</strong></span> 
     </span>
    </p>
   </div>
   <div class='ocr_carea' id='block_1_6' title="bbox 382 606 1971 688">
    <p class='ocr_par' dir='ltr' id='par_1_6' title="bbox 382 606 1971 688">
     <span class='ocr_line' id='line_1_6' title="bbox 382 606 1971 688; baseline -0.006 -19"><span class='ocrx_word' id='word_1_21' title='bbox 382 615 567 688; x_wconf 77' lang='grc' dir='ltr'>νος,ἢ</span> <span class='ocrx_word' id='word_1_22' title='bbox 617 612 683 668; x_wconf 78' lang='grc' dir='ltr'>ὲκ</span> <span class='ocrx_word' id='word_1_23' title='bbox 729 613 967 683; x_wconf 82' lang='grc' dir='ltr'><strong>φυσικῆς</strong></span> <span class='ocrx_word' id='word_1_24' title='bbox 1027 611 1423 667; x_wconf 85' lang='grc' dir='ltr'>ὀλισθαίνουσιν</span> <span class='ocrx_word' id='word_1_25' title='bbox 1470 608 1790 672; x_wconf 82' lang='grc' dir='ltr'>ἀσθενείας·</span> <span class='ocrx_word' id='word_1_26' title='bbox 1820 607 1871 660; x_wconf 85' lang='grc' dir='ltr'>οἱ</span> <span class='ocrx_word' id='word_1_27' title='bbox 1911 606 1971 659; x_wconf 82' lang='grc' dir='ltr'>δὲ</span> 
     </span>
    </p>
   </div>
   <div class='ocr_carea' id='block_1_7' title="bbox 380 698 1972 780">
    <p class='ocr_par' dir='ltr' id='par_1_7' title="bbox 380 698 1972 780">
     <span class='ocr_line' id='line_1_7' title="bbox 380 698 1972 780; baseline -0.006 -18"><span class='ocrx_word' id='word_1_28' title='bbox 380 709 479 763; x_wconf 83' lang='grc' dir='ltr'>καὶ</span> <span class='ocrx_word' id='word_1_29' title='bbox 500 707 791 780; x_wconf 78' lang='grc' dir='ltr'>ὲφήδονται</span> <span class='ocrx_word' id='word_1_30' title='bbox 822 706 946 771; x_wconf 87' lang='grc' dir='ltr'>ταῖς</span> <span class='ocrx_word' id='word_1_31' title='bbox 972 702 1363 777; x_wconf 82' lang='grc' dir='ltr'><strong>παρανομίαις,</strong></span> <span class='ocrx_word' id='word_1_32' title='bbox 1387 700 1483 756; x_wconf 73' lang='grc' dir='ltr'>καὶ</span> <span class='ocrx_word' id='word_1_33' title='bbox 1513 699 1829 755; x_wconf 78' lang='grc' dir='ltr'><strong>ἐπινοοῦσιν</strong></span> <span class='ocrx_word' id='word_1_34' title='bbox 1857 698 1972 754; x_wconf 79' lang='grc' dir='ltr'>ἑτέ-</span> 
     </span>
    </p>
   </div>
   <div class='ocr_carea' id='block_1_8' title="bbox 380 817 1974 959">
    <p class='ocr_par' dir='ltr' id='par_1_8' title="bbox 380 817 1974 959">
     <span class='ocr_line' id='line_1_8' title="bbox 380 817 1974 959; baseline -0.007 -16"><span class='ocrx_word' id='word_1_35' title='bbox 380 817 621 954; x_wconf 49' lang='grc' dir='ltr'>ραῗτὰς</span> <span class='ocrx_word' id='word_1_36' title='bbox 644 882 798 953; x_wconf 78' lang='grc' dir='ltr'>ὁδούς</span> <span class='ocrx_word' id='word_1_37' title='bbox 823 905 943 956; x_wconf 90' lang='grc' dir='ltr'>σου,</span> <span class='ocrx_word' id='word_1_38' title='bbox 959 885 1156 959; x_wconf 81' lang='grc' dir='ltr'>Κύριε,</span> <span class='ocrx_word' id='word_1_39' title='bbox 1179 883 1447 955; x_wconf 80' lang='grc' dir='ltr'>γνὼρισόν</span> <span class='ocrx_word' id='word_1_40' title='bbox 1476 900 1586 956; x_wconf 89' lang='grc' dir='ltr'>μοι,</span> <span class='ocrx_word' id='word_1_41' title='bbox 1609 881 1704 936; x_wconf 78' lang='grc' dir='ltr'>καὶ</span> <span class='ocrx_word' id='word_1_42' title='bbox 1732 879 1833 945; x_wconf 78' lang='grc' dir='ltr'><strong>τὰς</strong></span> <span class='ocrx_word' id='word_1_43' title='bbox 1862 879 1974 952; x_wconf 85' lang='grc' dir='ltr'>τρί-</span> 
     </span>
    </p>
   </div>
   <div class='ocr_carea' id='block_1_9' title="bbox 378 973 1972 1052">
    <p class='ocr_par' dir='ltr' id='par_1_9' title="bbox 378 973 1972 1052">
     <span class='ocr_line' id='line_1_9' title="bbox 378 973 1972 1052; baseline -0.006 -16"><span class='ocrx_word' id='word_1_44' title='bbox 378 982 511 1046; x_wconf 73' lang='grc' dir='ltr'>ϐους</span> <span class='ocrx_word' id='word_1_45' title='bbox 543 1000 639 1036; x_wconf 92' lang='grc' dir='ltr'><strong>σου</strong></span> <span class='ocrx_word' id='word_1_46' title='bbox 668 980 882 1047; x_wconf 77' lang='grc' dir='ltr'>δίδαξόν</span> <span class='ocrx_word' id='word_1_47' title='bbox 908 998 995 1048; x_wconf 86' lang='grc' dir='ltr'>με.</span> <span class='ocrx_word' id='word_1_48' title='bbox 1038 978 1151 1052; x_wconf 82' lang='grc' dir='ltr'><strong>ιε’.]</strong></span> <span class='ocrx_word' id='word_1_49' title='bbox 1183 976 1483 1050; x_wconf 78' lang='grc' dir='ltr'>Ὀδήγησόν</span> <span class='ocrx_word' id='word_1_50' title='bbox 1510 993 1577 1045; x_wconf 88' lang='grc' dir='ltr'><strong>με</strong></span> <span class='ocrx_word' id='word_1_51' title='bbox 1602 976 1695 1028; x_wconf 74' lang='grc' dir='ltr'><strong>ἐπὶ</strong></span> <span class='ocrx_word' id='word_1_52' title='bbox 1712 973 1813 1045; x_wconf 84' lang='grc' dir='ltr'>τὴν</span> <span class='ocrx_word' id='word_1_53' title='bbox 1838 973 1972 1045; x_wconf 75' lang='grc' dir='ltr'><strong>ἀλή-</strong></span> 
     </span>
    </p>
   </div>
   <div class='ocr_carea' id='block_1_10' title="bbox 376 1064 1973 1143">
    <p class='ocr_par' dir='ltr' id='par_1_10' title="bbox 376 1064 1973 1143">
     <span class='ocr_line' id='line_1_10' title="bbox 376 1064 1973 1143; baseline -0.007 -15"><span class='ocrx_word' id='word_1_54' title='bbox 376 1074 533 1128; x_wconf 87' lang='grc' dir='ltr'>θειάν</span> <span class='ocrx_word' id='word_1_55' title='bbox 561 1092 678 1139; x_wconf 88' lang='grc' dir='ltr'>σου,</span> <span class='ocrx_word' id='word_1_56' title='bbox 715 1077 813 1128; x_wconf 68' lang='grc' dir='ltr'>καὶ</span> <span class='ocrx_word' id='word_1_57' title='bbox 835 1072 1047 1140; x_wconf 81' lang='grc' dir='ltr'>δίδαξόν</span> <span class='ocrx_word' id='word_1_58' title='bbox 1099 1090 1189 1143; x_wconf 88' lang='grc' dir='ltr'><strong>με,</strong></span> <span class='ocrx_word' id='word_1_59' title='bbox 1231 1072 1313 1125; x_wconf 86' lang='grc' dir='ltr'>ὅτι</span> <span class='ocrx_word' id='word_1_60' title='bbox 1339 1071 1403 1124; x_wconf 79' lang='grc' dir='ltr'>σὺ</span> <span class='ocrx_word' id='word_1_61' title='bbox 1430 1064 1484 1122; x_wconf 78' lang='grc' dir='ltr'>εἴ</span> <span class='ocrx_word' id='word_1_62' title='bbox 1510 1071 1538 1123; x_wconf 87' lang='grc' dir='ltr'>ὁ</span> <span class='ocrx_word' id='word_1_63' title='bbox 1559 1067 1695 1131; x_wconf 75' lang='grc' dir='ltr'>Θεὸς</span> <span class='ocrx_word' id='word_1_64' title='bbox 1718 1069 1746 1121; x_wconf 81' lang='grc' dir='ltr'><strong>ὁ</strong></span> <span class='ocrx_word' id='word_1_65' title='bbox 1775 1065 1973 1136; x_wconf 79' lang='grc' dir='ltr'>Σωτήρ</span> 
     </span>
    </p>
   </div>
   <div class='ocr_carea' id='block_1_11' title="bbox 379 1153 1975 1235">
    <p class='ocr_par' dir='ltr' id='par_1_11' title="bbox 379 1153 1975 1235">
     <span class='ocr_line' id='line_1_11' title="bbox 379 1153 1975 1235; baseline -0.006 -18"><span class='ocrx_word' id='word_1_66' title='bbox 379 1180 510 1235; x_wconf 83' lang='grc' dir='ltr'>μου,</span> <span class='ocrx_word' id='word_1_67' title='bbox 541 1164 639 1217; x_wconf 75' lang='grc' dir='ltr'>καὶ</span> <span class='ocrx_word' id='word_1_68' title='bbox 673 1163 733 1217; x_wconf 83' lang='grc' dir='ltr'>σὲ</span> <span class='ocrx_word' id='word_1_69' title='bbox 777 1161 1052 1230; x_wconf 77' lang='grc' dir='ltr'><strong>ὑπέμεινα</strong></span> <span class='ocrx_word' id='word_1_70' title='bbox 1082 1161 1212 1233; x_wconf 83' lang='grc' dir='ltr'>ὃλην</span> <span class='ocrx_word' id='word_1_71' title='bbox 1261 1159 1361 1232; x_wconf 82' lang='grc' dir='ltr'>τὴν</span> <span class='ocrx_word' id='word_1_72' title='bbox 1404 1158 1643 1231; x_wconf 75' lang='grc' dir='ltr'>ἡμέραν.</span> <span class='ocrx_word' id='word_1_73' title='bbox 1669 1172 1688 1209; x_wconf 75' lang='grc' dir='ltr'><em>δ</em></span> <span class='ocrx_word' id='word_1_74' title='bbox 1737 1154 1881 1225; x_wconf 80' lang='grc' dir='ltr'>Ἐγὼ</span> <span class='ocrx_word' id='word_1_75' title='bbox 1917 1153 1975 1208; x_wconf 84' lang='grc' dir='ltr'>δὲ</span> 
     </span>
    </p>
   </div>
   <div class='ocr_carea' id='block_1_12' title="bbox 376 1247 1976 1328">
    <p class='ocr_par' dir='ltr' id='par_1_12' title="bbox 376 1247 1976 1328">
     <span class='ocr_line' id='line_1_12' title="bbox 376 1247 1976 1328; baseline -0.005 -20"><span class='ocrx_word' id='word_1_76' title='bbox 376 1256 599 1328; x_wconf 83' lang='grc' dir='ltr'>πρῶτον</span> <span class='ocrx_word' id='word_1_77' title='bbox 636 1250 738 1327; x_wconf 75' lang='grc' dir='ltr'>μὲν</span> <span class='ocrx_word' id='word_1_78' title='bbox 770 1255 999 1310; x_wconf 79' lang='grc' dir='ltr'><strong>ἱκετεύω</strong></span> <span class='ocrx_word' id='word_1_79' title='bbox 1038 1252 1138 1318; x_wconf 72' lang='grc' dir='ltr'><strong>τὰς</strong></span> <span class='ocrx_word' id='word_1_80' title='bbox 1181 1254 1281 1316; x_wconf 82' lang='grc' dir='ltr'>σὰς</span> <span class='ocrx_word' id='word_1_81' title='bbox 1321 1252 1476 1315; x_wconf 80' lang='grc' dir='ltr'>ὀδοὺς</span> <span class='ocrx_word' id='word_1_82' title='bbox 1521 1247 1840 1317; x_wconf 83' lang='grc' dir='ltr'>διαγνῶναι,</span> <span class='ocrx_word' id='word_1_83' title='bbox 1878 1248 1976 1301; x_wconf 80' lang='grc' dir='ltr'>καὶ</span> 
     </span>
    </p>
   </div>
   <div class='ocr_carea' id='block_1_13' title="bbox 372 1338 1978 1417">
    <p class='ocr_par' dir='ltr' id='par_1_13' title="bbox 372 1338 1978 1417">
     <span class='ocr_line' id='line_1_13' title="bbox 372 1338 1978 1417; baseline -0.006 -16"><span class='ocrx_word' id='word_1_84' title='bbox 372 1349 480 1411; x_wconf 79' lang='grc' dir='ltr'><strong>τὰς</strong></span> <span class='ocrx_word' id='word_1_85' title='bbox 516 1347 656 1417; x_wconf 84' lang='grc' dir='ltr'>πρός</span> <span class='ocrx_word' id='word_1_86' title='bbox 688 1364 755 1416; x_wconf 85' lang='grc' dir='ltr'><strong>με</strong></span> <span class='ocrx_word' id='word_1_87' title='bbox 781 1344 1056 1416; x_wconf 82' lang='grc' dir='ltr'>φερούσας</span> <span class='ocrx_word' id='word_1_88' title='bbox 1098 1342 1322 1415; x_wconf 76' lang='grc' dir='ltr'>τρίϐους</span> <span class='ocrx_word' id='word_1_89' title='bbox 1367 1340 1584 1413; x_wconf 84' lang='grc' dir='ltr'><strong>μαθεῖν,</strong></span> <span class='ocrx_word' id='word_1_90' title='bbox 1632 1339 1773 1393; x_wconf 85' lang='grc' dir='ltr'>ὥστε</span> <span class='ocrx_word' id='word_1_91' title='bbox 1798 1338 1978 1408; x_wconf 80' lang='grc' dir='ltr'>διηνε-</span> 
     </span>
    </p>
   </div>
   <div class='ocr_carea' id='block_1_14' title="bbox 372 1428 1974 1508">
    <p class='ocr_par' dir='ltr' id='par_1_14' title="bbox 372 1428 1974 1508">
     <span class='ocr_line' id='line_1_14' title="bbox 372 1428 1974 1508; baseline -0.006 -17"><span class='ocrx_word' id='word_1_92' title='bbox 372 1438 491 1501; x_wconf 82' lang='grc' dir='ltr'><strong>κῶς</strong></span> <span class='ocrx_word' id='word_1_93' title='bbox 508 1437 607 1508; x_wconf 82' lang='grc' dir='ltr'>τὴν</span> <span class='ocrx_word' id='word_1_94' title='bbox 618 1435 839 1505; x_wconf 81' lang='grc' dir='ltr'>άπλανῆ</span> <span class='ocrx_word' id='word_1_95' title='bbox 858 1452 952 1488; x_wconf 90' lang='grc' dir='ltr'><strong>σου</strong></span> <span class='ocrx_word' id='word_1_96' title='bbox 967 1435 1062 1488; x_wconf 76' lang='grc' dir='ltr'>καὶ</span> <span class='ocrx_word' id='word_1_97' title='bbox 1076 1433 1253 1505; x_wconf 79' lang='grc' dir='ltr'>ἀληθῆ</span> <span class='ocrx_word' id='word_1_98' title='bbox 1273 1431 1504 1503; x_wconf 84' lang='grc' dir='ltr'>πορείαν</span> <span class='ocrx_word' id='word_1_99' title='bbox 1526 1430 1753 1484; x_wconf 77' lang='grc' dir='ltr'>ὁδεύειν.</span> <span class='ocrx_word' id='word_1_100' title='bbox 1780 1428 1974 1482; x_wconf 79' lang='grc' dir='ltr'>Ἐπει-</span> 
     </span>
    </p>
   </div>
   <div class='ocr_carea' id='block_1_15' title="bbox 371 1521 1973 1597">
    <p class='ocr_par' dir='ltr' id='par_1_15' title="bbox 371 1521 1973 1597">
     <span class='ocr_line' id='line_1_15' title="bbox 371 1521 1973 1597; baseline -0.007 -11"><span class='ocrx_word' id='word_1_101' title='bbox 371 1550 444 1587; x_wconf 88' lang='grc' dir='ltr'><strong>τα</strong></span> <span class='ocrx_word' id='word_1_102' title='bbox 470 1531 536 1584; x_wconf 82' lang='grc' dir='ltr'><strong>δι’</strong></span> <span class='ocrx_word' id='word_1_103' title='bbox 563 1528 746 1583; x_wconf 79' lang='grc' dir='ltr'>αὐτῶν</span> <span class='ocrx_word' id='word_1_104' title='bbox 784 1526 1019 1581; x_wconf 75' lang='grc' dir='ltr'>ἱκετεύω</span> <span class='ocrx_word' id='word_1_105' title='bbox 1057 1526 1168 1579; x_wconf 84' lang='grc' dir='ltr'><strong>τῶν</strong></span> <span class='ocrx_word' id='word_1_106' title='bbox 1229 1523 1578 1597; x_wconf 82' lang='grc' dir='ltr'>πραγμάτων</span> <span class='ocrx_word' id='word_1_107' title='bbox 1623 1521 1820 1593; x_wconf 80' lang='grc' dir='ltr'>μαθεῖν</span> <span class='ocrx_word' id='word_1_108' title='bbox 1841 1560 1856 1584; x_wconf 91' lang='grc'><strong>,</strong></span> <span class='ocrx_word' id='word_1_109' title='bbox 1889 1521 1973 1575; x_wconf 79' lang='grc' dir='ltr'>ὅτι</span> 
     </span>
    </p>
   </div>
   <div class='ocr_carea' id='block_1_16' title="bbox 372 1611 1972 1695">
    <p class='ocr_par' dir='ltr' id='par_1_16' title="bbox 372 1611 1972 1695">
     <span class='ocr_line' id='line_1_16' title="bbox 372 1611 1972 1695; baseline -0.009 -16"><span class='ocrx_word' id='word_1_110' title='bbox 372 1623 570 1695; x_wconf 86' lang='grc' dir='ltr'>Σωτὴρ</span> <span class='ocrx_word' id='word_1_111' title='bbox 599 1621 868 1692; x_wconf 81' lang='grc' dir='ltr'>ὑπάρχεις</span> <span class='ocrx_word' id='word_1_112' title='bbox 895 1618 1028 1691; x_wconf 78' lang='grc' dir='ltr'>ἐμός</span> <span class='ocrx_word' id='word_1_113' title='bbox 1050 1637 1066 1651; x_wconf 91' lang='grc'><strong>·</strong></span> <span class='ocrx_word' id='word_1_114' title='bbox 1087 1618 1185 1689; x_wconf 78' lang='grc' dir='ltr'>τὴν</span> <span class='ocrx_word' id='word_1_115' title='bbox 1218 1616 1329 1690; x_wconf 88' lang='grc' dir='ltr'>γὰρ</span> <span class='ocrx_word' id='word_1_116' title='bbox 1361 1614 1512 1688; x_wconf 82' lang='grc' dir='ltr'>παρὰ</span> <span class='ocrx_word' id='word_1_117' title='bbox 1537 1615 1631 1669; x_wconf 89' lang='grc' dir='ltr'><strong>σοῦ</strong></span> <span class='ocrx_word' id='word_1_118' title='bbox 1661 1611 1972 1684; x_wconf 84' lang='grc' dir='ltr'>φιλανθρω-</span> 
     </span>
    </p>
   </div>
   <div class='ocr_carea' id='block_1_17' title="bbox 371 1701 1969 1784">
    <p class='ocr_par' dir='ltr' id='par_1_17' title="bbox 371 1701 1969 1784">
     <span class='ocr_line' id='line_1_17' title="bbox 371 1701 1969 1784; baseline -0.009 -16"><span class='ocrx_word' id='word_1_119' title='bbox 371 1714 508 1769; x_wconf 81' lang='grc' dir='ltr'>πίαν</span> <span class='ocrx_word' id='word_1_120' title='bbox 529 1710 827 1784; x_wconf 86' lang='grc' dir='ltr'>προσμένω</span> <span class='ocrx_word' id='word_1_121' title='bbox 842 1708 1130 1779; x_wconf 84' lang='grc' dir='ltr'>διηνεκῶς.</span> <span class='ocrx_word' id='word_1_122' title='bbox 1162 1707 1235 1761; x_wconf 69' lang='grc' dir='ltr'>Τὸ</span> <span class='ocrx_word' id='word_1_123' title='bbox 1256 1705 1367 1778; x_wconf 75' lang='grc' dir='ltr'>γὰρ</span> <span class='ocrx_word' id='word_1_124' title='bbox 1392 1706 1554 1772; x_wconf 75' lang='grc' dir='ltr'>ὅλην</span> <span class='ocrx_word' id='word_1_125' title='bbox 1576 1705 1694 1772; x_wconf 80' lang='grc' dir='ltr'>τὴν</span> <span class='ocrx_word' id='word_1_126' title='bbox 1716 1701 1969 1773; x_wconf 73' lang='grc' dir='ltr'>ἡμέραν,</span> 
     </span>
    </p>
   </div>
   <div class='ocr_carea' id='block_1_18' title="bbox 369 1794 1975 1870">
    <p class='ocr_par' dir='ltr' id='par_1_18' title="bbox 369 1794 1975 1870">
     <span class='ocr_line' id='line_1_18' title="bbox 369 1794 1975 1870; baseline -0.007 -9"><span class='ocrx_word' id='word_1_127' title='bbox 369 1807 500 1862; x_wconf 68' lang='grc' dir='ltr'>ἀντὶ</span> <span class='ocrx_word' id='word_1_128' title='bbox 530 1805 627 1859; x_wconf 91' lang='grc' dir='ltr'><strong>τοῦ</strong></span> <span class='ocrx_word' id='word_1_129' title='bbox 662 1803 754 1859; x_wconf 74' lang='grc' dir='ltr'><strong>ἀεὶ</strong></span> <span class='ocrx_word' id='word_1_130' title='bbox 779 1801 1067 1855; x_wconf 73' lang='grc' dir='ltr'>τέθεικενδ</span> <span class='ocrx_word' id='word_1_131' title='bbox 1137 1802 1231 1855; x_wconf 74' lang='grc' dir='ltr'>καὶ</span> <span class='ocrx_word' id='word_1_132' title='bbox 1282 1800 1497 1867; x_wconf 79' lang='grc' dir='ltr'>διδάξαι</span> <span class='ocrx_word' id='word_1_133' title='bbox 1568 1797 1843 1870; x_wconf 81' lang='grc' dir='ltr'>βούλεται,</span> <span class='ocrx_word' id='word_1_134' title='bbox 1896 1794 1975 1859; x_wconf 82' lang='grc' dir='ltr'>ὡς</span> 
     </span>
    </p>
   </div>
   <div class='ocr_carea' id='block_1_19' title="bbox 366 1886 1976 1968">
    <p class='ocr_par' dir='ltr' id='par_1_19' title="bbox 366 1886 1976 1968">
     <span class='ocr_line' id='line_1_19' title="bbox 366 1886 1976 1968; baseline -0.009 -14"><span class='ocrx_word' id='word_1_135' title='bbox 366 1899 434 1954; x_wconf 79' lang='grc' dir='ltr'>οὐ</span> <span class='ocrx_word' id='word_1_136' title='bbox 468 1899 514 1931; x_wconf 75' lang='grc'><strong>⁸⁸</strong></span> <span class='ocrx_word' id='word_1_137' title='bbox 542 1897 638 1953; x_wconf 81' lang='grc' dir='ltr'><strong>νῦν</strong></span> <span class='ocrx_word' id='word_1_138' title='bbox 677 1896 779 1968; x_wconf 83' lang='grc' dir='ltr'>μὲν</span> <span class='ocrx_word' id='word_1_139' title='bbox 804 1895 1011 1963; x_wconf 84' lang='grc' dir='ltr'>ταύτην</span> <span class='ocrx_word' id='word_1_140' title='bbox 1041 1894 1152 1965; x_wconf 79' lang='grc' dir='ltr'>ἔχει</span> <span class='ocrx_word' id='word_1_141' title='bbox 1180 1895 1226 1927; x_wconf 78' lang='grc'><strong>⁸³</strong></span> <span class='ocrx_word' id='word_1_142' title='bbox 1247 1893 1347 1965; x_wconf 79' lang='grc' dir='ltr'>τὴν</span> <span class='ocrx_word' id='word_1_143' title='bbox 1376 1891 1627 1964; x_wconf 79' lang='grc' dir='ltr'>γνώμην,</span> <span class='ocrx_word' id='word_1_144' title='bbox 1654 1889 1752 1944; x_wconf 89' lang='grc' dir='ltr'><strong>νῦν</strong></span> <span class='ocrx_word' id='word_1_145' title='bbox 1783 1888 1840 1943; x_wconf 81' lang='grc' dir='ltr'>δὲ</span> <span class='ocrx_word' id='word_1_146' title='bbox 1862 1886 1976 1942; x_wconf 74' lang='grc' dir='ltr'>ἑτέ-</span> 
     </span>
    </p>
   </div>
   <div class='ocr_carea' id='block_1_20' title="bbox 371 1987 1329 2062">
    <p class='ocr_par' dir='ltr' id='par_1_20' title="bbox 371 1987 1329 2062">
     <span class='ocr_line' id='line_1_20' title="bbox 371 1987 1329 2062; baseline -0.005 -16"><span class='ocrx_word' id='word_1_147' title='bbox 371 2010 478 2062; x_wconf 90' lang='grc' dir='ltr'><strong>ραν</strong></span> <span class='ocrx_word' id='word_1_148' title='bbox 500 1991 546 2024; x_wconf 84' lang='grc'><em>³⁰</em></span> <span class='ocrx_word' id='word_1_149' title='bbox 578 1990 705 2045; x_wconf 67' lang='grc' dir='ltr'>ἀντὶ</span> <span class='ocrx_word' id='word_1_150' title='bbox 736 1988 949 2056; x_wconf 80' lang='grc' dir='ltr'>ταύτης</span> <span class='ocrx_word' id='word_1_151' title='bbox 998 1987 1329 2058; x_wconf 66' lang='grc' dir='ltr'>εἰσδέχεταιε</span> 
     </span>
    </p>
   </div>
   <div class='ocr_carea' id='block_1_21' title="bbox 444 2066 1968 2154">
    <p class='ocr_par' dir='ltr' id='par_1_21' title="bbox 444 2066 1968 2154">
     <span class='ocr_line' id='line_1_21' title="bbox 444 2066 1968 2154; baseline -0.009 -15"><span class='ocrx_word' id='word_1_152' title='bbox 444 2083 521 2151; x_wconf 84' lang='grc' dir='ltr'>ς’,</span> <span class='ocrx_word' id='word_1_153' title='bbox 545 2081 609 2149; x_wconf 79' lang='grc' dir='ltr'><strong>ζ’.</strong></span> <span class='ocrx_word' id='word_1_154' title='bbox 648 2103 667 2136; x_wconf 74' lang='grc' dir='ltr'><strong>ι</strong></span> <span class='ocrx_word' id='word_1_155' title='bbox 714 2066 1001 2154; x_wconf 71' lang='grc' dir='ltr'>Μνήσθητι</span> <span class='ocrx_word' id='word_1_156' title='bbox 1028 2079 1138 2133; x_wconf 86' lang='grc' dir='ltr'><strong>τῶν</strong></span> <span class='ocrx_word' id='word_1_157' title='bbox 1155 2077 1457 2150; x_wconf 76' lang='grc' dir='ltr'>οἰκτιρμῶν</span> <span class='ocrx_word' id='word_1_158' title='bbox 1480 2093 1599 2142; x_wconf 74' lang='grc' dir='ltr'>σου,</span> <span class='ocrx_word' id='word_1_159' title='bbox 1623 2074 1825 2146; x_wconf 80' lang='grc' dir='ltr'>Κύριε,</span> <span class='ocrx_word' id='word_1_160' title='bbox 1871 2070 1968 2126; x_wconf 73' lang='grc' dir='ltr'>καὶ</span> 
     </span>
    </p>
   </div>
   <div class='ocr_carea' id='block_1_22' title="bbox 366 2164 1970 2243">
    <p class='ocr_par' dir='ltr' id='par_1_22' title="bbox 366 2164 1970 2243">
     <span class='ocr_line' id='line_1_22' title="bbox 366 2164 1970 2243; baseline -0.008 -14"><span class='ocrx_word' id='word_1_161' title='bbox 366 2174 438 2229; x_wconf 68' lang='grc' dir='ltr'>τὰ</span> <span class='ocrx_word' id='word_1_162' title='bbox 474 2172 600 2243; x_wconf 80' lang='grc' dir='ltr'>ἐλέη</span> <span class='ocrx_word' id='word_1_163' title='bbox 628 2188 747 2234; x_wconf 80' lang='grc' dir='ltr'>σου,</span> <span class='ocrx_word' id='word_1_164' title='bbox 780 2171 861 2225; x_wconf 81' lang='grc' dir='ltr'>ὅτι</span> <span class='ocrx_word' id='word_1_165' title='bbox 904 2169 1015 2225; x_wconf 75' lang='grc' dir='ltr'><strong>ἀπὸ</strong></span> <span class='ocrx_word' id='word_1_166' title='bbox 1061 2167 1157 2222; x_wconf 86' lang='grc' dir='ltr'><strong>τοῦ</strong></span> <span class='ocrx_word' id='word_1_167' title='bbox 1207 2167 1410 2233; x_wconf 75' lang='grc' dir='ltr'>αἰῶνός</span> <span class='ocrx_word' id='word_1_168' title='bbox 1450 2169 1613 2221; x_wconf 76' lang='grc' dir='ltr'>εἰσιν.</span> <span class='ocrx_word' id='word_1_169' title='bbox 1661 2164 1970 2237; x_wconf 80' lang='grc' dir='ltr'>Ἀμαρτίας</span> 
     </span>
    </p>
   </div>
   <div class='ocr_carea' id='block_1_23' title="bbox 367 2256 1971 2335">
    <p class='ocr_par' dir='ltr' id='par_1_23' title="bbox 367 2256 1971 2335">
     <span class='ocr_line' id='line_1_23' title="bbox 367 2256 1971 2335; baseline -0.006 -16"><span class='ocrx_word' id='word_1_170' title='bbox 367 2264 624 2335; x_wconf 69' lang='grc' dir='ltr'>νεότητός</span> <span class='ocrx_word' id='word_1_171' title='bbox 643 2281 746 2335; x_wconf 82' lang='grc' dir='ltr'><strong>μου</strong></span> <span class='ocrx_word' id='word_1_172' title='bbox 767 2264 864 2317; x_wconf 80' lang='grc' dir='ltr'>καὶ</span> <span class='ocrx_word' id='word_1_173' title='bbox 893 2262 1120 2332; x_wconf 81' lang='grc' dir='ltr'>ἀγνοίας</span> <span class='ocrx_word' id='word_1_174' title='bbox 1138 2278 1240 2332; x_wconf 85' lang='grc' dir='ltr'><strong>μου</strong></span> <span class='ocrx_word' id='word_1_175' title='bbox 1264 2261 1306 2292; x_wconf 83' lang='grc'><strong>³¹</strong></span> <span class='ocrx_word' id='word_1_176' title='bbox 1339 2260 1415 2332; x_wconf 79' lang='grc' dir='ltr'>μὴ</span> <span class='ocrx_word' id='word_1_177' title='bbox 1460 2258 1708 2332; x_wconf 79' lang='grc' dir='ltr'>μνησθῇς</span> <span class='ocrx_word' id='word_1_178' title='bbox 1730 2259 1800 2324; x_wconf 81' lang='grc'><strong>⁸⁸,</strong></span> <span class='ocrx_word' id='word_1_179' title='bbox 1824 2256 1971 2312; x_wconf 71' lang='grc' dir='ltr'>κατὰ</span> 
     </span>
    </p>
   </div>
   <div class='ocr_carea' id='block_1_24' title="bbox 365 2351 1970 2428">
    <p class='ocr_par' dir='ltr' id='par_1_24' title="bbox 365 2351 1970 2428">
     <span class='ocr_line' id='line_1_24' title="bbox 365 2351 1970 2428; baseline -0.006 -16"><span class='ocrx_word' id='word_1_180' title='bbox 365 2358 430 2412; x_wconf 77' lang='grc' dir='ltr'>τὸ</span> <span class='ocrx_word' id='word_1_181' title='bbox 469 2357 620 2421; x_wconf 76' lang='grc' dir='ltr'>ἔλεός</span> <span class='ocrx_word' id='word_1_182' title='bbox 644 2376 739 2412; x_wconf 87' lang='grc' dir='ltr'><strong>σου</strong></span> <span class='ocrx_word' id='word_1_183' title='bbox 768 2356 1040 2428; x_wconf 81' lang='grc' dir='ltr'>μνήσθητί</span> <span class='ocrx_word' id='word_1_184' title='bbox 1066 2373 1169 2427; x_wconf 88' lang='grc' dir='ltr'><strong>μου</strong></span> <span class='ocrx_word' id='word_1_185' title='bbox 1193 2356 1262 2410; x_wconf 83' lang='grc'><strong>⁸³.</strong></span> <span class='ocrx_word' id='word_1_186' title='bbox 1297 2374 1316 2408; x_wconf 73' lang='grc' dir='ltr'><strong>ι</strong></span> <span class='ocrx_word' id='word_1_187' title='bbox 1347 2355 1627 2427; x_wconf 82' lang='grc' dir='ltr'>⁹Ημέρως,</span> <span class='ocrx_word' id='word_1_188' title='bbox 1662 2353 1850 2424; x_wconf 66' lang='grc' dir='ltr'>φησιν,</span> <span class='ocrx_word' id='word_1_189' title='bbox 1879 2351 1970 2404; x_wconf 78' lang='grc' dir='ltr'><strong>ἀεὶ</strong></span> 
     </span>
    </p>
   </div>
   <div class='ocr_carea' id='block_1_25' title="bbox 363 2440 1970 2519">
    <p class='ocr_par' dir='ltr' id='par_1_25' title="bbox 363 2440 1970 2519">
     <span class='ocr_line' id='line_1_25' title="bbox 363 2440 1970 2519; baseline -0.006 -16"><span class='ocrx_word' id='word_1_190' title='bbox 363 2448 465 2504; x_wconf 71' lang='grc' dir='ltr'><strong>καὶ</strong></span> <span class='ocrx_word' id='word_1_191' title='bbox 494 2447 900 2519; x_wconf 79' lang='grc' dir='ltr'>φιλανθρώπως</span> <span class='ocrx_word' id='word_1_192' title='bbox 931 2445 1059 2509; x_wconf 80' lang='grc' dir='ltr'>τοὺς</span> <span class='ocrx_word' id='word_1_193' title='bbox 1089 2444 1414 2518; x_wconf 79' lang='grc' dir='ltr'>ἀνθρώπους</span> <span class='ocrx_word' id='word_1_194' title='bbox 1450 2446 1759 2514; x_wconf 84' lang='grc' dir='ltr'>οίκονομεῖς</span> <span class='ocrx_word' id='word_1_195' title='bbox 1790 2459 1805 2473; x_wconf 85' lang='grc'><strong>·</strong></span> <span class='ocrx_word' id='word_1_196' title='bbox 1835 2440 1970 2497; x_wconf 87' lang='grc' dir='ltr'>ταύ-</span> 
     </span>
    </p>
   </div>
   <div class='ocr_carea' id='block_1_26' title="bbox 363 2532 1965 2612">
    <p class='ocr_par' dir='ltr' id='par_1_26' title="bbox 363 2532 1965 2612">
     <span class='ocr_line' id='line_1_26' title="bbox 363 2532 1965 2612; baseline -0.005 -18"><span class='ocrx_word' id='word_1_197' title='bbox 363 2558 472 2612; x_wconf 86' lang='grc' dir='ltr'><strong>της</strong></span> <span class='ocrx_word' id='word_1_198' title='bbox 501 2541 596 2594; x_wconf 72' lang='grc' dir='ltr'>καὶ</span> <span class='ocrx_word' id='word_1_199' title='bbox 626 2538 723 2593; x_wconf 88' lang='grc' dir='ltr'><strong>νῦν</strong></span> <span class='ocrx_word' id='word_1_200' title='bbox 766 2536 1075 2593; x_wconf 84' lang='grc' dir='ltr'>ἀπολαῦσαι</span> <span class='ocrx_word' id='word_1_201' title='bbox 1110 2537 1211 2608; x_wconf 84' lang='grc' dir='ltr'>τῆς</span> <span class='ocrx_word' id='word_1_202' title='bbox 1251 2536 1594 2608; x_wconf 84' lang='grc' dir='ltr'>άγαθότητος</span> <span class='ocrx_word' id='word_1_203' title='bbox 1641 2532 1872 2588; x_wconf 74' lang='grc' dir='ltr'>ἱκετεύω</span> <span class='ocrx_word' id='word_1_204' title='bbox 1897 2532 1965 2599; x_wconf 71' lang='grc'><strong>³⁸,</strong></span> 
     </span>
    </p>
   </div>
   <div class='ocr_carea' id='block_1_27' title="bbox 367 2626 1964 2704">
    <p class='ocr_par' dir='ltr' id='par_1_27' title="bbox 367 2626 1964 2704">
     <span class='ocr_line' id='line_1_27' title="bbox 367 2626 1964 2704; baseline -0.006 -16"><span class='ocrx_word' id='word_1_205' title='bbox 367 2634 471 2688; x_wconf 74' lang='grc' dir='ltr'>καὶ</span> <span class='ocrx_word' id='word_1_206' title='bbox 504 2635 727 2704; x_wconf 83' lang='grc' dir='ltr'>μνήμην</span> <span class='ocrx_word' id='word_1_207' title='bbox 789 2648 873 2685; x_wconf 89' lang='grc' dir='ltr'><strong>σοι</strong></span> <span class='ocrx_word' id='word_1_208' title='bbox 929 2629 1187 2700; x_wconf 81' lang='grc' dir='ltr'>γενέσθαι</span> <span class='ocrx_word' id='word_1_209' title='bbox 1215 2631 1315 2699; x_wconf 84' lang='grc' dir='ltr'>τῆς</span> <span class='ocrx_word' id='word_1_210' title='bbox 1366 2629 1469 2699; x_wconf 81' lang='grc' dir='ltr'>σῆς</span> <span class='ocrx_word' id='word_1_211' title='bbox 1525 2626 1964 2698; x_wconf 84' lang='grc' dir='ltr'>φιλανθρωπίας,</span> 
     </span>
    </p>
   </div>
   <div class='ocr_carea' id='block_1_28' title="bbox 378 2717 1967 2794">
    <p class='ocr_par' dir='ltr' id='par_1_28' title="bbox 378 2717 1967 2794">
     <span class='ocr_line' id='line_1_28' title="bbox 378 2717 1967 2794; baseline -0.004 -18"><span class='ocrx_word' id='word_1_212' title='bbox 378 2723 458 2794; x_wconf 86' lang='grc' dir='ltr'><strong>μὴ</strong></span> <span class='ocrx_word' id='word_1_213' title='bbox 489 2722 591 2792; x_wconf 75' lang='grc' dir='ltr'>τῆς</span> <span class='ocrx_word' id='word_1_214' title='bbox 651 2722 794 2793; x_wconf 81' lang='grc' dir='ltr'>ἐμῆς</span> <span class='ocrx_word' id='word_1_215' title='bbox 839 2721 1121 2792; x_wconf 84' lang='grc' dir='ltr'>ἁμαρτίας</span> <span class='ocrx_word' id='word_1_216' title='bbox 1145 2738 1158 2753; x_wconf 87' lang='grc'><strong>·</strong></span> <span class='ocrx_word' id='word_1_217' title='bbox 1197 2720 1293 2774; x_wconf 72' lang='grc' dir='ltr'>καὶ</span> <span class='ocrx_word' id='word_1_218' title='bbox 1339 2719 1438 2791; x_wconf 82' lang='grc' dir='ltr'>τὴν</span> <span class='ocrx_word' id='word_1_219' title='bbox 1469 2718 1610 2790; x_wconf 80' lang='grc' dir='ltr'>ἐμὴν</span> <span class='ocrx_word' id='word_1_220' title='bbox 1643 2717 1700 2772; x_wconf 80' lang='grc' dir='ltr'>δὲ</span> <span class='ocrx_word' id='word_1_221' title='bbox 1747 2717 1967 2789; x_wconf 80' lang='grc' dir='ltr'>μνήμην</span> 
     </span>
    </p>
   </div>
   <div class='ocr_carea' id='block_1_29' title="bbox 378 2809 1965 2883">
    <p class='ocr_par' dir='ltr' id='par_1_29' title="bbox 378 2809 1965 2883">
     <span class='ocr_line' id='line_1_29' title="bbox 378 2809 1965 2883; baseline -0.002 -17"><span class='ocrx_word' id='word_1_222' title='bbox 378 2812 723 2883; x_wconf 84' lang='grc' dir='ltr'>ποιούμενος,</span> <span class='ocrx_word' id='word_1_223' title='bbox 762 2812 1010 2867; x_wconf 81' lang='grc' dir='ltr'>Δέσποτα</span> <span class='ocrx_word' id='word_1_224' title='bbox 1036 2852 1053 2878; x_wconf 93' lang='grc'><strong>,</strong></span> <span class='ocrx_word' id='word_1_225' title='bbox 1095 2812 1558 2883; x_wconf 78' lang='grc' dir='ltr'>φιλοικτιρμόνως</span> <span class='ocrx_word' id='word_1_226' title='bbox 1601 2809 1845 2882; x_wconf 85' lang='grc' dir='ltr'>ποίησαι,</span> <span class='ocrx_word' id='word_1_227' title='bbox 1889 2809 1965 2880; x_wconf 77' lang='grc' dir='ltr'>μὴ</span> 
     </span>
    </p>
   </div>
   <div class='ocr_carea' id='block_1_30' title="bbox 380 2901 1966 2976">
    <p class='ocr_par' dir='ltr' id='par_1_30' title="bbox 380 2901 1966 2976">
     <span class='ocr_line' id='line_1_30' title="bbox 380 2901 1966 2976; baseline 0 -19"><span class='ocrx_word' id='word_1_228' title='bbox 380 2903 626 2968; x_wconf 79' lang='grc' dir='ltr'>δικαίως.</span> <span class='ocrx_word' id='word_1_229' title='bbox 670 2903 840 2959; x_wconf 84' lang='grc' dir='ltr'>Τοῦτο</span> <span class='ocrx_word' id='word_1_230' title='bbox 888 2904 999 2975; x_wconf 82' lang='grc' dir='ltr'><strong>γάρ</strong></span> <span class='ocrx_word' id='word_1_231' title='bbox 1042 2906 1138 2958; x_wconf 64' lang='grc' dir='ltr'><strong>καὶ¹</strong></span> <span class='ocrx_word' id='word_1_232' title='bbox 1166 2904 1211 2936; x_wconf 81' lang='grc'><em>³³</em></span> <span class='ocrx_word' id='word_1_233' title='bbox 1237 2906 1295 2958; x_wconf 77' lang='grc' dir='ltr'>ὲν</span> <span class='ocrx_word' id='word_1_234' title='bbox 1339 2906 1454 2968; x_wconf 88' lang='grc' dir='ltr'>τοῖς</span> <span class='ocrx_word' id='word_1_235' title='bbox 1504 2906 1688 2976; x_wconf 83' lang='grc' dir='ltr'>ῥητοῖς</span> <span class='ocrx_word' id='word_1_236' title='bbox 1714 2901 1966 2974; x_wconf 86' lang='grc' dir='ltr'>παρεκά-</span> 
     </span>
    </p>
   </div>
   <div class='ocr_carea' id='block_1_31' title="bbox 380 2993 1963 3068">
    <p class='ocr_par' dir='ltr' id='par_1_31' title="bbox 380 2993 1963 3068">
     <span class='ocr_line' id='line_1_31' title="bbox 380 2993 1963 3068; baseline -0.001 -18"><span class='ocrx_word' id='word_1_237' title='bbox 380 2997 511 3050; x_wconf 86' lang='grc' dir='ltr'>λεσε</span> <span class='ocrx_word' id='word_1_238' title='bbox 530 3013 543 3026; x_wconf 72' lang='grc'><strong><em>⁸</em></strong></span> <span class='ocrx_word' id='word_1_239' title='bbox 571 2996 727 3051; x_wconf 80' lang='grc' dir='ltr'>Κατὰ</span> <span class='ocrx_word' id='word_1_240' title='bbox 756 2998 819 3051; x_wconf 82' lang='grc' dir='ltr'>τὸ</span> <span class='ocrx_word' id='word_1_241' title='bbox 840 2997 991 3067; x_wconf 86' lang='grc' dir='ltr'>μέγα</span> <span class='ocrx_word' id='word_1_242' title='bbox 1022 2997 1067 3029; x_wconf 80' lang='grc'><strong><em>³⁵</em></strong></span> <span class='ocrx_word' id='word_1_243' title='bbox 1097 2996 1249 3062; x_wconf 78' lang='grc' dir='ltr'>ἔλεός</span> <span class='ocrx_word' id='word_1_244' title='bbox 1285 3014 1402 3060; x_wconf 79' lang='grc' dir='ltr'>σου,</span> <span class='ocrx_word' id='word_1_245' title='bbox 1435 2994 1706 3068; x_wconf 74' lang='grc' dir='ltr'>μνήσθητί</span> <span class='ocrx_word' id='word_1_246' title='bbox 1738 3011 1841 3067; x_wconf 86' lang='grc' dir='ltr'><strong>μου</strong></span> <span class='ocrx_word' id='word_1_247' title='bbox 1875 2993 1963 3049; x_wconf 73' lang='grc' dir='ltr'><strong>σύο</strong></span> 
     </span>
    </p>
   </div>
   <div class='ocr_carea' id='block_1_32' title="bbox 376 3087 1967 3162">
    <p class='ocr_par' dir='ltr' id='par_1_32' title="bbox 376 3087 1967 3162">
     <span class='ocr_line' id='line_1_32' title="bbox 376 3087 1967 3162; baseline -0.001 -19"><span class='ocrx_word' id='word_1_248' title='bbox 376 3091 457 3162; x_wconf 83' lang='grc' dir='ltr'>μὴ</span> <span class='ocrx_word' id='word_1_249' title='bbox 485 3092 582 3161; x_wconf 84' lang='grc' dir='ltr'>τῆς</span> <span class='ocrx_word' id='word_1_250' title='bbox 607 3089 883 3161; x_wconf 83' lang='grc' dir='ltr'>ἁμαρτίας</span> <span class='ocrx_word' id='word_1_251' title='bbox 903 3107 1029 3160; x_wconf 88' lang='grc' dir='ltr'>μου,</span> <span class='ocrx_word' id='word_1_252' title='bbox 1050 3089 1166 3143; x_wconf 82' lang='grc' dir='ltr'>ἀλλ’</span> <span class='ocrx_word' id='word_1_253' title='bbox 1194 3089 1328 3161; x_wconf 74' lang='grc' dir='ltr'>ἐμοῦ</span> <span class='ocrx_word' id='word_1_254' title='bbox 1364 3089 1635 3161; x_wconf 83' lang='grc' dir='ltr'>μνήσθητι</span> <span class='ocrx_word' id='word_1_255' title='bbox 1662 3087 1967 3161; x_wconf 81' lang='grc' dir='ltr'>φιλανθρώ-</span> 
     </span>
    </p>
   </div>
   <div class='ocr_carea' id='block_1_33' title="bbox 372 3181 1967 3254">
    <p class='ocr_par' dir='ltr' id='par_1_33' title="bbox 372 3181 1967 3254">
     <span class='ocr_line' id='line_1_33' title="bbox 372 3181 1967 3254; baseline 0 -17"><span class='ocrx_word' id='word_1_256' title='bbox 372 3200 512 3247; x_wconf 87' lang='grc' dir='ltr'>πως.</span> <span class='ocrx_word' id='word_1_257' title='bbox 544 3181 612 3254; x_wconf 77' lang='grc'><strong>[³⁷</strong></span> <span class='ocrx_word' id='word_1_258' title='bbox 641 3182 715 3235; x_wconf 83' lang='grc' dir='ltr'><strong>Τὸ</strong></span> <span class='ocrx_word' id='word_1_259' title='bbox 738 3181 797 3235; x_wconf 86' lang='grc' dir='ltr'>δὲ</span> <span class='ocrx_word' id='word_1_260' title='bbox 824 3181 1118 3251; x_wconf 79' lang='grc' dir='ltr'>ἁμαρτίας</span> <span class='ocrx_word' id='word_1_261' title='bbox 1141 3183 1423 3249; x_wconf 82' lang='grc' dir='ltr'>νεότητός</span> <span class='ocrx_word' id='word_1_262' title='bbox 1452 3199 1574 3251; x_wconf 83' lang='grc' dir='ltr'><strong>μου</strong></span> <span class='ocrx_word' id='word_1_263' title='bbox 1598 3182 1697 3238; x_wconf 77' lang='grc' dir='ltr'>καὶ</span> <span class='ocrx_word' id='word_1_264' title='bbox 1719 3183 1967 3253; x_wconf 80' lang='grc' dir='ltr'>ἀγνοίας</span> 
     </span>
    </p>
   </div>
   <div class='ocr_carea' id='block_1_34' title="bbox 360 3270 1966 3345">
    <p class='ocr_par' dir='ltr' id='par_1_34' title="bbox 360 3270 1966 3345">
     <span class='ocr_line' id='line_1_34' title="bbox 360 3270 1966 3345; baseline 0.001 -20"><span class='ocrx_word' id='word_1_265' title='bbox 360 3272 453 3344; x_wconf 81' lang='grc' dir='ltr'>μὴ</span> <span class='ocrx_word' id='word_1_266' title='bbox 476 3271 786 3342; x_wconf 74' lang='grc' dir='ltr'>μνησθῇς,</span> <span class='ocrx_word' id='word_1_267' title='bbox 829 3272 1036 3341; x_wconf 85' lang='grc' dir='ltr'>ταύτην</span> <span class='ocrx_word' id='word_1_268' title='bbox 1083 3270 1199 3342; x_wconf 75' lang='grc' dir='ltr'>ἔχει</span> <span class='ocrx_word' id='word_1_269' title='bbox 1244 3272 1343 3344; x_wconf 76' lang='grc' dir='ltr'>τὴν</span> <span class='ocrx_word' id='word_1_270' title='bbox 1367 3272 1606 3327; x_wconf 82' lang='grc' dir='ltr'>διάνοιαν</span> <span class='ocrx_word' id='word_1_271' title='bbox 1631 3288 1644 3302; x_wconf 83' lang='grc'>⁶</span> <span class='ocrx_word' id='word_1_272' title='bbox 1673 3272 1809 3345; x_wconf 77' lang='grc' dir='ltr'>φησὶ</span> <span class='ocrx_word' id='word_1_273' title='bbox 1856 3276 1966 3345; x_wconf 82' lang='grc' dir='ltr'>γὰρ</span> 
     </span>
    </p>
   </div>
   <div class='ocr_carea' id='block_1_35' title="bbox 365 3365 1965 3440">
    <p class='ocr_par' dir='ltr' id='par_1_35' title="bbox 365 3365 1965 3440">
     <span class='ocr_line' id='line_1_35' title="bbox 365 3365 1965 3440; baseline 0.001 -19"><span class='ocrx_word' id='word_1_274' title='bbox 365 3367 465 3421; x_wconf 83' lang='grc' dir='ltr'><strong>τοῦ</strong></span> <span class='ocrx_word' id='word_1_275' title='bbox 495 3367 628 3420; x_wconf 80' lang='grc' dir='ltr'>λαοῦ</span> <span class='ocrx_word' id='word_1_276' title='bbox 659 3366 755 3420; x_wconf 89' lang='grc' dir='ltr'><strong>τοῦ</strong></span> <span class='ocrx_word' id='word_1_277' title='bbox 787 3365 1147 3439; x_wconf 62' lang='grc' dir='ltr'>ἐνΑἰγύπτῳ</span> <span class='ocrx_word' id='word_1_278' title='bbox 1168 3381 1182 3394; x_wconf 84' lang='grc'><strong>·</strong></span> <span class='ocrx_word' id='word_1_279' title='bbox 1229 3368 1329 3420; x_wconf 77' lang='grc' dir='ltr'>καὶ</span> <span class='ocrx_word' id='word_1_280' title='bbox 1374 3368 1505 3438; x_wconf 44' lang='grc' dir='ltr'>γὰρ,</span> <span class='ocrx_word' id='word_1_281' title='bbox 1527 3368 1965 3440; x_wconf 81' lang='grc' dir='ltr'>εἰδωλολάτρησα</span> 
     </span>
    </p>
   </div>
   <div class='ocr_carea' id='block_1_36' title="bbox 365 3454 1969 3533">
    <p class='ocr_par' dir='ltr' id='par_1_36' title="bbox 365 3454 1969 3533">
     <span class='ocr_line' id='line_1_36' title="bbox 365 3454 1969 3533; baseline 0.001 -20"><span class='ocrx_word' id='word_1_282' title='bbox 365 3461 507 3513; x_wconf 74' lang='grc' dir='ltr'>ἐκεῖ·</span> <span class='ocrx_word' id='word_1_283' title='bbox 528 3458 603 3530; x_wconf 82' lang='grc' dir='ltr'>μὴ</span> <span class='ocrx_word' id='word_1_284' title='bbox 620 3454 714 3513; x_wconf 82' lang='grc' dir='ltr'><strong>οὖν</strong></span> <span class='ocrx_word' id='word_1_285' title='bbox 725 3459 953 3512; x_wconf 75' lang='grc' dir='ltr'>ἐκείνων</span> <span class='ocrx_word' id='word_1_286' title='bbox 975 3458 1082 3511; x_wconf 87' lang='grc' dir='ltr'>τῶν</span> <span class='ocrx_word' id='word_1_287' title='bbox 1103 3459 1522 3531; x_wconf 84' lang='grc' dir='ltr'>ἁμαρτημάτων</span> <span class='ocrx_word' id='word_1_288' title='bbox 1543 3461 1809 3533; x_wconf 79' lang='grc' dir='ltr'>μνησθῇς,</span> <span class='ocrx_word' id='word_1_289' title='bbox 1830 3462 1969 3515; x_wconf 76' lang='grc' dir='ltr'>ἀλλὰ</span> 
     </span>
    </p>
   </div>
   <div class='ocr_carea' id='block_1_37' title="bbox 363 3545 1968 3623">
    <p class='ocr_par' dir='ltr' id='par_1_37' title="bbox 363 3545 1968 3623">
     <span class='ocr_line' id='line_1_37' title="bbox 363 3545 1968 3623; baseline 0.002 -19"><span class='ocrx_word' id='word_1_290' title='bbox 363 3550 471 3619; x_wconf 79' lang='grc' dir='ltr'>τῆς</span> <span class='ocrx_word' id='word_1_291' title='bbox 516 3553 616 3617; x_wconf 78' lang='grc' dir='ltr'>σῆς</span> <span class='ocrx_word' id='word_1_292' title='bbox 660 3549 1099 3622; x_wconf 83' lang='grc' dir='ltr'>φιλανθρωπίας,</span> <span class='ocrx_word' id='word_1_293' title='bbox 1133 3549 1200 3604; x_wconf 86' lang='grc' dir='ltr'><strong>δι’</strong></span> <span class='ocrx_word' id='word_1_294' title='bbox 1224 3545 1294 3623; x_wconf 87' lang='grc' dir='ltr'>ἦς</span> <span class='ocrx_word' id='word_1_295' title='bbox 1343 3553 1440 3605; x_wconf 73' lang='grc' dir='ltr'>καὶ</span> <span class='ocrx_word' id='word_1_296' title='bbox 1477 3552 1600 3605; x_wconf 86' lang='grc' dir='ltr'>τότε</span> <span class='ocrx_word' id='word_1_297' title='bbox 1635 3554 1968 3622; x_wconf 84' lang='grc' dir='ltr'>ἀγνοοῦντας</span> 
     </span>
    </p>
   </div>
   <div class='ocr_carea' id='block_1_38' title="bbox 367 3640 1966 3715">
    <p class='ocr_par' dir='ltr' id='par_1_38' title="bbox 367 3640 1966 3715">
     <span class='ocr_line' id='line_1_38' title="bbox 367 3640 1966 3715; baseline 0.003 -22"><span class='ocrx_word' id='word_1_298' title='bbox 367 3640 760 3713; x_wconf 80' lang='grc' dir='ltr'>φιλανθρωπίᾳ</span> <span class='ocrx_word' id='word_1_299' title='bbox 819 3641 1172 3713; x_wconf 84' lang='grc' dir='ltr'>χρησάμενος</span> <span class='ocrx_word' id='word_1_300' title='bbox 1216 3641 1506 3715; x_wconf 82' lang='grc' dir='ltr'>ὴλέησας.]</span> <span class='ocrx_word' id='word_1_301' title='bbox 1540 3662 1558 3694; x_wconf 76' lang='grc' dir='ltr'><strong>ι</strong></span> <span class='ocrx_word' id='word_1_302' title='bbox 1585 3644 1814 3697; x_wconf 89' lang='grc' dir='ltr'>Ἕνεκεν</span> <span class='ocrx_word' id='word_1_303' title='bbox 1866 3645 1966 3715; x_wconf 82' lang='grc' dir='ltr'>τῆς</span> 
     </span>
    </p>
   </div>
   <div class='ocr_carea' id='block_1_39' title="bbox 366 3737 1963 3812">
    <p class='ocr_par' dir='ltr' id='par_1_39' title="bbox 366 3737 1963 3812">
     <span class='ocr_line' id='line_1_39' title="bbox 366 3737 1963 3812; baseline 0.003 -22"><span class='ocrx_word' id='word_1_304' title='bbox 366 3738 744 3808; x_wconf 83' lang='grc' dir='ltr'>χρηστότητός</span> <span class='ocrx_word' id='word_1_305' title='bbox 768 3755 887 3803; x_wconf 86' lang='grc' dir='ltr'>σου,</span> <span class='ocrx_word' id='word_1_306' title='bbox 911 3737 1108 3810; x_wconf 85' lang='grc' dir='ltr'>Κύριε.</span> <span class='ocrx_word' id='word_1_307' title='bbox 1124 3757 1141 3790; x_wconf 70' lang='grc' dir='ltr'><strong>ι</strong></span> <span class='ocrx_word' id='word_1_308' title='bbox 1166 3740 1241 3793; x_wconf 86' lang='grc' dir='ltr'>υύ</span> <span class='ocrx_word' id='word_1_309' title='bbox 1265 3738 1375 3811; x_wconf 85' lang='grc' dir='ltr'><strong>γὰρ</strong></span> <span class='ocrx_word' id='word_1_310' title='bbox 1401 3739 1490 3793; x_wconf 81' lang='grc' dir='ltr'>διὰ</span> <span class='ocrx_word' id='word_1_311' title='bbox 1508 3739 1607 3812; x_wconf 85' lang='grc' dir='ltr'>τὴν</span> <span class='ocrx_word' id='word_1_312' title='bbox 1623 3740 1764 3812; x_wconf 84' lang='grc' dir='ltr'>ὲμὴν</span> <span class='ocrx_word' id='word_1_313' title='bbox 1780 3742 1963 3809; x_wconf 80' lang='grc' dir='ltr'>ἀξίαν,</span> 
     </span>
    </p>
   </div>
   <div class='ocr_carea' id='block_1_40' title="bbox 364 3812 1963 3906">
    <p class='ocr_par' dir='ltr' id='par_1_40' title="bbox 364 3812 1963 3906">
     <span class='ocr_line' id='line_1_40' title="bbox 364 3812 1963 3906; baseline 0.001 -20"><span class='ocrx_word' id='word_1_314' title='bbox 364 3831 513 3886; x_wconf 76' lang='grc' dir='ltr'><strong>ἀλλὰ</strong></span> <span class='ocrx_word' id='word_1_315' title='bbox 542 3831 631 3886; x_wconf 85' lang='grc' dir='ltr'>διὰ</span> <span class='ocrx_word' id='word_1_316' title='bbox 656 3812 761 3903; x_wconf 75' lang='grc' dir='ltr'><strong>¹τὴν</strong></span> <span class='ocrx_word' id='word_1_317' title='bbox 805 3832 905 3901; x_wconf 80' lang='grc' dir='ltr'>σὴν</span> <span class='ocrx_word' id='word_1_318' title='bbox 941 3831 1379 3903; x_wconf 80' lang='grc' dir='ltr'>φιλανθρωπίαν,</span> <span class='ocrx_word' id='word_1_319' title='bbox 1411 3833 1604 3887; x_wconf 84' lang='grc' dir='ltr'>τούτου</span> <span class='ocrx_word' id='word_1_320' title='bbox 1635 3837 1822 3906; x_wconf 86' lang='grc' dir='ltr'>τυχεῖν</span> <span class='ocrx_word' id='word_1_321' title='bbox 1853 3837 1963 3890; x_wconf 85' lang='grc' dir='ltr'>ἱκε-</span> 
     </span>
    </p>
   </div>
   <div class='ocr_carea' id='block_1_41' title="bbox 364 3939 538 3978">
    <p class='ocr_par' dir='ltr' id='par_1_41' title="bbox 364 3939 538 3978">
     <span class='ocr_line' id='line_1_41' title="bbox 364 3939 538 3978; baseline 0.017 -3"><span class='ocrx_word' id='word_1_322' title='bbox 364 3939 538 3978; x_wconf 85' lang='grc' dir='ltr'>τευω.</span> 
     </span>
    </p>
   </div>
   <div class='ocr_carea' id='block_1_42' title="bbox 443 4078 1956 4155">
    <p class='ocr_par' dir='ltr' id='par_1_42' title="bbox 443 4078 1956 4155">
     <span class='ocr_line' id='line_1_42' title="bbox 443 4078 1956 4155; baseline 0.031 -37"><span class='ocrx_word' id='word_1_323' title='bbox 443 4078 515 4150; x_wconf 68' lang='grc' dir='ltr'><strong>η’,</strong></span> <span class='ocrx_word' id='word_1_324' title='bbox 558 4099 577 4131; x_wconf 75' lang='lat'><strong>.</strong></span> <span class='ocrx_word' id='word_1_325' title='bbox 610 4081 863 4152; x_wconf 84' lang='grc' dir='ltr'>Χρηστδς</span> <span class='ocrx_word' id='word_1_326' title='bbox 894 4081 990 4135; x_wconf 71' lang='grc' dir='ltr'>καὶ</span> <span class='ocrx_word' id='word_1_327' title='bbox 1019 4080 1183 4144; x_wconf 79' lang='grc' dir='ltr'>εὐθὺς</span> <span class='ocrx_word' id='word_1_328' title='bbox 1223 4084 1252 4135; x_wconf 85' lang='grc' dir='ltr'>ὁ</span> <span class='ocrx_word' id='word_1_329' title='bbox 1280 4080 1507 4154; x_wconf 80' lang='grc' dir='ltr'>Κύριος.</span> <span class='ocrx_word' id='word_1_330' title='bbox 1548 4101 1567 4136; x_wconf 73' lang='grc' dir='ltr'><strong>ι</strong></span> <span class='ocrx_word' id='word_1_331' title='bbox 1598 4085 1712 4155; x_wconf 73' lang='grc' dir='ltr'><strong>οὐκ</strong></span> <span class='ocrx_word' id='word_1_332' title='bbox 1748 4086 1956 4152; x_wconf 69' lang='grc' dir='ltr'>ἀπλῶςν</span> 
     </span>
    </p>
   </div>
   <div class='ocr_carea' id='block_1_43' title="bbox 367 4171 1961 4245">
    <p class='ocr_par' dir='ltr' id='par_1_43' title="bbox 367 4171 1961 4245">
     <span class='ocr_line' id='line_1_43' title="bbox 367 4171 1961 4245; baseline 0.006 -23"><span class='ocrx_word' id='word_1_333' title='bbox 367 4172 528 4240; x_wconf 70' lang='grc' dir='ltr'>φησὶ,</span> <span class='ocrx_word' id='word_1_334' title='bbox 564 4171 776 4235; x_wconf 85' lang='grc' dir='ltr'>τούτοις</span> <span class='ocrx_word' id='word_1_335' title='bbox 811 4174 1138 4245; x_wconf 80' lang='grc' dir='ltr'>ἐχρησάμην</span> <span class='ocrx_word' id='word_1_336' title='bbox 1175 4176 1291 4237; x_wconf 82' lang='grc' dir='ltr'>τοῖς</span> <span class='ocrx_word' id='word_1_337' title='bbox 1322 4174 1524 4243; x_wconf 85' lang='grc' dir='ltr'>λόγοις,</span> <span class='ocrx_word' id='word_1_338' title='bbox 1556 4176 1672 4230; x_wconf 83' lang='grc' dir='ltr'><strong>ἀλλ’</strong></span> <span class='ocrx_word' id='word_1_339' title='bbox 1704 4177 1859 4243; x_wconf 75' lang='grc' dir='ltr'>εἰδὼς</span> <span class='ocrx_word' id='word_1_340' title='bbox 1884 4180 1961 4243; x_wconf 78' lang='grc' dir='ltr'>ὡς</span> 
     </span>
    </p>
   </div>
   <div class='ocr_carea' id='block_1_44' title="bbox 364 4263 1961 4341">
    <p class='ocr_par' dir='ltr' id='par_1_44' title="bbox 364 4263 1961 4341">
     <span class='ocr_line' id='line_1_44' title="bbox 364 4263 1961 4341; baseline 0.006 -25"><span class='ocrx_word' id='word_1_341' title='bbox 364 4265 433 4317; x_wconf 79' lang='grc' dir='ltr'>οὗ</span> <span class='ocrx_word' id='word_1_342' title='bbox 470 4263 633 4333; x_wconf 88' lang='grc' dir='ltr'>μόνον</span> <span class='ocrx_word' id='word_1_343' title='bbox 667 4265 899 4332; x_wconf 85' lang='grc' dir='ltr'>δίκαιος,</span> <span class='ocrx_word' id='word_1_344' title='bbox 950 4263 1089 4319; x_wconf 82' lang='grc' dir='ltr'>ἀλλὰ</span> <span class='ocrx_word' id='word_1_345' title='bbox 1128 4267 1225 4319; x_wconf 76' lang='grc' dir='ltr'>καὶ</span> <span class='ocrx_word' id='word_1_346' title='bbox 1285 4266 1672 4341; x_wconf 83' lang='grc' dir='ltr'>φιλάνθρωπος</span> <span class='ocrx_word' id='word_1_347' title='bbox 1703 4272 1731 4324; x_wconf 84' lang='grc' dir='ltr'>ὁ</span> <span class='ocrx_word' id='word_1_348' title='bbox 1756 4273 1961 4325; x_wconf 73' lang='grc' dir='ltr'>Δεσπό-</span> 
     </span>
    </p>
   </div>
   <div class='ocr_carea' id='block_1_45' title="bbox 363 4356 1958 4437">
    <p class='ocr_par' dir='ltr' id='par_1_45' title="bbox 363 4356 1958 4437">
     <span class='ocr_line' id='line_1_45' title="bbox 363 4356 1958 4437; baseline 0.008 -28"><span class='ocrx_word' id='word_1_349' title='bbox 363 4373 472 4425; x_wconf 88' lang='grc' dir='ltr'><strong>της</strong></span> <span class='ocrx_word' id='word_1_350' title='bbox 501 4356 568 4410; x_wconf 81' lang='grc'><strong>³⁸.</strong></span> <span class='ocrx_word' id='word_1_351' title='bbox 597 4356 772 4411; x_wconf 83' lang='grc' dir='ltr'>Τοῦτο</span> <span class='ocrx_word' id='word_1_352' title='bbox 796 4357 853 4411; x_wconf 81' lang='grc' dir='ltr'>δὲ</span> <span class='ocrx_word' id='word_1_353' title='bbox 886 4358 1166 4429; x_wconf 86' lang='grc' dir='ltr'>πανταχοῦ</span> <span class='ocrx_word' id='word_1_354' title='bbox 1194 4359 1343 4431; x_wconf 80' lang='grc' dir='ltr'>ἡμᾶς</span> <span class='ocrx_word' id='word_1_355' title='bbox 1364 4361 1397 4432; x_wconf 81' lang='grc' dir='ltr'><strong>ὴ</strong></span> <span class='ocrx_word' id='word_1_356' title='bbox 1419 4361 1539 4415; x_wconf 81' lang='grc' dir='ltr'>θεία</span> <span class='ocrx_word' id='word_1_357' title='bbox 1556 4362 1796 4418; x_wconf 87' lang='grc' dir='ltr'>διδάσκει</span> <span class='ocrx_word' id='word_1_358' title='bbox 1813 4366 1852 4418; x_wconf 85' lang='grc' dir='ltr'><strong>Γ</strong></span> <span class='ocrx_word' id='word_1_359' title='bbox 1857 4383 1958 4437; x_wconf 85' lang='grc' dir='ltr'>ρα-</span> 
     </span>
    </p>
   </div>
   <div class='ocr_carea' id='block_1_46' title="bbox 366 4444 1955 4527">
    <p class='ocr_par' dir='ltr' id='par_1_46' title="bbox 366 4444 1955 4527">
     <span class='ocr_line' id='line_1_46' title="bbox 366 4444 1955 4527; baseline 0.01 -32"><span class='ocrx_word' id='word_1_360' title='bbox 366 4447 469 4515; x_wconf 81' lang='grc' dir='ltr'><strong>φή.</strong></span> <span class='ocrx_word' id='word_1_361' title='bbox 504 4444 760 4499; x_wconf 86' lang='grc' dir='ltr'>Τοιοῦτόν</span> <span class='ocrx_word' id='word_1_362' title='bbox 792 4448 910 4500; x_wconf 73' lang='grc' dir='ltr'>ἑστι</span> <span class='ocrx_word' id='word_1_363' title='bbox 939 4449 1001 4500; x_wconf 87' lang='grc' dir='ltr'>τό</span> <span class='ocrx_word' id='word_1_364' title='bbox 1019 4463 1033 4478; x_wconf 74' lang='grc' dir='ltr'><strong>ο</strong></span> <span class='ocrx_word' id='word_1_365' title='bbox 1072 4449 1265 4503; x_wconf 80' lang='grc' dir='ltr'>Ἔλεον</span> <span class='ocrx_word' id='word_1_366' title='bbox 1292 4451 1387 4505; x_wconf 79' lang='grc' dir='ltr'>καὶ</span> <span class='ocrx_word' id='word_1_367' title='bbox 1416 4452 1599 4523; x_wconf 83' lang='grc' dir='ltr'>κρίσιν</span> <span class='ocrx_word' id='word_1_368' title='bbox 1618 4453 1825 4527; x_wconf 78' lang='grc' dir='ltr'>ᾄσομαι</span> <span class='ocrx_word' id='word_1_369' title='bbox 1852 4474 1955 4525; x_wconf 91' lang='grc' dir='ltr'>σοι,</span> 
     </span>
    </p>
   </div>
   <div class='ocr_carea' id='block_1_47' title="bbox 366 4530 1960 4618">
    <p class='ocr_par' dir='ltr' id='par_1_47' title="bbox 366 4530 1960 4618">
     <span class='ocr_line' id='line_1_47' title="bbox 366 4530 1960 4618; baseline 0.007 -27"><span class='ocrx_word' id='word_1_370' title='bbox 366 4535 565 4606; x_wconf 79' lang='grc' dir='ltr'>Κύριε.</span> <span class='ocrx_word' id='word_1_371' title='bbox 597 4556 618 4591; x_wconf 69' lang='grc' dir='ltr'><strong>ι</strong></span> <span class='ocrx_word' id='word_1_372' title='bbox 650 4538 761 4592; x_wconf 84' lang='grc' dir='ltr'><strong>Καί</strong></span> <span class='ocrx_word' id='word_1_373' title='bbox 790 4556 803 4568; x_wconf 91' lang='grc'><strong>·</strong></span> <span class='ocrx_word' id='word_1_374' title='bbox 845 4558 865 4592; x_wconf 75' lang='lat' dir='ltr'><strong>t</strong></span> <span class='ocrx_word' id='word_1_375' title='bbox 914 4530 1196 4613; x_wconf 77' lang='grc' dir='ltr'>Ἐλεήμων</span> <span class='ocrx_word' id='word_1_376' title='bbox 1229 4544 1325 4597; x_wconf 80' lang='grc' dir='ltr'>καὶ</span> <span class='ocrx_word' id='word_1_377' title='bbox 1367 4545 1673 4618; x_wconf 84' lang='grc' dir='ltr'>οίκτίρμων</span> <span class='ocrx_word' id='word_1_378' title='bbox 1702 4548 1747 4582; x_wconf 76' lang='grc'>³³</span> <span class='ocrx_word' id='word_1_379' title='bbox 1773 4551 1802 4603; x_wconf 85' lang='grc' dir='ltr'>ὁ</span> <span class='ocrx_word' id='word_1_380' title='bbox 1844 4548 1960 4604; x_wconf 81' lang='grc' dir='ltr'><strong>Κύ-</strong></span> 
     </span>
    </p>
   </div>
   <div class='ocr_carea' id='block_1_48' title="bbox 368 4628 1956 4709">
    <p class='ocr_par' dir='ltr' id='par_1_48' title="bbox 368 4628 1956 4709">
     <span class='ocr_line' id='line_1_48' title="bbox 368 4628 1956 4709; baseline 0.011 -31"><span class='ocrx_word' id='word_1_381' title='bbox 368 4643 508 4698; x_wconf 81' lang='grc' dir='ltr'>ριος,</span> <span class='ocrx_word' id='word_1_382' title='bbox 550 4631 647 4684; x_wconf 76' lang='grc' dir='ltr'>καὶ</span> <span class='ocrx_word' id='word_1_383' title='bbox 704 4628 937 4697; x_wconf 84' lang='grc' dir='ltr'>δίκαιος,</span> <span class='ocrx_word' id='word_1_384' title='bbox 975 4634 1069 4687; x_wconf 79' lang='grc' dir='ltr'>καὶ</span> <span class='ocrx_word' id='word_1_385' title='bbox 1094 4634 1123 4686; x_wconf 81' lang='grc' dir='ltr'>ὁ</span> <span class='ocrx_word' id='word_1_386' title='bbox 1171 4633 1306 4698; x_wconf 81' lang='grc' dir='ltr'>Θεὸς</span> <span class='ocrx_word' id='word_1_387' title='bbox 1335 4636 1492 4709; x_wconf 81' lang='grc' dir='ltr'>ἡμῶν</span> <span class='ocrx_word' id='word_1_388' title='bbox 1548 4638 1711 4696; x_wconf 74' lang='grc' dir='ltr'>ἐλεεῖ.</span> <span class='ocrx_word' id='word_1_389' title='bbox 1751 4659 1770 4693; x_wconf 75' lang='grc' dir='ltr'><strong>ι</strong></span> <span class='ocrx_word' id='word_1_390' title='bbox 1805 4642 1956 4696; x_wconf 78' lang='grc' dir='ltr'>Καίο</span> 
     </span>
    </p>
   </div>
   <div class='ocr_carea' id='block_1_49' title="bbox 369 4717 1958 4798">
    <p class='ocr_par' dir='ltr' id='par_1_49' title="bbox 369 4717 1958 4798">
     <span class='ocr_line' id='line_1_49' title="bbox 369 4717 1958 4798; baseline 0.009 -29"><span class='ocrx_word' id='word_1_391' title='bbox 369 4734 393 4769; x_wconf 76' lang='grc' dir='ltr'>ι</span> <span class='ocrx_word' id='word_1_392' title='bbox 435 4717 495 4770; x_wconf 84' lang='lat'><strong>&#39;0</strong></span> <span class='ocrx_word' id='word_1_393' title='bbox 520 4717 654 4782; x_wconf 82' lang='grc' dir='ltr'>Θεὸς</span> <span class='ocrx_word' id='word_1_394' title='bbox 684 4721 882 4792; x_wconf 83' lang='grc' dir='ltr'>κριτὴς</span> <span class='ocrx_word' id='word_1_395' title='bbox 912 4719 1143 4788; x_wconf 80' lang='grc' dir='ltr'>δίκαιος,</span> <span class='ocrx_word' id='word_1_396' title='bbox 1162 4723 1261 4776; x_wconf 73' lang='grc' dir='ltr'><strong>καὶ</strong></span> <span class='ocrx_word' id='word_1_397' title='bbox 1292 4725 1534 4795; x_wconf 79' lang='grc' dir='ltr'>ἰσχυρὸς,</span> <span class='ocrx_word' id='word_1_398' title='bbox 1555 4726 1648 4780; x_wconf 72' lang='grc' dir='ltr'>καὶ</span> <span class='ocrx_word' id='word_1_399' title='bbox 1678 4728 1958 4798; x_wconf 73' lang='grc' dir='ltr'>μακροθυ-</span> 
     </span>
    </p>
   </div>
   <div class='ocr_carea' id='block_1_50' title="bbox 368 4812 1952 4890">
    <p class='ocr_par' dir='ltr' id='par_1_50' title="bbox 368 4812 1952 4890">
     <span class='ocr_line' id='line_1_50' title="bbox 368 4812 1952 4890; baseline 0.004 -25"><span class='ocrx_word' id='word_1_400' title='bbox 368 4828 497 4884; x_wconf 90' lang='grc' dir='ltr'>μος,</span> <span class='ocrx_word' id='word_1_401' title='bbox 525 4813 622 4866; x_wconf 77' lang='grc' dir='ltr'>καὶ</span> <span class='ocrx_word' id='word_1_402' title='bbox 655 4812 730 4883; x_wconf 87' lang='grc' dir='ltr'><strong>μὴ</strong></span> <span class='ocrx_word' id='word_1_403' title='bbox 757 4812 928 4886; x_wconf 79' lang='grc' dir='ltr'>ὀργὴν</span> <span class='ocrx_word' id='word_1_404' title='bbox 957 4815 1182 4883; x_wconf 81' lang='grc' dir='ltr'>ἐπάγων</span> <span class='ocrx_word' id='word_1_405' title='bbox 1214 4816 1337 4871; x_wconf 85' lang='grc' dir='ltr'>καθ’</span> <span class='ocrx_word' id='word_1_406' title='bbox 1376 4816 1615 4888; x_wconf 76' lang='grc' dir='ltr'>ἑκάστην</span> <span class='ocrx_word' id='word_1_407' title='bbox 1658 4819 1892 4890; x_wconf 81' lang='grc' dir='ltr'>ἡμέραν.</span> <span class='ocrx_word' id='word_1_408' title='bbox 1932 4839 1952 4872; x_wconf 71' lang='grc' dir='ltr'><strong>ι</strong></span> 
     </span>
    </p>
   </div>
   <div class='ocr_carea' id='block_1_51' title="bbox 449 4906 1955 4985">
    <p class='ocr_par' dir='ltr' id='par_1_51' title="bbox 449 4906 1955 4985">
     <span class='ocr_line' id='line_1_51' title="bbox 449 4906 1955 4985; baseline 0.007 -27"><span class='ocrx_word' id='word_1_409' title='bbox 449 4923 468 4957; x_wconf 81' lang='lat' dir='ltr'><strong>t</strong></span> <span class='ocrx_word' id='word_1_410' title='bbox 497 4906 598 4959; x_wconf 75' lang='grc' dir='ltr'>Διὰ</span> <span class='ocrx_word' id='word_1_411' title='bbox 660 4906 820 4960; x_wconf 90' lang='grc' dir='ltr'>τοῦτο</span> <span class='ocrx_word' id='word_1_412' title='bbox 864 4909 1224 4980; x_wconf 82' lang='grc' dir='ltr'>νομοθετήσει</span> <span class='ocrx_word' id='word_1_413' title='bbox 1271 4909 1686 4982; x_wconf 87' lang='grc' dir='ltr'>ἁμαρτάνοντας</span> <span class='ocrx_word' id='word_1_414' title='bbox 1731 4913 1790 4967; x_wconf 84' lang='grc' dir='ltr'>ὲν</span> <span class='ocrx_word' id='word_1_415' title='bbox 1827 4913 1955 4985; x_wconf 81' lang='grc' dir='ltr'><strong>ὀδῷ.</strong></span> 
     </span>
    </p>
   </div>
   <div class='ocr_carea' id='block_1_52' title="bbox 367 4996 1955 5077">
    <p class='ocr_par' dir='ltr' id='par_1_52' title="bbox 367 4996 1955 5077">
     <span class='ocr_line' id='line_1_52' title="bbox 367 4996 1955 5077; baseline 0.006 -27"><span class='ocrx_word' id='word_1_416' title='bbox 367 4996 490 5070; x_wconf 60' lang='grc' dir='ltr'><strong>[θη]</strong></span> <span class='ocrx_word' id='word_1_417' title='bbox 532 4997 827 5069; x_wconf 82' lang='grc' dir='ltr'>Ὀδηγήσει</span> <span class='ocrx_word' id='word_1_418' title='bbox 888 5001 1086 5070; x_wconf 86' lang='grc' dir='ltr'>πραεῖς</span> <span class='ocrx_word' id='word_1_419' title='bbox 1125 5001 1184 5054; x_wconf 77' lang='grc' dir='ltr'>ἐν</span> <span class='ocrx_word' id='word_1_420' title='bbox 1244 5002 1427 5073; x_wconf 84' lang='grc' dir='ltr'>κρίσει</span> <span class='ocrx_word' id='word_1_421' title='bbox 1460 5002 1700 5069; x_wconf 78' lang='grc' dir='ltr'>,διδάξει</span> <span class='ocrx_word' id='word_1_422' title='bbox 1757 5010 1955 5077; x_wconf 89' lang='grc' dir='ltr'>πραεῖς</span> 
     </span>
    </p>
   </div>
   <div class='ocr_carea' id='block_1_53' title="bbox 363 5088 1960 5178">
    <p class='ocr_par' dir='ltr' id='par_1_53' title="bbox 363 5088 1960 5178">
     <span class='ocr_line' id='line_1_53' title="bbox 363 5088 1960 5178; baseline 0.004 -35"><span class='ocrx_word' id='word_1_423' title='bbox 363 5089 522 5153; x_wconf 71' lang='grc' dir='ltr'>ὀδοὺς</span> <span class='ocrx_word' id='word_1_424' title='bbox 543 5088 730 5145; x_wconf 72' lang='grc' dir='ltr'>αὑτοῦ.</span> <span class='ocrx_word' id='word_1_425' title='bbox 771 5104 790 5142; x_wconf 74' lang='grc' dir='ltr'><strong>ι</strong></span> <span class='ocrx_word' id='word_1_426' title='bbox 818 5090 998 5144; x_wconf 76' lang='grc' dir='ltr'>Τοῦτο</span> <span class='ocrx_word' id='word_1_427' title='bbox 1021 5091 1358 5163; x_wconf 74' lang='grc' dir='ltr'>σαφέστερον</span> <span class='ocrx_word' id='word_1_428' title='bbox 1384 5096 1413 5147; x_wconf 84' lang='grc' dir='ltr'>ὁ</span> <span class='ocrx_word' id='word_1_429' title='bbox 1444 5094 1745 5168; x_wconf 85' lang='grc' dir='ltr'>Σύμμαχος</span> <span class='ocrx_word' id='word_1_430' title='bbox 1774 5102 1960 5178; x_wconf 67' lang='grc' dir='ltr'>ἡρμή-</span> 
     </span>
    </p>
   </div>
   <div class='ocr_carea' id='block_1_54' title="bbox 364 5180 1953 5257">
    <p class='ocr_par' dir='ltr' id='par_1_54' title="bbox 364 5180 1953 5257">
     <span class='ocr_line' id='line_1_54' title="bbox 364 5180 1953 5257; baseline 0.009 -21"><span class='ocrx_word' id='word_1_431' title='bbox 364 5196 529 5236; x_wconf 87' lang='grc' dir='ltr'>νευσε</span> <span class='ocrx_word' id='word_1_432' title='bbox 550 5199 563 5213; x_wconf 74' lang='grc'><strong><em>⁸</em></strong></span> <span class='ocrx_word' id='word_1_433' title='bbox 597 5182 706 5237; x_wconf 83' lang='grc' dir='ltr'><strong>Διά</strong></span> <span class='ocrx_word' id='word_1_434' title='bbox 740 5182 919 5238; x_wconf 80' lang='grc' dir='ltr'>τοῦτο</span> <span class='ocrx_word' id='word_1_435' title='bbox 957 5180 1266 5250; x_wconf 62' lang='grc' dir='ltr'>ὑποδείξω</span> <span class='ocrx_word' id='word_1_436' title='bbox 1304 5181 1760 5257; x_wconf 76' lang='grc' dir='ltr'>ἁμαρτάνουσιν</span> <span class='ocrx_word' id='word_1_437' title='bbox 1788 5188 1953 5250; x_wconf 76' lang='grc' dir='ltr'>ὀδόν.</span> 
     </span>
    </p>
   </div>
   <div class='ocr_carea' id='block_1_55' title="bbox 441 5308 1951 5408">
    <p class='ocr_par' dir='ltr' id='par_1_55' title="bbox 441 5308 1951 5408">
     <span class='ocr_line' id='line_1_55' title="bbox 441 5308 1951 5408; baseline 0.01 -35"><span class='ocrx_word' id='word_1_438' title='bbox 441 5329 464 5360; x_wconf 77' lang='grc' dir='ltr'><strong>ο</strong></span> <span class='ocrx_word' id='word_1_439' title='bbox 496 5308 728 5389; x_wconf 53' lang='grc' dir='ltr'>Ρεςιιέο,</span> <span class='ocrx_word' id='word_1_440' title='bbox 776 5323 827 5377; x_wconf 82' lang='grc' dir='ltr'>ι.</span> <span class='ocrx_word' id='word_1_441' title='bbox 912 5318 1282 5391; x_wconf 70' lang='grc' dir='ltr'>ι-Ρετιι.οκιτ,</span> <span class='ocrx_word' id='word_1_442' title='bbox 1317 5324 1372 5382; x_wconf 81' lang='lat'><strong>5.</strong></span> <span class='ocrx_word' id='word_1_443' title='bbox 1444 5327 1661 5408; x_wconf 60' lang='lat' dir='ltr'><strong>flpsal.</strong></span> <span class='ocrx_word' id='word_1_444' title='bbox 1711 5345 1808 5400; x_wconf 77' lang='lat' dir='ltr'><strong>vn,</strong></span> <span class='ocrx_word' id='word_1_445' title='bbox 1865 5331 1951 5388; x_wconf 77' lang='lat' dir='ltr'><strong>ll.</strong></span> 
     </span>
    </p>
   </div>
   <div class='ocr_carea' id='block_1_56' title="bbox 2082 607 3657 689">
    <p class='ocr_par' dir='ltr' id='par_1_56' title="bbox 2082 607 3657 689">
     <span class='ocr_line' id='line_1_56' title="bbox 2082 607 3657 689; baseline 0.01 -27"><span class='ocrx_word' id='word_1_446' title='bbox 2082 607 2384 664; x_wconf 83' lang='lat' dir='ltr'><strong>sceleribus</strong></span> <span class='ocrx_word' id='word_1_447' title='bbox 2414 609 2549 681; x_wconf 84' lang='lat' dir='ltr'><strong>ipsis</strong></span> <span class='ocrx_word' id='word_1_448' title='bbox 2571 610 2937 682; x_wconf 75' lang='lat' dir='ltr'><strong>delectantur,</strong></span> <span class='ocrx_word' id='word_1_449' title='bbox 2968 614 3190 686; x_wconf 83' lang='lat' dir='ltr'><strong>aliaque</strong></span> <span class='ocrx_word' id='word_1_450' title='bbox 3219 619 3558 689; x_wconf 77' lang='lat' dir='ltr'><strong>excogitant.-</strong></span> <span class='ocrx_word' id='word_1_451' title='bbox 3626 652 3657 670; x_wconf 76' lang='grc' dir='ltr'><strong><em>σ</em></strong></span> 
     </span>
    </p>
   </div>
   <div class='ocr_carea' id='block_1_57' title="bbox 2159 871 3668 944">
    <p class='ocr_par' dir='ltr' id='par_1_57' title="bbox 2159 871 3668 944">
     <span class='ocr_line' id='line_1_57' title="bbox 2159 871 3668 944; baseline 0.007 -19"><span class='ocrx_word' id='word_1_452' title='bbox 2159 890 2179 925; x_wconf 75' lang='grc' dir='ltr'><strong>ι</strong></span> <span class='ocrx_word' id='word_1_453' title='bbox 2214 871 2343 928; x_wconf 89' lang='lat' dir='ltr'><strong>Vias</strong></span> <span class='ocrx_word' id='word_1_454' title='bbox 2372 878 2517 941; x_wconf 84' lang='lat' dir='ltr'><strong>tuas,-</strong></span> <span class='ocrx_word' id='word_1_455' title='bbox 2546 872 2795 940; x_wconf 86' lang='lat' dir='ltr'><strong>Domine,</strong></span> <span class='ocrx_word' id='word_1_456' title='bbox 2825 875 3144 932; x_wconf 86' lang='lat' dir='ltr'><strong>demonstra</strong></span> <span class='ocrx_word' id='word_1_457' title='bbox 3176 877 3334 944; x_wconf 89' lang='lat' dir='ltr'><strong>mihi,</strong></span> <span class='ocrx_word' id='word_1_458' title='bbox 3358 886 3412 934; x_wconf 87' lang='lat' dir='ltr'><strong>et</strong></span> <span class='ocrx_word' id='word_1_459' title='bbox 3440 880 3668 937; x_wconf 83' lang='lat' dir='ltr'><strong>semitas</strong></span> 
     </span>
    </p>
   </div>
   <div class='ocr_carea' id='block_1_58' title="bbox 2082 965 3671 1041">
    <p class='ocr_par' dir='ltr' id='par_1_58' title="bbox 2082 965 3671 1041">
     <span class='ocr_line' id='line_1_58' title="bbox 2082 965 3671 1041; baseline 0.004 -19"><span class='ocrx_word' id='word_1_460' title='bbox 2082 975 2206 1023; x_wconf 89' lang='lat' dir='ltr'><strong>tuas</strong></span> <span class='ocrx_word' id='word_1_461' title='bbox 2227 965 2398 1023; x_wconf 88' lang='lat' dir='ltr'><strong>edoce</strong></span> <span class='ocrx_word' id='word_1_462' title='bbox 2438 983 2546 1023; x_wconf 89' lang='lat' dir='ltr'><strong>me.</strong></span> <span class='ocrx_word' id='word_1_463' title='bbox 2581 967 2776 1041; x_wconf 72' lang='lat' dir='ltr'><strong>[Vt-ms.</strong></span> <span class='ocrx_word' id='word_1_464' title='bbox 2810 967 2909 1041; x_wconf 84' lang='lat'><strong>5.]</strong></span> <span class='ocrx_word' id='word_1_465' title='bbox 2945 968 3127 1039; x_wconf 74' lang='lat' dir='ltr'><strong>Dirige</strong></span> <span class='ocrx_word' id='word_1_466' title='bbox 3189 984 3277 1026; x_wconf 86' lang='lat' dir='ltr'><strong>me</strong></span> <span class='ocrx_word' id='word_1_467' title='bbox 3320 970 3375 1026; x_wconf 90' lang='lat' dir='ltr'><strong>in</strong></span> <span class='ocrx_word' id='word_1_468' title='bbox 3435 974 3671 1030; x_wconf 74' lang='lat' dir='ltr'><strong>veritate</strong></span> 
     </span>
    </p>
   </div>
   <div class='ocr_carea' id='block_1_59' title="bbox 2080 1060 3671 1132">
    <p class='ocr_par' dir='ltr' id='par_1_59' title="bbox 2080 1060 3671 1132">
     <span class='ocr_line' id='line_1_59' title="bbox 2080 1060 3671 1132; baseline 0.005 -18"><span class='ocrx_word' id='word_1_469' title='bbox 2080 1067 2196 1125; x_wconf 86' lang='lat' dir='ltr'><strong>tua,</strong></span> <span class='ocrx_word' id='word_1_470' title='bbox 2233 1068 2288 1116; x_wconf 88' lang='lat' dir='ltr'><strong>et</strong></span> <span class='ocrx_word' id='word_1_471' title='bbox 2320 1060 2456 1116; x_wconf 90' lang='lat' dir='ltr'><strong>doce</strong></span> <span class='ocrx_word' id='word_1_472' title='bbox 2486 1075 2596 1128; x_wconf 89' lang='lat' dir='ltr'><strong>me,</strong></span> <span class='ocrx_word' id='word_1_473' title='bbox 2615 1061 2747 1131; x_wconf 83' lang='lat' dir='ltr'><strong>quia</strong></span> <span class='ocrx_word' id='word_1_474' title='bbox 2777 1068 2837 1117; x_wconf 90' lang='lat' dir='ltr'><strong>tu</strong></span> <span class='ocrx_word' id='word_1_475' title='bbox 2862 1075 2922 1116; x_wconf 89' lang='lat' dir='ltr'><strong>es</strong></span> <span class='ocrx_word' id='word_1_476' title='bbox 2940 1060 3082 1118; x_wconf 87' lang='lat' dir='ltr'><strong>Deus</strong></span> <span class='ocrx_word' id='word_1_477' title='bbox 3108 1061 3364 1118; x_wconf 81' lang='lat' dir='ltr'><strong>Salvator</strong></span> <span class='ocrx_word' id='word_1_478' title='bbox 3399 1078 3577 1132; x_wconf 74' lang='lat' dir='ltr'><strong>meus,</strong></span> <span class='ocrx_word' id='word_1_479' title='bbox 3612 1075 3671 1122; x_wconf 82' lang='lat' dir='ltr'><strong>et</strong></span> 
     </span>
    </p>
   </div>
   <div class='ocr_carea' id='block_1_60' title="bbox 2082 1153 3670 1226">
    <p class='ocr_par' dir='ltr' id='par_1_60' title="bbox 2082 1153 3670 1226">
     <span class='ocr_line' id='line_1_60' title="bbox 2082 1153 3670 1226; baseline 0.004 -18"><span class='ocrx_word' id='word_1_480' title='bbox 2082 1164 2133 1208; x_wconf 89' lang='lat' dir='ltr'><strong>te</strong></span> <span class='ocrx_word' id='word_1_481' title='bbox 2169 1154 2479 1223; x_wconf 77' lang='lat' dir='ltr'><strong>exspectavi</strong></span> <span class='ocrx_word' id='word_1_482' title='bbox 2513 1163 2629 1209; x_wconf 91' lang='lat' dir='ltr'><strong>toto</strong></span> <span class='ocrx_word' id='word_1_483' title='bbox 2662 1153 2770 1210; x_wconf 91' lang='lat' dir='ltr'><strong>die.</strong></span> <span class='ocrx_word' id='word_1_484' title='bbox 2813 1173 2832 1207; x_wconf 82' lang='grc'>›</span> <span class='ocrx_word' id='word_1_485' title='bbox 2878 1153 2991 1226; x_wconf 81' lang='lat' dir='ltr'><strong>Ego</strong></span> <span class='ocrx_word' id='word_1_486' title='bbox 3015 1164 3197 1211; x_wconf 88' lang='lat' dir='ltr'><strong>autem</strong></span> <span class='ocrx_word' id='word_1_487' title='bbox 3231 1157 3284 1210; x_wconf 90' lang='lat' dir='ltr'><strong>in</strong></span> <span class='ocrx_word' id='word_1_488' title='bbox 3322 1158 3514 1226; x_wconf 81' lang='lat' dir='ltr'><strong>primis</strong></span> <span class='ocrx_word' id='word_1_489' title='bbox 3546 1168 3670 1215; x_wconf 85' lang='lat' dir='ltr'><strong>tuas</strong></span> 
     </span>
    </p>
   </div>
   <div class='ocr_carea' id='block_1_61' title="bbox 2077 1244 3671 1324">
    <p class='ocr_par' dir='ltr' id='par_1_61' title="bbox 2077 1244 3671 1324">
     <span class='ocr_line' id='line_1_61' title="bbox 2077 1244 3671 1324; baseline 0.006 -26"><span class='ocrx_word' id='word_1_490' title='bbox 2077 1244 2198 1301; x_wconf 68' lang='lat' dir='ltr'><strong>vias</strong></span> <span class='ocrx_word' id='word_1_491' title='bbox 2238 1252 2301 1300; x_wconf 88' lang='lat' dir='ltr'><strong>ut</strong></span> <span class='ocrx_word' id='word_1_492' title='bbox 2329 1261 2624 1315; x_wconf 83' lang='lat' dir='ltr'><strong>agnoscam</strong></span> <span class='ocrx_word' id='word_1_493' title='bbox 2659 1247 2908 1314; x_wconf 84' lang='lat' dir='ltr'><strong>obsecro,</strong></span> <span class='ocrx_word' id='word_1_494' title='bbox 2952 1256 3007 1303; x_wconf 92' lang='lat' dir='ltr'><strong>et</strong></span> <span class='ocrx_word' id='word_1_495' title='bbox 3037 1250 3263 1306; x_wconf 85' lang='lat' dir='ltr'><strong>semitas</strong></span> <span class='ocrx_word' id='word_1_496' title='bbox 3291 1251 3518 1316; x_wconf 85' lang='lat' dir='ltr'><strong>discam,</strong></span> <span class='ocrx_word' id='word_1_497' title='bbox 3546 1270 3671 1324; x_wconf 72' lang='lat' dir='ltr'><strong>qua:</strong></span> 
     </span>
    </p>
   </div>
   <div class='ocr_carea' id='block_1_62' title="bbox 2079 1337 3667 1423">
    <p class='ocr_par' dir='ltr' id='par_1_62' title="bbox 2079 1337 3667 1423">
     <span class='ocr_line' id='line_1_62' title="bbox 2079 1337 3667 1423; baseline 0.006 -32"><span class='ocrx_word' id='word_1_498' title='bbox 2079 1337 2146 1392; x_wconf 90' lang='lat' dir='ltr'><strong>ad</strong></span> <span class='ocrx_word' id='word_1_499' title='bbox 2180 1344 2232 1392; x_wconf 88' lang='lat' dir='ltr'><strong>te</strong></span> <span class='ocrx_word' id='word_1_500' title='bbox 2264 1337 2495 1406; x_wconf 86' lang='lat' dir='ltr'><strong>ducunt,</strong></span> <span class='ocrx_word' id='word_1_501' title='bbox 2530 1347 2590 1393; x_wconf 87' lang='lat' dir='ltr'><strong>ut</strong></span> <span class='ocrx_word' id='word_1_502' title='bbox 2616 1353 2837 1410; x_wconf 82' lang='lat' dir='ltr'><strong>semper</strong></span> <span class='ocrx_word' id='word_1_503' title='bbox 2861 1346 3011 1395; x_wconf 90' lang='lat' dir='ltr'><strong>tuam</strong></span> <span class='ocrx_word' id='word_1_504' title='bbox 3044 1351 3248 1396; x_wconf 84' lang='lat' dir='ltr'><strong>certam</strong></span> <span class='ocrx_word' id='word_1_505' title='bbox 3282 1352 3447 1413; x_wconf 84' lang='lat' dir='ltr'><strong>atque</strong></span> <span class='ocrx_word' id='word_1_506' title='bbox 3481 1354 3667 1423; x_wconf 68' lang='lat' dir='ltr'><strong>veram</strong></span> 
     </span>
    </p>
   </div>
   <div class='ocr_carea' id='block_1_63' title="bbox 2082 1429 3669 1505">
    <p class='ocr_par' dir='ltr' id='par_1_63' title="bbox 2082 1429 3669 1505">
     <span class='ocr_line' id='line_1_63' title="bbox 2082 1429 3669 1505; baseline 0.006 -20"><span class='ocrx_word' id='word_1_507' title='bbox 2082 1430 2227 1485; x_wconf 80' lang='lat' dir='ltr'><strong>viam</strong></span> <span class='ocrx_word' id='word_1_508' title='bbox 2269 1439 2505 1485; x_wconf 83' lang='lat' dir='ltr'><strong>teneam.</strong></span> <span class='ocrx_word' id='word_1_509' title='bbox 2556 1429 2763 1487; x_wconf 85' lang='lat' dir='ltr'><strong>Deinde</strong></span> <span class='ocrx_word' id='word_1_510' title='bbox 2792 1446 2988 1503; x_wconf 84' lang='lat' dir='ltr'><strong>precor</strong></span> <span class='ocrx_word' id='word_1_511' title='bbox 3015 1443 3089 1497; x_wconf 87' lang='lat' dir='ltr'><strong>te,</strong></span> <span class='ocrx_word' id='word_1_512' title='bbox 3121 1441 3183 1488; x_wconf 89' lang='lat' dir='ltr'><strong>ut</strong></span> <span class='ocrx_word' id='word_1_513' title='bbox 3222 1449 3282 1490; x_wconf 91' lang='lat' dir='ltr'><strong>re</strong></span> <span class='ocrx_word' id='word_1_514' title='bbox 3309 1435 3430 1505; x_wconf 86' lang='lat' dir='ltr'><strong>ipsa</strong></span> <span class='ocrx_word' id='word_1_515' title='bbox 3460 1432 3669 1494; x_wconf 85' lang='lat' dir='ltr'><strong>discam</strong></span> 
     </span>
    </p>
   </div>
   <div class='ocr_carea' id='block_1_64' title="bbox 2078 1522 3670 1587">
    <p class='ocr_par' dir='ltr' id='par_1_64' title="bbox 2078 1522 3670 1587">
     <span class='ocr_line' id='line_1_64' title="bbox 2078 1522 3670 1587; baseline 0.005 -9"><span class='ocrx_word' id='word_1_516' title='bbox 2078 1532 2131 1579; x_wconf 91' lang='lat' dir='ltr'><strong>te</strong></span> <span class='ocrx_word' id='word_1_517' title='bbox 2162 1538 2346 1579; x_wconf 88' lang='lat' dir='ltr'><strong>meum</strong></span> <span class='ocrx_word' id='word_1_518' title='bbox 2410 1522 2751 1581; x_wconf 82' lang='lat' dir='ltr'><strong>Salvatorem</strong></span> <span class='ocrx_word' id='word_1_519' title='bbox 2787 1541 2910 1582; x_wconf 87' lang='lat' dir='ltr'><strong>esse</strong></span> <span class='ocrx_word' id='word_1_520' title='bbox 2939 1544 2955 1583; x_wconf 95' lang='lat'><strong>:</strong></span> <span class='ocrx_word' id='word_1_521' title='bbox 2985 1534 3139 1582; x_wconf 88' lang='lat' dir='ltr'><strong>tuam</strong></span> <span class='ocrx_word' id='word_1_522' title='bbox 3170 1527 3319 1583; x_wconf 88' lang='lat' dir='ltr'><strong>enim</strong></span> <span class='ocrx_word' id='word_1_523' title='bbox 3353 1529 3670 1587; x_wconf 87' lang='lat' dir='ltr'><strong>misericor-</strong></span> 
     </span>
    </p>
   </div>
   <div class='ocr_carea' id='block_1_65' title="bbox 2078 1615 3672 1692">
    <p class='ocr_par' dir='ltr' id='par_1_65' title="bbox 2078 1615 3672 1692">
     <span class='ocr_line' id='line_1_65' title="bbox 2078 1615 3672 1692; baseline 0.004 -21"><span class='ocrx_word' id='word_1_524' title='bbox 2078 1615 2225 1671; x_wconf 88' lang='lat' dir='ltr'><strong>diam</strong></span> <span class='ocrx_word' id='word_1_525' title='bbox 2285 1631 2506 1687; x_wconf 87' lang='lat' dir='ltr'><strong>sempcr</strong></span> <span class='ocrx_word' id='word_1_526' title='bbox 2559 1625 2841 1688; x_wconf 81' lang='lat' dir='ltr'><strong>exspecto.</strong></span> <span class='ocrx_word' id='word_1_527' title='bbox 2901 1617 3040 1674; x_wconf 87' lang='lat' dir='ltr'><strong>Illud</strong></span> <span class='ocrx_word' id='word_1_528' title='bbox 3089 1620 3236 1675; x_wconf 91' lang='lat' dir='ltr'><strong>enim</strong></span> <span class='ocrx_word' id='word_1_529' title='bbox 3270 1627 3380 1674; x_wconf 83' lang='lat' dir='ltr'><strong>toto</strong></span> <span class='ocrx_word' id='word_1_530' title='bbox 3420 1620 3529 1682; x_wconf 82' lang='lat' dir='ltr'><strong>die.</strong></span> <span class='ocrx_word' id='word_1_531' title='bbox 3569 1638 3672 1692; x_wconf 89' lang='lat' dir='ltr'><strong>pro</strong></span> 
     </span>
    </p>
   </div>
   <div class='ocr_carea' id='block_1_66' title="bbox 2076 1708 3672 1782">
    <p class='ocr_par' dir='ltr' id='par_1_66' title="bbox 2076 1708 3672 1782">
     <span class='ocr_line' id='line_1_66' title="bbox 2076 1708 3672 1782; baseline 0.006 -20"><span class='ocrx_word' id='word_1_532' title='bbox 2076 1718 2279 1777; x_wconf 61' lang='lat' dir='ltr'><strong>anuper</strong></span> <span class='ocrx_word' id='word_1_533' title='bbox 2303 1708 2488 1779; x_wconf 80' lang='lat' dir='ltr'><strong>posuit</strong></span> <span class='ocrx_word' id='word_1_534' title='bbox 2512 1726 2527 1764; x_wconf 90' lang='lat'><strong>:</strong></span> <span class='ocrx_word' id='word_1_535' title='bbox 2550 1717 2607 1765; x_wconf 91' lang='lat' dir='ltr'><strong>et</strong></span> <span class='ocrx_word' id='word_1_536' title='bbox 2620 1708 2819 1766; x_wconf 86' lang='lat' dir='ltr'><strong>docere</strong></span> <span class='ocrx_word' id='word_1_537' title='bbox 2834 1708 3001 1782; x_wconf 71' lang='lat'><strong>758</strong></span> <span class='ocrx_word' id='word_1_538' title='bbox 3019 1711 3135 1768; x_wconf 74' lang='lat' dir='ltr'><strong>vult</strong></span> <span class='ocrx_word' id='word_1_539' title='bbox 3175 1726 3236 1767; x_wconf 88' lang='lat' dir='ltr'><strong>se</strong></span> <span class='ocrx_word' id='word_1_540' title='bbox 3254 1727 3363 1767; x_wconf 90' lang='lat' dir='ltr'><strong>non</strong></span> <span class='ocrx_word' id='word_1_541' title='bbox 3381 1713 3489 1770; x_wconf 86' lang='lat' dir='ltr'><strong>hoc</strong></span> <span class='ocrx_word' id='word_1_542' title='bbox 3505 1715 3672 1772; x_wconf 91' lang='lat' dir='ltr'><strong>modo</strong></span> 
     </span>
    </p>
   </div>
   <div class='ocr_carea' id='block_1_67' title="bbox 2078 1800 3273 1875">
    <p class='ocr_par' dir='ltr' id='par_1_67' title="bbox 2078 1800 3273 1875">
     <span class='ocr_line' id='line_1_67' title="bbox 2078 1800 3273 1875; baseline 0.004 -19"><span class='ocrx_word' id='word_1_543' title='bbox 2078 1814 2276 1871; x_wconf 82' lang='lat' dir='ltr'><strong>capere</strong></span> <span class='ocrx_word' id='word_1_544' title='bbox 2306 1800 2626 1870; x_wconf 84' lang='lat' dir='ltr'><strong>consilium,</strong></span> <span class='ocrx_word' id='word_1_545' title='bbox 2664 1801 2829 1859; x_wconf 90' lang='lat' dir='ltr'><strong>modo</strong></span> <span class='ocrx_word' id='word_1_546' title='bbox 2854 1803 3004 1859; x_wconf 84' lang='lat' dir='ltr'><strong>aliud</strong></span> <span class='ocrx_word' id='word_1_547' title='bbox 3030 1818 3130 1875; x_wconf 88' lang='lat' dir='ltr'><strong>pro</strong></span> <span class='ocrx_word' id='word_1_548' title='bbox 3159 1805 3273 1861; x_wconf 90' lang='lat' dir='ltr'><strong>illo.</strong></span> 
     </span>
    </p>
   </div>
   <div class='ocr_carea' id='block_1_68' title="bbox 2142 2062 3664 2138">
    <p class='ocr_par' dir='ltr' id='par_1_68' title="bbox 2142 2062 3664 2138">
     <span class='ocr_line' id='line_1_68' title="bbox 2142 2062 3664 2138; baseline 0.011 -19"><span class='ocrx_word' id='word_1_549' title='bbox 2142 2062 2311 2121; x_wconf 75' lang='lat' dir='ltr'><strong>Vsus.</strong></span> <span class='ocrx_word' id='word_1_550' title='bbox 2345 2064 2468 2133; x_wconf 84' lang='lat'><strong>6,7.</strong></span> <span class='ocrx_word' id='word_1_551' title='bbox 2508 2084 2529 2118; x_wconf 69' lang='grc' dir='ltr'><strong>ε</strong></span> <span class='ocrx_word' id='word_1_552' title='bbox 2561 2065 2935 2126; x_wconf 80' lang='lat' dir='ltr'><strong>Reminiscere</strong></span> <span class='ocrx_word' id='word_1_553' title='bbox 2961 2071 3378 2129; x_wconf 86' lang='lat' dir='ltr'><strong>miserationum</strong></span> <span class='ocrx_word' id='word_1_554' title='bbox 3418 2083 3664 2138; x_wconf 84' lang='lat' dir='ltr'><strong>tuarum.</strong></span> 
     </span>
    </p>
   </div>
   <div class='ocr_carea' id='block_1_69' title="bbox 2069 2155 3664 2239">
    <p class='ocr_par' dir='ltr' id='par_1_69' title="bbox 2069 2155 3664 2239">
     <span class='ocr_line' id='line_1_69' title="bbox 2069 2155 3664 2239; baseline 0.01 -29"><span class='ocrx_word' id='word_1_555' title='bbox 2069 2155 2322 2225; x_wconf 85' lang='lat' dir='ltr'><strong>Domine,</strong></span> <span class='ocrx_word' id='word_1_556' title='bbox 2360 2166 2417 2213; x_wconf 87' lang='lat' dir='ltr'><strong>et</strong></span> <span class='ocrx_word' id='word_1_557' title='bbox 2445 2158 2955 2217; x_wconf 85' lang='lat' dir='ltr'><strong>misericordiarum</strong></span> <span class='ocrx_word' id='word_1_558' title='bbox 2982 2172 3222 2233; x_wconf 86' lang='lat' dir='ltr'><strong>tuarum,</strong></span> <span class='ocrx_word' id='word_1_559' title='bbox 3252 2167 3453 2238; x_wconf 84' lang='lat' dir='ltr'><strong>quippe</strong></span> <span class='ocrx_word' id='word_1_560' title='bbox 3479 2185 3600 2239; x_wconf 71' lang='lat' dir='ltr'><strong>qua‘</strong></span> <span class='ocrx_word' id='word_1_561' title='bbox 3632 2186 3664 2226; x_wconf 89' lang='lat' dir='ltr'><strong>a</strong></span> 
     </span>
    </p>
   </div>
   <div class='ocr_carea' id='block_1_70' title="bbox 2070 2250 3665 2331">
    <p class='ocr_par' dir='ltr' id='par_1_70' title="bbox 2070 2250 3665 2331">
     <span class='ocr_line' id='line_1_70' title="bbox 2070 2250 3665 2331; baseline 0.008 -25"><span class='ocrx_word' id='word_1_562' title='bbox 2070 2250 2274 2307; x_wconf 69' lang='lat' dir='ltr'><strong>saeculo</strong></span> <span class='ocrx_word' id='word_1_563' title='bbox 2293 2260 2443 2308; x_wconf 89' lang='lat' dir='ltr'><strong>sunt.</strong></span> <span class='ocrx_word' id='word_1_564' title='bbox 2477 2251 2694 2308; x_wconf 89' lang='lat' dir='ltr'><strong>Peccati</strong></span> <span class='ocrx_word' id='word_1_565' title='bbox 2730 2252 3039 2323; x_wconf 81' lang='lat' dir='ltr'><strong>juventutis</strong></span> <span class='ocrx_word' id='word_1_566' title='bbox 3072 2272 3229 2323; x_wconf 71' lang='lat' dir='ltr'><strong>meae,</strong></span> <span class='ocrx_word' id='word_1_567' title='bbox 3255 2268 3312 2314; x_wconf 90' lang='lat' dir='ltr'><strong>et</strong></span> <span class='ocrx_word' id='word_1_568' title='bbox 3338 2260 3665 2331; x_wconf 71' lang='lat' dir='ltr'><strong>ignorantiae</strong></span> 
     </span>
    </p>
   </div>
   <div class='ocr_carea' id='block_1_71' title="bbox 3692 800 3719 844">
    <p class='ocr_par' dir='ltr' id='par_1_71' title="bbox 3692 800 3719 844">
     <span class='ocr_line' id='line_1_71' title="bbox 3692 800 3719 844; baseline 0 0"><span class='ocrx_word' id='word_1_569' title='bbox 3692 800 3719 844; x_wconf 72' lang='grc' dir='ltr'><strong>ε</strong></span> 
     </span>
    </p>
   </div>
   <div class='ocr_carea' id='block_1_72' title="bbox 2072 2343 3765 2413">
    <p class='ocr_par' dir='ltr' id='par_1_72' title="bbox 2072 2343 3765 2413">
     <span class='ocr_line' id='line_1_72' title="bbox 2072 2343 3765 2413; baseline 0.009 -17"><span class='ocrx_word' id='word_1_570' title='bbox 2072 2356 2206 2398; x_wconf 62' lang='lat' dir='ltr'><strong>mea;</strong></span> <span class='ocrx_word' id='word_1_571' title='bbox 2228 2357 2297 2398; x_wconf 90' lang='lat' dir='ltr'><strong>ne</strong></span> <span class='ocrx_word' id='word_1_572' title='bbox 2330 2343 2670 2410; x_wconf 88' lang='lat' dir='ltr'><strong>memineris,</strong></span> <span class='ocrx_word' id='word_1_573' title='bbox 2696 2344 2951 2413; x_wconf 89' lang='lat' dir='ltr'><strong>Domine,</strong></span> <span class='ocrx_word' id='word_1_574' title='bbox 3008 2350 3309 2406; x_wconf 87' lang='lat' dir='ltr'><strong>secundum</strong></span> <span class='ocrx_word' id='word_1_575' title='bbox 3342 2353 3666 2410; x_wconf 85' lang='lat' dir='ltr'><strong>misericor-</strong></span> <span class='ocrx_word' id='word_1_576' title='bbox 3762 2368 3765 2371; x_wconf 87' lang='lat'>&#39;</span> 
     </span>
    </p>
   </div>
   <div class='ocr_carea' id='block_1_73' title="bbox 2069 2434 3664 2517">
    <p class='ocr_par' dir='ltr' id='par_1_73' title="bbox 2069 2434 3664 2517">
     <span class='ocr_line' id='line_1_73' title="bbox 2069 2434 3664 2517; baseline 0.008 -29"><span class='ocrx_word' id='word_1_577' title='bbox 2069 2434 2214 2489; x_wconf 87' lang='lat' dir='ltr'><strong>diam</strong></span> <span class='ocrx_word' id='word_1_578' title='bbox 2251 2444 2398 2490; x_wconf 89' lang='lat' dir='ltr'><strong>tuam</strong></span> <span class='ocrx_word' id='word_1_579' title='bbox 2440 2446 2716 2493; x_wconf 89' lang='lat' dir='ltr'><strong>memento</strong></span> <span class='ocrx_word' id='word_1_580' title='bbox 2749 2440 2879 2495; x_wconf 90' lang='lat' dir='ltr'><strong>mei.</strong></span> <span class='ocrx_word' id='word_1_581' title='bbox 2916 2459 2935 2492; x_wconf 73' lang='grc' dir='ltr'><strong><em>ι</em></strong></span> <span class='ocrx_word' id='word_1_582' title='bbox 2979 2439 3285 2509; x_wconf 87' lang='lat' dir='ltr'><strong>Mansuete,</strong></span> <span class='ocrx_word' id='word_1_583' title='bbox 3308 2444 3408 2509; x_wconf 90' lang='lat' dir='ltr'><strong>ait,</strong></span> <span class='ocrx_word' id='word_1_584' title='bbox 3441 2460 3664 2517; x_wconf 87' lang='lat' dir='ltr'><strong>semper</strong></span> 
     </span>
    </p>
   </div>
   <div class='ocr_carea' id='block_1_74' title="bbox 2068 2528 3666 2603">
    <p class='ocr_par' dir='ltr' id='par_1_74' title="bbox 2068 2528 3666 2603">
     <span class='ocr_line' id='line_1_74' title="bbox 2068 2528 3666 2603; baseline 0.01 -23"><span class='ocrx_word' id='word_1_585' title='bbox 2068 2535 2234 2597; x_wconf 87' lang='lat' dir='ltr'><strong>atque</strong></span> <span class='ocrx_word' id='word_1_586' title='bbox 2284 2528 2520 2600; x_wconf 81' lang='lat' dir='ltr'><strong>benigne</strong></span> <span class='ocrx_word' id='word_1_587' title='bbox 2573 2530 2825 2587; x_wconf 86' lang='lat' dir='ltr'><strong>homines</strong></span> <span class='ocrx_word' id='word_1_588' title='bbox 2877 2533 3178 2603; x_wconf 78' lang='lat' dir='ltr'><strong>gubernas.</strong></span> <span class='ocrx_word' id='word_1_589' title='bbox 3227 2534 3381 2594; x_wconf 86' lang='lat' dir='ltr'><strong>Hanc</strong></span> <span class='ocrx_word' id='word_1_590' title='bbox 3413 2548 3473 2594; x_wconf 90' lang='lat' dir='ltr'><strong>ut</strong></span> <span class='ocrx_word' id='word_1_591' title='bbox 3514 2555 3666 2596; x_wconf 90' lang='lat' dir='ltr'><strong>nunc</strong></span> 
     </span>
    </p>
   </div>
   <div class='ocr_carea' id='block_1_75' title="bbox 2068 2620 3664 2698">
    <p class='ocr_par' dir='ltr' id='par_1_75' title="bbox 2068 2620 3664 2698">
     <span class='ocr_line' id='line_1_75' title="bbox 2068 2620 3664 2698; baseline 0.009 -25"><span class='ocrx_word' id='word_1_592' title='bbox 2068 2634 2292 2690; x_wconf 90' lang='lat' dir='ltr'><strong>quoque</strong></span> <span class='ocrx_word' id='word_1_593' title='bbox 2320 2620 2572 2687; x_wconf 82' lang='lat' dir='ltr'><strong>experiar</strong></span> <span class='ocrx_word' id='word_1_594' title='bbox 2602 2622 2901 2678; x_wconf 89' lang='lat' dir='ltr'><strong>bonitatem</strong></span> <span class='ocrx_word' id='word_1_595' title='bbox 2923 2640 3141 2695; x_wconf 80' lang='lat' dir='ltr'><strong>precor,</strong></span> <span class='ocrx_word' id='word_1_596' title='bbox 3175 2639 3344 2698; x_wconf 89' lang='lat' dir='ltr'><strong>utque</strong></span> <span class='ocrx_word' id='word_1_597' title='bbox 3373 2639 3480 2686; x_wconf 58' lang='lat' dir='ltr'><strong>tua:</strong></span> <span class='ocrx_word' id='word_1_598' title='bbox 3506 2631 3664 2687; x_wconf 70' lang='lat' dir='ltr'><strong>beni~</strong></span> 
     </span>
    </p>
   </div>
   <div class='ocr_carea' id='block_1_76' title="bbox 2068 2711 3663 2789">
    <p class='ocr_par' dir='ltr' id='par_1_76' title="bbox 2068 2711 3663 2789">
     <span class='ocr_line' id='line_1_76' title="bbox 2068 2711 3663 2789; baseline 0.01 -24"><span class='ocrx_word' id='word_1_599' title='bbox 2068 2711 2314 2782; x_wconf 76' lang='lat' dir='ltr'><strong>gnitatis,</strong></span> <span class='ocrx_word' id='word_1_600' title='bbox 2365 2728 2475 2767; x_wconf 92' lang='lat' dir='ltr'><strong>non</strong></span> <span class='ocrx_word' id='word_1_601' title='bbox 2511 2722 2694 2770; x_wconf 88' lang='lat' dir='ltr'><strong>autem</strong></span> <span class='ocrx_word' id='word_1_602' title='bbox 2728 2731 2974 2772; x_wconf 85' lang='lat' dir='ltr'><strong>meorum</strong></span> <span class='ocrx_word' id='word_1_603' title='bbox 3008 2729 3359 2789; x_wconf 83' lang='lat' dir='ltr'><strong>peccatorum</strong></span> <span class='ocrx_word' id='word_1_604' title='bbox 3397 2727 3663 2782; x_wconf 88' lang='lat' dir='ltr'><strong>memine-</strong></span> 
     </span>
    </p>
   </div>
   <div class='ocr_carea' id='block_1_77' title="bbox 2068 2803 3662 2878">
    <p class='ocr_par' dir='ltr' id='par_1_77' title="bbox 2068 2803 3662 2878">
     <span class='ocr_line' id='line_1_77' title="bbox 2068 2803 3662 2878; baseline 0.011 -20"><span class='ocrx_word' id='word_1_605' title='bbox 2068 2803 2168 2859; x_wconf 89' lang='lat' dir='ltr'><strong>ris.</strong></span> <span class='ocrx_word' id='word_1_606' title='bbox 2212 2803 2280 2858; x_wconf 87' lang='lat' dir='ltr'><strong>Et</strong></span> <span class='ocrx_word' id='word_1_607' title='bbox 2307 2804 2439 2860; x_wconf 90' lang='lat' dir='ltr'><strong>dum</strong></span> <span class='ocrx_word' id='word_1_608' title='bbox 2484 2806 2591 2861; x_wconf 87' lang='lat' dir='ltr'><strong>mei</strong></span> <span class='ocrx_word' id='word_1_609' title='bbox 2625 2809 2954 2876; x_wconf 87' lang='lat' dir='ltr'><strong>recordaris,</strong></span> <span class='ocrx_word' id='word_1_610' title='bbox 2981 2825 3015 2865; x_wconf 90' lang='grc' dir='ltr'><strong>ο</strong></span> <span class='ocrx_word' id='word_1_611' title='bbox 3050 2810 3297 2878; x_wconf 89' lang='lat' dir='ltr'><strong>Domine,</strong></span> <span class='ocrx_word' id='word_1_612' title='bbox 3340 2816 3662 2875; x_wconf 87' lang='lat' dir='ltr'><strong>misericors</strong></span> 
     </span>
    </p>
   </div>
   <div class='ocr_carea' id='block_1_78' title="bbox 2070 2893 3661 2981">
    <p class='ocr_par' dir='ltr' id='par_1_78' title="bbox 2070 2893 3661 2981">
     <span class='ocr_line' id='line_1_78' title="bbox 2070 2893 3661 2981; baseline 0.012 -32"><span class='ocrx_word' id='word_1_613' title='bbox 2070 2893 2335 2953; x_wconf 86' lang='lat' dir='ltr'><strong>adversus</strong></span> <span class='ocrx_word' id='word_1_614' title='bbox 2374 2912 2461 2953; x_wconf 89' lang='lat' dir='ltr'><strong>me</strong></span> <span class='ocrx_word' id='word_1_615' title='bbox 2495 2899 2595 2964; x_wconf 88' lang='lat' dir='ltr'><strong>sis,</strong></span> <span class='ocrx_word' id='word_1_616' title='bbox 2627 2915 2736 2954; x_wconf 91' lang='lat' dir='ltr'><strong>non</strong></span> <span class='ocrx_word' id='word_1_617' title='bbox 2761 2900 2968 2970; x_wconf 80' lang='lat' dir='ltr'><strong>justus.</strong></span> <span class='ocrx_word' id='word_1_618' title='bbox 3004 2901 3120 2960; x_wconf 83' lang='lat' dir='ltr'><strong>[loc</strong></span> <span class='ocrx_word' id='word_1_619' title='bbox 3150 2906 3297 2962; x_wconf 88' lang='lat' dir='ltr'><strong>enim</strong></span> <span class='ocrx_word' id='word_1_620' title='bbox 3324 2909 3457 2963; x_wconf 90' lang='lat' dir='ltr'><strong>etin</strong></span> <span class='ocrx_word' id='word_1_621' title='bbox 3490 2924 3661 2981; x_wconf 89' lang='lat' dir='ltr'><strong>supe-</strong></span> 
     </span>
    </p>
   </div>
   <div class='ocr_carea' id='block_1_79' title="bbox 2068 2984 3664 3070">
    <p class='ocr_par' dir='ltr' id='par_1_79' title="bbox 2068 2984 3664 3070">
     <span class='ocr_line' id='line_1_79' title="bbox 2068 2984 3664 3070; baseline 0.008 -30"><span class='ocrx_word' id='word_1_622' title='bbox 2068 2984 2310 3043; x_wconf 83' lang='lat' dir='ltr'><strong>rioribus</strong></span> <span class='ocrx_word' id='word_1_623' title='bbox 2340 2999 2599 3059; x_wconf 81' lang='lat' dir='ltr'><strong>precatus</strong></span> <span class='ocrx_word' id='word_1_624' title='bbox 2627 3001 2711 3046; x_wconf 86' lang='lat' dir='ltr'><strong>est</strong></span> <span class='ocrx_word' id='word_1_625' title='bbox 2744 3009 2757 3046; x_wconf 93' lang='lat'>:</span> <span class='ocrx_word' id='word_1_626' title='bbox 2800 2991 3115 3050; x_wconf 84' lang='lat' dir='ltr'><strong>Sectmdum</strong></span> <span class='ocrx_word' id='word_1_627' title='bbox 3156 3013 3409 3070; x_wconf 77' lang='lat' dir='ltr'><strong>magnam</strong></span> <span class='ocrx_word' id='word_1_628' title='bbox 3443 3000 3664 3057; x_wconf 80' lang='lat' dir='ltr'><strong>miscri-</strong></span> 
     </span>
    </p>
   </div>
   <div class='ocr_carea' id='block_1_80' title="bbox 2068 3070 3657 3163">
    <p class='ocr_par' dir='ltr' id='par_1_80' title="bbox 2068 3070 3657 3163">
     <span class='ocr_line' id='line_1_80' title="bbox 2068 3070 3657 3163; baseline 0.013 -31"><span class='ocrx_word' id='word_1_629' title='bbox 2068 3078 2313 3133; x_wconf 87' lang='lat' dir='ltr'><strong>cordiam</strong></span> <span class='ocrx_word' id='word_1_630' title='bbox 2362 3088 2508 3135; x_wconf 91' lang='lat' dir='ltr'><strong>tuam</strong></span> <span class='ocrx_word' id='word_1_631' title='bbox 2561 3070 2772 3138; x_wconf 85' lang='lat' dir='ltr'><strong>memor</strong></span> <span class='ocrx_word' id='word_1_632' title='bbox 2813 3085 2891 3141; x_wconf 91' lang='lat' dir='ltr'><strong>sis</strong></span> <span class='ocrx_word' id='word_1_633' title='bbox 2932 3088 3081 3143; x_wconf 90' lang='lat' dir='ltr'><strong>mei:</strong></span> <span class='ocrx_word' id='word_1_634' title='bbox 3123 3104 3233 3144; x_wconf 91' lang='lat' dir='ltr'><strong>non</strong></span> <span class='ocrx_word' id='word_1_635' title='bbox 3270 3092 3377 3146; x_wconf 88' lang='lat' dir='ltr'><strong>mei</strong></span> <span class='ocrx_word' id='word_1_636' title='bbox 3425 3097 3657 3163; x_wconf 70' lang='lat' dir='ltr'><strong>peccati,</strong></span> 
     </span>
    </p>
   </div>
   <div class='ocr_carea' id='block_1_81' title="bbox 2069 3168 3661 3255">
    <p class='ocr_par' dir='ltr' id='par_1_81' title="bbox 2069 3168 3661 3255">
     <span class='ocr_line' id='line_1_81' title="bbox 2069 3168 3661 3255; baseline 0.012 -32"><span class='ocrx_word' id='word_1_637' title='bbox 2069 3168 2162 3223; x_wconf 89' lang='lat' dir='ltr'><strong>sed</strong></span> <span class='ocrx_word' id='word_1_638' title='bbox 2221 3169 2329 3224; x_wconf 87' lang='lat' dir='ltr'><strong>mei</strong></span> <span class='ocrx_word' id='word_1_639' title='bbox 2368 3170 2603 3241; x_wconf 79' lang='lat' dir='ltr'><strong>benigne</strong></span> <span class='ocrx_word' id='word_1_640' title='bbox 2646 3175 2986 3232; x_wconf 89' lang='lat' dir='ltr'><strong>memineris.</strong></span> <span class='ocrx_word' id='word_1_641' title='bbox 3031 3176 3190 3251; x_wconf 90' lang='lat' dir='ltr'><strong>[Illud</strong></span> <span class='ocrx_word' id='word_1_642' title='bbox 3224 3191 3405 3238; x_wconf 89' lang='lat' dir='ltr'><strong>autem</strong></span> <span class='ocrx_word' id='word_1_643' title='bbox 3452 3189 3661 3255; x_wconf 71' lang='lat' dir='ltr'><strong>peccati</strong></span> 
     </span>
    </p>
   </div>
   <div class='ocr_carea' id='block_1_82' title="bbox 2068 3260 3661 3345">
    <p class='ocr_par' dir='ltr' id='par_1_82' title="bbox 2068 3260 3661 3345">
     <span class='ocr_line' id='line_1_82' title="bbox 2068 3260 3661 3345; baseline 0.014 -31"><span class='ocrx_word' id='word_1_644' title='bbox 2068 3260 2356 3328; x_wconf 82' lang='lat' dir='ltr'><strong>iuventutis</strong></span> <span class='ocrx_word' id='word_1_645' title='bbox 2404 3280 2533 3319; x_wconf 76' lang='lat' dir='ltr'><strong>mea:</strong></span> <span class='ocrx_word' id='word_1_646' title='bbox 2577 3274 2627 3319; x_wconf 83' lang='lat' dir='ltr'><strong>et</strong></span> <span class='ocrx_word' id='word_1_647' title='bbox 2675 3267 2993 3338; x_wconf 64' lang='lat' dir='ltr'><strong>ignorantiae</strong></span> <span class='ocrx_word' id='word_1_648' title='bbox 3040 3282 3103 3327; x_wconf 82' lang='lat' dir='ltr'><strong>ne</strong></span> <span class='ocrx_word' id='word_1_649' title='bbox 3151 3276 3474 3345; x_wconf 68' lang='lat' dir='ltr'><strong>memineris,</strong></span> <span class='ocrx_word' id='word_1_650' title='bbox 3515 3280 3661 3338; x_wconf 86' lang='lat' dir='ltr'><strong>hunc</strong></span> 
     </span>
    </p>
   </div>
   <div class='ocr_carea' id='block_1_83' title="bbox 1995 3339 3658 3439">
    <p class='ocr_par' dir='ltr' id='par_1_83' title="bbox 1995 3339 3658 3439">
     <span class='ocr_line' id='line_1_83' title="bbox 1995 3339 3658 3439; baseline 0.013 -33"><span class='ocrx_word' id='word_1_651' title='bbox 1995 3339 2038 3396; x_wconf 84' lang='lat' dir='ltr'>C</span> <span class='ocrx_word' id='word_1_652' title='bbox 2072 3353 2236 3409; x_wconf 77' lang='lat' dir='ltr'><strong>habet</strong></span> <span class='ocrx_word' id='word_1_653' title='bbox 2296 3368 2567 3411; x_wconf 88' lang='lat' dir='ltr'><strong>sensum:</strong></span> <span class='ocrx_word' id='word_1_654' title='bbox 2623 3355 2891 3429; x_wconf 88' lang='lat' dir='ltr'><strong>Loquitur</strong></span> <span class='ocrx_word' id='word_1_655' title='bbox 2942 3362 3153 3419; x_wconf 80' lang='lat' dir='ltr'><strong>scilicet</strong></span> <span class='ocrx_word' id='word_1_656' title='bbox 3201 3358 3268 3421; x_wconf 85' lang='lat' dir='ltr'><strong>de</strong></span> <span class='ocrx_word' id='word_1_657' title='bbox 3299 3339 3503 3439; x_wconf 76' lang='lat' dir='ltr'><strong>populo</strong></span> <span class='ocrx_word' id='word_1_658' title='bbox 3531 3372 3658 3427; x_wconf 76' lang='lat' dir='ltr'><strong>cum</strong></span> 
     </span>
    </p>
   </div>
   <div class='ocr_carea' id='block_1_84' title="bbox 2066 3444 3660 3528">
    <p class='ocr_par' dir='ltr' id='par_1_84' title="bbox 2066 3444 3660 3528">
     <span class='ocr_line' id='line_1_84' title="bbox 2066 3444 3660 3528; baseline 0.013 -28"><span class='ocrx_word' id='word_1_659' title='bbox 2066 3451 2214 3501; x_wconf 84' lang='lat' dir='ltr'><strong>esset</strong></span> <span class='ocrx_word' id='word_1_660' title='bbox 2248 3449 2304 3501; x_wconf 91' lang='lat' dir='ltr'><strong>in</strong></span> <span class='ocrx_word' id='word_1_661' title='bbox 2338 3444 2578 3520; x_wconf 69' lang='lat' dir='ltr'><strong>Egypto</strong></span> <span class='ocrx_word' id='word_1_662' title='bbox 2611 3465 2626 3516; x_wconf 87' lang='lat'><strong>;</strong></span> <span class='ocrx_word' id='word_1_663' title='bbox 2660 3452 2819 3521; x_wconf 87' lang='lat' dir='ltr'><strong>quasi</strong></span> <span class='ocrx_word' id='word_1_664' title='bbox 2847 3450 3075 3520; x_wconf 86' lang='lat' dir='ltr'><strong>diceret,</strong></span> <span class='ocrx_word' id='word_1_665' title='bbox 3114 3455 3263 3513; x_wconf 79' lang='lat' dir='ltr'><strong>idola</strong></span> <span class='ocrx_word' id='word_1_666' title='bbox 3288 3459 3358 3514; x_wconf 88' lang='lat' dir='ltr'><strong>ibi</strong></span> <span class='ocrx_word' id='word_1_667' title='bbox 3393 3462 3559 3528; x_wconf 84' lang='lat' dir='ltr'><strong>colui,</strong></span> <span class='ocrx_word' id='word_1_668' title='bbox 3591 3472 3660 3520; x_wconf 87' lang='lat' dir='ltr'><strong>ne</strong></span> 
     </span>
    </p>
   </div>
   <div class='ocr_carea' id='block_1_85' title="bbox 2067 3538 3660 3628">
    <p class='ocr_par' dir='ltr' id='par_1_85' title="bbox 2067 3538 3660 3628">
     <span class='ocr_line' id='line_1_85' title="bbox 2067 3538 3660 3628; baseline 0.013 -36"><span class='ocrx_word' id='word_1_669' title='bbox 2067 3538 2251 3609; x_wconf 83' lang='lat' dir='ltr'><strong>itaque</strong></span> <span class='ocrx_word' id='word_1_670' title='bbox 2278 3555 2467 3596; x_wconf 88' lang='lat' dir='ltr'><strong>eorum</strong></span> <span class='ocrx_word' id='word_1_671' title='bbox 2499 3550 2850 3612; x_wconf 81' lang='lat' dir='ltr'><strong>peceatorum</strong></span> <span class='ocrx_word' id='word_1_672' title='bbox 2897 3548 3232 3615; x_wconf 70' lang='lat' dir='ltr'><strong>memineris,</strong></span> <span class='ocrx_word' id='word_1_673' title='bbox 3274 3553 3369 3608; x_wconf 85' lang='lat' dir='ltr'><strong>sed</strong></span> <span class='ocrx_word' id='word_1_674' title='bbox 3408 3554 3660 3628; x_wconf 78' lang='lat' dir='ltr'><strong>benigni-</strong></span> 
     </span>
    </p>
   </div>
   <div class='ocr_carea' id='block_1_86' title="bbox 2066 3630 3659 3717">
    <p class='ocr_par' dir='ltr' id='par_1_86' title="bbox 2066 3630 3659 3717">
     <span class='ocr_line' id='line_1_86' title="bbox 2066 3630 3659 3717; baseline 0.013 -33"><span class='ocrx_word' id='word_1_675' title='bbox 2066 3630 2195 3686; x_wconf 88' lang='lat' dir='ltr'><strong>tatis</strong></span> <span class='ocrx_word' id='word_1_676' title='bbox 2237 3638 2364 3697; x_wconf 75' lang='lat' dir='ltr'><strong>tuae,</strong></span> <span class='ocrx_word' id='word_1_677' title='bbox 2399 3636 2701 3690; x_wconf 88' lang='lat' dir='ltr'><strong>secundum</strong></span> <span class='ocrx_word' id='word_1_678' title='bbox 2742 3648 2909 3707; x_wconf 87' lang='lat' dir='ltr'><strong>quam</strong></span> <span class='ocrx_word' id='word_1_679' title='bbox 2952 3648 3019 3695; x_wconf 88' lang='lat' dir='ltr'><strong>eo</strong></span> <span class='ocrx_word' id='word_1_680' title='bbox 3041 3652 3262 3713; x_wconf 86' lang='lat' dir='ltr'><strong>quoque</strong></span> <span class='ocrx_word' id='word_1_681' title='bbox 3289 3652 3532 3717; x_wconf 75' lang='lat' dir='ltr'><strong>tempore</strong></span> <span class='ocrx_word' id='word_1_682' title='bbox 3561 3658 3659 3703; x_wconf 85' lang='lat' dir='ltr'><strong>eo-</strong></span> 
     </span>
    </p>
   </div>
   <div class='ocr_carea' id='block_1_87' title="bbox 2062 3722 3658 3800">
    <p class='ocr_par' dir='ltr' id='par_1_87' title="bbox 2062 3722 3658 3800">
     <span class='ocr_line' id='line_1_87' title="bbox 2062 3722 3658 3800; baseline 0.013 -25"><span class='ocrx_word' id='word_1_683' title='bbox 2062 3734 2186 3776; x_wconf 87' lang='lat' dir='ltr'><strong>rum</strong></span> <span class='ocrx_word' id='word_1_684' title='bbox 2225 3722 2318 3791; x_wconf 88' lang='lat' dir='ltr'><strong>qul</strong></span> <span class='ocrx_word' id='word_1_685' title='bbox 2367 3736 2435 3778; x_wconf 80' lang='lat' dir='ltr'><strong>ex</strong></span> <span class='ocrx_word' id='word_1_686' title='bbox 2470 3724 2777 3795; x_wconf 78' lang='lat' dir='ltr'><strong>ignorantia</strong></span> <span class='ocrx_word' id='word_1_687' title='bbox 2822 3729 3058 3799; x_wconf 78' lang='lat' dir='ltr'><strong>agebant</strong></span> <span class='ocrx_word' id='word_1_688' title='bbox 3098 3733 3357 3792; x_wconf 82' lang='lat' dir='ltr'><strong>miSertus</strong></span> <span class='ocrx_word' id='word_1_689' title='bbox 3387 3740 3467 3800; x_wconf 75' lang='lat' dir='ltr'><strong>es,</strong></span> <span class='ocrx_word' id='word_1_690' title='bbox 3501 3739 3658 3794; x_wconf 84' lang='lat' dir='ltr'><strong>beni-</strong></span> 
     </span>
    </p>
   </div>
   <div class='ocr_carea' id='block_1_88' title="bbox 2063 3813 3653 3895">
    <p class='ocr_par' dir='ltr' id='par_1_88' title="bbox 2063 3813 3653 3895">
     <span class='ocr_line' id='line_1_88' title="bbox 2063 3813 3653 3895; baseline 0.013 -29"><span class='ocrx_word' id='word_1_691' title='bbox 2063 3813 2269 3884; x_wconf 83' lang='lat' dir='ltr'><strong>gnitate</strong></span> <span class='ocrx_word' id='word_1_692' title='bbox 2286 3815 2468 3888; x_wconf 87' lang='lat' dir='ltr'><strong>usus.]</strong></span> <span class='ocrx_word' id='word_1_693' title='bbox 2495 3834 2514 3869; x_wconf 84' lang='grc'><em>‹</em></span> <span class='ocrx_word' id='word_1_694' title='bbox 2538 3819 2767 3889; x_wconf 80' lang='lat' dir='ltr'><strong>Propter</strong></span> <span class='ocrx_word' id='word_1_695' title='bbox 2788 3823 2807 3844; x_wconf 74' lang='grc'><em>⁴</em></span> <span class='ocrx_word' id='word_1_696' title='bbox 2831 3822 3127 3880; x_wconf 87' lang='lat' dir='ltr'><strong>bonitatem</strong></span> <span class='ocrx_word' id='word_1_697' title='bbox 3151 3832 3324 3895; x_wconf 81' lang='lat' dir='ltr'><strong>tuam,</strong></span> <span class='ocrx_word' id='word_1_698' title='bbox 3346 3820 3595 3888; x_wconf 81' lang='lat' dir='ltr'><strong>Domine.</strong></span> <span class='ocrx_word' id='word_1_699' title='bbox 3630 3852 3653 3886; x_wconf 73' lang='grc' dir='ltr'>ι·</span> 
     </span>
    </p>
   </div>
   <div class='ocr_carea' id='block_1_89' title="bbox 2059 3904 3651 3981">
    <p class='ocr_par' dir='ltr' id='par_1_89' title="bbox 2059 3904 3651 3981">
     <span class='ocr_line' id='line_1_89' title="bbox 2059 3904 3651 3981; baseline 0.013 -21"><span class='ocrx_word' id='word_1_700' title='bbox 2059 3904 2181 3962; x_wconf 76' lang='lat' dir='ltr'><strong>Non</strong></span> <span class='ocrx_word' id='word_1_701' title='bbox 2217 3909 2364 3964; x_wconf 91' lang='lat' dir='ltr'><strong>enim</strong></span> <span class='ocrx_word' id='word_1_702' title='bbox 2396 3909 2508 3964; x_wconf 89' lang='lat' dir='ltr'><strong>ullo</strong></span> <span class='ocrx_word' id='word_1_703' title='bbox 2543 3922 2667 3966; x_wconf 86' lang='lat' dir='ltr'><strong>meo</strong></span> <span class='ocrx_word' id='word_1_704' title='bbox 2693 3914 2912 3981; x_wconf 88' lang='lat' dir='ltr'><strong>merito,</strong></span> <span class='ocrx_word' id='word_1_705' title='bbox 2946 3929 3138 3973; x_wconf 83' lang='lat' dir='ltr'><strong>verum</strong></span> <span class='ocrx_word' id='word_1_706' title='bbox 3168 3920 3471 3979; x_wconf 80' lang='lat' dir='ltr'><strong>secundum</strong></span> <span class='ocrx_word' id='word_1_707' title='bbox 3501 3935 3651 3981; x_wconf 87' lang='lat' dir='ltr'><strong>luam</strong></span> 
     </span>
    </p>
   </div>
   <div class='ocr_carea' id='block_1_90' title="bbox 2060 3999 3065 4077">
    <p class='ocr_par' dir='ltr' id='par_1_90' title="bbox 2060 3999 3065 4077">
     <span class='ocr_line' id='line_1_90' title="bbox 2060 3999 3065 4077; baseline 0.008 -22"><span class='ocrx_word' id='word_1_708' title='bbox 2060 3999 2453 4071; x_wconf 84' lang='lat' dir='ltr'><strong>benignitatem</strong></span> <span class='ocrx_word' id='word_1_709' title='bbox 2488 4004 2633 4059; x_wconf 87' lang='lat' dir='ltr'><strong>hanc</strong></span> <span class='ocrx_word' id='word_1_710' title='bbox 2668 4007 2888 4077; x_wconf 88' lang='lat' dir='ltr'><strong>assequi</strong></span> <span class='ocrx_word' id='word_1_711' title='bbox 2918 4017 3065 4077; x_wconf 90' lang='lat' dir='ltr'><strong>peto.</strong></span> 
     </span>
    </p>
   </div>
   <div class='ocr_carea' id='block_1_91' title="bbox 2131 4091 3651 4181">
    <p class='ocr_par' dir='ltr' id='par_1_91' title="bbox 2131 4091 3651 4181">
     <span class='ocr_line' id='line_1_91' title="bbox 2131 4091 3651 4181; baseline 0.014 -35"><span class='ocrx_word' id='word_1_712' title='bbox 2131 4091 2298 4149; x_wconf 70' lang='lat' dir='ltr'><strong>Vnus.</strong></span> <span class='ocrx_word' id='word_1_713' title='bbox 2326 4093 2379 4149; x_wconf 90' lang='lat'><strong>8.</strong></span> <span class='ocrx_word' id='word_1_714' title='bbox 2409 4114 2426 4146; x_wconf 77' lang='grc' dir='ltr'><strong>ι</strong></span> <span class='ocrx_word' id='word_1_715' title='bbox 2452 4096 2729 4169; x_wconf 81' lang='lat' dir='ltr'><strong>Benignus</strong></span> <span class='ocrx_word' id='word_1_716' title='bbox 2752 4107 2806 4154; x_wconf 89' lang='lat' dir='ltr'><strong>et</strong></span> <span class='ocrx_word' id='word_1_717' title='bbox 2826 4108 3010 4158; x_wconf 90' lang='lat' dir='ltr'><strong>rectus</strong></span> <span class='ocrx_word' id='word_1_718' title='bbox 3038 4111 3123 4160; x_wconf 70' lang='lat' dir='ltr'><strong>eet</strong></span> <span class='ocrx_word' id='word_1_719' title='bbox 3149 4098 3433 4166; x_wconf 87' lang='lat' dir='ltr'><strong>Dominus.</strong></span> <span class='ocrx_word' id='word_1_720' title='bbox 3474 4126 3492 4162; x_wconf 73' lang='grc' dir='ltr'><strong>ι</strong></span> <span class='ocrx_word' id='word_1_721' title='bbox 3528 4109 3651 4181; x_wconf 79' lang='lat' dir='ltr'><strong>Non</strong></span> 
     </span>
    </p>
   </div>
   <div class='ocr_carea' id='block_1_92' title="bbox 2062 4187 3655 4266">
    <p class='ocr_par' dir='ltr' id='par_1_92' title="bbox 2062 4187 3655 4266">
     <span class='ocr_line' id='line_1_92' title="bbox 2062 4187 3655 4266; baseline 0.014 -29"><span class='ocrx_word' id='word_1_722' title='bbox 2062 4192 2285 4250; x_wconf 87' lang='lat' dir='ltr'><strong>temere,</strong></span> <span class='ocrx_word' id='word_1_723' title='bbox 2310 4187 2405 4251; x_wconf 86' lang='lat' dir='ltr'><strong>ait,</strong></span> <span class='ocrx_word' id='word_1_724' title='bbox 2426 4187 2511 4244; x_wconf 91' lang='lat' dir='ltr'><strong>his</strong></span> <span class='ocrx_word' id='word_1_725' title='bbox 2524 4189 2706 4245; x_wconf 82' lang='lat' dir='ltr'><strong>verbis</strong></span> <span class='ocrx_word' id='word_1_726' title='bbox 2728 4205 2862 4248; x_wconf 87' lang='lat' dir='ltr'><strong>usus</strong></span> <span class='ocrx_word' id='word_1_727' title='bbox 2888 4206 3031 4262; x_wconf 88' lang='lat' dir='ltr'><strong>sum,</strong></span> <span class='ocrx_word' id='word_1_728' title='bbox 3049 4195 3144 4255; x_wconf 79' lang='lat' dir='ltr'><strong>led</strong></span> <span class='ocrx_word' id='word_1_729' title='bbox 3166 4199 3368 4266; x_wconf 88' lang='lat' dir='ltr'><strong>sciens,</strong></span> <span class='ocrx_word' id='word_1_730' title='bbox 3391 4217 3498 4257; x_wconf 88' lang='lat' dir='ltr'><strong>non</strong></span> <span class='ocrx_word' id='word_1_731' title='bbox 3531 4212 3619 4259; x_wconf 88' lang='lat' dir='ltr'><strong>tan</strong></span> <span class='ocrx_word' id='word_1_732' title='bbox 3640 4237 3655 4247; x_wconf 84' lang='lat'><strong>-</strong></span> 
     </span>
    </p>
   </div>
   <div class='ocr_carea' id='block_1_93' title="bbox 2062 4277 3647 4360">
    <p class='ocr_par' dir='ltr' id='par_1_93' title="bbox 2062 4277 3647 4360">
     <span class='ocr_line' id='line_1_93' title="bbox 2062 4277 3647 4360; baseline 0.013 -28"><span class='ocrx_word' id='word_1_733' title='bbox 2062 4287 2179 4332; x_wconf 90' lang='lat' dir='ltr'><strong>tum</strong></span> <span class='ocrx_word' id='word_1_734' title='bbox 2199 4277 2432 4348; x_wconf 84' lang='lat' dir='ltr'><strong>justum,</strong></span> <span class='ocrx_word' id='word_1_735' title='bbox 2462 4296 2652 4338; x_wconf 73' lang='lat' dir='ltr'><strong>verum</strong></span> <span class='ocrx_word' id='word_1_736' title='bbox 2680 4285 2846 4340; x_wconf 89' lang='lat' dir='ltr'><strong>etiam</strong></span> <span class='ocrx_word' id='word_1_737' title='bbox 2868 4286 3163 4360; x_wconf 78' lang='lat' dir='ltr'><strong>benignum</strong></span> <span class='ocrx_word' id='word_1_738' title='bbox 3190 4303 3311 4348; x_wconf 84' lang='lat' dir='ltr'><strong>esse</strong></span> <span class='ocrx_word' id='word_1_739' title='bbox 3332 4291 3647 4352; x_wconf 87' lang='lat' dir='ltr'><strong>Dominum.</strong></span> 
     </span>
    </p>
   </div>
   <div class='ocr_carea' id='block_1_94' title="bbox 2059 4369 3653 4450">
    <p class='ocr_par' dir='ltr' id='par_1_94' title="bbox 2059 4369 3653 4450">
     <span class='ocr_line' id='line_1_94' title="bbox 2059 4369 3653 4450; baseline 0.014 -27"><span class='ocrx_word' id='word_1_740' title='bbox 2059 4369 2176 4425; x_wconf 80' lang='lat' dir='ltr'><strong>Hoc</strong></span> <span class='ocrx_word' id='word_1_741' title='bbox 2192 4380 2375 4426; x_wconf 86' lang='lat' dir='ltr'><strong>autem</strong></span> <span class='ocrx_word' id='word_1_742' title='bbox 2417 4373 2617 4444; x_wconf 88' lang='lat' dir='ltr'><strong>ubique</strong></span> <span class='ocrx_word' id='word_1_743' title='bbox 2645 4376 2829 4434; x_wconf 85' lang='lat' dir='ltr'><strong>divina</strong></span> <span class='ocrx_word' id='word_1_744' title='bbox 2864 4378 3148 4450; x_wconf 74' lang='lat' dir='ltr'><strong>Seriptdra</strong></span> <span class='ocrx_word' id='word_1_745' title='bbox 3183 4392 3283 4441; x_wconf 87' lang='lat' dir='ltr'><strong>nos</strong></span> <span class='ocrx_word' id='word_1_746' title='bbox 3311 4384 3487 4442; x_wconf 88' lang='lat' dir='ltr'><strong>docet.</strong></span> <span class='ocrx_word' id='word_1_747' title='bbox 3520 4386 3653 4445; x_wconf 77' lang='lat' dir='ltr'><strong>Tale’</strong></span> 
     </span>
    </p>
   </div>
   <div class='ocr_carea' id='block_1_95' title="bbox 2058 4462 3652 4543">
    <p class='ocr_par' dir='ltr' id='par_1_95' title="bbox 2058 4462 3652 4543">
     <span class='ocr_line' id='line_1_95' title="bbox 2058 4462 3652 4543; baseline 0.012 -28"><span class='ocrx_word' id='word_1_748' title='bbox 2058 4470 2143 4515; x_wconf 89' lang='lat' dir='ltr'><strong>est</strong></span> <span class='ocrx_word' id='word_1_749' title='bbox 2191 4462 2323 4519; x_wconf 92' lang='lat' dir='ltr'><strong>illud</strong></span> <span class='ocrx_word' id='word_1_750' title='bbox 2357 4480 2371 4514; x_wconf 90' lang='lat'><strong>:</strong></span> <span class='ocrx_word' id='word_1_751' title='bbox 2411 4483 2431 4517; x_wconf 74' lang='grc' dir='ltr'><strong>ι</strong></span> <span class='ocrx_word' id='word_1_752' title='bbox 2464 4462 2920 4536; x_wconf 77' lang='lat' dir='ltr'><strong>Misericordiam,</strong></span> <span class='ocrx_word' id='word_1_753' title='bbox 2965 4481 3021 4527; x_wconf 87' lang='lat' dir='ltr'><strong>et</strong></span> <span class='ocrx_word' id='word_1_754' title='bbox 3031 4471 3301 4543; x_wconf 85' lang='lat' dir='ltr'><strong>judicium</strong></span> <span class='ocrx_word' id='word_1_755' title='bbox 3333 4484 3487 4532; x_wconf 85' lang='lat' dir='ltr'><strong>tuum</strong></span> <span class='ocrx_word' id='word_1_756' title='bbox 3507 4479 3652 4534; x_wconf 85' lang='lat' dir='ltr'><strong>cele-</strong></span> 
     </span>
    </p>
   </div>
   <div class='ocr_carea' id='block_1_96' title="bbox 2061 4548 3657 4628">
    <p class='ocr_par' dir='ltr' id='par_1_96' title="bbox 2061 4548 3657 4628">
     <span class='ocr_line' id='line_1_96' title="bbox 2061 4548 3657 4628; baseline 0.011 -19"><span class='ocrx_word' id='word_1_757' title='bbox 2061 4555 2258 4622; x_wconf 83' lang='lat' dir='ltr'><strong>brabo,</strong></span> <span class='ocrx_word' id='word_1_758' title='bbox 2284 4548 2452 4628; x_wconf 76' lang='lat'><strong>759</strong></span> <span class='ocrx_word' id='word_1_759' title='bbox 2487 4552 2722 4616; x_wconf 84' lang='lat' dir='ltr'><strong>Domine</strong></span> <span class='ocrx_word' id='word_1_760' title='bbox 2757 4570 2806 4618; x_wconf 79' lang='grc'><strong><em>³.</em></strong></span> <span class='ocrx_word' id='word_1_761' title='bbox 2844 4576 2865 4615; x_wconf 72' lang='grc' dir='ltr'><strong>ς</strong></span> <span class='ocrx_word' id='word_1_762' title='bbox 2893 4562 2960 4620; x_wconf 84' lang='grc' dir='ltr'>Ει</span> <span class='ocrx_word' id='word_1_763' title='bbox 2986 4582 3000 4621; x_wconf 91' lang='lat'><strong>:</strong></span> <span class='ocrx_word' id='word_1_764' title='bbox 3042 4560 3387 4625; x_wconf 71' lang='lat' dir='ltr'><strong>«Misericors</strong></span> <span class='ocrx_word' id='word_1_765' title='bbox 3415 4576 3467 4625; x_wconf 84' lang='lat' dir='ltr'><strong>et</strong></span> <span class='ocrx_word' id='word_1_766' title='bbox 3497 4572 3657 4627; x_wconf 58' lang='lat' dir='ltr'><strong>miseé</strong></span> 
     </span>
    </p>
   </div>
   <div class='ocr_carea' id='block_1_97' title="bbox 2063 4647 3650 4726">
    <p class='ocr_par' dir='ltr' id='par_1_97' title="bbox 2063 4647 3650 4726">
     <span class='ocr_line' id='line_1_97' title="bbox 2063 4647 3650 4726; baseline 0.011 -23"><span class='ocrx_word' id='word_1_767' title='bbox 2063 4656 2213 4704; x_wconf 86' lang='lat' dir='ltr'><strong>rator</strong></span> <span class='ocrx_word' id='word_1_768' title='bbox 2238 4647 2533 4718; x_wconf 68' lang='lat' dir='ltr'><strong>Dominus,</strong></span> <span class='ocrx_word' id='word_1_769' title='bbox 2581 4665 2633 4710; x_wconf 86' lang='lat' dir='ltr'><strong>et</strong></span> <span class='ocrx_word' id='word_1_770' title='bbox 2665 4656 2872 4726; x_wconf 87' lang='lat' dir='ltr'><strong>justus,</strong></span> <span class='ocrx_word' id='word_1_771' title='bbox 2910 4667 2965 4716; x_wconf 90' lang='lat' dir='ltr'><strong>ct</strong></span> <span class='ocrx_word' id='word_1_772' title='bbox 3001 4659 3143 4717; x_wconf 87' lang='lat' dir='ltr'><strong>Deus</strong></span> <span class='ocrx_word' id='word_1_773' title='bbox 3200 4672 3385 4717; x_wconf 81' lang='lat' dir='ltr'><strong>noster</strong></span> <span class='ocrx_word' id='word_1_774' title='bbox 3420 4664 3650 4719; x_wconf 85' lang='lat' dir='ltr'><strong>misere-</strong></span> 
     </span>
    </p>
   </div>
   <div class='ocr_carea' id='block_1_98' title="bbox 2064 4738 3651 4827">
    <p class='ocr_par' dir='ltr' id='par_1_98' title="bbox 2064 4738 3651 4827">
     <span class='ocr_line' id='line_1_98' title="bbox 2064 4738 3651 4827; baseline 0.011 -32"><span class='ocrx_word' id='word_1_775' title='bbox 2064 4748 2152 4795; x_wconf 85' lang='lat' dir='ltr'><strong>tur</strong></span> <span class='ocrx_word' id='word_1_776' title='bbox 2194 4743 2236 4798; x_wconf 79' lang='grc' dir='ltr'><strong>ι.</strong></span> <span class='ocrx_word' id='word_1_777' title='bbox 2268 4761 2287 4796; x_wconf 75' lang='grc' dir='ltr'><strong>ι</strong></span> <span class='ocrx_word' id='word_1_778' title='bbox 2324 4738 2433 4800; x_wconf 89' lang='lat' dir='ltr'><strong>Et:</strong></span> <span class='ocrx_word' id='word_1_779' title='bbox 2472 4758 2491 4798; x_wconf 68' lang='grc' dir='ltr'><strong>ι</strong></span> <span class='ocrx_word' id='word_1_780' title='bbox 2529 4745 2859 4817; x_wconf 77' lang='lat' dir='ltr'><strong>Deusjudex</strong></span> <span class='ocrx_word' id='word_1_781' title='bbox 2889 4750 3094 4821; x_wconf 86' lang='lat' dir='ltr'><strong>justus,</strong></span> <span class='ocrx_word' id='word_1_782' title='bbox 3128 4761 3183 4809; x_wconf 82' lang='lat' dir='ltr'><strong>et</strong></span> <span class='ocrx_word' id='word_1_783' title='bbox 3216 4763 3432 4825; x_wconf 84' lang='lat' dir='ltr'><strong>potens,</strong></span> <span class='ocrx_word' id='word_1_784' title='bbox 3473 4768 3525 4811; x_wconf 90' lang='lat' dir='ltr'><strong>et</strong></span> <span class='ocrx_word' id='word_1_785' title='bbox 3554 4773 3651 4827; x_wconf 84' lang='lat' dir='ltr'><strong>pa-</strong></span> 
     </span>
    </p>
   </div>
   <div class='ocr_carea' id='block_1_99' title="bbox 2061 4832 3646 4918">
    <p class='ocr_par' dir='ltr' id='par_1_99' title="bbox 2061 4832 3646 4918">
     <span class='ocr_line' id='line_1_99' title="bbox 2061 4832 3646 4918; baseline 0.009 -31"><span class='ocrx_word' id='word_1_786' title='bbox 2061 4832 2223 4898; x_wconf 83' lang='lat' dir='ltr'><strong>tien‘s,</strong></span> <span class='ocrx_word' id='word_1_787' title='bbox 2246 4843 2302 4890; x_wconf 88' lang='lat' dir='ltr'><strong>et</strong></span> <span class='ocrx_word' id='word_1_788' title='bbox 2319 4836 2412 4905; x_wconf 88' lang='lat' dir='ltr'><strong>qui</strong></span> <span class='ocrx_word' id='word_1_789' title='bbox 2440 4853 2547 4893; x_wconf 91' lang='lat' dir='ltr'><strong>non</strong></span> <span class='ocrx_word' id='word_1_790' title='bbox 2579 4840 2852 4910; x_wconf 82' lang='lat' dir='ltr'><strong>protrahit</strong></span> <span class='ocrx_word' id='word_1_791' title='bbox 2884 4843 3020 4897; x_wconf 86' lang='lat' dir='ltr'><strong>iram</strong></span> <span class='ocrx_word' id='word_1_792' title='bbox 3036 4859 3132 4914; x_wconf 90' lang='lat' dir='ltr'><strong>per</strong></span> <span class='ocrx_word' id='word_1_793' title='bbox 3153 4845 3402 4918; x_wconf 80' lang='lat' dir='ltr'><strong>singulos</strong></span> <span class='ocrx_word' id='word_1_794' title='bbox 3423 4849 3540 4905; x_wconf 88' lang='lat' dir='ltr'><strong>dies</strong></span> <span class='ocrx_word' id='word_1_795' title='bbox 3563 4861 3612 4904; x_wconf 78' lang='grc' dir='ltr'><strong>ιι.</strong></span> <span class='ocrx_word' id='word_1_796' title='bbox 3627 4868 3646 4902; x_wconf 74' lang='grc' dir='ltr'><strong>ι</strong></span> 
     </span>
    </p>
   </div>
   <div class='ocr_carea' id='block_1_100' title="bbox 2139 4925 3647 5007">
    <p class='ocr_par' dir='ltr' id='par_1_100' title="bbox 2139 4925 3647 5007">
     <span class='ocr_line' id='line_1_100' title="bbox 2139 4925 3647 5007; baseline 0.013 -30"><span class='ocrx_word' id='word_1_797' title='bbox 2139 4943 2159 4976; x_wconf 71' lang='grc' dir='ltr'><strong>ε</strong></span> <span class='ocrx_word' id='word_1_798' title='bbox 2206 4925 2433 4998; x_wconf 85' lang='lat' dir='ltr'><strong>Propter</strong></span> <span class='ocrx_word' id='word_1_799' title='bbox 2466 4929 2573 4986; x_wconf 89' lang='lat' dir='ltr'><strong>hoc</strong></span> <span class='ocrx_word' id='word_1_800' title='bbox 2602 4931 2776 5003; x_wconf 77' lang='lat' dir='ltr'><strong>legem</strong></span> <span class='ocrx_word' id='word_1_801' title='bbox 2801 4932 2952 4989; x_wconf 91' lang='lat' dir='ltr'><strong>dabit</strong></span> <span class='ocrx_word' id='word_1_802' title='bbox 2985 4935 3430 5007; x_wconf 88' lang='lat' dir='ltr'><strong>delinquentibus</strong></span> <span class='ocrx_word' id='word_1_803' title='bbox 3460 4940 3514 4995; x_wconf 93' lang='lat' dir='ltr'><strong>in</strong></span> <span class='ocrx_word' id='word_1_804' title='bbox 3540 4940 3647 4996; x_wconf 72' lang='lat' dir='ltr'><strong>via.</strong></span> 
     </span>
    </p>
   </div>
   <div class='ocr_carea' id='block_1_101' title="bbox 2061 5015 3654 5100">
    <p class='ocr_par' dir='ltr' id='par_1_101' title="bbox 2061 5015 3654 5100">
     <span class='ocr_line' id='line_1_101' title="bbox 2061 5015 3654 5100; baseline 0.009 -30"><span class='ocrx_word' id='word_1_805' title='bbox 2061 5015 2254 5088; x_wconf 75' lang='lat' dir='ltr'><strong>[Vt-ms.</strong></span> <span class='ocrx_word' id='word_1_806' title='bbox 2300 5018 2381 5094; x_wconf 89' lang='lat'><strong>9.]</strong></span> <span class='ocrx_word' id='word_1_807' title='bbox 2435 5021 2643 5094; x_wconf 80' lang='lat' dir='ltr'><strong>Diriget</strong></span> <span class='ocrx_word' id='word_1_808' title='bbox 2691 5036 3012 5084; x_wconf 87' lang='lat' dir='ltr'><strong>mansuetos</strong></span> <span class='ocrx_word' id='word_1_809' title='bbox 3060 5029 3115 5083; x_wconf 91' lang='lat' dir='ltr'><strong>in</strong></span> <span class='ocrx_word' id='word_1_810' title='bbox 3153 5028 3385 5100; x_wconf 84' lang='lat' dir='ltr'><strong>judicio,</strong></span> <span class='ocrx_word' id='word_1_811' title='bbox 3435 5032 3654 5087; x_wconf 85' lang='lat' dir='ltr'><strong>docebit</strong></span> 
     </span>
    </p>
   </div>
   <div class='ocr_carea' id='block_1_102' title="bbox 2060 5109 3652 5195">
    <p class='ocr_par' dir='ltr' id='par_1_102' title="bbox 2060 5109 3652 5195">
     <span class='ocr_line' id='line_1_102' title="bbox 2060 5109 3652 5195; baseline 0.009 -31"><span class='ocrx_word' id='word_1_812' title='bbox 2060 5109 2223 5168; x_wconf 85' lang='lat' dir='ltr'><strong>mites</strong></span> <span class='ocrx_word' id='word_1_813' title='bbox 2254 5111 2373 5169; x_wconf 73' lang='lat' dir='ltr'><strong>vias</strong></span> <span class='ocrx_word' id='word_1_814' title='bbox 2409 5128 2560 5171; x_wconf 84' lang='lat' dir='ltr'><strong>suas.</strong></span> <span class='ocrx_word' id='word_1_815' title='bbox 2596 5132 2620 5169; x_wconf 71' lang='grc' dir='ltr'><strong>ι</strong></span> <span class='ocrx_word' id='word_1_816' title='bbox 2668 5114 2786 5173; x_wconf 82' lang='lat' dir='ltr'><strong>Hoc</strong></span> <span class='ocrx_word' id='word_1_817' title='bbox 2812 5121 2991 5189; x_wconf 70' lang='lat' dir='ltr'><strong>magis</strong></span> <span class='ocrx_word' id='word_1_818' title='bbox 3013 5120 3253 5178; x_wconf 74' lang='lat' dir='ltr'><strong>dilucide</strong></span> <span class='ocrx_word' id='word_1_819' title='bbox 3287 5123 3652 5195; x_wconf 79' lang='lat' dir='ltr'><strong>Symmachus</strong></span> 
     </span>
    </p>
   </div>
   <div class='ocr_carea' id='block_1_103' title="bbox 2064 5198 3649 5291">
    <p class='ocr_par' dir='ltr' id='par_1_103' title="bbox 2064 5198 3649 5291">
     <span class='ocr_line' id='line_1_103' title="bbox 2064 5198 3649 5291; baseline 0.008 -34"><span class='ocrx_word' id='word_1_820' title='bbox 2064 5203 2335 5272; x_wconf 73' lang='lat' dir='ltr'><strong>expressit</strong></span> <span class='ocrx_word' id='word_1_821' title='bbox 2375 5222 2389 5259; x_wconf 92' lang='lat'>:</span> <span class='ocrx_word' id='word_1_822' title='bbox 2440 5198 2728 5277; x_wconf 78' lang='lat' dir='ltr'><strong>Propterea</strong></span> <span class='ocrx_word' id='word_1_823' title='bbox 2749 5206 3093 5281; x_wconf 72' lang='lat' dir='ltr'><strong>peccamibtts‘</strong></span> <span class='ocrx_word' id='word_1_824' title='bbox 3127 5210 3269 5269; x_wconf 67' lang='lat' dir='ltr'><strong>biant</strong></span> <span class='ocrx_word' id='word_1_825' title='bbox 3307 5214 3649 5291; x_wconf 55' lang='lat' dir='ltr'><strong>monstrabit.</strong></span> 
     </span>
    </p>
   </div>
   <div class='ocr_carea' id='block_1_104' title="bbox 1480 5478 2545 5547">
    <p class='ocr_par' dir='ltr' id='par_1_104' title="bbox 1480 5478 2545 5547">
     <span class='ocr_line' id='line_1_104' title="bbox 1480 5478 2545 5547; baseline 0.01 -11"><span class='ocrx_word' id='word_1_826' title='bbox 1480 5478 1715 5538; x_wconf 68' lang='lat' dir='ltr'><strong>VARI/15</strong></span> <span class='ocrx_word' id='word_1_827' title='bbox 1756 5484 2145 5545; x_wconf 78' lang='lat' dir='ltr'><strong>LECTIONES</strong></span> <span class='ocrx_word' id='word_1_828' title='bbox 2185 5490 2272 5545; x_wconf 86' lang='lat' dir='ltr'><strong>ET</strong></span> <span class='ocrx_word' id='word_1_829' title='bbox 2311 5488 2545 5547; x_wconf 69' lang='lat' dir='ltr'><strong>NOTAE.</strong></span> 
     </span>
    </p>
   </div>
   <div class='ocr_carea' id='block_1_105' title="bbox 470 5592 1763 5673">
    <p class='ocr_par' dir='ltr' id='par_1_105' title="bbox 470 5592 1763 5673">
     <span class='ocr_line' id='line_1_105' title="bbox 470 5592 1763 5673; baseline 0.01 -28"><span class='ocrx_word' id='word_1_830' title='bbox 470 5592 516 5673; x_wconf 57' lang='lat' dir='ltr'><strong>ff</strong></span> <span class='ocrx_word' id='word_1_831' title='bbox 554 5596 662 5673; x_wconf 54' lang='grc' dir='ltr'><strong>Οὐἶ</strong></span> <span class='ocrx_word' id='word_1_832' title='bbox 683 5598 936 5673; x_wconf 80' lang='lat' dir='ltr'><strong>_Abest_a</strong></span> <span class='ocrx_word' id='word_1_833' title='bbox 961 5598 1180 5673; x_wconf 46' lang='lat' dir='ltr'><strong>eod}.</strong></span> <span class='ocrx_word' id='word_1_834' title='bbox 1254 5672 1273 5673; x_wconf 30' lang='grc' dir='ltr'><strong>η</strong></span> <span class='ocrx_word' id='word_1_835' title='bbox 1298 5600 1345 5673; x_wconf 71' lang='lat'><strong>’_’</strong></span> <span class='ocrx_word' id='word_1_836' title='bbox 1373 5600 1496 5655; x_wconf 89' lang='lat' dir='ltr'><strong>cod.</strong></span> <span class='ocrx_word' id='word_1_837' title='bbox 1529 5601 1567 5656; x_wconf 67' lang='grc' dir='ltr'><strong>Ξ</strong></span> <span class='ocrx_word' id='word_1_838' title='bbox 1597 5602 1763 5673; x_wconf 76' lang='grc' dir='ltr'>ἔχειν.</span> 
     </span>
    </p>
   </div>
   <div class='ocr_carea' id='block_1_106' title="bbox 1873 5605 2757 5678">
    <p class='ocr_par' dir='ltr' id='par_1_106' title="bbox 1873 5605 2757 5678">
     <span class='ocr_line' id='line_1_106' title="bbox 1873 5605 2757 5678; baseline 0.006 -18"><span class='ocrx_word' id='word_1_839' title='bbox 1873 5605 2202 5678; x_wconf 56' lang='grc' dir='ltr'>δξἘτέραν.</span> <span class='ocrx_word' id='word_1_840' title='bbox 2225 5609 2395 5666; x_wconf 87' lang='lat' dir='ltr'><strong>Abest</strong></span> <span class='ocrx_word' id='word_1_841' title='bbox 2446 5625 2479 5665; x_wconf 83' lang='lat' dir='ltr'><strong>a</strong></span> <span class='ocrx_word' id='word_1_842' title='bbox 2526 5611 2650 5667; x_wconf 86' lang='lat' dir='ltr'><strong>cod.</strong></span> <span class='ocrx_word' id='word_1_843' title='bbox 2701 5612 2757 5667; x_wconf 76' lang='lat'><strong>2.</strong></span> 
     </span>
    </p>
   </div>
   <div class='ocr_carea' id='block_1_107' title="bbox 2861 5615 3644 5672">
    <p class='ocr_par' dir='ltr' id='par_1_107' title="bbox 2861 5615 3644 5672">
     <span class='ocr_line' id='line_1_107' title="bbox 2861 5615 3644 5672; baseline 0.006 -5"><span class='ocrx_word' id='word_1_844' title='bbox 2861 5615 2906 5647; x_wconf 75' lang='lat'>“</span> <span class='ocrx_word' id='word_1_845' title='bbox 2936 5617 3088 5669; x_wconf 79' lang='lat' dir='ltr'><strong>Mov.</strong></span> <span class='ocrx_word' id='word_1_846' title='bbox 3125 5615 3295 5670; x_wconf 80' lang='lat' dir='ltr'><strong>AbeSt</strong></span> <span class='ocrx_word' id='word_1_847' title='bbox 3344 5629 3375 5671; x_wconf 80' lang='lat' dir='ltr'><strong>a</strong></span> <span class='ocrx_word' id='word_1_848' title='bbox 3419 5615 3542 5672; x_wconf 84' lang='lat' dir='ltr'><strong>cod.</strong></span> <span class='ocrx_word' id='word_1_849' title='bbox 3587 5616 3644 5672; x_wconf 78' lang='grc'><strong>9..</strong></span> 
     </span>
    </p>
   </div>
   <div class='ocr_carea' id='block_1_108' title="bbox 366 5666 1968 5745">
    <p class='ocr_par' dir='ltr' id='par_1_108' title="bbox 366 5666 1968 5745">
     <span class='ocr_line' id='line_1_108' title="bbox 366 5666 1968 5745; baseline 0.002 -19"><span class='ocrx_word' id='word_1_850' title='bbox 366 5668 413 5745; x_wconf 57' lang='lat' dir='ltr'><strong>ff</strong></span> <span class='ocrx_word' id='word_1_851' title='bbox 448 5666 780 5745; x_wconf 53' lang='lat' dir='ltr'><strong>Mmaoﬁc.</strong></span> <span class='ocrx_word' id='word_1_852' title='bbox 800 5669 924 5745; x_wconf 71' lang='lat' dir='ltr'><strong>eqd.</strong></span> <span class='ocrx_word' id='word_1_853' title='bbox 955 5669 1022 5745; x_wconf 33' lang='grc' dir='ltr'><strong>ᾖ,</strong></span> <span class='ocrx_word' id='word_1_854' title='bbox 1050 5668 1203 5745; x_wconf 72' lang='lat' dir='ltr'><strong>addit</strong></span> <span class='ocrx_word' id='word_1_855' title='bbox 1252 5671 1477 5745; x_wconf 34' lang='grc' dir='ltr'>Ιςύριεε</span> <span class='ocrx_word' id='word_1_856' title='bbox 1506 5674 1574 5745; x_wconf 21' lang='lat' dir='ltr'><strong>A?’</strong></span> <span class='ocrx_word' id='word_1_857' title='bbox 1610 5666 1769 5745; x_wconf 54' lang='grc' dir='ltr'><strong>Ιῑῖουζ</strong></span> <span class='ocrx_word' id='word_1_858' title='bbox 1808 5675 1935 5730; x_wconf 84' lang='lat' dir='ltr'><strong>eod.</strong></span> <span class='ocrx_word' id='word_1_859' title='bbox 1966 5700 1968 5706; x_wconf 59' lang='grc' dir='ltr'><strong><em>λ</em></strong></span> 
     </span>
    </p>
   </div>
   <div class='ocr_carea' id='block_1_109' title="bbox 2066 5666 3644 5745">
    <p class='ocr_par' dir='ltr' id='par_1_109' title="bbox 2066 5666 3644 5745">
     <span class='ocr_line' id='line_1_109' title="bbox 2066 5666 3644 5745; baseline 0.008 -14"><span class='ocrx_word' id='word_1_860' title='bbox 2066 5666 2080 5731; x_wconf 73' lang='grc' dir='ltr'><strong>ἱ</strong></span> <span class='ocrx_word' id='word_1_861' title='bbox 2114 5679 2270 5735; x_wconf 82' lang='lat' dir='ltr'><strong>addit</strong></span> <span class='ocrx_word' id='word_1_862' title='bbox 2300 5682 2387 5737; x_wconf 89' lang='grc' dir='ltr'>σύ.</span> <span class='ocrx_word' id='word_1_863' title='bbox 2468 5681 2515 5714; x_wconf 72' lang='grc'>⁸⁸</span> <span class='ocrx_word' id='word_1_864' title='bbox 2540 5666 2849 5739; x_wconf 16' lang='grc' dir='ltr'>ίἸκίετεύω.</span> <span class='ocrx_word' id='word_1_865' title='bbox 2891 5666 3375 5741; x_wconf 59' lang='grc' dir='ltr'><strong>Αὗθέιάῖὸξιῗεῗ</strong></span> <span class='ocrx_word' id='word_1_866' title='bbox 3425 5666 3644 5745; x_wconf 50' lang='grc' dir='ltr'><strong>ἶίᾞαῖ</strong></span> 
     </span>
    </p>
   </div>
   <div class='ocr_carea' id='block_1_110' title="bbox 366 5738 1968 5827">
    <p class='ocr_par' dir='ltr' id='par_1_110' title="bbox 366 5738 1954 5827">
     <span class='ocr_line' id='line_1_110' title="bbox 366 5738 1954 5827; baseline 0.006 -35"><span class='ocrx_word' id='word_1_867' title='bbox 366 5738 581 5827; x_wconf 42' lang='grc' dir='ltr'><strong>1.),θε..ἰη</strong></span> <span class='ocrx_word' id='word_1_868' title='bbox 613 5739 814 5827; x_wconf 53' lang='lat' dir='ltr'><strong>tumhi,</strong></span> <span class='ocrx_word' id='word_1_869' title='bbox 845 5739 910 5823; x_wconf 39' lang='grc'><strong>2..</strong></span> <span class='ocrx_word' id='word_1_870' title='bbox 979 5740 1024 5773; x_wconf 80' lang='grc'>⁸⁸</span> <span class='ocrx_word' id='word_1_871' title='bbox 1057 5739 1242 5827; x_wconf 50' lang='grc' dir='ltr'>Μέγα.</span> <span class='ocrx_word' id='word_1_872' title='bbox 1277 5738 1401 5796; x_wconf 76' lang='grc' dir='ltr'><strong>ϋεέ.</strong></span> <span class='ocrx_word' id='word_1_873' title='bbox 1441 5743 1578 5827; x_wconf 78' lang='lat' dir='ltr'><strong>ibid.</strong></span> <span class='ocrx_word' id='word_1_874' title='bbox 1656 5746 1698 5827; x_wconf 66' lang='grc' dir='ltr'><strong>ξπ</strong></span> <span class='ocrx_word' id='word_1_875' title='bbox 1832 5747 1954 5827; x_wconf 77' lang='lat' dir='ltr'><strong>cod.</strong></span> 
     </span>
    </p>
   </div>
   <div class='ocr_carea' id='block_1_111' title="bbox 2066 5738 3645 5827">
    <p class='ocr_par' dir='ltr' id='par_1_111' title="bbox 2069 5738 3645 5827">
     <span class='ocr_line' id='line_1_111' title="bbox 2069 5738 3645 5827; baseline 0.006 -23"><span class='ocrx_word' id='word_1_876' title='bbox 2069 5751 2244 5827; x_wconf 79' lang='lat' dir='ltr'><strong>suppl.</strong></span> <span class='ocrx_word' id='word_1_877' title='bbox 2322 5752 2367 5785; x_wconf 81' lang='grc'><strong>³⁸</strong></span> <span class='ocrx_word' id='word_1_878' title='bbox 2409 5751 2469 5805; x_wconf 92' lang='lat'><strong>&#39;0</strong></span> <span class='ocrx_word' id='word_1_879' title='bbox 2519 5738 2852 5823; x_wconf 63' lang='lat' dir='ltr'><strong>Aaoxdtng.</strong></span> <span class='ocrx_word' id='word_1_880' title='bbox 2901 5738 3073 5813; x_wconf 78' lang='lat' dir='ltr'><strong>Abest</strong></span> <span class='ocrx_word' id='word_1_881' title='bbox 3093 5738 3135 5811; x_wconf 63' lang='lat' dir='ltr'><strong>&#39;a</strong></span> <span class='ocrx_word' id='word_1_882' title='bbox 3152 5738 3378 5825; x_wconf 23' lang='lat' dir='ltr'><strong>feel—5.</strong></span> 
     </span>
    </p>
   </div>
   <div class='ocr_carea' id='block_1_112' title="bbox 365 5808 2050 5886">
    <p class='ocr_par' dir='ltr' id='par_1_112' title="bbox 365 5808 2050 5886">
     <span class='ocr_line' id='line_1_112' title="bbox 365 5808 2050 5886; baseline 0.007 -24"><span class='ocrx_word' id='word_1_883' title='bbox 365 5809 705 5878; x_wconf 63' lang='grc' dir='ltr'>οὶκτιζομων.</span> <span class='ocrx_word' id='word_1_884' title='bbox 737 5811 860 5865; x_wconf 77' lang='lat' dir='ltr'><strong>Des.</strong></span> <span class='ocrx_word' id='word_1_885' title='bbox 901 5813 953 5865; x_wconf 88' lang='lat' dir='ltr'><strong>in</strong></span> <span class='ocrx_word' id='word_1_886' title='bbox 990 5808 1376 5880; x_wconf 49' lang='lat' dir='ltr'><strong>vers.&#39;G’racca,</strong></span> <span class='ocrx_word' id='word_1_887' title='bbox 1406 5822 1456 5868; x_wconf 86' lang='lat' dir='ltr'><strong>et</strong></span> <span class='ocrx_word' id='word_1_888' title='bbox 1489 5813 1543 5867; x_wconf 93' lang='lat' dir='ltr'><strong>in</strong></span> <span class='ocrx_word' id='word_1_889' title='bbox 1578 5814 1698 5870; x_wconf 85' lang='lat' dir='ltr'><strong>cod.</strong></span> <span class='ocrx_word' id='word_1_890' title='bbox 1733 5815 1967 5886; x_wconf 80' lang='lat' dir='ltr'><strong>August.</strong></span> <span class='ocrx_word' id='word_1_891' title='bbox 1999 5818 2050 5873; x_wconf 82' lang='grc'><strong>1.</strong></span> 
     </span>
    </p>
   </div>
  </div>
