4090 6420
427 312 566 380 1043

1421 320 1914 387 THEODOIlETI
1952 322 2299 389 EPISCOPI
2333 328 2706 392 CYRENSIS

3580 332 3719 401 ιοιι

427 440 595 485 tatem
620 444 820 497 meam,
848 438 904 486 et
939 430 1181 486 laborem
1208 446 1413 499 meum,
1444 445 1499 488 et
1523 434 1739 493 dimitte
1764 436 2012 499 universa

2124 440 2464 497 ταπείνωσιν
2485 460 2613 513 μου,
2660 444 2756 497 καὶ
2789 444 2883 501 τὸν
2928 444 3099 502 κόπον
3128 462 3252 517 μου,
3288 446 3383 502 καὶ
3420 446 3559 518 ἄφες
3608 451 3719 507 πά-

425 523 624 579 delicta
678 540 818 578 mea.
858 543 877 576 ι
923 521 1121 589 Multas,
1169 523 1367 595 inquit,
1415 525 1744 583 alllictioncs
1795 543 1883 583 me
1912 528 2023 584 cir-

2127 549 2230 595 σας
2258 534 2360 598 τὰς
2395 537 2695 607 ἀνομίαςυ-
2725 555 2850 608 μου.
2886 557 2906 590 ι
2946 538 3191 607 Πολλοῖς,
3217 542 3407 612 φησὶν,
3444 540 3718 611 ἀλγεινοῖς

428 627 725 673 cutustant.
780 619 914 672 Cum
945 617 1113 688 igitur
1162 618 1308 675 hanc
1354 634 1534 676 meam
1567 622 1931 693 abjectionem
1970 635 2012 680 et

2125 628 2468 698 πανταχόθεν
2498 632 3006 703 περιστοιχίζομαι.
3034 631 3256 702 Ταύτην
3285 650 3388 703 μου
3413 633 3595 687 τοίνυν
3617 634 3717 706 τὴν

427 707 705 762 miseriam
758 708 895 763 meis
950 709 1191 779 peccatis
1252 710 1592 781 rependeris,
1645 713 1886 773 concede
1936 728 2023 769 re-

426 801 769 868 missionem,
803 809 970 872 atque
1002 803 1215 857 veniam
1250 804 1456 874 prabe.

491 984 658 1041 Vens.
712 984 800 1042 l9.
858 1004 878 1038 ι
925 984 1156 1056 Respice
1206 986 1467 1052 inimicos
1519 1001 1695 1055 meos,
1753 991 2017 1060 quoniam

424 1082 773 1154 multiplicati
825 1092 974 1147 sunt,
1020 1089 1076 1138 et
1105 1082 1234 1137 odio
1269 1082 1461 1153 iniquo
1493 1085 1733 1140 oderunt
1762 1100 1868 1141 me.
1908 1103 1928 1138 ι
1961 1084 2019 1141 Si

421 1192 531 1231 non
554 1176 765 1241 videor,
795 1176 894 1241 ait,
915 1176 1114 1246 dignus
1135 1159 1501 1245 humanitate,
1527 1193 1652 1233 cum
1678 1179 1880 1235 talibus
1900 1195 2018 1235 ma-

419 1269 489 1325 lis
510 1270 835 1337 colluctans,
862 1271 1048 1333 saltem
1066 1270 1300 1342 injustas
1331 1270 1676 1328 inimicorum
1700 1273 2020 1330 inimicitias

420 1363 790 1436 conspiciens,
826 1363 1222 1420 misericordiae
1253 1365 1575 1436 participem
1600 1366 1762 1438 763
1789 1383 1875 1422 me
1904 1366 2014 1424 fac.

340 1507 346 1513 .
423 1455 482 1512 ln
513 1466 564 1527 te
592 1458 741 1513 enim
792 1457 1038 1533 peccavi,
1066 1472 1189 1515 cum
1210 1467 1300 1514 tua
1332 1469 1602 1531 praecepta
1637 1469 2017 1533 transgressus

424 1550 528 1606 sim
561 1569 576 1607 :
616 1551 692 1605 illi
726 1560 934 1621 autem,
984 1567 1112 1608 cum
1145 1552 1283 1608 nihil
1318 1554 1451 1609 mihi
1484 1554 1617 1610 vitio
1649 1563 1861 1611 vertere
1890 1571 2014 1626 pos-

423 1643 557 1707 sint,
608 1643 812 1715 ittjuste
848 1643 1047 1699 bellum
1082 1654 1299 1717 gerunt.

493 1734 658 1792 Vens.
690 1736 784 1793 20.
831 1756 850 1790 ι
884 1738 1114 1795 Custodi
1138 1740 1380 1795 animam
1411 1756 1612 1808 meam,
1639 1748 1695 1797 et
1720 1756 1854 1797 erue
1882 1757 2008 1810 me;

2122 720 2480 786 ταπείνωσιν,
2513 722 2611 779 καὶ
2654 725 2755 794 τὴν
2800 723 3212 795 ταλαιπωρίαν,
3242 726 3365 789 ταῖς
3415 725 3576 795 ἐμαῖς
3615 727 3735 793 ἀνί

2122 813 2555 879 τιταλαντεύσας
2578 816 2975 897 παρανομίαις,
3003 815 3095 881 δὸς
3119 815 3221 888 τὴν
3246 816 3465 886 ἄφεσιν,
3493 818 3591 871 καὶ
3613 815 3716 888 τὴν

2122 906 2461 978 συγγνώμην
2496 909 2774 980 παράσχε.

2195 1000 2281 1054 ιϐ’.
2324 1017 2345 1052 ι
2386 999 2496 1055 Ἴδε
2524 1000 2654 1067 τοὺς
2705 1002 2940 1077 ἐχθρούς
2977 1017 3105 1081 μου,
3144 1000 3235 1055 ὅτι
3265 999 3713 1072 ἐπληθύνθησαν,

2118 1092 2216 1145 καὶ
2249 1094 2409 1163 μῖσος
2446 1093 2635 1157 ἄδικον
2676 1095 2949 1166 ὲμίσησάν
2984 1111 3078 1167 με.
3122 1111 3145 1151 t
3174 1094 3239 1153 El
3283 1094 3360 1165 μὴ
3395 1093 3543 1148 δοκῶ
3565 1134 3583 1162 9
3605 1111 3716 1171 φη-

2119 1184 2227 1251 σὶν,
2268 1186 2423 1254 ἄξιος
2473 1181 2618 1241 εἶναι
2665 1187 3106 1261 φιλανθρωπίας,
3140 1186 3423 1252 τοσούτοις
3456 1203 3715 1259 προσπα-

2116 1278 2288 1334 λαίων
2325 1281 2538 1348 κακοῖς,
2568 1279 2669 1351 τὴν
2703 1280 2893 1341 ἄδικον
2926 1280 3061 1350 γοῦν
3117 1280 3229 1337 τῶν
3269 1279 3554 1350 πολεμίων
3601 1280 3714 1335 ἀπ-

2115 1369 2335 1449 ἐχθειαν
2358 1370 2717 1443 θεασάμενος,
2741 1372 3161 1449 φιλανθρωπίας
3210 1372 3464 1445 μετάδος.
3505 1370 3605 1435 Et;
3652 1371 3714 1426 σὲ

2116 1461 2227 1534 γὰρ
2257 1464 2692 1537 ἐπλημμέλησα,
2727 1465 2828 1531 τὰς
2858 1465 2958 1531 σὰς
3003 1464 3417 1538 παραϐεϐηκὼς
3439 1464 3669 1529 ἐντολάς
3694 1479 3708 1493 ⁸

2115 1556 2321 1617 ἐκεῖνοι
2340 1555 2398 1609 δὲ
2422 1557 2593 1631 μηδὲν
2619 1555 2877 1626 ἐγκαλεῖν
2934 1556 3153 1627 ἔχοντες
3170 1597 3187 1625 ,
3225 1554 3564 1631 πολεμοῦσιν
3591 1555 3713 1610 ἁδί-

2115 1667 2249 1714 κως.

2185 1749 2255 1797 κ’.
2300 1761 2320 1795 t
2347 1741 2592 1808 Φύλαξον
2618 1742 2719 1814 τὴν
2747 1742 2931 1814 ψυχήν
2966 1759 3093 1813 μου,
3140 1742 3239 1798 καὶ
3277 1742 3440 1814 ῥῦσαί
3475 1759 3543 1815 με
3567 1758 3579 1772 ·
3635 1742 3711 1813 μὴ
3747 1806 3753 1810 ν

422 1843 533 1883 non
560 1830 905 1897 erubescam,
931 1832 1194 1901 quoniam
1225 1834 1440 1904 speravi
1474 1836 1527 1888 in
1561 1843 1633 1889 te.
1664 1854 1683 1885 ι
1720 1834 1831 1891 Etsi
1858 1837 2007 1891 enim

2112 1834 2656 1906 καταισχυνθείην⁸⁶,
2682 1835 2767 1888 ὅτι
2798 1834 3227 1906 ὲπεκαλεσὰμην
3258 1851 3319 1888 σε
3335 1835 3403 1890 ⁸⁷.
3436 1854 3457 1889 ι
3508 1836 3571 1889 Et
3600 1834 3711 1906 γὰρ

420 1918 635 1990 aliquas
696 1929 912 1975 tuarum
944 1922 1125 1993 legum
1157 1932 1536 1996 transgressus
1574 1942 1720 1993 sum,
1764 1934 1948 1983 tamen
1976 1943 2010 1984 a

419 2021 512 2068 tua
549 2013 889 2084 providentia
937 2017 1207 2088 meipsum
1255 2033 1364 2073 non
1405 2006 1691 2090 separavi:
1721 2029 2009 2092 promerca

417 2121 641 2178 quoque
683 2115 745 2165 ut
779 2108 847 2164 ab
876 2108 1127 2166 hostibus
1159 2110 1380 2182 liberer,
1418 2122 1472 2169 et
1512 2123 1570 2169 ut
1600 2130 1894 2171 conscrver
1911 2115 2005 2171 οι)-

415 2213 508 2255 800
514 2215 574 2255 ΓΟ
582 2235 599 2252 ο

494 2291 655 2351 Vsus.
691 2295 784 2351 21.
821 2314 840 2348 ι
874 2295 1202 2356 innocentes
1223 2308 1279 2356 et
1310 2299 1443 2357 recti
1465 2301 1814 2357 adhaeserunt
1846 2300 2005 2366 mihi,

413 2386 541 2455 quia
603 2387 912 2459 exspectavi
965 2396 1037 2443 te.
1088 2407 1108 2441 ι
1163 2388 1233 2445 Ει
1279 2390 1384 2446 hoc
1448 2391 1731 2463 proprium
1785 2389 2006 2446 virtutis

413 2488 503 2536 est
540 2478 913 2550 improborum
957 2483 1411 2540 consuetudinem
1452 2483 1582 2539 odio
1623 2484 1867 2550 habere;
1908 2498 2005 2540 eos

413 2588 546 2627 vero
569 2570 663 2639 qui
686 2569 1053 2639 aequalitatem
1078 2571 1372 2644 honorant,
1391 2588 1445 2633 et
1477 2578 1807 2634 rectitudine
1837 2586 2006 2636 utun-

412 2673 524 2730 tur,
562 2673 616 2720 et
644 2681 673 2720 a
709 2660 920 2721 malitia
948 2665 981 2701 ⁸
1012 2666 1166 2722 liberi
1218 2677 1371 2736 sunt,
1406 2669 1531 2736 bos,
1564 2671 1811 2742 inquam,
1847 2669 2006 2725 lami-

410 2757 574 2814 liares
605 2768 657 2819 et
673 2758 881 2814 amicos
906 2758 1123 2814 habere.
1160 2756 1276 2815 Hoc
1305 2770 1486 2817 autem
1524 2763 1790 2835 propheta
1824 2778 1883 2819 se
1917 2762 2002 2819 fe-

410 2850 554 2907 cisse
601 2851 698 2918 ait,
760 2861 1022 2925 tanquam
1084 2852 1139 2908 in
1191 2851 1299 2910 ltoc
1345 2852 1642 2911 Dominum
1680 2856 1864 2912 colere
1882 2855 2005 2912 exi-

408 2943 664 3001 stimans.

481 3036 645 3093 Vens.
699 3030 792 3099 22.
830 3059 850 3093 ‹
888 3039 1107 3108 Libera,
1141 3040 1309 3109 Deus,
1353 3039 1607 3098 lsraelcm
1636 3059 1704 3099 ex
1746 3044 2005 3100 omnibus

409 3129 861 3188 tribulationibus
898 3132 1066 3188 illius.
1111 3152 1130 3185 ι
1174 3132 1305 3188 Hatc
1336 3134 1649 3205 deprecatio
1684 3135 1796 3192 Deo
1821 3137 2003 3193 oblata
2031 3157 2074 3217 (ς

410 3223 527 3294 regi
559 3224 838 3278 convenit.
865 3223 1030 3281 Decet
1056 3225 1203 3280 enim
1232 3241 1384 3294 eum,
1414 3227 1509 3297 qui
1543 3227 1597 3282 in
1617 3226 1849 3298 imperio
1873 3243 2005 3283 con-

412 3315 639 3370 stitutus
672 3322 777 3381 est,
809 3315 877 3369 de
905 3316 1140 3371 subditis
1164 3332 1384 3373 omnem
1413 3317 1603 3373 curam
1632 3334 1845 3392 gerere.
1873 3318 2006 3376 Pro-

411 3417 598 3478 pterca
640 3407 835 3463 beatus
870 3406 1038 3464 David
1070 3423 1178 3465 non
1206 3417 1419 3464 tantum
1452 3424 1553 3481 pro
1582 3425 1643 3467 se
1674 3426 1865 3481 preces
1903 3411 2003 3469 ob-

410 3500 559 3566 tttlit,
587 3516 777 3555 verum
810 3500 974 3554 etiam
1011 3515 1112 3571 pro
1141 3500 1345 3572 populo
1367 3501 1467 3558 sibi
1496 3504 1822 3571 commisso,
1858 3513 2004 3561 tam~

410 3592 516 3648 etsi
567 3591 622 3648 in
677 3592 797 3662 ejus
830 3593 923 3665 qui
977 3593 1117 3650 bene
1164 3595 1536 3667 praeclareque
1597 3607 1798 3669 regnat
1828 3599 2006 3655 salute

412 3685 731 3742 communis
779 3686 990 3743 utilitas
1032 3687 1216 3757 populi
1257 3688 1532 3746 consistit.
1574 3691 1787 3747 Habent
1820 3702 2003 3749 autem

411 3787 467 3833 et
502 3777 670 3833 alium
711 3793 934 3835 sensum
977 3779 1095 3836 haec
1121 3781 1307 3837 verba.
1342 3781 1559 3840 Divisus
1586 3793 1706 3841 erat
1733 3783 1921 3851 Israel,
1952 3793 2008 3841 et

412 3881 663 3941 tempore
718 3870 924 3938 Saulis,
957 3881 1014 3930 et
1044 3873 1481 3946 Mempbibostte,
1514 3884 1571 3932 et
1609 3877 1912 3935 Absalomi.
1943 3877 2006 3934 Si

410 3965 580 4038 igitur
634 3974 812 4034 tuum,
862 3968 1063 4041 inquit.
1103 3969 1374 4037 auxilium
1408 3969 1574 4043 764
1608 3986 2003 4043 consequerer,

410 4067 466 4127 et
528 4056 716 4121 hostes
769 4074 1108 4137 superarem,
1159 4070 1214 4117 et
1254 4062 1372 4133 ipse
1417 4062 1588 4119 Israel
1612 4064 1773 4120 civile
1801 4066 2005 4122 bellum

412 4150 618 4218 ﬁniret,
674 4166 866 4232 pacem
911 4140 1203 4223 obtineret,
1257 4163 1312 4212 et
1356 4155 1518 4222 bouis
1547 4157 1809 4215 omnibus
1852 4159 2005 4217 fruc-

411 4255 587 4313 retur.

799 4572 1078 4631 INTERP.
1140 4573 1399 4631 PSALMI
1439 4575 1610 4633 XXV.

484 4705 651 4763 Vnus.
698 4709 752 4762 l.
790 4725 811 4761 ι
854 4707 1111 4765 Psalmus
1147 4706 1361 4764 Davidi.
1401 4727 1421 4762 ι
1457 4707 1523 4764 Ει
1549 4709 1700 4773 [tunc
1729 4711 2000 4780 psalmum

412 4799 632 4871 divinus
662 4799 831 4856 David
855 4800 923 4857 de
949 4800 1132 4871 seipso
1161 4800 1375 4868 dixisse.
1430 4802 1568 4860 mihi
1601 4803 1858 4863 videtur:
1884 4809 2004 4863 exi-

413 4895 578 4952 stimo
593 4904 781 4965 autem
799 4894 949 4968 hunc
964 4904 1090 4963 ante
1109 4898 1502 4973 pragcedcntem
1524 4897 1731 4969 scriptu
1742 4914 1791 4965 nt
1810 4899 1835 4955 l'
1833 4900 2000 4959 uisse.

2112 1923 2207 1979 καί
2236 1942 2390 1989 τινας
2420 1924 2531 1978 τῶν
2576 1924 2685 1978 σῶν
2719 1923 3092 1996 παραϐέϐηκα
3133 1924 3316 1996 νόμων
3340 1964 3356 1989 ,
3404 1924 3521 1979 ἀλλ’
3552 1920 3708 1979 οὖν⁸⁸

2109 2017 2211 2088 τῆς
2238 2019 2338 2090 σῆς
2370 2017 2610 2089 ἐμαυτὸν
2658 2017 2762 2071 οὐκ
2809 2015 3054 2088 ἑχὼρισα
3085 2016 3469 2088 προμηθείας·
3506 2016 3587 2070 διὸ
3615 2016 3710 2070 καὶ

2113 2110 2381 2184 ῥυσθῆναι
2412 2109 2524 2169 τῶν
2564 2108 2972 2182 πολεμούντων,
3011 2108 3107 2164 καὶ
3148 2109 3490 2182 φυλαχθῆναι
3518 2127 3701 2183 παρα-

2111 2203 2289 2258 καλῶ.

2180 2275 2291 2351 καί
2335 2313 2354 2347 t
2382 2295 2618 2353 ’Δκακοι
2655 2294 2753 2355 καὶ
2794 2292 2972 2359 εὐθεῖς
3001 2292 3302 2349 ὲκολλῶντό
3332 2310 3445 2365 μοι,
3478 2295 3563 2348 ὅτι
3597 2293 3704 2349 ὑπ-

2108 2384 2303 2456 έμεινά
2350 2403 2434 2450 σε,
2468 2384 2663 2457 Κύριε.
2711 2404 2731 2438 ι
2787 2386 2898 2439 Καὶ
2940 2383 3102 2440 τοῦτο
3119 2385 3168 2419 ⁸⁸
3199 2384 3334 2441 ἴδιον
3384 2385 3612 2457 ἀρετῆς.
3646 2384 3708 2438 τὸ

2111 2482 2290 2550 μισεῖν
2320 2479 2420 2551 μὲν
2449 2478 2557 2532 τῶν
2604 2476 2826 2550 φαύλων
2862 2479 2965 2544 τὰς
3011 2464 3325 2546 συνουσίας,
3360 2479 3490 2543 τοὺς
3514 2478 3575 2533 δὲ
3606 2478 3709 2555 τὴν

2110 2572 2333 2645 ἰσότητα
2363 2572 2664 2644 τιμῶντας,
2694 2572 2792 2626 καὶ
2819 2571 3079 2643 εὐθύτητι
3107 2572 3447 2644 χρωμένους,
3476 2571 3573 2626 καὶ
3606 2588 3708 2625 κα-

2105 2665 2232 2729 κίας
2299 2663 2795 2735 ἀπηλλαγμένους,
2849 2662 3104 2735 συνήθεις
3153 2662 3299 2734 ἔχειν
3349 2665 3447 2718 καὶ
3495 2663 3704 2732 φίλους.

2107 2758 2283 2812 Τοῦτο
2298 2759 2346 2791 ⁸⁸
2376 2758 2486 2830 γὰρ
2515 2756 2612 2811 καὶ
2640 2759 2670 2811 ό
2702 2757 2992 2829 προφήτης
3021 2756 3127 2829 ἔφη
3180 2755 3566 2829 πεποιηκέναι,
3606 2755 3705 2811 ἅτε

2105 2851 2171 2922 δὴ
2206 2849 2532 2923 θεραπεύειν
2559 2851 2617 2906 ὲν
2632 2850 2676 2882 ⁹¹
2719 2850 2896 2921 τούτῳ
2924 2851 2988 2924 δὴ
3004 2852 3051 2884 ⁹¹
3088 2848 3183 2904 τὸν
3220 2849 3505 2921 Δεσπότην
3535 2846 3705 2920 ἡγού-

2109 2961 2290 3015 μενος.

2177 3032 2283 3102 κβ’.
2311 3052 2331 3086 ‹
2355 3033 2667 3105 Δύτρωσαι,
2697 3035 2726 3087 ό
2751 3034 2910 3098 Θεὸς,
2937 3035 3030 3089 τὸν
3055 3033 3272 3106 Ἰσραὴλ
3298 3033 3365 3088 ἐκ
3386 3033 3575 3093 πασῶν
3590 3034 3699 3088 τῶν

2107 3124 2343 3197 θλίψεων
2372 3126 2562 3183 αὑτοῦ.
2590 3147 2609 3180 ι
2640 3126 2919 3181 Βασιλεῖ⁹³
2941 3127 3228 3199 πρέπουσα
3258 3128 3291 3199 ἡ
3319 3126 3698 3199 προσενεχθεῖ-

2107 3235 2177 3272 σα
2209 3217 2289 3290 τῷ
2319 3218 2441 3290 Θεῷ
2470 3219 2774 3290 προσευχὴ.
2807 3219 3083 3290 Προσήκει
3121 3218 3233 3290 γὰρ
3263 3219 3354 3273 τὸν
3387 3219 3575 3289 ἄρχειν
3610 3235 3700 3274 τε·

2104 3313 2400 3384 ταγμένον,
2445 3315 2628 3375 πᾶσαν
2672 3312 3069 3385 ποιήσασθαιθδ
3096 3313 3207 3368 τῶν
3244 3313 3501 3385 ὑπηκόων
3543 3313 3703 3383 κηδε·

2108 3406 2321 3476 μονίαν.
2375 3405 2477 3460 Διά
2507 3422 2592 3461 τοι
2639 3404 2801 3459 τοῦτο
2836 3406 2933 3461 καὶ
2973 3407 3003 3460 ό
3051 3406 3377 3477 μακάριος⁹⁶
3407 3405 3595 3470 Δαύὶδ,
3637 3405 3702 3462 οὐ

2108 3501 2271 3569 μόνον
2302 3497 2447 3568 ὑπὲρ
2476 3496 2739 3552 ἑαυτοῦ⁹⁶
2781 3499 3151 3571 προσενήνοχε
3196 3498 3294 3570 τὴν
3342 3498 3531 3571 εὐχὴν,
3567 3497 3707 3555 ἀλλὰ

2105 3593 2201 3648 καὶ⁵
2251 3592 2394 3663 ὑπὲρ
2447 3591 2934 3663 ὲγκεχειρισμένου
2968 3590 3099 3647 λαοῦ
3119 3611 3135 3627 ο
3181 3592 3415 3658 dum"
3449 3610 3510 3646 τε
3541 3594 3639 3648 καὶ
3663 3594 3702 3666 ἡ

2103 3683 2200 3739 τοῦ
2227 3679 2287 3738 εὗ
2336 3685 2433 3739 καὶ
2485 3684 2670 3747 καλῶς
2701 3684 3088 3755 βασιλεύοντος
3135 3686 3383 3758 σωτηρία
3416 3687 3571 3758 κοινὴ
3603 3686 3702 3741 τοῦ

2103 3777 2234 3833 λαοῦ
2271 3777 2614 3850 καθέστηκεν
2633 3779 2679 3811 ⁸⁸
2708 3778 2969 3848 ὠφέλεια.
3008 3779 3161 3851 Ἔχει
3188 3779 3246 3834 δὲ
3274 3779 3371 3834 καὶ
3400 3780 3594 3854 ἑτέραν
3619 3781 3705 3834 ἐν-

2104 3888 2257 3927 νοιαν
2311 3871 2373 3926 τδ
2422 3871 2609 3944 ῥητόν.
2662 3871 2899 3944 Διῄρητο
2941 3874 2971 3926 ὁ
3017 3872 3260 3944 Ἰσραὴλ,
3311 3874 3406 3928 καὶ
3457 3875 3555 3933 ἐπὶ
3603 3872 3702 3929 τοῦ

2104 3964 2300 4033 Σαοὺλ,
2330 3966 2426 4020 καὶ
2447 3963 2539 4019 ἐπὶ
2561 3963 2657 4019 τοῦ
2685 3964 3047 4036 Μεμφιϐοσθὲ
3059 3967 3127 4032 ³⁸,
3159 3966 3255 4021 καὶ
3272 3965 3368 4020 ἐπὶ
3394 3965 3493 4021 τοῦ
3513 3966 3706 4020 ’Δσεσ-

2105 4056 2361 4128 σαλώμί.
2385 4057 2448 4113 El
2478 4056 2685 4124 τοίνυν,
2718 4058 2858 4129 φησὶ
2872 4059 2916 4125 ³,
2956 4058 3058 4129 τῆς
3093 4058 3195 4129 σῆς
3241 4059 3416 4133 ῥοπῆς
3456 4058 3704 4114 ἀπολαύ-

2106 4166 2288 4220 σαιμι,
2338 4149 2436 4205 καὶ
2487 4148 2756 4221 κρείττων
2800 4150 3068 4220 γενοίμην
3107 4150 3220 4205 τῶν
3259 4150 3566 4222 δυσμενῶν,
3607 4151 3704 4205 καὶ

2104 4240 2272 4304 αὐτὸς
2318 4241 2349 4293 ό
2406 4240 2661 4311 Ἰσραὴλ,
2722 4241 3024 4312 ὲμφύλιον⁸
3072 4241 3313 4313 πόλεμον
3363 4242 3701 4310 καταλύσας,

2106 4333 2331 4404 εἰρήνης
2389 4330 2677 4398 τεύξεται,
2731 4331 2828 4385 καὶ
2881 4334 2999 4397 τοῖς
3059 4334 3173 4396 σοῖς
3228 4332 3460 4402 ἀγαθοῖς
3506 4336 3702 4406 ἐντρυ-

2109 4425 2293 4497 φήσει.

2418 4584 2689 4641 ΕΡΜΗΝ.
2728 4583 2871 4639 ΤΟΥ
2910 4585 3019 4641 KE’
3057 4585 3381 4641 ΨΑΛΜΟΥ.

2178 4726 2251 4777 α’.
2292 4737 2312 4772 t
2343 4720 2578 4792 Ψαλμδς
2612 4720 2693 4792 τῷ
2724 4721 2908 4776 Δαϐίδ.
2943 4740 2962 4775 ι
3006 4721 3115 4780 Καὶ
3143 4718 3336 4775 τοῦτον
3363 4719 3458 4774 τὸν
3482 4719 3698 4791 ψαλμὸν

2104 4812 2134 4866 ό
2161 4810 2305 4875 θεῖος
2334 4812 2500 4867 Δαϐὶδ
2532 4814 2611 4878 εἰς
2642 4813 2843 4868 ἑαυτὸν
2872 4813 3155 4887 εἰρηκέναι
3189 4812 3341 4871 δοκεῖ
3371 4829 3496 4884 μοι’
3531 4809 3700 4884 ἠγοῦ-

2109 4921 2211 4976 μαι
2242 4905 2300 4960 δὲ
2325 4904 2516 4962 τοῦτον
2557 4906 2769 4971 ἐκείνου
2816 4906 3246 4979 προγενέστερον
3285 4902 3447 4962 εἶναι.
3502 4905 3563 4960 Ὃ
3595 4903 3695 4977 μὲν

1516 5130 1757 5191 VARUS
1799 5130 2187 5190 LECTIONES
2223 5134 2312 5192 ΕΤ
2346 5133 2586 5192 NOTAE.

484 5307 534 5342 ⁸⁸
576 5307 879 5379 Ἀνομίας.
911 5308 1036 5366 eod.
1060 5311 1113 5370 1.
1145 5314 1182 5368 2
1207 5314 1328 5385 ἁμα
1401 5316 1505 5381 ίας,
1531 5330 1654 5386 qum
1695 5324 1783 5373 est
1813 5331 1925 5372 rec.
1963 5315 2124 5370 lectio
2152 5314 2211 5370 ιι.
2241 5315 2280 5370 1.
2376 5314 2429 5399 ξ’
2459 5312 2558 5377 Μὴ
2588 5317 3121 5407 καταισχυνθείην.
3166 5316 3339 5373 Abest
3381 5330 3412 5370 a
3463 5313 3599 5396 cod.~
3635 5308 3691 5366 2.

500 5377 1000 5463 Ὲπεκαξεσάμην
1027 5399 1122 5439 σε.
1151 5385 1275 5440 cod.
1320 5333 1395 5441 Γ
1387 5387 1594 5457 ἤλπισα
1623 5386 1717 5439 ἐπὶ
1750 5388 1833 5447 σὲ,
1865 5402 1989 5456 qua;
2016 5395 2103 5442 est
2118 5400 2230 5441 rec.
2267 5385 2449 5441 lectio.
2524 5383 2572 5417 ⁸⁸
2614 5387 2916 5467 Αεὶλόυν.
2947 5388 3069 5451 cod.
3111 5388 3136 5445 l
3173 5387 3329 5447 ἀλλά.
3405 5386 3452 5418 ⁸⁸
3492 5389 3691 5441 Τουτο.

486 5452 540 5507 d.
574 5453 608 5505 5
637 5452 789 5507 addtt
820 5451 899 5505 δέ.
1005 5453 1052 5485 ⁹⁰
1088 5454 1270 5508 Τοῦτο
1290 5488 1360 5498 -
1386 5459 1741 5508 ἣγούιιενοο.
1773 5457 1896 5508 Des.
1928 5457 1982 5508 in
2012 5456 2136 5508 cod.
2166 5456 2220 5508 5.
2252 5456 2295 5488 ”
2349 5457 2471 5508 Ἐν.
2501 5453 2626 5508 Des.
2662 5470 2715 5508 tn
2753 5458 2876 5508 cod.
2906 5457 2962 5508 2.
3015 5458 3061 5490 ⁹²
3085 5458 3189 5508 Avi.
3218 5457 3390 5508 Abest
3424 5472 3452 5508 a
3482 5456 3604 5508 cod.
3640 5453 3691 5508 Ι.

1088 5456 1270 5515 Τοῦτο
1290 5488 1360 5498 -
1386 5459 1741 5528 ἡγούμενος.
1773 5457 1896 5511 Des.
1928 5457 1982 5511 in

1102 5525 1136 5579 5
1164 5526 1317 5581 addit
1345 5527 1426 5583 δέ.
1523 5524 1571 5562 ’⁸
1600 5528 1723 5582 cod.
1761 5526 1803 5581 3
1835 5529 2012 5580 ποιεῖσ

1088 5626 1121 5635 -
1158 5595 1435 5649 ὠφέλεια.
1472 5597 1600 5649 Des.
1635 5597 1693 5649 in
1738 5595 1858 5649 cod.
1904 5596 1960 5649 3.

2120 5495 2136 5510 .
2166 5456 2220 5511 5.
2252 5456 2295 5488 ”
2349 5457 2471 5515 Ἐν.
2501 5456 2626 5511 Des.
2662 5456 2715 5508 in
2753 5458 2876 5515 cod.
2906 5457 2962 5512 2.
3015 5458 3061 5490 ”
3085 5458 3189 5526 Δή.
3217 5457 3390 5517 Abest
3424 5472 3453 5511 a
3482 5456 3604 5511 cod.
3640 5456 3691 5517 Ι,

2114 5567 2128 5582 .
2224 5528 2271 5560 ⁸⁸
2305 5522 2629 5594 Μακάριος.
2664 5523 2835 5589 Abest
2887 5543 2920 5583 a
2948 5529 3070 5585 cod.
3107 5529 3163 5585 2.
3284 5528 3331 5561 '°
3357 5528 3481 5582 COlL
3521 5525 3557 5580 2
3580 5534 3636 5581 et
3660 5526 3691 5579 5

2145 5600 2405 5649 Καθεστ.
2449 5595 2725 5649 ὠφέλεια.
2786 5597 2907 5649 cod.
2939 5598 2977 5649 2
3014 5598 3414 5649 καθεστηκέναι
3462 5597 3691 5649 ὀφείλει.

1692 5642 1694 5653 ι
1738 5595 1858 5651 cod.
1904 5596 1960 5651 3.
2062 5595 2109 5631 ⁸⁸
2145 5600 2405 5652 Καθεστ.
2449 5595 2725 5664 ὠφέλεια.
2786 5597 2907 5652 cod.
2939 5598 2977 5652 2
3014 5598 3414 5667 καθεστηκέναι
3462 5597 3693 5664 ὀτρείλει.

1692 5666 2155 5738 ί-Ἀὸξεσσαλώμ.
2213 5669 2336 5721 cod.
2368 5667 2393 5721 1
2423 5666 2601 5738 addit,
2627 5667 2721 5721 καὶ
2753 5667 2847 5722 ἐπὶ
2883 5669 2980 5724 τοῦ
3011 5668 3227 5723 Σεϐεαί.
3261 5670 3385 5724 cod.
3416 5668 3452 5723 2
3481 5668 3578 5722 καὶ
3603 5667 3698 5738 ἐπὶ

341 5382 351 5391 “
414 5381 459 5413 ⁸⁷
500 5377 1000 5451 Ὲπεκαζλεσάμην
1027 5399 1122 5439 σε.
1151 5377 1275 5440 εοᾶ.

415 5452 540 5507 cod.
574 5453 608 5505 3
637 5451 789 5507 addit
820 5451 899 5505 δέ.

412 5521 468 5589 2,.
572 5522 621 5555 ’³
647 5521 917 5585 Βασιλεῖ,
943 5522 1068 5578 cod.
1102 5525 1136 5579 5
1164 5526 1317 5581 addit
1345 5521 1426 5583 δέ.

415 5592 606 5667 αύτοῦ.
644 5664 656 5667 _
703 5593 750 5667 ξ’
795 5594 1018 5667 "Aliae
1049 5595 1435 5667 —7dl50é1€lq.
1472 5597 1600 5653 Des.
1635 5597 1703 5667 itti
1738 5595 1858 5651 cod.
1904 5596 1960 5651 3.

417 5662 467 5694 "
482 5663 602 5739 ﬁgi.
630 5663 730 5729 ἐπὶ
754 5662 862 5739 got?
888 5667 1083 5739 Msmg.
1127 5662 1252 5739 Des.
1290 5668 1342 5739 in
1371 5662 1505 5739 cod.
1526 5668 1580 5722 3.

417 5733 526 5810 σςοῇ
549 5732 852 5810 Βηρσαϐεέ.
884 5732 1066 5793 εοᾶ.’5
1095 5738 1190 5793 καὶ
1219 5738 1313 5793 ἐπὶ
1342 5738 1438 5793 τοῦ
1469 5736 1669 5809 Σαμεέ.
1706 5735 1866 5793 Conf.
1899 5752 1953 5810 p.
1975 5732 2102 5794 715.

418 5802 472 5870 l,
494 5803 530 5859 2
557 5802 747 5875 prtem.
779 5803 893 5866 τόν.

2382 5314 2429 5407 .‘f
2459 5312 2572 5407 Μὶν.
2588 5317 3133 5407 cessasset.
3166 5316 3339 5407 ᾼΡρξι
3381 5308 3691 5407 3.02533-

3284 5528 3331 5561 ⁸⁸
3357 5528 3481 5582 COtL
3521 5525 3557 5580 2
3580 5534 3636 5581 et
3660 5526 3695 5579 ’5

2219 5739 2241 5770 ³
2271 5737 2449 5808 Φησί.
2474 5735 2643 5795 Abest
2661 5753 2694 5793 a
2724 5738 2848 5796 cod.
2877 5738 2928 5805 1,
2953 5738 3009 5803 2.
3113 5741 3135 5773 ³
3175 5740 3524 5810 urgeamur.
3569 5737 3695 5799 cod.
