2054 3220
241 175 310 207 1059

278 233 359 260 Vens.
378 232 404 260 5.
425 242 434 258 ι
453 230 587 264 Quaniam
602 237 657 257 non
674 228 869 255 intellexerunt
882 233 965 261 opera
982 224 1036 251 Do-
1051 227 1073 255 Α

241 278 318 311 mini,
332 283 358 305 et
368 284 450 313 opera
462 283 593 303 inanuum
608 274 704 310 ipsius.
721 282 730 298 ι
746 272 809 299 llaec
818 276 920 303 autem,
936 270 1036 305 inquit,

243 323 376 355 fecerunt,
391 331 454 349 cum
468 327 557 357 neque
574 326 742 350 sermonem,
767 325 858 352 neque
875 325 945 352 opus
968 317 1039 344 divi-

221 377 307 399 .nnm
330 369 435 396 discere
460 366 610 396 voluerint.
627 375 636 392 ε
655 365 805 400 Propterea
829 364 886 398 jam
911 363 1038 391 destrues

244 415 316 446 illos,
332 420 359 442 et
381 422 435 442 non
453 413 604 442 aadiiicabis
621 420 679 440 eos.
705 421 715 438 ›
734 410 815 439 Utilis
831 410 903 437 enim
919 413 962 437 est
980 417 1040 437 ma-

243 462 276 489 lis
291 460 449 489 architectis
461 460 536 496 pravi
552 458 660 486 aediﬁcii
673 457 791 485 eversio.
807 455 839 483 Et
851 456 915 484 hinc
930 462 1040 490 quaque

242 507 419 535 manifestum
442 513 485 534 est
513 513 577 533 eum
607 505 660 532 ista
683 510 745 539 qua:
777 502 859 536 paulo
884 506 948 529 ante
968 501 1040 529 dicta

241 558 317 585 sunt,
340 554 481 588 propheta:
497 558 574 579 more
592 550 704 580 dixisse,
728 557 781 576 non
797 549 865 584 ipsis
881 548 1038 583 imprecan-

242 603 309 632 tem,
339 599 386 627 sed
407 598 500 625 futura
528 596 733 632 praedicentem.
755 596 815 622 Non
838 595 911 622 enim
932 594 971 621 ait
995 594 1041 621 de-

242 651 326 676 strue.
343 645 400 677 sed,
415 645 537 671 destrnes
547 649 571 670 et
585 651 635 669 non
652 642 810 677 ardiﬁcabis.
826 640 924 668 Postea
944 648 1041 668 rursus

242 691 336 718 divina
359 690 525 718 revelatione
541 688 655 723 potitus,
673 693 701 715 et
719 696 734 715 a
752 688 901 723 longinquo
915 686 1040 714 futurum

242 737 377 764 auxilium
407 735 595 770 conspicatus,
625 734 659 762 ad
685 734 851 769 hymnorum
876 733 1040 760 cantilenam

242 783 366 818 linguam
382 782 516 810 admovit.

278 828 363 856 Vens.
375 828 402 860 6,
417 828 445 854 7.
458 837 467 853 ‹
482 827 644 855 Benedictus
657 826 803 858 Dominus,
813 825 945 861 quoniam
962 832 1044 852 exau-

243 875 311 901 divit
339 882 435 901 vocem
463 872 665 908 deprecationis
683 879 761 898 meae.
782 870 915 897 Dominus
934 870 1043 905 adjutor

243 928 322 949 meus
343 925 395 954 est,
413 924 440 947 et
456 924 596 955 protector
610 926 698 946 meus.
728 921 737 944 ὑ
755 917 788 944 Et
808 917 955 945 ostendens
980 924 1045 943 cau-

243 975 302 996 sam
313 966 447 1002 repentini
458 965 552 993 auxilii
561 965 703 1000 subjunxit
715 974 721 992 :
732 964 813 1000 777
823 973 831 989 ε
848 963 876 990 In
886 963 946 998 ipso
956 970 1047 998 spera-

243 1014 338 1042 vitcor
348 1018 484 1046 meum,et
492 1012 603 1046 adjutus
616 1019 688 1043 sum,
697 1015 725 1038 et
736 1010 859 1038 reﬂoruit
870 1016 934 1037 caro
946 1017 1016 1036 mea.
1033 1018 1042 1035 ι

245 1060 313 1095 Spes
335 1060 419 1092 enim,
443 1066 526 1094 quam
539 1058 566 1085 in
582 1057 642 1091 ipso
652 1056 798 1089 collocavi,
810 1055 862 1082 fuit
880 1054 946 1081 mihi
962 1054 1044 1088 hujus

244 1105 422 1141 providentiae
439 1104 627 1132 conciliatrix.
648 1103 833 1136 Quamobrem
856 1102 990 1129 liberatus
1005 1101 1042 1128 ab

248 1160 384 1184 erumna,
401 1159 483 1186 quam
506 1156 618 1186 propter
635 1150 728 1185 fugam
753 1155 900 1183 ρειτῃρδειιδ
915 1155 989 1180 sum,
1008 1155 1045 1174 1³0·

244 1198 328 1230 virui,
341 1203 368 1225 et
383 1198 473 1230 ﬂorui,
487 1202 571 1232 atque
587 1197 686 1224 bonam
712 1195 838 1230 corporis
854 1193 1043 1221 habitudinem

247 1252 281 1272 ex
298 1244 393 1271 laetitia
406 1243 507 1278 recepi.
526 1252 536 1269 ι
550 1242 584 1269 Et
598 1250 631 1270 ex
648 1242 789 1270 voluntate
811 1247 871 1268 mea
892 1240 1043 1268 conﬁtebor

244 1292 281 1318 ei.
306 1300 316 1317 ι
339 1290 396 1318 11οο
409 1294 461 1322 est,
478 1297 533 1317 non
549 1289 663 1320 inritus,
676 1289 723 1316 sed
743 1295 802 1315 mea
817 1291 914 1321 sponte
930 1286 980 1321 ipsi
1002 1285 1045 1312 of-

246 1336 306 1364 fero
322 1337 466 1371 hymnum.
484 1335 531 1363 Sic
544 1339 572 1362 et
586 1334 652 1362 alibi
666 1334 704 1361 ait
721 1343 727 1360 :
748 1342 757 1359 ‹
777 1332 939 1360 Voluntarie
957 1331 1044 1359 sacri-

244 1382 332 1409 ﬁcabo
358 1381 406 1408 tibi
425 1381 452 1415 i;
473 1391 483 1407 ι
510 1385 538 1408 et
555 1388 674 1407 rursus:
692 1389 702 1405 ι
722 1377 885 1406 Voluntaria
903 1377 963 1405 oris
988 1376 1042 1404 mei

245 1426 305 1458 tibi.
318 1434 423 1462 quaeso,
439 1427 575 1461 placeant,
590 1425 705 1452 Domine
722 1423 745 1451 i.
765 1433 775 1450 ι

281 1472 365 1501 Vens.
385 1472 412 1500 8.
435 1482 444 1498 ι
466 1472 601 1500 Dominus
623 1477 664 1498 est
683 1470 815 1498 fortitudo
836 1470 929 1505 populi
945 1469 1000 1501 sui,
1016 1473 1043 1496 et

245 1524 385 1555 protector
404 1519 590 1547 salvationum
604 1518 709 1546 Christi
730 1518 772 1545 sui
790 1521 841 1544 est.
860 1526 869 1542 ι
889 1517 977 1544 Canto
992 1524 1041 1542 au-

245 1571 299 1594 tem
316 1567 418 1602 ipsum,
435 1571 465 1593 ut
479 1566 582 1593 bonum
603 1564 765 1596 Dominum,
780 1564 826 1599 qui
843 1563 1001 1598 suppeditat
1015 1566 1042 1590 et
1055 1571 1077 1599 ε

246 1613 314 1648 regi,
331 1617 359 1640 et
374 1612 486 1648 populo,
504 1612 619 1646 copiose
633 1610 836 1642 fortitudinem,
854 1614 881 1636 et
908 1608 1003 1640 robur,
1016 1612 1043 1636 et

246 1659 375 1686 salutem.
391 1658 531 1685 Christum
550 1658 624 1685 enim
648 1657 769 1691 seipsum
784 1660 814 1683 ut
830 1663 920 1690 regem
936 1662 1044 1682 nuncu-

247 1708 313 1739 pat:
329 1704 382 1731 hoc
398 1711 517 1739 namque
531 1711 631 1731 nomen
641 1709 788 1730 commune
804 1706 874 1735 erat,
892 1706 919 1729 et
936 1708 1041 1737 regum,

245 1753 274 1777 et
289 1749 496 1784 prophetarum,
513 1753 541 1775 et
558 1747 743 1776 sacerdotum.

283 1795 367 1823 Vens.
381 1795 407 1823 9.
425 1804 434 1821 ε
449 1795 561 1823 Salvum
578 1794 621 1822 fac
633 1794 764 1829 populum
777 1799 866 1826 tuum,
878 1793 1003 1826 Domine,
1016 1797 1044 1820 et

246 1842 362 1870 benedic
376 1842 528 1870 lizereditati
546 1847 609 1876 true,
624 1847 650 1869 et
662 1851 743 1878 pasce
758 1850 815 1875 cos,
831 1846 858 1869 et
871 1842 970 1869 extolle
982 1842 1043 1869 illos

248 1895 336 1923 usque
351 1888 378 1914 in
394 1893 537 1915 aeternum.
559 1897 569 1913 ι
594 1888 671 1915 Hanc
696 1887 789 1923 igitur,
807 1888 907 1922 inquit,
929 1887 1044 1914 benedi-

248 1935 368 1962 ctionem
391 1938 419 1962 et
440 1934 555 1962 salutem
581 1942 643 1962 cum
665 1939 712 1962 tuo
729 1935 831 1969 populo
856 1933 1042 1965 communica,

247 1982 379 2017 dirigens.
394 1985 422 2008 et
445 1987 571 2016 pascens,
596 1986 624 2008 et
649 1980 827 2015 superiores'
847 1980 973 2008 hostibus
988 1976 1044 2007 elli-

246 2028 334 2056 cicns.
352 2027 385 2054 Et
404 2032 480 2054 certe
501 2027 558 2062 regi
585 2028 782 2055 convenientes
798 2030 863 2054 sunt
885 2033 979 2061 preces
994 2033 1043 2061 pro

247 2073 362 2109 populo.
379 2071 432 2101 Sed
449 2073 559 2108 dignum
583 2080 693 2108 quoque
707 2077 748 2100 est
762 2072 955 2105 admiratiOne,
970 2071 1044 2106 quod

248 2127 366 2155 magnus
380 2119 465 2146 David
482 2119 556 2152 facit,
579 2120 638 2154 qui,
658 2126 721 2147 cum
737 2125 799 2146 eum
825 2118 907 2145 etiam
927 2118 1044 2153 pepulus

248 2170 461 2201 persequeretur
474 2165 588 2200 (subditi
607 2165 680 2192 enim
696 2171 759 2190 eum
777 2163 860 2190 Saule
884 2163 974 2197 ipsum
995 2171 1045 2197 op-

248 2211 429 2247 pugnabant),
446 2219 496 2247 pro
506 2212 553 2239 illo
567 2211 639 2245 apud
656 2211 743 2237 Deum
759 2209 934 2245 precabatur.
950 2207 1044 2243 Siqui-

247 2259 309 2286 dem
327 2259 491 2294 praevidebat
508 2258 631 2285 futuram
640 2264 736 2284 eorum
752 2255 961 2283 conversionem
977 2265 983 2282 :
998 2263 1044 2282 ne-
1060 2250 1083 2278 Ι)

247 2313 301 2339 que
318 2305 439 2339 respexit
452 2305 486 2332 ad
501 2303 664 2339 iniustitiam
681 2303 802 2335 illorum,
821 2302 869 2330 sed
888 2307 993 2329 tantum
1009 2301 1043 2328 ad

249 2351 369 2378 futuram
388 2351 561 2378 servitutem.
863 2347 874 2351 “

305 2408 313 2428 i
330 2406 403 2441 Psal.
420 2414 480 2441 Llll,
499 2407 527 2434 6.
566 2408 574 2432 l
596 2406 669 2435 Psal.
690 2413 786 2440 cxrm,
804 2406 866 2434 108.

1061 900 1081 927 Β

717 167 964 201 THEODORETI
983 164 1155 197 EPISCOPI
1179 166 1366 197 CYRENSIS

1817 169 1888 204 1360

1124 227 1154 251 ε’.
1180 233 1189 250 ε
1208 225 1271 251 ’Ὀτι
1288 225 1318 251 οὐ
1339 224 1462 260 συνῆκαν
1486 225 1527 257 είς
1549 225 1582 252 τὰ
1612 226 1682 262 ἔργα
1699 226 1817 262 Κυρίου,
1839 229 1889 256 καὶ

1090 272 1130 302 είς
1146 271 1179 298 τὰ
1196 271 1265 306 ἔργα
1283 272 1337 298 τῶν
1362 271 1464 307 χειρῶν
1479 272 1575 300 αὑτοῦ.
1595 282 1604 299 ι
1626 273 1721 300 Ταῦτα
1735 274 1777 305 δὲ,
1805 276 1888 310 φησὶ,

1090 318 1265 353 δεδράκασιν,
1293 317 1356 344 οὔτε
1378 318 1468 352 λόγον,
1497 318 1560 345 οὔτε
1584 318 1667 355 ἔργον
1694 319 1766 346 θεῖον
1791 321 1890 356 μαθεῖν

1090 365 1283 400 ἐθελήσαντες.
1303 374 1313 391 ς
1336 366 1384 392 Διὸ
1406 365 1439 401 δὴ
1453 365 1476 381 ⁵⁸
1494 365 1620 398 καθελεῖς
1652 367 1764 400 αὐτοὺς,
1790 369 1838 395 καὶ
1856 370 1889 397 οὐ

1093 411 1129 446 μὴ
1143 411 1335 446 οὶκοδομήσεις
1351 410 1374 427 ⁸⁷
1394 411 1506 443 αὐτούς.
1529 421 1538 438 t
1560 412 1712 447 Λυσιτελὴς
1744 413 1800 449 γὰρ
1831 416 1890 447 τοῖς

1091 459 1187 489 κακοῖς
1203 457 1358 493 οἰκοδόμοις
1371 459 1388 494 ἡ
1404 458 1454 493 τῆς
1474 459 1598 495 πονηρᾶς
1620 459 1777 494 οἰκοδομίας
1801 461 1889 488 κατά-

1091 504 1169 536 λυσις
1182 512 1189 519 ·
1202 504 1250 530 καὶ
1263 504 1390 531 ἐντεῦθεν
1403 504 1496 540 μέντοι
1506 505 1597 541 δῆλον,
1608 505 1646 537 ὡς
1654 506 1702 532 καὶ
1713 506 1748 532 τὰ
1758 515 1891 544 προειρη-

1094 551 1164 586 μένα
1182 551 1427 587 προαγορευτικῶς
1451 549 1540 585 εἶπεν,
1557 552 1608 578 οὐκ
1630 552 1723 584 αὐτοῖς
1735 553 1759 569 ιδ
1781 554 1889 589 ἐπαρώ-

1094 605 1186 632 μενος,
1209 597 1279 624 άλλὰ
1311 598 1345 625 τὰ
1374 598 1492 633 ἐσόμενα
1523 599 1739 634 προθεσπίζων·
1768 600 1799 626 οὺ
1834 601 1889 635 γὰρ

1093 641 1154 670 εἷπε
1169 643 1288 676 κάθελε,
1299 644 1377 678 ἀλλὰ,
1391 636 1539 678 κάθελεῖς,
1552 645 1602 672 καὶ
1623 646 1658 672 οὐ
1673 645 1717 680 μὴ
1732 646 1891 681 οἰκοδομή-

1093 697 1159 722 σεις
1172 689 1205 717 ⁸⁸.
1223 688 1290 717 Εἶτα
1311 690 1392 717 πάλιν
1415 691 1465 726 τῆς
1491 690 1567 722 θείας
1591 691 1793 727 ἀποκαλύψεως
1822 692 1892 718 ἀπο-

1093 735 1207 770 λαύσας,
1234 737 1280 763 καὶ
1316 737 1461 774 πόρρωθεν
1499 738 1548 774 ’τὴν
1583 737 1717 774 ἐσομένην
1763 738 1892 773 βοήθειαν

1094 781 1248 817 θεωρήσας,
1263 783 1305 815 εἰς
1319 784 1457 819 ὑμνῳδίαν
1468 783 1518 819 τὴν
1526 784 1650 819 γλῶτταν
1668 785 1807 820 ἐκίνησεν.
1930 796 1935 797 ⁷

1130 832 1168 863 ς’,
1191 829 1225 862 ζ’.
1252 838 1261 855 t
1288 830 1442 865 Εὐλογητὸς
1465 830 1579 866 Κύριος,
1602 832 1644 858 ὅτι
1671 832 1817 867 εἰσήκουσε
1841 831 1893 867 τῆς

1096 876 1188 910 φωνῆς
1204 875 1254 910 τῆς
1271 875 1399 911 δεήσεώς-
1422 884 1484 911 μου.
1507 875 1611 912 Κύριος
1628 876 1727 911 βοηθός
1755 885 1806 911 μου
1820 898 1828 910 ,
1843 876 1892 904 καὶ

1098 917 1306 954 ὑπερασπιστὴς
1323 928 1386 954 μου.
1411 929 1419 945 ι
1445 920 1501 946 Καὶ
1525 920 1634 952 δεικνὺς
1648 920 1699 957 τὴν
1720 921 1811 948 αἰτίαν
1837 921 1890 956 τῆς

1096 963 1209 998 ταχείας
1241 964 1416 1000 ἐπικουρίας,
1455 965 1613 1000 ἐπήγαγεν·
1652 975 1662 992 ‹
1705 966 1797 993 ⁸οτι⁸⁰
1844 966 1891 993 ἐπ’

1096 1009 1171 1045 αὐτῷ
1198 1010 1314 1044 ἤλπισεν
1337 1012 1353 1046 ὴ
1376 1011 1476 1046 καρδία
1487 1020 1550 1046 μου,
1580 1012 1629 1038 καὶ
1655 1011 1828 1048 ὲὸοηθὴθην,
1842 1013 1893 1039 καὶ

1096 1055 1226 1082 ἁνέθαλεν
1258 1056 1275 1091 ή
1304 1056 1373 1091 σάρξ
1389 1064 1449 1090 μου.
1472 1065 1482 1082 ι
1505 1057 1539 1083 Ἦ
1567 1057 1623 1091 γὰρ
1639 1058 1681 1089 εις
1708 1057 1791 1084 αὑτὸν
1808 1058 1892 1090 ἐλπὶς

1096 1101 1226 1136 πρόξενός
1253 1110 1297 1136 μοι
1312 1101 1363 1137 τῆς
1385 1103 1558 1137 προμηθείας
1579 1103 1681 1139 ταύτης
1702 1104 1822 1138 ἐγένετο.
1847 1104 1894 1131 Διὸ

1095 1151 1158 1187 δὴ¹¹
1173 1151 1223 1187 τῆς
1233 1151 1278 1178 διὰ
1292 1151 1343 1187 τὴν
1355 1151 1445 1187 φυγὴν
1472 1152 1623 1187 κακουχίας
1644 1152 1829 1186 ἀπαλλαγεὶς,
1844 1153 1894 1179 ἀν·-

1095 1197 1180 1231 έθηλά
1195 1205 1224 1223 τε
1237 1197 1286 1224 καὶ
1307 1197 1424 1232 ἡνθησα,
1446 1198 1494 1223 καὶ
1508 1198 1557 1231 τὴν
1577 1198 1609 1223 ἐκ
1629 1199 1679 1232 τῆς
1692 1197 1827 1232 εὐθυμίας
1845 1198 1893 1224 εὑ-

1077 1254 1081 1260 ι
1095 1243 1170 1276 εξίαν
1181 1243 1327 1271 ἀπέλαϐον.
1346 1253 1355 1269 ι
1373 1243 1428 1270 Καὶ
1440 1244 1471 1270 ἐκ
1488 1244 1551 1279 θελή
1558 1243 1641 1278 pta-.6;
1658 1252 1710 1278 μου
1723 1243 1893 1279 ἐξομολογή-

1095 1298 1179 1325 σομαι
1193 1290 1278 1325 αὐτῷ.
1298 1299 1307 1316 ι
1331 1290 1406 1317 Ἀντί.
1420 1290 1479 1322 τοῦ,
1495 1291 1531 1318 Οὑ
1551 1290 1649 1326 βίαιον,
1665 1290 1722 1317 ἀλλ’
1737 1290 1894 1318 ἐθελούσιον

1094 1336 1169 1371 αὐτῷ
1178 1336 1327 1371 προσφέρω
1340 1337 1386 1363 τὸν
1401 1336 1486 1372 ὕμνον
1498 1344 1505 1351 '
1522 1336 1594 1364 οὑτω
1607 1336 1654 1363 καὶ
1664 1336 1782 1372 ἀλλαχοῦ
1796 1345 1890 1372 φησιν,

1097 1391 1106 1408 ‹
1126 1382 1277 1414 Ἑκουσίως
1290 1382 1364 1409 θύσω
1378 1392 1430 1414 σοι,
1445 1392 1454 1409 ›
1466 1383 1514 1409 καὶ
1530 1383 1623 1414 πάλιν,
1642 1393 1652 1409 ‹
1666 1383 1708 1410 Τὰ
1718 1383 1832 1410 ἑκούσια
1844 1382 1892 1409 τοῦ

1094 1429 1229 1465 στόματός
1244 1438 1294 1464 μου
1309 1430 1457 1464 εὐδόκησον
1477 1430 1521 1464 δὴ,
1536 1429 1624 1465 Κύριε
1635 1449 1642 1457 .
1659 1439 1669 1456 )

1127 1476 1163 1511 η’.
1188 1485 1197 1502 ι
1217 1477 1320 1512 Κύριος
1333 1476 1500 1512 κραταίωμα
1519 1476 1568 1503 τοῦ
1582 1476 1650 1503 λαοῦ
1667 1476 1751 1503 αὑτοῦ
1775 1476 1890 1510 satur",

1092 1522 1139 1547 καὶ
1155 1521 1365 1557 ὑπερασπιστὴς
1375 1521 1430 1548 τῶν
1444 1520 1589 1557 σωτηρίων
1601 1521 1649 1548 τοῦ
1662 1522 1782 1557 Χριστοῦ
1803 1521 1889 1548 αὐτοῦ

1094 1568 1178 1595 ἐστιν.
1198 1576 1207 1593 ›
1228 1567 1321 1602 Ὑμνῶ
1330 1567 1358 1594 δὲ
1371 1567 1453 1594 αὑτὸν
1466 1568 1503 1598 ὡς
1514 1567 1617 1602 ἀγαθὸν
1631 1568 1782 1604 Δεσπότην,
1800 1569 1889 1603 ἰσχὺν,

1094 1614 1142 1641 καὶ
1159 1614 1266 1650 ῥώμην,
1290 1615 1338 1641 καὶ
1366 1614 1517 1650 σωτηρίαν,
1547 1615 1594 1641 καὶ
1625 1614 1742 1649 βασιλεῖ,
1767 1616 1814 1641 καὶ
1832 1614 1890 1650 λαῷ

1094 1660 1245 1695 φιλοτίμως
1259 1660 1430 1695 παρέχοντα·
1447 1660 1564 1695 Χριστὸν
1580 1660 1634 1696 γὰρ
1647 1661 1744 1687 ἑαυτὸν
1759 1661 1797 1692 ὡς
1809 1660 1889 1696 βασι-

1093 1705 1142 1733 λέα
1157 1706 1244 1732 καλεῖ.
1259 1706 1357 1733 Κοινδν
1374 1706 1429 1742 γὰρ
1442 1706 1522 1732 τοῦτο
1534 1706 1565 1732 τὸ
1580 1706 1667 1741 ὄνομα
1681 1707 1728 1733 καὶ
1743 1706 1888 1741 βασιλέων,

1094 1752 1143 1779 καὶ
1155 1752 1317 1788 προφητῶν,
1331 1752 1379 1779 καὶ
1394 1754 1415 1779 ιε
1422 1752 1490 1788 ρέων
1506 1753 1624 1787 ὑπῆρχε.

1130 1799 1163 1825 θ’.
1187 1808 1197 1825 ί
1214 1798 1305 1825 Σῶσον
1319 1799 1366 1825 τὸν
1378 1799 1442 1826 λαόν
1457 1807 1513 1832 σου,
1531 1800 1578 1825 καὶ
1591 1799 1740 1834 εὐλόγησον
1760 1798 1809 1833 τὴν
1821 1798 1889 1832 κλη-

1096 1844 1226 1880 ρονομίαν
1253 1853 1312 1877 σου,
1343 1844 1391 1871 καὶ
1414 1845 1549 1880 ποίμοινον
1571 1845 1681 1877 αὐτοὺς,
1708 1845 1755 1871 καὶ
1787 1845 1889 1879 ἔπαρον

1094 1891 1205 1923 αὐτοὺς,
1219 1892 1273 1922 ἓως
1287 1890 1335 1918 τοῦ
1348 1891 1457 1923 αἰῶνος.
1478 1900 1487 1917 ι
1505 1891 1615 1926 Ταύτης
1629 1891 1730 1924 τοίνυν,
1748 1892 1825 1926 φησὶ,
1839 1891 1890 1926 τῆς

1095 1938 1221 1972 εὐλογίας
1235 1937 1284 1964 καὶ
1304 1938 1441 1973 σωτηρίας
1451 1937 1491 1973 τῷ
1503 1937 1542 1973 σῷ
1555 1938 1669 1973 μετάδος
1684 1938 1741 1974 λαῷ
1758 1938 1854 1965 ἰθύνων
1866 1938 1890 1954 ³³

1095 1984 1142 2011 καὶ
1172 1984 1338 2019 ποιμαίνων,
1367 1983 1415 2010 καὶ
1443 1984 1611 2019 ὑπερτέρους
1642 1984 1804 2019 ἀποφαίνων
1835 1984 1890 2011 τῶν

1095 2030 1247 2065 πολεμίων.
1269 2030 1326 2056 Καὶ
1351 2029 1486 2064 βασιλεῖ⁸⁵
1506 2029 1535 2056 δὲ
1553 2030 1696 2064 πρέπουσα
1723 2030 1825 2065 ήὺπὲρ
1842 2029 1889 2056 τοῦ

1094 2075 1160 2102 λαοῦ
1179 2076 1320 2111 προσευχὴ
1334 2083 1341 2089 ·
1353 2074 1523 2109 ἀξιάγαστον
1537 2074 1566 2101 δὲ
1580 2075 1629 2102 καὶ
1642 2075 1722 2102 τοῦτο
1737 2075 1785 2102 τοῦ
1804 2075 1891 2111 μεγά-

1094 2122 1142 2148 λου
1156 2121 1248 2155 Δαὸὶδ,
1261 2121 1302 2148 ὅτι
1318 2121 1366 2147 καὶ
1380 2121 1547 2156 διωκόμενος
1562 2121 1615 2148 ὑπὸ
1629 2122 1675 2148 τοῦ
1690 2121 1756 2148 λαοῦ
1764 2122 1787 2138 ⁸⁵
1801 2131 1807 2137 ·
1827 2130 1889 2148 συν-

1095 2167 1248 2203 επολέμουν
1263 2167 1319 2203 γὰρ
1334 2167 1373 2202 τῷ
1393 2167 1489 2194 Σαούὶμ
1506 2167 1556 2203 τὴν
1575 2168 1646 2203 ὑπὲρ
1660 2167 1750 2194 αὐτῶν
1771 2167 1890 2194 ἱκετείαν

1097 2212 1253 2248 προσέφερε
1272 2213 1312 2248 τῷ
1341 2213 1415 2249 Θεῷ·
1446 2212 1576 2248 προεώρα
1604 2213 1659 2249 γὰρ
1694 2213 1786 2240 αὐτῶν
1809 2213 1890 2249 τὴνη

1097 2258 1231 2293 ἐσομένην
1249 2258 1411 2294 μεταϐολὴν,
1422 2260 1469 2286 καὶ
1482 2259 1532 2294 οὐχ
1544 2258 1618 2294 ἐώρα
1626 2259 1676 2295 τὴν
1688 2259 1806 2292 ἀδικίαν,
1822 2258 1890 2285 ἀλλὰ

1096 2304 1146 2339 τὴν
1164 2305 1298 2340 ἐσομένην
1311 2304 1445 2332 δουλείαν.

800 2484 918 2512 VARle
939 2484 1135 2512 LECTIONES
1156 2483 1200 2511 ET
1226 2483 1344 2512 ΝΟΤΑΞ,

251 2564 327 2604 Haud
339 2571 508 2604 magnopere
528 2563 658 2604 differunt
680 2564 714 2604 al)
731 2564 764 2592 iis
780 2572 842 2604 qua:
863 2564 989 2604 Gord._p.
1003 2563 1070 2604 ῤ80,

1094 2563 1120 2590 in
1138 2563 1293 2600 Comment.
1307 2562 1340 2590 ad
1358 2563 1384 2590 h.
1403 2564 1543 2600 luattulit.
1564 2564 1657 2600 Ἔργα
1675 2565 1724 2600 μὲν
1750 2566 1841 2593 αὐτῶν
1858 2566 1893 2593 τὰ

250 2600 321 2640 κατὰ
336 2599 563 2640 διάθεσιν-,ἔργα
582 2599 609 2640 δὲ
625 2599 732 2640 χείρῴν
752 2599 902 2640 adadv-'15:
923 2599 978 2640 τῷν
999 2599 1190 2640 ἐνεργητίκῶν
1214 2599 1367 2640 δυνάμεων,
1462 2599 1479 2625 Et
1498 2599 1628 2635 πρόεισιν
1645 2599 1684 2631 εἰς
1698 2601 1778 2636 ἔργον
1792 2602 1826 2628 τὰ
1843 2611 1892 2628 συ-

251 2636 351 2661 στάντα
376 2643 389 2660 τ

393 2633 674 2674 ῇΛγνώμῃ⁷χτῶν⁷⁷δὲ
691 2635 780 2669 ἔργων
796 2635 900 2669 Κυρίου
925 2635 958 2659 τὰ
970 2634 1027 2674 μὲν
1045 2633 1141 2674 ὁρατὰ,
1163 2634 1197 2674 τᾲ
1214 2634 1242 2674 δὲ
1258 2633 1378 2668 ἀόρατα·
1392 2633 1410 2661 δι
1423 2634 1455 2669 δὴ
1470 2633 1598 2667 συνέντες
1614 2633 1893 2672 ἑαυτοὺςτιμωρίαις

251 2668 506 2707 ὑπέΰαγλονῘρνειῂ
517 2668 621 2704 quidem
641 2668 733 2697 eorum
754 2668 916 2707 υθσαιίᾳυαε
930 2669 1019 2695 animo
1031 2668 1167 2703 proposita
1183 2668 1289 2702 habent,
1306 2674 1388 2703 opera
1404 2676 1500 2707 gulam
1528 2678 1659 2707 manuum
1676 2668 1894 2707 θοι-ιιιηέαήυώ

211 2734 214 2737 _
249 2705 391 2733 uirtutibus
406 2705 580 2739 effectricibus
605 2710 779 2740 praestantur,
797 2704 892 2740 quibus
918 2712 949 2730 ea
964 2712 1023 2739 qua:
1047 2709 1133 2731 mente
1148 2710 1271 2738 concepto
1294 2709 1365 2736 sunt,
1382 2705 1506 2739 efﬁciunt.
1532 2705 1646 2739 Operum
1662 2712 1749 2733 autem
1774 2707 1823 2734 Dei
1836 2704 1893 2735 alia

249 2746 310 2768 sunt
326 2740 451 2772 visibilia,
466 2740 521 2767 alia
548 2739 706 2772 invisibilia,
718 2748 777 2773 qua:
794 2746 853 2765 cum
871 2739 1060 2774 intellexerint,
1076 2740 1268 2774 suppliciorum
1291 2741 1519 2774 sercost'cccrunl.
1548 2741 1629 2768 ⁸⁶Διὸ
1639 2741 1803 2774 ὂή.ΑΙ›(ιεΙο
1818 2751 1892 2771 vers.

248 2776 303 2813 τῷν
315 2777 352 2802 0’.
385 2776 409 2813 _‘7
425 2774 727 2813 0ixob‘oy1ﬁo'stg.¢otl.
746 2775 755 2800 Ι
772 2773 966 2813 ιξιιοιὶιαὺτοὺς.
979 2775 1040 2813 cod.

1095 2774 1270 2813 ίκρδομήσῃς.
1302 2773 1438 2813 ρο(ιίνὲ
1449 2776 1540 2807 αὐτός.
1567 2777 1589 2792 ⁵⁹
1606 2778 1687 2804 cod.2
1699 2778 1892 2813 οἱκοδομήσῃς.

249 2812 272 2827 ‘°
284 2812 359 2839 Ὅτι.
375 2811 459 2839 Abest
476 2820 491 2838 a
509 2809 579 2838 vers.
611 2811 666 2836 τῶν
699 2810 737 2835 0¹.
777 2810 797 2824 ⁵⁸
813 2809 861 2835 Διὸ
896 2809 944 2842 δή.

249 2854 263 2873 a
279 2855 349 2874 vers.
364 2847 419 2874 τῶν
435 2846 472 2873 Ο’.
530 2845 552 2860 ⁸³
573 2845 703 2871 ἰθύνων.
720 2845 780 2871 cod.
797 2845 822 2877 1,
838 2844 855 2869 2
872 2853 965 2878 praem.
983 2845 1076 2876 αὐτός.

249 2880 272 2897 ⁸⁸
293 2882 366 2909 Ὑπὸ
385 2882 437 2909 τοῦ
468 2880 557 2907 λαοῦ.
580 2879 640 2907 Des.
660 2880 687 2907 in
703 2880 762 2908 cod.
779 2880 806 2907 ‘2.
846 2880 868 2895 ’⁵⁸
884 2879 954 2913 Τήν.
969 2881 1052 2908 Abest
1069 2889 1083 2907 a

978 2810 1041 2836 Des.
1061 2817 1095 2844 ap

1098 2809 1138 2846 udi
1151 2809 1231 2846 Cord.
1251 2817 1276 2846 p.
1295 2809 1358 2837 Ηϋ.
1396 2811 1418 2826 ¹¹
1435 2812 1548 2838 Ἔστιν.
1570 2813 1652 2840 Abest
1667 2821 1681 2839 a
1697 2813 1757 2840 cod.
1780 2809 1805 2846 l',
1821 2809 1894 2842 iuet

1100 2844 1225 2907 εοῖιέαὶ
1246 2845 1381 2879 βασιλεῖ,
1398 2855 1422 2873 κ.
1441 2846 1465 2875 λ,
1494 2845 1555 2875 Des.
1581 2848 1654 2883 apud
1676 2848 1758 2876 Cord.
1779 2844 1806 2884 p.
1827 2849 1892 2877 478.
