4108 6452
246 5858 287 5871 ἰω

468 406 611 481 1975

1480 412 1971 478 THEODORETI
2001 415 2345 478 EPISCOPI
2378 412 2749 477 CYRENSIS

3605 414 3744 487 ίθῗθ

538 521 708 581 Vens.
749 524 804 597 9,
840 525 926 580 10.
973 543 993 577 ι
1032 523 1113 581 Ad
1137 534 1209 594 te,
1265 526 1514 597 Domine,
1550 532 1824 599 clamabo,
1879 542 1934 591 et
1984 535 2040 591 ad

2222 531 2290 598 θ’,
2326 538 2377 585 ι’.
2425 551 2444 583 ι
2491 530 2637 603 Πρὸς
2682 531 2764 596 σὲ,
2816 528 3015 613 Κύριε,
3053 528 3416 602 κεκράξομαι,
3458 533 3554 588 καὶ
3599 536 3745 605 πρὺς

464 610 634 666 Deum
681 628 860 673 meum
898 615 1183 684 precabor.
1239 615 1371 688 Qum
1424 620 1631 677 utilitas
1676 622 1730 677 in
1779 625 2040 695 sanguine

2149 624 2243 679 τὸν
2272 623 2405 677 Θεόν
2440 641 2543 694 μου
2572 622 2930 694 δεηθήσομαι.
2960 610 3058 686 Τίς
3082 622 3324 693 ὠφέλεια
3350 624 3409 678 ἐν
3435 623 3515 696 τῷ
3541 626 3743 697 clpa-sl

464 716 614 768 meo,
677 704 723 758 si
787 703 1062 761 descendo
1139 708 1193 764 in
1273 713 1728 782 corruptionem?
1788 714 2046 785 Nunquid

463 792 812 848 contltebitur
849 796 944 850 tibi
982 798 1184 867 pulvis,
1223 812 1319 857 aut
1362 806 1715 861 auuuntiabit
1760 806 2046 862 veritatem

461 884 655 936 tuam?
691 904 710 937 ι
769 884 835 940 Et
886 886 971 945 his
1021 906 1241 961 quoque
1297 894 1482 951 verbis
1535 895 1730 953 beatus
1782 898 2046 956 Ezechias

465 989 596 1030 usus
626 988 731 1041 est,
775 988 835 1033 ut
864 993 1098 1049 quartus
1137 984 1274 1041 liber
1310 984 1520 1059 Regum
1560 1005 1660 1044 nos
1692 990 1873 1061 docet,
1903 992 2043 1047 divi-

461 1066 626 1136 nique
669 1068 827 1125 ISaize
872 1072 1161 1144 prophetia
1203 1095 1215 1130 :
1254 1087 1310 1132 et
1356 1079 1598 1135 hmuaua
1651 1081 1778 1136 item
1830 1094 2043 1152 natura,

459 1156 585 1212 licet
620 1174 731 1215 non
787 1166 972 1222 omnis
1028 1168 1311 1235 clamavit,
1366 1180 1545 1226 tamen
1595 1188 1691 1242 per
1721 1184 1943 1232 sanctos
1975 1176 2044 1234 ad

459 1247 630 1304 Deum
680 1254 964 1324 clamavit,
1003 1258 1090 1315 his
1141 1271 1301 1318 utens
1350 1267 1739 1325 sermonibus:
1773 1269 2044 1335 Quoniam

454 1342 666 1410 justum
700 1355 786 1400 est
817 1357 867 1401 te
895 1350 1236 1409 conditorem
1266 1355 1509 1422 laudare,
1543 1368 1596 1413 et
1625 1360 1796 1429 gratis
1831 1376 2045 1417 sermo-

460 1432 625 1490 nibus
666 1438 871 1505 gratias
910 1445 1229 1512 rependere.
1269 1445 1385 1503 lloe
1428 1451 1710 1520 proprium
1742 1461 1829 1508 est
1856 1454 2044 1510 viven-

459 1522 618 1579 tium.
653 1528 760 1595 Qui
792 1532 936 1587 euim
975 1535 1027 1589 in
1062 1538 1343 1606 pulverem
1384 1548 1437 1595 et
1464 1539 1517 1594 in
1552 1543 1789 1598 cinerem
1820 1547 2043 1604 resoluti

457 1627 608 1682 sunt,
648 1631 703 1677 et
735 1623 978 1682 humano
1006 1644 1170 1698 opere
1207 1634 1478 1699 destituti,
1513 1638 1791 1706 quomodo
1825 1649 1915 1696 tua
1947 1641 2043 1698 be-

459 1708 653 1767 neﬁcia
686 1713 977 1781 decantare
1006 1725 1305 1792 poterunt?

2152 735 2277 789 μου,
2308 719 2367 771 ὲν
2410 716 2491 789 τῷ
2542 715 2848 786 καταϐῆναι
2877 716 2922 749 ⁷³
2960 732 3029 784 με
3057 717 3137 780 είς
3164 716 3501 786 διαφθοράνς
3538 718 3615 791 μὴ
3650 722 3742 788 ἐξ-

2148 807 2544 880 ομολογήσεταί
2599 825 2686 862 σοι
2729 806 2959 878 χοῦς,ῆ
3004 808 3303 878 ἀναγγελεῖ
3344 809 3445 881 τὴν
3473 812 3743 882 ἀλήθειάν

2150 918 2280 966 σονς
2319 920 2338 957 ι
2382 899 2608 964 Τούτοις
2642 900 2738 953 καὶ
2768 901 2800 953 6
2835 899 3107 971 μακάριος
3169 899 3423 966 Ἐζεκίας
3458 904 3740 975 ἐχρήσατο

2147 995 2261 1054 τοῖς
2292 990 2494 1060 λόγοις,
2523 990 2600 1054 ὡς
2642 990 2740 1045 καὶ
2782 992 2816 1061 ἡ
2846 991 3087 1063 τετάρτη
3126 993 3236 1047 τῶν
3264 993 3565 1052 Βασιλειῶν
3596 997 3741 1052 ἱστο-

2149 1082 2244 1155 ρία
2277 1081 2541 1147 διδάσκει,
2592 1080 2815 1136 καὶτοῦ
2856 1082 3137 1138 θειοτάτου
3166 1083 3215 1117 ⁸⁵
3253 1085 3481 1143 Ἡσαΐου
3532 1090 3568 1159 ἡ
3598 1106 3738 1158 προ-

2149 1170 2349 1242 φητεία
2370 1186 2385 1203 ·
2419 1169 2521 1225 καὶ
2549 1171 2736 1241 μέντοι
2776 1172 2873 1226 καὶ
2914 1174 2949 1244 η
2979 1174 3297 1246 ἀνθρωπεία
3334 1176 3521 1246 φύσις,
3556 1178 3605 1231 εί
3643 1181 3739 1234 καὶ

2150 1261 2225 1335 μὴ
2253 1264 2406 1318 πᾶσα
2435 1261 2722 1334 βεΰόηκεν,
2758 1263 2899 1319 ἀλλὰ
2941 1266 2987 1298 ⁸¹
3018 1266 3109 1321 διὰ
3136 1267 3248 1321 τῶν
3286 1269 3459 1337 ἁγίων
3500 1269 3734 1342 βεϐόηκε

2146 1353 2286 1424 πρὸς
2319 1353 2410 1408 τὸν
2438 1353 2594 1420 Θεὸν,
2624 1353 2838 1421 τούτοις
2888 1357 3209 1430 κεχρημένη
3249 1361 3364 1423 τοῖς
3420 1359 3623 1430 λόγοις,
3652 1363 3740 1417 ὅτι

2145 1445 2365 1500 Δίκαιον
2390 1444 2579 1516 ὑμνεῖν
2615 1462 2677 1499 σε
2719 1446 2811 1500 τὸν
2842 1448 3093 1521 ποιητὴν,
3113 1451 3210 1504 καί
3237 1450 3417 1520 λόγοις
3451 1452 3737 1524 εὐγνώμο-

2147 1552 2233 1591 σιν
2252 1535 2583 1607 ἀμείϐεσθαί
2607 1553 2703 1592 σου
2722 1537 2824 1602 τὰς
2845 1539 3095 1610 χάριτας.
3127 1540 3301 1596 Τοῦτο
3325 1542 3545 1608 ζώντων
3567 1544 3697 1625 ἴδιον
3716 1563 3732 1578 ’

2144 1626 2196 1680 οί
2241 1625 2352 1699 γὰρ
2386 1626 2468 1690 είς
2512 1626 2641 1698 χοῦν
2675 1628 2770 1682 καὶ
2810 1628 2963 1683 κόνιν
2994 1629 3364 1703 διαλυόμενοι,
3394 1635 3489 1687 καὶ
3526 1635 3590 1688 τὸ
3631 1652 3737 1688 σωο

2149 1718 2379 1793 ματικδν
2406 1716 2567 1792 ἔργον
2600 1720 2645 1752 ⁸⁸
2665 1719 3058 1791 ἀπολέσαντες,
3089 1722 3209 1788 sui);
3231 1723 3298 1779 ἂν
3324 1723 3606 1796 δυνηθεῖεν
3634 1728 3735 1792 τὰς

2148 1812 2247 1876 σὰς
2280 1812 2428 1884 ᾄδειν
2456 1812 2814 1884 εὐεργεσίας,

529 1890 694 1951 Vens.
740 1896 927 1954 11-13.
971 1919 990 1953 ι
1029 1898 1253 1959 Audivlt
1303 1903 1601 1972 Dominus,
1661 1921 1715 1966 et
1776 1912 2034 1969 misertus

2220 1913 2405 1975 ια’-ιγ’.
2448 1925 2467 1960 ι
2516 1908 2761 1961 Ἤκουσε
2812 1909 3037 1983 Κύριος,
3075 1910 3170 1965 καὶ
3195 1909 3396 1982 ἠλέησέ
3425 1910 3471 1943 ⁸³
3498 1928 3592 1981 με,
3626 1911 3736 1964 Κύ-

452 1990 541 2041 est
573 1989 702 2051 mel,
760 1988 1031 2049 Dominus
1086 1993 1265 2053 factus
1313 2007 1399 2054 est
1436 2000 1653 2071 adjutor
1694 2020 1869 2061 meus.
1903 2005 2042 2062 Con-

453 2079 668 2135 vertisti
698 2081 980 2150 planctum
1030 2100 1214 2141 meum
1248 2089 1303 2142 in
1337 2092 1595 2160 gaudium
1631 2095 1787 2161 mihi,
1824 2099 2040 2154 consci-

452 2170 584 2227 dlsti
617 2186 841 2229 saccum
888 2185 1097 2245 meam,
1140 2190 1196 2236 et
1245 2183 1659 2241 circumdedisti
1700 2203 1789 2243 me
1831 2188 2038 2247 laetitia.

454 2261 526 2318 Ut
558 2274 744 2323 cantet
789 2269 888 2326 tibi
941 2272 1112 2342 gloria
1156 2288 1297 2344 mea,
1351 2287 1405 2333 et
1449 2296 1558 2335 non
1610 2298 1968 2357 compungar.
2015 2307 2035 2342 ι

455 2355 520 2411 Et
553 2358 818 2417 Ezechias
849 2379 1013 2421 sacco
1044 2366 1290 2437 indutus,
1337 2382 1533 2428 contra
1560 2355 1820 2448 Assyrios
1851 2355 2041 2450 preces

456 2450 566 2507 Deo
595 2455 819 2521 obtulit,
861 2467 918 2513 et
946 2458 1187 2515 humana
1230 2474 1428 2521 natura
1470 2466 1720 2524 habitum
1751 2473 2038 2544 lugubrem

452 2543 651 2601 induit.
699 2547 779 2604 Ac
830 2565 979 2606 nunc
1026 2553 1189 2608 etiam
1247 2558 1400 2612 stulti
1452 2560 1702 2630 quidam,
1738 2543 2041 2622 eummor-

450 2646 575 2705 tuos
614 2639 929 2709 deplorant,
961 2645 1119 2716 79]
1163 2661 1218 2703 et
1261 2648 1314 2703 in
1349 2666 1512 2708 sacco
1557 2655 1787 2726 turpiter
1824 2661 2037 2723 sedent,

449 2732 749 2803 prophetia:
797 2736 961 2793 Vt'l‘ba
1014 2740 1207 2797 audire
1254 2745 1472 2813 nolunt,
1532 2764 1658 2819 quae
1700 2762 1888 2825 aperte
1929 2753 2042 2809 cla-

449 2834 601 2881 mant
633 2843 647 2880 :
686 2844 706 2877 ι
745 2825 1080 2893 Conscidisti
1112 2847 1336 2892 saccum
1379 2853 1589 2906 meum,
1629 2851 1686 2897 et
1731 2844 2041 2899 circumde-

445 2917 573 2975 disti
631 2936 719 2976 me
768 2921 978 2992 laetitia,
1035 2935 1090 2983 et
1129 2932 1450 2991 convertisti
1504 2934 1712 2990 luctum
1756 2953 1935 2992 meum
1983 2939 2037 2993 in

446 3010 705 3081 gaudium
760 3014 919 3071 mihi.
970 3036 990 3071 ι
1062 3017 1200 3075 Nam
1258 3025 1723 3092 quemadmodum
1778 3026 2041 3086 Ezechias

446 3119 570 3156 tum
604 3105 920 3174 quindecim
960 3124 1232 3166 atmorum
1266 3115 1692 3183 promissionem
1720 3121 2037 3190 accepisset,

449 3198 625 3253 tutilto
658 3201 858 3270 gaudio
909 3202 1169 3273 impletus
1207 3214 1289 3260 est
1320 3223 1334 3259 :
1368 3192 1452 3262 sic
1496 3223 1598 3263 nos
1666 3226 1884 3276 mquam
1931 3223 2035 3278 est,
2065 3227 2109 3288 ο

447 3291 541 3361 qui
586 3294 1013 3351 resurrectionis
1071 3311 1225 3369 spem
1267 3298 1607 3369 accepimus,
1639 3311 1886 3358 mortuos
1925 3320 2035 3359 non

334 3398 344 3408 ·
451 3384 656 3451 lugere,
700 3383 794 3439 sed
838 3383 986 3438 illam
1027 3400 1153 3443 cum
1191 3386 1380 3442 lzetitia
1414 3399 1758 3459 exspectare.
1792 3390 1907 3447 Hoc
1939 3409 2039 3448 au-

449 3486 557 3535 tem
599 3494 613 3531 :
667 3496 686 3528 ι
730 3474 800 3532 Ut
838 3488 1018 3533 cautct
1049 3480 1143 3535 tibi
1174 3480 1346 3551 gloria
1375 3496 1521 3549 mea,
1549 3491 1605 3540 et
1636 3499 1742 3539 non
1770 3501 2037 3558 compun-

446 3586 566 3640 gar.
604 3589 626 3621 ι
658 3574 673 3590 ⁸
705 3570 1071 3644 Symmachus
1110 3573 1193 3630 sic
1223 3574 1612 3647 interpretatus
1642 3587 1724 3633 est
1755 3598 1769 3633 :
1811 3578 1877 3634 Ut
1907 3598 2036 3635 can—

446 3670 519 3721 tet
548 3670 596 3721 te
629 3662 824 3735 gloria,
874 3672 925 3717 et
973 3682 1077 3719 non
1133 3676 1340 3733 taceat;
1381 3669 1540 3738 quasi
1567 3670 1716 3725 dicat
1751 3688 1765 3724 :
1807 3670 1888 3729 Οἱ)
1931 3675 2035 3734 hoc

447 3754 775 3810 beneﬁcium
807 3755 963 3811 decet
993 3758 1262 3813 continuo
1292 3768 1345 3814 te
1387 3760 1682 3818 decantare
1712 3772 1766 3819 et
1805 3764 2035 3825 laudare

444 3860 541 3900 eos
564 3846 658 3919 qui
689 3846 853 3903 talem
888 3847 1122 3919 gloriam
1152 3850 1438 3906 consecuti
1468 3861 1619 3916 sunt,
1649 3861 1704 3908 et
1748 3869 2032 3925 nunquam

446 3933 702 3988 reticere.
774 3934 1146 4005 Compunctio
1222 3946 1371 3994 certe
1441 3939 1718 3997 silentium
1799 3944 2030 4000 inducit.

447 4021 805 4095 Septuaginta
850 4025 1036 4095 igitur,
1073 4043 1173 4097 pro
1197 4029 1409 4085 silentio
1439 4035 1898 4103 compunctiouem
1933 4051 2033 4107 po-

447 4127 700 4175 suerunt.
739 4118 1005 4178 Ezechias
1035 4123 1258 4192 quidem
1300 4125 1532 4196 gloriam
1563 4138 1896 4186 consecutus
1923 4140 2032 4201 est,

445 4228 569 4268 cum
609 4217 731 4283 ejus
772 4228 940 4270 causa
986 4223 1063 4270 tot
1105 4216 1275 4272 millia
1306 4217 1521 4291 plagam
1556 4234 1586 4273 a
1627 4220 1739 4284 Deo
1770 4222 2032 4278 iallictam

444 4303 829 4371 sustinuerint,
872 4313 1038 4374 atque
1061 4305 1225 4360 etiam
1268 4322 1395 4364 cum
1442 4310 1524 4365 sol
1568 4324 1903 4382 praepostero
1943 4329 2034 4369 or-

445 4395 576 4452 dine
624 4397 979 4453 cucurrcrit.:
1021 4412 1123 4452 nos
1178 4409 1361 4455 autem
1422 4403 1723 4459 admodum
1778 4421 2033 4477 magnam

447 4493 650 4550 ketitia:
686 4506 911 4546 causam
942 4492 1229 4563 habemus,
1266 4512 1390 4552 cum
1430 4499 1590 4554 talem
1626 4496 1719 4554 Dei
1750 4500 2035 4557 universo-

2146 2017 2259 2071 ριος
2281 1998 2515 2072 ἐγενήθη
2538 1998 2733 2073 βοηθός
2759 2017 2880 2073 μου.
2914 2001 3224 2073 Ἐστρεψας
3254 2002 3345 2057 τὸν
3374 2004 3602 2058 κοπετόν
3627 2020 3734 2074 μου

2141 2091 2221 2154 είς
2247 2088 2424 2163 χαρὰν
2453 2089 2598 2162 ἐμοί.
2632 2090 2935 2163 Διέῥρηξας
2977 2091 3069 2147 τὸν
3105 2093 3308 2147 σάκκον
3353 2110 3479 2165 μου,
3509 2093 3603 2148 καὶ
3629 2111 3732 2147 πε-

2144 2180 2411 2254 ριέζωσέις
2439 2198 2509 2253 με
2541 2180 2906 2252 εὐφροσύνην.
2938 2180 3132 2246 Ὅπως
3160 2183 3228 2237 ἂν
3254 2182 3403 2257 ψάλῃ
3428 2201 3522 2251 ⁸σοι
3550 2187 3583 2255 ἡ
3604 2184 3735 2254 δόξα

2144 2291 2269 2346 μου,
2302 2273 2394 2327 καὶ
2426 2272 2488 2326 οὐ
2522 2271 2599 2344 μὴ
2631 2271 2930 2343 κατανυγῶ
2971 2272 3042 2328 ⁸⁸.
3094 2293 3113 2325 ι
3147 2274 3261 2331 Καὶ
3303 2274 3557 2341 Ἐζεκίας
3592 2277 3731 2331 σάκ-

2141 2383 2238 2421 κον
2288 2365 2743 2438 περιζωσάμενος
2774 2366 3122 2439 προσήνεγκε
3151 2364 3232 2440 τῷ
3283 2366 3406 2438 Θεῷ
3446 2368 3548 2440 τὴν
3589 2367 3736 2423 κατὰ

2138 2462 2250 2516 τῶν
2298 2458 2600 2531 Ἀσσυρίων
2639 2459 2836 2530 εὐχήνο
2881 2460 2976 2514 καὶ
3026 2462 3059 2531 ἡ
3109 2459 3431 2531 ἀνθρωπεία
3466 2460 3630 2531 φύσις
3673 2461 3734 2516 τὺ

2140 2554 2406 2625 πένθιμον
2452 2551 2850 2623 περιεϐέϐλητο
2880 2554 3089 2625 σχῆμα.
3129 2552 3240 2607 Καὶ
3275 2553 3372 2609 νῦν
3410 2552 3459 2587 ⁸⁸
3495 2553 3554 2608 δέ
3584 2571 3733 2616 τινες

2139 2649 2250 2702 τῶν
2299 2646 2582 2718 ἀνοήτων,
2621 2645 2750 2709 τοὺς
2798 2644 3135 2716 τεθνηκότας
3169 2643 3591 2718 ὀλοφυρόμενοι,
3639 2642 3734 2699 ἐπὶ

2149 2741 2356 2796 σάκκου
2391 2739 2694 2810 καθήμενοι
2746 2738 2953 2806 κακῶς,
2986 2737 3096 2792 τῶν
3142 2741 3505 2811 προφητικῶν
3546 2738 3732 2810 ῥημά-

2140 2855 2248 2891 των
2309 2834 2524 2889 ἐπαΐειν
2580 2834 2682 2886 οὐκ
2743 2830 3026 2897 ἐθέλουσι,
3090 2830 3389 2904 διαρρήδην
3444 2830 3732 2901 βοώντων·

2146 2948 2166 2984 ι
2208 2926 2513 3001 Διέῥρηξας
2556 2924 2649 2977 τὸν
2692 2910 2895 2978 σάκκον
2948 2940 3083 2992 μου,
3136 2923 3234 2975 καὶ
3270 2919 3616 2995 περιέζωσόκ
3663 2940 3732 2995 με

2142 3015 2508 3089 εὐφροσύνην,
2543 3013 2639 3068 καὶ
2669 3012 2939 3085 ἕστρεψας
2972 3011 3065 3066 τὸν
3097 3012 3329 3067 κοπετόν
3369 3029 3474 3085 μου
3510 3015 3592 3077 είς
3629 3031 3732 3085 χα-

2146 3110 2246 3183 ρὲν
2273 3107 2416 3178 ἐμοί.
2458 3125 2477 3158 ι
2514 3104 2785 3176 Καθάπερ
2805 3103 2917 3176 γὰρ
2942 3104 2970 3158 ό
3007 3102 3260 3169 Ἐζεκίας
3286 3103 3397 3158 τῶν
3438 3103 3732 3159 πεντεκαί-

2142 3205 2274 3258 δεκα
2307 3199 2573 3254 ἐνιαυτῶν
2603 3200 2651 3232 ⁸⁸
2680 3200 2781 3268 τὴν
2828 3198 3165 3267 ἐπαγγελίαν
3207 3199 3503 3270 δεξάμενος
3530 3200 3734 3271 εὐφροσ-

2146 3297 2312 3367 σύνης
2350 3292 2659 3362 ἐνεπλήσθη
2696 3290 2922 3361 πολλῆς,
2955 3290 3103 3346 οὕτω
3139 3292 3352 3346 δίκαιον
3380 3293 3531 3367 ἡμᾶς
3555 3284 3603 3325 ⁸⁷
3630 3290 3731 3364 τὴν

2144 3387 2336 3440 ἐλπίδα
2366 3382 2692 3454 δεξαμένους
2721 3381 2820 3451 τῆς
2844 3380 3220 3447 ἀναστάσεως,
3251 3382 3326 3454 μὴ
3358 3380 3583 3453 θρηνεῖν
3606 3381 3733 3447 τοὺς

2142 3475 2513 3539 τελευτῶντας
2542 3474 2610 3540 ⁸⁸,
2641 3471 2758 3526 ἀλλ’
2788 3472 3006 3543 ἐκείνην
3039 3473 3159 3544 μετ’
3184 3474 3453 3544 εὐθυμίας
3479 3475 3525 3507 ⁸⁸
3559 3491 3732 3546 προσ-

2146 3573 2353 3644 μένειν.
2389 3570 2463 3621 Τὸ
2486 3567 2566 3631 δέ,
2605 3586 2624 3619 ι
2658 3566 2851 3628 Ὅπως
2878 3565 2945 3619 ἂν
2968 3566 3114 3638 ψάλῃ
3147 3584 3229 3622 σοι
3257 3568 3294 3639 ἡ
3320 3567 3451 3635 δόξα
3481 3584 3608 3637 μου,
3637 3568 3733 3623 καὶ

2141 3664 2202 3718 οὐ
2248 3659 2325 3733 μὴ
2355 3658 2669 3725 κατανυγῶ,
2710 3676 2729 3709 ι
2763 3659 2790 3710 ό
2824 3655 3120 3727 Σύμμαχος
3146 3655 3320 3721 οὕτως
3349 3658 3729 3730 ἡρμήνευσενο

2143 3755 2270 3809 ἰνα
2313 3749 2430 3819 ᾅδῃ
2478 3764 2553 3802 σε
2598 3746 2778 3813 δόξα,
2825 3747 2923 3801 καὶ
2972 3748 3045 3801 οὐ
3080 3747 3127 3779 ⁹⁰
3159 3747 3248 3817 μὴ
3286 3747 3728 3818 ἀποσιωπήσῃ*

2142 3845 2271 3900 ἀντὶ
2322 3843 2441 3908 τοῦ,
2501 3841 2781 3912 Προσήκει
2828 3839 3036 3910 ταύτης
3079 3839 3242 3893 ἕνεκα
3268 3839 3370 3912 τῆς
3409 3840 3732 3912 εὐεργεσίας

2140 3937 2407 4011 διηνεκῶς
2450 3935 2597 4008 ᾄδειν
2642 3948 2704 3984 σε
2748 3932 2844 3985 καὶ
2873 3932 3063 4002 ὑμνεῖν
3107 3933 3236 3996 τοὺς
3261 3932 3535 4005 τοσαύτης
3570 3931 3731 4004 δόξης

2141 4029 2532 4101 τετυχηκότας,
2577 4028 2636 4079 ἐν
2683 4025 2876 4098 μηδενὶ
2927 4023 3107 4095 καιρῷ
3141 4025 3484 4088 σιωπῶντας.
3537 4026 3653 4079 Kal
3697 4027 3732 4095 ἠ

2141 4121 2439 4188 κατάνυξις
2465 4120 2523 4174 δέ
2557 4121 2714 4190 σιγὴν
2741 4120 2979 4189 ἐμποιεῖ.
3009 4120 3074 4172 Οἱ
3117 4118 3523 4189 Ἐὅδομήκοντα
3550 4119 3732 4172 τοίνυν

2141 4216 2265 4271 ἀντὶ
2307 4212 2488 4284 σιγῆς
2521 4212 2564 4245 ⁹¹
2596 4210 2878 4264 τεθείκασι
2918 4209 3034 4279 τὴν
3069 4209 3438 4274 κιιτὰνυξινο
3477 4208 3638 4282 δόξης
3674 4209 3732 4263 δέ

2141 4312 2171 4365 6
2203 4309 2303 4381 μὲν
2349 4305 2598 4370 Ἐζεκίας
2626 4303 2919 4375 τετύχηκε,
2946 4302 3215 4359 τοσούτων
3241 4303 3309 4357 δι’
3339 4302 3502 4357 αὐτὸν
3535 4303 3733 4375 μυριά-

2142 4403 2250 4459 δων
2281 4399 2541 4470 θεήλατον
2572 4394 2882 4465 δεξαμένων
2924 4395 3161 4467 πληγὴν,
3195 4395 3290 4449 καὶ
3335 4396 3524 4466 μέντοι
3554 4397 3601 4428 ⁸⁸
3637 4395 3731 4449 καὶ

2144 4496 2240 4550 τοῦ
2294 4492 2448 4565 ἡλίου
2487 4490 2927 4562 ἀναστρέψαντος
2970 4491 3047 4524 ’³ο
3096 4490 3261 4562 ἡμεῖς
3304 4489 3362 4544 δέ
3397 4489 3601 4560 πολλῆς
3641 4488 3730 4543 εὐο

449 4601 570 4641 rum
627 4598 874 4639 amorem
920 4584 1064 4641 circa
1099 4602 1199 4643 nos
1231 4590 1439 4659 experti
1494 4590 1692 4647 simus.
1740 4591 1833 4646 Sic
1861 4590 2032 4658 enim,

2144 4587 2331 4651 κλείας
2375 4584 2572 4656 ἔχομεν
2622 4583 2902 4655 ἀφορμὴν,
2950 4582 3225 4655 τοσαύτην
3272 4582 3405 4654 περὶ
3441 4582 3592 4652 ἡμᾶς
3635 4579 3726 4634 τοῦ

448 4677 549 4741 ait,
591 4675 736 4733 Deus
767 4675 956 4732 dilexit
994 4679 1283 4744 mundum,
1344 4693 1405 4735 ut
1439 4679 1636 4737 Filium
1692 4698 1857 4739 suum
1906 4686 2032 4739 uni—

2143 4681 2279 4738 Θεοῦ
2322 4678 2433 4733 τῶν
2475 4677 2611 4730 ὅλων
2659 4675 3057 4747 ἐπιδεξαμένου
3113 4673 3520 4745 φιλοστοργίαν.
3573 4672 3731 4736 Ορτω

449 4765 692 4836 genitum
744 4765 932 4834 daret,
992 4777 1055 4824 ut
1105 4770 1289 4824 omnis
1355 4769 1450 4839 qui
1512 4771 1687 4826 credit
1750 4773 1807 4828 in
1875 4775 2028 4831 illum

2144 4774 2271 4846 γὰρ,
2291 4770 2481 4844 φησὶν,
2505 4770 2534 4823 6
2555 4766 2687 4832 Θεὸς
2715 4767 2971 4838 ἠγάπησε
2994 4767 3088 4820 τὸν
3111 4766 3339 4837 κόσμον,
3368 4766 3452 4820 ὅτι
3485 4766 3579 4821 τὸν
3602 4762 3729 4873 ὶῖίδν

451 4875 558 4915 nou
602 4869 807 4930 pereat,
867 4862 961 4919 sed
1021 4862 1222 4917 habeat
1279 4860 1445 4916 vitam
1497 4870 1784 4922 aeternam.
1843 4885 1864 4920 ι
1937 4867 2040 4926 Do-

2144 4865 2305 4923 αὐτοῦ
2352 4863 2445 4917 τὸν
2494 4860 2762 4933 μονογενῆ
2795 4858 3050 4924 δέδωκεν,
3095 4860 3184 4915 ἶνα
3225 4860 3335 4922 πᾶς
3379 4859 3410 4912 6
3453 4858 3730 4913 πιστεύων

451 4954 596 5009 mine
655 4954 798 5012 Deus
840 4955 954 5020 mi,
1024 4954 1081 5009 in
1140 4962 1408 5012 aeternum
1468 4956 1776 5014 confitebor
1849 4961 1969 5018 tibi.
2011 4982 2030 5016 ι

2144 4963 2216 5025 εἰς
2263 4956 2427 5015 αὐτὸν
2480 4954 2559 5026 μὴ
2619 4952 2915 5023 ἀπόληται,
2974 4951 3091 5005 ἀλλ’
3139 4950 3242 5027 ἔχῃ
3285 4950 3433 5023 ζωὴν
3482 4949 3726 5006 αίώνιον.

446 5045 564 5100 Non
627 5046 774 5100 enim
823 5044 989 5099 modo
1024 5044 1078 5096 iu
1126 5043 1229 5098 hac
1274 5046 1423 5109 \ita,‘
1449 5061 1636 5101 verum
1701 5047 1865 5103 ctiam
1914 5059 2036 5120 post

2144 5070 2160 5104 ι
2197 5049 2369 5120 Κύριε
2392 5048 2421 5099 6
2451 5040 2584 5107 Θεός
2625 5059 2753 5114 μου,
2785 5043 2868 5105 είς
2898 5038 2994 5094 τὸν
3035 5039 3212 5095 αἰῶνα
3255 5039 3731 5113 ἐξομολογησομαί

450 5136 908 5193 resurrectionem
984 5134 1218 5204 hymnos
1274 5134 1400 5189 'tibi
1476 5151 1693 5208 semper
1768 5139 2035 5206 oderam,

2144 5162 2237 5201 τοι.
2286 5161 2307 5196 ι
2350 5140 2433 5193 Οὐ
2465 5137 2575 5211 γὰρ
2609 5135 2771 5209 μόνον
2805 5134 2952 5190 κατὰ
2989 5135 3083 5190 τὸν
3122 5134 3369 5207 παρόντα
3410 5133 3549 5205 βίον,
3590 5133 3729 5189 ἀλλὰ

1569 5322 1807 5381 ΫΑΒΗΕ
1843 5323 2228 5383 LECTIONES
2267 5324 2355 5382 ΕΤ
2395 5322 2630 5385 NOTAE.

521 5472 574 5503 τε)
595 5469 756 5523 om“;
790 5467 1160 5547 καταϐαίνειν.
1209 5468 1285 5547 3°
1312 5468 1714 5547 ερὼᾷἓῌθείου.
1788 5474 1830 5547 ξ’
1855 5474 2040 5547 Ἀλιιά

2157 5473 2438 5547 βεϐόηκε.
2629 5469 2681 5521 in
2722 5468 2932 5547 cod.'2.
3012 5468 3059 5499 ’”
3094 5463 3631 5547 "Epror.ﬁcod..i..2
3661 5479 3727 5517 ac

1442 5521 1719 5635 “cesi
1795 5541 1842 5572 ει
1872 5521 2080 5621 εῖδει
2099 5521 2956 5635 ’ςλειέιλίρῑ.;ιέεετεερπι,ειβπ.
2978 5521 3379 5635 eses-“ee...”
3403 5534 3727 5635 «arar—.-

449 5602 660 5680 χηρίινδ
673 5609 821 5676 ἐμοί.
855 5602 975 5661 Des.
994 5608 1151 5687 apud
1171 5606 1340 5687 90rd.
1372 5609 1406 5662 l.
1427 5625 1475 5663 c.
1506 5678 1519 5687 .
1553 5609 1603 5687 “_
1622 5602 1982 5687 ’Ἱςνιᾳυτῶῃ
2013 5630 2040 5666 c

2169 5602 2192 5667 ἱ
2230 5611 2367 5664 ἐτῶν
2440 5609 2488 5641 ⁸⁷
2531 5608 2740 5687 Ἠιιᾶς.
2767 5610 2891 5687 _cod_.
2928 5602 2958 5661 Vl
2982 5622 3184 5687 prmo].
3213 5607 3384 5687 mai.“
3429 5605 3477 5641 ⁸³
3505 5602 3605 5658 eod
3664 5604 3717 5686 ,Ι

448 5666 903 5761 esi-tegmenta;
993 5666 1396 5761 δ”ῇίίθυμίρςκ
1422 5678 1553 5761 (⁸1.ιά..
1590 5680 1633 5743 Ι,
1675 5682 1710 5734 ‘2
1736 5682 2034 5761 εὐφημίας.

2144 5666 2296 5736 ⁵Οὐ.
2328 5681 2496 5761 Abest
2547 5696 2575 5732 a
2604 5666 2902 5761 eod-“lus.
2982 5666 3024 5711 ⁹’¹
3069 5675 3297 5761 ⁸2’.Η-γῇς.
3342 5673 3637 5761 Ρενῃξῖνίιιξι
3664 5672 3720 5761 i2

440 5754 536 5802 .ed.
570 5742 1246 5816 Ἐίιτιυ.1ιι,ίιοιηιιιιι’δόξτιςξ
1274 5742 1710 5805 Ememlatiorcm
1751 5742 2033 5807 lectionem
2059 5770 2089 5808 e
2113 5753 2235 5808 cod.
2275 5754 2298 5805 1
2330 5751 2437 5805 et?
2462 5752 2597 5831 Aug.
2634 5742 2993 5836 restituimus.
3069 5750 3115 5781 ⁹²
3146 5742 3390 5802 Merrae.
3421 5744 3546 5801 cod.
3593 5745 3641 5810 l,
3688 5742 3725 5798 ἓ

502 5818 641 5836 ..ρ
751 5817 946 5836 ...μμ
1112 5822 1166 5836 ,,
1501 5821 1511 5836 .
1607 5831 1618 5836 -
2191 5822 2279 5836 ..
2479 5821 2492 5836 .

458 5820 555 5890 μὲν
589 5818 673 5887 δή.
751 5817 797 5850 ³³
837 5821 1380 5888 Ἀποστρέψαντος.
1415 5821 1514 5875 cod
1568 5831 1794 5893 uterque
1825 5823 1974 5878 addit
2003 5825 2040 5876 ei

2144 5822 2364 5891 εούπίσω
2408 5821 2502 5876 καὶ
2549 5819 2969 5887 ἀναζεύξαντος.
