4108 6428
527 277 666 343 ῑθ99

1488 270 1983 337 THEODORETI
2034 272 2379 335 EPISCOPI
2433 274 2807 336 CYRENSIS

3671 277 3809 347 H00

521 388 770 452 allluunt,
806 385 898 442 sed
932 384 1027 456 qui
1054 383 1108 439 in
1137 381 1249 439 Deo
1272 396 1402 440 suas
1433 397 1560 454 spes
1590 384 1883 450 collocant,
1915 392 1970 439 et
1990 382 2095 452 ejus

2213 382 2353 438 ἀλλά
2396 384 2526 448 τοὺς
2558 384 2638 453 τῷ
2670 382 2792 454 Θεῷ
2834 382 3190 453 πεποιθότας,
3221 383 3316 439 καὶ
3348 385 3447 457 τῆς
3481 386 3611 460 παρ’
3635 384 3805 446 αὐτοῦ

520 479 711 535 auxilii
760 486 1039 546 compotes
1072 475 1199 530 facti
1232 485 1377 531 sunt.
1412 475 1584 530 l’orro
1619 475 1856 546 populus
1874 476 2107 538 electus,

522 571 618 625 Dei
673 568 965 625 haereditas
1009 568 1350 632 nominatus,
1403 568 1534 622 olim
1574 568 1794 638 quidem
1844 566 2113 621 Judaicus

521 662 754 732 populus
792 670 911 715 erat
944 677 958 714 :
1009 668 1198 729 postea
1238 675 1366 714 vero
1397 660 1489 728 qui
1521 676 1585 713 ex
1622 659 1876 729 gentibus
1904 659 2112 713 electus

520 753 643 807 lidei
699 751 880 807 radios
933 751 1158 820 recepit.
1208 769 1226 801 ι
1264 748 1400 804 Nam
1436 750 1673 819 postula,
1709 750 1907 819 inquit,
1940 766 1970 803 a
2000 764 2106 814 me,

519 853 576 900 et
601 844 742 899 dabo
777 844 872 898 tibi
903 850 1093 914 gentes
1123 843 1494 897 limreditatem
1519 851 1691 906 tuam,
1721 850 1776 896 et
1802 842 2111 913 possessio-

519 953 642 991 nem
676 946 823 990 tuam
860 936 1125 990 terminos
1155 947 1314 990 terrae
1345 946 1393 987 ιι.
1446 954 1465 986 ι

589 1029 754 1083 Vens.
790 1028 877 1093 i5,
912 1027 996 1083 M.
1033 1046 1052 1079 ι
1094 1030 1167 1082 De
1194 1027 1335 1082 ccelo
1374 1027 1615 1097 respexit
1648 1026 1938 1087 Dominus.
1973 1026 2109 1082 vidit

512 1135 706 1175 omnes
728 1120 868 1175 lilios
891 1119 1202 1174 hominum.
1238 1119 1310 1174 De
1336 1131 1641 1190 praeparato
1664 1120 1976 1175 habitaenlo
2009 1134 2111 1175 suo

512 1212 751 1284 respexit
779 1228 944 1283 super
971 1227 1167 1267 omnes
1189 1210 1284 1282 qui
1315 1211 1567 1266 habitant
1593 1218 1852 1267 terram.»
1889 1211 2017 1265 Haec
2045 1220 2107 1265 et

512 1306 567 1360 in
596 1305 808 1359 decimo
838 1303 999 1359 tertio
1039 1304 1253 1373 psalmo
1298 1303 1459 1371 dixit,
1486 1302 1631 1358 idem
1669 1302 2016 1358 vaticinatus.
2045 1300 2113 1355 Et

512 1395 771 1465 quoniam
830 1392 1002 1459 dixit,
1036 1394 1304 1463 respexit,
1340 1408 1409 1447 ne
1452 1391 1577 1462 quis
1620 1391 1872 1462 Opinetur
1932 1392 2109 1460 ipsum

511 1488 767 1558 ignorare
812 1500 877 1541 ea
909 1500 1030 1552 qua:
1056 1484 1220 1554 811
1255 1483 1325 1539 ab
1354 1482 1672 1539 hominibus
1708 1490 2108 1553 perpetrantur,

511 1589 817 1650 opportune
850 1576 1128 1634 subdidit':

2215 475 2395 545 ῥοπῆς
2452 475 2849 539 ἀπολαύοντας.
2896 475 3186 540 Ἐκλεκτὺς
3212 475 3269 530 δὲ
3300 476 3427 541 λαὸς
3467 478 3807 553 κληρονομία

2212 569 2349 624 Θεοῦ
2373 570 2944 642 προσαγορευόμενος,
2958 570 3127 624 πάλαι
3154 570 3255 640 μὲν
3275 572 3304 623 ό
3332 571 3641 637 Ἰουδαῖκδς.
3666 575 3808 645 μετά

2210 663 2269 717 δὲ
2300 662 2498 727 ταῦτα,
2526 666 2555 717 ὁ
2588 665 2653 717 ἐκ
2680 662 2791 717 τῶν
2814 663 2989 717 ἐθνῶν
3012 663 3283 731 ἐκλεγεὶς,
3307 665 3407 717 κα)⁸
3438 665 3539 735 τῆς
3563 666 3806 733 πίστεως

2211 755 2311 819 τὰς
2339 755 2570 819 ἀκτῖνας
2615 757 2905 829 δεχόμενος
2924 756 2991 812 ⁸⁸.
3035 773 3057 809 ι
3096 757 3327 827 Αῐτησαι
3362 757 3493 827 γὰρ,
3528 760 3682 829 φησὶ,
3709 761 3807 813 καὶ

2210 848 2371 903 δώσω
2400 867 2484 903 σοι
2524 849 2654 921 ἔθνη
2684 850 2785 921 τὴν
2812 848 3183 921 κληρονομίαν
3214 866 3336 918 σου,
3368 850 3467 903 καὶ
3493 849 3596 921 τὴν
3628 852 3802 906 κατά·-

2213 941 2398 1012 σχεσίν
2434 958 2531 995 σου
2558 942 2629 996 τὰ
2662 943 2877 1013 πέρατα
2898 943 2998 1013 τῆς
3027 942 3153 1012 γῆς.

2283 1041 2374 1104 ιγ’,
2428 1035 2513 1089 ιδ’.
2555 1053 2575 1088 ι
2616 1036 2706 1103 Ἐξ
2753 1036 2986 1106 οὐρανοῦ
3029 1035 3385 1106 ἐπέϐλεψενό
3421 1033 3651 1105 Κύριος,
3692 1030 3802 1090 εἶδε

2212 1129 2423 1194 πάντας
2475 1130 2603 1194 τοὺς
2655 1130 2806 1193 υἱοὺς
2856 1128 2965 1183 τῶν
3010 1127 3340 1199 ἀνθρώπων.
3387 1126 3479 1192 Ἐξ
3507 1128 3555 1160 ⁸⁸⁸
3580 1128 3802 1200 ἑτοίμου

2212 1223 2647 1294 κατοικητηρίου
2701 1221 2869 1276 αὐτοῦ
2913 1222 3219 1292 ἐπέϐλεψεν
3260 1221 3355 1275 ἐπὶ
3419 1222 3634 1283 πάντας
3677 1219 3802 1283 τοὺς

2213 1315 2612 1381 κατοικοῦντας
2639 1316 2739 1387 τὴν
2785 1317 2916 1386 γῆν.
2944 1333 2978 1385 ν»
3012 1314 3257 1367 Tui-ra"
3308 1314 3401 1367 mi.
3430 1316 3486 1369 ἐν
3525 1312 3603 1385 τῷ
3632 1312 3804 1382 τρίτῳ

2212 1409 2309 1461 καὶ
2325 1408 2540 1480 δεκάτῳ
2570 1408 2676 1479 ἔφη
2693 1407 2918 1479 ψαλμῷ,
2943 1407 3045 1477 τὴν
3064 1406 3235 1479 αὐτὴν
3270 1406 3594 1476 ποιούμενος
3629 1403 3802 1477 πρόρ-

2215 1500 2397 1568 ρησιν.
2458 1499 2570 1554 Καὶ
2604 1498 2793 1570 ἐπειδὴ
2844 1493 3001 1551 εἶπεν
3040 1498 3404 1567 ἐπέϐλεψεν,
3453 1497 3541 1549 ἵνα
3600 1495 3674 1566 μή
3714 1512 3800 1559 τις

2212 1588 2375 1642 αὑτὸν
2405 1590 2622 1654 ἀγνοεῖν
2657 1590 2816 1663 οἰηθῇ
2839 1590 2911 1644 τά
2945 1590 3101 1662 παρά
3121 1590 3230 1644 τῶν
3261 1588 3569 1663 ἀνθρώπων
3588 1587 3798 1660 τολμώ-

2216 1697 2376 1751 μενα,
2403 1684 2484 1745 είς
2524 1681 2715 1752 καιρὸν
2747 1683 3028 1752 ἐπήγαγεν
3054 1698 3069 1712 ο

578 1760 750 1817 Vsus.
802 1761 893 1817 15.
944 1778 964 1813 ι
1001 1758 1108 1826 Qui
1154 1758 1314 1815 tinxit
1366 1758 1648 1830 sigillatim
1685 1756 1850 1814 corda
1888 1772 2095 1822 eorum,

2281 1772 2363 1826 ιε’.
2398 1793 2417 1825 ι
2466 1774 2526 1826 '0
2560 1774 2769 1836 πλάσας
2804 1775 2950 1828 κατά
3000 1775 3167 1845 μόνας
3195 1773 3243 1806 ⁸⁸
3299 1774 3399 1839 τάς
3438 1773 3664 1848 καρδίας
3692 1774 3794 1828 αύ-

510 1854 606 1925 qui
639 1853 892 1924 intelligit
921 1852 1104 1907 omnia
1143 1866 1309 1923 opera
1336 1867 1553 1907 eorum.
1599 1868 1619 1903 ι
1669 1854 1689 1874 ¹’
1719 1848 1860 1917 Dixi,
1898 1849 2096 1920 inquit,

513 1944 682 2001 Deum
721 1945 1101 2000 universorum
1129 1943 1196 1998 de
1223 1943 1366 1999 calo
1393 1943 1681 2013 respicere,
1699 1957 1808 1997 non
1840 1951 2099 2013 tanquam

511 2038 877 2108 ignorantem,
913 2044 968 2090 ct
991 2035 1205 2090 discere
1230 2035 1565 2106 cupientem,
1596 2048 1788 2089 verum
1818 2042 1878 2089 ut
1908 2033 2099 2089 dicen-

513 2139 622 2183 tem
682 2130 772 2201 jus
795 2172 811 2198 ,
883 2135 939 2183 et
967 2125 1330 2196 judicantcm.
1366 2124 1655 2191 Quomodo
1677 2124 1821 2180 enim
1854 2124 1969 2179 ﬁeri
2001 2140 2101 2195 po-

510 2226 639 2284 teSI,
675 2227 732 2270 ut
757 2217 851 2287 qui
878 2217 1117 2271 animam
1150 2217 1295 2280 fecit,
1323 2218 1445 2285 ejus
1469 2226 1649 2271 motus
1678 2217 1938 2286 ignoret?
1966 2216 2099 2273 Cor-

507 2308 581 2363 da
610 2309 758 2363 enim
795 2323 895 2377 pro
920 2310 1129 2362 ratione
1180 2308 1383 2377 posuit.

581 2402 750 2460 Vens.
800 2402 892 2467 16,
940 2403 1029 2457 l7.
1086 2422 1105 2455 ι
1160 2400 1278 2456 Non
1327 2403 1570 2457 saltatur
1612 2418 1702 2457 rex
1736 2417 1834 2473 per
1867 2403 2098 2458 multam

508 2496 1030 2567 virtutem,etgigas
1057 2512 1162 2550 non
1196 2495 1501 2550 salvabitur
1527 2496 1582 2550 in
1608 2495 1953 2552 multitudine
1986 2496 2099 2550 vir-

508 2593 641 2648 tutis
689 2607 823 2647 suce.
878 2591 1065 2645 Fallax
1113 2607 1289 2661 equus
1330 2591 1398 2646 ad
1441 2592 1697 2656 Salutem,
1762 2591 2097 2646 abundantia

504 2693 687 2740 autem
746 2685 971 2740 virtutis
1014 2701 1130 2739 sua:
1192 2700 1303 2739 non
1354 2685 1679 2739 salvabitur.
1724 2701 1742 2736 ι
1782 2684 1857 2737 Ex
1910 2699 2095 2739 rerum

502 2788 701 2834 eventu
754 2778 1074 2842 didicimus,
1121 2793 1229 2831 non
1264 2791 1386 2833 esse
1425 2776 1811 2833 conﬁdendum
1846 2775 2097 2847 corporis

505 2872 713 2937 robori,
742 2886 849 2928 non
888 2872 1057 2926 animi
1083 2869 1417 2936 fortitudini,
1459 2884 1570 2924 non
1599 2884 1870 2940 equorum
1902 2871 2099 2925 veloci-

503 2966 627 3031 tati,
681 2980 790 3019 non
843 2964 1195 3020 subditorum
1230 2962 1572 3018 multitudini
1604 2981 1618 3017 :
1655 2963 1913 3018 omnibus
1947 2961 2093 3017 enim

502 3058 590 3115 his
617 3058 1000 3114 Sennaclierib
1029 3057 1283 3122 aﬂluens,
1321 3055 1458 3111 nihil
1491 3054 1795 3127 adjumenti
1819 3055 1945 3110 inde
1968 3071 2094 3126 per-

501 3152 667 3222 cepit,
690 3166 883 3205 verum
923 3160 1226 3205 extremam
1269 3149 1566 3219 perniciem
1592 3163 1788 3217 passus
1817 3158 1918 3204 est.
1948 3148 2088 3216 Quid

502 3245 671 3317 igitur
709 3243 1022 3299 faciendum
1052 3251 1157 3309 est,
1196 3258 1229 3297 o
1263 3243 1550 3313 propheta,
1583 3243 1923 3297 demonstra.

573 3335 743 3391 Vens.
814 3335 898 3401 l8,
952 3334 1042 3389 19.
1095 3353 1113 3385 ι
1165 3335 1304 3389 Ecce
1333 3334 1478 3390 oculi
1513 3334 1729 3388 Domini
1765 3348 1929 3404 super
1960 3350 2089 3389 me-

502 3435 718 3482 tuentes
761 3442 911 3492 eum,
940 3436 994 3480 et
1035 3425 1088 3480 in
1135 3427 1236 3490 eis,
1275 3427 1367 3496 qui
1423 3437 1645 3495 sperant
1679 3441 1843 3496 super
1875 3426 2089 3482 miseri-

502 3520 690 3576 cordia
728 3520 869 3590 ejus.
926 3518 997 3575 Ut
1030 3530 1188 3575 eruat
1222 3536 1251 3574 a
1294 3529 1468 3574 morte
1513 3520 1729 3576 animas
1779 3536 1991 3585 eorum,
2033 3528 2089 3575 et

501 3612 615 3667 alat
641 3626 735 3667 eos
765 3612 817 3665 in
848 3611 1009 3666 fame.
1062 3630 1081 3662 ι
1116 3611 1401 3678 Omnium,
1443 3610 1642 3681 inquit,
1681 3611 1953 3666 honorum
1974 3612 2087 3683 pie-

502 3713 590 3759 tas
622 3714 709 3758 est
745 3704 1089 3759 conciliatrix
1119 3724 1133 3760 :
1189 3719 1313 3758 nam
1347 3705 1587 3759 divinam
1625 3720 1781 3775 opem
1814 3705 1880 3759 ad
1912 3719 1974 3760 se
2000 3714 2086 3759 al-

501 3798 686 3863 trahit,
712 3805 767 3852 ct
799 3796 914 3869 ipsa
943 3807 1173 3852 mortem
1208 3797 1587 3853 imminentem
1622 3798 1898 3868 prohibet,
1923 3806 2088 3868 atque

498 3888 768 3960 inopiam,
796 3888 1022 3962 largitur
1046 3899 1230 3946 autem
1275 3889 1543 3945 bonorum
1572 3888 1930 3945 alllnentiam.
1968 3889 2086 3945 Cte-

497 3987 679 4035 terum
739 3979 1042 4035 verisimile
1093 3989 1199 4048 est,
1246 3979 1537 4036 obsidione
1593 3979 1682 4035 illa
1732 3980 1989 4036 obsessos
2031 3980 2083 4033 in

494 4080 738 4142 egestate
789 4087 973 4126 rerum
1024 4073 1461 4127 necessariarum
1512 4070 1704 4139 fuisse,
1762 4072 1960 4127 deinde
2012 4072 2085 4127 ob

495 4165 736 4222 hostium
793 4167 1225 4221 internecionem
1257 4166 1325 4222 ab
1349 4166 1454 4222 hac
1474 4166 1789 4222 calamitate
1822 4165 2084 4221 liberatos

493 4274 638 4317 θεεο.

564 4352 730 4407 ἰἐιις.
778 4351 872 4419 20,
920 4352 1011 4407 Ξῖ.
1062 4370 1081 4405 ι
1124 4352 1320 4406 Anima
1394 4360 1576 4405 autem
1646 4358 1835 4403 nostra
1889 4362 2084 4418 exspe-

2201 1860 2332 1927 τῶν,
2352 1863 2382 1914 ὁ
2414 1864 2617 1925 συνιεὶς
2650 1864 2831 1916 πάντα
2855 1863 2924 1916 τά
2945 1863 3087 1934 ἔργα,
3104 1863 3304 1919 αὐτῶν.
3328 1883 3346 1915 ι
3384 1858 3573 1931 Εἶπον,
3606 1865 3792 1936 φησὶν,

2202 1952 2497 2023 ἐπιϐλέψαι
2536 1953 2627 2007 τὸν
2674 1954 2785 2007 τῶν
2839 1955 2979 2008 ὅλων
3043 1954 3197 2019 Θεὸν,
3224 1956 3322 2025 οὐχ
3373 1958 3450 2018 ὡς
3490 1954 3793 2025 ἀγνοοῦντα

2203 2046 2297 2098 καὶ
2327 2045 2522 2116 μαθεῖν
2568 2046 2879 2117 ἐφιέμενον,
2929 2045 3047 2099 ἀλλ’
3090 2046 3165 2108 ὠς
3198 2046 3451 2117 κρίνοντα
3504 2048 3601 2100 καὶ
3636 2044 3792 2101 δικά-

2202 2138 2385 2204 ζοντα.
2430 2138 2553 2203 Πῶς
2583 2138 2693 2211 γὰρ
2721 2134 2835 2192 οἶόν
2862 2154 2921 2191 τε
2945 2139 3162 2204 ἀγνοεῖν
3189 2138 3287 2207 τῆς
3325 2137 3507 2208 ψυχῆς
3533 2137 3603 2192 τά
3631 2139 3791 2211 κινή-

2205 2250 2352 2302 ματα
2375 2231 2467 2284 τὸν
2497 2232 2706 2300 ταύτην
2737 2230 3081 2301 πεποιηκότα
3104 2245 3119 2296 ;
3143 2228 3255 2297 Τὰς
3283 2230 3533 2299 καρδίας
3557 2231 3670 2302 γὰρ
3697 2232 3793 2286 ἐπὶ

2200 2324 2309 2379 τοῦ
2345 2323 2597 2393 λογικοῦ
2624 2323 2668 2356 ⁸³
2706 2322 2977 2375 τέθεικεν.

2273 2422 2370 2481 ις’,
2400 2415 2486 2481 ιζ’.
2504 2433 2521 2466 ι
2551 2415 2625 2468 Οὐ
2651 2414 2886 2478 σώζεται
2911 2414 3168 2486 βασιλεὺς
3192 2416 3282 2471 διὰ
3309 2414 3512 2488 πολλὴν
3534 2414 3786 2487 δύναμιν,

2199 2509 2295 2563 καὶ
2328 2509 2492 2579 γίγας
2541 2511 2603 2562 οὐ
2650 2510 2961 2582 σωθήσεται
2994 2512 3054 2565 ἐν
3114 2511 3311 2583 πλήθει
3365 2511 3547 2583 ίσχύος
3597 2511 3787 2568 αὐτοῦ.

2197 2601 2419 2673 Ψευδὴς
2446 2601 2618 2666 ἵππος
2656 2603 2739 2667 είς
2760 2603 3057 2675 σωτηρίαν,
3088 2604 3149 2658 ἐν
3182 2603 3241 2658 δέ
3273 2604 3471 2677 πλήθει
3500 2604 3788 2677 δυνάμεως

2197 2692 2364 2746 αὑτοῦ
2383 2694 2443 2746 οὺ
2477 2693 2813 2764 σωθήσεται.
2838 2713 2857 2746 ι
2884 2695 2962 2747 Δι’
2984 2693 3165 2749 αὐτῶν
3182 2694 3231 2728 ⁹⁰
3251 2696 3655 2768 μεμαθήκαμεν
3678 2697 3788 2751 τῶν

2197 2779 2567 2851 πραγμάτων,
2612 2779 2688 2843 ὡς
2722 2780 2781 2832 οὐ
2831 2779 2914 2833 δεῖ
2939 2779 3185 2852 θαρρεῖν,
3220 2781 3282 2834 οὐ
3314 2780 3477 2853 ῥώμῃ
3516 2781 3786 2853 σώματος,

2196 2872 2296 2923 οὐκ
2319 2871 2546 2943 ἀνδρείᾳ
2566 2871 2767 2942 ψυχῆς,
2787 2870 2886 2941 οὐχ
2917 2870 3104 2924 ἵππων
3129 2869 3377 2942 ὀξύτητι,
3411 2873 3511 2943 οὐχ
3528 2873 3787 2944 ὑπηκόων

2198 2961 2433 3034 πλήθει·
2503 2965 2561 3015 ἐν
2620 2963 2837 3028 τούτοις
2887 2963 2999 3035 γὰρ
3056 2962 3265 3018 ἅπασιν
3323 2966 3352 3018 ὁ
3411 2965 3788 3038 Σενναχηρεὶμ

2198 3055 2469 3121 πλουτῶν,
2523 3055 2675 3109 οὐδὲν
2712 3055 2969 3111 ἐντεῦθεν
2999 3055 3292 3123 ἀπώνατο,
3324 3055 3463 3111 ἀλλά
3506 3057 3609 3129 τὴν
3652 3075 3787 3111 παν.

2196 3146 2467 3217 ωλεθρίαν
2488 3145 2708 3212 ἐδέξατο
2728 3162 2742 3174 ⁸
2759 3146 2814 3199 τί
2833 3142 2926 3202 οὖν
2953 3146 3549 3219 ποιητέον,ὐπόδειξον,
3581 3143 3626 3203 ὦ
3648 3164 3785 3220 προ-

2197 3241 2363 3312 φῆτα.

2271 3338 2364 3404 ιη’,
2400 3333 2484 3387 ιθ’.
2529 3352 2549 3385 ι
2594 3332 2731 3387 Ἰδοὺ
2778 3333 2828 3387 οἱ
2862 3333 3137 3405 ὀφθαλμοὶ
3167 3334 3375 3406 Κυρίου
3402 3334 3497 3389 ἐπὶ
3528 3336 3656 3401 τοὺς
3686 3353 3788 3408 φο-

2196 3424 2498 3495 ϐουμένους
2526 3424 2714 3490 αὐτὸν,
2731 3424 2859 3489 τοὺς
2880 3424 3204 3491 ἐλπίζοντας
3232 3428 3325 3481 ἐπὶ
3345 3428 3408 3481 τὸ
3427 3427 3577 3492 ἔλεος
3596 3428 3786 3485 αὑτοῦ.

2206 3516 2508 3571 Ῥύσασθαι
2540 3518 2606 3569 ἐκ
2648 3514 2887 3575 θανάτου
2928 3516 3031 3581 τὰς
3068 3518 3250 3588 ψυχὰς
3295 3518 3475 3572 αὐτῶν
3499 3558 3515 3583 ,
3558 3521 3651 3575 καὶ
3672 3521 3785 3577 διασ

2195 3609 2395 3680 θρέψαι
2424 3609 2624 3673 αὐτοὺς
2648 3610 2706 3663 ἐν
2726 3607 2893 3680 λιμῷ.
2934 3628 2954 3662 ι
2991 3611 3299 3678 Ἁπάντων,
3320 3614 3473 3683 φησὶ,
3499 3612 3610 3667 τῶν
3642 3615 3785 3683 ἀγα-

2196 3703 2307 3757 θῶν
2356 3703 2621 3775 πρόξενος
2650 3707 2684 3776 ἡ
2725 3703 2983 3757 εὐσέϐεια
3009 3721 3024 3735 ο
3057 3705 3155 3777 τὴν
3188 3705 3299 3777 γάρ
3364 3706 3514 3761 θείαν
3569 3712 3787 3782 προμή·

2195 3800 2348 3852 Θειαν
2384 3797 2699 3868 ἐφέλκεται,
2743 3796 2885 3872 αὕτη
2915 3797 2974 3853 δέ
3009 3799 3103 3852 καὶ
3168 3790 3396 3854 θάνατον
3438 3801 3530 3855 τὸν
3561 3803 3784 3857 ἐπιόντα

2195 3892 2397 3946 κωλύει
2465 3891 2562 3945 καὶ
2612 3891 2881 3946 ἔνδειαν⁹¹
2905 3907 2919 3922 ·
2949 3892 3236 3963 χαρίζεται
3258 3893 3314 3949 δέ
3344 3897 3396 3928 θ’
3418 3895 3528 3949 τῶν
3558 3897 3783 3966 ἀγαθῶν

2190 3981 2292 4052 τὴν
2323 3982 2500 4050 φοράν
2526 3997 2541 4013 ο
2582 3981 2732 4046 εἰκὸς
2755 3982 2803 4014 ⁸⁸
2838 3981 2897 4037 δὲ
2923 3983 3019 4037 ἐπὶ
3055 3981 3159 4053 τῆς
3194 3983 3510 4054 πολιορκίας
3541 3986 3780 4059 ἐκείνης,

2192 4075 2251 4128 ἐν
2283 4074 2477 4127 σπάνει
2505 4072 2764 4142 γενέσθαι
2797 4073 2910 4127 τῶν
2941 4072 3259 4142 ἀναγκαίων
3290 4073 3416 4137 τοὺς
3438 4073 3781 4145 καθειργμέο

2192 4167 2403 4233 νουςνδ,
2433 4161 2557 4219 εἶτα
2592 4165 2671 4237 τῷ
2702 4167 2813 4221 τῶν
2854 4166 3131 4236 πολεμίων
3195 4165 3403 4237 ὀλέθρῳ
3440 4166 3536 4219 καὶ
3574 4167 3781 4239 ταύτης

2192 4256 2583 4327 ἀπαλλαγῆναι
2616 4256 2717 4326 τῆς
2745 4256 3053 4327 συμφορᾶς.

2264 4344 2333 4409 κ’,
2358 4352 2462 4399 καί.
2496 4363 2515 4397 ι
2564 4339 2630 4397 Ἢ
2680 4343 2738 4398 δέ
2764 4344 2915 4415 ψυχὴ
2962 4344 3122 4416 ἡμῶν
3145 4345 3407 4416 ὑπομενεῖ
3432 4345 3511 4417 τῷ
3547 4346 3738 4418 Κυρίῳ
3760 4362 3775 4377 ο

492 4445 663 4502 ctahit
698 4444 1010 4513 Dominum,
1048 4447 1309 4516 quoniam
1357 4444 1577 4513 adjutor
1601 4451 1655 4498 et
1690 4450 1961 4512 protector
1981 4455 2083 4493 no-

2200 4440 2274 4493 Ξτι
2333 4438 2529 4510 βοηθὸς
2590 4438 2687 4491 καὶ
2732 4439 3151 4511 ὑπερασπιστὴς
3213 4438 3373 4511 ἡμῶν
3437 4441 3604 4495 ἐστιν.
3653 4440 3777 4494 Ὀτι

492 4551 604 4596 Ster
650 4549 753 4596 est.
800 4541 966 4611 812
991 4541 1130 4606 Quia
1168 4539 1221 4592 in
1259 4555 1324 4593 eo
1377 4538 1649 4593 laetabitur
1678 4552 1773 4591 cor
1806 4543 2082 4601 nostrum,

491 4642 546 4689 et
578 4635 631 4689 in
664 4635 888 4689 nomine
916 4643 1109 4689 saneto
1136 4631 1257 4702 ejus
1287 4631 1654 4702 speravimus.
1691 4647 1710 4681 ›
1746 4628 1884 4684 Cum
1918 4628 2085 4698 igitur

495 4735 572 4783 tot
605 4738 866 4797 tantaque
904 4728 1045 4781 bona
1092 4726 1371 4780 consecuti
1401 4738 1614 4790 sumus,
1644 4723 1857 4776 ﬁrmam
1883 4721 1938 4774 in
1968 4718 2081 4774 Deo

493 4837 646 4892 spem
683 4822 968 4885 habemus,
1000 4827 1053 4872 et
1088 4819 1158 4873 ab
1189 4819 1313 4889 ipso
1336 4833 1552 4888 semper
1589 4816 1854 4872 auxilium
1887 4828 2083 4883 exspe-

400 4964 417 4970 ρ
492 4911 797 4967 etabimus:
821 4911 938 4979 ipse
965 4908 1111 4963 enim
1149 4909 1310 4964 nobis
1340 4918 1667 4979 praesentem
1702 4905 1945 4963 laetitiam
1973 4904 2084 4959 lar-

515 5119 545 5145 “
586 5111 735 5168 Psal.
767 5128 827 5175 Il,
856 5109 910 5163 8.

2193 4534 2250 4585 ἐν
2285 4532 2436 4604 αὐτῷ
2470 4530 2911 4603 εὐφρανθήσεται
2938 4533 2969 4601 ἠ
3007 4531 3209 4602 καρδία
3236 4531 3396 4603 ἡμῶν
3428 4547 3445 4563 ο
3488 4533 3583 4586 καὶ
3610 4535 3667 4587 ἐν
3695 4532 3779 4605 τῷ

2191 4625 2423 4694 ὀνόματι
2457 4621 2535 4694 τῷ
2577 4622 2719 4695 ἀγίῳ
2776 4621 2945 4677 αὑτοῦ
3005 4623 3341 4696 ἠλπίσαμεν.
3397 4644 3417 4678 ι
3489 4625 3774 4679 Τοσούτων

2189 4715 2377 4769 τοίνυν
2422 4712 2649 4783 ἀγαθῶν
2700 4712 3134 4781 ἀπολαύσαντες,
3173 4715 3402 4785 βεϐαίαν
3460 4715 3660 4787 ἔχομεν
3694 4719 3776 4781 είς

2190 4807 2283 4861 τὸν
2312 4806 2447 4860 Θεὸν
2478 4805 2580 4878 τὴν
2606 4805 2799 4860 ἐλπίδα
2826 4823 2841 4838 ο
2890 4806 2986 4860 καὶ
3011 4807 3112 4878 τὴν
3141 4812 3275 4879 παρ’
3319 4807 3486 4861 αὐτοῦ
3520 4807 3775 4881 βοήθειαν

2192 4898 2618 4972 προσμενοῦμεν
2639 4897 2726 4953 ἀεί
2752 4915 2767 4928 ο
2802 4898 2969 4962 αὐτὸς
2995 4899 3107 4971 γὰρ
3141 4901 3274 4970 ἡμῖν
3304 4899 3401 4954 καὶ
3434 4901 3534 4971 τὴν
3561 4899 3774 4974 παροῦ-

1633 5237 1866 5295 VARIJE
1908 5232 2295 5292 LECTIONES
2328 5233 2417 5289 ET
2448 5234 2676 5292 ΝΟΤᾹΞ.

545 5367 602 5451 se.
619 5365 792 5451 εφη,
813 5362 1143 5451 δεξάμενοςᾷ
1204 5361 1647 5451 ῗῖξξ-ᾳὺτοῦἶ
1658 5369 1851 5451 Διὶ-εἰρι-
1870 5379 1956 5426 est
1980 5368 2095 5442 Syn

2200 5375 2296 5430 lchi
2317 5379 2496 5433 versio
2525 5378 2634 5434 ἀπὸ
2671 5380 2892 5451 ἑδραίας
2919 5383 3203 5447 κατοικίας
3237 5384 3427 5441 αὐτοῦ.
3503 5386 3549 5420 ⁸⁷
3575 5383 3769 5440 Ταῦτα

503 5467 561 5479 -
575 5436 904 5505 ἐπήγαγεν.

490 5505 536 5539 ⁸⁸
560 5511 724 5563 Κατὰ

489 5576 590 5632 Διά
616 5572 846 5630 τούτων.
946 5574 989 5604 ⁹¹
1028 5572 1316 5627 Ἕνδειαν.
1357 5578 1478 5632 eod.
1512 5572 1558 5633 Ἰ
1614 5572 1792 5633 Ιιιὼεδί
1814 5581 1956 5636 ἐνδεῖ

442 5698 449 5705 .
491 5650 722 5704 multum
749 5644 939 5716 dill'ert
981 5641 1331 5716 lectio_(3_ord.
1364 5662 1418 5716 ι).
1448 5647 1572 5709 561.
1607 5650 1665 5701 ἐν
1697 5649 1895 5716 ἐνδείᾳ.

991 5447 1147 5509 orum
1203 5433 1397 5509 locum
1439 5438 1493 5492 in
1549 5440 1670 5493 cod.
1707 5433 1881 5495 'Flor.
1942 5433 2211 5509 oreupant
2267 5461 2331 5502 ca

780 5501 994 5597 Was.-
1028 5501 1308 5597 ﬂij‘
1336 5507 1466 5597 θάλε·
1495 5510 1710 5597 terra:
1739 5512 1903 5597 δξμεο..
2052 5501 2095 5568 π

2200 5501 2468 5597 tamet“):
2479 5501 2624 5597 ’ξοάἷ
2635 5501 2656 5504 “⁷
2671 5501 2825 5577 ῖιόὶῖ
2835 5501 3286 5596 ’ἓῶἶῖὂγιὰῌῶξιῖ

1961 5589 2268 5665 ᾳ,.οιιξὶεεο
2317 5589 2461 5655 colo,
2515 5591 2586 5665 ita
2629 5599 2689 5665 ut
2722 5608 2846 5648 eum
2888 5589 3245 5665 sequentibus
3282 5597 3573 5655 cohaereat.
3612 5598 3763 5653 llaud

491 5654 722 5704 multum
757 5654 939 5700 ditl‘ert
981 5654 1141 5696 lectio
1168 5654 1331 5700 (λοι-(ι.
1364 5662 1418 5716 p.
1448 5654 1572 5709 561,
1607 5654 1665 5701 εν
1697 5654 1895 5705 ἐνδεία,
2003 5654 2048 5685 οι
2078 5665 2095 5707 Δ

490 5714 829 5790 συμφορᾶς.
861 5714 986 5769 Des.
1017 5712 1158 5782 apud
1191 5713 1354 5770 Cord.
1388 5717 1424 5770 l.
1454 5732 1505 5771 c.
1578 5718 1624 5749 ”
1655 5719 1777 5774 cod.
1807 5707 2095 5794 Ε’καθειρχ

2200 5656 2372 5778 nubem
2402 5654 2588 5715 a’eod.
2626 5663 2677 5731 l,
2720 5674 2774 5719 ct
2811 5654 3156 5735 apud'Cord.
3190 5668 3227 5722 Ι.
3253 5682 3303 5723 e.

2400 5464 2523 5525 qua:
2586 5452 3048 5525 gad‘seqnentem
3110 5456 3310 5511 versic.
3361 5458 3609 5525 apposito
3640 5467 3770 5512 sunt

3383 5527 3430 5558 ⁹⁰
3458 5530 3581 5585 cod.
3620 5526 3763 5581 Flor.

3413 5669 3458 5701 ⁹³
3489 5669 3668 5736 Εἰκὸς
3696 5691 3767 5708 ·-·
