4108 6438
390 403 521 469 1105

1697 411 1779 471 IN
1823 411 2026 471 PSAL.
2063 412 2338 474 XXXIII.

3538 424 3676 488 Π(ὶῦ

453 516 518 572 0'.
560 536 577 567 ι
618 515 916 581 Γεύσασθε,
949 520 1043 574 καὶ
1089 518 1230 574 ἴδετε
1260 523 1342 576 ὅτι
1390 524 1624 594 χρηστὸς
1659 524 1688 578 ὁ
1729 525 1957 597 Κύριος⁴

2149 526 2315 583 Vens.
2357 528 2411 584 9.
2468 547 2486 580 ι
2526 528 2774 597 Gustate,
2812 543 2865 589 et
2914 533 3114 603 videte,
3151 550 3377 590 suavem
3408 552 3529 592 esse
3565 537 3670 591 Do-

384 610 654 682 μακάριος
683 611 844 683 ἀνὴρ,
878 612 938 676 ὃς
968 612 1181 679 ἐλπίζει
1233 615 1320 667 ἐπ’
1371 616 1557 672 αὐτόν.
1599 636 1619 671 ι
1679 617 1969 688 Εἰρηκὼς,

386 726 404 755 ι
448 703 786 773 Προσέλθετε
827 704 964 774 πρὸς
982 705 1028 737 ³⁸
1077 706 1240 760 αὐτὸν
1273 708 1367 761 καὶ
1411 707 1743 781 φωτίσθητε,
1777 729 1796 762 ›
1836 728 1971 781 προ-

378 796 573 865 τρέπει
608 813 628 847 ι
666 796 763 851 καὶ
790 796 1086 864 γεύσασθε.
1135 817 1153 849 ο
1193 799 1272 870 Τῇ
1302 799 1494 873 πείρᾳ,
1553 801 1710 872 φησὶ,
1769 794 1970 872 μάθετε

377 889 475 956 τὴν
513 887 831 959 άγαθότητα
882 888 977 941 τοῦ
1026 889 1331 943 Δεσπότου·
1393 893 1743 963 μακαρισμὸν
1795 895 1906 965 γὰρ
1924 894 1970 926 ³⁸

378 978 629 1032 ἐντεῦθεν
658 981 963 1051 τρυγήσετε
981 980 1051 1037 ⁸⁷.
1092 982 1289 1037 ’ἰστέον
1331 984 1517 1055 μέντοι
1542 984 1619 1047 ὡς
1651 987 1762 1049 τοῖς
1798 986 1968 1039 πάλαι

388 1070 667 1136 Ἰουδαίοις
700 1072 734 1143 ἡ
772 1073 1041 1145 εἰρημένη
1085 1073 1356 1146 ἁρμόττει
1406 1075 1642 1132 διάνοια.
1689 1078 1748 1130 '0
1797 1077 1854 1131 δέ
1903 1094 1966 1145 γε

373 1168 432 1218 ἑν
453 1163 529 1236 τῷ
562 1164 716 1234 βάθει
739 1164 832 1218 τοῦ
854 1167 1186 1237 γράμματος
1203 1167 1248 1199 ³⁸
1275 1169 1657 1241 κρυπτόμενος
1686 1167 1830 1233 νοῦς,
1857 1169 1966 1222 τῶν

373 1255 536 1310 θείων
562 1257 882 1328 μυστηρίων
912 1257 1011 1331 τὴν
1033 1259 1196 1331 χάριν
1223 1262 1542 1314 αἰνίττεται.
1585 1259 1687 1315 Διὰ
1735 1262 1840 1332 γὰρ
1868 1261 1963 1314 τοῦ

371 1348 646 1418 παναγίου
710 1348 1092 1420 βαπτίσματος
1148 1353 1178 1404 ὁ
1232 1351 1445 1423 ἀληθὴς
1515 1352 1798 1423 φωτισμὸς
1848 1356 1964 1417 τοῖς

370 1440 666 1512 προσιοῦσι
693 1441 1073 1510 προσγίνεται,
1103 1443 1199 1496 καὶ
1236 1444 1338 1513 τῆς
1382 1443 1651 1511 ζωοποιοῦ
1690 1446 1898 1517 τροφῆς
1931 1446 1962 1517 ἡ

368 1530 562 1599 γεῦσις
592 1530 694 1602 τὴν
749 1531 1069 1611 ἀγαθότητα
1115 1533 1212 1587 τοῦ
1249 1535 1503 1606 Σωτῆρος
1536 1535 1809 1592 δείκνυσιν
1873 1539 1963 1591 ὲν-

367 1624 580 1695 αργῶς.
620 1624 687 1678 Τί
716 1625 828 1695 γὰρ
850 1625 1022 1691 οὓτως
1052 1627 1218 1680 αὐτοῦ
1247 1628 1436 1697 σαφῶς
1460 1630 1503 1661 ³⁸
1517 1629 1618 1701 τὴν
1648 1629 1963 1702 φιλανθρω-

367 1719 500 1771 πίαν
536 1718 919 1774 ὑποδείκνυσιν
950 1759 967 1784 ,
1022 1720 1099 1785 ὡς
1151 1722 1389 1793 σταυρὸς
1410 1723 1479 1787 ⁸ο,
1528 1725 1626 1777 καὶ¹
1675 1723 1956 1791 τὸπάθος,

365 1810 460 1862 καὶ
486 1811 515 1863 ὁ
540 1810 685 1881 ὑπὲρ
716 1811 875 1881 ἡμῶν
904 1812 1200 1882 γενόμενος
1260 1815 1513 1880 Θάνατος,
1569 1815 1662 1869 καὶ
1694 1815 1755 1869 τὺ
1804 1814 1961 1884 γενέ-

365 1901 490 1955 σθαι
545 1902 657 1955 τῶν
735 1902 957 1957 οἰκείων
1041 1905 1334 1976 προϐάτων
1404 1907 1614 1977 τροφὴν
1666 1908 1802 1978 ὁμοῦ
1866 1909 1961 1961 καὶ
1988 1898 2034 1953 Β

362 1995 555 2064 πηγήν
574 2012 587 2049 τ

431 2116 484 2173 ι’,
516 2116 607 2165 ια’.
634 2130 657 2163 ε
685 2109 969 2182 Φοϐήθητε
995 2110 1090 2165 τὸν
1108 2109 1338 2184 Κύριον,
1369 2111 1572 2177 πάντες
1602 2115 1651 2167 oi
1683 2113 1831 2184 ἅγιοι
1861 2115 1961 2169 αὺ-

357 2201 480 2266 τοῦ,
508 2202 593 2256 ὃτι
617 2203 719 2256 οὐκ
744 2200 896 2256 ἔστιν
927 2203 1217 2274 ὑστέρημα
1247 2204 1365 2268 τοῖς
1388 2205 1748 2276 φοϐουμένοις
1771 2208 1956 2263 αὐτόν.

362 2292 618 2347 Πλούσιοι
644 2293 1001 2365 ἐπτώχευσαν
1046 2295 1142 2348 καὶ
1163 2294 1464 2350 ἐπείνασαν
1482 2313 1497 2328 ·
1515 2299 1565 2350 oi.
1581 2297 1639 2350 δὲ
1666 2299 1957 2370 ἐκζητοῦν-

359 2402 454 2450 τες
483 2384 575 2439 τὸν
612 2385 848 2458 Κύριον,
899 2385 1000 2439 οὐκ
1059 2386 1528 2456 ἐλαττωθήσονται
1565 2390 1767 2454 παντὸς
1819 2391 1960 2459 ἀγα-

362 2476 481 2534 θοῦ.
524 2495 544 2529 ι
577 2477 857 2548 Σύμφωνα
885 2477 943 2530 δὲ
982 2477 1078 2531 καὶ
1108 2479 1284 2532 ταῦτα
1335 2481 1451 2543 τοῖς
1493 2480 1607 2535 ἄνω
1639 2480 1857 2552 ῥηθεῖσι
1878 2482 1953 2514 δ”

362 2568 627 2640 παραινεῖ
673 2567 784 2639 γὰρ
829 2569 942 2632 τοῖς
989 2568 1091 2640 ἤδη
1115 2567 1266 2622 τὸνδί
1289 2569 1565 2640 ἁγιασμδν
1609 2570 1698 2626 διὰ
1730 2571 1825 2626 τοῦ
1861 2572 1960 2643 βα-

365 2662 676 2732 πτίσματος
701 2660 1043 2732 δεξαμένοις,
1093 2661 1248 2734 φόϐῳ
1287 2664 1386 2733 τὴν
1433 2664 1658 2735 ἀγάπην
1702 2666 1954 2736 κεράσαι,

366 2753 612 2807 καὶτῶν
658 2753 885 2822 ἀγαθῶν
917 2753 1017 2826 τὴν
1078 2753 1342 2822 ἀφθονίαν
1399 2756 1750 2827 ἀναμένειν⁴³
1804 2759 1959 2828 παρὰ

374 2845 539 2914 μόνου
555 2844 603 2876 ⁸⁵
632 2844 785 2899 Θεοῦ.
821 2845 880 2899 '0
917 2846 1026 2916 γὰρ
1049 2845 1282 2910 πλοῦτος
1314 2846 1520 2908 πολλὰς
1548 2846 1661 2918 ἔχει
1718 2850 1957 2919 μεταϐο-

369 2935 498 3000 λάς·
539 2936 632 2990 καὶ
654 2939 681 2990 ὁ
710 2938 951 3009 σήμερον
974 2935 1251 2999 πλούσιος,
1289 2939 1372 2999 εἰς
1403 2936 1596 2990 πενίαν
1634 2939 1751 3009 μετ’
1775 2939 1956 3007 ὀλίγον

367 3027 662 3097 μετέπεσε.
719 3028 831 3081 Καὶ
902 3025 1147 3081 Ἰουδαῖοι
1189 3025 1249 3080 δὲ
1303 3027 1474 3080 πάλαι
1521 3028 1615 3081 τοῦ
1665 3028 1800 3082 Θεοῦ
1856 3030 1956 3101 τὴν

358 3120 693 3192 κηδεμονίαν
768 3120 1218 3192 πλουτήσαντες,
1290 3119 1650 3191 ὲπτὼχευσαν
1715 3121 1802 3195 [⁸⁸
1862 3124 1956 3177 καὶ

355 3214 657 3269 ἐπείνασαν
707 3213 1167 3287 ἀπιστήσαντες].
1205 3214 1288 3267 Τὰ
1324 3214 1382 3268 δὲ
1424 3215 1794 3269 πιστεύσαντα
1826 3217 1956 3289 ἔθνη
1984 3240 2026 3297 ο

356 3308 511 3378 παρὰ
530 3307 628 3361 τοῦ
651 3306 791 3362 Θεοῦ
829 3308 941 3361 τῶν
963 3307 1190 3377 ἀγαθῶν
1219 3311 1321 3378 τὴν
1347 3308 1612 3377 ἀφθονίαν
1646 3310 1949 3374 ὲδέξατοδε.

427 3401 517 3472 ιβ’,
582 3409 672 3471 ιγ’.
734 3421 753 3453 ι
808 3401 1001 3468 Δεῦτε,
1050 3400 1244 3463 τέκνα,
1287 3401 1562 3455 ἀκούσατέ
1607 3421 1733 3473 μου,
1788 3405 1953 3474 φόϐον

353 3493 566 3564 Κυρίου
605 3493 803 3559 διδάξω
849 3494 1015 3564 ὑμᾶς.
1067 3493 1166 3557 Τίς
1212 3495 1362 3546 ἐστιν
1396 3494 1689 3567 ἄνθρωπος
1723 3498 1751 3550 ὀ
1779 3497 1951 3551 θέλων

355 3583 528 3655 ζωὴν,
560 3585 800 3655 ἀγαπῶν
835 3586 1049 3657 ἡμέρας
1083 3585 1215 3638 ίδεῖν
1251 3585 1495 3654 ἁγαθὰς;
1533 3605 1551 3639 ι
1606 3590 1716 3643 Καὶ
1751 3608 1950 3660 προτε-

353 3676 573 3744 ειεικὼς,
619 3672 735 3731 οἷόν
786 3695 841 3732 τι
901 3672 1070 3731 ἆθλον
1113 3676 1461 3749 ἀξιέραστον,
1527 3679 1628 3751 τὴν
1670 3681 1816 3753 ζωὴν
1850 3681 1951 3753 τὴν

350 3764 585 3832 ἄλυπον,
616 3768 713 3823 καὶ
741 3768 842 3842 τὴν
871 3767 1227 3840 τριπὸθητον,
1259 3767 1354 3821 ἐπὶ
1374 3770 1502 3834 τοὺς
1538 3769 1761 3838 ἀγῶνας
1810 3791 1950 3844 προ-

348 3861 570 3932 τρέπει.

424 3953 508 4019 ιδ’,
540 3961 622 4011 ιε’.
665 3974 685 4007 ι
720 3954 940 4010 Παῦσον
969 3954 1072 4028 τὴν
1093 3957 1351 4028 γλῶσσάν
1384 3976 1478 4014 σου
1499 3959 1609 4014 ἀπὸ
1626 3958 1822 4025 κακοῦ,
1854 3960 1950 4014 καὶ

346 4045 507 4117 χείλη
557 4063 653 4100 σου
704 4045 800 4101 τοῦ
850 4047 926 4119 μὴ
980 4048 1214 4121 λαλῆσαι
1270 4053 1446 4107 δόλον.
1502 4051 1797 4105 Ἔκκλινον
1838 4052 1949 4106 ἀπὸ

347 4133 545 4202 κακοῦ,
593 4138 690 4190 καὶ
712 4136 941 4209 ποίησον
992 4140 1235 4208 ἀγαθόν’
1276 4142 1519 4214 ζήτησον
1560 4143 1807 4214 εἰρήνην,
1853 4143 1948 4197 καὶ⁵

346 4226 543 4290 δίωξον
573 4228 768 4299 αὐτήν.
838 4247 856 4281 ι
916 4229 1194 4302 Πρότερον
1224 4232 1533 4303 ἀποτρέπει
1566 4233 1792 4297 κακίας,
1843 4227 1946 4286 εἷθ’

344 4320 491 4375 οὕτω
521 4321 588 4374 τὰ
618 4321 734 4395 είδη
751 4322 794 4354 ⁸⁷
826 4324 927 4394 τῆς
968 4324 1180 4393 ἀρετῆς
1233 4325 1484 4396 μετιέναι
1543 4325 1794 4380 κελεύει’
1850 4326 1946 4379 καὶ

347 4415 569 4486 πρῶτον
630 4417 731 4487 μὲν
777 4415 877 4488 τὴν
916 4415 1188 4485 γλῶτταν,
1247 4421 1326 4481 ὡς
1382 4417 1664 4473 εὐόλισθον
1734 4418 1942 4490 μόριον,

347 4508 681 4580 καθαρεύειν
712 4509 915 4573 παντὸς
938 4510 1096 4563 δόλου
1147 4511 1244 4564 καὶ
1279 4512 1547 4583 πονηρίας
1602 4513 1901 4583 παρεγγυᾷ
1925 4528 1940 4543 ⁸

2082 621 2332 690 minum;
2365 621 2562 679 beatus
2592 624 2693 690 vir,
2733 625 2824 695 qui
2846 636 3029 696 sperat
3057 628 3111 683 in
3143 644 3231 685 eo.
3275 648 3295 682 ι
3325 629 3460 684 Cum
3495 629 3671 684 dixie-

2080 723 2198 767 set:
2234 732 2253 765 ι
2281 714 2538 770 Accedite
2558 717 2626 773 ad
2654 732 2780 773 eum
2808 729 2862 774 et
2884 720 3302 786 illuminamini,
3338 742 3356 773 ι
3393 724 3669 787 hortatur,

2084 824 2103 857 ι
2140 814 2195 859 et
2225 815 2462 875 gustate.
2505 826 2524 859 ι
2566 807 2934 883 Experientia,
2965 813 3162 884 inquit,
3211 814 3407 870 discite
3447 815 3668 869 bonita-

2078 904 2187 951 tem
2246 897 2511 953 Domini:
2545 915 2671 955 nam
2716 903 2847 958 hinc
2892 905 3287 961 beatitudinem
3338 907 3662 976 acquiretis.

2076 992 2374 1047 Sciendum
2403 1003 2485 1048 est
2508 1005 2717 1061 autem,
2747 997 2989 1068 antiquis
3009 996 3213 1054 Iudaeis
3241 998 3388 1055 hunc
3411 1015 3659 1062 sensum,

2074 1101 2237 1154 quem
2266 1086 2531 1151 diximus,
2554 1103 2887 1160 congruere.
2933 1090 3143 1148 Sensus
3183 1102 3387 1158 autem,
3438 1092 3531 1162 qui
3566 1094 3582 1112 '
3605 1091 3658 1145 in

2075 1178 2445 1247 profunditate
2485 1179 2682 1235 littera:
2724 1182 2876 1249 latet,
2925 1183 3236 1239 divinorum
3269 1186 3657 1256 mysteriorum

2075 1272 2310 1344 gratiam
2373 1273 2579 1329 innuit.
2632 1271 2769 1328 Nam
2805 1290 2902 1344 per
2933 1283 3186 1331 sanctum
3230 1277 3498 1346 baptisma
3531 1292 3657 1330 vera

2073 1367 2406 1421 illuminatio
2444 1366 2835 1422 accedentibus
2870 1368 3201 1440 acquiritur,
3242 1381 3298 1425 et
3344 1370 3526 1425 vitalis
3552 1370 3658 1424 cihi

2069 1469 2267 1530 gustus
2326 1460 2630 1515 bonitatem
2686 1458 2992 1518 Salvatoris
3045 1462 3338 1517 manifesto
3400 1462 3659 1517 ostendit.

2070 1551 2213 1619 Quid
2244 1552 2393 1606 enim
2427 1554 2506 1608 sic
2533 1553 2771 1608 dilucide
2808 1555 2927 1623 ejus
2957 1554 3348 1623 benignitatem
3396 1553 3657 1617 ostendit,

2067 1645 2236 1716 816
2269 1653 2329 1699 ut
2353 1660 2510 1710 crux,
2536 1655 2590 1700 et
2623 1645 2833 1716 passio,
2869 1656 2924 1702 et
2959 1662 3113 1702 mors
3158 1662 3257 1718 pro
3289 1647 3448 1702 nobis
3477 1663 3659 1703 susce-

2067 1747 2182 1808 pta,
2208 1746 2263 1793 et
2284 1738 2429 1807 quod
2458 1738 2576 1810 ipse
2598 1754 2824 1795 suarum
2849 1740 3034 1795 ovium
3065 1740 3225 1796 cibus
3265 1740 3431 1796 simul
3460 1749 3515 1794 et
3537 1739 3658 1795 fons

2068 1827 2246 1885 factus
2276 1829 2393 1886 sit?

2135 2086 2301 2145 Vens.
2336 2084 2537 2151 10,11.
2575 2110 2592 2144 ι
2633 2090 2844 2148 Timete
2888 2092 3180 2147 Dominum
3203 2135 3220 2161 ,
3249 2108 3444 2148 omnes
3474 2094 3655 2148 sancti

2063 2181 2210 2252 ejus,
2237 2182 2500 2252 quoniam
2541 2200 2648 2237 non
2681 2194 2767 2239 est
2821 2185 3002 2254 inopia
3033 2182 3357 2239 timentibus
3379 2201 3525 2238 eum.
3565 2184 3653 2236 Di-

2065 2275 2200 2330 vites
2248 2284 2521 2345 eguerunt
2573 2290 2627 2330 et
2676 2277 2994 2332 esurierunt
3040 2296 3054 2332 :
3108 2289 3416 2347 quau-entes
3470 2286 3659 2331 autem

2065 2366 2359 2422 Dominum
2412 2385 2521 2423 non
2572 2370 2890 2425 minuentur
2937 2369 3086 2424 omni
3121 2370 3283 2424 bono.
3324 2389 3342 2421 ι
3395 2367 3520 2424 Ιίιιέ
3555 2385 3656 2423 au-

2063 2470 2245 2515 autem
2282 2461 2487 2530 pariter
2512 2460 2601 2527 iis,
2628 2478 2753 2532 quae
2783 2460 3039 2533 superius
3079 2461 3228 2518 dicta
3266 2468 3419 2524 sunt,
3452 2476 3653 2517 conso-

2062 2564 2214 2607 nant.
2247 2552 2523 2609 ᾹιΙιιιοιιθι
2552 2555 2698 2609 enim
2732 2570 2849 2621 eos,
2880 2555 2975 2624 qui
3008 2570 3107 2625 per
3136 2553 3410 2625 baptisma
3448 2552 3655 2609 sancti-

2062 2645 2302 2702 moniam
2337 2655 2689 2717 acceperunt,
2725 2655 2786 2701 ut
2819 2647 3014 2701 timore
3046 2662 3289 2701 amorem
3326 2655 3650 2716 temperent,

2060 2748 2116 2796 et
2149 2741 2420 2795 bonorum
2457 2740 2791 2794 atlluentiam
2825 2756 2854 2795 a
2882 2740 3001 2796 solo
3034 2739 3143 2793 Deo
3172 2748 3515 2810 exspectent.
3563 2737 3655 2792 Di-

2060 2834 2208 2889 vitia:
2261 2834 2408 2887 enim
2465 2834 2667 2889 multas
2721 2834 2927 2888 habent
2965 2833 3400 2899 vicissitudines,
3457 2840 3512 2886 et
3555 2835 3648 2901 qui

2061 2928 2134 2983 ho
2157 2928 2225 2983 Eie
2254 2925 2408 2981 dives
2444 2936 2551 2987 est,
2586 2927 2749 2996 paulo
2783 2936 2905 2996 post
2953 2927 3008 2980 in
3060 2925 3301 2997 inopiam
3339 2926 3552 2981 incidit.
3585 2925 3652 2979 Et

2059 3019 2259 3081 Judaei,
2298 3036 2422 3074 cum
2477 3020 2606 3074 olim
2650 3017 2748 3074 Dei
2797 3020 3196 3087 gubernatione
3238 3019 3397 3074 ditati
3437 3026 3647 3083 essent,

2060 3128 2326 3183 pauperes
2358 3111 2482 3166 iacti
2518 3120 2649 3166 sunt
2706 3110 2784 3183 [et
2815 3110 2958 3166 fame
2984 3111 3328 3175 laborarunt,
3373 3126 3501 3166 cum
3536 3127 3645 3165 non

2060 3203 2440 3275 crediderint].
2469 3203 2672 3258 Gentes
2721 3218 2871 3269 vero,
2921 3218 3046 3273 quae
3075 3203 3448 3268 crediderunt,
3478 3203 3650 3256 bono-

2061 3312 2181 3352 rum
2225 3296 2557 3351 ailluentiam
2592 3311 2622 3349 a
2654 3294 2764 3351 Deo
2790 3303 3146 3365 acceperunt.

2126 3386 2299 3443 Vens.
2330 3387 2418 3452 12,
2452 3387 2538 3441 15.
2573 3407 2591 3439 ι
2629 3385 2848 3453 Venite,
2884 3385 3002 3453 lilii,
3040 3386 3226 3441 audite
3257 3401 3364 3453 me,
3393 3386 3644 3440 timorem

2056 3478 2281 3534 Domini
2313 3479 2525 3535 docebo
2554 3494 2671 3534 vos.
2692 3478 2830 3544 Quis
2860 3489 2945 3534 est
2977 3478 3166 3543 homo,
3191 3477 3286 3548 qui
3317 3479 3430 3534 vult
3459 3481 3648 3543 vitam,

2053 3570 2230 3641 diligit
2274 3569 2392 3626 dies
2440 3569 2626 3624 videre
2663 3569 2883 3623 bonos?
2920 3588 2938 3620 ι
2994 3565 3294 3638 Postquam
3338 3567 3646 3637 proposuit,

2052 3672 2316 3734 tanquam
2349 3663 2637 3733 praemium
2673 3661 2950 3734 quoddam
2980 3670 3165 3717 amatu
3197 3661 3447 3733 dignum,
3478 3659 3645 3714 vitam

2051 3754 2241 3810 dolore
2267 3763 2569 3817 carentem,
2601 3764 2654 3809 et
2677 3754 2917 3809 maxime
2943 3753 3395 3821 desiderabilem,
3430 3753 3499 3808 ad
3522 3768 3645 3809 cer-

2053 3844 2261 3899 tamina
2296 3842 2645 3898 adhortatur.

2126 3936 2296 3992 Vsus.
2331 3936 2420 4002 M,
2456 3934 2547 3990 15.
2587 3955 2606 3986 ι
2662 3934 2878 3991 Cohibe
2920 3933 3164 4006 linguam
3214 3943 3365 3988 tuam
3394 3948 3427 3988 a
3476 3933 3645 3999 malo,

2048 4035 2106 4082 et
2134 4026 2279 4082 labia
2304 4035 2424 4092 tua,
2476 4042 2543 4081 ne
2576 4026 2873 4097 loquantur
2906 4025 3115 4080 dolum.
3163 4024 3381 4080 Diverte
3410 4039 3442 4079 a
3474 4025 3643 4092 malo,

2047 4130 2102 4177 et
2157 4119 2245 4175 fac
2295 4120 2526 4186 bonum,
2573 4117 2791 4188 inquire
2833 4133 3048 4188 pacem,
3096 4128 3151 4172 et
3183 4126 3395 4172 sectare
3437 4132 3579 4171 eam.
3616 4135 3637 4169 ι

2047 4215 2291 4270 Primum
2355 4213 2639 4269 dissuadet
2693 4211 2990 4275 malitiam,
3043 4211 3243 4266 deinde
3291 4209 3373 4265 sic
3422 4209 3641 4265 virtutis

2050 4312 2268 4382 species
2316 4310 2516 4367 sectari
2558 4307 2732 4379 jubet.
2770 4307 3016 4362 Primum
3065 4306 3287 4376 quidem
3342 4314 3545 4372 monet,
3581 4314 3638 4359 ut

2050 4407 2322 4476 linguam,
2377 4403 2548 4459 veluti
2620 4401 2785 4457 labile
2831 4400 3177 4466 membrum,
3223 4398 3372 4453 omni
3429 4398 3555 4452 dolo
3585 4404 3634 4452 et

2047 4498 2337 4568 iniquitate
2362 4512 2660 4568 purgemus
2690 4511 2704 4549 :
2744 4495 2946 4563 linguae
2980 4509 3108 4549 vero
3136 4492 3304 4563 817
3329 4491 3471 4546 labia
3502 4506 3641 4546 con-

342 4603 411 4673 τῇ
442 4599 659 4674 γλώττῃ
677 4601 734 4655 δὲ
758 4602 830 4656 τὰ
861 4601 1016 4674 χείλη
1043 4602 1329 4662 συνάπτει.
1354 4582 1433 4668 ὡς
1456 4604 1551 4658 καὶ
1572 4604 1713 4658 αὐτὰ
1746 4621 1938 4674 συνερ-

2060 4592 2241 4656 nectit,
2269 4599 2329 4646 ut
2347 4606 2469 4662 qua:
2493 4605 2617 4645 cum
2641 4589 2765 4659 ejus
2785 4588 3030 4643 motibus
3051 4593 3403 4641 concurrant.
3434 4582 3642 4638 Deinde

342 4692 548 4762 γοῦντα
604 4695 720 4757 τοῖς
780 4693 999 4764 ἐκείνης
1068 4695 1360 4764 κινήμασι.
1431 4694 1698 4764 Δεύτερον
1758 4697 1858 4767 τῆς
1892 4695 1938 4727 ⁸⁸

343 4782 548 4849 κακίας
593 4785 936 4857 ἀπαγορεύει
980 4786 1082 4858 τὴν
1122 4788 1359 4859 πρᾶξιν’
1419 4806 1440 4839 ι
1482 4788 1769 4843 Ἔκκλινον
1802 4789 1935 4860 γὰρ,

341 4876 530 4948 φησὶν,
556 4878 665 4932 ἀπὸ
695 4878 892 4933 κακοῦ.
928 4898 948 4930 ι
988 4875 1184 4933 Eia”
1237 4880 1338 4952 τὴν
1386 4879 1601 4950 ἀγαθὴν
1651 4879 1936 4952 ἐνέργειαν

339 4963 658 5032 νομοθετεῖ·
702 4985 750 5020 ια
778 4966 1016 5039 Ποίησον
1068 4968 1201 5042 γὰρ,
1241 4971 1407 5041 φησὶν
1426 4969 1498 5035 ⁸⁸³,
1527 4969 1777 5039 ιάγαθόν.
1819 4988 1837 5021 ι
1869 4970 1936 5023 Τί

339 5054 484 5109 δὲτὸ
521 5058 821 5128 κεφάλαιον
868 5061 981 5115 τῶν
1020 5060 1279 5132 ἀγαθῶν;
1328 5080 1347 5113 ι
1396 5062 1644 5134 Ζήτησον
1683 5062 1934 5133 είρήνην,

340 5146 438 5199 καὶ
465 5146 657 5215 δίωξον
682 5151 874 5223 αὑτήν.
924 5172 943 5205 ι
994 5152 1053 5207 '0
1086 5153 1196 5224 γὰρ
1218 5152 1502 5225 είρηνικὸς
1531 5153 1760 5224 εἰρήνην
1800 5151 1938 5224 πρὸς

341 5238 589 5305 ἅπαντας
612 5243 1016 5316 ἀσπαζόμενος,
1050 5243 1178 5299 οὔτε
1201 5244 1504 5318 κρύϐδην⁸¹
1534 5245 1606 5299 τὰ
1633 5244 1729 5298 τοῦ
1765 5244 1935 5309 πέλας

2047 4685 2179 4741 mali
2212 4684 2673 4756 perpetrationem
2710 4682 2968 4752 prohibet
2996 4700 3010 4735 :
3044 4700 3062 4731 ι
3095 4678 3321 4734 Declina
3356 4681 3527 4745 enim,
3550 4677 3641 4732 in-

2045 4777 2239 4848 quit,a
2274 4777 2442 4831 malo.
2481 4794 2502 4829 ο
2531 4770 2672 4830 Tum
2719 4775 2861 4830 bona
2898 4788 3065 4844 opera
3115 4772 3388 4844 praecipit,
3426 4772 3647 4829 dicens:

2052 4888 2072 4922 ι
2124 4867 2233 4924 Fac
2262 4870 2491 4924 bonum.
2525 4886 2544 4918 ι
2597 4865 2863 4933 Quaenam
2909 4881 3038 4921 vero
3072 4873 3156 4920 est
3191 4879 3410 4919 summa
3461 4863 3638 4918 bono-

2048 4978 2170 5017 rum
2202 4959 2478 5032 opcrum?
2515 4979 2534 5013 ι
2573 4959 2769 5027 Quaere
2817 4973 3031 5030 pacem,
3069 4965 3124 5013 et
3167 4967 3382 5013 sectare
3422 4971 3573 5011 eam.
3615 4974 3632 5006 ι

2044 5054 2182 5111 Nam
2206 5055 2301 5124 qui
2329 5053 2596 5125 paciﬁcus
2630 5054 2795 5106 homo
2827 5059 2934 5118 est,
2965 5065 3159 5122 pacem
3204 5050 3259 5104 in
3286 5063 3482 5103 omnes
3513 5062 3634 5100 am-

2044 5147 2320 5219 plectitur,
2361 5161 2464 5201 nec
2493 5145 2710 5201 occulte
2747 5159 2833 5210 ea,
2870 5159 2993 5213 quae
3023 5151 3154 5199 sunt
3192 5141 3453 5214 proximi,
3501 5140 3630 5193 sub-

2044 5242 2263 5296 trahere
2302 5238 2521 5310 quaerit,
2551 5254 2652 5295 nec
2682 5239 2859 5295 caedes
2882 5246 3087 5309 patrat,
3116 5238 3133 5254 '
3158 5251 3261 5294 nec
3301 5233 3519 5305 nuptiis.
3546 5231 3623 5285 in-

1450 5406 1687 5462 VARUE
1728 5404 2113 5462 LECTIONES
2154 5404 2239 5459 ET
2282 5402 2517 5459 NOTAE.

412 5516 462 5550 ³⁸
490 5516 647 5604 Πρρς
669 5520 1134 5604 ἵκφίυτίᾳθητε.
1167 5522 1291 5604 De_s_.
1326 5522 1386 5604 in
1415 5524 1538 5578 cod.
1569 5524 1714 5604 _I,_‘2.
1784 5524 1848 5604 1°
1860 5523 1957 5604 [ἀ

2060 5522 2215 5604 “te?!
2245 5538 2276 5604 ει
2304 5522 2427 5578 cod.
2459 5521 2512 5604 ε
2552 5593 2567 5604 .
2831 5522 2868 5604 2.
2898 5530 2952 5604 οξ
2982 5520 3143 5604 σονς
3177 5535 3228 5589 ρο
3262 5518 3388 5604 δοδε
3419 5519 3624 5604 τρυγή-

594 5589 790 5662 ιογγοῢ
836 5589 1197 5662 γράμματος.
1226 5593 1394 5650 Abest
1422 5608 1451 5648 a
1482 5595 1606 5651 cod.
1633 5596 1683 5651 1.

1119 5677 1307 5731 praem.
1340 5665 1387 5717 ὁ.
1502 5662 1545 5696 δί
1581 5666 1728 5720 Ἅνω
1781 5665 1863 5734 ρη

1123 5734 1169 5806 f'
1197 5737 1320 5806 cod.
1360 5734 1411 5799 1,
1443 5734 1478 5789 2
1510 5737 1859 5806 προσμένειν.

338 5604 1061 5728 asseasse“;

337 5728 386 5764 "
414 5726 549 5783 Τόν.
581 5726 747 5786 Abest
777 5748 807 5785 a
836 5726 1045 5788 cod.'i.

340 5800 388 5832 “
419 5800 542 5854 eod.
577 5800 628 5865 1,
659 5800 694 5854 2
721 5801 990 5862 ἐδέξαντο.

1974 5734 2022 5766 ⁵⁸
2052 5733 2275 5804 Μᾷνον.
2309 5734 2435 5790 cod.
2460 5734 2496 5788 ‘2
2524 5732 2710 5804 prtem.
2744 5732 2858 5804 τοῦ.

1119 5803 1163 5835 ’⁵⁷
1198 5804 1365 5871 Εῖδη.
1405 5802 1571 5860 Abest
1615 5802 1667 5860 θ’
1707 5806 1828 5861 end.
1862 5805 1908 5867 1,
1936 5805 1989 5859 2.
2085 5802 2131 5836 ⁵⁸
2162 5802 2300 5873 Τῆς.
2330 5805 2450 5859 cod.
2489 5802 2737 5874 i‘prasrn.
2775 5802 2851 5874 δέ.

1781 5595 1826 5626 ³³
1851 5591 2082 5662 Σαφῶς.
2116 5596 2282 5648 Abest
2321 5609 2352 5647 a
2388 5593 2508 5648 cod.
2544 5593 2596 5647 1.
2648 5592 2705 5647 In
2762 5592 2887 5647 cod.
2919 5592 2953 5645 2
2992 5593 3211 5662 ponitur
3269 5600 3391 5662 post
3424 5591 3619 5662 ούτως.

1867 5659 2046 5735 θεῗσι.
2078 5662 2201 5735 cod.
2241 5665 2261 5718 1
2306 5663 2514 5735 ἄνωθεν
2562 5663 2981 5735 ῥηθεῖσιηοοὸ.
2993 5659 3088 5735 12-
3107 5660 3223 5735 ἄνω
3271 5659 3619 5735 θεωρηθείσι.

2970 5731 3015 5764 ⁸⁸
3050 5730 3091 5801 Ε
3123 5728 3246 5784 cod.
3283 5731 3335 5796 1,
3369 5730 3405 5785 2
3437 5728 3617 5801 Suppl.

2949 5802 2995 5872 ⁸9
3028 5799 3167 5856 Εἶτα
3196 5832 3261 5841 -
3293 5799 3617 5872 νομοθετεῖ.

341 5870 467 5925 cod.
503 5871 525 5923 I
565 5871 725 5926 habet
754 5881 963 5927 tantum
994 5875 1106 5929 καί.
1204 5874 1251 5905 ⁸⁸
1283 5870 1430 5944 Γὰρ,
1459 5877 1670 5945 φησίν.
1705 5878 1869 5932 Abest
1897 5893 1928 5933 a

2060 5882 2084 5930 ζ.
2123 5878 2166 5931 I.
2231 5870 2287 5909 i"
2331 5870 2624 5944 Κρύὄδήν.
2663 5875 2784 5931 eod.
2818 5873 2854 5927 ἓ
2888 5871 3091 5953 κρύφα.
