4108 6404
353 386 490 454 1109

669 498 937 557 ΕΡΜΗΝ.
974 501 1112 556 ΤΟΥ
1137 502 1237 556 AA'
1267 504 1590 559 ΨΑΛΜΟΥ.

416 611 438 646 ι
478 593 710 663 Ψαλμδς
734 591 815 663 τῷ
847 592 1036 650 Δαϐίδ.
1100 612 1120 646 ι
1154 594 1269 648 Καὶ
1295 596 1488 649 τοῦτον
1519 594 1786 659 ὡσαύτως
1836 596 1928 648 τὸν

335 684 557 756 ψαλμὸν
586 683 813 756 εἴρηκεν
838 685 867 738 6
901 684 1176 756 μακάριος
1194 685 1241 717 ⁸⁸
1271 686 1456 750 Δαϐὶδ,
1489 685 1596 739 ὑπὸ
1627 685 1724 740 τοῦ
1756 684 1931 739 Σαοὺλ

334 775 677 847 διωκόμενος
696 792 712 808 ·
758 775 1037 848 μέμνηται
1064 777 1122 832 δὲ
1146 778 1241 833 καὶ⁵
1271 778 1374 848 τῆς
1403 776 1500 831 τοῦ
1537 778 1700 848 Δωὴκ
1756 794 1930 848 πονη-

338 870 488 942 ρίας.
535 867 711 933 Αὐτὸς
760 868 872 940 γὰρ
924 869 1171 940 ἐμήνυσε
1229 869 1310 940 τῷ
1357 868 1531 924 Σαοὺλ
1562 870 1632 922 τὰ
1668 868 1812 923 κατὰ
1839 868 1933 923 τὸν

349 961 643 1033 ’Λβιμέλεχ
663 960 709 993 ⁸⁸
742 961 834 1013 τὸν
885 962 1059 1033 ἱερέα,
1098 961 1194 1016 καὶ
1247 961 1512 1034 πρόξενος
1569 962 1669 1032 τῆς
1727 960 1933 1032 πολλῆς

337 1055 560 1124 ἐκείνης
585 1053 903 1126 μιαιφονίας
961 1054 1215 1123 ἐγένετοο
1252 1055 1531 1126 μέμνηται
1584 1054 1643 1109 δὲ.
1673 1053 1769 1108 καὶ
1822 1052 1933 1108 τῶν

339 1147 607 1217 Ζιφαίων,
643 1147 741 1199 καὶ
775 1145 885 1199 τῶν
940 1144 1148 1212 ἄλλων,
1181 1146 1230 1200 οἳ
1274 1146 1355 1217 τῷ
1412 1147 1590 1203 Σαοὺλ
1622 1147 1715 1202 τὸν
1764 1144 1936 1201 Δαὸὶδ

343 1240 728 1310 κατεμήνυον,
759 1238 836 1300 ὡς
885 1237 1024 1291 αὐτὰ
1051 1237 1254 1302 διδάξει
1293 1238 1361 1292 τὰ
1397 1239 1648 1310 ῥήματα.

413 1339 484 1387 α’.
518 1352 537 1384 ι
582 1333 843 1398 Δίκασον,
880 1332 1077 1405 Κύριε,
1101 1335 1231 1397 τοὺς
1269 1332 1597 1398 ἀδικοῦντάς
1629 1352 1697 1404 με
1722 1350 1735 1365 ·
1770 1333 1936 1388 πολέ-

345 1443 521 1498 μησον
543 1427 674 1490 τοὺς
705 1424 1084 1496 πολεμοῦντας
1111 1444 1202 1496 με.
1238 1445 1256 1477 ι
1296 1426 1454 1499 Καλὴ
1484 1427 1593 1481 τῶν
1626 1426 1944 1499 εἰρημένων,

341 1521 378 1591 ἡ
408 1519 582 1584 τάξις,
629 1519 728 1572 καὶ
796 1521 864 1588 τῇ
925 1517 1020 1572 τοῦ
1069 1518 1283 1573 δικαίου
1355 1519 1647 1590 πρέπουσα
1706 1521 1843 1591 εὐχῇ
1867 1518 1932 1574 ⁸⁸.

345 1616 557 1686 ’ᾘτησε
591 1615 703 1685 γὰρ
729 1614 1000 1686 πρότερον
1042 1615 1264 1669 δικάσαι
1323 1617 1415 1670 τὸν
1468 1617 1579 1672 τῶν
1608 1616 1749 1669 ὅλων
1777 1615 1933 1679 Θεὸν,

342 1702 445 1762 εἶθ’
479 1705 654 1772 οὕτως
666 1705 712 1739 ⁸⁷
748 1709 1056 1777 ἐπαγαγεῖν
1082 1709 1128 1741 ⁸⁸
1157 1708 1259 1779 τῆς
1286 1708 1565 1780 τιμωρίας
1598 1707 1698 1781 τὴν
1728 1706 1934 1779 ψῆφον.

1672 394 1752 454 IN
1784 396 1914 456 PSA
1926 397 1988 457 L.
2032 398 2276 458 XXXIV

3481 397 3613 465 Ilii}

2278 507 2449 581 819
2487 506 3055 564 INTERPJ'PSALMI
3117 506 3160 562 Χ
3174 505 3359 564 XXIV.

2110 618 2130 652 ι
2168 600 2418 659 Psalmns
2446 600 2659 656 Davidi.
2693 621 2711 654 ι
2741 600 2896 656 llunc
2926 601 3090 658 etiam
3118 603 3389 673 psalmum
3420 605 3615 662 eodem

2034 695 2197 749 modo
2233 695 2427 750 beatus
2459 692 2625 749 David
2655 696 2907 765 protulit,
2952 711 3077 751 cum
3103 695 3325 751 Saulem
3379 695 3613 769 fugeret.

2034 785 2280 842 Meminit
2312 772 2494 844 autem
2525 795 2580 843 et
2615 788 2833 843 malitiae
2867 788 3054 861 Doegi.
3082 789 3200 860 Ipse
3225 789 3371 845 enim
3398 793 3620 846 nuntia-

2034 880 2113 935 vit
2137 878 2291 935 Sauli
2325 896 2415 947 ea,
2447 897 2572 952 quae
2608 881 2677 937 de
2703 880 3063 938 Abimelecbo
3094 884 3382 939 sacerdote
3430 882 3621 938 ferun-

2037 983 2165 1042 tur,
2205 983 2264 1030 et
2291 983 2485 1030 auctor
2530 974 2636 1031 fuit
2686 974 2838 1031 illius
2886 975 3145 1031 maximae
3197 976 3617 1032 internecionis.

2038 1066 2369 1123 Mentionem
2409 1079 2591 1124 autem
2624 1078 2675 1123 et
2710 1067 3057 1139 Ziphaeorum
3084 1077 3138 1123 et
3173 1068 3512 1141 reliquorum
3546 1069 3623 1126 fa-

2038 1160 2135 1226 cit,
2170 1162 2266 1232 qui
2314 1162 2574 1219 Davidem
2628 1160 2781 1216 Sauli
2823 1160 3160 1227 indicarunt,
3190 1168 3250 1215 ut
3303 1161 3422 1231 ipsa
3456 1161 3622 1217 verba

2038 1256 2337 1311 docebunt.

2107 1348 2278 1404 Vens.
2314 1347 2364 1404 ί.
2401 1365 2420 1399 ι
2458 1344 2672 1413 Judica,
2706 1344 3189 1416 Domine,eosqui
3220 1344 3426 1417 injuste
3457 1357 3626 1418 agunt

2038 1456 2278 1505 mecum,
2323 1453 2377 1495 et
2408 1455 2588 1512 pugna
2624 1449 2816 1495 contra
2854 1439 3245 1510 impugnantes
3296 1455 3401 1495 me.
3442 1459 3461 1492 ι
3500 1440 3627 1495 Pul-

2038 1533 2353 1589 cberrimus
2379 1541 2463 1589 est
2494 1534 2786 1587 verborum
2838 1534 2997 1597 ordo,
3031 1541 3086 1587 et
3117 1532 3374 1604 precibus
3407 1533 3507 1586 viri
3531 1533 3627 1602 ju-

2039 1629 2108 1683 ειὶ
2138 1627 2414 1682 convenit.
2434 1625 2597 1680 Petiit
2621 1627 2765 1679 enim
2796 1626 2946 1695 prius
2967 1640 2996 1678 a
3022 1624 3135 1680 Deo
3168 1641 3352 1682 rerum
3379 1626 3631 1680 omnium

2040 1719 2349 1784 conditore,
2388 1728 2446 1774 ut
2474 1717 2774 1789 iudicaret,
2796 1717 2993 1773 deinde
3022 1718 3105 1775 sic
3134 1718 3464 1774 sententiam
3494 1734 3629 1789 sup—

2041 1812 2186 1882 plicii
2216 1810 2509 1882 proferret.

416 1883 482 1958 β’,
510 1892 584 1957 γ’.
620 1903 641 1939 ι
696 1884 991 1941 Ἐπιλαόοῦ
1018 1886 1213 1952 ὅπλου,
1268 1887 1366 1941 καὶ
1399 1885 1618 1958 θυρεοῦ,
1655 1885 1752 1941 καὶ
1801 1883 1937 1939 ἀνά-

2045 1876 2060 1882 -
2112 1876 2279 1957 Vsus.
2314 1903 2372 1959 2.
2403 1902 2458 1956 5.
2505 1920 2524 1953 ι
2561 1900 2925 1972 Apprehcnde
2969 1916 3148 1969 arma,
3198 1911 3255 1957 et
3297 1910 3544 1967 scutum,
3572 1912 3629 1957 et

342 1978 504 2050 στηθι
537 1979 620 2044 εἰς
657 1977 758 2051 τὴν
803 1979 1061 2051 βοήθειάν
1096 1997 1222 2050 μου.
1274 1980 1507 2051 Ἐκχεον
1529 1978 1573 2011 ⁸⁸
1631 1975 1935 2049 ῥομφαίαν,

341 2074 442 2127 καὶ
472 2074 797 2144 σύγκλεισον
829 2074 1141 2141 ἐξεναντίας
1168 2072 1279 2126 τῶν
1310 2071 1765 2126 καταδιωκὸντων
1790 2087 1881 2141 με.
1915 2088 1933 2121 ι

343 2165 592 2236 Πολέμου
632 2167 1043 2238 μνημονεύσας,
1075 2166 1392 2236 ἀναγκαίως
1445 2166 1542 2218 καὶ
1588 2163 1698 2216 τῶν
1756 2163 1940 2216 ὃπλων

341 2258 415 2312 τὰ
451 2258 565 2330 εῑδη
589 2258 974 2328 προστέθεικε,
999 2257 1079 2330 τῷ
1135 2259 1381 2330 σχήματι
1406 2257 1505 2328 τῆς
1558 2254 1870 2318 πανοπλίας
1892 2255 1938 2287 ’θ

342 2347 695 2419 ἐκδειματῶν
717 2350 761 2381 ⁷¹
800 2351 931 2414 τοὺς
993 2350 1236 2422 πονηρίᾳ.
1292 2350 1598 2415 συζῶντας.
1658 2349 1794 2402 οὐδὲ
1830 2348 1942 2418 γὰρ

340 2438 680 2503 τοσούτοις’²
700 2438 888 2504 ὅπλοις
916 2440 960 2471 ⁷³
978 2439 1308 2512 ἐκέχρητο*η
1333 2442 1361 2493 6
1384 2439 1516 2502 Θεὸς
1547 2437 1794 2503 κολάζων
1815 2438 1938 2501 τοὺς

342 2531 707 2596 ἀδικοῦνταςο
772 2532 1046 2603 ἀρκεῖδὲ
1104 2530 1255 2603 αύτῷ
1313 2531 1468 2599 λόγος
1527 2532 1604 2594 είς
1666 2529 1943 2602 τιμωρίαν

322 2621 602 2702 ⁶ἐσχάτην.
636 2639 655 2673 ι
695 2617 869 2674 Εἶπον
899 2624 966 2693 τῇ
1001 2622 1148 2694 ψυχῇ
1185 2637 1321 2692 μου·
1378 2621 1632 2692 Σωτηρία
1674 2619 1767 2673 σού
1823 2623 1941 2692 εἰμι

349 2710 483 2779 ἐγώ.
546 2731 565 2764 ι
642 2714 835 2785 Ἀρκεῖ
895 2731 986 2785 μοι
1044 2715 1072 2766 ό
1134 2714 1225 2778 σὸς
1283 2713 1444 2783 λόγος
1499 2714 1583 2776 είς
1642 2713 1938 2783 σωτηρίαν.

362 2800 589 2873 Ἐπειδὴ
660 2805 767 2873 γὰρ
801 2804 984 2859 ὃπλων
1028 2809 1056 2859 ὁ
1096 2806 1388 2876 προφήτης
1405 2805 1451 2836 ⁷⁸
1503 2804 1939 2875 ἐμνημόνευσεν,

357 2894 580 2957 εἰκότως
615 2896 929 2966 ἐδίδαξε-ινδ,
960 2899 1035 2963 ὼς
1055 2900 1117 2952 οὐ
1153 2899 1343 2971 χρῄζει
1367 2898 1628 2952 τοιούτων
1652 2898 1695 2928 ⁷⁷
1733 2898 1942 2968 ὑπουρ-

355 2985 468 3054 γῶν
501 2987 546 3019 ⁷⁸
584 2989 611 3041 ὁ
642 2989 792 3054 Θεὸς,
826 2990 964 3045 ἀλλὰ
1011 2994 1156 3063 λόγῳ
1195 2995 1342 3063 μόνῳ
1387 2991 1676 3056 κάκείνους
1698 2991 1744 3022 ⁷⁵
1789 2991 1943 3045 κολά-

351 3076 456 3144 ζει,
489 3080 584 3133 καὶ
613 3082 838 3147 τούτους
860 3083 907 3116 ⁸ο
941 3085 1245 3156 εὐεργετεῖ.

2040 2012 2275 2068 exsurge
2306 1997 2361 2050 in
2385 1995 2649 2051 auxilium
2679 1994 2837 2050 mihi.
2869 1993 3103 2050 Eﬂunde
3132 1995 3472 2064 gladium,“
3497 2010 3633 2058 con-

2042 2089 2200 2145 clude
2228 2103 2295 2143 ex
2327 2087 2560 2143 adverso
2590 2101 2710 2152 eos,
2735 2089 2828 2158 qtti
2855 2096 3263 2157 persequuntur
3295 2103 3399 2142 me.
3442 2108 3459 2138 ι
3490 2086 3630 2143 Cum

2043 2184 2169 2239 belli
2204 2182 2563 2247 meminisset,
2596 2196 2825 2238 necesse
2858 2189 2975 2237 erat
3006 2189 3065 2236 ut
3096 2196 3380 2236 armorum
3409 2197 3632 2253 quoque

2043 2274 2255 2343 species
2283 2282 2601 2344 apponeret,
2650 2281 2943 2327 armatura:
2975 2271 3159 2343 specie
3187 2282 3473 2328 exterrens
3528 2271 3632 2326 bo-

2044 2369 2221 2423 mincs
2260 2366 2450 2437 inique
2477 2366 2749 2421 viventes.
2775 2362 2967 2435 Neque
3002 2364 3151 2419 enim
3182 2363 3327 2419 Deus
3357 2372 3436 2418 tot
3461 2361 3633 2418 armis

2044 2461 2276 2533 indiget,
2312 2468 2374 2515 ut
2402 2459 2601 2530 impios
2636 2458 2868 2529 castiget
2903 2475 2917 2512 :
2951 2458 3088 2513 satis
3115 2466 3200 2514 est
3229 2458 3376 2512 enim
3406 2455 3509 2527 ipsi
3544 2469 3637 2511 so-

2043 2555 2156 2610 lum
2209 2554 2439 2609 verbum
2484 2550 2553 2606 ad
2613 2548 2966 2621 inﬂigendam
3027 2560 3334 2605 extremam
3389 2564 3633 2620 poenam.

2049 2667 2068 2701 ι
2113 2648 2210 2703 Dic
2239 2647 2438 2702 animae
2471 2659 2606 2700 mea:
2640 2662 2652 2697 :
2691 2642 2858 2698 Salus
2905 2652 2995 2697 tua
3028 2658 3130 2714 ego
3161 2658 3308 2698 sum.
3366 2661 3386 2696 ι
3422 2641 3637 2697 Sufﬁcit

2046 2740 2180 2796 mibi
2230 2746 2360 2794 tuus
2409 2750 2615 2802 sermo,
2667 2745 2729 2791 ut
2768 2735 2955 2818 salvus
2993 2735 3121 2791 sim.
3166 2734 3440 2802 Quoniam
3487 2734 3634 2789 enim

2045 2845 2326 2886 armorum
2379 2828 2633 2883 meminit
2674 2826 2964 2897 propheta,
3011 2826 3206 2882 merito
3238 2826 3430 2881 docuit
3460 2824 3634 2881 Deum

2045 2921 2316 2978 ministris
2353 2918 2627 2989 ejusmodi
2676 2934 2785 2973 non
2816 2918 3086 2988 indigere,
3141 2918 3239 2974 sed
3272 2918 3441 2974 verbo
3492 2916 3636 2983 solo,

2043 3018 2212 3090 820
2238 3025 2293 3073 et
2319 3015 2443 3071 illos
2476 3013 2784 3085 suppliciis,
2811 3020 2867 3069 et
2889 3013 2992 3069 bus
3025 3011 3312 3070 beneﬁciis
3360 3011 3601 3069 allicere.

415 3173 479 3226 δ’.
513 3193 532 3228 ι
570 3176 1058 3249 Αἰσχυνθήτωσαν,
1094 3178 1192 3232 καὶ
1228 3178 1662 3249 ὲντραπήτωσαν
1678 3179 1723 3211 υ
1757 3178 1808 3231 οἱ
1841 3176 1940 3248 ζη-

2118 3193 2288 3248 Υειιε.
2328 3193 2383 3247 4.
2428 3211 2448 3245 ι
2509 3190 2955 3254 Confundantur.
2987 3198 3043 3245 et
3101 3198 3460 3246 revereantur
3490 3204 3640 3260 qum-

347 3261 566 3329 τοῦντες
591 3266 691 3339 τὴν
718 3266 899 3339 ψυχήν
950 3284 1077 3338 μου,
1118 3268 1637 3339 ἁποστραφήτωσαν
1658 3265 1705 3299 ⁸¹
1747 3267 1827 3333 είς
1870 3267 1943 3320 τὰ

348 3358 550 3425 ὀπίσω,
607 3361 702 3413 καὶ
743 3359 1308 3433 καταισχυνθήτωσαν
1354 3362 1404 3413 oi
1452 3359 1795 3432 λογιζόμενοί
1848 3376 1942 3430 μοι

346 3453 518 3507 κακά.
559 3472 579 3504 ι
631 3454 1088 3525 Διαμάρτωσι⁸³,
1123 3456 1313 3526 φησιν,
1354 3447 1431 3508 ὧν
1486 3452 1799 3527 τυρεύουσι,
1848 3454 1943 3508 καὶ

345 3543 578 3613 γένηται
609 3542 657 3577 ⁸⁸
740 3547 923 3611 αὐτοῖς
1011 3547 1246 3620 αἰσχύνη
1319 3549 1419 3619 τῆς
1497 3549 1769 3621 πονηρίας
1822 3548 1943 3600 ὲπιο

348 3638 585 3708 καρπία.

420 3735 485 3782 ε’.
534 3748 553 3781 ι
586 3714 989 3803 Γενηθήτωσαν
1026 3732 1161 3786 ὡσεὶ
1196 3732 1359 3804 χνοῦς
1380 3733 1427 3766 ⁸⁸
1456 3732 1602 3787 κατὰ
1644 3735 1943 3805 πρόσωπον

348 3823 594 3893 ἀνέμου,
643 3824 740 3879 καὶ
786 3825 1017 3894 ἄγγελος
1069 3825 1276 3897 Κυρίου
1322 3825 1594 3880 ὲκθλίόων
1646 3820 1866 3886 αὐτούς.
1918 3843 1936 3876 ι

348 3913 523 3968 Τοῦτο
543 3916 641 3970 καὶ
659 3918 718 3971 ὲν
735 3916 812 3988 τῷ
833 3915 1034 3990 πρώτῳ
1054 3917 1256 3990 ψαλμῷ
1284 3917 1534 3972 τέθεικεν
1551 3936 1564 3948 ·
1595 3938 1614 3970 ι
1640 3919 1752 3988 Οὐχ
1769 3916 1946 3981 οὕτως

346 4007 401 4061 οί
426 4007 671 4073 ἀσεϐεῖς,
692 4008 794 4080 οὐχ
810 4007 983 4073 οὕτως
1004 4028 1017 4040 ’
1050 4009 1166 4064 ἀλλ’
1188 4009 1222 4081 ἢ
1243 4009 1379 4063 ὡσεὶ
1395 4007 1581 4080 χνοῦς,
1607 4007 1668 4061 ὃν
1688 4008 1946 4078 ὲκρίπτει

344 4102 377 4155 ὁ
397 4101 603 4173 ἄνεμος
635 4103 747 4157 ἀπὸ
782 4101 1082 4175 προσώπου
1106 4103 1207 4171 τῆς
1236 4104 1361 4174 γῆς.
1402 4121 1420 4154 ι

423 4195 502 4262 ς’.
542 4215 561 4247 ι
599 4195 892 4266 Γενηθήτω
933 4196 968 4266 ἡ
1026 4196 1148 4261 ὁδὸς
1205 4195 1392 4249 αὐτῶν
1426 4193 1644 4261 σκότος,
1697 4195 1793 4248 καὶ
1835 4194 1948 4248 ὀλε-

348 4285 565 4358 σθημα,
593 4288 687 4341 καὶ
725 4286 960 4357 ἄγγελος
984 4286 1196 4360 Κυρίου
1249 4287 1609 4343 καταδιώκων
1657 4287 1881 4351 αὐτούς.
1922 4306 1943 4340 ι

348 4380 564 4453 Τρέψον
581 4382 628 4415 ⁸⁸
662 4382 864 4446 αὐτοὺς
897 4383 978 4446 είς
1011 4382 1213 4454 φυγὴν,
1247 4385 1362 4446 τοῖς
1400 4383 1658 4454 ἁοράτοις
1690 4383 1949 4453 ἀγγέλοις

349 4474 667 4545 ἐπιτρέπων
696 4474 795 4546 τὴν
824 4474 1030 4539 δίωξιν.
1077 4474 1266 4540 Οὕτως
1312 4475 1649 4548 εὑρίσκομεν
1701 4478 1796 4530 καὶ
1821 4479 1950 4540 τοὺς

364 4567 686 4639 Ἀσσυρίους
745 4568 839 4622 ὑπ’
903 4567 1140 4637 ἀγγέλου
1197 4568 1612 4639 ἀναιρεθέντας,
1678 4571 1771 4624 καὶ
1837 4571 1950 4625 τῶν

2050 3297 2235 3344 rentes
2285 3287 2527 3341 animam
2575 3300 2777 3340 meam.
2825 3284 3161 3340 Avertantur
3205 3292 3534 3349 retrorsum,
3587 3292 3643 3338 et

2047 3378 2455 3437 confundantur
2497 3377 2802 3449 cogitantes
2828 3385 3024 3432 contra
3055 3392 3144 3432 me
3192 3375 3357 3430 mala.
3400 3396 3418 3429 ι
3470 3376 3641 3431 Aber-

2046 3480 2191 3535 rent,
2223 3473 2421 3540 inquit,
2453 3470 2521 3523 ab
2560 3469 2647 3523 bis
2675 3482 2800 3539 quae
2823 3475 3021 3527 contra
3068 3481 3153 3523 me
3183 3476 3403 3538 parant,
3435 3476 3489 3521 et
3518 3465 3640 3523 frus

2046 3576 2169 3622 ctus
2197 3565 2421 3620 malitiae
2451 3563 2525 3618 sit
2555 3562 2690 3634 ipsis
2725 3562 3105 3630 opprobrium.

2118 3743 2286 3800 Vens.
2322 3744 2376 3799 5.
2417 3763 2436 3794 ι
2470 3741 2635 3797 Fiant
2692 3750 2953 3812 tanquam
2998 3739 3181 3811 pulvis
3216 3754 3403 3796 coram
3440 3746 3640 3802 vento,

2047 3847 2100 3893 et
2131 3837 2362 3907 angelus
2408 3835 2626 3890 Domini
2657 3842 2904 3889 coarctet
2931 3848 3050 3889 eos.
3092 3851 3112 3885 ι
3145 3834 3162 3853 ⁸
3196 3832 3315 3888 Hoc
3342 3839 3398 3886 et
3426 3830 3480 3885 in
3526 3830 3640 3900 pri-

2049 3947 2139 3987 mo
2171 3931 2383 4002 psalmo
2414 3929 2598 4000 posuit
2644 3946 2659 3984 :
2700 3947 2721 3981 ι
2756 3926 2878 3984 Non
2912 3929 2994 3985 sic
3037 3927 3213 3995 impii,
3256 3940 3367 3981 non
3397 3925 3502 3990 sic,
3544 3924 3643 3978 sed

2049 4030 2321 4092 tanquam.
2346 4022 2549 4090 pulvis,
2580 4036 2745 4092 quem
2778 4019 3002 4091 proiicit
3028 4027 3231 4074 ventus
3277 4034 3309 4073 a
3347 4015 3643 4088 superﬁcie

2049 4123 2212 4169 terra:
2246 4124 2291 4167 ε.
2332 4132 2351 4166 ι

2127 4205 2289 4262 Vens.
2320 4205 2375 4260 6.
2433 4224 2452 4257 ι
2492 4206 2614 4261 Fiat
2641 4206 2729 4261 via
2769 4204 2993 4260 illorum
3017 4203 3277 4269 tenebrae,
3318 4208 3375 4257 et
3428 4199 3640 4270 lapsus,

2048 4307 2103 4355 et
2130 4298 2361 4370 angelus
2393 4298 2615 4354 Domini
2666 4307 3033 4369 persequatur
3068 4309 3188 4353 eos.
3225 4314 3245 4348 ι
3285 4292 3447 4349 Verte
3491 4288 3679 4361 ipsos’

2051 4393 2107 4448 in
2158 4392 2367 4464 l‘ugam,
2400 4393 2758 4450 committens
2808 4391 2923 4448 tuis
2968 4389 3202 4462 angelis,
3237 4388 3331 4460 qui
3360 4388 3515 4443 cerni
3545 4398 3646 4439 ne-

2051 4499 2281 4560 queunt,
2316 4488 2775 4558 persecutionem.
2821 4487 2912 4542 Sic
2939 4484 3255 4540 invenimus
3284 4481 3448 4538 etiam
3480 4479 3647 4549 Assyv

2052 4581 2177 4635 rios.
2211 4581 2279 4635 ab
2314 4579 2509 4648 angelo
2552 4579 2771 4634 occisos
2794 4596 2808 4632 :
2832 4586 2889 4634 et
2913 4575 3317 4648 primogenitos
3360 4570 3648 4644 Βηριίοο

349 4658 672 4726 Αἰγυπτίων
704 4660 778 4715 τὰ
801 4661 1132 4733 πρωτότοκα
1183 4663 1213 4715 6
1259 4662 1590 4737 όλοθρευτὴς
1644 4663 1940 4736 διέφθειρε.

2051 4688 2169 4726 rum
2210 4673 2613 4728 exterminator
2644 4671 2711 4727 de
2746 4670 2929 4726 medio
2977 4668 3220 4725 sustulit.
3256 4664 3520 4722 Tenebras
3547 4679 3647 4718 au-

348 4752 582 4820 Σκότος
629 4753 686 4807 δὲ
728 4755 824 4808 καὶ
857 4754 1166 4826 ὀλίσθημα
1200 4755 1301 4826 τὴν
1338 4756 1730 4812 κατάπτωσιν
1771 4757 1946 4825 λέγει.

352 4844 427 4898 Οί
453 4862 515 4899 τε
546 4847 655 4919 γὰρ
690 4848 1151 4919 προσπταίοντες,
1181 4851 1280 4906 καὶ
1332 4852 1381 4905 oi
1426 4850 1517 4904 τὸν
1560 4850 1774 4904 ὄλισθον
1812 4851 1948 4904 ὑπο-

352 4938 638 5010 μένοντες,
672 4943 1116 4999 καταπίπτουσιν
1139 4944 1208 5000 ⁸⁷.
1244 4945 1355 4999 Καὶ
1400 4944 1620 5010 δεικνὺς
1657 4944 1757 5015 τῆς
1779 4944 1947 5012 εύχῆς

348 5035 417 5088 τὸ
440 5032 672 5099 δίκαιον,
705 5036 907 5106 ἐπάγει
922 5054 939 5068 ο

432 5137 459 5168 ο
493 5125 643 5183 Psal.
678 5146 718 5195 ι,
751 5132 805 5187 5.

2059 4774 2189 4831 tem,
2221 4773 2277 4821 et
2301 4765 2533 4835 lapsum,
2564 4772 2723 4819 vocat
2750 4764 2986 4818 ruinam.
3020 4761 3126 4830 Qui
3158 4761 3305 4817 enim
3337 4757 3644 4824 oﬂ‘endunt,

2056 4869 2112 4915 et
2134 4860 2227 4931 qui
2255 4860 2532 4924 labuntur,
2565 4874 2825 4914 corruere
2853 4857 3056 4913 solent.
3082 4857 3149 4911 Et
3179 4854 3485 4913 ostendens
3518 4867 3648 4909 sua-

2058 4967 2179 5007 rum
2211 4967 2436 5022 precum
2466 4951 2762 5021 justitiam,
2797 4949 3086 5023 subiungit
3118 4965 3137 5003 :

1460 5224 1694 5281 VARle
1736 5223 2125 5282 LECTIONES-
2155 5223 2243 5279 ET
2280 5223 2515 5279 NOTAE.

446 5311 493 5344 “
522 5314 851 5386 Μακάριος.
882 5317 1006 5373 cod.
1035 5317 1072 5372 2
1100 5316 1266 5380 θεῖος.

351 5382 566 5452 οὕτως.
600 5382 723 5442 cod.
761 5386 909 5442 Flor.
969 5388 1068 5442 καὶ
1108 5389 1252 5442 τότε.

351 5525 400 5558 ⁷⁸
435 5527 776 5594 Τοσούτοις.
840 5525 962 5585 eod.
996 5531 1019 5583 l
1057 5538 1112 5585 et
1138 5525 1311 5594 Flor.‘
1348 5529 1635 5594 τοιούτοις.

352 5598 574 5671 φήτης.
605 5601 773 5656 Abest
804 5616 835 5655 a
867 5600 990 5655 cod.
1022 5602 1076 5654 2.

352 5671 478 5725 cod.
506 5671 542 5724 2
566 5673 647 5734 εἰς
673 5671 1003 5741 ὑπουργίαν.
1080 5673 1123 5705 ⁷⁸
1157 5672 1506 5736 Κάκείνους.
1535 5672 1658 5727 cod.
1687 5673 1722 5723 ‘2
1750 5672 1845 5726 καὶ
1869 5689 1940 5724 τοι

353 5739 668 5812 gratemur.
701 5741 896 5797 Bosius
950 5742 1078 5812 legit
1142 5743 1565 5812 ὲντραπείησαν.
1672 5745 1719 5776 ⁸⁸
1743 5742 1865 5797 cod.
1906 5742 1940 5797 ν

2045 5670 2110 5733 ις.
2187 5672 2234 5702 ⁸ο
2265 5671 2370 5724 Καὶ
2403 5670 2674 5736 τούτους.
2709 5670 2832 5725 cod.

2045 5759 2079 5794 τ.
2114 5741 2277 5812 habet
2336 5741 2844 5812 ἀποστραφείησαν.

353 5739 668 5813 πήτωσαν.
701 5739 896 5797 Βοεῖυε
950 5742 1078 5813 legit
1142 5743 1565 5813 ὲντραπείησαν.

1438 5318 1560 5390 cod.
1599 5318 1663 5390 2__
1675 5318 1988 5390 Ἀχιμέλεχ.

1356 5386 1402 5420 ⁸⁸
1441 5388 1565 5443 cod.
1625 5386 1772 5445 Flor.
1802 5386 1813 5390 ⁷
1851 5386 2189 5457 ἐπενεγκεῖν.

354 5465 477 5529 ιιιη]
529 5456 710 5512 versio
764 5457 1075 5529 γύμνωσον.
1152 5460 1197 5491 ’θ
1234 5457 1354 5528 Τῆς
1400 5459 1762 5523 πανοπλίας.
1799 5461 1940 5515 Abes

2065 5460 2187 5513 coal.
2245 5457 2392 5512 Flor.

2082 5317 2127 5349 ⁸⁸
2150 5315 2340 5386 eam.
2374 5315 2497 5387 coal.
2547 5314 2598 5379 ί,
2648 5313 2685 5368 2
2718 5322 2796 5387 iet
2826 5314 2981 5387 Flor.
3037 5315 3340 5387 προσευχῇ.
3365 5381 3379 5387 _
3443 5310 3487 5343 ⁸⁷
3524 5307 3645 5366 Εἴθ’

2309 5381 2356 5419 ⁸⁸
2395 5385 2686 5456 Ἕκχεον.
2716 5381 2947 5456 Praestat
2985 5381 3325 5456 reliquorum
3363 5381 3641 5456 interpre-

2473 5452 2976 5527 π’Ἑκδειιεατῶν.
3018 5452 3140 5512 cod.
3182 5452 3638 5527 Flor.__é:_cg906cbv.

1732 5531 1778 5562 ⁷³
1803 5531 1922 5586 cod.

2050 5529 2219 5597 ὅπλῳ.
2313 5529 2362 5561 ⁷⁵
2387 5530 2510 5583 cod.
2549 5528 2601 5593 Ι,
2625 5527 2662 5581 2
2685 5522 2811 5582 el'F
2815 5528 2916 5583 lor.
2944 5528 3232 5597 κέχρηται.
3265 5592 3298 5597 __
3323 5522 3371 5597 ξ¹⁵
3408 5522 3470 5575 '0
3493 5535 3639 5597 προ-

1174 5604 1218 5634 ⁷⁶
1233 5591 1564 5666 Ἐδίδιιξεν.
1597 5591 1725 5656 cod.
1768 5599 1914 5655 Flor.

2045 5591 2381 5671 νημὸνευσεν.
2474 5599 2519 5671 ’7
2552 5591 2677 5654 eod.
2708 5598 2761 5665 1,
2794 5591 3116 5671 βετούτων.’
3177 5596 3224 5626 ⁷⁸
3264 5591 3634 5671 ’ξπο-ιίργῶν.

2187 5672 2234 5702 ⁸ο
2265 5671 2370 5724 Καὶ
2403 5670 2674 5736 τούτους.
2709 5660 2832 5725 cod.
2864 5669 2901 5722 2
2930 5666 3237 5728 κάκείνους.
3266 5735 3276 5736 7
3310 5662 3356 5695 ⁸⁸
3387 5660 3637 5736 Ἐντρα-

2949 5738 2996 5771 ⁸³
3023 5736 3140 5792 cod.
3184 5736 3220 5789 2
3259 5734 3632 5804 διαμάρτοιεν.

352 5810 401 5842 ⁸⁸
421 5804 545 5885 eod.
570 5815 605 5867 2
640 5816 872 5880 γένοιτο.
952 5804 1146 5868 “Veen.
1183 5804 1352 5871 Vinio.
1382 5804 1532 5885 χοῦς.
1607 5815 1654 5848 ⁸⁸
1685 5812 1936 5885 Τρέψον.

2050 5813 2129 5869 rd.
2163 5829 2217 5884 [ι.
2247 5810 2374 5878 618,
2405 5804 2665 5884 Στρέψὸν.
2704 5804 2716 5812 ’
2744 5810 2787 5845 ⁸⁷
2812 5807 3327 5865 Καταπίπτουσιν.
3364 5805 3422 5859 In
3454 5805 3579 5860 cod.
3610 5804 3635 5860 1

356 5883 582 5952 ponitur
629 5894 751 5954 pest
794 5884 1246 5956 προσπταίοντες.
