4108 6438
480 291 618 359 1123

1472 274 1965 340 TIIEODORETI
2002 273 2344 335 EPISCOPI
2397 269 2767 331 CYRENSIS

3610 256 3749 320 11-24

477 411 855 484 cognitionem
891 401 1357 476 comprehendere
1384 413 1491 452 non
1527 411 1858 463 possumus:
1901 412 1919 444 ι
1955 393 2062 450 llo.-

2188 391 2351 461 νὸησις
2367 404 2380 418 ·
2413 408 2431 438 ι
2451 386 2801 456 ’Ᾱνθρώπους
2820 380 2915 435 καὶ
2937 379 3106 450 κτήνη
3129 376 3352 442 σώσεις,
3378 372 3573 446 Κύριε.
3589 392 3608 425 ι
3640 375 3752 429 Καὶ

482 480 662 561 mines
694 512 749 558 et
787 502 1039 571 jumenta
1073 495 1338 557 salvabis,
1372 491 1621 546 Domine.
1660 508 1677 540 ι
1713 487 1780 541 Ει
1813 501 2062 557 qnznnam

2188 484 2219 536 τί
2249 483 2442 537 τούτου
2468 482 2529 532 τὸ
2554 480 2763 543 αἰτιον;

484 598 652 666 hujus
691 596 766 648 rei
794 603 879 647 est
910 589 1119 645 causa?

569 684 732 742 Vens.
766 684 821 738 8.
862 702 881 734 ι
915 679 1390 748 Quemadmodum
1436 672 1811 745 multiplicasti
1848 670 2065 725 miseri-

2241 670 2309 735 η’.
2358 682 2378 714 ι
2426 662 2513 724 Ὠς
2547 657 2853 728 ὲπλὴθυνας
2879 655 2940 707 τὸ
2968 652 3114 714 ἔλεός
3147 666 3264 711 σου,
3298 648 3327 699 ὁ
3357 646 3546 708 Θεὸς.»
3574 644 3758 715 Μέχρι

484 776 728 832 cordiam
764 785 937 837 tuam,
968 771 1135 826 Deus.
1169 789 1189 822 ι
1211 768 1347 823 Nam
1383 781 1556 836 usque
1581 766 1646 819 ad
1674 764 1923 834 jumenta
1950 762 2066 831 ipsa

2188 756 2280 826 γὰρ
2305 753 2455 808 xui."
2481 751 2588 804 τῶν
2615 745 2888 821 κτηνῶνίθ
2915 746 2950 814 ἡ
2981 744 3047 815 σὴ
3074 743 3250 812 διήκει
3275 740 3317 771 ’⁸
3348 737 3755 837 φιλανθρωπία,

487 881 578 925 tua
615 869 928 939 benignitas
958 865 1226 936 pervenit,
1260 872 1316 918 et
1348 876 1457 916 non
1482 861 1646 915 modo
1672 859 1947 923 homines,
1975 871 2071 912 ve-

488 978 610 1017 rum
645 961 813 1016 etiam
849 974 914 1013 ea
971 972 1093 1027 quae
1126 964 1349 1026 prepter
1386 953 1641 1008 homines
1679 951 1823 1006 facta
1879 949 2067 1013 fuere,

488 1055 694 1115 nutris,
726 1052 891 1106 etiam
931 1065 1028 1119 per
1059 1049 1176 1102 base
1211 1046 1462 1100 homines
1498 1044 1780 1098 beneliciis
1805 1042 2065 1097 alliciens.

497 1174 514 1199 ι
552 1145 676 1199 Filii
714 1157 898 1197 autem
953 1140 1239 1196 hominum
1269 1137 1374 1193 sub
1429 1136 1668 1207 tegmine
1701 1134 1915 1189 alarum
1949 1143 2073 1187 tua-

488 1252 611 1291 rum
668 1235 989 1304 sperabunt.
1025 1250 1044 1282 ι
1081 1230 1275 1285 Sermo
1324 1227 1735 1296 pra:dietionem
1784 1224 2070 1290 continet,

488 1327 854 1382 mutationem
893 1323 1127 1381 scilicet.
1160 1335 1283 1390 quae
1316 1326 1441 1388 post
1483 1317 1917 1372 incarnationem
1950 1313 2072 1369 Sal-

490 1420 697 1474 vatoris
732 1415 905 1470 nostri
940 1414 1080 1469 facta
1117 1412 1242 1467 fuit.
1277 1411 1394 1466 Non
1432 1411 1578 1466 enim
1608 1409 1779 1475 dixit,
1815 1424 2064 1478 sperave-

491 1522 638 1575 runt,
674 1510 766 1565 sed
801 1507 1106 1577 sperabunt.

563 1602 731 1657 Vens.
767 1599 820 1654 9.
848 1619 866 1652 ι
907 1597 1327 1653 lnebriabuutur
1344 1596 1411 1651 ab
1433 1595 1683 1651 ubertate
1710 1594 1911 1650 domus
1947 1602 2074 1660 tute,

491 1705 550 1751 et
585 1693 935 1749 torrentibus
974 1689 1277 1760 voluptatis
1316 1697 1425 1744 tua:
1452 1688 1670 1758 potabis
1705 1701 1823 1742 eos.
1859 1705 1879 1738 ι
1913 1687 1995 1741 Ad
2026 1695 2079 1740 te

497 1789 786 1843 hominum
818 1793 1017 1839 natura
1051 1781 1351 1852 confugiet,
1395 1780 1773 1850 contemplans
1803 1780 2076 1833 bonorum

2188 1752 2399 1818 αὐτούς.
2434 1772 2453 1805 ι
2501 1746 2923 1821 Καταφεύξεται
2954 1744 3013 1801 δὲ
3046 1744 3187 1815 πρὸς
3219 1744 3281 1797 σὲ

496 1878 850 1939 aﬂlueutiam,
891 1891 1013 1945 qua:
1052 1874 1106 1927 in
1158 1873 1326 1926 domo
1375 1880 1464 1925 tua
1523 1870 1918 1942 progerntinat.
1977 1868 2080 1924 Per

501 1972 616 2027 haec
649 1980 831 2024 autem
868 1968 1052 2023 innuit
1080 1981 1185 2021 non
1224 1964 1403 2019 solum
1432 1962 1635 2019 divina:
1676 1964 1941 2019 doctrinae
1975 1962 2080 2017 llu-

498 2064 669 2126 mina,
712 2061 809 2115 sed
862 2069 917 2113 et
966 2057 1181 2128 mystici
1209 2056 1316 2111 cibi
1357 2055 1781 2126 perceptionem.
1814 2054 2083 2124 Largitio—

495 2170 623 2208 nem
679 2167 809 2207 vero
865 2153 1061 2205 horum
1118 2152 1391 2205 bonorum
1446 2149 1677 2204 torrenti
1729 2149 2079 2204 assimilavit.

505 2246 749 2298 Primum
778 2244 1028 2311 quidem,
1060 2241 1323 2311 quoniam
1369 2254 1398 2292 a
1441 2240 1718 2309 principio
1758 2239 1874 2294 hzec
1904 2239 2082 2293 homi-

501 2338 662 2391 nibus
691 2336 816 2388 data
847 2349 953 2387 non
984 2332 1088 2387 t‘u—it
1117 2352 1132 2387 :
1160 2332 1361 2387 deinde
1382 2346 1576 2387 omnes
1599 2332 1850 2386 homines
1878 2330 2083 2384 adhor-

504 2440 650 2494 tans,
687 2436 747 2482 ut
778 2426 1046 2482 accedant
1078 2433 1133 2478 et
1164 2424 1374 2490 bibant,
1425 2423 1569 2494 quod
1603 2438 1711 2478 non
1746 2423 1817 2478 sit
1847 2436 2084 2492 perenne

508 2521 737 2585 (lumen,
752 2520 845 2573 sed
866 2527 1169 2586 torrens,et
1188 2518 1254 2573 ad
1280 2528 1493 2587 tempus
1510 2516 1705 2571 fluens.
1728 2514 1830 2582 Qui
1857 2515 2002 2570 enim
2029 2515 2082 2569 in

513 2611 615 2663 hac
650 2609 759 2662 vita
789 2623 894 2661 non
931 2617 1305 2672 accesserunt,
1324 2617 1613 2675 p0stquatn
1648 2605 1777 2659 hinc
1805 2604 1971 2674 832
2005 2604 2084 2658 di-

504 2700 803 2755 scesserint
864 2698 1038 2752 sacris
1084 2697 1244 2767 aquis
1295 2696 1523 2750 minime
1591 2694 1964 2765 perfruentur.
2022 2694 2088 2748 Et

503 2807 628 2845 cum
660 2789 997 2844 ostendisset
1031 2796 1229 2843 natura
1261 2788 1481 2857 quidem
1523 2801 1624 2840 sua
1665 2786 1941 2841 bonorum
1971 2785 2088 2839 col-

505 2885 767 2939 lationem
802 2892 1127 2953 perpctuam
1176 2896 1330 2945 esse,
1383 2880 1478 2935 sed
1526 2879 1597 2933 ob
1649 2877 2089 2950 dispensatioues

504 2986 802 3032 torrentem
840 2975 980 3044 ﬁeri,
1010 2983 1318 3045 opportune
1355 2973 1661 3043 subjunxit.

583 3238 745 3295 Vens.
787 3238 875 3293 l0.
931 3258 949 3290 ι
988 3237 1257 3302 Quoniam
1305 3235 1447 3307 apud
1490 3243 1546 3291 te
1584 3244 1670 3291 est
1703 3234 1828 3291 fons
1880 3235 2026 3291 vitm.
2069 3253 2089 3286 ι

508 3339 524 3355 ·
567 3332 682 3387 lloe
714 3334 765 3383 in
799 3331 925 3384 loco
955 3340 1143 3399 aperte
1172 3329 1335 3382 nobis
1355 3336 1559 3383 sanctae
1577 3324 1864 3382 Trinitatis
1891 3336 2096 3398 myste-

512 3426 653 3478 rium
692 3422 886 3490 aperit.
914 3419 1051 3474 Nam
1080 3419 1284 3489 [antem
1315 3419 1437 3472 vita:
1461 3418 1807 3489 unigenitum
1841 3417 1935 3472 Dei
1961 3416 2098 3472 Ver-

514 3520 646 3571 bum
686 3512 1013 3565 nominavit.
1059 3509 1154 3564 Sic
1193 3510 1340 3564 enim
1393 3519 1446 3563 et
1501 3509 1618 3578 ipse
1658 3523 1757 3578 per
1803 3507 2095 3562 Jeretniam

510 3606 836 3676 prephetam
885 3617 945 3657 se
978 3609 1260 3672 nuncupat
1292 3618 1306 3654 :
1340 3619 1359 3652 ι
1398 3599 1480 3655 Me
1512 3600 1927 3670 dereliquerunt
1971 3599 2096 3654 fon-

515 3707 620 3750 tem
657 3712 816 3765 aquze
871 3695 1016 3759 vitae,
1078 3702 1133 3748 et
1196 3693 1477 3760 abierunt,
1530 3701 1585 3746 et
1618 3690 1945 3747 'eﬁ‘oderunt
1991 3692 2096 3748 sibi

510 3792 785 3845 cisternas
819 3788 1058 3851 fractas,
1095 3800 1219 3856 quae
1264 3785 1551 3840 continere
1594 3799 1794 3854 aquam
1835 3798 1942 3838 non
1999 3799 2098 3837 va-

511 3886 712 3941 lent'.
751 3901 770 3934 ι
820 3882 964 3937 Dicit
1003 3881 1171 3950 igitur
1221 3878 1432 3934 fontem
1485 3879 1635 3934 hunc
1678 3878 1824 3948 apud
1880 3877 2095 3932 Patrem

509 3991 654 4041 esse,
709 3975 1015 4030 secundum
1054 3967 1337 4043 Evangelii
1390 3971 1733 4037 doctrinam,
1773 3970 2047 4025 dicentem
2080 3986 2095 4023 :

520 4086 537 4116 ι
576 4065 690 4135 Ego
719 4066 775 4118 in
811 4064 995 4129 Patre,
1030 4076 1083 4120 et
1112 4064 1280 4119 Pater
1308 4063 1362 4117 in
1397 4078 1489 4117 me
1524 4071 1609 4117 est
1631 4068 1681 4116 ιι.
1712 4080 1732 4111 ι
1761 4091 1833 4101 —
1871 4080 1890 4113 ι
1923 4059 1979 4114 ln
2012 4059 2097 4113 Iuv

514 4156 660 4211 mine
689 4166 782 4210 tuo
802 4156 1109 4211 videbimus
1136 4154 1376 4208 lumen.»
1399 4149 1534 4205 Nam
1568 4166 1666 4219 per
1695 4157 1942 4205 sanctum
1974 4147 2095 4218 Spi-

516 4258 681 4306 ritum
715 4251 1031 4316 illuminati,
1066 4245 1347 4320 Uuigeniti
1381 4248 1459 4302 tui
1511 4246 1699 4302 radios
1747 4253 2096 4299 contuemur.

517 4363 539 4396 ι
576 4343 750 4399 Nemo
801 4342 987 4405 enim,
1039 4341 1256 4411 inquit,
1318 4340 1503 4395 dicere
1562 4347 1744 4407 potest
1804 4335 2099 4389 Dominum

2172 822 2267 899 {cui
2311 843 2372 897 ού
2407 843 2570 913 μόνον
2614 837 2956 909 ἀνθρώπους,
3004 832 3141 887 ἀλλὰ
3178 831 3272 883 καὶ
3317 830 3385 882 τὰ
3418 822 3508 881 διὸ.
3543 828 3636 880 τὸν
3664 828 3760 881 ἄν-

2173 935 2457 1010 θρωπον¹⁶
2488 931 2832 1003 γεγενημένα
2868 927 3109 999 τρέφεις,
3159 924 3285 987 τοὺς
3311 919 3634 992 ἀνθρώπους
3667 920 3761 970 καὶ

2173 1032 2263 1086 διὰ
2292 1029 2499 1084 τούτων
2540 1024 2866 1095 εὐεργετῶν.
2927 1040 2946 1073 ι
2982 1022 3044 1074 Οἱ
3075 1017 3133 1072 δὲ
3176 1016 3285 1070 υἱοὶ
3314 1014 3425 1067 τῶν
3455 1010 3760 1083 ἀνθρώπων

2175 1126 2234 1177 ἐν
2262 1123 2445 1195 ρκέπῃ
2471 1120 2580 1174 τῶν
2611 1115 2898 1187 πτερύγων
2927 1129 3020 1166 σου
3046 1107 3356 1181 ἐλπιοῦσιν.
3388 1123 3408 1158 ι
3448 1104 3761 1175 Πρόρρησιν

2176 1218 2204 1269 ὁ
2229 1214 2385 1283 λόγος
2415 1192 2529 1283 ἔχει
2554 1208 2656 1279 τῆς
2694 1208 2832 1279 μετὰ
2860 1205 2960 1275 τὴν
3003 1199 3420 1271 ὲνανθρώπησιν
3448 1195 3545 1249 τοῦ
3575 1192 3761 1283 Σωτῆ-

2180 1322 2272 1376 ρος
2305 1281 2478 1374 νήμῶν
2519 1299 2896 1371 γεγενημένης
2947 1292 3270 1365 μεταϐολῆς.
3322 1290 3396 1344 Ού
3447 1287 3557 1358 γὰρ
3606 1281 3759 1339 εἶπεν

2179 1394 2534 1465 ἤλπισαν-η,
2565 1390 2702 1446 ἀλλὰ
2728 1387 3071 1444 ἐλπιοῦσιν.

2252 1568 2318 1626 θ’.
2366 1589 2387 1622 ι
2430 1568 2883 1639 Μεθυσθήσονται
2933 1564 3042 1619 ἀπὸ
3095 1562 3258 1632 τῆςη
3307 1560 3563 1631 πιότητος
3603 1552 3760 1610 eos“

2182 1662 2333 1716 οῖκου
2366 1678 2484 1729 σου,
2518 1659 2616 1714 καὶ
2641 1658 2976 1730 χειμάρρους
2992 1648 3039 1687 ’δ
3064 1657 3163 1725 τῆς
3187 1653 3402 1724 τρυφῆς
3433 1668 3528 1715 σου
3558 1652 3763 1713 ποτιεῖς

3314 1742 3424 1797 τῶν
3455 1741 3555 1796 ἀνθ
3566 1740 3762 1812 ρώπων

2183 1850 2218 1921 ἡ
2248 1847 2431 1917 φύσις,
2483 1839 3061 1898 (Ξιναὸλαστόιειιουσοιν¹¹
3102 1839 3158 1891 ὲν
3209 1836 3289 1907 τῷ
3337 1836 3472 1905 οίκῳ
3521 1852 3614 1888 σου
3655 1833 3764 1887 τῶν

2184 1938 2407 2009 ἀγαθῶν
2427 1938 2526 2009 τὴν
2551 1936 2725 2008 φορὰν
2759 1933 3066 2005 θεωροῦσα.
3101 1929 3411 1983 Δίνίττεται
3437 1928 3494 1983 δὲ
3521 1928 3608 1981 διὰ
3645 1927 3767 1979 τού-

2185 2050 2328 2101 των,
2385 2033 2446 2084 ού
2498 2029 2660 2100 μόνον
2711 2027 2814 2097 τῆς
2849 2025 2996 2088 Θείας
3031 2020 3377 2085 διδασκαλίας
3410 2020 3478 2075 τὰ
3526 2021 3765 2090 νάματα,

2188 2121 2327 2175 ἀλλά
2349 2120 2444 2174 καὶ
2470 2118 2570 2188 τῆς
2602 2116 2874 2187 μυστικῆς
2903 2112 3115 2185 τροφῆς
3139 2111 3239 2183 τὴν
3268 2110 3577 2167 ἀπόλαυσιν
3596 2129 3610 2142 ·
3655 2127 3772 2180 χει-

2192 2214 2388 2284 μάρῤῳ
2437 2211 2495 2264 δὲ
2560 2210 2670 2263 τῶν
2710 2207 2979 2261 τοσούτων
3035 2206 3259 2275 ἀγαθῶν
3305 2204 3460 2275 τὴν²²
3503 2203 3771 2274 χορηγίαν

2188 2306 2486 2358 ἀπείκασε·
2538 2301 2758 2372 πρῶτον
2786 2299 2884 2371 μὲν
2909 2299 2996 2352 διὰ
3046 2299 3106 2353 τὸ
3159 2296 3235 2369 μὴ
3276 2296 3336 2361 ἐξ
3365 2295 3540 2367 ἀρχῆς
3568 2293 3770 2363 ταύτην

2188 2398 2301 2459 τοῖς
2329 2393 2640 2465 ἀνθρώποις
2668 2390 2893 2461 δοθῆναι
2912 2407 2927 2420 ο
2961 2389 3154 2443 ἔπειτα
3189 2389 3374 2458 μέντοι
3403 2385 3498 2440 καὶ
3532 2384 3769 2456 προτρέο

2190 2506 2308 2541 πων
2348 2487 2558 2547 πάντας
2596 2483 2919 2555 ἀνθρώπους
2956 2479 3273 2553 προσελθεῖν
3325 2480 3420 2532 καὶ
3466 2480 3645 2542 πιεῖν,
3696 2476 3775 2540 ὡς

2189 2581 2283 2633 τοῦ
2298 2580 2343 2611 ’³
2370 2577 2612 2650 ποταμοῦ
2634 2578 2733 2631 ούκ
2769 2576 2998 2630 ἀεννάου
3016 2576 3062 2605 ⁸³
3085 2574 3259 2639 ὄντος,
3286 2572 3419 2627 ἀλλὰ
3447 2572 3775 2643 χειμάρρου,

2191 2672 2287 2727 καὶ
2316 2672 2454 2743 πρὸς
2483 2669 2675 2742 καιρὸν
2709 2668 3033 2740 φερομένου.
3060 2669 3121 2720 Ol
3167 2666 3278 2737 γὰρ
3321 2667 3466 2719 κατὰ
3503 2664 3596 2718 τὸν
3635 2680 3778 2734 παρ-

2189 2764 2319 2818 όντα
2363 2763 2554 2834 καιρὸν
2588 2762 2663 2832 μὴ
2695 2759 3033 2830 προσιόντες,
3086 2758 3226 2829 μετὰ
3261 2758 3359 2829 τὴν
3389 2756 3640 2810 ἐντεῦθεν
3672 2759 3776 2811 ἐκ-

2191 2854 2394 2925 δημίαν
2423 2854 2530 2907 τῶν
2560 2852 2720 2925 ἱερῶν
2764 2852 3026 2922 ναμάτων
3071 2852 3173 2903 ούκ
3206 2850 3631 2904 ἀπολαύσονται.
3666 2849 3779 2902 Καὶ

2193 2944 2411 3009 δεικνὺς
2442 2944 2517 3008 ὡς
2541 2944 2702 3015 φύσει
2731 2945 2831 3015 μὲν
2876 2943 3101 3007 ἀένναός
3115 2943 3160 2974 ’⁸
3197 2946 3313 2996 ἐστι
3354 2942 3462 2995 τῶν
3479 2945 3526 2976 ³⁸
3558 2942 3780 3011 ἀγαθῶν

2195 3039 2229 3108 ἡ
2254 3035 2414 3107 φορὰ,
2437 3037 2777 3109 χειμάρρους
2794 3038 2839 3068 "'
2861 3037 2917 3090 δὲ
2937 3034 3073 3107 πρὸς
3093 3034 3192 3099 τὰς
3214 3036 3527 3105 οἰκονομίας
3548 3036 3779 3104 γίνεται,

2112 3114 2158 3173 (ἶ
2192 3129 2270 3191 είς
2298 3127 2490 3199 καιρὸν
2523 3127 2805 3197 ἐπήγαγεν
2827 3140 2843 3156 ’

2268 3226 2320 3274 μ’
2347 3240 2364 3272 ⁸
2388 3219 2513 3274 ..οτι
2532 3218 2684 3290 παρὰ
2710 3217 2793 3271 σοι
2811 3217 2960 3289 πηγὴ
2981 3217 3149 3288 ζωῆς.
3177 3236 3196 3268 ι
3227 3215 3496 3271 Ἐνταῦθα
3513 3216 3570 3270 δὲ
3596 3213 3784 3285 σαφῶς

2195 3313 2328 3381 ἡμῖν
2351 3311 2728 3365 ἀποκαλύπτει
2747 3311 2808 3364 τὸ
2830 3312 2928 3381 τῆς
2954 3310 3116 3379 ἁγίας
3135 3309 3181 3343 ⁸⁸
3199 3309 3430 3380 Τριάδος
3460 3310 3781 3382 μυστήριον.

2194 3402 2410 3472 Πηγὴν
2424 3401 2534 3473 γὰρ
2575 3398 2722 3469 ζωῆς
2746 3401 2837 3455 τὸν
2881 3400 3151 3473 μονογενῆ
3173 3400 3268 3453 τοῦ
3299 3398 3436 3453 Θεοῦ
3464 3400 3638 3468 Λόγον
3658 3399 3786 3454 ὡνὰ

2201 3510 2395 3565 μασεν.
2430 3493 2587 3547 Οὖτω
2610 3492 2721 3564 γὰρ
2744 3494 2839 3546 καὶ
2864 3493 3025 3556 αὐτὸς
3056 3492 3248 3545 ἑαυτὸν
3274 3491 3363 3546 διὰ
3396 3489 3662 3560 Ἰερεμίου
3685 3489 3780 3541 τοῦ

2198 3586 2481 3656 προφήτου
2526 3579 2717 3637 καλεῖ·
2776 3602 2794 3635 ι
2822 3584 2960 3655 Ἐμὲ
2997 3584 3360 3654 ἐγκατέλιπον
3386 3583 3569 3656 πηγὴν
3594 3584 3786 3646 ὓδατος

2200 3679 2368 3749 ζωῆς,
2403 3679 2500 3732 καὶ
2537 3676 2919 3750 ἐπορεύθησαν
2933 3676 3001 3743 '9,
3041 3677 3137 3730 καὶ
3164 3676 3383 3750 ὤρυξαν
3405 3677 3619 3741 ἑαυτοῖς
3650 3676 3785 3732 λάκε

2199 3789 2329 3834 κους
2359 3770 2884 3840 συντετριμμένους,
2938 3769 2989 3823 οἳ
3036 3770 3097 3823 οὐ
3138 3764 3456 3840 δυνήσονται
3495 3768 3640 3841 ὕδωρ
3691 3787 3788 3822 συο

2199 3862 2422 3934 σχεῖν³⁰.
2469 3879 2488 3912 ι
2515 3859 2682 3929 Λέγει
2709 3860 2891 3914 τοίνυν
2920 3860 3019 3931 τὴν
3060 3858 3242 3929 πηγὴν
3275 3859 3481 3930 ταύτην
3526 3860 3678 3931 παρὰ
3707 3860 3787 3931 τῷ

2198 3956 2376 4027 Πατρὶ
2426 3951 2646 4018 sitiat",
2694 3954 2837 4007 κατὰ
2891 3953 2991 4023 τὴν
3034 3951 3398 4023 εύαγγελικὴν
3436 3952 3787 4006 διδασκαλίαν

2197 4050 2298 4117 τὴν
2334 4047 2601 4117 λέγουσαν
2619 4063 2635 4078 ο
2682 4065 2703 4099 ι
2740 4044 2886 4115 Ἐγὼ
2919 4046 2976 4099 ὲν
3000 4044 3076 4115 τῷ
3106 4044 3301 4123 ματρὶ,
3327 4045 3421 4098 καὶ
3452 4046 3478 4099 ό
3507 4045 3698 4116 Πατὴρ
3725 4046 3785 4098 ὲν

2199 4140 2346 4211 ὲμοί.
2380 4159 2399 4192 ι
2433 4169 2503 4180 --
2538 4158 2558 4191 ι
2590 4138 2683 4193 Ἐν
2708 4137 2787 4209 τῷ
2820 4137 2959 4207 φωτί
2994 4155 3088 4190 σου
3121 4137 3367 4208 ὀψόμεθα
3402 4136 3539 4206 φῶς.
3571 4156 3590 4188 ι
3650 4135 3788 4190 ’Υπδ

2199 4234 2309 4304 γὰρ
2336 4232 2432 4286 τοῦ
2464 4232 2736 4299 παναγίου
2793 4231 3117 4301 Πνεύματος
3158 4230 3525 4300 φωτιζόμενοι
3560 4231 3659 4295 τάς
3691 4227 3787 4284 τοῦ

2202 4324 2545 4394 Μονογενοῦς
2590 4340 2683 4377 σου
2726 4322 3040 4395 θεωροῦμεν
3082 4325 3329 4387 ἀκτῖνας.
3366 4340 3386 4374 ι
3430 4322 3621 4387 Οὐδεὶς
3651 4325 3780 4396 γὰρ,

472 4484 475 4485 ν
513 4439 729 4505 Jesum,
757 4439 863 4493 nisi
888 4454 985 4508 per
1017 4433 1289 4507 Spiritum
1323 4443 1575 4490 sanctum
1602 4439 1648 4484 ο.
1682 4448 1701 4481 ι
1742 4428 1844 4483 Et:
1882 4448 1901 4480 ι
1932 4428 2085 4482 Nobis

2205 4419 2361 4489 φησι,
2398 4417 2622 4470 δύναται
2648 4417 2825 4470 είπεῖν
2844 4412 3053 4488 Κύριον
3088 4414 3320 4484 Ἰησοῦν,
3358 4414 3409 4468 εί
3439 4415 3514 4486 μὴ
3535 4416 3594 4469 ὲν
3623 4412 3789 4469 Πνεύο

521 4531 668 4587 Deus
702 4530 1079 4586 manifestavit
1118 4543 1215 4600 per
1246 4526 1516 4597 Spiritum
1554 4538 1713 4578 suum
1744 4532 1793 4575 P.
1831 4538 1851 4572 ι
1889 4519 2096 4575 Didici-

518 4637 653 4695 mus
681 4620 846 4690 igitur
876 4627 1065 4674 exacte
1097 4632 1197 4688 per
1231 4614 1553 4687 prophetica
1582 4608 1769 4676 verba,
1798 4620 1911 4665 tres
1936 4608 2101 4664 unius

516 4710 823 4765 divinitatis
859 4710 1248 4780 proprietates.

485 5006 493 5095 ξ
602 4993 862 5051 l“.terem.
893 5011 956 5060 ll,
997 4996 1085 5052 15.
1157 5002 1186 5033 ιι
1222 4992 1383 5049 Joau.
1424 5007 1535 5059 xw,
1570 4991 1659 5046 10.

2208 4526 2339 4582 ματι
2373 4509 2535 4579 ἁγίῳ.
2571 4528 2590 4560 ι
2647 4510 2791 4562 Καίο
2835 4528 2853 4561 ι
2883 4508 3047 4579 Ἡμῖν
3093 4511 3122 4562 ὁ
3165 4508 3298 4573 Θεὸς
3340 4509 3663 4579 ἀπεκάλυψε
3697 4507 3788 4562 διὰ

2204 4601 2299 4655 τοῦ
2332 4600 2652 4670 Πνεύματος
2692 4599 2878 4654 αὑτοῦ.
2911 4619 2930 4652 ι
2970 4600 3392 4672 Μεμαθήκαμεν
3420 4600 3599 4654 τοίνυν
3626 4602 3790 4670 ἀκρι-

2204 4691 2314 4757 ϐῶς
2334 4691 2424 4746 διὰ
2440 4692 2485 4724 ³⁸
2511 4691 2619 4745 τῶν
2645 4691 2999 4762 προφητικῶν
3026 4691 3202 4759 λόγων
3228 4693 3326 4756 τὰς
3353 4694 3503 4763 τρεῖς
3533 4692 3633 4764 τῆς
3660 4693 3791 4762 μιᾶς

2204 4784 2457 4855 θεότητος
2495 4784 2782 4854 ἰδιότητας.

1739 4999 1761 5021 ο
1800 4988 1822 5042 1
1858 4988 1989 5044 Cor.
2031 5002 2131 5050 xu,
2169 4989 2225 5042 5.
2302 4996 2332 5038 ι
2368 4987 2528 5044 Joan.
2562 5002 2640 5056 ιι,
2677 4987 2766 5043 10.

1621 5108 1858 5166 VARUE
1895 5103 2278 5164 LECTIONES
2314 5104 2403 5161 ΕΤ
2437 5104 2674 5165 NOTAE.

592 5227 637 5261 ¹³
667 5226 799 5281 Καί.
832 5226 1048 5283 Abesta
1071 5228 1190 5285 cod.
1227 5227 1277 5291 1,
1312 5229 1369 5283 2.
1461 5228 1505 5261 "
1537 5224 1807 5295 κτηνῶν.
1841 5224 1965 5280 cod.
1993 5224 2029 5276 9.
2060 5240 2085 5277 a

2190 5222 2321 5295 toﬁ.
2399 5222 2445 5254 ¹⁸
2489 5222 2553 5295 ᾙ
2576 5222 2673 5295 (ζῇ
2702 5221 2917 5295 διήκει.
2953 5222 3075 5278 cod.
3107 5223 3130 5295 _1
3164 5238 3247 5295 σοι
3271 5221 3446 5295 ᾂιήκει
3483 5221 3540 5293 ἠ,
3618 5222 3662 5255 ¹⁶
3682 5222 3794 5295 Διά

518 5299 628 5353 τὸν
652 5297 990 5370 ἄνθρωπογ.
1022 5299 1144 5353 cod.
1178 5300 1201 5352 1
1242 5298 1309 5351 δι’
1359 5298 1704 5370 ἀνθρώπους.
1772 5296 2000 5370 _"_co_d.
2022 5295 2066 5370 _5

2100 5290 2432 5362 ἠλπίσαμεν.
2512 5293 2555 5362 ¹¹ξ
2593 5290 2731 5360 Τῆς.
2760 5293 2928 5348 Abest
2965 5310 2995 5347 a
3021 5293 3145 5348 cod.
3181 5294 3234 5356 1,
3268 5292 3323 5357 2,
3346 5290 3413 5346 ἐι
3444 5309 3470 5344 a
3498 5290 3643 5348 vers.
3680 5292 3793 5347 τῶν

520 5370 599 5422 0'.
678 5370 720 5401 ¹⁹
757 5360 895 5423 Τοῦ.
924 5368 1135 5423 Pariter
1155 5370 1327 5423 abest:
1362 5369 1419 5422 11.
1446 5360 1528 5423 ce.
1605 5360 1809 5421 “eod.
1859 5368 1906 5427 Ι,
1933 5365 2080 5418 ἓτὺν

2188 5363 2493 5433 ειμάρρουν.
2536 5360 2628 5418 Sic
2661 5378 2877 5433 quoque
2926 5365 2975 5417 οἱ
3016 5365 3095 5417 Ο’.
3166 5364 3209 5394 ²¹
3238 5364 3359 5419 cod.
3397 5364 3459 5422 1.
3488 5363 3523 5416 2
3554 5362 3792 5433 ἀναϐλύ-

520 5438 842 5494 οτάνουσαν.
876 5438 1062 5493 Lectio
1109 5448 1288 5493 tamen
1352 5447 1603 5505 suspecta
1636 5450 1740 5490 esu.
1819 5438 1863 5467 “
1897 5433 2039 5501 Τήν.
2074 5456 2085 5485 1

2192 5443 2242 5486 st
2273 5449 2303 5487 ιι
2353 5438 2474 5505 cod.
2502 5434 2554 5495 1,
2584 5434 2640 5489 2.

1150 5510 1371 5563 ἀενάου.
1447 5501 1491 5539 ί⁶
1525 5508 1645 5562 cod.
1677 5508 1711 5560 3
1739 5506 1948 5577 ἀέναος.
2004 5504 2074 5577 ’³⁸

2188 5520 2248 5577 ν.
2275 5503 2397 5577 eod.
2420 5502 2646 5577 5_pr:cm
2675 5504 2728 5575 ἡ.
2752 5573 2775 5577 _
2807 5505 2851 5535 ’⁷
2872 5505 2995 5577 cod.
3024 5504 3065 5577 2
3102 5504 3422 5577 χείμαρρος.
3496 5505 3547 5577 ³⁸,
3579 5502 3796 5577 Ἀγίας.

518 5579 688 5634 Abest
721 5595 750 5633 a
787 5582 909 5636 cod.
952 5581 1004 5635 1.
1052 5572 1253 5646 ’²⁹’Καὶ
1306 5577 1747 5646 ἐπορεύθησαν.
1813 5575 1935 5628 Des.
1967 5642 1978 5646 _
2003 5574 2056 5646 in

2192 5573 2228 5627 ι.
2286 5572 2342 5626 2.
2449 5573 2501 5646 _’°
2544 5572 2776 5643 Συσχεῖ

518 5509 799 5580 ἀεννάου.
831 5512 953 5565 cod.
983 5510 1017 5563 5
1052 5509 1126 5580 μὴ

2746 5431 2959 5488 ³⁸⁷Τοῦ.
3008 5436 3176 5488 Abest
3205 5449 3234 5488 a
3285 5435 3406 5489 cod.
3439 5433 3488 5487 1.
3597 5431 3642 5465 ³⁵
3665 5435 3795 5487 Οὐκ

2457 5573 2501 5605 ³⁰
2544 5573 2830 5643 Συσχεῖν.
2881 5576 3003 5630 cod.
3046 5576 3070 5628 1
3105 5573 3319 5643 ίίσχεῖν.
3366 5573 3497 5629 Ree.
3539 5575 3700 5629 lectio
3744 5573 3787 5643 1.

519 5662 576 5721 c.
617 5658 703 5721 est
738 5651 1010 5721 συνέχειν.
1084 5645 1319 5721 ³¹Εἷναι
1338 5642 1509 5721 -ᾏιξν
1534 5642 1714 5721 Αὲῄοί.
1750 5646 1931 5721 cod.f2
1967 5642 2085 5698 haln

2188 5651 2395 5697 tantum
2448 5643 2564 5699 hmo
2613 5642 2807 5714 pauca,
2855 5644 2974 5702 colo
3022 5645 3090 5701 ad
3152 5642 3328 5716 Πατρὶ
3365 5644 3705 5715 ροείιο,και
3737 5642 3797 5695 ὲν

520 5719 670 5790 αὐτῷ
706 5720 798 5774 τὸν
828 5716 1065 5793 Πατέρα.
1148 5721 1192 5753 ³⁸
1220 5720 1342 5774 Διά.
1376 5719 1496 5797 cod.
1529 5716 1562 5768 2
1591 5732 1775 5786 przem.
1810 5716 1921 5769 καί.
