4108 6430
354 300 491 368 1125

1702 300 1783 361 IN
1817 301 2021 361 PSAL.
2065 301 2332 364 XXXVI.

3507 312 3643 378 1126

421 406 511 465 ια’.
555 427 575 462 ι
606 409 945 482 Παράτεινον
973 408 1035 463 τὸ
1063 407 1209 472 ἔλεός
1242 425 1337 464 σου
1360 413 1473 472 τοῖς
1494 407 1826 484 γινώσκουσί
1854 425 1943 462 σε·

2126 408 2296 467 V’sns.
2334 410 2387 466 ll
2407 451 2420 464 .
2454 428 2473 461 ι
2500 407 2781 467 Protende
2801 411 3243 470 misericordiam
3270 424 3418 470 tuam
3451 416 3519 472 ad
3542 426 3643 473 eos

344 501 444 559 mi.
487 501 585 572 τὴν
625 500 983 572 δικαιοσύνην
1027 518 1124 556 σου
1158 504 1276 565 τοῖς
1317 501 1505 556 εύθέσι
1551 504 1620 574 τῇ
1667 501 1885 575 καρδίᾳ.
1925 520 1946 554 ι

348 592 641 664 Τοιγάρτοι
671 591 937 664 διηνεκῶς
962 593 1062 664 τῆς
1102 592 1313 665 ἡμέρου
1344 609 1445 663 σου,
1470 592 1566 648 καὶ
1603 592 1824 657 δικαίας
1854 609 1953 664 με-

343 688 503 751 τάδος
536 686 896 758 κηδεμονίας,
921 687 1024 757 τῆς
1036 686 1083 721 ³³
1107 686 1443 757 θεογνωσίας
1469 687 1820 759 ἠξιωμένοις,
1856 687 1953 740 καὶ

343 782 531 853 ἀγαθά
587 782 859 854 πράττειν
918 783 1405 855 προαιρουμένοις.
1458 782 1785 855 Ἀμφότερα
1838 784 1952 855 γὰρ

345 878 474 947 περὶ
508 874 620 928 τῶν
657 874 841 928 αὐτῶν
866 876 1082 946 εἴρηκε,
1118 875 1263 930 κατὰ
1284 876 1403 930 eo“
1433 877 1637 930 οίκεῖον
1660 876 1858 947 ἰδίωμα
1880 878 1950 948 τῇ

342 968 612 1039 διαιρέσει
640 968 1015 1040 χρησάμενος.
1057 969 1135 1022 Οὐ
1174 969 1284 1041 γὰρ
1320 969 1519 1034 ἄλλους
1543 969 1692 1039 λέγει
1715 970 1844 1032 τοὺς
1873 971 1953 1023 et-

343 1061 502 1123 δότας
549 1060 735 1124 αὑτὸν,
782 1059 979 1124 ἄλλους
1023 1060 1082 1114 δὲ
1106 1061 1235 1125 τοὺς
1272 1061 1452 1127 εὐθεῖς
1472 1064 1539 1133 τῇ
1570 1060 1784 1134 καρδίᾳ,
1827 1061 1951 1116 οὐδὲ

345 1155 461 1216 τοῖς
508 1155 609 1224 μὲν
663 1153 757 1206 τὸν
818 1154 991 1217 ἔλεον,
1049 1155 1166 1217 τοῖς
1200 1153 1261 1208 δὲ
1312 1153 1414 1225 τὴν
1468 1153 1816 1225 δικαιοσύνην
1859 1154 1949 1219 ἐξ·

343 1246 547 1318 ᾔτησεν
564 1246 638 1278 ⁸⁸·
670 1245 808 1299 ἀλλά
850 1247 953 1317 τὴν
971 1244 1190 1299 τελείαν
1230 1245 1431 1318 ἀρετὴν
1455 1247 1514 1300 ὲν
1559 1245 1786 1317 ἀληθέσι
1823 1247 1948 1314 δόγ-

349 1359 485 1415 μασι
560 1341 656 1395 καὶ
723 1340 1050 1412 πράγμασιν
1070 1339 1117 1371 ³⁸
1155 1337 1383 1407 ἀγαθοῖς
1431 1339 1780 1410 ὁρισάμενος,
1833 1342 1948 1404 τοῖς

345 1434 555 1505 ταύτην
600 1434 963 1505 κεκτημένοις
1004 1432 1099 1486 τὸν
1141 1431 1294 1486 ἔλεον
1333 1433 1430 1488 καὶ
1464 1432 1563 1504 τὴν
1601 1432 1949 1506 δικαιοσύνην

346 1526 698 1598 ἐπήγγειλεν.

420 1618 510 1690 ιβ’,
543 1625 634 1687 ιγ’.
682 1637 702 1670 ι
733 1617 827 1689 Μὴ
864 1618 1068 1673 ἐλθέτω
1095 1635 1190 1689 μοι
1230 1618 1367 1683 ποῦς
1405 1617 1809 1690 ὑπερηφανίας,
1853 1618 1949 1671 καὶ

346 1712 471 1783 χεὶρ
503 1708 835 1783 ἀμαρτωλοῦ
869 1711 945 1783 μὴ
971 1710 1272 1785 σαλεύσῃ³⁷
1298 1727 1387 1781 με.
1422 1710 1574 1763 Ἐκεῖ
1595 1708 1793 1764 ἔπεσον
1811 1710 1949 1765 πάν·

345 1821 439 1868 τες
456 1804 501 1837 ’⁸
538 1805 590 1857 ot
620 1799 986 1874 ἐργαζόμενοι
1029 1801 1129 1876 τὴν
1165 1801 1433 1873 ἀνομίαν⁹
1474 1800 1825 1871 ἐξώσθησαν,
1850 1801 1947 1857 καὶ

344 1899 409 1952 οὐ
450 1897 526 1968 μὴ
561 1895 830 1950 δύνωνται
870 1895 1084 1966 στῆναι.
1116 1913 1137 1948 ι
1191 1895 1266 1948 Τὸ
1304 1913 1323 1947 ι
1347 1894 1499 1949 Ἐκεῖ
1521 1893 1717 1949 ἔπεσον
1744 1894 1946 1959 πάντες

342 1992 398 2045 οἱ
440 1988 803 2061 ἐργαζόμενοι
842 1987 941 2060 τὴν
984 1988 1215 2059 ἀνομίαν
1234 1988 1302 2054 ³⁸,
1335 2006 1356 2043 ι
1381 1990 1411 2042 ὁ
1435 1989 1733 2059 Σύμμαχος
1773 1986 1946 2052 οὕτως

342 2083 698 2155 ἠρμήνευσεν
717 2097 731 2111 ’
762 2080 959 2136 Ὅπου
989 2082 1326 2137 πίπτουσιν
1346 2084 1400 2135 οί
1426 2079 1802 2151 ἐργαζόμενοι
1829 2080 1948 2150 τὴν

341 2175 626 2245 ἀνομίαν,
674 2171 969 2228 ὠθοῦνται
1015 2173 1117 2227 καὶ
1160 2174 1234 2228 οὐ
1282 2172 1655 2243 δυνήσονται
1699 2172 1941 2242 στῆναι.

340 2268 497 2321 Δίτεί
516 2265 575 2320 δὲ
601 2267 630 2320 ὁ
655 2266 946 2337 προφήτης
966 2264 1068 2335 τῆς
1090 2264 1306 2335 φύσεως
1328 2266 1398 2319 τὰ
1427 2266 1603 2337 μέτρα
1630 2264 1941 2336 φυλάττειν,

342 2360 441 2414 καὶ
467 2359 568 2430 τῆς
606 2357 832 2425 ,εὐθείας
860 2356 982 2412 ὁδοῦ
1021 2358 1097 2428 μὴ
1139 2357 1576 2431 παρατραπῆναι
1594 2358 1641 2390 ⁸⁸
1680 2360 1805 2421 ταῖς
1833 2355 1944 2411 τῶν

343 2449 687 2522 παρανόμων
708 2449 1026 2513 ἐπιϐουλαῖς
1047 2464 1063 2481 ο
1099 2448 1196 2504 άτε
1231 2448 1299 2521 δὴ
1330 2448 1618 2519 γινώσκων
1651 2452 1751 2521 τῆς
1784 2452 1942 2504 ἐναν-

343 2544 467 2608 τίας
492 2542 617 2597 ὁδοῦ
646 2543 707 2596 τὸ
747 2541 922 2605 τέλος.
945 2542 1010 2596 Οί
1032 2541 1141 2613 γὰρ
1164 2542 1246 2606 είς
1280 2543 1482 2607 ἐκεῖνο,
1517 2543 1674 2612 φησὶ,
1702 2541 1943 2597 καταπί-

347 2634 594 2698 πτοντες,
617 2633 924 2705 ἀναστῆναι
954 2631 1144 2686 λοιπὸν
1175 2633 1269 2685 καὶ
1308 2632 1390 2695 είς
1421 2632 1521 2703 τὴν
1559 2633 1756 2703 έτὲραν
1810 2632 1942 2704 δρα-

353 2728 475 2797 μεῖν
506 2726 567 2779 οὺ
612 2726 958 2795 δυνήσονται.
1000 2725 1225 2789 Τούτοις
1267 2723 1414 2779 ἔοικε
1461 2723 1531 2778 τά
1573 2724 1845 2795 εἰρημένα
1884 2725 1943 2778 ὲν

345 2817 426 2888 τῷ
453 2816 596 2888 ἕκτῳ
634 2815 871 2888 ψαλμὶξν
920 2834 939 2867 ι
966 2815 1092 2869 Ὅτι
1130 2816 1234 2870 οὐκ
1278 2815 1427 2869 ἐστιν
1459 2817 1519 2871 ὲν
1549 2815 1631 2886 τῷ
1673 2815 1889 2887 θανάτῳ
1913 2817 1943 2869 ὁ

346 2910 707 2983 μνημονεύων
746 2926 843 2963 σου
867 2925 881 2938 ·
932 2910 991 2963 ὲν
1029 2908 1088 2963 δὲ
1123 2908 1202 2980 τῷ
1238 2908 1340 2982 ᾄδῃ
1369 2910 1454 2975 τίς
1483 2909 1943 2982 ἐξομολογήσεταί

345 3019 549 3069 eo”:

660 3132 927 3196 EPMllN.
969 3140 1108 3195 Tor
1141 3140 1263 3210 Ac."
1300 3143 1622 3198 ΨΑΑΜοΥ.

419 3262 490 3309 α’.
536 3273 557 3308 ι
583 3253 820 3327 Ψαλμὺς
851 3253 930 3327 τῷ
967 3254 1156 3312 Δαϐίδ.
1197 3256 1291 3329 Μὴ
1335 3255 1655 3329 παραζήλου
1685 3259 1746 3311 ὲν
1778 3274 1948 3330 πονη-

353 3348 703 3422 ρευομένοις·
756 3349 894 3420 μηδὲ
946 3348 1115 3422 ζήλου
1169 3351 1299 3415 τοὺς
1341 3351 1635 3416 ποιοῦντας
1677 3352 1778 3424 τὴν
1817 3353 1948 3407 ἀνο-

350 3446 503 3517 μίαν.
528 3464 548 3498 ι
574 3446 653 3518 Τῇ
671 3444 715 3477 ⁸⁸
740 3446 909 3518 πείρᾳ
931 3443 1121 3517 μαθὼν
1139 3447 1172 3501 ὁ
1189 3445 1334 3510 θεῖος
1352 3445 1537 3511 Δαϐὶδ,
1558 3446 1701 3502 ὅσων
1721 3446 1948 3516 ἀγαθῶν

348 3538 612 3610 πρόξενος
650 3541 686 3609 ή
728 3540 995 3611 πραότης,
1025 3540 1125 3593 καὶ
1167 3538 1255 3593 ὅτι
1289 3538 1401 3593 τῶν
1433 3538 1619 3610 ἀδικίᾳ
1657 3537 1947 3604 συζώντων

349 3632 448 3686 καὶ
485 3631 773 3704 ἀλαζονείᾳ
799 3632 1123 3704 χρωμένων,
1160 3632 1223 3685 τὺ
1266 3630 1427 3696 τέλος
1469 3632 1696 3704 ἀνιαρὸν
1735 3632 1834 3687 καὶ
1868 3631 1947 3703 τῷ

350 3723 455 3794 βίῳ
482 3723 819 3794 κατάλληλον
839 3738 855 3754 ⁸
903 3724 1315 3795 ὲμεμαθὴκειδί
1346 3723 1406 3776 δὲ
1435 3721 1611 3777 ταῦτα
1644 3722 1709 3777 ἐκ
1748 3741 1809 3778 τε
1841 3723 1948 3779 τῶν

230 3840 235 3843 -
347 3816 492 3871 κατά
517 3816 611 3871 τὸν
638 3815 813 3872 Σαοὺλ
836 3817 936 3871 καὶ
966 3816 1059 3871 τὸν
1083 3815 1465 3886 Ἀὁεσσαλὼμ,
1489 3816 1721 3870 καὶτῶν
1744 3815 1944 3884 ἀλλων,

347 3908 465 3963 ὅσοι
491 3908 701 3964 τούτων
723 3908 1024 3980 δεδράκασι
1050 3908 1414 3980 παραπλήσια
1432 3922 1446 3937 ·
1489 3907 1817 3978 παραίνεσιν
1841 3909 1949 3961 είσ-

349 4005 509 4074 φέρει
539 4003 711 4058 πᾶσιν
736 4001 1050 4076 ἀνθρώποις
1070 4018 1086 4033 ο
1125 4000 1317 4072 φέρειν
1345 3999 1444 4071 μὲν
1478 3999 1721 4063 καλῶςη
1757 4017 1944 4075 παρα-τ

348 4094 531 4149 καλῶν
554 4094 623 4148 τὰ
647 4094 1066 4166 προσπίπτοντα
1086 4092 1330 4165 λυπηρὰ,
1353 4092 1456 4156 τὰς
1479 4092 1538 4147 δὲ
1559 4092 1668 4146 τῶν
1691 4092 1947 4164 πονηρῶν

346 4186 655 4260 ἀνθρώπων
678 4186 982 4259 εὐημερίας
1003 4187 1097 4242 καὶ
1143 4185 1445 4259 εὐπραξίας
1460 4185 1507 4219 ⁸⁸
1535 4185 1610 4258 μὴ
1667 4186 1947 4257 μακαρίας

347 4278 617 4349 νομίζειν,
652 4277 846 4343 ἀθλίας
869 4279 926 4333 δὲ
958 4280 1160 4350 μᾶλλον
1182 4277 1482 4334 ἀποκαλεῖν
1496 4279 1540 4312 ⁸⁵
1559 4297 1575 4314 ο
1605 4274 1668 4334 οὗ
1685 4278 1733 4312 ⁴⁶
1761 4277 1826 4351 δὴ
1849 4280 1948 4350 χά-

349 4386 439 4442 ριν
479 4369 639 4435 εὐθὺς
659 4370 705 4403 "
757 4371 1068 4443 ἀρξάμενος
1118 4370 1214 4425 τοῦ
1263 4371 1506 4443 ψαλμοῦ,
1566 4372 1749 4442 φησί·
1806 4390 1825 4423 ι
1853 4372 1946 4443 Μὴ

349 4454 672 4533 παῖραζήλου
736 4461 795 4516 ἐν
855 4463 1319 4534 πονηρευομένοις
1342 4504 1357 4529 ,
1412 4463 1551 4535 μηδὲ
1594 4463 1759 4535 ζήλου
1790 4464 1940 4527 ’τοὺς

1961 3117 2009 3180 σ

2054 499 2151 571 qui
2179 509 2387 556 norunt
2419 511 2494 568 te,
2528 509 2581 557 et
2619 502 2894 573 justitiam
2924 512 3075 560 tuam
3111 507 3179 561 ad
3219 506 3345 571 illos
3368 507 3463 579 qui
3491 517 3646 564 recto

2054 602 2185 648 sunt
2210 592 2400 648 corde.
2442 613 2463 646 ι
2519 591 2749 666 Largire
2785 595 2968 666 itaque
3000 597 3267 652 continue
3296 611 3449 668 tuam
3484 612 3647 653 man-

2054 693 2268 740 suetam
2343 695 2400 741 et
2442 686 2651 756 justam
2704 688 3110 757 providentiam
3168 689 3254 743 his
3311 691 3408 762 qui
3456 688 3646 745 divina

2053 776 2369 847 cognitione
2398 779 2587 836 donati
2630 787 2799 842 sunt,
2851 787 2908 834 et
2957 779 3043 835 his
3096 796 3193 851 qui
3241 795 3395 836 recte
3444 780 3645 850 agendi

2052 867 2198 923 viam
2234 870 2543 941 elegerunt.
2597 873 2896 943 Utrumque
2931 876 3079 930 enim
3116 875 3185 929 de
3233 873 3431 930 iisdem
3461 873 3639 939 dixit,

2053 962 2363 1018 secundum
2386 963 2589 1034 linguae
2618 967 3008 1037 proprietatem
3034 967 3307 1024 divisione
3339 981 3496 1021 usus.
3521 963 3643 1020 Non

2052 1056 2203 1111 enim
2239 1056 2378 1112 alios
2414 1057 2549 1113 dicit
2578 1059 2817 1115 scientes
2863 1060 3044 1129 ipsum
3067 1102 3083 1126 ,
3139 1060 3279 1114 alios
3315 1057 3479 1128 833
3514 1072 3645 1111 vero

2052 1160 2237 1206 rectos
2288 1149 2502 1206 corde:
2540 1165 2723 1221 neque
2761 1166 2858 1221 pro
2906 1152 2992 1207 his
3042 1152 3265 1223 quidem
3321 1151 3645 1206 misericor-

2051 1245 2226 1308 diam,
2259 1259 2360 1314 pro
2389 1244 2498 1299 illis
2523 1258 2657 1299 vero
2679 1243 2954 1313 juStitiam
2984 1243 3138 1313 petiit
3165 1259 3180 1297 :
3215 1243 3309 1298 sed
3342 1241 3643 1312 perfectam

2051 1337 2315 1392 virtutem
2351 1336 2499 1391 veris
2532 1336 2885 1407 dogmatibus
2912 1345 2967 1391 et
2996 1335 3163 1390 rectis
3201 1334 3514 1389 actionibus
3545 1332 3645 1387 de-

2049 1428 2271 1495 ﬁniens,
2311 1430 2397 1484 his
2428 1429 2521 1499 qui
2557 1429 2702 1484 hanc
2733 1429 3057 1500 possident,
3117 1425 3554 1482 miscricordiam
3588 1432 3646 1481 ct

2045 1522 2319 1594 justitiam
2356 1522 2631 1592 promisit.
2966 1538 2969 1541 λ

2129 1615 2297 1671 Vens.
2334 1614 2426 1683 12,
2463 1615 2553 1670 t3.
2588 1632 2609 1666 ι
2645 1612 2764 1668 Νοη
2811 1613 2995 1669 veniat
3038 1612 3176 1670 mihi
3205 1626 3303 1682 pes
3330 1610 3603 1681 superbiae
3628 1649 3645 1676 ,

2050 1715 2106 1762 et
2124 1721 2324 1761 manus
2353 1706 2665 1777 peccatoris
2693 1719 2805 1759 non
2830 1713 3052 1761 moveat
3079 1719 3191 1758 me.
3216 1703 3291 1758 lbi
3326 1701 3648 1758 ceciderunt

2050 1815 2249 1857 omnes
2301 1799 2398 1869 qui
2436 1807 2742 1870 operantur
2795 1797 3145 1868 iniquitatem
3180 1815 3195 1851 :
3228 1795 3442 1868 expulsi
3490 1801 3644 1859 sunt,

2049 1908 2152 1950 nec
2182 1901 2447 1964 poterunt
2474 1901 2645 1948 stare.
2676 1910 2696 1943 ι
2735 1889 2914 1947 Verba
2946 1890 3052 1945 ista
3084 1906 3099 1943 :
3141 1908 3161 1942 ι
3197 1887 3274 1945 ibi
3302 1888 3644 1954 ceciderunt,

2048 1984 2143 2055 qui
2176 1991 2482 2054 operantur
2510 1982 2882 2053 iniquitatem,
2918 2000 2938 2034 ι
2967 1980 3340 2052 Symmachus
3364 1979 3446 2034 sic
3475 1978 3646 2033 inter.

2047 2088 2298 2153 pretatus
2346 2087 2477 2135 est:
2531 2076 2633 2133 Ubi
2688 2079 2888 2133 cadunt
2936 2087 3217 2148 operantes
3271 2076 3646 2146 iniquitatem,

2046 2173 2423 2242 impelluntur,
2477 2182 2529 2228 et
2578 2188 2684 2227 non
2731 2180 2985 2243 poterunt
3039 2181 3208 2225 stare.
3270 2168 3415 2225 Petit
3458 2177 3642 2223 autem

2046 2266 2343 2339 Propheta,
2375 2276 2436 2323 ut
2464 2267 2641 2338 possit
2669 2275 2882 2321 natura:
2915 2279 3234 2320 mensuram
3274 2277 3517 2329 servare,
3549 2276 3643 2318 nea

2046 2379 2155 2435 que
2182 2379 2210 2418 a
2240 2364 2329 2419 via
2376 2372 2527 2419 recta
2576 2377 2676 2434 per
2723 2362 3125 2418 sceleratorum
3181 2358 3418 2416 insidias
3459 2358 3644 2414 divera

2047 2464 2216 2521 tatur,
2252 2465 2310 2512 ut
2345 2456 2440 2527 qui
2490 2455 2755 2512 contrarii
2792 2454 3010 2509 itineris
3060 2453 3225 2508 linem
3262 2460 3643 2523 cognosceret.

2049 2545 2154 2609 Oui
2204 2545 2379 2608 enim,
2435 2545 2537 2610 ait,
2579 2544 2635 2598 in
2673 2543 2831 2598 illum
2884 2543 3156 2611 incidunt,
3217 2558 3327 2598 non
3386 2550 3646 2613 poterunt

2044 2638 2303 2707 deinceps
2341 2652 2648 2707 resurgere,
2689 2645 2742 2691 ct
2779 2635 2837 2689 in
2874 2635 3038 2689 aliam
3073 2635 3218 2691 viam
3254 2651 3498 2691 currere.
3536 2634 3638 2691 His

2044 2739 2229 2785 autem
2279 2742 2527 2784 consona
2576 2735 2725 2795 sunt,
2775 2742 2903 2798 quae
2934 2728 3080 2783 dicta
3123 2727 3347 2783 fuerunt
3395 2729 3451 2782 in
3486 2735 3651 2784 sexto

2044 2824 2305 2894 psa‘lmo:
2349 2840 2367 2873 ι
2408 2819 2679 2888 Quoniam
2735 2834 2848 2874 non
2894 2828 2982 2876 est
3021 2819 3078 2875 in
3128 2828 3329 2886 morte,
3386 2819 3482 2889 qui
3522 2833 3644 2876 me—

2043 2932 2167 2972 mor
2214 2915 2288 2971 sit
2341 2915 2458 2982 tui,
2500 2915 2557 2969 in
2597 2912 2818 2969 interno
2865 2923 3052 2969 autem
3105 2913 3231 2985 quis
3285 2912 3638 2969 conﬁtebitur

2046 3007 2141 3063 tibi
2165 3006 2233 3061 tt?
2266 3025 2288 3059 ι
2899 3006 2914 3016 ’

2397 3144 2418 3167 ⁴”
2460 3140 2738 3197 INTERP.
2776 3139 3034 3197 PSALMI
3073 3141 3320 3197 XXXVl.

2118 3258 2288 3316 Vens.
2321 3258 2375 3313 t.
2413 3274 2433 3310 ι
2474 3254 2732 3312 Psalmus
2784 3256 2998 3312 Davidi.
3047 3255 3173 3313 Noli
3221 3257 3467 3313 aemulari
3511 3273 3644 3329 erga

2047 3353 2346 3424 malignos,
2406 3365 2589 3420 neque
2645 3349 2766 3405 zelo
2809 3351 3139 3408 exardescas
3187 3365 3321 3423 erga
3372 3350 3648 3408 iacientes

2046 3447 2420 3518 iniquitatem.
2463 3462 2484 3496 ι
2543 3442 2899 3514 Experientia
2946 3443 3146 3500 doctus
3175 3444 3401 3500 divinus
3444 3443 3641 3511 David,

2047 3555 2214 3611 quam
2248 3537 2550 3593 multorum
2585 3537 2859 3591 bonorum
2897 3536 3244 3592 conciliatrix
3276 3538 3350 3593 sit
3383 3553 3643 3594 mansue-

2047 3631 2200 3697 tudo,
2234 3638 2289 3685 et
2319 3630 2466 3700 quod
2497 3641 2714 3694 eorum,
2754 3628 2848 3698 qui
2894 3627 3100 3699 injuste
3126 3630 3324 3685 vivunt
3351 3630 3644 3700 superbia-

2047 3737 2154 3794 que
2179 3731 2432 3785 utuntur,
2466 3719 2593 3774 linis
2613 3719 2687 3774 sit
2718 3720 2897 3775 tristis
2920 3730 2977 3774 et
3001 3719 3128 3775 vita:
3161 3736 3477 3791 congruens
3505 3723 3644 3793 (haec

2046 3824 2232 3871 autem
2280 3830 2349 3869 ex
2385 3813 2455 3869 iis
2488 3812 2794 3877 didicerat,
2846 3826 2970 3881 quae
3018 3813 3168 3869 circa
3206 3812 3376 3885 834
3420 3814 3640 3870 Saulem

2046 3920 2103 3967 et
2146 3909 2511 3965 Absalomum
2567 3907 2910 3970 acciderant,
2961 3916 3016 3963 et
3053 3924 3119 3963 ex
3168 3909 3294 3964 aliis
3326 3909 3647 3981 quicunque

2048 4001 2253 4060 similia
2298 4000 2604 4071 fecerunt),
2658 4000 3092 4057 admonitionem
3128 4000 3338 4072 profert
3385 4004 3645 4062 omnibus

2049 4093 2393 4160 horninibus,
2428 4092 2931 4149 commonefaciens
2964 4101 3025 4148 ut
3054 4109 3214 4166 aequo
3245 4094 3434 4152 animo
3466 4094 3645 4154 {erant

2048 4200 2140 4242 res
2171 4186 2462 4253 molestas,
2490 4201 2612 4258 quae
2637 4186 2896 4243 accidere
2926 4187 3109 4244 solent
3141 4207 3155 4244 :
3188 4186 3481 4246 felicitates
3513 4206 3649 4248 vero

2047 4279 2325 4335 malorum
2365 4280 2651 4336 hominum
2719 4294 2774 4336 et
2834 4281 3234 4352 prosperitates
3288 4299 3648 4354 nequaquam

2048 4371 2242 4427 beatas
2276 4373 2616 4437 existiment,
2653 4372 2766 4428 imo
2813 4372 3050 4427 miseras
3078 4374 3266 4443 potius
3301 4383 3637 4443 nuncupent.

2049 4462 2320 4530 Quocirca
2371 4464 2646 4533 psalmum
2687 4464 2983 4520 exordiens
3030 4465 3214 4520 statim
3273 4466 3350 4520 ait
3388 4488 3401 4522 ;
3453 4483 3474 4517 ι
3518 4463 3643 4519 Noli

317 4548 323 4553 ’
348 4550 643 4617 ποιοῦντας
663 4551 762 4626 τὴν
783 4553 1039 4624 ἀνομίαν.
1070 4573 1093 4607 ι
1121 4555 1196 4608 Τὸ
1222 4554 1281 4609 δὲ
1307 4554 1395 4626 μὴ
1421 4554 1769 4624 παραζήλου
1792 4557 1822 4608 ὁ
1847 4555 1945 4626 μὲν

2049 4555 2302 4611 aemulari
2330 4571 2463 4626 erga
2491 4557 2978 4628 malignosmeque
3005 4557 3125 4612 zelo
3158 4557 3487 4615 exardeseas
3512 4575 3644 4628 ergo

349 4644 672 4717 Σύμμαχος,
692 4645 777 4716 μὴ
806 4647 1138 4716 φιλονείκει
1161 4687 1177 4713 ,
1208 4650 1236 4701 ὁ
1259 4646 1316 4700 δὲ
1344 4645 1659 4712 Θεοδοτίων,
1686 4644 1773 4716 μὴ
1795 4661 1945 4713 παρ-

348 4736 609 4807 ερεθίζου
647 4739 1026 4812 ήρμήνευσενσ
1067 4740 1191 4794 ἀντὶ
1223 4738 1347 4805 τοῦ,
1387 4739 1481 4810 Μὴ
1512 4738 1820 4809 παροξύνου
1864 4739 1943 4800 είς

351 4828 587 4902 μίμησιν
635 4829 748 4884 τῶν
786 4831 1107 4903 παρανομίᾳ
1152 4829 1464 4896 συζώντων,
1505 4829 1604 4902 τὴν
1642 4842 1944 4901 προσγενο-

346 5037 599 5129 ,‘Psal.
630 5053 721 5106 Vl,
763 5038 821 5094 6.

2051 4647 2318 4706 facientes
2352 4651 2725 4720 iniquitatem.
2766 4669 2786 4702 ι
2826 4650 2942 4707 Hoc
2967 4659 3175 4718 autem,
3218 4652 3331 4706 noli
3370 4652 3647 4717 wnmlari,

2052 4738 2442 4811 Symmachus,
2470 4757 2535 4797 ne
2561 4740 2873 4808 contendas,
2912 4739 3223 4798 Theodotio
3249 4757 3401 4807 vero,
3428 4758 3491 4797 ne
3518 4744 3635 4798 irri-

2054 4832 2205 4896 terit,
2249 4831 2645 4903 interpretatus
2673 4839 2780 4899 est,
2821 4830 2928 4888 hoc
2974 4839 3060 4889 est
3085 4870 3100 4897 ,
3133 4829 3257 4887 Noli
3300 4830 3523 4887 incitari
3574 4832 3649 4886 ad

1384 5286 1387 5287 ν
1470 5241 1711 5299 VARUE
1742 5241 2133 5300 LECTIONES
2157 5241 2247 5298 ET
2276 5240 2517 5299 ΝΟΤΛΕ.

426 5356 475 5390 ³⁸
509 5355 653 5428 Τῆς.
709 5358 835 5414 cod.
867 5357 894 5412 1
924 5360 1061 5416 τοῖς.
1114 5357 1237 5414 cod.
1281 5357 1319 5412 ‘2
1358 5359 1470 5423 τοῖς
1526 5357 1647 5425 τῆς.
1729 5358 1775 5390 ³⁸
1821 5358 1985 5413 Κατὰ
2021 5359 2109 5412 τό.
2161 5360 2284 5414 cod.
2331 5359 2356 5412 1
2399 5361 2544 5413 κατ’.
2622 5358 2671 5391 ³⁸
2700 5357 3051 5428 Ἑξῄτησεν.
3082 5361 3204 5416 cor].
3254 5358 3291 5414 2
3355 5357 3640 5428 ἐζήτησεν.

352 5427 398 5460 ³⁸
422 5426 799 5501 Πράγμαοξιγ.
840 5429 966 5501 eod.
1007 5432 1059 5497 1,
1089 5429 1131 5501 2
1177 5429 1464 5501 πράξεσιν.
1516 5500 1519 5501 ν
1558 5429 1609 5501 ³⁷,
1635 5431 1760 5485 cod.
1795 5430 1831 5484 2
1862 5430 1946 5482 σα]

2048 5445 2310 5501 manune
2355 5441 2441 5485 est
2472 5428 2635 5485 lectio
2668 5426 3003 5501 cod.'Vatic.
3047 5429 3256 5485 Codex.
3290 5426 3645 5501 Alcxrhnbet

349 5499 641 5569 σαλεύσει.
705 5499 756 5532 ³⁸
782 5498 1034 5566 Πάντες.
1071 5498 1240 5555 Abest
1270 5516 1299 5553 a
1338 5498 1553 5569 comi,
1585 5499 1639 5564 2,
1671 5516 1770 5554 uec
1819 5502 1873 5553 in
1938 5510 1946 5554 ι

2048 5516 2087 5553 ηυ
2147 5500 2313 5554 Hebr.
2361 5501 2540 5555 locum
2597 5501 2784 5555 habet.
2864 5502 2909 5534 ³⁹
2943 5499 3069 5569 Τὴν
3102 5501 3377 5569 ἀνομίαν.
3408 5499 3580 5554 Abest
3616 5519 3647 5554 ει

348 5571 551 5642 roth].
702 5571 825 5626 cod.
877 5570 914 5642 2
941 5570 1242 5642 τραπῆναι.
1320 5567 1483 5642 δμίνΤῇ
1535 5571 1946 5642 παραπλησίᾳ.

2048 5586 2125 5642 με.
2170 5569 2312 5642 apud
2359 5571 2527 5642 (λοι-«ί.

348 5657 403 5710 p.
435 5639 564 5712 (iit).
642 5639 689 5671 "’
715 5642 843 5696 cod.
868 5641 904 5693 2
929 5639 1267 5712 μεμαθήκει.
1301 5711 1304 5712 ν
1340 5639 1388 5672 ⁸³
1423 5639 1660 5712 Καλῶς.
1697 5641 1918 5712 AbeSI_a

2048 5644 2073 5692 l.
2107 5641 2158 5706 1,
2193 5640 2250 5695 2.

2588 5587 2640 5641 p.
2678 5571 2809 5627 666.
2846 5572 2963 5626 Alia
3003 5571 3205 5624 Nostro
3248 5570 3439 5641 tribuit
3500 5570 3641 5623 idem

2327 5643 2376 5713 f‘
2405 5640 2532 5697 cod.
2558 5638 2945 5713 ιἐύπραγίας.
3022 5638 3478 5713 κδ’-Ἀποκαλεῖν,
3518 5642 3641 5713 e_ml_.

349 5706 376 5765 ἰ
402 5708 675 5783 νομίζειν,
713 5706 956 5783 ascripta
980 5706 1161 5767 tamen
1188 5711 1422 5767 lectione
1449 5706 1640 5767 altera.
1732 5711 1787 5744 ⁸⁸
1814 5706 1897 5767 Οὗ
1929 5742 1946 5751 -

2048 5712 2298 5781 ΐνομίαν.
2332 5711 2456 5769 Des.
2495 5712 2639 5782 apud
2685 5706 2851 5771 σοι-δ.
2906 5706 2979 5745 ⁷⁸⁷
3012 5709 3196 5780 Χάριν
3223 5710 3428 5775 εὐθὺς.
3457 5710 3577 5766 eod.
3608 5710 3650 5764 2

351 5781 579 5852 μᾶλλον.
