4108 6418
439 368 570 432 1131

1435 349 1927 417 THEODORETI
1964 345 2308 407 EPISCOPI
2361 345 2730 405 CYRENSIS

3584 343 3722 411 1132

436 482 622 553 pient.
657 488 711 531 ct
744 484 998 546 praetcrea
1045 468 1398 541 sempiternis
1444 466 1602 520 bonis
1647 461 2019 534 perfruentur.

2142 454 2372 520 ἱέξονται
2411 455 2512 524 τὴν
2567 453 2928 525 αὐτάρκειαν,
2981 447 3077 506 καὶ
3137 451 3276 525 πρὸς
3342 452 3553 518 τούτοις
3613 459 3726 510 τῶν

431 576 610 626 “Porro
640 567 841 622 famem
877 565 1076 637 opinor
1123 562 1212 618 hic
1246 559 1543 631 signiﬁcari
1571 572 1693 612 eam
1714 596 1729 620 ,
1764 571 1887 625 qua:
1920 569 2021 607 an-

440 665 610 734 tiquis
633 661 836 716 Judasis
867 659 1131 714 intentata
1164 655 1301 710 fuit:
1343 673 1360 706 ι
1393 651 1597 708 Ducam
1625 649 1826 705 famem
1859 661 2024 714 super

437 768 642 811 terram
668 793 683 819 ,
719 767 824 806 non
854 749 1054 806 famem
1086 748 1276 819 panis,
1315 760 1490 816 neque
1521 743 1670 800 sitim
1703 753 1892 812 aquae,
1928 738 2022 793 sed

439 853 636 906 famem
670 846 927 904 audiendi
958 846 1183 900 verbum
1219 843 1310 897 Dei
1342 848 1384 897 ι.
1416 859 1434 891 ι

483 1025 655 1081 'Veas.
693 1023 785 1080 20.
832 1043 860 1076 -ι
903 1022 1042 1089 Quia
1091 1031 1406 1088 peccatores
1448 1017 1705 1089 peribunt
1747 1035 1760 1072 :
1817 1014 2024 1070 inimici

424 1135 565 1174 --vcro
601 1118 862 1186 Domini,
893 1115 1057 1172 simul
1081 1129 1146 1170 ac
1173 1112 1519 1169 honoriﬁcati
1555 1109 1763 1165 fuerint
1791 1116 1848 1163 et
1875 1107 2026 1162 exal-

435 1211 566 1277 tati,
594 1211 918 1266 deﬁcientes
951 1205 1420 1278 quemadmodum
1467 1204 1654 1259 fumus
1681 1199 1964 1257 deﬁciunt.
1999 1215 2020 1248 ι

439 1302 668 1357 Mutatio
701 1299 1110 1370 coniunctionis
1143 1296 1509 1352 diﬁercutiam
1542 1305 1908 1364 personarum
1938 1289 2025 1342 in-

435 1395 624 1458 duxit,
653 1403 705 1447 et
740 1407 933 1447 ansam
967 1390 1137 1462 838
1175 1390 1382 1460 praebet
1417 1385 1847 1456 interpretandi,
1888 1382 2026 1437 alios

433 1504 559 1544 esse
586 1496 927 1558 peccatores,
955 1486 1093 1539 alios
1117 1483 1372 1537 inimicos
1394 1481 1638 1535 Domini.
1671 1477 1871 1549 Aquila
1895 1490 2027 1531 vero

435 1591 494 1635 et
520 1577 889 1650 Symmachus
920 1593 1018 1648 pro
1053 1593 1172 1631 vero
1201 1575 1644 1646 conjunctionem
1681 1581 1732 1627 et
1772 1575 1787 1593 ‘
1823 1585 2029 1641 ponen-

437 1680 542 1740 tes,
580 1669 804 1725 eosdem
837 1684 960 1724 esse
993 1678 1310 1738 peccatores
1337 1676 1391 1721 et
1427 1665 1521 1720 Dei
1553 1664 1804 1720 inimicos
1838 1672 1994 1718 osten
2015 1692 2028 1702 -

436 1763 655 1816 derunt.
707 1759 843 1814 Dicit
883 1769 1064 1812 autem
1096 1757 1346 1812 homines
1397 1757 1468 1810 ob
1523 1753 1746 1824 propria
1805 1762 2027 1824 peccata

2127 545 2369 599 αἰωνίων
2416 543 2822 597 ἀπολαύσουσιν
2870 543 3114 612 ἀγαθῶν.
3170 544 3342 614 Λιμύν
3391 544 3448 598 δὲ
3479 542 3724 618 ἠγοῦμαι

2129 638 2368 693 ἐνταῦθα
2405 637 2450 668 ⁸⁸
2501 636 2954 708 παραδηλοῦσθαι
3030 637 3122 691 τὸν
3196 637 3367 691 πάλαι
3445 639 3728 706 Ἰουδαίοις

2129 730 2500 802 ἀπειληθέντα
2525 747 2541 764 ο
2577 748 2595 782 ι
2619 729 2839 796 Ἐπάξω
2865 730 3024 802 λιμὸν
3059 729 3152 784 ἐπὶ
3183 732 3284 803 τὴν
3307 732 3412 800 γῆν
3431 747 3446 763 °
3481 733 3540 786 οὐ
3566 732 3728 805 λιμὸν

2131 829 2316 898 ἄρτου,
2360 827 2480 880 οὐδὲ
2517 826 2679 897 δίψαν
2718 827 2932 895 ὓδατος,
2977 827 3114 883 ἀλλὰ
3157 828 3318 899 λιμὸν
3355 827 3453 883 τοῦ
3493 830 3730 885 ἀκοῦσαι

2131 913 2307 990 λόγον’
2329 922 2560 991 Κυρίου.
2597 939 2616 972 ι

2204 1013 2272 1068 κ’.
2311 1031 2329 1064 ι
2365 1013 2488 1067 ’Ότι
2513 1014 2560 1066 oi
2593 1011 2913 1084 ἁμαρτωλοὶ
2935 1013 3304 1070 ἀπολοῦνταιο
3340 1017 3390 1070 oi
3431 1016 3489 1070 δὲ
3539 1015 3730 1088 ἐχθροὶ

2131 1105 2228 1160 τοῦ
2263 1105 2496 1177 Κυρίου,
2541 1106 2661 1175 ἆμα
2684 1106 2730 1136 ⁸⁸
2784 1105 2862 1177 τῷ
2898 1105 2940 1136 ⁸⁷
2987 1105 3317 1176 δοξασθῆναι
3372 1107 3572 1171 αὐτοὺς
3637 1109 3731 1162 καὶ

2134 1197 2462 1268 ὑψωθῆναι,
2511 1198 2864 1262 ἐκλείποντες
2925 1198 3061 1253 ὡσεὶ
3127 1202 3338 1262 καπνὸς
3397 1199 3662 1265 ἐξέλιπον.
3706 1220 3726 1254 ι

2143 1292 2209 1345 Ἦ
2262 1291 2357 1345 τοῦ
2412 1293 2714 1362 συνδέσμου
2775 1292 3046 1364 ὲναλλαγὴ
3102 1293 3368 1366 διαφορὰν
3419 1295 3731 1367 προσώπων

2133 1385 2447 1456 εἰργάσατο·
2472 1385 2564 1438 καὶ
2588 1385 2782 1448 ἄλλους
2809 1386 2907 1456 μὲν
2931 1385 3222 1440 ὑποϐάλλει
3242 1390 3383 1440 νοεῖν
3402 1389 3529 1452 τούς
3549 1389 3732 1460 ἀμαρ-

2131 1477 2359 1541 τωλοὺς,
2389 1477 2584 1541 ἄλλους
2610 1477 2666 1530 δὲ
2701 1478 2929 1548 ἐχθροὺς
2950 1479 2997 1510 ⁸⁸
3027 1478 3125 1531 τοῦ
3159 1480 3388 1550 Κυρίου.
3434 1481 3668 1545 Ἀκύλας
3685 1483 3729 1514 ⁸⁸

2133 1569 2191 1623 δὲ
2238 1569 2329 1622 καὶ
2364 1569 2393 1622 ὁ
2423 1569 2722 1641 Σύμμαχος
2768 1571 2890 1624 ἀντὶ
2933 1571 3028 1623 τοῦ
3059 1570 3128 1624 δὲ
3163 1571 3255 1624 τὸν
3296 1571 3394 1626 καί
3429 1571 3732 1643 σύνδεσμον

2135 1662 2488 1728 τεθεικότες,
2539 1665 2670 1726 τούς
2717 1662 2919 1727 αὐτοὺς
2969 1662 3181 1728 ἔδειξαν
3235 1665 3597 1736 ἁμαρτωλοὺς
3637 1666 3732 1720 καὶ

2136 1755 2230 1809 τοῦ
2285 1755 2493 1828 Κυρίου
2543 1755 2798 1828 ἐχθρούς.
2832 1756 2998 1826 Λέγει
3028 1756 3086 1811 δὲ
3116 1758 3200 1812 ὅτι
3234 1759 3283 1811 οί
3336 1758 3609 1829 θεομισεῖς
3642 1758 3732 1812 διὰ

439 1852 718 1918 inimicos,
769 1865 896 1906 cum
944 1865 1138 1920 parum
1188 1848 1468 1918 temporis”
1500 1845 1842 1908 floruissent,
1876 1854 2039 1914 atque

2142 1848 2241 1912 τὰς
2267 1849 2477 1913 οἰκείας
2514 1849 2866 1920 παρανομίας
2893 1848 3197 1920 ἄνθρωποι,
3241 1850 3425 1919 ὀλίγον
3456 1851 3732 1922 ἀνθήσαν-

440 1945 686 2000 illustres
712 1952 765 1998 et
791 1942 926 1999 clari
959 1941 1062 1997 visi
1105 1950 1326 2005 essent,
1360 1948 1420 1994 ut
1468 1939 1680 1994 fumum
1740 1937 2043 1993 dissolutos

439 2035 630 2090 fuisse.

511 2124 677 2178 Vens.
718 2122 809 2176 2|.
857 2107 879 2174 ξ
915 2119 1205 2176 Mutuatur
1242 2128 1538 2190 peccator,
1583 2125 1638 2172 ct
1673 2131 1782 2171 non
1824 2115 2034 2170 solvet:

431 2216 621 2287 justus
682 2225 866 2270 autem
923 2215 1252 2279 miseretur,
1303 2223 1358 2268 et
1405 2211 1616 2267 tribuit.
1664 2229 1682 2262 ι
1740 2207 1890 2264 Talis
1940 2207 2042 2262 fuit

443 2309 596 2373 Saul,
618 2308 714 2380 qui
742 2323 961 2378 semper
987 2307 1268 2363 beneﬁciis
1291 2305 1521 2360 affectus
1549 2319 1579 2358 a
1601 2303 1786 2358 divino
1813 2301 2036 2363 Davide,

443 2406 586 2454 bona
629 2399 972 2454 benefactori
1017 2397 1320 2468 rependere
1355 2395 1554 2450 noluit.
1601 2393 1672 2448 At
1707 2395 1896 2448 beatus
1928 2391 2036 2445 Da-

443 2491 564 2555 vid,
619 2489 904 2560 proprium
941 2489 1237 2543 Dominum
1280 2488 1554 2552 imitans,
1587 2486 1680 2557 qui
1737 2483 1870 2540 oriri
1908 2483 2041 2538 facit

441 2579 614 2635 solem
651 2595 813 2634 suum
845 2595 1010 2648 super
1039 2579 1216 2633 bonos
1257 2587 1316 2632 et
1361 2577 1534 2632 malos
1559 2585 1622 2643 υ,
1663 2576 1730 2630 de
1773 2576 1866 2630 illo
1904 2576 2041 2630 bene

444 2668 641 2723 mereri
678 2683 790 2722 non
823 2667 1094 2724 cessabat.
1125 2666 1284 2722 Tales
1319 2666 1543 2721 fuerunt
1567 2664 1765 2729 Judaei,
1798 2666 1890 2734 qui
1919 2678 2040 2719 om-

442 2759 534 2813 nia
556 2758 876 2838 Isludiorum
904 2774 1100 2830 genera
1129 2775 1158 2813 a
1184 2760 1356 2815 sacris
1381 2758 1650 2828 apostolis
1679 2757 2037 2826 accipientes,

445 2850 929 2921 sanguinolentum
975 2850 1222 2918 animum
1266 2859 1459 2906 contra
1501 2865 1599 2905 eos
1655 2847 2037 2904 ostendebant.

444 2942 702 2998 Attamen
727 2943 899 2996 divini
927 2942 1163 3014 apostoli
1187 2942 1374 2997 divina
1407 2942 1552 2997 dona
1582 2941 1718 3011 ipsis
1743 2939 2041 2996 liberaliter

445 3036 875 3094 distribuebaut.

520 3238 684 3296 Vens.
714 3239 807 3294 22.
857 3259 874 3292 ι
907 3238 1180 3306 Quoniam
1230 3238 1618 3294 benedicentes
1662 3236 1711 3290 ei
1749 3235 2041 3291 haeredita-

451 3335 588 3387 bunt
620 3341 822 3387 terram
847 3373 861 3399 ,
892 3331 1284 3386 maledicentes
1325 3339 1506 3384 autem
1545 3331 1594 3384 ei
1623 3330 1990 3399 disperibunt.
2017 3347 2034 3379 ι

452 3425 567 3480 Hoc
596 3425 924 3494 patriarchae
961 3425 1274 3478 Abraliamo
1318 3421 1464 3478 Deus
1495 3424 1875 3477 universorum
1913 3438 2041 3491 pro-

453 3515 602 3569 misit
632 3533 646 3570 ι
688 3535 706 3566 ι
737 3513 1060 3570 Benedicam
1097 3514 1550 3570 benedicentibus
1578 3513 1672 3568 tibi
1699 3554 1713 3579 ,
1745 3526 1797 3568 et
1827 3515 2044 3568 maledi-

445 3608 703 3662 eentibus
730 3607 826 3661 tibi
859 3608 1185 3662 maledicam
1213 3616 1263 3662 ν.
1301 3626 1320 3659 ι

530 3697 695 3750 Vens.
728 3696 800 3751 25
820 3735 835 3762 ,
861 3696 952 3751 24.
1005 3716 1022 3748 ι
1051 3697 1097 3751 Α
1128 3696 1358 3752 Domino
1383 3711 1608 3766 gressus
1641 3697 1881 3752 hominis
1907 3697 2039 3750 diri-

453 3799 697 3859 guntur,
739 3798 794 3844 et
821 3789 908 3844 via
936 3789 1058 3858 ejus
1089 3789 1248 3844 valde
1287 3788 1666 3844 delectabitur.
1718 3789 1855 3843 Cum
1901 3792 2045 3843 ceci-

436 3883 597 3936 «Ierit
619 3922 634 3947 ,
663 3897 771 3935 non
805 3881 1114 3947 collidatur,
1147 3881 1279 3952 quia
1307 3882 1571 3935 Dominus
1604 3880 1893 3935 conﬁrmat
1925 3897 2042 3933 ma-

435 3994 586 4032 --num
620 3978 762 4048 ejus.
798 3998 816 4030 ι
860 3977 973 4033 llac
997 3977 1143 4033 enim
1172 3978 1240 4032 de
1269 3991 1435 4032 causa
1469 3977 1652 4030 laudat
1676 3976 1894 4046 quidem
1935 3975 2047 4028 lau-

429 4067 672 4123 --dantem
707 4069 952 4138 justum,
996 4068 1413 4124 maledicentem
1459 4066 1628 4136 839
1675 4081 1802 4121 vero
1846 4067 2043 4136 aequali

455 4161 609 4214 lance
631 4170 1033 4224 remuneratur,
1061 4160 1323 4230 quoniam
1361 4159 1476 4230 ipse
1505 4159 1784 4230 justorum
1820 4161 1936 4216 vias
1961 4160 2046 4213 di-

456 4251 602 4322 rigit.
641 4251 786 4306 Fieri
817 4253 962 4306 enim
1005 4255 1110 4307 non
1154 4261 1332 4323 potest
1381 4261 1440 4307 ut
1485 4253 1608 4321 quis
1635 4253 1841 4320 absque
1872 4252 2047 4322 ipsius

453 4330 628 4406 gratia
662 4344 781 4396 sine
810 4342 970 4412 culpa
999 4342 1054 4396 in
1082 4342 1304 4396 virtutis
1336 4341 1423 4395 via
1460 4341 1695 4394 incedat.
1737 4338 1904 4393 Favet
1946 4338 2049 4408 igi-

457 4441 546 4486 tur
572 4433 676 4495 bis.
709 4432 803 4502 qui
842 4433 943 4487 tale
969 4432 1309 4502 propositum
1342 4431 1590 4495 habent;
1625 4434 1682 4482 et
1714 4442 1938 4482 necesse
1961 4437 2047 4482 est

2143 1957 2237 2003 τες
2259 1940 2472 2014 χρόνον,
2520 1941 2616 1994 καὶ
2645 1937 2898 2006 δόξαντες
2926 1935 3066 1994 εἶναι
3100 1943 3424 2012 περιφανεῖς
3453 1941 3550 1994 καὶ
3577 1939 3734 2012 περί-

2145 2031 2386 2100 ϐλεπτοι,
2418 2032 2578 2104 δίκην
2612 2031 2827 2086 καπνοῦ
2856 2031 3207 2106 διελύθησαν.
3701 2088 3710 2096 ,

2216 2132 2322 2179 καν.
2365 2143 2384 2175 ι
2419 2126 2740 2190 Δανείζεται
2765 2129 2793 2181 ὁ
2820 2127 3168 2199 ἁμαρτωλὸς,
3197 2127 3294 2179 καὶ
3324 2125 3426 2197 οὐκ
3449 2125 3730 2179 ἀποτίσει·

2144 2220 2172 2273 ὁ
2198 2218 2252 2272 δὲ
2283 2219 2490 2284 δίκαιος
2511 2223 2796 2293 οίκτείρει,
2832 2222 2928 2276 καὶ
2947 2220 3165 2274 δίδωσιν
3191 2221 3260 2274 9°.
3292 2238 3310 2271 ι
3339 2217 3596 2279 Τοιοῦτος
3615 2213 3684 2290 ἧν
3705 2219 3736 2272 6

2143 2308 2338 2374 Σαοὺλ,
2369 2311 2457 2364 ἀεὶ
2490 2311 2588 2382 μὲν
2619 2312 3079 2384 εὐεργετούμενος
3111 2309 3218 2364 ὑπὸ
3253 2310 3348 2364 τοῦ
3378 2309 3664 2365 θειοτάτου
3685 2311 3730 2343 ⁹¹

2142 2403 2330 2468 Δαὸὶδ,
2382 2404 2722 2475 ἀμείψασθαι
2773 2405 2830 2458 δὲ
2875 2404 3102 2474 ἀγαθοῖς
3148 2404 3241 2457 τὸν
3293 2403 3592 2474 εὐεργέτην
3633 2403 3734 2457 οὐκ

2143 2498 2496 2569 ἀνεχόμενος.
2557 2498 2614 2552 '0
2645 2499 2699 2552 δὲ
2755 2500 3029 2570 μακάριος
3059 2500 3105 2532 ⁹¹
3152 2498 3336 2563 Δασὶδ,
3385 2499 3479 2554 τὸν
3532 2498 3735 2552 οίκεῖον

2142 2591 2424 2662 Δεσπότην
2469 2589 2828 2662 μιμούμενος,
2863 2592 3229 2646 ἀνατέλλοντα
3255 2591 3350 2644 τὸν
3383 2591 3536 2662 ἥλιον
3565 2589 3734 2644 αὐτοῦ

2143 2683 2237 2736 ἐπὶ
2283 2684 2558 2754 πονηροὺς
2618 2683 2713 2736 καὶ
2775 2684 3042 2752 ἀγαθοὺς,
3108 2683 3416 2753 εὐεργετῶν
3483 2683 3752 2750 διετέλειη

2143 2776 2392 2830 Τοιοῦτοι
2435 2773 2576 2848 ἦσαν
2604 2778 2655 2830 οί
2721 2778 2989 2842 Ἰουδαῖοι,
3031 2777 3131 2841 τὰς
3169 2776 3521 2840 παντοδαπὰς
3569 2775 3736 2848 θερα-

2142 2869 2303 2932 πείας
2353 2871 2507 2941 παρά
2563 2870 2674 2924 τῶν
2722 2870 2888 2941 ίερῶν
2949 2871 3266 2925 ἀποστόλων
3301 2870 3603 2941 δεχόμενοι,
3641 2869 3736 2923 καὶ

2141 2960 2241 3032 τὴν
2277 2961 2564 3031 μιαιφόνον
2609 2961 3048 3032 ἐπιδεικνύμενοι
3103 2961 3331 3033 γνώμην
3367 2976 3381 2990 ·
3433 2960 3552 3015 ἀλλ’
3584 2961 3735 3031 ὅμως

2141 3053 2192 3105 οί
2221 3052 2356 3106 θεῖοι
2374 3053 2664 3107 ἀπόστολοι
2687 3055 2785 3120 τὰς
2815 3055 2968 3121 θείας
2996 3057 3180 3122 αὐτοῖς
3202 3057 3412 3128 δωρεὰς
3439 3055 3735 3128 φιλοτίμως

2143 3143 2410 3216 διένεμον.

2216 3237 2320 3308 κβ’.
2357 3259 2375 3292 ι
2413 3241 2538 3294 "Ott
2586 3240 2636 3294 οί
2665 3241 3021 3311 εὐλογοῦντες
3054 3242 3219 3296 αὐτὸν
3254 3242 3735 3315 κληρονομήσουσι

2143 3333 2268 3403 γῆν,
2305 3333 2354 3386 al
2389 3333 2444 3387 δὲ
2484 3335 2871 3406 καταρώμενοι
2907 3336 3072 3389 αὐτὸν
3096 3335 3675 3407 ὲξολοθρευθήσονται.
3709 3355 3730 3389 ι

2143 3426 2316 3479 Τοῦτο
2369 3425 2450 3496 τῷ
2503 3427 2823 3500 πατριάρχῃ
2885 3428 3141 3501 Ἀϐραὰμ
3182 3431 3210 3483 ὁ
3260 3429 3371 3483 τῶν
3419 3430 3559 3484 ὅλων
3601 3429 3738 3493 Θεὸς

2143 3515 2532 3587 ἐπηγγείλατο,
2573 3535 2592 3570 ι
2632 3517 2928 3589 Εὐλογήσω
2951 3519 3077 3584 τοὺς
3109 3519 3475 3589 εὐλογοῦντάς
3514 3537 3596 3587 σε,
3642 3519 3738 3574 καὶ

2144 3611 2272 3673 τοὺς
2299 3611 2733 3681 καταρωμένους
2768 3627 2828 3664 σε
2863 3613 3268 3685 καταράσομαι.
3301 3631 3320 3664 ›

2216 3709 2323 3770 κγ’,
2360 3699 2461 3756 κδ’.
2507 3722 2526 3753 ι
2570 3702 2730 3775 Παρά
2758 3703 3058 3774 Κυρίουτά
3084 3701 3404 3776 διαῦήματα
3444 3702 3738 3773 ἀνθρώπου

2147 3790 2564 3857 κατευθύνεται,
2600 3793 2696 3845 καί
2723 3792 2821 3864 τὴν
2847 3793 2965 3846 ὁδὸν
2992 3792 3162 3847 αὐτοῦ
3185 3792 3407 3865 θελήσει
3443 3792 3651 3864 σφόδρα
3669 3793 3736 3848 ’⁸.

2149 3880 2266 3934 ”Οτ’
2319 3880 2386 3934 ἂν
2419 3882 2464 3914 ⁸⁸
2521 3881 2665 3953 πέσῃ
2721 3882 2782 3934 οὐ
2835 3881 3380 3955 καταῤῥαχθὴσεται,
3427 3882 3508 3934 ὅτι
3536 3881 3741 3954 Κύριος

2151 3973 2526 4044 ἀντιστηρίζει
2602 3976 2761 4044 χεῖρα
2834 3972 2984 4044 αὐτῴ
3033 3970 3099 4027 ’⁸.
3173 3988 3194 4026 ι
3232 3973 3435 4026 Τούτου
3497 3972 3608 4043 γάρ
3660 3989 3742 4025 τοι

2147 4066 2308 4136 χάριν
2353 4065 2568 4134 εὐλογεῖ
2615 4065 2713 4134 μὲν
2771 4065 2862 4120 τὸν
2906 4062 3236 4134 εὐλογοῦντα
3256 4065 3302 4097 ³⁸
3351 4065 3444 4118 τὸν
3499 4065 3740 4125 δίκαιον.

2148 4157 2240 4210 τὸν
2283 4157 2341 4211 δὲ
2383 4156 2782 4228 καταρώμενον
2827 4159 2938 4220 τοῖς
2978 4156 3115 4220 ῐσοις
3163 4157 3496 4228 ἀμείϐεται³
3554 4155 3742 4225 ἐπειδὴ

2150 4249 2316 4313 αὐτὸς
2352 4249 2679 4302 κατευθύνει
2702 4248 2802 4312 τὰς
2831 4249 2941 4302 τῶν
2967 4249 3197 4303 δικαίων
3227 4248 3401 4313 ὁδούς.
3451 4249 3744 4303 Ἀδύνατον

2149 4341 2259 4413 γὰρ
2283 4341 2406 4410 δίχα
2437 4345 2538 4412 τῆς
2563 4341 2731 4395 αὐτοῦ
2768 4343 2999 4414 χάριτος
3036 4343 3349 4415 ἀμέμπτως
3370 4341 3589 4395 δδεῦσαί
3621 4358 3742 4395 τινα

2150 4433 2252 4504 τὴν
2281 4433 2381 4496 τῆς
2412 4433 2618 4504 ἀρετῆς
2659 4434 2800 4489 ὀδόν.
2852 4435 3123 4506 Συνεργεῖ
3150 4435 3334 4506 μέντοι
3349 4434 3395 4467 ’⁷
3444 4435 3560 4497 τοῖς
3616 4432 3743 4486 τοῦ-

457 4524 523 4578 ad
555 4524 777 4578 virtutis
819 4525 1242 4594 acquisitiouem
1272 4565 1287 4588 ,
1320 4519 1625 4576 humanam
1660 4518 2039 4589 promptitudi-

2152 4542 2246 4578 τον
2269 4523 2317 4556 ⁹⁸
2359 4524 2542 4595 ἔχουσι
2592 4526 2686 4579 τὸν
2727 4527 2970 4581 σκοπόν⁹
3009 4527 3104 4581 καὶ
3156 4528 3319 4598 χρεία
3366 4526 3511 4580 κατὰ
3548 4527 3746 4581 ταύτὸν

457 4630 580 4667 nem
611 4624 666 4668 et
691 4615 930 4670 divinam
957 4631 1114 4686 opem
1147 4630 1254 4671 una
1278 4627 1631 4668 concurrere.
1658 4609 1751 4665 Sic
1773 4611 1920 4664 enim
1945 4610 2046 4666 etsi

457 4702 750 4772 aliquando
788 4707 1106 4775 prolabatur
1151 4705 1246 4774 qui
1300 4703 1406 4756 lnoc
1451 4701 1556 4756 iter
1591 4699 1722 4755 facit
1751 4740 1766 4764 ,
1798 4700 2042 4756 divinam

449 4803 638 4849 tamen
669 4812 826 4866 opem
866 4797 1244 4868 consequitur.
1291 4793 1494 4848 Eodem
1525 4792 1688 4846 modo
1720 4791 1913 4848 beatus
1938 4792 2043 4846 Da-

457 4887 584 4954 vid,
620 4904 740 4942 cum
793 4890 1147 4952 olfemlisset,
1215 4895 1269 4942 et
1315 4901 1384 4941 ne
1418 4886 1475 4940 in
1528 4895 1727 4940 terram
1787 4886 2046 4956 procide-

464 4987 546 5032 ret
594 4981 994 5048 periclitaretur
1023 5019 1038 5046 ,
1095 4993 1193 5049 per
1245 4976 1488 5033 divinam
1538 4978 1770 5048 gratiam
1827 4988 2044 5036 erectus

436 5082 562 5126 -(‘Sl.

537 5190 556 5224 ί
589 5189 758 5244 Amos
794 5203 888 5243 νιιι
913 5229 928 5254 ,
963 5186 1054 5240 .ll.
1127 5192 1155 5220 ιι
1192 5183 1383 5239 Matth.
1416 5199 1483 5246 ν,
1524 5183 1614 5240 45.
1694 5185 1883 5242 'Gen.
1928 5201 2032 5251 xu,
2073 5189 2126 5243 5.

2157 4611 2490 4684 συνδραμεῖν
2534 4615 2616 4679 είς
2661 4615 2762 4686 τὴν
2811 4617 3010 4687 κτῆσιν
3049 4615 3153 4686 τῆς
3187 4616 3387 4687 ἀρετῆς
3431 4615 3746 4686 προθυμίαν

2153 4704 2524 4778 ἀνθρωπίνην,
2576 4710 2673 4762 καὶ
2713 4709 2865 4763 θείαν
2901 4707 3270 4781 προμήθειαν.
3305 4707 3462 4761 Οὕτω
3506 4707 3615 4778 γὰρ
3643 4706 3747 4760 κᾶν

2148 4799 2415 4874 ὀλισθήσῃ
2451 4801 2586 4855 ποτὲ
2619 4804 2647 4855 ὁ
2667 4802 2828 4874 τήνδε
2857 4802 2958 4872 τὴν
2999 4801 3228 4872 πορείαν
3263 4798 3611 4871 ποιούμενος,
3643 4797 3746 4867 τῆς

2151 4893 2306 4956 θείας
2362 4894 2708 4966 ἀντιλήψεως
2757 4892 3033 4958 τεύξεται.
3085 4891 3272 4957 Οὕτως
3323 4893 3352 4946 ὁ
3403 4891 3676 4963 μακάριος
3700 4885 3746 4916 ⁹⁹

2149 4987 2535 5057 προσπταίσας
2576 4987 2765 5054 Δαϐὶδ,
2807 4988 2900 5041 καὶ
2944 4985 3344 5056 κατενεχθῆναι
3393 4983 3746 5045 κινδυνεύσας

2145 5078 2227 5140 εἰς
2258 5078 2382 5150 γῆν,
2409 5079 2515 5134 ὐπὸ
2543 5080 2641 5150 τῆς
2670 5079 2824 5143 θείας
2845 5081 3072 5150 χάριτος
3098 5076 3402 5149 ἀνωρθώθη
3423 5078 3464 5134 ¹.

1607 5302 1838 5359 vitata:
1869 5283 2370 5362 LECTIONES'ET
2399 5301 2634 5360 Ivem.

516 5397 574 5429 "'
626 5400 747 5454 cod.
779 5399 842 5465 1,
897 5399 933 5451 2
977 5392 1214 5449 ἐνταῦθα
1237 5392 1531 5476 ,ἡγοῦμαμ
1577 5394 1682 5449 Pro
1722 5398 1961 5468 ἠγοῦμαι
2011 5414 2039 5453 c

517 5471 629 5500 “ab.
662 5483 984 5500 ..κροκι-...ιω
1105 5465 1150 5496 87
1188 5467 1272 5500 Tm
1335 5465 1434 5500 nnrl
1485 5467 1521 5500 0
1551 5465 1646 5500 mnu-1
1779 5469 1826 5500 88
1861 5469 2032 5500 ‘L‘unn

2142 5397 2407 5500 sese:
2453 5391 2687 5500 sies...

1861 5469 2166 5536 Ἐχθρούς.
2205 5470 2328 5524 cod.
2375 5469 2426 5534 1,
2455 5467 2491 5520 2
2521 5481 2710 5537 praem.
2748 5467 2897 5530 τούς.
2997 5467 3044 5497 ⁶¹
3075 5467 3340 5529 Ἀκύλας
3369 5492 3438 5504 —
3467 5467 3744 5532 ἐχθρούς.

1832 5539 1878 5570 ⁹⁰
1907 5539 2183 5594 Δίδωσιν.
2219 5537 2296 5593 Ita
2336 5539 2441 5609 leg.
2478 5538 2533 5591 in
2581 5537 2704 5592 cod.
2756 5535 2911 5609 Ales.
2947 5535 3199 5609 sedchd.
3243 5533 3367 5609 V‘at.
3397 5529 3746 5609 liabet§t60L

1267 5603 1434 5686 ίριος.
1465 5607 1587 5686 cod.
1618 5605 1837 5686 Ξθεῖος.
1896 5679 1907 5686 _
1949 5610 1997 5641 "
2033 5655 2039 5663 .

2142 5609 2296 5686 ὕδρα.
2332 5603 2568 5686 Additur
2597 5607 2808 5686 inced.
2846 5607 3002 5686 Alex.
3033 5605 3088 5686 ff
3118 5603 3252 5686 Reg.
3285 5605 3560 5686 lectiofst
3588 5603 3740 5686 ὄτανλ

1055 5689 1179 5744 qua:
1208 5677 1491 5744 etiamiest
1529 5691 1643 5732 rec.
1691 5677 1853 5744 lectio
1896 5679 1950 5733 in
1995 5677 2398 5735 πίεραι-αισα.

469 5749 588 5820 μέν.
675 5748 723 5780 ⁸⁸
749 5747 1010 5820 -Τοῦτον,
1035 5743 1214 5820 abest
1236 5759 1267 5820 _a
1301 5743 1518 5820 σοφῇ.
1546 5816 1557 5820 _
1583 5747 1632 5820 _’°
1660 5743 1986 5820 Μακάριος.
2023 5767 2039 5805 ι

2142 5791 2146 5806 .
2175 5750 2214 5804 2
2245 5752 2410 5809 θεῖος.

494 5466 629 5536 toria
662 5461 1006 5537 pascuorum.
1105 5465 1150 5496 ³⁷
1188 5461 1292 5528 Τῷ.
1335 5461 1460 5518 cod.
1485 5467 1522 5518 '2
1551 5465 1668 5521 τοῦ.

460 5482 574 5589 fleo.
597 5539 845 5589 scholion
874 5543 1055 5589 exstat
1077 5534 1130 5588 in
1153 5535 1284 5588 edit.
1321 5531 1479 5589 Rom.
1509 5533 1618 5588 τῶν
1645 5535 1668 5588 (

488 5532 574 5594 [ec
597 5531 845 5594 sciiolion
874 5543 1055 5592 exstat
1077 5534 1130 5588 in
1153 5535 1284 5588 edit.
1321 5531 1479 5589 Rom.
1509 5533 1618 5588 τῶν
1645 5534 1722 5592 0’.

461 5607 504 5638 ⁸·
537 5610 658 5664 cod.
692 5611 727 5661 2
761 5608 930 5661 θείου.
994 5619 998 5622 '
1028 5605 1073 5636 "
1109 5601 1434 5670 Μακάριος.
1465 5607 1587 5660 cod.
1618 5605 1837 5672 ἓθεῖος.

463 5678 511 5710 ⁸³
537 5681 656 5732 cod.
691 5679 742 5741 1,
770 5674 1024 5742 Ζαύτοῦ,

469 5815 714 5888 χάριτος.
738 5816 904 5874 Cord.
929 5833 992 5886 ,p.
1026 5815 1150 5870 669.
1185 5815 1405 5886 χάριτος
1433 5816 1663 5893 ἠξιώθη.

2733 5392 2781 5425 ⁸⁸
2815 5393 2964 5463 Ἅμα
3004 5423 3077 5433 —
3111 5390 3454 5463 ὑψωθῆναι.
3482 5388 3648 5463 Hebr.
3673 5395 3745 5463 au

2997 5465 3044 5497 θ’
3075 5460 3340 5529 Ἀκύλας
3369 5492 3438 5532 σέ
3467 5460 3744 5532 ἐχθρούς.

2498 5679 2546 5711 ’⁸
2581 5680 2704 5734 rod.
2759 5679 2792 5730 2
2821 5679 2950 5740 τοὺς
2993 5675 3377 5744 εὐλογοῦντας.
3456 5673 3500 5704 ’⁷
3541 5671 3691 5744 cod.
3716 5670 3754 5723 2

2491 5750 2505 5781 ¹
2533 5749 2778 5820 χάριτος
2809 5740 3154 5817 ἀνωρθώθη.
3183 5747 3306 5802 cod.
3335 5747 3370 5800 2
3395 5740 3738 5812 ἐπανεκλὴοη
