4108 6410
425 335 561 402 1133

1733 327 1815 388 ΙΝ
1855 328 2059 389 PSAL.
2097 329 2362 394 XXXVI.

3571 347 3706 414 1134

493 455 595 515 κερ,
629 454 741 515 κςν.
779 465 797 498 ι
829 445 1111 518 Nato-rapo;
1142 443 1433 513 ἐγενόμην,
1479 442 1572 495 καὶ
1595 441 1704 513 γὰρ
1735 445 2003 514 ἐγήρασαν

2185 447 2348 506 Vens.
2393 450 2500 516 25,
2549 451 2641 508 26.
2690 473 2708 506 ι
2742 453 2937 510 Jnnior
2973 455 3092 520 fui,
3142 457 3273 526 quin
3309 459 3475 516 etiam
3513 478 3711 521 conse-

425 542 517 600 καὶ
544 542 646 595 ούκ
681 537 825 594 εἶδον
863 538 1077 592 δίκαιον
1125 534 1727 606 ἐγκαταλελειμμένον,
1791 536 1911 588 οὐδὲ
1953 537 2014 588 τὸ

428 635 654 707 σπέρμα
721 632 886 686 αὑτοῦ
933 629 1132 701 ζητοῦν
1181 629 1401 701 ἄρτους.
1437 626 1608 698 ’Ὀλην
1654 629 1757 696 τὴν
1798 627 2014 698 ἡμέραν

421 730 565 783 ἐλεεῖ
598 726 695 781 καὶ
729 724 967 789 δανείζει
992 725 1020 778 ὁ
1041 723 1250 786 δίκαιος
1277 723 1321 789 ¹,
1360 720 1543 775 καὶτὸ
1581 719 1808 791 σπέρμα
1846 719 2012 773 αὑτοῦ

421 823 503 880 εἰς
527 819 785 889 εὐλογίαν
836 816 1015 871 ἔσται.
1058 834 1077 868 ι
1112 816 1222 870 Καὶ
1272 815 1390 878 νέος
1423 814 1533 880 ὣν,
1571 814 1664 868 καὶ
1715 816 1796 878 είς
1836 815 2014 885 γῆρας

423 913 616 977 ἐλθὼν,
670 912 773 968 ούκ
823 905 991 964 οἷδα³
1042 909 1382 980 θεασάμενος
1413 907 1622 961 δίκαιον
1681 907 1821 978 τῆς-⁸
1863 905 2015 970 θείας

422 1007 631 1078 ἔρημον
682 1002 942 1076 προνοίας
997 1000 1295 1071 γενόμενον
1317 1000 1362 1056 ⁸.
1410 999 1470 1053 '0
1517 999 1626 1070 γάρ
1678 1016 1760 1052 τοι
1806 997 2015 1062 δίκαιος

422 1100 619 1172 κριτὴς
673 1099 736 1152 ού
798 1101 958 1168 μόνον
1013 1095 1216 1159 αὐτῶν,
1268 1092 1407 1148 ἀλλὰ
1449 1094 1546 1146 καὶ
1596 1091 1708 1146 τῶν
1743 1091 1804 1158 ἐξ
1832 1092 2014 1146 αὐτῶν

423 1190 714 1261 φυομένων
762 1190 946 1243 πᾶσαν
995 1187 1234 1241 ποιεῖται
1299 1183 1646 1255 κηδεμονίαν.
1706 1182 1866 1237 Οὕτω
1919 1182 2013 1236 τοῦ

434 1282 659 1356 Ἰσραὴλ
708 1282 806 1336 καὶ
843 1279 1020 1337 ταῦτα
1044 1280 1066 1312 ⁸
1103 1276 1574 1349 παρανομοῦντος,
1617 1276 1709 1330 διὰ
1745 1277 1845 1349 τὴν
1880 1295 2014 1349 προ-

420 1377 650 1447 γονικὴν
693 1374 898 1447 ἀρετὴν
945 1370 1281 1444 προύνοήθη.
1316 1369 1474 1425 Οὕτω
1523 1369 1618 1425 τοῦ
1669 1369 2015 1440 Σολομῶντος

420 1467 759 1540 ὴσεδηκότος
789 1465 1052 1536 ἠνέσχετο
1073 1464 1160 1518 διὰ
1182 1461 1283 1535 τὴν
1315 1461 1580 1535 πατρῴαν
1616 1461 1914 1532 φιλοθεῒαν.
1941 1461 2016 1514 Τὸ

364 1603 375 1612 .
423 1562 503 1630 δὲ,
531 1579 552 1615 ι
583 1561 754 1632 Ὅλην
774 1560 876 1630 τὴν
900 1559 1122 1631 ἡμέραν
1146 1556 1289 1612 ὲλεεῖ
1316 1557 1412 1611 καὶ⁹
1435 1554 1668 1620 δανείζει
1695 1557 1724 1609 ὁ
1747 1555 2010 1618 δίκαιος,ι

423 1655 525 1718 τὰς
555 1651 909 1714 παντοδαπὰς
951 1649 1047 1704 τοῦ
1095 1648 1306 1703 δικαίου
1347 1646 1670 1719 εὐεργεσίας
1709 1645 1881 1718 δηλοῖ,
1917 1645 2016 1709 τὰς

423 1745 514 1800 διὰ
535 1744 840 1816 χρημάτων
861 1741 904 1808 τ,
935 1741 1035 1806 τὰς
1058 1741 1149 1794 διὰ
1171 1739 1519 1812 πραγμάτων
1538 1740 1582 1805 ⁸,
1605 1739 1703 1802 τὰς
1727 1738 1816 1792 διὰ
1838 1737 2015 1807 λόγων

427 1837 525 1891 καὶ
571 1835 920 1907 συμϐουλῶν.
970 1834 1158 1888 Ταῦτα
1211 1833 1269 1887 δὲ
1319 1832 1514 1896 ποιῶν,
1563 1832 1706 1886 ἐλεεῖ
1755 1830 1856 1902 μὲν
1891 1831 2016 1895 τοὺς

424 1924 822 1990 ἀπολαύοντας,
855 1922 1094 1988 δανείζει
1125 1923 1184 1978 δὲ
1213 1922 1292 1993 τῷ
1315 1923 1526 1977 τούτων
1546 1924 1568 1956 ⁹
1595 1921 1715 1992 Θεῷ
1735 1939 1747 1950 ·
1779 1940 1797 1973 ι
1834 1921 1894 1975 '0
1909 1923 2018 1992 γάρ

423 2019 610 2085 ἐλεῶν,
636 2017 791 2090 φησι,
816 2017 1054 2088 πτωχὸν,
1084 2016 1323 2081 δανείζει
1344 2014 1518 2087 Θεῴ,›
1550 2014 1627 2078 ὡς
1659 2016 1722 2069 τὸ
1748 2018 1790 2048 ¹⁰
1819 2016 1951 2070 αὐτὸ
1973 2018 2014 2049 ⁸⁸

389 2101 401 2112 ’
421 2110 572 2163 ἔλεον
602 2105 744 2162 εἶναι
784 2107 878 2161 καὶ
903 2106 1190 2178 δάνεισμα.

492 2200 596 2266 κζ’.
639 2220 658 2254 ι
711 2200 1003 2254 Ἔκκλινον
1041 2199 1150 2254 ἀπὸ
1180 2197 1379 2266 κακοῦ,
1410 2198 1505 2253 καὶ
1532 2179 1761 2268 ποίησον
1790 2199 2038 2267 ἀγαθὸν,,
2092 2255 2094 2258 .

419 2295 516 2352 καὶ
553 2295 902 2366 κατασκηνου
953 2293 1036 2357 είς
1079 2292 1254 2347 αίῶνα
1285 2291 1504 2356 αἰῶνος.
1544 2311 1561 2342 ι
1612 2289 1796 2346 Ταῦτα
1834 2293 2016 2349 τοίνυν

418 2387 624 2451 ειδότες
665 2385 912 2450 ἅπαντες
971 2384 1254 2457 ἄνθρωποι
1280 2424 1295 2448 ,
1346 2384 1441 2438 καὶ
1494 2383 1880 2456 μεμαθηκότες
1917 2386 2016 2456 τῆς

420 2479 626 2552 ἀρετῆς
657 2477 880 2548 καὶτῆς
907 2478 1109 2542 κακίας
1147 2477 1217 2532 τὰ
1256 2476 1534 2549 ἐπίχειρα,
1580 2478 1812 2548 φεύγετε
1837 2477 1882 2510 ¹²
1916 2479 2015 2548 μὲν

420 2575 520 2646 τῆς
547 2573 752 2636 κακίας
787 2570 858 2625 τὰ
889 2570 1044 2641 είδη,
1081 2569 1340 2623 ὁδεύσατε
1375 2569 1432 2622 δὲ
1471 2569 1570 2640 τὴν
1598 2569 1846 2624 ἐναντίαν
1874 2568 2011 2634 ὁδὸν,

425 2664 512 2716 ἵνα
541 2662 648 2716 τῶν
667 2661 904 2717 αἰωνίων
930 2659 1153 2730 ἀγαθῶν
1178 2659 1550 2731 ἀπολαύσητε.

495 2761 601 2826 κη’,
631 2753 737 2808 κθ¹.
775 2771 796 2806 ι
834 2753 957 2807 Ὅτι
1001 2753 1210 2824 Κύριος
1261 2753 1452 2825 ἀγαπᾷ
1509 2752 1726 2825 κρίσιν,
1779 2754 1874 2808 καὶ
1914 2754 2015 2808 οὐκ

421 2845 813 2916 ἐγκαταλείπει
842 2845 886 2879 ¹³
929 2847 1058 2910 τοὺς
1095 2845 1278 2910 ὁσίους
1343 2844 1546 2913 αὐτοῦ,
1599 2849 1682 2902 ὅτι
1710 2845 1755 2878 ¹’⁶
1794 2846 1879 2910 είς
1921 2845 2014 2900 τὸν

421 2939 594 2994 αἰῶνα
670 2937 1112 3010 φυλαχθήσονται
1148 2954 1162 2970 ·
1231 2937 1426 3010 ἄνομοι
1500 2938 1557 2991 δὲ
1623 2937 2017 3010 ὲκδιωχθήσον-

419 3049 512 3086 ται
530 3031 598 3099 ⁸⁵,
624 3032 719 3085 καὶ
743 3032 969 3104 σπέρμα
991 3031 1206 3085 ἀσεϐῶν
1230 3029 1771 3103 ἐξολοθρευθήσεται.
1805 3031 2015 3086 Δίκαιοι

419 3124 480 3179 δὲ
510 3125 989 3196 κληρονομήσουσι
1042 3125 1170 3195 γῆν,
1223 3124 1319 3176 καὶ
1361 3120 1886 3194 κατασκηνώσουσιν
1935 3125 2016 3186 είς

423 3216 596 3272 αἰῶνα
623 3217 824 3281 αἰῶνος
853 3216 944 3270 ἐπ’
967 3217 1160 3287 αὐτῆς.
1190 3234 1210 3269 ι
1251 3215 1417 3288 Ὀρθῇ
1445 3214 1543 3268 καὶ
1568 3213 1755 3286 δικαίᾳ
1771 3215 1954 3285 κρίσει
1975 3217 2018 3248 ⁸⁸

405 3307 710 3382 ,χρώμενος
757 3307 868 3362 τῶν
914 3306 1053 3362 ὅλων
1091 3309 1120 3361 ὁ
1154 3307 1363 3378 Κύριος
1396 3309 1700 3378 προσφυεῖς
1743 3309 1858 3372 τοῖς
1901 3309 2023 3362 ἐπι-

424 3402 728 3473 τηδεύμασι
765 3401 864 3464 τὰς
908 3399 1209 3464 ἀντιδόσεις
1243 3401 1538 3471 ποιήσεται
1574 3415 1586 3427 ·
1632 3402 1726 3453 καὶ
1756 3401 1882 3464 τοὺς
1922 3401 2023 3472 μὲν

422 3494 524 3565 τῆς
573 3491 927 3564 δικαιοσύνης
971 3492 1211 3566 ἐραστὰς
1261 3492 1448 3564 πάσης
1493 3490 1721 3558 ἀξιώσει
1785 3493 2023 3565 κηδεμο-

427 3585 571 3652 νίας,
606 3587 737 3652 τοὺς
781 3586 840 3640 δὲ
879 3585 1148 3642 τάναντία
1189 3585 1666 3656 προαιρουμένους
1712 3586 2023 3641 ἀνασπάσει

428 3679 784 3753 προρρίζους.
822 3679 1042 3735 Οὖτωίτ
1066 3679 1194 3742 τοὺς
1221 3677 1503 3749 ἑκατέρων
1538 3678 1721 3746 δείξας
1745 3679 2020 3751 καρποὺς,

425 3769 668 3826 διδάσκει
723 3769 935 3835 λοιπὸν,
994 3768 1114 3830 πῶς
1162 3765 1341 3820 ἔνεστι
1403 3765 1504 3838 τὴν
1555 3765 1635 3838 τῷ
1689 3765 1808 3838 Θεῷ
1861 3767 2022 3837 φίλην

426 3861 773 3934 κατορθῶσαι
789 3860 1164 3931 δικαιοσύνην.

496 3952 566 4022 λ’,
590 3952 697 4010 λα’.
742 3972 763 4007 ι
791 3954 981 4024 Στόμα
1007 3952 1225 4007 δικαίου
1276 3951 1570 4022 μελετήσει
1606 3950 1823 4021 σοφίαν,
1853 3952 1948 4006 καὶ
1987 3953 2020 4022 ἡ

427 4041 652 4113 γλῶσσα
681 4041 850 4098 αὑτοῦ
883 4041 1114 4112 λαλήσει
1154 4041 1359 4114 κρίσιν.
1404 4041 1464 4095 Ὀ
1487 4041 1657 4112 νόμος
1683 4041 1781 4095 τοῦ
1817 4042 1954 4096 Θεοῦ
1978 4044 2022 4075 ¹⁸

425 4136 487 4191 ὲν
521 4135 724 4208 καρδίᾳ
753 4134 943 4197 αὐτοῦ,
995 4135 1090 4189 καὶ
1118 4134 1219 4206 οὺχ
1253 4133 1784 4206 ύποσκελισθήσεται
1819 4134 2014 4206 διαϐή-

421 4243 580 4299 ματα
629 4225 822 4297 αὐτοῦ.
864 4245 883 4279 ι
925 4224 1242 4297 Προσήκει,
1291 4225 1463 4296 φησὶ,
1524 4225 1628 4279 κάν
1666 4228 1732 4296 τῇ
1777 4225 2018 4299 γλώττῃ,

427 4320 531 4373 κάν
554 4321 622 4390 τῇ
658 4317 874 4390 διανοίᾳ
922 4318 992 4372 τὰ
1032 4317 1154 4371 θεῖα
1179 4317 1339 4387 λόγια
1383 4317 1745 4390 περιφέρειν,
1782 4319 1879 4374 καὶ⁹
1921 4320 2020 4391 τὴν

425 4409 640 4465 τούτων
697 4409 933 4482 μελέτην
974 4409 1251 4464 ποιεῖσθαι
1283 4409 1570 4481 διηνεκῶς.
1605 4410 1766 4466 Οὕτω
1817 4411 1928 4484 γὰρ
1962 4413 2021 4465 τὸ

2121 543 2238 607 nui,
2269 553 2326 598 et
2351 558 2456 597 non
2491 544 2596 599 vidi
2625 547 2845 616 justum
2867 549 3208 616 derelictum,
3241 568 3344 608 nec
3376 569 3565 610 scmen
3591 556 3712 628 cjus

2119 648 2371 702 quaerens
2400 651 2617 706 panem.
2657 636 2795 692 Toto
2829 640 2919 695 die
2956 641 3250 698 miseretur
3271 683 3287 710 ,
3321 654 3376 700 et
3400 647 3716 705 commodat

2113 725 2298 795 justus
2324 766 2337 791 ,
2379 738 2434 782 et
2464 742 2647 784 semen
2692 730 2841 787 illius
2872 731 2924 786 in
2968 733 3352 792 benedictione
3383 739 3510 794 erit.
3555 759 3575 792 ι
3601 741 3713 798 Nec

2119 833 2244 872 cutn
2270 833 2450 874 essem
2475 820 2684 891 junior,
2715 839 2892 894 neque
2917 826 3071 881 senio
3100 827 3410 898 confectus,
3441 833 3588 900 novi,
3613 849 3714 889 nec

2120 911 2231 965 vidi
2276 912 2492 982 justum
2546 914 2731 970 divina
2781 917 3126 986 providentia
3181 919 3509 978 destitutum
3569 940 3711 981 esse.

2121 1002 2340 1058 Etenim
2372 1004 2559 1074 justus
2577 1006 2747 1073 judex
2771 1023 2878 1064 non
2903 1011 3067 1067 modo
3099 1012 3366 1083 ipsorum,
3385 1017 3480 1072 sed
3505 1020 3522 1039 ⁶
3547 1019 3712 1073 etiam

2122 1094 2380 1162 illorum,
2431 1097 2526 1168 qui
2572 1113 2639 1153 ex
2687 1098 2824 1170 ipsis
2873 1113 3213 1170 nascuntur,
3265 1120 3486 1161 omnem
3520 1123 3712 1164 curam

2120 1189 2281 1261 gerit.
2307 1188 2399 1244 Sic
2428 1189 2649 1247 lsraelis
2676 1192 2843 1248 etiam
2873 1194 2989 1250 haec
3019 1196 3184 1267 impie
3210 1199 3460 1270 agentis.
3494 1200 3566 1254 ob
3603 1216 3718 1256 ma-

2113 1283 2299 1353 jorum
2332 1284 2593 1339 virtutem
2626 1285 2894 1341 rationem
2931 1287 3138 1343 habuit.
3173 1290 3378 1346 Eodem
3413 1292 3579 1348 modo
3611 1292 3714 1348 Sa-

2119 1375 2396 1448 lomonem
2441 1374 2608 1445 impie
2655 1386 2974 1446 peccantem
3020 1379 3091 1433 ob
3137 1389 3420 1448 paternam
3460 1383 3713 1452 pietatem

2121 1466 2363 1539 pertulit.
2390 1467 2506 1522 Hoc
2533 1477 2716 1522 autem
2743 1503 2768 1536 ,ν
2800 1487 2819 1520 ι
2858 1466 2999 1525 Τοιο
3025 1469 3113 1525 die
3147 1471 3441 1527 miseretur
3474 1483 3529 1530 et
3561 1489 3715 1531 com-

2120 1558 2306 1613 modat
2345 1557 2528 1628 justus
2553 1599 2568 1624 ,
2602 1577 2621 1610 ι
2666 1560 2846 1615 omnis
2896 1562 3116 1632 generis
3155 1561 3422 1619 beneficia
3458 1563 3592 1635 justi
3623 1565 3717 1623 de-

2120 1651 2301 1722 signat
2329 1670 2343 1706 :
2380 1651 2664 1718 videlicet,
2698 1669 2793 1724 per
2816 1669 2949 1724 opes
2969 1691 2984 1720 ,
3011 1670 3108 1725 per
3138 1655 3356 1727 negotia
3379 1697 3394 1724 ,
3429 1672 3523 1728 per
3552 1658 3714 1714 verba

2090 1756 2176 1822 ρει
2210 1747 2466 1802 consilia.
2504 1746 2631 1803 Haec
2671 1762 2805 1804 vero
2855 1750 3100 1814 faciens,
3149 1751 3445 1808 miseretur
3493 1753 3713 1824 quidem

2125 1852 2349 1905 eorum,
2382 1838 2477 1908 qui
2527 1839 2642 1893 haec
2682 1851 3097 1910 consequuntur
3133 1855 3147 1893 :
3186 1841 3501 1900 commodat
3532 1853 3714 1899 autem

2096 1928 2322 1986 .ltorum
2354 1929 2524 2003 8&0
2556 1929 2697 2012 Deo:
2735 1951 2753 1984 ι
2783 1931 2888 2000 Qui
2917 1936 3064 1989 enim
3093 1934 3409 2000 miseretur,
3445 1935 3542 2002 ait,
3580 1951 3719 2008 pau-

2126 2021 2294 2089 peris,
2329 2023 2651 2078 commodat
2681 2021 2791 2079 Deo
2829 2041 2841 2078 :
2873 2034 2934 2080 ut
2963 2025 3106 2082 idem
3147 2026 3218 2081 sit
3249 2026 3627 2084 misericordia
3650 2043 3714 2085 ac

2127 2122 2378 2169 mutuum
2407 2124 2511 2170 κοῒ.
2543 2135 2562 2169 δ

2201 2206 2364 2264 Vens.
2414 2209 2507 2264 27.
2563 2227 2581 2262 ι
2621 2210 2841 2267 Declina
2878 2227 2908 2268 a
2950 2212 3129 2279 malo,
3176 2225 3230 2270 et
3266 2214 3353 2272 fac
3386 2216 3626 2285 bonum,
3661 2227 3718 2274 et

2127 2299 2311 2354 habita
2344 2301 2399 2355 in
2437 2302 2700 2358 saeculum
2735 2303 2941 2360 saeculi.
2973 2323 2993 2357 ι
3028 2304 3162 2360 Cum
3197 2307 3313 2363 hare
3342 2307 3509 2380 igitur
3547 2325 3715 2368 nove-

2124 2392 2246 2450 ritis
2275 2409 2374 2450 vos
2403 2410 2598 2454 omnes
2634 2398 2920 2465 homines,
2961 2415 3199 2470 cumque
3234 2403 3460 2472 praemia
3495 2403 3714 2460 virtutis

2121 2493 2178 2540 ct
2218 2486 2442 2543 malitiae
2472 2487 2809 2556 didiceritis,
2849 2490 3019 2561 fugite
3047 2493 3271 2562 quidem
3313 2493 3542 2551 sceleris
3585 2511 3712 2566 spc-

2123 2576 2260 2643 cies,
2291 2577 2573 2634 ambulate
2610 2595 2741 2635 vero
2775 2582 3110 2637 contrariam
3151 2585 3318 2652 viam,
3339 2592 3400 2640 ut
3424 2585 3713 2656 sempiterc

2090 2711 2096 2714 .
2122 2668 2208 2724 nis
2237 2669 2396 2726 bonis
2419 2670 2804 2741 perfruamini.

2199 2761 2358 2820 Vens.
2385 2763 2478 2829 28,
2503 2764 2592 2820 29.
2631 2783 2650 2818 ι
2681 2765 2818 2833 Quia
2841 2766 3114 2826 Dominus
3143 2779 3292 2824 amat
3323 2769 3589 2840 judicium
3613 2813 3628 2840 ,
3655 2781 3712 2827 et

2124 2868 2231 2908 non
2275 2856 2624 2927 derelinquat
2676 2869 2901 2916 sanctos
2942 2875 3075 2916 suos
3101 2900 3117 2926 ,
3165 2863 3293 2932 quia
3330 2862 3387 2918 in
3435 2852 3705 2920 aeternum

2122 2947 2629 3014 conservabuntur;
2667 2947 2853 3018 injusti
2885 2957 3068 3004 autem
3101 2951 3418 3020 punientur,
3442 2963 3498 3008 et
3519 2969 3709 3010 semen

2123 3036 2415 3106 impiorum
2439 3038 2657 3108 peribit.
2679 3037 2707 3094 J
2716 3040 2822 3095 usti
2849 3052 3030 3097 autem
3055 3041 3461 3099 haereditabunt
3484 3054 3709 3112 terram,

2044 3160 2088 3218 ε
2122 3138 2176 3184 ct
2209 3130 2536 3186 babitabunt
2574 3131 2628 3187 in
2661 3134 2920 3190 saeculum
2951 3135 3136 3191 saeculi
3169 3151 3335 3207 super
3364 3154 3449 3193 ea.
3482 3159 3500 3192 ι
3539 3137 3712 3195 Recto

2128 3217 2352 3290 etjusto
2369 3219 2581 3291 judicio
2611 3231 2768 3278 utens
2799 3225 3179 3280 universorum
3207 3225 3494 3294 Dominus,
3529 3245 3714 3284 remu-

2131 3313 2443 3369 nerationes
2463 3315 2659 3376 studiis
2675 3317 3118 3374 accommodatas
3137 3319 3304 3374 dabit.
3327 3317 3562 3375 Justitize
3588 3321 3716 3393 qui-

2130 3401 2252 3455 dem
2281 3401 2523 3457 cultores
2545 3403 2693 3458 omni
2719 3418 2852 3458 cura
2885 3404 3241 3476 dignabitur;
3274 3409 3554 3462 contraria
3587 3423 3718 3464 vero

2129 3493 2396 3565 eligentes
2431 3494 2698 3557 radicitus
2741 3497 2956 3553 evellet.
3003 3499 3096 3554 Sic
3141 3508 3501 3572 utrorumque
3539 3500 3718 3557 fructu

2132 3587 2439 3660 patefacto,
2472 3589 2633 3648 docet
2672 3591 2932 3665 deinceps
2961 3595 3241 3666 quomodo
3275 3596 3454 3666 possit
3479 3597 3587 3652 Deo
3623 3613 3720 3652 ac-

2094 3721 2096 3723 -
2130 3692 2286 3754 cepta
2313 3683 2526 3755 justitia
2550 3684 2816 3740 exerceri.

2203 3943 2372 4000 Vens.
2401 3944 2493 4010 50,
2521 3947 2612 4001 3|.
2656 3963 2674 3997 ι
2705 3945 2781 4002 Os
2809 3949 2942 4020 justi
2979 3951 3330 4008 meditabitur
3365 3956 3718 4025 sapientiam,

2129 4045 2184 4090 et
2218 4037 2403 4108 lingua
2448 4037 2569 4109 ejus
2603 4039 2862 4110 loquetur
2902 4041 3196 4112 judicium.
3231 4043 3344 4101 Lex
3397 4046 3487 4103 Dei
3516 4049 3638 4118 ejus
3668 4052 3721 4104 in

2129 4133 2295 4189 corde
2324 4131 2519 4202 ipsius,
2543 4140 2598 4188 et
2621 4147 2728 4188 non
2761 4134 3262 4204 snpplantabuntur
3288 4153 3512 4209 gressus
3534 4140 3676 4210 ejus.
3698 4162 3716 4192 ι

2131 4226 2401 4281 Decorum
2424 4233 2531 4288 est,
2564 4223 2763 4293 inquit,
2800 4232 2856 4278 et
2885 4223 3072 4296 lingua
3101 4233 3155 4280 et
3183 4240 3366 4283 mente
3397 4229 3580 4285 divina
3609 4232 3723 4285 elo-

2129 4315 2258 4386 quia
2283 4311 2662 4378 circumferre,
2687 4323 2741 4368 et
2767 4313 2883 4370 haec
2908 4330 3126 4386 semper
3157 4318 3430 4374 meditari.
3460 4319 3552 4376 Sic
3572 4323 3720 4378 enim

2133 4407 2354 4464 virtutis
2389 4406 2676 4462 studiosus
2707 4405 2840 4477 quid
2870 4407 3140 4478 agendum
3171 4410 3244 4466 sit
3276 4412 3517 4478 discens,
3557 4415 3721 4472 intre.

427 4501 710 4573 πρακτέον
739 4501 1030 4574 μανθάνων
1064 4505 1094 4557 ὁ
1121 4502 1222 4572 τῆς
1251 4502 1453 4574 ἀρετῆς
1483 4503 1744 4575 ἐραστὴς,
1769 4497 2018 4575 ἀτρεμὴς

2132 4501 2290 4571 pidus
2319 4507 2374 4554 et
2417 4497 2715 4554 immobilis
2765 4499 3045 4565 manebit,
3095 4503 3350 4572 superior
3391 4504 3566 4562 factus
3621 4507 3722 4570 iis.

431 4597 586 4663 μενεῖ
604 4595 647 4626 ¹⁹
675 4595 768 4648 καὶ
795 4594 1119 4658 ἀσάλευτος,
1148 4594 1258 4648 τῶν
1293 4595 1628 4650 καταϐαλεῖν
1671 4597 2020 4668 ἐπιχειρούν-

427 4701 539 4738 των
587 4685 1034 4758 περιγινόμενος.
1074 4687 1264 4741 Ταῦτα
1295 4686 1390 4739 καὶ
1435 4687 1494 4739 ἐν
1546 4687 1626 4756 τῷ
1666 4685 1871 4758 πρώτῳ
1916 4688 2020 4759 ἔφη

426 4775 660 4849 ψαλμῷο
693 4797 713 4830 ι
761 4778 902 4832 Ἀλλ’
938 4782 996 4833 ὲν
1025 4780 1070 4812 ³⁸
1122 4777 1204 4850 τῷ
1253 4779 1407 4850 νόμῳ
1443 4778 1652 4850 Κυρίου
1705 4781 1761 4832 τὸ
1808 4777 2022 4851 θέλημα

427 4869 619 4936 αὑτοῦ,
647 4869 745 4924 καὶ
770 4871 811 4902 ²¹
853 4870 914 4924 ὲν
947 4870 1026 4942 τῷ
1065 4870 1216 4942 νόμῳ
1260 4869 1427 4923 αὑτοῦ
1475 4871 1761 4939 μελετήσει
1808 4872 2022 4942 ἡμέρας

431 4961 526 5018 καὶ
557 4962 754 5028 νυκτός
779 4977 792 4992 ·
827 4981 846 5015 ι
887 4964 984 5018 καὶ
1013 4962 1082 5017 τὰ
1107 4961 1258 5032 ἑξῆς.

501 5089 584 5131 κογ
623 5080 787 5138 Prov.
830 5098 920 5137 xu:
953 5126 966 5149 ,
1010 5082 1100 5136 17.
1178 5094 1204 5123 ει
1246 5080 1389 5136 Psal.
1435 5095 1488 5143 ι,
1531 5081 1586 5133 2.

2130 4595 2222 4665 qui
2255 4594 2408 4649 illum
2433 4593 2502 4648 de
2521 4602 2668 4649 statu
2692 4608 2795 4648 suo
2819 4591 3060 4665 dejicere
3083 4605 3376 4653 conantur.
3401 4598 3564 4671 841
3595 4598 3723 4655 liene

2131 4699 2184 4743 et
2215 4688 2267 4742 in
2301 4687 2482 4756 primo
2504 4686 2716 4756 psalmo
2743 4685 2881 4740 dixit
2911 4706 2922 4740 :
2947 4699 2983 4737 ἰ
3013 4687 3120 4743 Sed
3156 4688 3209 4743 in
3242 4689 3360 4760 lege
3389 4691 3604 4747 Domini
3637 4709 3726 4747 vo-

2135 4782 2316 4836 luntas
2345 4779 2498 4849 ejus.
2534 4789 2588 4833 et
2613 4779 2666 4832 in
2703 4779 2818 4849 lege
2847 4778 2969 4847 ejus
3006 4782 3362 4838 meditabitur
3396 4785 3484 4839 die
3521 4801 3585 4840 ac
3624 4802 3725 4841 no-

2133 4883 2219 4928 cte
2247 4885 2270 4912 ³
2294 4913 2308 4939 ,
2337 4890 2354 4922 ι
2391 4880 2444 4925 et
2472 4885 2594 4940 quae
2621 4878 2944 4938 Sequuntur.

1573 5173 1809 5231 V'ARI/E
1853 5173 2241 5232 LECTIONES
2292 5172 2382 5229 ET
2417 5173 2650 5229 NOTAE.

535 5295 557 5325 ⁸
600 5293 656 5346 '0
687 5293 940 5360 δίκαιος.
983 5291 1217 5349 Additur
1243 5292 1298 5347 in
1332 5291 1458 5348 cod.
1491 5290 1648 5345 Alex.
1703 5285 1706 5287 ’

429 5363 652 5444 δίκαιον
716 5363 1288 5444 ἐγκαταλελειμμένον
1323 5363 1531 5444 ’ἠγρυνλ
1565 5362 1685 5432 τῆς.

428 5451 680 5490 τοιαυτα.
790 5451 802 5468 ι
849 5451 1196 5504 λιρηματων.
1237 5451 1358 5489 con.
1395 5451 1448 5497 ι,

425 5505 538 5558 ¹τῶν
579 5505 738 5560 ὅλων.
846 5505 891 5538 ¹⁶
949 5506 1072 5560 cod.
1113 5505 1178 5570 1,
1222 5505 1258 5558 2
1311 5503 1474 5558 ὥστε.

427 5575 842 5645 ἐγκαταλείψει,
892 5590 1014 5645 quae
1053 5583 1139 5645 est
1185 5574 1511 5645 rec._l_ectio.

1634 5503 1649 5532 ί
1677 5502 1857 5556 Αὑτό.

1766 5290 1784 5321 ³
1823 5290 1949 5345 cod.
1988 5291 2026 5344 2
2062 5286 2224 5356 εἶδον,
2269 5290 2477 5345 omisso
2511 5289 2870 5360 θεασάμενος.

1811 5361 1832 5392 ⁵
1888 5362 2023 5450 cod.”
2065 5362 2115 5450 ἓ
2171 5361 2430 5446 προνοίας
2480 5360 2774 5450 γενδμεγον
2825 5360 3054 5450 ἔρημον.
3151 5365 3309 5450 ’θητιξ

786 5437 806 5468 ⁷
849 5430 1196 5504 Χρημάτων.
1237 5430 1448 5497 οοιίζΙ,
1497 5433 1534 5487 2
1563 5430 1928 5531 πραγμάτων.
2003 5432 2018 5464 ε

846 5505 891 5538 ιθ
949 5506 1072 5556 eod.
1113 5505 1178 5556 1.
1222 5505 1258 5556 2
1311 5503 1474 5556 ὥστε.
1634 5503 1649 5532 ί
1677 5502 1857 5556 Αυτό.
1913 5504 2011 5556 cod

2120 5430 2442 5502 aarjtdtwr.
2506 5431 2630 5485 cod.
2671 5432 2694 5484 1
2749 5430 3071 5502 χρημάτων.
3151 5435 3172 5466 ³
3204 5434 3456 5489 Τούτων.
3503 5437 3627 5491 cod.
3663 5440 3718 5490 '2

2168 5502 2319 5556 addit
2365 5501 2479 5555 καί.
2608 5502 2649 5532 ¹²
2689 5505 2812 5556 cod.
2868 5504 2937 5556 1.
2983 5503 3018 5556 2
3055 5504 3287 5556 φύγητε.
3398 5505 3441 5536 ⁸³
3497 5507 3620 5556 cod.
3680 5511 3717 5556 2

1636 5517 1857 5556 ‘AUIO.
1913 5517 2033 5556 cou.
2084 5517 2107 5556 ι
2168 5517 2319 5556 auutt
2365 5517 2479 5555 και.

1625 5571 1667 5603 ιδ
1705 5573 1849 5624 Ὅτι.
1884 5573 2053 5627 Abest
2082 5589 2112 5626 a
2161 5589 2303 5626 vers.
2338 5573 2448 5626 τῶν
2475 5572 2554 5625 0'.

2988 5291 3010 5323 ⁸
3055 5293 3297 5347 Δίκαιον
3345 5292 3478 5361 τῆς.
3512 5295 3633 5350 cod.
3680 5298 3719 5353 2

3185 5365 3207 5395 ⁶
3245 5362 3458 5418 Ταῦτα.
3512 5365 3636 5421 cod.
3687 5370 3713 5422 1

2608 5502 2812 5574 “wood.
2868 5504 2937 5570 1,
2983 5503 3018 5557 2
3055 5504 3287 5574 φύγητε.
3398 5505 3460 5574 ¹³ί
3497 5507 3620 5561 cod.
3680 5511 3717 5562 2

2638 5573 2682 5605 η
2722 5574 2969 5643 "Ay-opm
3046 5572 3116 5627 δὲ
3171 5572 3711 5643 ἑκόιωχθήσονται.

431 5643 562 5727 Des.
592 5645 654 5727 in
685 5642 841 5727 testu
867 5642 1032 5727 llebr.
1060 5644 1118 5698 ln
1142 5644 1274 5727 cod.
1311 5643 1487 5726 Yatic.
1522 5643 1664 5727 Ileg‘.
1697 5642 1922 5727 ἄμωμοι
1947 5644 2018 5727 ,ἐπ

2120 5643 2460 5727 ιηθήσονται..
2530 5643 2573 5674 ³⁸
2603 5645 2832 5727 βρίσει.
2868 5642 3003 5700 eod.
3065 5644 3101 5697 2
3132 5642 3468 5727 χρήσειζ.
3521 5647 3712 5727 ρῦτω.

433 5715 559 5769 cod.
622 5715 659 5769 2
719 5715 870 5772 addit
919 5715 1036 5773 καί.

439 5783 477 5836 2
508 5784 674 5851 μένει.
751 5786 797 5818 ’⁸
818 5787 941 5843 cod.
989 5787 1041 5853 1,
1084 5785 1258 5840 eam
1287 5787 1343 5856 ἦ.

1142 5715 1183 5747 ι
1211 5715 1382 5770 Θεοῦ.
1430 5713 1559 5768 cod.
1605 5712 1656 5785 2
1705 5712 1854 5766 addit
1901 5713 2018 5766 αύτι

2127 5712 2329 5782 Sicque
2389 5714 2556 5768 etiam
2607 5712 2709 5785 leg.
2769 5715 2841 5769 in.
2878 5729 3019 5770 vers.
3090 5712 3198 5768 τῶν
3251 5717 3329 5769 Ο’.

3395 5716 3434 5750 ¹⁹
3463 5704 3586 5773 cod.
3655 5716 3712 5783 ί,

1440 5786 1481 5816 ’⁸
1513 5783 1620 5839 Καὶ
1655 5813 1722 5824 --
1755 5784 1997 5850 νυκτός.
2040 5783 2208 5840 Abest
2250 5801 2279 5839 a
2308 5784 2433 5840 cod.
2456 5785 2512 5837 2.
