4108 6406
431 325 563 388 111ῐῆ

1420 307 1909 373 TIIEODORETI
1949 305 2284 365 EPISCOPI
2329 305 2697 368 CYilENSIS

3571 312 3710 376 Ηῖἳῆ

501 435 773 500 \‘eas.‘52,
797 435 884 491 3'5.
908 429 1206 486 tlnsiiliose
1229 427 1482 483 observat
1504 419 2010 494 peceatorjustum,

2187 417 2288 488 λβ’,
2315 416 2415 486 λγ’.
2448 439 2467 472 ι
2507 421 2784 474 Κατανοεῖ
2811 421 2839 475 6
2872 420 3199 494 ἁμαρτωλὸς
3224 421 3318 477 τδν
3347 421 3581 490 δίκαιον,
3613 427 3711 479 καὶ

426 541 482 588 et
509 529 707 601 quaerit
757 535 816 582 ut
857 525 1074 580 occidat
1115 535 1263 577 eum.
1305 523 1322 541 ‘
1368 516 1630 571 Dominus
1682 522 1863 566 autem
1906 525 2013 564 non

427 623 777 691 derclinquet
817 633 942 672 eum
993 616 1044 670 in
1096 612 1353 668 manibus
1394 609 1554 678 ejus,
1601 619 1701 659 nec
1732 599 2017 657 damnabit

427 732 574 781 cum,
609 729 731 770 cum
761 711 1034 782 judicium
1070 709 1278 762 feretur
1309 702 1378 757 de
1417 701 1532 754 illo.
1566 719 1584 752 ι
1622 695 1866 752 Diversis
1901 707 2019 747 mo-

426 813 512 866 dis
552 811 741 864 eadem
789 807 960 869 dicit,
1015 802 1210 873 majori
1264 794 1623 854 meditatione
1678 789 2015 845 tenaciorem

429 903 747 956 memoriam
784 897 1012 951 faciens.
1052 894 1191 946 Dicit
1225 898 1409 945 autem
1463 883 1758 940 Dominum
1789 879 2017 935 minime

425 998 810 1066 despceturum
835 1005 958 1046 esse
991 987 1273 1042 hominem
1301 983 1537 1054 justum,
1563 993 1688 1032 cum
1717 976 1787 1030 ab
1814 973 2017 1043 iniquis

427 1082 742 1140 hominibus
770 1077 986 1133 insidiis
1017 1074 1240 1145 petitur,
1284 1066 1841 1140 nequeadbmsurum
1883 1062 2016 1132 ipsis

395 1207 398 1210 -
425 1175 521 1245 qui
553 1174 681 1228 talia
711 1171 912 1225 audent
937 1207 952 1231 ,
983 1165 1079 1221 sed
1108 1163 1430 1217 eﬂ‘ecturum
1475 1166 1534 1212 ut
1562 1158 1696 1211 retia
1723 1154 2012 1209 transiliat.

427 1268 579 1322 lianc
623 1281 779 1336 opem
826 1267 1159 1317 consecutus
1207 1266 1290 1310 est
1337 1251 1614 1308 Abraham
1643 1290 1658 1315 ,
1722 1247 1858 1302 Sara
1895 1245 2016 1315 ejus

428 1377 596 1416 uxore
635 1359 719 1412 bis
755 1363 946 1426 rapta;
981 1353 1124 1405 hanc
1152 1357 1207 1404 et
1243 1347 1417 1410 Isaac,
1449 1346 1556 1398 hoc
1597 1343 1740 1396 idem
1778 1353 2012 1409 passus;

405 1455 569 1508 hanc
597 1449 792 1515 Jacob,
826 1464 855 1501 a
885 1447 1056 1500 fratre
1090 1451 1142 1495 et
1186 1455 1216 1494 a
1250 1453 1442 1493 socero
1473 1433 1676 1490 invidia
1709 1429 2013 1501 appetitus;

428 1550 570 1602 hanc
599 1541 822 1612 Josepb,
856 1555 953 1610 per
987 1535 1250 1591 invidiam
1286 1539 1342 1587 et
1373 1528 1709 1584 calumniam
1732 1537 2017 1593 oppugna-

426 1652 536 1696 tus.
559 1639 624 1693 Et
647 1635 775 1706 quid
800 1649 938 1704 opus
963 1639 1046 1686 est
1065 1627 1249 1684 omnia
1278 1622 1636 1695 percurrere?
1660 1617 1843 1674 Facile
1866 1615 2013 1669 enim

412 1741 512 1789 est
539 1729 836 1796 studiosis,
880 1737 934 1783 et
958 1723 1185 1793 antiqua
1216 1717 1507 1787 colligere,
1551 1721 1608 1768 et
1646 1725 1782 1766 nova
1830 1706 2014 1763 consi-

409 1828 643 1880 -derare.

499 1929 663 1984 Vens.
687 1927 776 1982 56.
801 1924 1069 1993 Exspecta
1097 1917 1413 1981 Dominum,
1439 1911 1656 1968 custodi
1689 1909 1830 1964 viam
1846 1908 1967 1978 ejus
1994 1925 2008 1962 :

422 2021 685 2078 exaltabit
715 2028 766 2073 te
787 2059 801 2084 ,
832 2026 894 2071 ut
920 2013 1235 2069 haereditate
1264 2008 1452 2078 capias
1475 2015 1710 2069 terram;
1742 2016 1866 2057 cum
1893 2014 2016 2070 per-

427 2115 590 2170 ierint
627 2118 976 2182 pcccatorcs,
1038 2102 1269 2158 videbis.
1305 2120 1322 2153 ι
1368 2097 1494 2153 Haec
1543 2096 1707 2168 igitur
1745 2093 2008 2158 edoctus,

424 2207 665 2262 divinam
705 2200 1036 2259 sententiam
1078 2203 1335 2263 exspecta
1362 2234 1376 2257 ,
1421 2199 1475 2245 et
1524 2190 1671 2258 leges
1720 2186 2013 2256 impositas

416 2299 662 2358 custodi.
701 2296 796 2351 Sic
823 2295 969 2349 enim
999 2301 1053 2346 et
1081 2290 1134 2344 in
1169 2290 1272 2342 hac
1297 2287 1405 2340 vita
1437 2283 1669 2339 illustris
1699 2281 1810 2336 eris
1831 2321 1845 2345 ,
1878 2288 1933 2334 et
1959 2278 2012 2332 in

425 2398 608 2450 futura
643 2387 1096 2463 permanentibus
1131 2383 1292 2439 bonis
1331 2377 1629 2450 perfrueris
1651 2417 1667 2443 ,
1713 2384 1770 2432 et
1804 2373 2014 2429 videbis

424 2488 799 2544 miserrimum
845 2489 1197 2552 peccatorum
1248 2476 1433 2528 finem.
1494 2470 1699 2526 Deinde
1749 2467 2010 2539 quoniam

421 2579 588 2653 842
637 2577 838 2631 multos
873 2572 1212 2631 contristat,
1255 2564 1399 2636 quod
1447 2577 1596 2617 nunc
1639 2575 1750 2615 non
1795 2558 2016 2613 videant

423 2674 720 2729 sceleratos
749 2665 1000 2721 homines
1032 2675 1225 2732 pmnas
1260 2655 1518 2728 pendere.
1550 2653 1646 2710 sed
1680 2653 1844 2722 longo
1872 2661 2014 2706 tem-

421 2779 553 2837 pore
588 2760 918 2832 persistere,
959 2755 1156 2810 merito
1196 2767 1265 2808 ex
1314 2747 1611 2820 praeteritis
1655 2743 1837 2800 futura
1879 2759 2012 2799 con-

423 2861 626 2914 firmat.

493 3037 656 3094 Vens.
693 3035 784 3101 55,
813 3032 902 3090 56.
941 3051 960 3084 ι
991 3029 1112 3086 Vidi
1143 3025 1372 3097 impium
1405 3021 1728 3086 exaltatum,
1757 3026 1814 3073 et
1842 3017 2014 3072 eleva-

2120 508 2279 581 ζητεί
2334 511 2430 564 τοῦ
2494 512 2807 568 Θανατῶσαι
2837 515 3024 569 αὐτόν.
3069 515 3128 569 Ὀ
3179 515 3238 570 δὲ
3289 515 3495 588 Κύριος
3533 517 3595 569 οὑ
3633 518 3710 588 μὴ

2121 603 2496 678 ἐγκαταλείπῃ
2527 607 2692 661 αὑτὸν
2719 610 2802 672 είς
2826 609 2926 673 τὰς
2955 611 3150 682 χεῖρας
3181 610 3378 675 αὑτοῦ,
3412 610 3536 664 οὑδὲ
3567 609 3646 681 μὴ
3667 619 3712 649 ³⁸

2119 697 2559 770 καταδικάσηται
2591 701 2639 732 ³³
2671 701 2837 756 αὑτὸν
2882 702 3015 755 ὅταν
3079 703 3338 774 κρίνηται
3390 703 3542 774 αὑτῷ
3581 703 3647 757 ³⁸.
3685 722 3703 755 ι

2119 791 2406 862 Διαφόρως
2437 791 2504 846 τὰ
2535 794 2677 848 αὑτά
2693 795 2737 826 ³⁵
2765 795 2937 863 λέγει,
2965 798 3033 867 τῇ
3059 794 3268 850 πλείονι
3319 796 3520 868 μελέτῃ
3553 812 3710 866 μονι-

2123 884 2377 952 μωτέραν
2426 887 2856 952 κατασκευάζων
2895 889 2996 960 τὴν
3039 890 3284 961 μνήμην.
3321 891 3488 958 Λέγει
3526 889 3586 944 δὲ
3634 889 3711 952 ὼς

2117 976 2180 1027 οὑ
2213 977 2535 1047 περιόψεται
2565 979 2656 1034 τὸν
2681 980 2889 1035 δίκαιον
2917 984 3245 1053 ὁΔεσπότης
3271 981 3707 1052 ἐπιϐουλευόμε-

2119 1083 2211 1120 νον
2235 1068 2342 1121 ὑπὸ
2373 1069 2482 1122 τῶν
2512 1073 2788 1144 πονηρῶν,
2817 1075 2940 1127 οὐδὲ
2976 1075 3380 1146 συμψηφιεῖται
3419 1076 3606 1138 αὑτοῖς
3638 1076 3708 1130 τὰ

2117 1175 2345 1214 τοιαυτα
2372 1162 2670 1233 τολμῶσιν,
2713 1165 2830 1219 ἀλλ’
2855 1166 3246 1238 ὑπερπηδῆσαι
3291 1167 3707 1238 παρασκευάσει

2116 1251 2184 1304 τὰ
2209 1252 2426 1309 δίκτυα.
2469 1254 2689 1328 Ταύτης
2709 1259 2755 1290 ’⁸
2788 1259 3098 1312 ἀπέλαυσεν
3144 1260 3400 1331 Ἀϐραὰμ
3429 1253 3533 1329 τῆς
3572 1276 3710 1331 atpo-

2117 1345 2286 1413 νοίας,
2333 1347 2417 1412 δὶς
2473 1349 2823 1422 ἁρπαγείσης
2860 1353 2904 1384 ’⁷
2947 1353 3050 1423 τῆς
3094 1354 3316 1425 Σάρρας
3351 1371 3366 1385 ·
3425 1353 3630 1425 ταύτης
3679 1357 3708 1408 6

2131 1437 2318 1491 ’ῐσαάκ
2354 1440 2485 1494 αὑτὸ
2514 1441 2674 1496 τοῦτο
2699 1443 2744 1474 ³⁸
2781 1442 2970 1497 παθών
2992 1459 3008 1475 ⁸
3053 1446 3260 1516 ταύτης
3298 1447 3326 1499 6
3367 1445 3562 1500 Ἰακὼϐ
3613 1446 3706 1501 ὑπ’

2118 1531 2354 1601 ἀδελφοῦ
2387 1533 2483 1587 καὶ
2524 1535 2791 1606 κηδεστοῦ
2837 1538 3166 1610 φοονηοεξς·
3206 1541 3412 1609 ταύτης
3440 1542 3468 1593 6
3507 1539 3704 1612 Ἰωσὴφ

2119 1624 2226 1680 ὑπὸ
2250 1627 2447 1695 φθόνου
2484 1629 2577 1681 καὶ
2609 1631 2977 1700 συκοφαντίας
3020 1632 3372 1704 πολεμηθείς.
3407 1633 3518 1686 Καὶ
3544 1634 3597 1688 τί
3625 1634 3706 1687 δεῖ

2117 1717 2446 1786 καταλέγειν
2500 1718 2725 1784 πάντα;
2780 1721 2989 1791 Ῥᾴδιον
3039 1722 3150 1793 γὰρ
3197 1723 3309 1785 τοῖς
3349 1720 3701 1792 φιλομαθέσι,

2117 1810 2211 1863 καὶ
2250 1809 2320 1864 τὰ
2346 1811 2514 1865 πάλαι
2551 1811 2834 1879 συλλέξαι,
2875 1815 2971 1868 καὶ
3004 1814 3284 1885 Θεωρῆσαι
3316 1816 3386 1868 τὰ
3415 1816 3536 1869 νέα.

2191 1901 2285 1958 λδ’.
2335 1922 2354 1955 ι
2406 1903 2739 1974 ’Υπόμεινον
2783 1905 2876 1960 τὸν
2921 1905 3151 1978 Κύριον,
3203 1907 3300 1959 καὶ
3341 1905 3581 1975 φύλαξον
3605 1904 3703 1977 τὴν

2112 1993 2232 2047 ὁδὸν
2264 1995 2456 2061 αὑτοῦ,
2503 1997 2602 2049 καὶ
2651 1996 2859 2066 ὑψώσει
2906 2014 2988 2062 σε,
3020 1997 3117 2051 τοῦ
3148 1997 3704 2069 κατακληρονομῆσαι

2114 2087 2213 2155 τὴν
2247 2089 2374 2159 γῆν,
2405 2089 2464 2142 ὲν
2489 2088 2568 2159 τῷ
2604 2088 3054 2161 ἐξολοθρεύεσθαι
3097 2090 3480 2161 ἁμαρτωλοὺς,
3506 2091 3646 2160 ὄψει.
3679 2083 3707 2142 ι

2114 2181 2303 2235 Ταῦτα
2333 2182 2516 2236 τοίνυν
2548 2181 2911 2254 μεμαθηκὼς,
2953 2183 3052 2256 τὴν
3085 2185 3237 2238 Θείαν
3268 2185 3545 2256 πρόσμενε
3595 2184 3705 2255 ψῆ-

2115 2290 2238 2343 φον,
2270 2275 2367 2328 καὶ
2397 2275 2524 2338 τοὺς
2555 2276 2848 2345 κειμένους
2876 2275 3113 2346 φύλαττε
3145 2277 3362 2348 νόμους.
3399 2277 3558 2330 Οὑτω
3595 2279 3705 2347 γὰρ

2113 2365 2212 2420 καὶ
2252 2367 2310 2420 ὲν
2337 2368 2383 2400 ²⁹
2421 2366 2499 2438 τῷ
2557 2367 2786 2439 παρόντι
2820 2369 2923 2440 βίῳ
2954 2372 3162 2444 γενήσῃ
3194 2371 3582 2442 περίϐλεπτος,
3611 2372 3705 2424 καὶ¹

2113 2460 2172 2512 ὲν
2198 2457 2276 2529 τῷ
2337 2459 2594 2530 μέλλοντι
2651 2460 2761 2514 τῶν
2823 2461 3075 2532 μονίμων
3113 2463 3338 2530 ἀγαθῶν
3389 2463 3700 2535 ἀπολαύσῃ,

2114 2552 2210 2606 καὶ
2241 2552 2363 2622 ὄψει
2402 2551 2512 2605 τῶν
2545 2552 2896 2624 ἁμαρτωλῶν
2932 2553 2992 2607 τὸ
3022 2555 3338 2628 τρισάθλιον
3368 2556 3537 2620 τέλος.
3570 2555 3703 2611 Εἶτα

2114 2643 2305 2717 ἐπειδὴ
2327 2645 2369 2676 ⁸⁸
2422 2644 2659 2708 πολλοὺς
2696 2647 2822 2716 ἀνιᾷ
2861 2647 2922 2699 τὸ
2960 2648 3034 2718 μὴ
3068 2648 3164 2700 νῦν
3196 2650 3329 2720 όρᾷν
3360 2649 3471 2703 τῶν
3501 2649 3702 2704 ἀδίκων

2114 2737 2216 2807 τὴν
2265 2737 2564 2808 τιμωρίαν,
2623 2737 2742 2792 ἀλλ’
2771 2739 2814 2771 ³¹
2871 2741 3170 2811 ἀναμένειν
3225 2742 3420 2813 χρόνον
3467 2743 3700 2814 μακρὸν,

2115 2830 2343 2976 Ξξκότως
2382 2831 2490 2884 ἀπὸ
2544 2829 2653 2886 τῶν
2700 2834 3092 2905 γεγενημένων
3149 2833 3440 2888 πιστοῦται
3469 2835 3540 2889 τά
3575 2834 3705 2908 μέλ-

2149 2941 2299 2976 οντα.

2149 2941 2299 2977 οντα.

2185 3017 2279 3084 λε’,
2308 3017 2419 3082 λς’.
2455 3035 2474 3070 ι
2521 3013 2678 3073 Εἶδον
2725 3019 2818 3072 τὸν
2879 3018 3054 3090 ἀσεϐῆ
3106 3018 3556 3091 ὑπερυψούμενον
3606 3022 3701 3075 καὶ

425 3143 539 3189 tum
570 3131 713 3185 sicut
742 3126 935 3182 cedros
971 3120 1184 3176 Libani.
1219 3115 1285 3170 Et
1323 3113 1588 3178 transivi,
1626 3119 1682 3166 et
1728 3123 1857 3164 ecce
1901 3123 2010 3162 non

2117 3107 2511 3180 ἐπαιρόμενον,
2566 3110 2642 3174 ὡς
2680 3111 2781 3173 τὰς
2832 3111 3058 3183 κέδρους
3112 3111 3209 3165 τοῦ
3267 3112 3526 3169 Λιϐάνου.
3590 3114 3701 3167 Καὶ

421 3240 539 3282 erat
566 3245 579 3280 :
608 3221 835 3295 quaesivi
866 3233 1012 3279 eum,
1045 3223 1099 3269 ct
1128 3227 1237 3266 non
1259 3217 1342 3265 est
1365 3209 1622 3263 inventus
1653 3205 1809 3258 locus
1829 3202 2004 3273 ejus.»

422 3319 573 3374 Vidit
607 3315 752 3371 enim
782 3322 1018 3380 magnus
1047 3305 1216 3360 David
1242 3312 1294 3357 et
1324 3303 1486 3356 finem
1513 3297 1662 3368 regni
1705 3295 1889 3350 Saulis
1911 3335 1927 3357 ,
1958 3304 2012 3348 et

421 3410 769 3467 eversionem
836 3399 1143 3472 tyrannidis
1211 3391 1532 3459 Absalomi,
1592 3399 1646 3445 et
1698 3387 2008 3457 superbiam

421 3515 588 3572 atque
626 3497 912 3554 interitum
960 3489 1126 3544 Naasi
1176 3485 1543 3548 Ammanitae,
1595 3490 1650 3537 et
1691 3494 1817 3534 cum
1866 3477 2007 3531 fastu

423 3570 656 3651 mortem
688 3585 924 3645 Goliathi
949 3582 1268 3650 alienigenae
1291 3617 1306 3643 ,
1338 3585 1393 3630 et
1417 3574 1652 3628 aliorum
1683 3583 1880 3642 praeter
1910 3570 2009 3624 hos

423 3703 532 3742 non
567 3693 870 3755 paucorum
898 3673 1268 3741 arrogantiam
1305 3677 1357 3722 et
1401 3664 1714 3735 superbiam
1740 3702 1755 3727 ,
1792 3671 1842 3716 et
1883 3661 2010 3715 ulti-

421 3754 576 3834 mam
619 3773 938 3846 perniciem.
978 3765 1172 3822 Merito
1213 3762 1380 3832 igitur
1423 3759 1642 3812 illorum
1689 3754 2006 3809 felicitatem

419 3872 699 3928 Stcrilibus
724 3864 1014 3921 arboribus
1042 3855 1402 3928 comparavit.
1432 3852 1614 3907 Vanos
1657 3859 1837 3904 autem
1884 3862 2008 3904 esse

385 3966 583 4028 ‘dicit,
621 3978 728 4016 non
765 3959 942 4014 solum
983 3955 1132 4024 ipsos
1155 3991 1169 4017 ,
1209 3962 1398 4002 verum
1423 3944 1586 3999 etiam
1618 3958 1809 3998 eorum
1841 3943 1958 3996 lora
1991 3959 2004 3994 :

420 4073 515 4128 per
575 4051 692 4109 lia-.e
751 4059 933 4106 autem
1003 4041 1324 4098 memoriam
1385 4035 1737 4104 significavit.
1794 4031 2004 4089 Deinde

419 4165 612 4204 rursus
648 4141 1077 4200 admonitionem
1113 4145 1168 4190 et
1196 4129 1492 4186 collsilium
1519 4127 1697 4182 aﬂ‘ert.

417 4241 646 4295 ἐκείνων
680 4235 881 4295 τόπους
905 4247 918 4260 ·

336 4371 340 4375 -
419 4331 640 4400 ϐουλὴν.

2119 3199 2416 3271 παρῆλθον,
2448 3203 2544 3256 καλ⁵
2577 3203 2687 3256 ίδοὺ
2710 3204 2810 3257 οὑκ
2840 3199 2908 3274 ἦν
2934 3220 2948 3234 ο
2986 3203 3081 3257 καὶ¹
3118 3204 3361 3275 ἐζήτησα
3387 3205 3573 3272 αὑτὸν,
3605 3207 3699 3258 καὶ

2109 3294 2209 3362 οὐχ
2250 3294 2449 3366 εὑρέθη
2481 3297 2508 3348 6
2531 3295 2694 3359 τόπος
2727 3295 2917 3351 αὑτοῦ.
2960 3317 2977 3348 ι
3026 3292 3148 3350 Εῐδε
3179 3297 3352 3367 γὰρ’ὀ
3384 3299 3558 3368 μέγας
3591 3300 3697 3352 Δα-

2111 3384 2197 3438 διδ
2238 3388 2336 3440 καὶ
2367 3387 2469 3456 τῆς
2509 3387 2605 3441 τοῦ
2630 3388 2828 3442 ’Σαοὺλ
2860 3388 3142 3458 βασιλείας
3171 3389 3230 3442 τὸ
3253 3390 3428 3456 τέλος,
3471 3391 3566 3444 καὶ
3598 3390 3698 3458 τῆς

2108 3477 2206 3530 τοῦ
2243 3479 2607 3550 Ἀϐεσσαλὼμ
2657 3481 2976 3550 τυραννίδος
3013 3482 3105 3536 τὸν
3135 3482 3381 3554 ὄλεθρον,
3414 3484 3510 3537 καὶ
3541 3482 3697 3546 Ναάς

2109 3572 2205 3625 τοῦ
2266 3572 2607 3642 Ἀμμανίτου
2665 3575 2829 3628 xui."
2874 3576 2974 3645 τὴν
3012 3577 3401 3646 ὑπερηφανίαν
3448 3577 3538 3630 καὶ
3597 3577 3696 3647 τὴν

2109 3663 2408 3732 ἀπώλειαν,
2443 3667 2540 3719 καὶ
2585 3667 2679 3719 τοῦ
2718 3667 3023 3736 ἀλλοφύλου
3065 3668 3260 3722 Γολιὰο
3301 3668 3399 3721 σὺν
3427 3668 3507 3739 τῷ
3540 3668 3696 3738 τύφῳ

2107 3760 2201 3813 τὸν
2249 3759 2484 3814 θάνατον
2515 3777 2530 3792 ·
2567 3763 2664 3813 καὶ
2695 3761 2873 3814 ἄλλων
2909 3757 2978 3814 αὖ
3019 3762 3155 3832 πρὸς
3196 3761 3408 3827 τούτοις
3451 3764 3552 3817 οὑκ
3580 3763 3694 3816 6).!-

2109 3869 2224 3920 γων
2272 3853 2366 3906 καὶ
2397 3852 2496 3924 τὴν
2531 3853 2878 3918 ἀλαζονείαν,
2921 3853 3018 3908 καὶ
3066 3853 3166 3924 τὴν
3218 3855 3601 3926 ὑπερηφανίαν
3623 3855 3694 3918 ³³,

2109 3946 2205 3998 καὶ
2231 3944 2328 4016 τὴν
2360 3945 2764 4015 πανωλεθρίαν.
2799 3945 3039 4008 Εἰκότως
3065 3947 3248 3999 τοίνυν
3274 3950 3387 4008 τοῖς
3421 3949 3696 4020 ἀκάρποις

2106 4038 2348 4107 δένδροις
2371 4038 2470 4109 τὴν
2502 4037 2730 4092 ἐκείνων
2763 4038 3067 4110 εὐημερίαν
3098 4040 3392 4094 ἀπείκασε.
3423 4040 3697 4109 Φρούδους

2111 4129 2170 4182 δὲ
2215 4130 2317 4200 ἔφη
2350 4130 2682 4200 γεγενῆσθαι
2714 4130 2774 4183 οὐ
2826 4131 2988 4199 μόνον
3026 4131 3245 4195 αὑτοὺς,
3270 4129 3406 4184 ἀλλά
3445 4133 3540 4187 καὶ
3571 4132 3697 4196 τοὺς

972 4227 1060 4280 διὰ
1106 4222 1314 4276 τούτων
1392 4219 1449 4272 δὲ
1523 4217 1624 4288 τὴν
1673 4217 1896 4288 μνήμην
1953 4217 2249 4288 ἐδήλωσεν.
2310 4216 2447 4275 Εἶτα
2510 4221 2677 4274 πάλιν
2729 4222 3015 4291 εἰσήγησιν
3068 4221 3317 4293 εἰσφέρει
3391 4225 3486 4277 καὶ
3555 4243 3700 4297 συμ-

489 4423 656 4478 Vens.
690 4419 780 4473 57.
813 4435 829 4466 ι
862 4409 1092 4468 Custodi
1125 4406 1518 4472 innocentiam,
1552 4412 1605 4458 et
1629 4401 1754 4457 vide
1784 4402 2011 4470 aequita-

2185 4396 2283 4460 λζ’.
2327 4413 2347 4446 ι
2383 4394 2629 4448 Φύλασσε
2670 4396 2932 4459 ἀκακίαν,
2975 4398 3071 4450 καὶ
3106 4397 3183 4450 ἴδε
3211 4396 3506 4471 εὐθύτητα,
3537 4401 3620 4453 ὅτι
3651 4401 3696 4434 ⁸⁵

420 4527 550 4573 tem.
583 4511 842 4582 quoniam
873 4514 999 4558 sunt
1032 4498 1275 4567 reliquiae
1310 4495 1519 4552 homini
1555 4492 1805 4563 pacifico.
1832 4511 1849 4542 ι
1895 4489 2010 4546 Hoc

395 4600 788 4676 "Symmachus
841 4594 922 4649 sic
959 4591 1161 4645 vertit:
1214 4587 1440 4642 Custodi
1476 4583 1877 4652 simplicitatem
1903 4622 1916 4647 ,
1957 4591 2008 4635 et

419 4698 535 4753 ride
568 4707 808 4754 rectum,
852 4692 870 4712 ‘
906 4686 1156 4758 quoniam
1201 4693 1323 4739 sunt
1371 4681 1556 4751 futura
1605 4676 1805 4729 homini
1854 4676 2007 4745 paci-

399 4792 544 4861 "ﬁco.
583 4787 660 4842 Ne
698 4783 962 4855 respicias
985 4822 1000 4847 ,
1036 4781 1138 4844 ait,
1183 4779 1236 4833 in
1288 4780 1586 4844 praesentes
1616 4769 1958 4824 calamitates
1989 4808 2003 4832 ,

419 4884 515 4940 sed
551 4881 734 4936 futura
773 4885 1050 4948 exspecta.
1092 4872 1210 4926 Erit
1251 4868 1396 4922 enim
1448 4877 1666 4936 tempus
1694 4905 1710 4931 ,
1747 4877 1858 4933 quo
1903 4863 2001 4925 iis,

401 4977 517 5048 -qui
577 4973 983 5044 simplicitatem
1050 4976 1105 5022 et
1164 4961 1550 5016 rectitudiuem
1600 4956 2004 5020 excoluerunt,

421 5081 635 5125 merces
669 5078 977 5136 congruens
1011 5054 1362 5128 rependetur.

2117 4488 2268 4541 ἐστὶν
2315 4489 2734 4558 ἐγκατάλειμμα
2760 4487 3040 4561 ἀνθρώπῳ
3074 4490 3362 4560 είρηνικῷ.
3403 4510 3422 4542 ι
3457 4493 3628 4547 Τοῦτο
3653 4494 3696 4526 ³⁸

2113 4577 2170 4631 δὲ
2205 4579 2232 4631 6
2283 4579 2583 4650 Σύμμαχος
2624 4579 2800 4642 οὑτως
2843 4580 2982 4650 ἔφη·
3038 4581 3330 4635 Φύλασσε
3359 4582 3696 4652 ἁπλότητα,

2113 4673 2208 4725 καὶ
2237 4671 2345 4740 ὅρα
2383 4672 2550 4738 εὐθὺ,
2579 4671 2668 4726 ὅτι
2704 4673 2834 4726 ἐστὶ
2861 4673 3172 4741 μέλλοντα
3205 4673 3497 4742 ἀνθρώπῳ
3535 4678 3697 4743 etp-n-

2110 4761 2279 4827 νικῷ.
2314 4763 2405 4833 Μὴ
2433 4763 2771 4835 ἀποϐλέψῃς,
2809 4765 2997 4833 φησὶν,
3033 4766 3113 4827 είς
3142 4763 3212 4816 τὰ
3240 4763 3486 4834 παρόντα
3520 4764 3698 4836 λυπη-

2109 4860 2199 4930 ρὰ,
2230 4859 2365 4913 ἀλλά
2411 4860 2714 4930 προσδέχου
2739 4860 2808 4913 τὰ
2843 4859 3130 4929 μέλλοντα.
3165 4859 3321 4912 Ἐστι
3348 4860 3457 4931 γὰρ
3481 4859 3694 4932 καιρὸς,

2103 4949 2163 5002 έν
2189 4942 2232 5017 ᾧ
2258 4953 2370 5014 τοῖς
2395 4951 2661 5021 ἁπλότητι
2695 4951 2790 5004 καὶ
2823 4949 3080 5022 εύΟύτητι
3111 4950 3476 5022 κεχρημένοις
3498 4951 3698 5006 ἀποδο-

2106 5039 2332 5111 θήσεται
2365 5043 2393 5094 ὁ
2423 5042 2721 5113 προσήκων
2755 5041 2972 5112 μισθός.

1529 5207 1766 5263 νΑῐιιΑς
1796 5205 2187 5262 LECTIONES
2247 5207 2335 5262 ET
2385 5206 2619 5263 ΝΟΤᾸΞ.

513 5355 744 5428 υζοὺδᾴ
787 5353 894 5428 μή.
932 5352 1072 5428 cod_._
1097 5349 1132 5402 2
1158 5347 1344 5428 οὑδξοὺ
1380 5349 1483 5428 μή.

421 5429 468 5459 ³⁵
487 5427 609 5482 cod.
636 5429 685 5490 1,
706 5426 744 5479 ‘2
765 5425 949 5477 αὑτόν.

421 5515 540 5568 σης,
631 5486 822 5568 “cod.
861 5490 1098 5568 ιταὺτό.
1137 5489 1258 5544 cod.
1284 5489 1318 5542 2
1341 5490 1464 5568 ἀντῖζ
1491 5486 1700 5541 τούτου.

416 5568 452 5618 2
478 5559 631 5620 Ἐπεί.
727 5565 769 5596 ³¹
799 5563 985 5617 Ἀλλ’.
1019 5561 1180 5612 Abest
1219 5574 1247 5612 a
1282 5560 1403 5626 cod.
1425 5559 1493 5611 Ί.

1027 5423 1072 5452 ⁸⁸
1099 5420 1221 5473 cod.
1253 5421 1274 5472 1
1304 5415 1498 5471 ταῦτα.
1572 5419 1618 5448 ’⁸
1645 5416 1876 5482 Ταύτης
1914 5437 2011 5455 —‘

2114 5415 2235 5470 νέα.
2274 5416 2393 5470 Des.
2434 5417 2573 5484 apud
2610 5417 2775 5468 Cord.
2806 5431 2856 5482 p.
2887 5415 3010 5469 671.

1586 5505 1700 5589 ᾆουἶ
1797 5490 1841 5518 ¹⁹
1871 5488 1977 5541 Καὶ
2016 5487 2106 5538 ἐν.
2150 5488 2270 5539 cod.
2305 5486 2354 5548 Ἰ,
2403 5486 2437 5539 2
2475 5487 2598 5538 κάν.
2651 5486 2723 5540 Ita
2759 5501 2978 5554 quicque
3026 5495 3150 5553 post
3189 5501 3384 5556 pauca.

1659 5562 1688 5589 Ιι
1703 5559 1762 5589 nl
1818 5560 1972 5589 Αλποι
2001 5573 2026 5589 ιι
2063 5558 2163 5589 tu“!
2212 5560 2244 5589 (ι)
2345 5556 2392 5588 ³³
2426 5556 2525 5589 νη)
2551 5555 2666 5589 *ἕνα
2692 5559 3115 5589 αἰηοηνιωηινΙιιιυι
3169 5559 3323 5589 Διηλρι
3359 5573 3384 5589 η

1656 5559 1781 5611 Kal.
1813 5560 1976 5612 Abt-st
2000 5573 2029 5610 a
2063 5558 2186 5611 cod.
2212 5560 2264 5609 2.
2345 5556 2392 5588 ³³
2419 5556 2525 5610 Kal
2551 5553 3130 5624 tijr.€v:zepnjoarlar.
3160 5553 3330 5610 Abest
3357 5573 3385 5610 a
3413 5556 3538 5612 cod.
3561 5556 3614 5622 1,
3635 5553 3690 5609 2.

1581 5347 1626 5378 ⁸³
1659 5346 2011 5400 Καταδικάσι

2114 5363 2158 5399 ἰ.
2199 5343 2271 5399 Ita
2302 5346 2354 5398 in
2389 5347 2512 5401 cod.
2557 5346 2714 5399 Alex.
2774 5345 2877 5414 leg.
2928 5346 3048 5400 cod.
3080 5344 3255 5401 Vatic.
3307 5344 3692 5400 καταδικάσαι.

3091 5417 3136 5447 ³⁷
3163 5417 3281 5470 cod.
3312 5418 3332 5468 1
3369 5416 3696 5485 διαρπαγεί-

3091 5495 3150 5539 ist
3189 5501 3384 5539 pauca.
3483 5485 3528 5517 ³ο
3569 5485 3694 5539 cod.

3569 5501 3694 5540 COG.

421 5636 465 5666 “
490 5639 611 5690 Ὅτι
639 5665 708 5677 -
731 5629 1028 5700 είρηνικῷ.
1068 5628 1230 5700 Hebr.
1265 5633 1388 5699 quia
1412 5630 1532 5696 ﬁnis
1565 5631 1695 5687 viro,
1739 5645 1838 5692 stu.
1879 5629 2003 5700 tali.
2031 5643 2134 5696 pax
2194 5629 2315 5682 erit.
2361 5626 2518 5679 Hunc
2546 5643 2776 5700 sensum
2837 5630 3177 5694 expressisse
3217 5628 3432 5681 videtur
3474 5626 3691 5700 Aquila,

405 5708 577 5772 cujus
607 5697 1186 5772 tuncuinterprelatio
1224 5697 1284 5753 b.
1321 5701 1356 5754 Ι.
1394 5714 1584 5755 manca
1619 5709 1725 5763 cst,
1766 5713 1892 5752 cum
1935 5699 2067 5751 nihil
2092 5710 2288 5768 praeter
2315 5714 2499 5752 vocem
2541 5697 2772 5767 ἔσχατον
2819 5697 2885 5751 de
2925 5698 3015 5754 illa
3061 5700 3325 5768 supersit.
3417 5697 3466 5729 ³³

421 5771 714 5844 σὶρηνικῲ.
757 5773 875 5827 Des.
909 5773 960 5824 iu
988 5772 1108 5825 cod.
1141 5771 1187 5823 1.

3553 5696 3696 5750 mito
