4108 6426
436 360 571 424 1139
1417 353 1906 415 THEODORETI
1943 351 2058 411 EPI

2075 351 2286 411 SCOPI
2325 351 2696 412 CYRENSIS
3552 348 3686 414 1140

431 484 551 526 cata
584 485 721 524 mea.
771 488 790 522 ι
824 467 1122 538 Supplicia,
1165 468 1360 538 inquit,
1399 467 1627 523 all-ctus
1655 465 1860 536 peccati
1894 465 1998 518 mei
2033 475 2053 526 Α

2057 476 2072 526 ι
2105 462 2316 526 ὀστέοις
2349 480 2451 533 μου
2476 464 2585 516 ἀπὸ
2600 463 2646 495 ⁸⁸
2674 455 2966 534 προσώπου
2991 463 3100 517 τῶν
3127 461 3415 534 ἁμαρτιῶν
3440 479 3542 531 μου
3561 465 3629 517 ⁸³.
3661 481 3679 514 ι

431 563 690 618 recordor
724 581 737 617 :
778 562 927 616 illius
981 574 1162 615 autem
1218 559 1530 615 recordatio
1567 558 1822 630 querelas
1865 555 2000 610 milii

2111 555 2472 622 Νυττόμενος,
2516 555 2674 625 φησὶ,
2718 557 2786 626 τῇ
2833 554 3073 626 τιμωρίᾳ
3102 556 3201 626 τῆς
3240 555 3518 626 ἁμαρτίας
3552 556 3687 608 ἀνα-

432 664 485 707 ct
529 654 788 724 ploratus
821 650 1056 716 inducit,
1089 667 1152 705 ex
1187 649 1275 706 liis
1309 665 1439 704 vero
1491 662 1748 704 aerumnae
1781 646 1913 700 mibi
1948 653 2004 700 et

2113 644 2500 713 μιμνήσκομαι
2526 659 2540 674 ·
2574 645 2608 713 ἡ
2641 643 2698 696 δέ
2733 644 2906 714 αὐτῆς
2939 646 3126 716 μνήμη
3170 644 3404 716 θρήνους
3457 661 3549 714 μοι
3592 646 3688 699 καὶ

429 745 663 800 miscrize
703 753 1025 799 nascuntur.

2109 733 2380 802 ὀδυρμοὺς
2418 731 2753 801 ἐργάζεταιο
2810 733 2876 786 ἐκ
2925 733 2983 786 δέ
3028 733 3236 787 τούτων
3279 732 3550 803 κακουχία
3594 749 3690 803 μοι

2110 823 2206 876 καὶ
2240 823 2588 893 ταλαιπωρία
2625 824 3009 894 προσγίνεται.

501 925 666 980 Vens.
695 923 808 980 5-7.
837 943 855 976 ι
883 923 1150 991 Quoniam
1176 923 1491 994 iniquitates
1520 936 1653 977 mere
1672 926 2005 988 superarunt

2178 912 2317 976 ε’-ξ,
2357 929 2377 964 ‹
2418 913 2540 966 Ὀτι
2573 913 2632 966 αἱ
2669 914 2890 985 ἀνομίαι
2932 931 3035 985 μου
3071 914 3358 987 ὑπερῆράν
3381 914 3482 987 τὴν
3511 932 3687 986 κεφα-

425 1025 585 1089 caput
619 1031 823 1080 meum,
853 1029 907 1072 et
937 1017 1078 1072 sicut
1107 1031 1248 1072 onus
1272 1030 1434 1086 grave
1462 1023 1698 1085 gravatae
1739 1019 1867 1067 sunt
1904 1025 2000 1064 su-

2109 1003 2210 1075 λήν
2261 1021 2386 1074 μου,
2416 1003 2548 1057 ὡσεὶ
2581 1005 2803 1076 φορτίον
2844 1005 2984 1076 βαρὺ
3015 1006 3396 1078 ἐϐαρύνθησαν
3425 1007 3514 1060 ἐπ’
3559 1008 3684 1077 ἐμέ.

347 1129 353 1136 -
426 1124 518 1178 per
539 1123 646 1167 me.
672 1107 1008 1161 Putruerunt
1028 1114 1082 1160 et
1101 1116 1374 1175 corruptae
1399 1115 1529 1160 sunt
1552 1101 1838 1158 cicatrices
1869 1115 1969 1153 me:

2109 1095 2470 1164 Προσώζεσαν
2499 1094 2596 1149 καὶ
2625 1095 2908 1166 ἐσάπησαν
2933 1098 2985 1149 οί
3029 1096 3302 1167 μώλωπές
3344 1114 3468 1166 μου,
3515 1099 3612 1151 καὶ
3642 1098 3687 1130 ⁶⁶

427 1205 646 1266 propter
698 1196 1069 1266 insipientiam
1107 1211 1303 1249 meam.
1364 1195 1524 1249 Miser
1574 1193 1750 1248 factus
1791 1205 1912 1246 sum
1948 1197 2004 1242 et

2107 1184 2221 1238 ἀπὸ
2244 1184 2537 1256 προσώπου
2570 1185 2668 1256 τῆς
2687 1185 3002 1257 ἀφροσύνης
3033 1204 3157 1258 μου.
3207 1187 3685 1258 Ἑταλαιπώρησα,

423 1295 685 1342 curvatus
721 1299 843 1340 sum
878 1284 932 1338 in
985 1294 1332 1355 perpetuum,
1373 1293 1486 1338 tota
1520 1283 1609 1338 die
1645 1282 2001 1336 contristatus

2107 1277 2204 1329 καὶ
2256 1276 2654 1347 κατεκάμφθην
2712 1277 2816 1340 ἕως
2874 1279 3093 1345 τέλους,
3138 1278 3267 1350 ὅλην
3317 1282 3417 1350 τὴν
3469 1281 3686 1352 ἡμέραν

423 1373 778 1444 ingrediebar.
813 1391 830 1424 ι
853 1372 1062 1427 lntlexit
1085 1389 1190 1440 me,
1213 1372 1590 1446 “inquit,
1613 1387 1773 1444 grave
1793 1371 1998 1442 peccati

2109 1366 2524 1439 σκυθρωπάζων
2555 1370 2920 1440 ἐπορευόμην.
2957 1389 2977 1422 ›
3013 1371 3360 1442 Κατέκαμψέ
3405 1389 3496 1442 με,
3529 1372 3681 1442 φησὶ,

421 1480 563 1518 onus
594 1482 607 1517 :
641 1477 877 1518 maerore
919 1473 1102 1518 autem
1140 1479 1227 1517 me
1259 1463 1424 1518 aﬂicit
1466 1463 1648 1532 gravis
1695 1461 1834 1515 odor
1872 1462 1994 1513 illo-

2105 1458 2168 1511 τὸ
2189 1459 2328 1530 βαρὺ
2359 1459 2460 1529 τῆς
2487 1459 2766 1531 ἁμαρτίας
2812 1460 3030 1530 φορτίον
3051 1501 3066 1528 ,
3095 1461 3223 1532 ἀνιᾷ
3249 1461 3306 1515 δέ
3345 1477 3415 1533 με
3443 1463 3537 1515 καὶ
3575 1462 3685 1517 τῶν

424 1572 542 1610 rum
576 1555 862 1610 vulnerum
895 1559 1008 1625 jam
1054 1556 1424 1626 putridorum,
1456 1571 1580 1626 qua:
1624 1553 1831 1624 accepi,
1875 1569 1997 1608 cum

2109 1553 2430 1621 σεσηπὸτων
2480 1551 2706 1605 ἐκείνων
2745 1553 3078 1623 τραυμάτων
3131 1554 3165 1618 ἠ
3199 1552 3488 1623 δυσοσμία,
3517 1553 3554 1608 ὃ.
3587 1553 3685 1624 τὴν

400 1645 766 1715 prudentiam
815 1644 991 1715 abjeci
1043 1655 1096 1701 et
1141 1644 1469 1715 insipientia:
1510 1644 1733 1700 servivi.
1787 1643 1904 1709 Qua
1935 1644 2001 1697 de

2109 1643 2368 1712 φρόνησιν
2424 1641 2718 1696 ἀποϐαλὼν
2771 1643 2869 1697 καὶ
2931 1645 3000 1715 τῇ
3055 1643 3338 1716 ἀφροσύνῃ
3395 1643 3685 1708 δουλεύσας

423 1751 588 1793 causa
619 1737 768 1792 omni
809 1738 1092 1808 voluptate
1125 1739 1406 1807 privatus,
1451 1751 1659 1792 maereo
1705 1744 1758 1790 et
1804 1750 1998 1805 perpe-

2108 1732 2484 1804 εἰσεδεξάμην.
2527 1726 2602 1787 Οὗ
2636 1734 2704 1806 δὴ
2751 1736 2912 1805 χάριν
2949 1735 3132 1806 πάσης
3162 1735 3429 1806 θυμηδίας
3463 1738 3687 1806 ἐστερη-

423 1839 517 1886 tuo
549 1830 721 1886 tristis
752 1845 899 1896 sum,
930 1839 984 1886 et
1024 1831 1276 1886 maeroris
1315 1829 1746 1886 vicissitudinem
1778 1843 1888 1882 non
1919 1828 2002 1882 in-
2034 1830 2045 1882 1

2063 1833 2074 1880 ι
2113 1829 2296 1896 μένος,
2325 1825 2582 1896 άσχάλλω
2617 1826 2712 1878 καὶ
2753 1825 2903 1879 ἀλύω
2943 1826 3234 1896 διηνεκῶς,
3273 1826 3371 1882 καὶ
3402 1829 3504 1897 τῆς
3557 1843 3685 1880 σκυ-

421 1925 601 1978 venio.
2103 1917 2454 1988 θρωπότητος
2484 1916 2788 1989 μεταϐολὴν
2818 1917 2916 1987 οὐχ
2946 1917 3204 1988 εὑρίσκω.

493 2032 656 2088 Vens.
695 2032 748 2088 8.
796 2052 815 2086 ι
859 2031 1131 2100 Quoniam
1168 2033 1338 2088 lumbi
1383 2037 1488 2088 mei
1526 2034 1733 2106 impleti
1771 2045 1900 2091 sunt
1932 2035 2000 2089 il-

2173 2037 2241 2100 η’.
2285 2049 2304 2083 ι
2348 2029 2532 2084 "Gtt"
2567 2032 2623 2084 αἱ
2657 2031 2790 2098 ψόαι
2830 2031 2876 2063 ⁶²
2921 2049 3024 2103 μου
3060 2031 3414 2103 ἐπλήσθησαν
3447 2033 3685 2102 ἐμπαιγ-

421 2129 752 2193 lusionibus,
787 2137 842 2184 et
879 2143 985 2184 non
1016 2137 1102 2183 est
1137 2129 1346 2184 sanitas
1378 2127 1432 2183 in
1467 2145 1634 2185 carne
1667 2145 1805 2186 mea.
1846 2150 1864 2182 ι
1896 2129 1999 2184 Per

2103 2123 2290 2194 μάτων
2314 2163 2327 2187 ,
2375 2124 2534 2176 sui"
2569 2124 2670 2177 οὐκ
2718 2121 2870 2178 ἐστιν
2915 2123 3062 2187 ἴασις
3099 2127 3156 2178 ἐν
3185 2127 3251 2196 τῇ
3294 2124 3459 2196 σαρκί
3497 2141 3616 2194 μου.
3657 2144 3675 2176 ι

418 2221 645 2286 turribus,
670 2221 1172 2292 concupiscentiam
1195 2221 1392 2276 innuit.
1421 2221 1513 2278 llis
1535 2222 1680 2282 enim
1729 2222 1999 2277 inhaerent

2099 2215 2200 2269 Διὰ
2232 2215 2339 2268 τῶν
2380 2213 2610 2284 ψυῶν-⁸⁸
2655 2214 2757 2288 τὴν
2805 2215 3105 2286 ἐπιθυμίαν
3153 2216 3396 2289 ᾐνίξατο.
3444 2215 3685 2280 Ταύταις

422 2327 604 2380 renes,
639 2329 738 2384 per
778 2329 918 2384 quos
962 2317 1236 2385 apprtitus
1267 2315 1492 2370 excitari
1527 2314 1721 2370 solent.
1759 2313 1993 2370 Istorum

2099 2307 2208 2377 γὰρ
2239 2305 2521 2375 έγκεινται
2553 2307 2605 2360 oi
2635 2308 2850 2380 νεφροὶ,
2880 2309 2949 2361 δι’
2978 2302 3053 2362 ὧν
3080 2309 3136 2362 αἱ
3167 2307 3378 2380 ὀρέξεις
3413 2307 3683 2360 κινεῖσθαι

422 2406 591 2477 igitur
624 2407 922 2474 malorum,
953 2408 1154 2478 inquit,
1190 2422 1358 2463 causa
1386 2407 1520 2462 mihi
1555 2406 1676 2475 fuit,
1709 2408 1856 2478 quod
1885 2423 1996 2464 non

2100 2397 2403 2467 πεφύκασι.
2448 2399 2613 2467 Λέγει
2665 2400 2876 2466 τοίνυν,
2927 2400 3009 2453 ὅτι
3051 2401 3262 2453 τούτων
3279 2397 3326 2430 ⁸⁸
3372 2398 3546 2453 αἴτιόν
3592 2414 3683 2468 μοι

421 2497 490 2553 ad
525 2506 758 2564 rectum,
793 2497 887 2554 sed
913 2497 978 2552 ad
1006 2497 1287 2554 lasciviam
1315 2499 1759 2569 concupiscentia
1789 2499 1998 2555 abusus

2098 2490 2394 2560 γεγένηται
2423 2491 2534 2542 τῶν
2565 2490 2753 2544 κακῶν
2773 2490 2836 2544 τὸ
2879 2490 2953 2562 μὴ
2986 2492 3067 2555 είς
3097 2489 3236 2556 δέον,
3267 2489 3382 2543 ἀλλ’
3413 2491 3496 2556 είς
3529 2491 3679 2544 ἀσω-

418 2589 553 2646 ιίιιι.
2095 2581 2219 2635 τίαν
2240 2583 2306 2653 τῇ
2339 2581 2610 2654 ἐπιθυμίᾳ
2643 2581 3123 2654 προσχρήσασθαι.

490 2702 655 2758 Vens.
698 2703 751 2758 9.
817 2721 836 2754 ι
892 2702 1136 2758 Amictus
1183 2719 1351 2771 sum,
1401 2712 1455 2759 et
1501 2703 1825 2760 humiliatus
1870 2721 1992 2760 smn

2167 2699 2234 2752 θ’.
2282 2718 2300 2750 ι
2356 2697 2677 2769 Ἐκακώθην
2719 2698 2816 2752 καὶ
2863 2695 3241 2768 ἐταπεινώθην
3287 2696 3394 2759 ἕως
3435 2695 3676 2769 σφόδραο

419 2793 616 2850 valde:
643 2794 924 2866 rugiebam
954 2795 1024 2849 ob
1046 2795 1305 2866 gemitum
1332 2796 1514 2851 cordis
1547 2797 1674 2850 mei.
1713 2817 1732 2849 ›
1769 2796 1845 2850 Ex
1879 2796 1992 2862 illa,

2097 2790 2360 2862 ὠρυόμην
2405 2789 2514 2843 ἀπὸ
2567 2789 2878 2861 στεναγμοῦ
2922 2789 3024 2860 τῆς
3061 2787 3288 2859 καρδίας
3334 2805 3457 2858 μου.
3507 2806 3526 2840 ι
3588 2788 3679 2852 Ἐξ

417 2889 620 2959 inquit,
659 2887 1110 2958 concupiscentia
1159 2888 1263 2944 hoc
1296 2889 1534 2959 percepi,
1587 2889 1733 2958 quod
1780 2889 1834 2942 in
1885 2899 1992 2944 ter-

2095 2877 2345 2946 ἐκείνης,
2405 2879 2577 2948 φησὶ,
2629 2879 2728 2950 τῆς
2786 2877 3086 2948 ἐπιθυμίας
3130 2877 3412 2950 ἐτρύγησα
3470 2879 3532 2931 τδ
3575 2877 3677 2934 κύ-

417 2997 540 3037 ram.
587 2981 907 3036 incurvatus
960 2981 1085 3045 sim,
1143 2991 1196 3035 et
1247 2996 1465 3050 semper
1509 2981 1722 3052 lugeam
1769 2989 1995 3050 prepter

2095 2986 2250 3022 πτειν
2267 2969 2313 3000 ⁸⁸
2351 2970 2430 3031 εἰς
2461 2969 2595 3038 γῆν,
2631 2969 2728 3022 καὶ
2759 2969 3027 3040 διηνεκῶς
3063 2969 3423 3043 ὀλοφύρεσθαι
3454 2970 3542 3024 διὰ
3578 2971 3677 3036 τὰς

418 3069 650 3127 acerbos
701 3070 886 3125 cordis
941 3072 1050 3125 mei
1098 3071 1337 3126 dolores.
1390 3070 1736 3141 Quapropter
1784 3079 1992 3126 mutata

2095 3059 2300 3131 πικρὰς
2338 3059 2438 3130 τῆς
2465 3060 2695 3131 καρδίας
2731 3060 2946 3125 ὀδύνας.
2985 3061 3189 3114 Τούτου
3227 3062 3388 3133 χάριν
3419 3064 3515 3134 τῆς
3559 3063 3678 3115 ἐπι-

418 3162 885 3231 eoncupiscentiae
913 3177 1099 3232 opera,
1153 3163 1300 3216 illam
1349 3162 1546 3217 divina:
1579 3161 1875 3217 voluntatis
1912 3160 1992 3217 ef—
2021 3161 2040 3219 (

2054 3164 2062 3218 ι
2097 3151 2297 3224 θυμίας
2339 3150 2663 3224 μετασαλὼν
2703 3151 2800 3223 τὴν
2831 3153 3150 3224 ἐνέργειαν,
3199 3153 3475 3225 δπουργδν
3509 3154 3676 3224 αὐτὴν

418 3253 522 3310 feci
553 3255 883 3310 ministram.
919 3253 1033 3310 Hoc
1063 3255 1209 3309 enim
1249 3255 1539 3325 subjunxit
1578 3273 1590 3308 :

2097 3241 2412 3314 κατέστησα
2441 3241 2536 3295 τοῦ
2580 3241 2728 3295 θείου
2771 3241 3135 3314 βουλήματος.
3178 3243 3353 3298 Τοῦτο
3400 3245 3511 3317 γάρ
3574 3245 3675 3298 έπ-

2098 3336 2296 3408 ἤγαγε·

490 3461 658 3516 Vrzns.
703 3461 788 3516 10.
837 3479 857 3514 ι
900 3460 1150 3526 Domine,
1191 3472 1317 3516 ante
1366 3471 1417 3516 te
1449 3477 1611 3517 omne
1660 3461 1992 3517 desiderium

2168 3455 2222 3502 t'.
2280 3467 2299 3501 ι
2349 3448 2520 3519 Κύριε
2541 3449 2607 3513 ⁸⁷,
2659 3449 2906 3504 ἐναντίον
2957 3466 3052 3502 σου
3105 3451 3255 3504 πᾶσα
3306 3450 3341 3522 η
3407 3449 3674 3522 ἐπιθυμία

419 3569 629 3609 nicum.
676 3573 695 3605 ι
754 3552 1026 3620 Quoniam
1061 3555 1209 3609 enim
1239 3554 1405 3609 semel
1441 3553 1556 3623 ipsa
1589 3553 1800 3608 abusus
1846 3569 1991 3619 sum,

2099 3557 2223 3610 μου.
2285 3558 2304 3592 ι
2363 3539 2586 3614 Ἐπειδὴ
2623 3541 2670 3572 ⁸⁸
2721 3541 2832 3612 γὰρ
2879 3542 2922 3573 ⁸⁸
2964 3541 3113 3606 ἅπαξ
3157 3543 3483 3616 ἐχρησάμην
3534 3545 3670 3614 αὐτῇ

420 3662 638 3718 semper
667 3646 926 3717 deinceps
959 3645 1106 3702 illam
1135 3647 1244 3704 tuis
1270 3647 1545 3704 mandatis
1575 3647 1848 3702 addicam.

2095 3633 2318 3700 κακῶς,
2364 3635 2453 3688 ἀεὶ
2507 3636 2621 3699 τοῖς
2673 3637 2785 3699 σοῖς
2829 3634 3000 3706 αὐτὴν
3025 3636 3072 3667 "°
3124 3634 3669 3707 ἐπιτάγμασιν-ἀνα-

2096 3725 2266 3797 θήσω.

492 3863 514 3897 ε
563 3844 628 3901 Et
669 3845 904 3916 gemitus
956 3861 1112 3902 meus
1163 3860 1195 3900 a
1235 3855 1288 3901 te
1332 3860 1442 3900 non
1490 3853 1576 3901 est
1614 3844 1990 3900 absconditus.

2173 3857 2191 3890 ι
2227 3840 2378 3894 Καὶό
2397 3841 2703 3912 στεναγμός
2721 3856 2824 3912 μου
2849 3840 2960 3896 ἀπὸ
2983 3841 3078 3895 σοῦ
3090 3841 3190 3896 οὐκ
3216 3843 3532 3916 ἀπεκρύόη.
3552 3841 3669 3917 [ιαἸ

419 3934 611 4008 Heus.
653 3937 940 4010 H.}'t‘.or
987 3953 1168 3994 meum
1203 3939 1588 3994 conturbatum
1634 3946 1738 4002 est,
1790 3936 1990 3992 dereli-

2105 3932 2172 3987 Ἦ
2206 3932 2406 4003 καρδία
2455 3949 2555 4004 μου
2598 3933 2874 4005 ἐταράχθη
2898 3950 2912 3964 ο
2955 3936 3283 4004 ἐγκατέλιπέ
3319 3954 3386 4008 με
3433 3939 3466 4008 ἡ
3518 3938 3671 4009 ἰσχύς

416 4027 538 4097 quit
563 4043 650 4083 me
680 4028 856 4084 virtus
884 4043 1006 4084 mea
1046 4035 1101 4084 et
1143 4029 1330 4084 lumen
1380 4028 1666 4083 oculorum
1717 4041 1990 4091 meorum,

2097 4041 2218 4092 μου,
2257 4024 2351 4076 καὶ
2378 4023 2438 4077 τὸ
2461 4024 2577 4094 φῶς
2602 4025 2712 4078 τῶν
2739 4026 3037 4098 ὀφθαλμῶν
3072 4046 3200 4100 μου,
3227 4031 3323 4084 καὶ
3351 4030 3540 4084 αύτότι
3572 4032 3671 4084 οὐκ

417 4126 473 4172 et
498 4117 630 4172 illud
667 4133 780 4173 non
818 4126 901 4173 est
941 4132 1176 4172 mecum.
1217 4136 1237 4168 ι
1274 4115 1461 4182 Vides,
1497 4115 1702 4185 inquit,
1738 4129 1771 4170 ο
1803 4113 1992 4168 Ι)οωί-

2092 4116 2208 4169 έστι
2237 4117 2356 4187 μετ’
2383 4117 2538 4188 ἐμοῦ.
2578 4135 2597 4168 ι
2639 4117 2803 4189 Ὁρᾷς
2824 4120 2869 4151 τ’
2899 4136 3025 4189 μου,
3055 4121 3214 4191 φησὶ,
3241 4122 3509 4189 Δέσποτα,
3544 4124 3671 4186 τοὺς

416 4221 506 4272 ne,
563 4222 717 4263 meos
749 4207 918 4279 846
951 4209 1204 4278 planctus
1252 4218 1308 4264 et
1352 4209 1649 4278 lacrymas,
1705 4204 1860 4260 vides
1907 4219 1994 4260 me

2092 4206 2400 4278 ὀδυρμοὺς,
2446 4207 2545 4262 καὶ
2579 4209 2648 4262 τὰ
2679 4209 2933 4281 δάκρυα,
2991 4214 3124 4283 ὁρᾷς
3163 4229 3231 4284 με
3274 4213 3665 4285 κλονούμενον,

415 4299 702 4368 agitatum,
751 4307 808 4356 et
849 4301 1058 4356 viribus
1110 4300 1457 4363 destitutum,
1502 4306 1875 4366 consuetoque
1910 4297 1993 4351 lu-

2093 4299 2186 4351 καὶ
2232 4299 2333 4368 τῆς
2385 4299 2571 4370 ίσχύος
2603 4301 3065 4372 γεγυμνωμένον,
3108 4305 3203 4358 καὶ
3245 4305 3340 4358 τοῦ
3369 4306 3544 4374 φωτὸς
3578 4306 3667 4360 τοῦ

416 4388 563 4444 mine
601 4389 898 4460 privatum,
927 4402 980 4446 et
1008 4391 1060 4446 in
1092 4390 1325 4446 meridie
1360 4398 1623 4456 tanquam
1665 4386 1717 4440 in
1752 4387 1992 4442 tenebris

2095 4388 2364 4458 συνήθους
2392 4391 2760 4462 ἐστερημένον
2782 4391 2849 4459 ⁷⁸,
2871 4393 2966 4447 καὶ
2998 4395 3274 4464 μεσούσης
3291 4397 3508 4467 ἡμέρας
3524 4398 3601 4462 ῶς
3625 4401 3670 4430 ’δ

413 4477 724 4548 degentem.
762 4479 876 4536 Duo
900 4489 1085 4536 autem
1124 4479 1292 4534 simul
1323 4493 1420 4548 per
1457 4478 1573 4532 haec
1612 4475 1904 4546 signiﬁcat,
1937 4485 1992 4532 ct
2021 4499 2035 4554 ι

2047 4502 2064 4552 )
2093 4479 2151 4532 ἐν
2178 4480 2357 4549 σκότῳ
2384 4479 2661 4550 διάγοντα.
2691 4481 2794 4537 Δύο
2824 4483 2881 4537 δὲ
2898 4485 2945 4516 ’³
2979 4487 3120 4540 κατὰ
3145 4487 3344 4542 ταύτὸν
3366 4486 3520 4541 διὰ¹¹⁸
3548 4488 3669 4542 τού-

415 4567 672 4626 ωωτοτίε
703 4569 1161 4633 immensitatem,
1189 4582 1286 4638 per
1311 4582 1474 4637 quam
1510 4567 1601 4622 lux
1634 4583 1744 4622 non
1773 4568 1986 4624 videtur

2091 4587 2202 4625 των
2239 4571 2528 4642 σημαίνει,
2563 4573 2658 4627 καὶ
2709 4573 2807 4646 τὴν
2836 4575 2937 4648 τῆς
2979 4576 3222 4650 ἀθυμίας
3262 4563 3666 4654 ὑπερϐολὴν”,

3699 4730 3711 4790 't

1495 4761 1726 4818 ΥΑῐιΙιΕ
1765 4761 2150 4820 LECTIONES
2182 4763 2271 4818 ET
2303 4763 2536 4821 ΝΟΤᾸΕ.

521 4947 569 5024 ξι
600 4947 746 5024 nam}
798 4977 871 4992 --
921 4947 1221 5024 ἁμαρτιῶν
1275 4969 1411 5024 μου.
1473 4949 1968 5024 _Ab__bebraisrno
2006 4966 2140 5024 pu_ra

2042 4966 2140 5024 u_ra
2204 4961 2288 5024 est
2313 4949 2548 5024 _Symm.
2614 4951 2799 5024 versio
2859 4951 2946 5024 διὰ
3011 4955 3111 5017 τὰς
3184 4951 3461 5024 ἁμαρτίας
3503 4969 3660 5024 μου.

410 5017 628 5091 νΜρη·
672 5020 841 5091 Abest
888 5034 925 5075 ει-
956 5017 1092 5091 fch.
1133 5019 1187 5091 _t.
1275 5017 1334 5052 w-
1372 5020 1528 5091 Καί.
1557 5021 1725 5076 Abest
1776 5036 1807 5076 a
1871 5017 2020 5075 cou.‘

2057 5021 2114 5075 2.
2213 5021 2256 5052 σί
2310 5017 2440 5075 Ὀτι
2486 5049 2554 5063 -
2601 5020 3038 5091 ἐμπαιγμὰτων.
3089 5017 3442 5078 εοι1.’νάιίο.
3501 5017 3663 5079 habet

409 5089 491 5141 ὅτι
520 5087 730 5172 ήιψυχή
791 5107 896 5190 μου
951 5088 1194 5160 ἐπλήσθη
1240 5090 1592 5171 ἐμπαιγμῶν.
1715 5091 1759 5123 θ’
1796 5093 1968 5168 Ψόέῑι.
1999 5105 2028 5145 c

409 5165 488 5190 mi
512 5157 642 5190 Λιιιιη
766 5160 790 5190 ι
841 5157 942 5190 [Ir-3
970 5187 1030 5190 __
1069 5176 1177 5190 ηιη.
1230 5159 1329 5190 nos
1377 5176 1428 5190 In
1462 5159 1560 5190 Ληιι
1606 5161 1639 5190 ο
1757 5160 1800 5190 οι
1826 5159 1954 5190 φι-ι“
1975 5165 2026 5190 ,1.

2038 5091 2313 5190 Mle.-
2348 5101 2452 5190 ,εια
2478 5087 3066 5190 §ze.'it.a°"-'.§‘r§lem
3117 5093 3660 5190 δξὲξηι,¹εξιῐο.η.εῖξξξι

408 5157 729 5230 estesse"
766 5157 1034 5230 ιξιςαιέἶ
1059 5157 1198 5230 μου.
1227 5157 1351 5214 Des.
1376 5161 1431 5214 in
1461 5157 1585 5214 cod.
1606 5161 1660 5214 ε.
1757 5160 1800 5230 ξι
1826 5159 1954 5213 Τῶν
1975 5165 2030 5230 ψη

2042 5159 2165 5214 νῶν.
2200 5162 2320 5217 cod.
2348 5161 2398 5227 l,
2419 5160 2454 5214 2
2478 5157 2703 5230 τούτων.
2807 5162 2852 5192 ⁸⁵
2879 5161 3129 5218 Τούτων.
3155 5164 3279 5220 cod.
3318 5165 3369 5227 l,
3398 5162 3434 5216 2
3457 5157 3664 5218 addunt

410 5227 688 5303 άπάντων.
741 5229 834 5303 __“
860 5226 984 5283 eod.
1063 5226 1433 5303 κρύπτεινεῃ
1457 5231 1500 5262 ⁸⁷
1526 5231 1722 5303 Κύριε.
1757 5227 1832 5284 lla
1861 5230 1912 5283 in
1933 5226 2032 5303 cet

2038 5232 2076 5303 Ι.
2110 5229 2263 5285 Alex.
2310 5226 2582 5303 iegacod.
2609 5229 2783 5303 Vatic.
2829 5232 2988 5290 habet
3027 5235 3139 5289 καί.
3251 5235 3295 5266 ⁸³
3323 5226 3558 5300 Ἐπειδὴ
3590 5261 3660 5272 —-

408 5295 713 5369 graduum.
741 5297 877 5369 Haec
889 5297 1030 5369 apud
1056 5295 1218 5369 Gord.
1245 5314 1299 5368 p.
1331 5297 1454 5366 707,
1477 5300 1542 5355 ad
1567 5295 1712 5354 vers.
1739 5300 1971 5369 prgeced.
2000 5315 2030 5354 ri

2032 5301 2164 5354 elata
2199 5310 2343 5355 sunt.
2363 5295 2390 5303 “
2421 5301 2466 5333 θ’
2494 5299 2639 5369 Γάρ.
2668 5302 2834 5355 Abest
2853 5317 2882 5355 a
2905 5305 3022 5359 cod.
3044 5304 3098 5360 2.
3181 5304 3224 5336 ⁷⁰
3247 5305 3368 5360 cod.
3395 5305 3430 5357 2
3449 5295 3654 5364 αὐτοῖς.

410 5365 455 5438 If
487 5366 596 5438 Kal
640 5367 810 5438 αὑτό,
851 5365 1088 5438 Additur
1137 5368 1190 5438 in
1227 5365 1344 5424 eod.
1369 5365 1523 5425 Alex.
1614 5371 1664 5401 ⁷⁸
1691 5365 2032 5438 Ὅρᾷς-ὠτ

2032 5372 2314 5438 νόμασεν.
2339 5370 2463 5426 Haec
2482 5365 2624 5435 apud
2648 5370 2815 5424 Cord.
2843 5371 2878 5427 l.
2904 5388 2953 5428 c.
2986 5375 3050 5427 ad
3077 5390 3220 5429 vers.
3247 5375 3280 5429 9
3304 5375 3473 5428 relata
3508 5380 3654 5427 sunt.

487 5388 596 5419 nat
640 5388 810 5422 αυτο.
851 5388 1088 5420 ιιαωιυι·
1137 5388 1190 5421 1η
1227 5388 1344 5452 C00:
1369 5388 1523 5425 ﬁlex.
1619 5388 1664 5401 "
1713 5388 2032 5469 υρᾳς-ωτ

479 5437 590 5489 Kal
613 5465 682 5478 -ο
715 5434 1140 5504 ἐστερημένον.
1169 5437 1296 5494 Des.
1329 5457 1381 5494 In
1407 5441 1528 5496 cod.
1562 5440 1618 5494 2.
1723 5438 1743 5470 ⁷
1819 5442 1918 5504 Ως.
1949 5441 2028 5493 ΑΙ)

2027 5388 2314 5438 νομασεν.
2339 5388 2463 5426 nate
2482 5388 2624 5435 apua
2648 5388 2815 5424 Loro.
2843 5388 2878 5427 ι.
2904 5388 2953 5428 c.
2986 5388 3050 5427 au
3077 5390 3220 5429 vers.
3247 5388 3280 5429 υ
3304 5388 3473 5428 relata
3508 5388 3649 5427 sunt.

2027 5451 2115 5495 est
2152 5456 2180 5492 a
2213 5440 2332 5495 cod.
2365 5441 2421 5494 2.
2509 5441 2556 5472 ⁷⁸
2577 5439 2667 5493 Δέ.
2688 5440 2859 5496 Abest
2888 5459 2916 5496 a
2941 5444 3065 5498 eod.
3093 5445 3148 5500 3.
3256 5446 3302 5478 "
3322 5443 3442 5497 Διά.
3473 5444 3596 5497 cod.
3622 5441 3649 5495 1

412 5519 598 5572 prtem.
633 5506 747 5558 καί.
823 5507 868 5538 τ’
901 5507 1276 5574 Ὑπερϐολήν.
1311 5512 1433 5565 cod.
1459 5511 1514 5575 3,
1553 5511 1608 5563 in
1637 5523 1746 5578 quo
1775 5508 1888 5563 haec
1923 5519 2034 5564 sect

413 5574 520 5626 Kal.
548 5575 650 5634 τῆς
686 5573 868 5634 ἰσχύος
893 5575 991 5634 τὴν
1022 5576 1298 5634 γύμνωσιν
1323 5597 1338 5612 ’
1389 5581 1486 5633 τοῦ
1519 5580 1629 5634 γὰρ
1674 5577 1935 5634 συνήθους
1966 5597 2034 5634 φο

2029 5511 2091 5564 Lio
2122 5509 2308 5580 incipit
2332 5526 2360 5564 a
2382 5510 2563 5566 verbis
2592 5509 2684 5562 δύο
2713 5509 2770 5562 δὲ
2806 5527 2860 5564 κ.
2893 5512 2965 5575 λ.,
2991 5515 3139 5567 addit
3164 5530 3284 5584 qua:
3311 5522 3614 5582 sequuntur
3639 5530 3651 5564 :

2029 5581 2143 5634 οτδς
2175 5581 2542 5634 ἐστερημένος
2574 5580 2666 5634 καὶ
2699 5581 2967 5634 μεσούσης
3017 5585 3232 5634 ἡμέρας
3267 5586 3343 5634 ὡς
3391 5588 3448 5634 ἐν
3480 5582 3651 5634 σκότω

413 5575 520 5626 Καὶ
548 5575 650 5645 τῆς
686 5575 868 5644 ἰσχύος
893 5575 991 5646 τὴν
1022 5576 1298 5646 γύμνωσιν
1323 5597 1338 5612 ’
1389 5581 1486 5633 τοῦ
1519 5580 1629 5648 γὰρ
1655 5575 1935 5649 ’συνήθους
1966 5597 2031 5648 φιι

409 5642 616 5728 δι’ῆγον,
653 5646 806 5728 φησι,
828 5646 945 5728 ,ὑπό
977 5646 1089 5728 τῇς,
1103 5647 1336 5719 ἀθυμίας
1357 5667 1372 5681 ο
1414 5652 1511 5703 καὶ
1545 5646 1764 5728 θρηνῶν
1794 5649 1889 5728 καὶ
1921 5650 2031 5728 στέι

2035 5581 2143 5643 ne;
2175 5575 2542 5662 ἐστερημένος
2574 5580 2666 5634 καὶ
2697 5581 2967 5651 μεσούσης
3017 5575 3232 5653 ἡμέρας
3267 5586 3343 5648 ὡς
3391 5575 3448 5638 ἐν
3480 5582 3657 5650 σκότῳ

2035 5650 2418 5728 νωγδιηνεκως
2443 5650 2802 5728 ἐκλονούμην,
2833 5655 2928 5728 καὶ
2955 5657 3054 5721 τῆς
3078 5654 3293 5728 ,ἰσχύος
3316 5655 3502 5728 ἐνδεὴς
3533 5653 3656 5719 ἐγε-

411 5711 618 5782 νόμην·
661 5711 730 5766 Et
761 5715 962 5769 roboris
996 5711 1253 5785 defectum
1293 5711 1600 5791 {consueto
1640 5711 1788 5770 enim
1829 5716 2025 5791 lumine
2059 5711 2318 5791 priuatus,
2363 5711 2554 5791 medio,
2605 5711 2796 5791 inquit,
2841 5721 2924 5775 die
2969 5711 3124 5776 ut'in
3144 5711 3386 5780 Ἶεηὲίινὶε
3418 5711 3656 5779 versatus

413 5796 553 5848 sunt,
585 5792 794 5851 propter
821 5801 1086 5842 rumorem
1119 5805 1136 5842 :
1168 5799 1517 5862 perpetuoque
1547 5786 1690 5876 luctu
1731 5802 1792 5840 ac
1829 5789 2020 5858 gemitu
2049 5786 2314 5860 agitabar,
2355 5789 2419 5845 ab
2449 5791 2594 5846 omni
2629 5786 2812 5847 robore
2841 5793 3145 5848 destitutus.
