4108 6402
479 303 614 375 lli?

1478 313 1975 379 THEODORETI
2001 317 2344 379 EPISCOPI
2364 298 2751 382 'CYRENSIS

3618 321 3754 387 tus

474 427 703 483 machus
742 425 823 482 sic
887 427 1274 497 interpretatus
1311 437 1432 484 est:
1475 428 1809 497 Calefactum
1842 440 1919 484 est
1965 448 2046 485 cat

2163 431 2459 503 Σύμμαχος
2502 433 2678 498 οὓτως
2723 426 3072 506 ἡρμῆνευσεν
3109 434 3178 466 ¹²⁶
3237 435 3675 507 Ἐξεθερμάνθη
3714 441 3754 503 ἡ

469 535 648 575 meum
678 520 820 573 intra
857 536 954 582 me,
991 531 1039 573 et
1079 521 1204 573 dum
1237 521 1418 574 animo
1477 522 1852 589 expenderent,
1911 540 2058 577 com—

474 613 701 666 burebar
739 614 873 684 igne.
906 614 1191 668 Revocans
1224 614 1275 668 itt
1310 615 1660 680 memoriam,
1703 615 1904 686 inquit,
1933 631 2060 688 pec-

472 715 654 761 catum
681 722 885 772 meum,
917 707 1174 761 moeroris
1213 706 1336 778 igne
1364 708 1651 762 ardebam.

539 882 704 940 Vens.
731 883 787 939 5.
821 903 841 936 ι
888 883 1135 940 Locutus
1165 899 1286 939 sum
1321 885 1506 956 lingua
1546 902 1689 954 mea,
1725 889 1930 944 Notum
1972 888 2060 944 fac

471 979 625 1044 mihi,
670 977 918 1044 Domine,
963 980 1122 1033 tinem
1167 989 1472 1034 meumzet
1513 996 1804 1038 numerum
1845 983 2056 1038 dierum

468 1088 752 1139 meorum,
805 1073 932 1143 quis
984 1073 1095 1137 sit;
1137 1082 1196 1127 ttt
1245 1074 1415 1130 sciant
1463 1075 1593 1145 quid
1636 1077 1778 1132 desit
1831 1079 1986 1133 mihi.
2032 1097 2050 1131 t

466 1162 837 1218 Cettviciatori
880 1164 1047 1231 igitur
1087 1164 1224 1217 nihil
1271 1166 1563 1236 respondi,
1599 1166 1836 1223 Domino
1873 1178 2055 1224 autem

467 1258 852 1313 universorum
920 1258 1244 1328 supplicavi,
1325 1269 1385 1314 ut
1436 1268 1629 1314 notum
1702 1261 1833 1316 mihi
1894 1263 2054 1318 ﬁnent

469 1364 648 1403 meum
681 1348 870 1416 faciat,
912 1350 1074 1404 valde
1104 1359 1340 1405 mortem
1376 1351 1716 1407 desiderans.

537 1442 705 1498 Vnus.
736 1441 792 1498 6.
836 1461 854 1494 ι
883 1442 1023 1498 Ecce
1045 1443 1444 1500 mensurabiles
1473 1446 1706 1514 posuisti
1737 1444 1856 1500 dies
1877 1461 2052 1513 meos,

465 1546 520 1591 et
555 1536 863 1590 substantia
905 1551 1027 1591 mea
1069 1544 1332 1606 tanquam
1389 1537 1624 1592 nihilum
1681 1553 1868 1592 coram
1927 1549 1998 1595 te.
2030 1557 2049 1592 ι

463 1627 780 1699 852-l-loc
805 1643 999 1683 rursus
1025 1629 1395 1699 Symmachus
1440 1629 1522 1684 sie
1560 1631 1836 1700 expressit
1866 1648 1878 1685 :
1922 1629 2056 1686 Ecce

464 1720 659 1774 dedisti
693 1719 824 1772 mihi
855 1719 988 1783 dies,
1018 1728 1077 1772 ut
1138 1719 1369 1788 palmas,
1399 1729 1448 1772 et
1475 1721 1585 1774 vita
1641 1736 1756 1774 mea
1804 1730 1864 1775 ut
1921 1722 2055 1776 nihil

2163 525 2381 594 καρδία
2416 543 2537 596 μου
2566 527 2742 594 ἐντός
2783 545 2906 598 μου
2928 569 2944 596 ,
2994 528 3064 582 ἐν
3099 527 3181 594 τῷ
3209 529 3546 584 ἀναπολεῖν
3570 532 3618 563 ⁸³
3639 549 3718 602 με
3737 574 3752 597 ,

2162 617 2598 687 ἁνεκαῐόμην⁵⁵
2633 619 2800 687 πυρί.
2861 619 3451 691 Ἀναμιμνησκόμενος
3476 618 3558 687 ⁸⁵,
3597 627 3753 694 φησὶ,

2162 709 2265 781 τῆς
2291 712 2568 784 ἁμαρτίας
2597 731 2724 784 μου,
2753 713 2834 786 τῷ
2851 716 2897 747 ⁵⁸
2922 715 3024 786 τῆς
3049 713 3286 785 ἀθυμίας
3321 700 3757 792 ἐνεπιμπράμην

2163 803 2297 873 πυρί
2325 803 2391 857 ⁵⁷.

2230 900 2294 950 ε’.
2319 913 2336 946 ι
2361 893 2631 966 Ἑλάλησα
2651 897 2711 950 ὲν
2732 896 2953 971 γλώσσῃ
2975 916 3100 970 μου,
3122 900 3398 975 Γνώρισόν
3421 917 3532 972 μοι,
3555 900 3755 972 Κύριε,

2160 986 2223 1040 τὸ
2251 987 2428 1058 πέρας
2465 1005 2567 1058 μου
2590 1005 2604 1020 ο
2642 990 2735 1043 καὶ
2782 989 2876 1044 τὸν
2921 993 3160 1064 ἀριθμὸν
3207 995 3317 1049 τῶν
3348 993 3577 1066 ἡμερῶν
3615 1009 3753 1064 μου,

2159 1080 2244 1144 τίς
2276 1082 2454 1135 ἐστιν·
2494 1082 2583 1136 ἵνα
2625 1082 2738 1152 γνῶ
2771 1083 2826 1136 τί
2864 1083 3078 1157 ὑστερῶ
3108 1086 3240 1158 ἐγώ.
3279 1107 3299 1140 ι
3349 1085 3495 1158 Πρὸς
3529 1085 3633 1158 μὲν
3661 1081 3757 1141 οὖν

2159 1172 2250 1226 τὸν
2293 1173 2706 1246 λοιδορούμενον
2739 1178 3130 1250 ἀπεκρινάμην
3175 1179 3366 1245 οὐδὲν,
3409 1178 3502 1232 τὸν
3532 1177 3592 1232 δὲ
3639 1177 3749 1233 τῶν

2158 1265 2296 1320 ὅλων
2327 1265 2583 1320 ἱκέτευσα
2612 1266 2838 1339 Κύριον,
2870 1268 3030 1339 δῆλόν
3064 1288 3155 1342 μοι
3203 1272 3431 1342 ποιῆσαι
3475 1271 3576 1342 τῆς
3605 1269 3756 1342 ζωῆς

2161 1375 2266 1427 μου
2295 1356 2356 1410 τὸ
2385 1356 2568 1424 τέλος,
2601 1358 2807 1429 σφόδρα
2835 1359 2934 1429 τῆς
2961 1359 3220 1433 τελευτῆς
3243 1361 3562 1432 ἐφιέμενος.

2231 1453 2306 1513 ς’.
2346 1466 2364 1498 ι
2435 1448 2567 1502 Ἰδοὺ
2617 1448 2924 1514 παλαιστὰς
2955 1449 3002 1482 ⁸⁸
3042 1449 3167 1504 ἔθου
3214 1452 3318 1516 τὰς
3362 1452 3579 1522 ἡμέρας
3613 1469 3750 1524 μου,

2159 1543 2255 1595 καὶ
2295 1543 2329 1612 ή
2377 1541 2676 1605 ύπόστασίς
2710 1559 2812 1613 μου
2829 1543 2876 1575 ”
2909 1543 3043 1596 ὡσεὶ
3088 1544 3242 1598 οὐδὲν
3281 1544 3518 1600 ἐνώπιόν
3567 1561 3683 1600 σου.
3727 1565 3747 1598 t

2158 1632 2330 1688 Τοῦτο
2366 1633 2530 1687 πάλιν
2563 1637 2592 1689 6
2622 1634 2922 1706 Σύμμαχος
2961 1635 3136 1699 οὓτως
3165 1638 3543 1708 ήρμήνευσεν·
3597 1635 3753 1692 Ἰδοὺ

2157 1727 2239 1793 ὡς
2284 1726 2594 1796 σπιθαμὰς
2639 1726 2872 1794 ἔδωκας
2910 1729 3019 1794 τὰς
3074 1729 3302 1799 ἡμέρας
3349 1745 3509 1798 μου,
3567 1729 3668 1783 καὶ
3712 1731 3751 1797 ἡ

464 1826 588 1871 ante
618 1827 685 1872 te.
720 1817 978 1873 Desidero
1007 1827 1191 1872 autem
1233 1827 1491 1885 mortem,
1535 1818 1717 1874 sciens
1752 1819 2046 1875 humanam

2155 1820 2376 1884 ,βίωσίς
2403 1837 2522 1889 μου
2563 1820 2645 1886 ὡς
2674 1819 2859 1874 οὐδὲν
2895 1821 3186 1890 ἄντικρύς
3213 1837 3352 1876 σου.
3399 1823 3656 1893 Ἐφίεμαι
3696 1823 3752 1877 δὲ

466 1916 719 1964 naturam
757 1910 985 1964 minime
1025 1911 1326 1981 longaevam
1352 1925 1494 1966 esse.
1550 1909 1748 1967 Nostra
1771 1912 1916 1967 enim
1938 1913 2050 1968 vita

466 2017 534 2056 ne
577 2003 878 2058 consistere
911 2003 1132 2072 quidem
1175 2004 1396 2058 videtur
1426 2005 1548 2059 vitae
1579 2013 1685 2068 tua:
1711 2015 2048 2075 comparata.

464 2089 543 2147 Tu
584 2093 729 2147 enim
771 2094 892 2148 sine
933 2094 1211 2164 principio
1249 2109 1329 2160 es,
1367 2103 1421 2149 et
1471 2094 1622 2150 ﬁne:
1682 2105 1873 2152 nostra
1919 2113 2050 2152 vero

464 2187 574 2241 vita
609 2195 987 2252 mensuratur,
1023 2195 1086 2241 ut
1140 2187 1474 2257 quibusdam
1502 2189 1781 2244 mensuris
1807 2190 1972 2260 palmi
1997 2199 2052 2246 et

461 2279 655 2337 cubiti.
689 2279 792 2334 l’er
855 2280 964 2334 hoc
1021 2288 1206 2334 autent
1268 2280 1666 2334 demonstravit
1726 2281 2047 2336 brevitatem

464 2372 724 2442 temporis
768 2373 1023 2426 humanae
1054 2372 1199 2427 vitat.
1232 2369 1324 2426 Sic
1365 2381 1420 2426 et
1449 2372 1576 2426 alibi
1614 2372 1746 2428 dicit
1783 2391 1795 2428 :
1841 2391 1859 2424 ι
1895 2371 2048 2440 Quo-

462 2467 608 2521 niam
641 2465 792 2520 mille
837 2466 968 2520 anni
1000 2475 1127 2520 ante
1165 2465 1358 2520 oculos
1414 2474 1559 2530 tuos,
1625 2475 1884 2536 tanquam
1927 2468 2043 2522 dies

460 2560 778 2624 hesternas,
819 2559 913 2627 qui
945 2557 1231 2629 praeteriit,
1261 2567 1316 2612 et
1353 2558 1600 2613 custodia
1652 2558 1705 2613 in
1746 2567 1907 2614 nocte
1941 2559 1985 2613 τ.
2022 2578 2040 2611 t

458 2651 524 2708 Et
547 2653 698 2718 alibi,
719 2669 843 2708 cum
869 2656 934 2707 de
951 2653 1106 2708 cretis
1138 2661 1192 2708 et
1225 2662 1367 2708 terra
1402 2651 1736 2706 mentionem
1771 2651 1994 2706 fecisset
2027 2669 2040 2706 :

462 2767 481 2799 ι
529 2746 659 2817 lpsi,
694 2745 899 2816 inquit,
941 2745 1220 2816 peribunt,
1253 2754 1310 2799 tu
1350 2753 1530 2799 autem
1595 2759 1912 2814 permanes,
1946 2747 1962 2766 ’
1993 2753 2047 2800 et

455 2855 648 2896 omnes
707 2839 850 2894 sicut
913 2838 1305 2893 vestimentum
1361 2847 1736 2904 veterascent;
1792 2847 1848 2892 et
1903 2837 2046 2892 sicut

457 2931 716 2985 amictum
763 2928 1004 2983 ntutabis
1049 2943 1166 2993 eos,
1195 2936 1250 2982 et
1283 2928 1644 2982 mutabuntur
1680 2945 1696 2982 :
1745 2936 1798 2981 tu
1859 2937 2044 2982 autent

457 3025 600 3080 idem
631 3025 749 3094 ipse
787 3039 870 3087 es,
919 3031 974 3078 et
1024 3021 1155 3076 anni
1232 3021 1312 3076 ttti
1357 3035 1467 3074 non
1525 3019 1780 3075 deﬁcient
1831 3029 1878 3074 8.
1924 3040 1942 3073 t
1977 3050 2046 3062 —-

462 3137 480 3170 ι
519 3116 914 3172 Verumtamen
944 3115 1202 3169 universa
1254 3111 1490 3178 vanitas,
1521 3113 1704 3168 omnis
1745 3112 1911 3167 homo
1961 3112 2042 3167 vi-

2161 1910 2422 1981 τελευτῆς
2440 1911 2506 1976 ⁸ο,
2536 1912 2596 1965 οὐ
2619 1913 2662 1944 ⁶¹
2697 1911 2998 1982 μακρόϐιον
3018 1916 3118 1984 τὴν
3146 1913 3502 1984 ἀνθρωπείαν
3524 1914 3752 1970 ἐπιστά-

2161 2018 2324 2073 μενος
2347 2001 2533 2070 φύσιν.
2575 2001 2640 2057 Ἦ
2664 2001 2772 2074 γὰρ
2795 2003 3045 2074 ἡμετέρα
3073 2004 3226 2076 βιοτὴ
3255 2005 3379 2058 οὐδὲ
3405 2006 3450 2037 ⁸³
3487 2008 3742 2061 συνεστά-

2158 2111 2247 2147 ναι
2293 2093 2443 2150 δοκεῖ
2485 2097 2552 2165 τῇ
2588 2097 2653 2166 σῇ
2711 2095 3181 2168 παραϐαλλομένη
3213 2097 3348 2169 ζωῇ.
3391 2098 3465 2152 Σὺ
3503 2099 3604 2169 μὲν
3639 2101 3749 2170 γὰρ

2157 2184 2396 2255 ἄναρχος
2452 2183 2548 2237 καὶ
2595 2184 2933 2257 ἀπέραντος,
2993 2187 3022 2238 6
3064 2186 3122 2240 δὲ
3173 2187 3446 2259 ἡμέτερος
3480 2188 3596 2259 βίος
3638 2187 3750 2244 οἷόν

2155 2294 2265 2331 τισι
2294 2277 2340 2309 ⁸³
2381 2277 2688 2348 σπιθαμαῖς
2717 2278 2815 2332 καὶ
2862 2278 3189 2343 παλαισταῖς
3224 2281 3600 2352 ὲκμετρεῖται.
3652 2283 3750 2338 Διά

2155 2368 2350 2422 τούτου
2368 2367 2413 2400 ⁸⁸
2442 2369 2501 2422 δὲ
2528 2368 2889 2440 παρεδήλωσε
2918 2373 2982 2423 τὸ
3011 2369 3380 2442 ὀλιγοχρόνιον
3403 2372 3504 2443 τῆς
3535 2372 3750 2444 ἀνθρω-

2155 2461 2317 2525 πείας
2347 2460 2512 2528 ζωῆς.
2540 2459 2700 2514 Οὓτω
2723 2462 2821 2514 καὶ
2845 2461 3079 2533 ἑτέρωθι
3111 2463 3286 2531 λέγει·
3317 2481 3337 2515 ι
3375 2464 3501 2517 Ὅτι
3530 2464 3681 2534 χίλια
3702 2466 3749 2499 ⁸⁵

2154 2554 2249 2626 ἐτη
2303 2554 2409 2607 ὑπὸ
2432 2553 2477 2586 ⁸⁵
2523 2553 2826 2624 ὀφθαλμοῖς
2883 2572 3000 2617 σου,
3030 2554 3205 2627 Κύριε
3231 2596 3246 2621 ,
3294 2556 3372 2620 ὡς
3402 2556 3447 2588 ⁸⁷
3499 2557 3687 2628 ἡμέρα
3713 2559 3747 2628 ἡ

2153 2646 2306 2718 ἐχθὲς
2324 2647 2389 2711 ⁸⁸,
2421 2647 2547 2718 ἥτις
2577 2645 2762 2718 διῆλθε
2793 2647 2836 2680 ⁶⁹
2857 2689 2872 2714 ,
2907 2648 3006 2702 καὶ
3072 2647 3290 2718 φυλακὴ
3325 2650 3383 2700 ἐν
3419 2649 3466 2681 ⁷ο
3497 2649 3670 2702 νυκτί.
3721 2667 3740 2701 t

2153 2741 2262 2794 Καὶ
2289 2739 2532 2811 ἀλλαχοῦ
2562 2739 2671 2794 τῶν
2709 2741 2960 2811 οὐρανῶν
2997 2741 3094 2794 καὶ
3129 2740 3232 2811 τῆς
3276 2742 3380 2812 γῆς
3438 2743 3749 2813 μνημονεύ-

2157 2850 2288 2898 σας,
2326 2851 2344 2885 ι
2392 2834 2578 2899 Αὐτοὶ,
2611 2833 2800 2905 φησὶν,
2846 2832 3205 2894 ἀπολοῦνται,
3252 2833 3316 2886 σὺ
3348 2833 3406 2886 δὲ
3444 2833 3744 2906 διαμένεις,

2152 2923 2250 2976 καὶ
2297 2922 2502 2986 πάντες
2531 2922 2607 2986 ὡς
2655 2922 2875 2993 ἱμάτιον
2911 2921 3437 2995 παλαιωθήσονται’
3487 2922 3583 2975 καὶ
3617 2922 3746 2976 diost

2154 3015 2504 3088 περιϐόλαιον
2533 3014 2731 3079 ἑλίξεις
2757 3013 2977 3078 αὐτοὺς,
3013 3015 3106 3068 καὶ
3131 3014 3569 3086 ἀλλαγήσονται·
3597 3017 3661 3069 σὺ
3687 3015 3744 3069 δὲ

2152 3106 2181 3158 6
2234 3105 2396 3170 αὐτὸς
2440 3100 2509 3172 εἴ,
2561 3105 2656 3158 καὶ
2688 3105 2770 3159 τὰ
2801 3105 2897 3178 ἐτη
2941 3103 3034 3158 ἆου
3085 3105 3188 3159 οὐκ
3218 3105 3554 3175 ὲκλείψουσι.
3604 3124 3623 3158 t
3675 3136 3746 3147 —

456 3227 613 3267 vens.
653 3228 673 3261 ι
727 3209 910 3275 Quare
946 3208 1148 3272 ontnis,
1203 3207 1299 3272 ait,
1353 3205 1638 3260 hominum
1707 3212 1926 3271 natura,
1994 3213 2046 3261 et

2155 3215 2174 3248 ι
2235 3197 2384 3268 Πλὴν
2430 3195 2501 3250 τὰ
2543 3196 2838 3267 σύμπαντα
2897 3197 3234 3268 ματαιότης,
3290 3198 3399 3260 πᾶς
3453 3197 3743 3268 ἄνθρωπος

457 3304 674 3368 divites,
709 3311 762 3356 et
795 3317 1085 3371 pauperes,
1127 3300 1318 3369 vapori
1351 3299 1560 3354 similes
1603 3307 1752 3366 sunt,
1809 3301 1901 3371 qui
1933 3301 2047 3356 dis-

460 3395 718 3457 solvitur,
769 3402 823 3447 et
859 3401 1067 3447 temere
1095 3390 1398 3446 ac-l‘ruslra
1430 3391 1723 3459 aediﬁcant,
1770 3393 2042 3462 plantam,

461 3489 684 3544 divitias
718 3495 770 3542 et
800 3485 1091 3541 facultates
1121 3493 1474 3554 congregant.

531 3667 698 3723 Vens.
720 3665 771 3720 7.
798 3684 817 3718 ι
848 3663 1238 3721 Verumtamen
1265 3662 1318 3717 in
1353 3662 1592 3734 imagine
1619 3663 1816 3719 transit
1845 3662 2040 3732 homo,

458 3761 572 3816 into
628 3759 832 3815 frustra
884 3757 1270 3814 conturbatur.
1333 3755 1650 3812 Thesauros
1706 3757 1938 3828 colligit,
1990 3767 2045 3813 et

458 3854 677 3926 ignorat
728 3851 821 3907 cui
866 3859 1302 3923 congregaturus
1356 3848 1428 3905 sit
1484 3863 1598 3904 eos.
1645 3867 1666 3902 ι
1722 3847 1890 3914 Nihil,
1945 3851 2042 3915 ait,

456 3947 701 4002 viventes
739 3943 995 3998 homines
1045 3941 1306 3997 diﬂ'eruttt
1355 3941 1425 3996 ab
1468 3941 1560 4007 iis,
1589 3940 1684 4010 qui
1744 3940 1798 3994 in
1829 3941 2041 4010 pictura

452 4039 705 4111 expressi
736 4047 898 4094 sunt:
931 4036 1218 4107 aequaliter
1255 4035 1400 4093 enim
1430 4043 1484 4090 et
1519 4037 1716 4089 horum
1741 4043 1798 4088 et
1821 4033 2040 4090 illorum

459 4144 653 4190 natura
699 4142 948 4202 tempore
975 4131 1201 4198 labitur,
1249 4139 1304 4184 et
1324 4128 1723 4197 corrumpitur.
1751 4127 1918 4198 853
1943 4129 2043 4183 Ve-

453 4233 770 4281 rumtamen
801 4223 1167 4279 nihilominus
1189 4222 1443 4278 homines
1467 4220 1868 4276 contendentes
1917 4234 2042 4290 per—

457 4319 771 4382 turbantur,
802 4317 1154 4380 dimicantes,
1187 4315 1392 4370 bellum
1437 4321 1715 4385 gerentes,
1755 4313 2041 4381 negotian-

453 4424 576 4470 tes:
635 4422 690 4468 et
727 4413 909 4467 muttis
952 4412 1197 4466 humana
1235 4409 1349 4463 vita
1407 4413 1730 4476 tempestate
1773 4413 1828 4459 et
1865 4404 2044 4460 llncti-

456 4504 558 4560 bus
592 4503 922 4567 refertaest,
954 4503 1116 4556 ﬁnem
1140 4498 1350 4553 habens
1389 4502 1624 4549 mortem
1660 4513 1673 4549 :
1703 4509 1827 4550 cum
1856 4494 2041 4550 labore

2150 3287 2258 3353 ζῶν
2279 3291 2346 3343 ⁷³.
2380 3307 2400 3342 t
2431 3289 2593 3342 Ὥστε
2617 3291 2791 3352 πᾶσα,
2825 3289 2982 3360 φησὶ,
3009 3288 3118 3342 τῶν
3149 3288 3459 3360 ἀνθρώπων
3489 3289 3522 3360 ἡ
3556 3288 3740 3358 φύσις,

2148 3380 2243 3433 καὶ
2273 3380 2322 3433 οἱ
2362 3378 2746 3442 πλουτοῦντες,
2777 3378 2872 3432 καὶ
2905 3378 2955 3430 οί
2993 3378 3306 3449 πενόμενοι,
3337 3377 3499 3449 ἀτμῷ
3537 3379 3743 3433 ὲοίκαστ

2146 3473 2485 3544 διαλυομένῳ
2508 3513 2525 3540 ,
2560 3471 2656 3526 καὶ
2687 3472 2811 3542 είκῆ
2853 3473 2952 3526 καὶ
2987 3473 3170 3544 μάτην
3222 3471 3570 3543 οἰκοδομοῦσι
3592 3513 3608 3538 ,
3638 3489 3742 3543 φυ-

2143 3565 2361 3620 τεύουσι
2387 3567 2460 3632 ⁷³,
2493 3565 2724 3620 πλοῦτον
2750 3567 2844 3619 καὶ
2873 3566 3198 3637 περιουσίαν
3217 3565 3265 3598 ⁷³
3296 3564 3670 3636 ἀθροίζουσιν.

2217 3660 2282 3723 ζ’.
2319 3675 2339 3709 ι
2377 3657 2578 3711 Μέντοι
2608 3675 2674 3728 γε
2709 3658 2768 3712 ὲν
2801 3657 2974 3712 εικόνι
3001 3658 3394 3728 διαπορεύεται
3428 3658 3739 3729 ἄνθρωπος,

2146 3751 2287 3824 πλὴν
2323 3751 2500 3824 μάτην
2534 3751 2895 3822 ταράσσεταιι
2936 3752 3296 3823 Θησαυρίζει,
3351 3753 3447 3806 καὶ
3477 3752 3539 3806 οὗ
3572 3751 3736 3821 γινὼο

2149 3861 2270 3897 σκει
2304 3843 2411 3897 τίνι
2458 3845 2678 3910 συνάξει
2719 3837 2888 3899 ἀύτά.
2950 3864 2969 3897 t
3027 3844 3220 3912 Οὐδὲν,
3254 3844 3390 3915 φησὶ
3418 3844 3487 3910 ⁷⁵,
3535 3844 3648 3898 τῶν
3682 3847 3739 3898 ἐν

2146 3935 2318 3991 εικόνι
2363 3937 2769 4008 γεγραμμένων
2800 3940 2849 3991 οἱ
2890 3937 3095 4003 ζῶντες
3140 3938 3498 4011 διαφέρουσιν
3532 3940 3744 4012 ἄνθρω-

2146 4042 2277 4080 ποιο
2332 4027 2533 4097 ὁμοίως
2581 4027 2690 4097 γὰρ
2749 4027 2846 4080 καὶ
2905 4027 3115 4082 τούτων
3169 4030 3442 4086 κάκείνων
3489 4033 3522 4102 ἡ
3573 4031 3740 4099 φύσις

2144 4117 2375 4189 ὑπορρεῖ
2398 4118 2477 4189 τῷ
2499 4117 2681 4189 χρόνῳ
2710 4119 2805 4172 καὶ¹
2836 4118 3246 4191 διαφθείρεται.
3290 4121 3431 4176 Ἀλλ’
3461 4122 3613 4193 ὅμως
3649 4123 3743 4176 ού·-

2143 4209 2231 4262 δὲν
2258 4206 2421 4281 ἦττον
2451 4210 2909 4282 διαταράττονται
2949 4213 2996 4244 ⁷⁵
3029 4213 3470 4282 φιλονεικοῦντες
3489 4256 3504 4280 ,
3536 4215 3741 4286 διαμα-

2145 4301 2398 4374 χόμενοι,
2447 4302 2840 4374 πολεμοῦντες,
2895 4305 3368 4377 ἐμπορευόμενοιο
3426 4307 3522 4362 καὶ
3569 4307 3740 4378 ζάλης

2145 4394 2292 4459 ἄπας
2323 4396 2351 4448 6
2397 4394 2511 4464 βίος
2559 4393 2778 4464 μεστὸς,
2826 4395 2980 4460 τέλος
3014 4396 3154 4468 ἔχων
3197 4397 3292 4454 τὸν
3323 4397 3561 4452 θάνατον
3589 4415 3606 4430 ·
3640 4399 3738 4451 σὺν

2145 4487 2293 4557 πόνῳ
2321 4487 2380 4540 δὲ
2409 4486 2593 4557 πολλῷ
2631 4486 2727 4540 καὶ
2756 4487 2944 4559 ἱδρῶτι
2968 4488 3062 4544 τὸν
3100 4488 3335 4544 πλοῦτον
3362 4489 3734 4560 ἀθροίζοντες,

456 4612 586 4652 vero
625 4597 798 4652 multo
830 4605 885 4651 et
937 4596 1144 4651 sudore
1173 4604 1308 4659 opes
1359 4595 1742 4659 congerentes,
1787 4587 2042 4643 nesciunt

2152 4581 2237 4634 τὸν
2288 4579 2548 4650 ἐσόμενον
2595 4578 2697 4632 οὐκ
2731 4579 2880 4634 ἴσασι
2916 4581 3279 4652 κληρονόμον.
3333 4580 3508 4634 Τοῦτο
3536 4580 3593 4633 δὲ
3643 4580 3740 4633 καὶ

455 4683 701 4739 futurum
721 4683 1013 4738 han-edem.
1049 4678 1166 4735 lloc
1199 4691 1332 4733 vero
1361 4677 1554 4733 beatus
1588 4676 1756 4732 David
1779 4677 1887 4742 his,
1913 4693 2037 4748 quae

453 4785 709 4846 expertus
741 4783 881 4840 erat,
914 4778 1202 4843 permotus
1226 4769 1467 4839 scripsit.
1509 4769 1724 4824 Etenim
1774 4785 1900 4823 eum
1949 4785 2038 4826 re-

454 4883 620 4936 gnum
682 4869 987 4924 maximum
1029 4873 1082 4919 et
1124 4864 1277 4920 valde
1320 4863 1534 4919 illustre
1567 4860 1897 4920 reddidisset
1930 4877 2029 4933 per

531 4979 551 5020 ῐ
583 4979 730 5039 Psal.
771 4996 999 5045 tum,
1051 4977 1104 5033 4.
1183 4979 1210 5020 8
1245 4976 1392 5036 Psal.
1470 4993 1546 5046 et,
1587 4975 1680 5041 26,
1755 4975 1848 5034 27.

2141 4675 2170 4726 6
2209 4671 2483 4744 μακάριος
2501 4673 2546 4704 ⁷⁸
2578 4672 2746 4726 Δαϐὶδ
2779 4673 2876 4727 καὶ
2907 4674 2973 4728 ὲκ
3014 4676 3126 4728 τῶν
3162 4673 3289 4728 καθ’
3329 4674 3522 4730 ἑαυτὸν
3555 4672 3739 4728 κινού-

2148 4783 2309 4836 μενος
2346 4765 2614 4836 γέγραφε.
2652 4767 2778 4830 Τοῖς
2809 4767 2920 4838 γὰρ
2951 4769 3018 4822 ὲκ
3053 4765 3163 4822 τῶν
3212 4767 3468 4836 πολέμων
3492 4767 3536 4800 ⁷⁷
3568 4765 3741 4834 λαφύ-

2147 4876 2292 4931 ροις,
2327 4859 2423 4914 καὶ
2455 4858 2534 4930 τῷ
2565 4858 2721 4930 παρὰ
2769 4858 2880 4913 τῶν
2924 4858 3245 4930 ἀλλοφύλων
3293 4859 3586 4931 φερομένῳ
3643 4858 3740 4912 δα·

1573 5091 1809 5149 VARIIE
1853 5085 2244 5147 LECTIONES
2271 5085 2358 5140 ET
2395 5083 2635 5141 ΝΟΤᾸΞ.

554 5193 599 5226 ⁸⁸
651 5189 775 5247 cod.
822 5189 856 5260 ξ’»
896 5187 1257 5260 έρμήνευσεν.

1362 5187 1410 5222 ⁸³
1441 5188 1564 5246 cod.
1606 5189 1631 5242 1
1674 5189 2077 5256 ἀναλάμποξιτι.

2151 5182 2272 5240 cod.
2346 5184 2380 5236 5
2427 5179 2730 5252 ἁναπολᾷν,
2791 5197 2956 5252 quam
3009 5184 3373 5252 pOsteriorem
3435 5183 3730 5240 lectionem

453 5265 620 5318 etiam
653 5237 856 5335 valenti.
886 5237 954 5313 {nr
967 5237 1733 5335 codd.vno'nnullisvinvenit,
1747 5237 1909 5335 2.133
1928 5237 2046 5310 illex

2152 5237 2384 5335 ear...
2410 5254 2444 5306 ι.
2475 5237 2662 5335 refert:
2697 5237 2936 5335 ,χαίροι
2969 5237 3734 5335 2'ai‘aga;6_,;_,.:_"gamia:

450 5331 950 5402 μιμνησκόμετῖος
969 5360 1038 5371 -
1057 5333 1221 5399 πυρί.
1255 5331 1380 5388 Des.
1413 5334 1468 5388 in
1494 5332 1616 5402 cod.
1656 5330 1708 5383 t.
1769 5327 1828 5402 ff
1849 5331 2000 5402 Mov,
2025 5343 2046 5379 τ

2152 5323 2276 5402 _De_s.
2309 5323 2363 5378 in
2408 5323 2527 5402 cod.
2695 5323 2739 5355 ⁸⁷
2764 5325 2935 5392 Πυρί.
2990 5326 3176 5402 cod._3
3217 5323 3368 5402 addit
3405 5326 3524 5402 9_7:’_
3564 5326 3737 5402 αύτῆς

461 5393 806 5476 πύρούμενᾷς
834 5393 947 5476 τῆς.
970 5393 1347 5476 συνειδήσεως.
1428 5403 1478 5476 δῇ
1507 5401 1742 5476 Quidam
1769 5399 1892 5452 libri
1911 5407 2046 5476 vetet

2154 5393 2660 5476 Ιιοῦοηιοπαλαιὰς,
2727 5409 2851 5464 quae
2891 5404 2974 5476 est
3023 5396 3185 5476 lectio
3231 5397 3360 5476 eod:
3407 5393 3730 5476 \'_atic._h.l.

459 5475 506 5506 ⁸⁸
544 5470 612 5528 ⁵11
635 5470 982 5536 ὑπόστασις
1011 5491 1056 5541 μ

460 5543 506 5575 ⁸⁸
559 5545 662 5596 Οὐ.
699 5542 865 5595 Abest
894 5558 921 5594 a
955 5539 1077 5599 (16d.
1108 5547 1161 5600 Ξ,
1265 5548 1310 5579 ⁶¹
1329 5547 1453 5601 cod.
1495 5542 1532 5595 2
1560 5539 1740 5594 οὐδέν.

1061 5458 1348 5532 ου.ἨεΙ)ί·.
1392 5458 1552 5536 tn‘n'F
1570 5471 1658 5526 cui
1703 5467 2016 5540 Symmachi

1065 5586 1077 5591 -
1108 5547 1161 5591 ἓ-
1265 5548 1310 5579 θ’
1329 5547 1453 5591 cmi-
1495 5542 1532 5591 2
1560 5539 1740 5591 οὐδέν-
1854 5538 1899 5570 ⁸³
1926 5538 2046 5591 cod.

2152 5465 2231 5520 sio
2278 5465 2414 5521 satis
2456 5465 2611 5520 'bcne
2669 5458 2985 5534 respondet.
3065 5467 3110 5499 ⁸⁸
3144 5467 3268 5522 cod.
3333 5468 3729 5536 Ιτελευτῆσαι.

2152 5535 2222 5590 τί.
2299 5534 2346 5568 ⁸⁸
2381 5536 2505 5591 cod.
2532 5535 2567 5588 2
2611 5533 2791 5591 τοῦτο.
2868 5537 2912 5567 ⁵⁵
2947 5537 3140 5591 xum.
3200 5538 3324 5591 cod.
3384 5540 3434 5591 l.
3465 5539 3499 5591 2
3544 5553 3729 5591 urzem.

1926 5553 2046 5593 σου.
2073 5553 2110 5591 Ζ
2147 5553 2222 5590 τι.

460 5613 550 5683 τά.
632 5613 677 5643 ⁵⁸
715 5612 889 5683 Ὑπότ
915 5615 1034 5683 cod.
1072 5616 1276 5683 1,2ὲν.
1353 5616 1396 5649 ⁸⁷
1430 5614 1555 5668 cod.
1593 5609 1801 5683 εῴσει.
1879 5607 1924 5640 ⁸⁸
1951 5607 2046 5683 eod

2156 5606 2330 5683 ,χθέςο

2299 5534 2346 5568 ⁸⁸
2381 5536 2505 5591 cod.
2532 5535 2567 5588 2
2611 5533 2791 5606 τοῦτο.
2868 5537 2912 5567 ⁵⁵
2947 5537 3140 5594 Χίλια.
3200 5538 3324 5593 cod.
3384 5540 3434 5602 l,
3465 5539 3499 5593 2
3544 5533 3733 5606 prtem.

2411 5607 2456 5638 “
2486 5606 2610 5678 cod.
2640 5605 2988 5678 Ξᾷπαρῆλοει
3054 5607 3100 5639 ⁷⁰
3142 5609 3260 5662 Ἑν.
3302 5611 3424 5666 cod.
3480 5609 3514 5663 2
3543 5605 3732 5678 praem.

463 5665 548 5749 ὴζ
592 5683 638 5713 τι
683 5680 832 5735 Ζῶν.
865 5665 1032 5740 ma
1063 5665 1326 5743 ιῖὀῦιὶξὲ.
1407 5665 1850 5750 ἐφυτεύουσιε
1881 5679 2046 5750 οοά·;

2152 5665 2458 5743 ὶίῖίιέοιοη,
2491 5675 2616 5732 cod.
2662 5676 2697 5728 2
2737 5665 2916 5750 autem
2979 5677 3087 5750 hoc
3135 5680 3362 5734 verbum
3416 5665 3595 5750 jungit
3638 5693 3738 5750 ise-

467 5747 654 5822 {tuenti
693 5751 896 5806 nomini
938 5756 1189 5822 πλοῦτον,
1243 5757 1328 5812 cui
1365 5769 1487 5808 com
1507 5766 1593 5805 ma
1648 5749 1972 5822 apponitur.
2031 5749 2046 5802 1

2152 5763 2275 5822 rqnc
2340 5750 2511 5822 codex
2566 5762 2783 5822 prtem._
2812 5749 2928 5822 καί.

467 5819 512 5850 ⁷⁸
553 5822 727 5889 (Mal.
761 5821 922 5881 Abest
967 5844 994 5882 a
1037 5817 1247 5886 cod.'5.
1323 5827 1367 5857 ”
1400 5822 1523 5879 cod.
1577 5822 1600 5875 l
1641 5817 2043 5892 διαπράττονται

2166 5817 2211 5852 ⁷⁸
2245 5817 2568 5888 Μακάριος.
2599 5819 2721 5877 cod.
2756 5818 2792 5873 2
2818 5820 2981 5887 θεῖος.
3037 5820 3105 5896 *⁷⁷
3146 5821 3271 5876 cod.
3303 5821 3337 5878 5
3364 5817 3661 5892 πολεμίων.

3045 5749 3103 5821 ’ἓν
3139 5751 3263 5803 cod.
3320 5751 3354 5804 2
3393 5749 3734 5821 περιουσίας.
