4108 6464
446 359 577 425 1151
1439 358 1932 421 THEODORETI
1963 356 2306 418 EPISCOPI
2333 356 2706 420 CYRENSIS
3575 348 3713 413 1152

443 473 694 543 "agrinus
730 472 874 530 sicut
898 487 1088 529 omnes
1116 482 1297 543 patres
1330 471 1459 529 mei.
1490 471 1895 528 Remissionem
1942 470 2024 524 in-

2150 468 2537 540 εαρεπίδημος,
2578 469 2764 535 καθὼς
2797 469 3000 535 πάντες
3038 470 3087 523 οἱ
3121 466 3359 541 πατέρες
3384 483 3506 539 μου.
3551 467 3716 534 "Ave;

442 564 605 637 dulge
627 565 780 630 mihi,
816 574 875 620 ut
909 580 1148 620 recreem
1178 563 1345 635 855
1369 578 1456 619 me
1483 564 1806 633 priusquam
1829 563 2023 618 abeam

2150 579 2246 626 ιοι,
2296 563 2383 615 ἵνα
2413 563 2678 633 ἁποψὺξω
2714 564 2824 635 πρὸ
2856 565 2952 617 τοῦ
2989 581 3055 636 με
3084 561 3366 627 ἀπελθεῖν,
3391 560 3487 615 καὶ
3522 559 3714 614 οὑκέτι

442 664 500 712 et
525 657 765 727 amplius
797 671 905 711 non
933 670 1047 710 ero.
1086 675 1106 707 ι
1164 655 1308 721 Tibi,
1360 654 1615 721 Domine,
1647 655 1849 725 inquit,
1900 670 2028 724 sup-

2150 654 2190 707 »ὑ
2230 653 2304 725 μὴ
2359 654 2607 727 ὑπάρξω.
2663 676 2682 709 ι
2764 656 3016 709 ἰκετεὺω
3051 673 3110 710 σε
3137 657 3177 719 ί,
3231 653 3388 725 φησὶ,
3442 652 3717 720 Δέσποτα,

445 748 831 821 [.lico,exandi
871 764 959 803 me
985 748 1392 814 obsecrantem,
1463 756 1518 802 et
1583 762 1710 803 cum
1766 746 2027 818 lacrymis

2150 747 2452 801 εἰσάκουσον
2479 748 2854 818 ποτνιωμένου
2870 748 2979 802 ’καὶ
3037 746 3182 818 μετά
3211 745 3467 819 δακρύων
3498 745 3721 801 ἀντιδο-

445 843 857 911 deprecantem.
890 841 1009 895 Non
1053 841 1203 897 enim
1253 840 1506 895 inltabito
1552 846 1758 894 terram
1800 848 1859 893 ut
1898 853 2028 909 pro-

443 936 645 1006 priam,
695 934 791 991 sed
818 944 1082 1005 tanquam
1130 934 1456 1004 peregrinus
1515 933 1719 997 incolo,
1781 940 1836 987 et
1885 932 2031 988 sicut

444 1043 635 1083 omnes
667 1038 850 1096 patres
880 1029 1006 1095 mei,
1067 1038 1362 1097 postquam
1399 1041 1591 1096 parum
1641 1025 1907 1096 temporis
1947 1026 2030 1079 vi-

442 1134 599 1185 xero,
616 1129 849 1175 mortem
867 1118 1051 1174 obibo.
1074 1119 1273 1173 Breves
1299 1118 1485 1188 itaque
1510 1117 1761 1171 inducias
1789 1116 2028 1186 indulge,

446 1218 506 1261 ut
528 1222 731 1275 paucos
759 1207 878 1263 dies
902 1208 1021 1264 sine
1043 1207 1327 1262 doloribus
1360 1208 1466 1261 vita
1509 1206 1683 1272 fruar,
1712 1207 2031 1278 priusquam

443 1314 474 1354 e
508 1301 620 1354 vita
651 1301 886 1355 avolem.
922 1301 1192 1370 Egressus
1224 1299 1374 1355 enim
1416 1314 1526 1354 non
1585 1309 1851 1355 revertar.
1918 1299 2033 1356 Hoc

444 1392 592 1446 enim
623 1392 783 1458 dixit,
821 1392 1050 1462 amplius
1085 1408 1190 1445 non
1210 1408 1321 1459 ero,
1354 1393 1459 1446 hoc
1483 1400 1588 1456 est,
1630 1392 1684 1446 in
1715 1391 1859 1447 hanc
1908 1407 2031 1447 cor-

448 1490 664 1553 ruptam
689 1483 856 1537 vitam
891 1498 998 1537 non
1026 1494 1291 1538 revertar.
1346 1482 1619 1539 Caeterum
1677 1497 1896 1553 aequum
1952 1492 2037 1538 est

451 1591 713 1645 tiiaglium
744 1573 1004 1630 Davidem
1040 1577 1328 1641 admirari,
1366 1577 1617 1646 quicum
1651 1584 1801 1631 esset
1848 1575 1905 1630 in
1955 1592 2037 1632 re-

450 1686 580 1739 gno,
618 1679 674 1726 et
704 1671 901 1741 copiis,
934 1680 1102 1742 atque
1148 1671 1417 1742 potentia,
1450 1671 1697 1741 seipsum
1764 1669 2034 1726 advenam

450 1773 504 1819 et
536 1764 888 1834 peregrinum
920 1765 1187 1830 nominat,
1212 1774 1267 1820 et
1297 1762 1541 1819 felicitati
1569 1763 1850 1818 conlidere
1870 1763 2039 1818 mini-

452 1870 541 1929 me
573 1856 710 1910 vult.
739 1854 877 1910 Nam
909 1870 1098 1911 revera
1126 1856 1243 1910 ham
1272 1856 1440 1911 verba
1473 1870 1600 1909 cum
1633 1855 1908 1925 sapientia
1954 1855 2037 1910 di-

451 1956 539 2004 cta
575 1957 725 2014 sunt,
749 1964 872 2019 quae
903 1963 1090 2004 rerum
1117 1956 1373 2004 naturam
1399 1950 1529 2016 scit,
1556 1957 1611 2004 et
1640 1949 1745 2004 hac
1771 1948 1839 2003 de
1865 1963 2037 2004 causa

452 2051 774 2112 praesentem
808 2039 1126 2095 felicitatem
1160 2040 1414 2110 despicit.

810 2152 829 2173 ¹
856 2148 1135 2205 INTERP.
1169 2149 1424 2205 PSALMl
1454 2148 1708 2207 XXXIX.

526 2261 695 2317 Vens.
728 2263 780 2317 1.
821 2281 839 2318 ι
878 2264 939 2316 In
983 2261 1168 2329 tinem,
1204 2263 1449 2334 psalmus
1484 2262 1699 2319 Davidi.
1743 2282 1761 2316 ι
1803 2263 2041 2330 Quidam

454 2356 522 2409 de
546 2354 709 2409 beato
734 2352 977 2410 Jeremia’
1008 2355 1157 2410 hunc
1189 2356 1459 2424 psalmum
1505 2355 1852 2423 interpretati
1886 2363 2037 2419 sunt,

454 2447 547 2502 alii
578 2452 645 2503 de
670 2447 980 2502 admirabili
1009 2446 1250 2513 Daniele,
1319 2447 1579 2517 quoniam
1652 2447 1742 2501 hic
1771 2456 1826 2501 et
1863 2446 1954 2502 ille
1986 2446 2041 2500 in

458 2541 639 2595 lacum
677 2540 959 2609 conjectus
993 2539 1119 2605 fuit,
1150 2541 1437 2594 exordium
1473 2548 1654 2593 autem
1704 2538 1896 2607 psalmi
1961 2538 2044 2593 la-

457 2645 558 2684 cus
583 2631 921 2683 mentionem
987 2628 1137 2684 facit.
1188 2628 1302 2682 Hoc
1348 2644 1518 2681 unum
1584 2628 1769 2696 itaque
1814 2626 2043 2681 verbum

455 2725 821 2788 attendentes,
857 2725 911 2778 in
947 2724 1100 2778 illum
1136 2738 1359 2778 sensum
1391 2722 1558 2777 delati
1582 2731 1731 2778 sunt.
1754 2719 1926 2775 Porro
1943 2720 2046 2773 ali-

455 2817 552 2888 qui
583 2818 815 2888 captivis
845 2816 1182 2889 Babylonem
1216 2815 1591 2870 habitantibus
1618 2814 1889 2883 psalmum
1909 2828 2046 2883 qua-

455 2912 618 2967 drare
645 2911 928 2966 dixerunt.
957 2908 1070 2978 Ego
1098 2918 1284 2963 autem
1339 2908 1647 2962 secundum
1705 2906 1934 2974 ﬁguram
1979 2904 2048 2960 de

2130 840 2351 903 λοῦντος
2376 842 2420 894 ¹¹.
2455 840 2591 893 Οὐδὲ
2623 842 2734 911 γάρ
2763 839 3006 895 κατοικῶ
3026 840 3124 913 τὴν
3153 842 3258 912 γῆν
3280 840 3322 905 ³,
3359 837 3493 892 ἀλλὰ
3523 855 3721 910 παροι-

2134 932 2237 999 κῶ,
2274 932 2506 996 καὶτοῖς
2533 933 2778 1003 πατράσι
2816 932 3239 1004 παραπλησίως,
3289 931 3482 1001 ὀλίγον’
3513 930 3725 1001 βιώσας

2132 1025 2348 1096 χρόνον,
2385 1024 2479 1079 τδν
2509 1025 2742 1079 θάνατον
2772 1024 3019 1095 δέξομαι.
3045 1026 3270 1097 Μικρᾶς
3298 1025 3479 1084 τοίνυν
3507 1025 3725 1078 ἀνακω-

2133 1117 2234 1187 χῆς
2270 1134 2362 1187 μοι
2394 1117 2643 1187 μετάδος.
2698 1118 2788 1171 ἵνα
2812 1116 3000 1186 ὀλίγας
3023 1115 3155 1185 γοῦν
3195 1116 3409 1187 ἡμέρας
3449 1114 3573 1186 δίχα
3598 1112 3723 1169 ὀδό..

2135 1227 2234 1280 νης
2269 1210 2474 1280 βιώσω,
2519 1213 2651 1281 πρὶν
2684 1209 2833 1262 τόνδε
2859 1209 2964 1262 ’τὸν
3007 1208 3122 1278 βίον
3155 1207 3497 1274 ὑπεξελθεῖν.
3539 1206 3726 1270 Ἐξελ-

2137 1303 2249 1359 θὼν
2281 1303 2392 1374 γὰρ
2421 1304 2520 1357 οὑκ
2553 1304 2881 1375 ἀναστρέψω
2898 1306 2941 1358 ⁵.
2973 1302 3147 1357 Τοῦτο
3167 1304 3188 1336 ⁸
3240 1303 3349 1374 γὰρ
3378 1298 3555 1367 εἶπεν,
3584 1302 3726 1355 οὐκ·

2136 1396 2227 1451 ἐτι
2249 1398 2322 1452 οὐ
2336 1396 2424 1466 μὴ
2446 1396 2716 1465 ὑπάρξω,
2734 1397 3007 1461 τουτέστι,
3030 1395 3169 1467 πρὸς
3205 1394 3298 1447 τὸν
3330 1394 3574 1466 φθαρτὸν
3600 1393 3728 1448 10'3-

2137 1505 2230 1543 τον
2253 1489 2353 1541 οὑκ
2406 1486 2733 1558 ἀναστρέψω
2771 1486 2907 1558 βίον.
2961 1486 3258 1557 Θαυμάσαι
3298 1486 3355 1539 δὲ
3410 1485 3581 1551 ἄξιον,
3633 1482 3728 1538 τὸν

2142 1582 2316 1653 μέγαν
2359 1581 2528 1635 Δαὸὶδ
2563 1584 2621 1634 ὲν
2664 1581 2937 1651 βασιλείᾳ,
2992 1580 3086 1634 καὶ
3137 1578 3380 1649 πλούτῳ,
3411 1579 3507 1633 καὶ
3565 1579 3728 1633 6W1.-

2140 1674 2295 1747 στείᾳ
2313 1675 2355 1739 ⁸,
2380 1674 2645 1746 πάροικον
2663 1674 2860 1727 ἑαυτὸν
2878 1672 3265 1726 ἀποκαλοῦντα
3291 1673 3386 1725 καὶ
3414 1671 3727 1741 παρεπίδη-

2144 1781 2264 1835 μον,
2287 1765 2382 1818 καὶ
2408 1766 2475 1835 τῇ
2499 1763 2767 1836 εὐκληρίᾳ
2794 1762 3073 1836 θαρρῆσαι
3106 1762 3180 1834 μὴ
3213 1760 3610 1833 ἀνασχόμενον.
3636 1758 3731 1831 Τῷ

2140 1858 2256 1912 ὄντι
2289 1858 2399 1930 γὰρ
2426 1857 2618 1928 σοφίας
2651 1858 2826 1929 μεστά
2854 1857 2923 1910 τὰ
2955 1859 3183 1929 ῥήματα
3206 1856 3248 1920 ⁷,
3280 1856 3373 1909 καὶ
3415 1855 3517 1925 τὴν
3563 1853 3732 1924 φύσιν

2140 1951 2246 2005 τῶν
2276 1951 2445 2004 ὄντων
2485 1951 2882 2020 ἐπισταμένης,
2914 1950 3008 2004 καὶ
3041 1949 3234 2003 τούτου
3271 1949 3432 2021 χάριν
3461 1949 3561 2017 τῆς
3584 1963 3729 2019 παρ-

2139 2042 2307 2115 οὑσης
2336 2044 2640 2115 εὐημερίας
2674 2042 3155 2114 καταφρονοὺσης.

2452 2157 2721 2213 ΕΡΜΗΝ.
2764 2158 2904 2211 ΤΟΥ
2942 2156 3046 2212 ΛΘ¹
3101 2157 3425 2211 ΨΑΑΜΟΥ.

2216 2276 2285 2327 α’.
2323 2290 2342 2322 ι
2383 2271 2479 2331 Ei;
2518 2269 2580 2322 τδ
2606 2270 2779 2335 τέλος,
2825 2270 2903 2341 τῷ
2930 2272 3092 2324 Δαϐὶδ
3129 2269 3364 2341 ψαλμός.
3401 2289 3421 2321 ι
3462 2271 3618 2335 Τινὲς
3653 2271 3737 2336 είς

2146 2361 2237 2415 τὸν
2272 2361 2544 2433 μακάριον
2567 2361 2588 2392 ⁸
2634 2356 2906 2432 Ἱερεμίαν
2930 2360 3118 2415 τοῦτον
3153 2361 3353 2415 έλαὸον
3379 2361 3474 2415 τὸν
3493 2361 3735 2434 ψαλμὸν,

2144 2452 2292 2516 τινὲς
2318 2454 2399 2517 είς
2426 2452 2520 2506 τὸν
2547 2451 2854 2522 θαυμάσιον
2874 2452 3107 2524 Δανιήλο
3136 2453 3330 2525 ἐπειδὴ
3358 2455 3612 2518 κάκεῖνος
3644 2455 3740 2508 καὶ

2145 2539 2300 2610 οὗτος
2339 2547 2418 2609 εἰς
2460 2546 2666 2600 λάκκον
2714 2546 3047 2617 ἐϐλήθησαν,
3107 2548 3387 2618 μέμνηται
3428 2547 3486 2602 δὲ
3527 2548 3736 2602 λάκκου

2145 2635 2242 2689 τοῦ
2269 2634 2492 2704 ψαλμοῦ
2521 2634 2581 2688 τὸ
2608 2635 2898 2705 προοίμιον
2919 2652 2931 2665 ·
2961 2635 3157 2707 καὶτῷ
3189 2637 3272 2691 ἑνὶ
3294 2637 3734 2707 προσεσχηκότες

2150 2727 2321 2801 ῥητῷ,
2381 2730 2463 2791 εἰς
2500 2726 2717 2798 ἐκείνην
2774 2728 3079 2798 ἐτράποντο
3129 2728 3232 2799 τὴν
3280 2727 3541 2783 διάνοιαν.
3579 2729 3741 2793 Τινὲς

2148 2822 2207 2874 δὲ
2245 2824 2361 2886 τοῖς
2390 2822 2649 2893 οίκήσασι
2671 2820 2771 2894 τὴν
2804 2821 3109 2875 Βαϐυλῶνα
3133 2821 3497 2893 δορυαλώτοις
3526 2821 3739 2894 ἁρμότ-

2148 2930 2265 2967 τειν
2303 2913 2514 2984 ἔφασαν
2559 2914 2653 2968 τὸν
2690 2913 2926 2985 ψαλμόν.
2993 2912 3135 2983 Ἐγὼ
3168 2914 3226 2967 δὲ
3250 2913 3499 2979 τυπικῶς
3530 2914 3629 2985 μὲν
3660 2916 3741 2978 είς

457 3004 568 3059 illis
618 3003 866 3075 quidem,
918 3018 1041 3072 quze
1099 3002 1205 3071 ipsi
1240 2999 1429 3054 Davidi
1502 3000 1842 3065 acciderunt,
1900 2998 2046 3053 hunc

2150 3005 2219 3060 τά
2264 3005 2656 3077 συμϐεϐηκότα
2698 3004 2775 3075 τῷ
2823 3004 2992 3059 Δαὸὶδ
3035 3006 3270 3059 τοῦτον⁸
3322 3003 3742 3075 συγγεγράφθαι

456 3097 829 3167 conscriptum
861 3111 987 3151 esse
1034 3097 1251 3165 Opinor,
1291 3092 1482 3148 referri
1553 3108 1685 3148 vero
1741 3092 1906 3146 etiam
1979 3091 2044 3146 ad

2154 3099 2401 3171 νομίζωο
2455 3098 2830 3171 ἀναφέρεσθαι
2883 3098 2942 3152 δὲ
2999 3098 3101 3153 καὶ
3153 3101 3235 3161 είς
3287 3097 3578 3153 άπαςτιαν¹⁸
3630 3097 3743 3152 τῶν

457 3204 679 3244 omnem
716 3190 1005 3244 hominum
1024 3199 1301 3253 naturam,
1328 3201 1453 3257 quae
1479 3201 1630 3255 spem
1666 3184 1835 3256 856
1863 3200 2046 3241 resur-

2154 3158 2464 3262 ἁνθριῦπων
2501 3158 2603 3263 τὴν
2637 3158 2845 3261 ’φύσιν,
2891 3190 2998 3244 ὑπὸ
3043 3189 3137 3243 τοῦ
3169 3158 3307 3244 Θεοῦ
3339 3191 3437 3245 καὶ
3489 3189 3744 3263 Σωτῆρος

461 3282 620 3354 gendi
683 3296 713 3336 a
767 3280 880 3336 Deo
926 3280 1216 3335 Salvatore
1274 3289 1465 3333 nostro
1511 3279 1743 3347 accepit.
1786 3277 1841 3330 In
1907 3276 2046 3332 hanc

2154 3284 2314 3355 ἡμῶν
2343 3283 2443 3347 τὰς
2492 3284 2591 3355 τῆς
2625 3282 2981 3347 ἀναστάσεως
3028 3281 3330 3353 δεξαμένην
3365 3281 3614 3344 ἐλπίδας.
3646 3281 3745 3345 Εἰς

464 3387 595 3427 vero
622 3372 950 3428 sententiam
982 3371 1204 3426 divinus
1241 3371 1443 3425 Paulus
1493 3384 1595 3425 nos
1635 3370 1803 3435 ducit,
1855 3369 1950 3439 qui
1995 3369 2046 3422 in

2153 3377 2212 3433 δὲ
2248 3376 2458 3446 ταύτην
2513 3376 2664 3446 ἡμᾶς
2711 3374 2945 3442 ποδηγεῖ
2985 3372 3086 3444 τὴν
3120 3372 3365 3426 διάνοιαν
3394 3373 3424 3425 ὁ
3449 3370 3741 3434 θεσπέσιος

464 3465 712 3536 Epistola
745 3469 812 3519 ad
842 3464 1123 3533 Hebraeos,
1172 3466 1486 3536 aliquorum
1554 3480 1621 3520 ex
1661 3465 1726 3520 iis
1780 3479 1902 3533 qua:
1963 3462 2046 3519 hic

2154 3468 2391 3532 Παῦλος,
2415 3468 2473 3520 ὲν
2496 3469 2564 3538 τῇ
2588 3465 2727 3536 πρὸς
2756 3464 3047 3537 Ἐϐραίους
3094 3463 3359 3536 ἐπιστολῇ
3383 3462 3564 3536 ῥητῶν
3588 3463 3746 3520 ἐνίων

465 3557 728 3612 dicuntur
762 3556 1039 3611 meminit.

538 3646 706 3703 Vens.
729 3646 786 3715 2,
808 3648 862 3703 '5.
902 3666 921 3700 ‹
956 3647 1290 3719 Exspectans
1319 3648 1628 3717 exspectavi
1654 3646 1967 3711 Dominum,
2000 3656 2056 3704 et

468 3740 782 3796 attenditad
822 3755 927 3796 me.
959 3738 1028 3794 Et
1053 3739 1333 3796 exaudivit
1355 3755 1545 3810 preces
1579 3755 1751 3804 meas,
1781 3749 1837 3796 et
1863 3741 2057 3796 eduxit

470 3849 613 3890 meo
662 3834 784 3890 lacu
825 3834 1086 3899 miseriae,
1141 3843 1251 3890 ete
1304 3834 1417 3890 luto
1468 3833 1639 3890 faecis.
1673 3853 1693 3885 ι
1728 3833 2059 3905 Congruunt

471 3928 588 3983 haec
612 3927 776 3984 etiam
803 3928 965 3983 beato
1000 3926 1214 3992 Davidi,
1271 3937 1324 3983 et
1354 3943 1601 3982 consona
1662 3935 1795 3982 sunt
1855 3941 2058 3997 praece-

469 4023 617 4080 denti
656 4026 891 4096 psalmo.
916 4023 1051 4079 Nam
1094 4023 1147 4078 in
1181 4023 1274 4077 illo
1301 4025 1521 4093 quidem
1552 4024 1728 4077 dixit:
1770 4043 1787 4075 ι
1818 4022 2054 4088 Exaudi,

470 4117 719 4184 Domine,
738 4118 1042 4173 orationem
1063 4132 1264 4180 meam,
1289 4126 1345 4171 et
1361 4117 1801 4187 deprecationem
1839 4131 2013 4171 meam
2042 4132 2056 4169 :

471 4213 700 4267 auribus
727 4213 948 4282 percipe
971 4211 1158 4266 ﬂetum
1212 4228 1437 4266 meiun:
1497 4226 1564 4265 ne
1618 4212 1805 4273 sileas.
1856 4211 2057 4267 remis-

473 4303 684 4358 sionem
717 4304 939 4375 indulge
967 4304 1100 4358 milii
1161 4313 1222 4358 nt
1275 4319 1517 4360 recreem
1574 4320 1660 4358 me
1735 4305 2057 4375 priusquam

2162 3560 2427 3633 μνησθείς
2453 3559 2518 3613 ¹¹.

2231 3654 2296 3725 β’,
2340 3653 2413 3722 γ’.
2466 3672 2486 3706 ι
2541 3652 2868 3722 Ὑπομένων
2919 3651 3199 3723 ὑπέμεινα
3251 3650 3343 3705 τὸν
3382 3648 3615 3722 Κύριον,
3655 3648 3749 3703 καὶ

2158 3744 2434 3818 προσέσχε
2465 3761 2577 3815 μοι.
2609 3744 2719 3795 Καὶ
2745 3741 3036 3813 εἰσήκουσε
3075 3741 3178 3812 τῆς
3213 3739 3452 3810 δεήσεώς
3488 3756 3616 3811 μου,
3654 3743 3749 3793 καὶ

2161 3837 2410 3909 ἀνήγαγέ
2448 3853 2515 3906 με
2548 3835 2615 3889 ὲκ
2638 3834 2846 3889 λάκκου
2877 3833 3276 3904 ταλαιπωρίας,
3305 3834 3399 3887 καὶ
3430 3833 3544 3887 ἀπὸ
3574 3830 3749 3905 πηλοῦ

2166 3931 2334 3994 ίλὺος.
2371 3949 2391 3983 ι
2434 3930 2728 4003 ’Δρμόττει
2773 3928 2833 3981 δὲ
2877 3927 2975 3981 καὶ
3006 3927 3086 3997 τῷ
3118 3927 3379 4000 μακαρίῳ
3406 3929 3449 3959 ¹²
3472 3926 3643 3980 Δαὸὶδ
3677 3924 3748 3979 τά

2166 4025 2425 4095 ῥήματα·
2484 4021 2752 4093 σύμφωνα
2826 4021 2937 4093 γάρ
3014 4021 3131 4074 ἐστι
3181 4017 3261 4090 τῷ
3317 4018 3750 4092 προτεταγμένῳ

2162 4113 2390 4188 ψαλμῷ.
2433 4115 2522 4168 Ἐν
2552 4114 2748 4185 ἐκείνῳ
2797 4114 2896 4183 μὲν
2937 4110 3046 4183 γὰρ
3078 4110 3264 4179 ἔλεγεν
3288 4127 3302 4142 ο
3341 4131 3360 4164 ι
3415 4112 3753 4165 Είσάκουσον

2163 4210 2261 4279 τῆς
2294 4206 2609 4280 προσευχῆς
2643 4206 2987 4278 μου,Κὺριε,
3032 4204 3127 4258 καὶ
3150 4205 3194 4236 ²³
3226 4204 3326 4275 τῆς
3352 4203 3592 4276 δεήσεώς
3627 4220 3749 4274 μουο

2164 4299 2552 4363 ένώτισαιτῶν
2572 4297 2830 4370 δακρύων
2863 4314 2997 4368 μου’
3039 4297 3115 4369 μὴ
3146 4299 3620 4371 παρασιωπήσῃς,
3657 4298 3753 4350 καὶ

475 4394 691 4461 abeam,
717 4406 772 4450 et
796 4396 1037 4466 amplius
1068 4410 1182 4449 non
1224 4410 1342 4450 ero.
1393 4414 1412 4447 ι
1449 4394 1510 4450 Et
1576 4399 1741 4465 paulo
1799 4389 2046 4467 Superius

2165 4396 2290 4458 ἄνες
2323 4410 2412 4463 μοι
2431 4391 2520 4445 ἵνα
2543 4389 2804 4461 ἀναψὺξω
2824 4390 2867 4421 ⁸³
2885 4389 2994 4461 πρὸ
3021 4389 3118 4443 τοῦ
3146 4406 3215 4461 με
3243 4387 3524 4454 ἀπελθεῖν,
3547 4390 3644 4444 καὶ
3662 4390 3753 4442 οὑ-

474 4486 585 4541 ait:
623 4505 642 4539 ι
682 4485 748 4541 Et
789 4502 913 4557 quae
957 4503 1107 4542 nunc
1138 4496 1222 4542 est
1249 4488 1588 4558 exspectatio
1646 4488 1815 4543 mea?
1867 4504 2046 4545 nonne

2167 4487 2285 4542 κέτι
2309 4487 2369 4540 οὑ
2392 4486 2467 4556 μὴ
2487 4483 2738 4555 ὑπάρξω.
2769 4502 2787 4535 ι
2808 4483 2923 4537 Καὶ
2946 4483 3210 4553 ἀνωτέρω
3224 4483 3283 4537 δὲ
3298 4481 3405 4554 ἔφη
3426 4499 3442 4516 ο
3473 4502 3493 4535 ι
3523 4483 3635 4537 Καὶ
3658 4481 3753 4536 νῦν

474 4578 869 4634 Dominus‘let
914 4578 1225 4635 substantia
1260 4595 1379 4637 mea
1432 4579 1577 4652 apud
1620 4589 1675 4636 te
1722 4589 1828 4637 est.
1863 4600 1882 4634 ι
1954 4579 2046 4637 Hic

2166 4582 2251 4644 τίς
2283 4581 2317 4651 ἡ
2343 4578 2589 4649 ὑπομονή
2627 4593 2761 4648 μους
2789 4574 2914 4647 οὐχὶ
2966 4574 3209 4646 Κύριος;
3256 4575 3354 4629 καὶ
3391 4577 3426 4647 ἡ
3455 4572 3755 4636 ὑπόστασις

474 4685 627 4735 vero,
662 4681 922 4742 tanquam
953 4668 1337 4742 deprecatione
1395 4674 1660 4740 admissa,
1699 4682 1753 4728 et
1792 4673 2061 4743 petitione

475 4781 762 4833 concessa,
792 4767 965 4823 dicit:
997 4784 1016 4819 ι
1050 4768 1385 4840 Exspectans
1407 4767 1719 4839 exspectavi
1764 4767 2059 4824 Dominum

475 4867 532 4912 ct
558 4856 790 4911 attendit
824 4856 891 4912 ad
921 4874 1025 4915 me.
1066 4878 1084 4912 ι
1122 4860 1264 4916 Cum
1326 4859 1475 4915 enim
1513 4868 1799 4928 peccatum
1845 4875 2064 4916 aversa-

426 4957 436 4967 ‘
477 4958 566 5004 tus
610 4957 776 5013 esset,
810 4949 1126 5009 benevolam
1155 4953 1352 5009 faciem
1384 4951 1519 5005 mihi
1552 4951 1817 5015 ostendit,
1854 4960 1907 5006 et
1936 4967 2064 5023 pre-

482 5056 577 5097 ces
616 5055 767 5096 meas
792 5043 1093 5099 exaudivit.
1148 5042 1216 5097 Et
1254 5040 1388 5110 quid
1430 5038 1583 5106 fecit,
1637 5054 1764 5094 cum
1803 5039 2064 5096 exaudis-

479 5141 564 5188 set
589 5133 612 5189 ?
641 5152 660 5186 ι
693 5133 893 5190 Eduxit
920 5151 1008 5191 me
1033 5152 1065 5192 e
1110 5137 1232 5190 lacu
1268 5132 1524 5199 miseriae,
1561 5140 1617 5188 et
1639 5149 1671 5189 e
1706 5133 1824 5187 luto
1856 5131 2060 5188 faecis.»

479 5213 575 5281 Sic
600 5234 783 5282 autem
814 5243 989 5285 sacra
1018 5227 1241 5284 Litterae
1266 5225 1509 5281 maxima
1547 5224 1868 5281 discrimina
1921 5241 2067 5280 nun-

2172 4689 2276 4744 μου
2315 4670 2468 4742 παρά
2518 4668 2611 4723 σοῦ
2654 4669 2827 4721 ἐστιν.
2886 4686 2906 4720 ι
2964 4666 3236 4722 Ἐνταῦθα
3268 4666 3347 4732 δὲ,
3402 4666 3479 4731 ὡς
3508 4666 3611 4737 τῆς
3648 4667 3758 4718 ίκε-

2167 4768 2321 4831 τείας
2350 4763 2654 4836 δεχθείσης,
2674 4760 2770 4815 καὶ
2797 4758 2896 4831 τῆς
2919 4759 3191 4830 αἰτήσεως
3215 4757 3484 4829 δοθείσης,
3525 4776 3546 4811 ι
3593 4758 3756 4812 Ὑπο-

2165 4865 2365 4938 μένων,
2397 4858 2590 4930 φησιν,
2630 4852 2906 4923 ὑπέμεινα
2946 4851 3040 4906 τὸν
3071 4852 3303 4924 Κύριον,
3342 4852 3440 4906 καὶ
3481 4852 3756 4922 προσέσχε

2166 4971 2310 5027 μοι.)
2354 4945 2846 5018 Ἀπεστραμμένος
2872 4941 2982 5013 γὰρ
3004 4943 3102 5015 τὴν
3130 4941 3172 4973 ³⁵
3193 4941 3495 5012 ἁμαρτίαν,
3526 4940 3757 5011 εὐμενές

2166 5061 2256 5116 μοι
2292 5040 2591 5114 πρόσωπον
2625 5034 2804 5099 ἔδειξε
2835 5035 2904 5101 ⁸⁵,
2932 5036 3029 5089 καὶ
3071 5035 3360 5104 είσήκουσε
3394 5036 3495 5106 τῆς
3518 5031 3756 5105 δεήσεώς

2165 5153 2291 5208 μου.
2334 5133 2445 5189 Καί
2465 5149 2515 5186 τι
2536 5128 2844 5199 πεποίηκεν
2886 5125 3247 5190 εἰσακούσαςς
3286 5145 3305 5177 ι
3342 5126 3454 5182 Καὶ
3480 5126 3522 5159 ¹⁶
3550 5127 3757 5197 ἀνήγα.

2163 5229 2230 5299 γέ
2256 5242 2325 5298 με
2350 5227 2414 5279 ὲκ
2433 5224 2639 5278 λάκκου
2662 5218 3063 5290 ταλαιπωρίας,
3092 5218 3189 5273 καὶ
3209 5219 3315 5272 ἀπὸ
3342 5219 3518 5292 πηλοῦ
3541 5218 3705 5285 ίλὺος.
3732 5237 3753 5281 ι

1652 5342 1892 5399 VARIE
1929 5341 2318 5399 LECTIONES
2352 5340 2438 5395 ET
2469 5338 2706 5394 NOTAE.

582 5457 602 5490 ί
653 5456 750 5513 Σέ.
785 5458 957 5516 Abest
1003 5474 1034 5513 a
1074 5456 1197 5514 cod.
1240 5455 1295 5509 2.
1381 5455 1402 5486 ³
1445 5454 1960 5521 Ἀντιϐολοῦντος.
1996 5472 2046 5511 cr

582 5530 933 5576 ιναστοέύιω-
965 5530 1087 5576 md.
1121 5527 1156 5576 2
1193 5526 1345 5576 addit
1369 5522 1539 5576 ϐιοῦν.
1653 5527 1674 5557 ³
1697 5524 1885 5576 Τοῦτο
1914 5558 1981 5569 -
2020 5528 2046 5576 Ε

2168 5455 2190 5509 1
2235 5453 2708 5527 παρακαλοῦντος.

2150 5544 2172 5576 υ.
2204 5527 2331 5576 Des.
2366 5527 2419 5576 in
2455 5524 2580 5576 cod.
2612 5525 2668 5576 2.

1242 5526 1345 5580 ldit
1369 5524 1539 5592 βιοῦν.
1653 5527 1674 5557 ³
1697 5524 1885 5579 Τοῦτο
1914 5558 1981 5569 -
2008 5527 2172 5591 βίον.
2204 5524 2332 5581 Des.
2366 5527 2419 5580 in
2455 5524 2580 5579 cod.
2612 5525 2668 5578 2.

1242 5595 1629 5667 “VMagcdptor.
1686 5597 1810 5667 cod:
1851 5597 2116 5667 2pe’yav.
2230 5597 2251 5629 ’
2290 5597 2414 5651 cod.
2460 5595 2495 5647 2
2530 5594 2668 5667 tofm

1287 5686 1338 5770 εἴ
1364 5666 1515 5806 Τῗῖῗξ
1539 5666 1742 5792 Ρῗξιξὲῗει
1751 5666 1930 5792 812?:
1933 5754 1965 5793 ο
1989 5666 2204 5794 $5.55;
2211 5707 2301 5791 ὲιά
2321 5667 2619 5807 textam}?

486 5527 934 5597 δ’ᾼναστρέψω.
965 5530 1087 5583 rod.
1121 5527 1156 5582 2
1193 5526 1345 5581 addit
1369 5522 1539 5597 βιοὺν.

483 5600 505 5633 ν
535 5596 638 5653 Τά.
671 5596 889 5653 Abesta
922 5603 1045 5654 cod.
1082 5600 1129 5652 1.

487 5686 617 5740 των.
720 5670 760 5740 ξι
792 5673 896 5735 Εἰς
926 5700 995 5711 —
1020 5666 1338 5740 μνησθείς.
1364 5666 1515 5740 _D_es.
1539 5666 1717 5740 _apnd
1765 5666 1930 5740 C_ord_.
1989 5682 2044 5738 p.

488 5738 683 5804 ψύεω.
726 5739 851 5794 Des.
885 5741 937 5794 in
969 5738 1092 5796 cod.
1129 5743 1179 5797 ί.

488 5824 520 5862 a
545 5807 666 5862 cod.
699 5808 754 5862 2.

487 5824 520 5862 ἃ
545 5823 666 5863 οοα.
699 5823 754 5862 Ζ.

2813 5451 2836 5484 ³
2888 5448 3013 5520 Τὴν
3050 5451 3189 5520 rﬁr.
3238 5451 3362 5506 cod.
3417 5449 3452 5503 2
3505 5447 3760 5504 ἐνταῦθα.

2778 5524 2797 5555 ⁶
2820 5519 3177 5588 Δυνάστείᾳ.
3209 5522 3330 5577 cod.
3360 5519 3396 5573 2
3429 5520 3580 5574 addit
3610 5521 3759 5574 ὄντα.

2827 5593 2868 5624 ¹⁰
2917 5593 3213 5647 Ἀπασαν.
3266 5590 3390 5646 cod.
3439 5591 3493 5657 1,
3527 5590 3564 5645 2
3593 5591 3764 5644 ἀπάν-

2321 5667 2366 5697 ¹¹
2423 5665 2732 5734 Μακαρίῳ.
2789 5662 2915 5718 cod.
2955 5662 2991 5716 2
3045 5663 3198 5731 θείῳ.
3301 5663 3349 5694 ⁸³
3378 5661 3762 5732 Kal—dra-

2330 5736 2428 5798 τὴν
2460 5735 2619 5798 ὲμήν.
2720 5736 2761 5766 ¹⁸
2795 5733 2916 5790 cod.
2961 5735 2980 5789 |
3019 5732 3248 5798 ἔδειξας.
3351 5732 3396 5765 ⁸⁸
3429 5732 3562 5788 Kal.
3600 5732 3762 5787 Abest

2720 5736 2761 5766 ¹⁸
2795 5733 2916 5790 cod.
2961 5735 2980 5789 I
3019 5732 3248 5796 ἔδειξας.
3351 5732 3396 5765 ⁸⁸
3429 5732 3562 5788 Kal.
3600 5732 3773 5787 Abest

2230 5597 2251 5629 ’
2290 5597 2414 5651 cod.
2460 5595 2495 5647 2
2530 5594 2706 5647 τοῦτο.
