4108 6404
468 337 606 403 1155

1420 323 1912 388 THEODORETI
1959 321 2300 386 EPISCOPI
2327 317 2697 382 CYRENSIS

3595 309 3734 376 1156

467 453 635 523 igitur
659 463 785 505 eum
819 445 1028 518 iudicat
1049 443 1292 506 beatum,
1330 437 1425 508 qui
1474 438 1764 507 praesentia
1819 437 2043 508 quidem

2167 453 2240 488 :at
2267 434 2307 466 δι
2336 431 2631 488 Κάνταῦθα
2661 429 2847 483 τοίνυν
2875 425 3170 500 μακαρίζει
3204 425 3297 479 τὸν
3319 418 3431 480 τῶν
3463 423 3566 498 μὲν
3592 443 3729 496 παρ-

467 545 719 618 despieit,
751 541 991 599 divinam
1025 551 1153 592 vero
1189 549 1340 604 spem
1366 531 1622 588 omnibus
1649 533 1937 602 praeponit.
1996 566 2000 570 -

541 715 708 771 Vens.
737 712 790 768 6.
816 731 834 765 ι
872 709 1036 786 Multa
1064 703 1244 762 fecisti
1271 712 1352 768 tu,
1378 701 1612 758 Domine
1643 701 1786 757 Deus
1818 700 1913 766 mi,
1946 700 2049 755 mi-

468 807 660 862 rabiiia
695 813 810 869 tua,
861 810 916 858 et
948 799 1372 872 cogitationibus
1405 797 1515 852 tuis
1541 810 1651 850 non
1695 803 1782 850 est
1826 794 1920 864 qui
1973 793 2052 848 si-

359 901 364 906 ’
470 899 616 953 milis
667 897 736 952 sit
771 895 889 949 tibi.
942 890 1301 954 Annuntiavi,
1337 899 1392 945 et
1435 889 1654 942 locutus
1693 902 1839 953 sum,
1895 884 2044 940 mul-

471 987 698 1058 tiplicati
749 992 882 1042 sunt
927 1000 1093 1056 super
1125 997 1440 1038 numerum.
1478 998 1498 1030 ι
1536 979 1819 1043 Miracula,
1849 978 2048 1047 inquit,

471 1095 590 1146 qua:
614 1094 710 1148 per
751 1085 902 1130 tuam
950 1073 1250 1144 potentiam
1294 1070 1438 1125 facta
1492 1077 1648 1136 sunt,
1686 1083 1974 1123 numerum
1998 1076 2052 1123 et

473 1168 844 1221 narrationem
875 1179 1094 1220 omnem
1125 1169 1410 1231 superant.
1440 1158 1560 1213 Non
1619 1160 1765 1213 enim
1816 1166 1902 1213 est
1959 1156 2052 1228 qui

470 1260 650 1314 facere
678 1258 855 1328 possit
883 1255 1087 1311 similia
1115 1254 1234 1319 tibi,
1263 1250 1714 1323 quandoquidem
1746 1265 1909 1319 opera
1959 1260 2052 1304 tua

470 1352 712 1405 maxima
741 1358 796 1402 et
843 1345 1174 1417 perpulchra
1208 1348 1225 1365 θ
1263 1352 1392 1397 sunt
1421 1360 1435 1396 :
1483 1342 1710 1396 vincunt
1736 1348 1915 1394 autem
1946 1337 2054 1392 hu-

473 1459 668 1497 manas
741 1440 930 1493 laudes
965 1453 1050 1502 ea,
1095 1451 1219 1506 quae
1253 1433 1486 1505 singulis
1520 1430 1863 1500 temporibus
1895 1444 1922 1483 a
1963 1437 2054 1483 tua

469 1534 640 1605 859
679 1529 1026 1602 providentia
1053 1529 1369 1596 dispensata
1417 1523 1590 1588 fuere,
1623 1537 1745 1591 quae
1792 1523 1845 1576 in
1886 1520 2055 1592 Egy-

473 1635 590 1694 pto,
618 1639 737 1694 qua:
764 1623 818 1677 in
847 1623 1089 1686 deserto,
1151 1633 1275 1688 quae
1327 1625 1574 1684 tempore
1611 1613 1800 1677 Mosis,
1852 1611 2054 1677 Josuae,

2149 526 2320 580 όντων
2373 524 2892 603 καταφρονήσαντα,
2939 519 3040 590 τὴν
3094 516 3290 570 ἐλπίδα
3329 516 3389 570 δὲ
3449 516 3550 589 τὴν
3581 517 3738 575 θείαν

2147 619 2273 674 ἀντὶ
2292 617 2515 672 πάντων
2547 617 2915 685 κτησάμενον.

2224 716 2331 775 ς¹.‹
2355 707 2536 762 Πολλὰ
2571 705 2834 777 ἐποίησας
2858 704 2943 766 σὺ,
2962 701 3140 773 Κύριε
3157 703 3185 756 ὁ
3203 700 3337 765 Θεός
3367 718 3494 771 μου,
3512 700 3582 756 τὰ
3605 699 3740 756 θαυ-

2155 804 2330 875 μάσιά
2364 820 2480 868 σου,
2520 802 2616 854 καὶ
2651 802 2764 863 τοῖς
2819 797 3197 866 διαλογισμοῖς
3227 811 3320 848 σοι.
3368 795 3470 848 οὐκ
3513 793 3630 848 ἔστι
3654 801 3742 858 τίς

2151 893 2554 966 ὁμοιωθήσεται
2594 909 2698 947 σοι.
2754 888 3096 961 Ἀπήγγειλα
3119 886 3214 940 καὶ
3262 885 3529 957 ἐλάλησα,
3564 886 3738 957 ἐπλη-

2153 987 2428 1058 θύνθησαν
2466 987 2606 1056 ὑπὲρ
2661 983 2918 1058 ἀριθμόν.
2958 1000 2977 1032 ι
3037 981 3206 1052 Νικᾷ,
3264 979 3454 1050 φησιν,
3501 979 3743 1050 ἀριθμὸν

2153 1079 2250 1134 καὶ
2273 1081 2456 1133 πᾶσαν
2496 1077 2748 1147 διήγησιν
2784 1075 2854 1127 τά
2887 1071 2994 1126 ὑπὸ
3020 1072 3120 1142 τῆς
3151 1070 3252 1141 σῆς
3279 1070 3564 1140 δυνάμεως
3587 1072 3742 1139 γενό-

2157 1187 2296 1241 μενα
2311 1170 2357 1200 ⁸³
2387 1167 2660 1238 θαύματα.
2694 1165 2769 1219 Οὐ
2799 1165 2908 1237 γάρ
2935 1166 3083 1216 ἐστιν
3107 1163 3218 1218 ὁτὰ
3244 1161 3410 1232 ὅμοιά
3431 1177 3514 1214 σοι
3545 1161 3744 1232 δράσαι

2153 1261 2452 1332 δυνάμενος
2474 1275 2490 1291 ⁸
2529 1260 2767 1330 μέγιστα
2803 1257 2902 1327 μὲν
2931 1255 2978 1289 ⁸³
3004 1254 3114 1326 γὰρ
3142 1253 3238 1308 καὶ
3292 1253 3600 1324 περικαλλῆ
3648 1271 3744 1308 σου

2154 1352 2224 1405 τὰ
2274 1353 2584 1422 ποιήματα·
2622 1349 2750 1420 νικᾷ
2797 1348 2854 1401 δὲ
2886 1348 3015 1410 τοὺς
3057 1343 3436 1416 ἀνθρωπίνους
3486 1345 3744 1408 ἐπαίνους

2155 1443 2226 1496 τὰ
2257 1442 2380 1496 καθ’
2408 1443 2639 1496 ἕκαστον
2661 1440 2854 1511 καιρὸν
2877 1439 2985 1492 ὑπὸ
3012 1438 3112 1508 τῆς
3137 1437 3184 1469 ⁸⁵
3211 1438 3314 1507 σῆς
3333 1437 3378 1469 ⁸⁸
3399 1437 3742 1509 προμηθείας

2155 1535 2608 1606 οἱκονομούμενα,
2635 1535 2712 1587 ιτὰ
2739 1536 2799 1586 ὲν
2830 1532 3112 1602 Αἰγύπτῳ,
3147 1531 3218 1584 τὰ
3244 1532 3304 1583 ἐν
3335 1534 3400 1601 τῇ
3425 1531 3643 1602 ἐρήμῳ,
3673 1530 3744 1584 τὰ

2159 1626 2318 1679 snt.“
2347 1626 2548 1680 Μωσοῦ
2573 1625 2640 1692 ⁵⁷,
2678 1623 2748 1676 τά
2791 1623 2886 1676 ἐπὶ
2928 1623 3106 1692 Ἰησοῦ
3125 1622 3198 1689 ⁸⁸,
3221 1622 3291 1676 τὰ
3314 1622 3408 1674 ἐπὶ
3464 1621 3742 1693 Σαμουὴλ,

477 1715 774 1781 Samuelis,
801 1721 856 1770 et
890 1728 1013 1783 quae
1042 1713 1128 1767 his
1157 1709 1504 1779 antiquiora;
1560 1722 1684 1777 quae
1740 1705 2059 1761 acciderunt

2167 1717 2256 1769 καὶ
2284 1718 2353 1770 τὰ
2375 1717 2583 1770 τούτων
2631 1715 3005 1787 πρεσϐύτερα,
3045 1713 3118 1768 τὰ
3155 1714 3300 1768 κατὰ
3343 1713 3436 1769 τὸν
3468 1713 3744 1786 Ἀϐραὰμ,

475 1809 810 1870 Abrahamo,
847 1806 1052 1869 lsaaco,
1093 1802 1300 1858 Jacobo
1329 1810 1379 1857 et
1419 1799 1681 1871 Josepho,
1705 1799 1799 1868 qui
1828 1812 2052 1869 regnum

2167 1811 2229 1861 τὰ
2248 1807 2292 1840 ⁸⁸
2348 1809 2492 1862 κατὰ
2533 1808 2623 1862 τὸν
2671 1777 2880 1873 ἔΙσαὰκ,
2914 1777 3000 1862 ’τά
3039 1809 3182 1864 κατὰ
3224 1809 3315 1862 τὸν
3351 1777 3632 1880 Ἰακὼσξή
3657 1777 3748 1862 ala

473 1916 572 1970 per
624 1899 943 1955 servitutem
997 1896 1258 1961 obtinuit,
1287 1902 1342 1949 et
1369 1893 1597 1956 alia,ne
1652 1890 1864 1960 singula
1931 1904 2059 1958 per-

477 2007 720 2048 rurram.
765 1989 967 2044 Verum
1001 1987 1148 2056 quod
1200 2002 1348 2041 nunc
1390 1985 1595 2040 factum
1660 1992 1766 2046 est,
1804 1981 2060 2037 omnibus

475 2085 563 2140 his
590 2091 671 2138 est
699 2080 1100 2136 admirabilius.
1138 2076 1256 2132 Non
1284 2078 1431 2132 enim
1466 2076 1632 2131 unius
1688 2073 1947 2135 hominis.
1977 2070 2061 2127 vel

480 2176 648 2230 unius
679 2174 882 2242 gentis,
916 2172 1009 2227 sed
1059 2171 1307 2224 omnium
1362 2167 1604 2241 gentium
1656 2166 1890 2222 salutem
1931 2178 2063 2234 pro-

477 2281 662 2331 curas,
709 2275 766 2320 et
808 2264 942 2335 legis
995 2262 1204 2316 cultum
1256 2275 1479 2316 cessare
1547 2257 1779 2322 faciens,
1852 2256 1918 2312 ad
1970 2253 2061 2310 Ju-

480 2362 721 2416 daeorum
799 2357 1231 2412 imbecillitatem
1325 2353 1828 2418 accommodatum,
1866 2365 2060 2407 novam

477 2453 711 2524 gratiam
744 2449 965 2514 dedisti,
1017 2465 1136 2519 qua:
1198 2446 1520 2503 rationalem
1557 2445 1765 2500 cultum
1815 2443 2066 2515 pratscri-

478 2547 580 2602 bit.

551 2639 718 2693 Vens.
761 2637 816 2703 7,
847 2637 900 2690 8.
951 2654 969 2688 ι
1007 2633 1347 2688 Sacriﬁcium
1383 2642 1438 2688 et
1486 2630 1820 2686 oblationem
1883 2628 2064 2684 nolut-

481 2731 577 2794 sti,
615 2744 817 2798 corpus
843 2738 1028 2781 autem
1061 2725 1261 2796 aptasti
1291 2725 1450 2780 mihi.
1496 2722 1850 2785 llolocausta,
1879 2729 1935 2776 et
1973 2736 2064 2777 sa-

479 2820 685 2876 crilicia
715 2833 815 2889 pro
840 2826 1063 2888 peccato
1093 2831 1200 2870 non
1225 2814 1542 2885 postulasti.
1579 2813 1734 2868 Tunc
1763 2812 1899 2877 dixi,
1928 2811 2066 2866 Ecce

479 2915 664 2970 venio.
704 2931 722 2963 ι
756 2909 854 2965 His
908 2908 1161 2980 Apostoli
1200 2907 1504 2962 admonitio
1554 2905 1844 2960 concinit:
1907 2921 1926 2956 ι
1961 2901 2069 2957 Ob-

480 3021 640 3060 secro
671 3019 789 3068 vos,
815 3000 1038 3066 fratres,
1078 3017 1172 3070 per
1205 2998 1643 3054 misericordiam
1679 2995 1799 3063 Dei,
1827 3005 1884 3051 ut
1909 2995 2068 3050 exhi-

2160 1897 2403 1963 δουλείας
2432 1898 2526 1952 τοῦ
2565 1900 2764 1970 Ἰωσὴφ
2816 1899 3086 1969 βασιλεία,
3122 1901 3218 1955 καὶ
3267 1901 3334 1954 τὰ
3361 1901 3518 1966 ἄλλα,
3547 1902 3636 1955 ἵνα
3673 1907 3748 1973 μὴ

2163 1991 2285 2047 καθ’
2319 1993 2552 2046 ἕκαστον
2577 1990 2966 2062 διεξέρχωμαι.
3011 1991 3174 2046 Ἀλλὰ
3219 1992 3281 2045 τὸ
3313 1991 3410 2046 νῦν
3439 1993 3748 2062 γεγενημέ-

2163 2099 2255 2136 νον
2294 2081 2502 2136 τούτων
2534 2082 2797 2136 ἁπάντων
2850 2075 3327 2151 θαυμασιώτερον.
3383 2079 3522 2134 Οὐδὲ
3542 2081 3590 2112 ⁸⁸
3638 2079 3750 2151 γὰρ

2163 2175 2283 2239 ἑνὸς
2313 2174 2526 2247 ἀνδρὸς,
2554 2174 2589 2244 ἢ
2616 2176 2660 2207 ⁵⁸
2698 2174 2818 2238 ἑνὸς
2849 2172 3059 2238 ἔθνους,
3082 2172 3222 2227 ἀλλὰ
3241 2173 3353 2227 τῶν
3379 2172 3550 2227 ἐθνῶν
3578 2172 3752 2227 ἁπάνο

2163 2284 2274 2322 των
2333 2265 2712 2339 πραγματεύῃ
2757 2267 2859 2332 τὴν
2911 2265 3212 2336 σωτηρίαν,
3239 2264 3357 2330 καὶ,
3384 2263 3485 2337 τὴν
3519 2265 3752 2337 νομικὴν

2165 2359 2427 2431 λατρείαν
2457 2360 2843 2422 καταπαύσας,
2865 2361 2933 2429 τῇ
2956 2359 3003 2391 ⁵³
3031 2358 3140 2412 τῶν
3193 2357 3465 2412 Ἰουδαίων
3495 2358 3749 2431 ἀσθενείᾳ

2168 2452 2602 2522 συμϐαίνουσαν,
2628 2451 2730 2521 τὴν
2777 2449 2970 2521 καινὴν
3021 2449 3227 2514 ἔδωκας
3260 2451 3442 2522 χάριν,
3477 2450 3578 2522 τὴν
3605 2450 3752 2521 λογι-

2167 2544 2270 2616 κὴν
2289 2545 2336 2578 ³
2360 2543 2624 2616 λατρείαν
2645 2543 3046 2611 νομοθετοῦσαν
3069 2543 3138 2598 ⁵⁸.

2239 2637 2306 2700 ζ’,
2337 2641 2410 2705 η’.
2455 2653 2475 2686 ι
2513 2634 2719 2688 Θυσίαν
2757 2635 2852 2686 καὶ¹
2878 2635 2926 2665 ⁸⁸
2961 2632 3286 2706 προσφορὰν
3307 2633 3410 2688 οὐκ
3453 2633 3753 2706 ἠθέλησας,

2170 2726 2334 2798 σῶμα
2363 2726 2410 2760 ⁸⁸
2453 2725 2513 2780 δὲ
2565 2726 2888 2796 κατηρτίσω
2962 2743 3074 2796 μοι.
3148 2725 3614 2798 Ὀλοκαυτώματα
3658 2725 3757 2782 καὶ

2169 2821 2301 2892 περὶ
2352 2819 2633 2891 ἁμαρτίας
2686 2820 2787 2872 ούκ
2854 2818 3155 2890 ἐζήτησας.
3211 2819 3347 2873 Τότε
3407 2814 3585 2888 εἶπον,
3621 2820 3755 2876 Ἰδοὺ

2167 2913 2311 2984 ἥκω.
2347 2930 2366 2965 ι
2411 2911 2638 2975 Τούτοις
2673 2914 2706 2983 ἡ
2751 2911 3089 2983 άποστολικὴ
3139 2913 3354 2984 συνᾴδει
3395 2916 3752 2990 παραίνεσιςο

2177 3022 2196 3056 ι
2227 3001 2542 3074 Παρακαλῶ
2572 3001 2740 3072 ὑμᾶς,
2778 3001 3024 3070 ἀδελφοὶ,
3055 3001 3146 3054 διὰ
3181 3002 3292 3056 τῶν
3328 3005 3634 3077 οἰκτιρμῶν
3662 3006 3756 3062 τοῦ

481 3101 657 3156 beatis
692 3113 919 3169 corpora
953 3106 1132 3152 vestra
1162 3096 1398 3151 hostiam
1431 3095 1726 3160 viventem,
1793 3101 2065 3156 sanctam,

2171 3095 2328 3161 Θεοῦ,
2359 3093 2718 3166 παραστῆσαι
2759 3093 2829 3146 τὰ
2876 3091 3107 3163 σώματα
3147 3095 3304 3166 ὑμῶν
3328 3096 3523 3152 θυσίαν
3551 3097 3755 3165 ζῶσαν,

485 3191 596 3247 Deo
645 3192 971 3261 placentem,
1037 3187 1366 3243 rationalem
1419 3185 1631 3242 cultum
1682 3192 1926 3240 vestrum
1961 3181 2007 3237 i.
2041 3200 2061 3236 ι

481 3283 620 3340 Nam
651 3299 751 3353 pro
782 3282 1049 3352 legalibus
1086 3279 1375 3335 sacriﬁciis
1433 3277 1700 3333 Dominus
1761 3276 2068 3346 imperavit,

485 3384 548 3430 ιιι
571 3385 757 3430 nostra
802 3372 1052 3427 membra
1087 3386 1503 3426 consecremus.
1533 3369 1692 3424 lianc
1723 3378 1929 3433 autem,
1971 3368 2068 3434 ait,

484 3481 636 3522 tuam
684 3453 927 3535 gratiam
977 3462 1337 3534 perspiciens,
1397 3461 1670 3532 meipsum
1719 3461 1817 3517 tibi
1875 3461 2069 3529 obtuli,

487 3561 716 3615 dicens:
764 3556 906 3611 Ecce
960 3555 1180 3610 adsum.
1240 3552 1393 3610 lianc
1434 3554 1600 3624 igitur
1640 3569 1827 3610 vocem
1880 3555 2072 3611 beatus

488 3651 694 3710 Paulus
722 3650 789 3706 de
820 3647 1042 3704 Christo
1069 3646 1302 3718 Domino
1328 3647 1498 3718 860
1529 3645 1779 3701 adhibuit
1826 3645 1877 3712 ι,
1906 3645 2072 3716 idque

489 3745 626 3801 satis
658 3743 821 3798 bene.
855 3739 1068 3797 Nostrae
1100 3740 1248 3797 enim
1294 3755 1501 3795 natura;
1547 3738 1742 3794 habuit
1799 3739 2073 3810 primitias

487 3844 546 3892 et
575 3836 650 3890 illi
687 3834 938 3890 omnium
970 3833 1152 3904 primo
1181 3841 1368 3887 nostra
1395 3832 1585 3887 dicere
1619 3831 1902 3898 convenit,
1933 3839 1991 3887 et
2017 3829 2073 3884 in

493 3928 673 3998 seipso
704 3927 860 3998 prius
888 3925 1221 3981 adumbrare
1249 3939 1337 3988 ea,
1369 3940 1493 3996 quae
1551 3939 1582 3978 a
1611 3923 1773 3981 nobis
1830 3923 1947 3979 ﬁeri
1980 3922 2078 3977 de-

487 4025 600 4074 cet.
645 4016 846 4071 Eodem
885 4015 1048 4070 modo
1077 4013 1192 4083 ipse
1221 4014 1434 4085 primus
1473 4013 1542 4069 ad
1569 4013 1843 4085 baptisma
1887 4025 2076 4068 acces-

488 4110 585 4173 sit,
620 4109 784 4163 nobis
819 4105 983 4160 tacite
1040 4105 1340 4160 ostendens
1393 4105 1740 4176 baptismatis
1793 4103 2026 4174 gratiam
2058 4120 2076 4157 :

485 4201 684 4255 eodem
727 4197 890 4252 modo
924 4195 1090 4267 pedes
1117 4195 1518 4266 discipulorum
1551 4196 1710 4260 lavit,
1749 4193 2078 4252 humilitatis

485 4291 775 4360 exemplar
800 4289 961 4344 nobis
982 4302 1310 4359 proponens.
1335 4289 1633 4358 PrOpterea
1664 4284 1865 4343 Joanni
1903 4286 2034 4341 dicit
2060 4304 2076 4342 :

492 4403 518 4436 ‹
552 4383 819 4440 Permitte
863 4382 1044 4448 modo,
1097 4382 1178 4438 sic
1221 4381 1369 4436 enim
1447 4380 1605 4436 decet
1672 4395 1776 4436 nos
1851 4377 2080 4452 implere

2173 3187 2358 3255 ἁγίαν,
2391 3185 2690 3259 εὐάρεστον
2716 3184 2796 3255 τῷ
2823 3184 2966 3255 Θεῷ,
2996 3185 3095 3257 τὴν
3137 3184 3366 3258 λογικὴν
3393 3187 3654 3260 λατρείαν
3685 3191 3753 3245 ⁸⁷.

2183 3279 2334 3333 Ἀντὶ
2363 3280 2473 3351 γὰρ
2521 3277 2634 3331 τῶν
2672 3277 2918 3348 νομικῶν
2953 3278 3167 3349 ἱερείων
3205 3280 3275 3333 τὰ
3331 3281 3584 3352 ἡμέτερα
3622 3283 3758 3353 μέλη

2171 3369 2466 3443 καθιεροῦν
2501 3372 2530 3424 ὁ
2571 3372 2854 3442 Δεσπότης
2879 3370 3203 3442 προσέταξε.
3239 3372 3462 3443 Ταύτην
3480 3373 3527 3406 ⁵⁸
3553 3373 3610 3427 δέ
3643 3391 3759 3437 σου,

2173 3463 2310 3534 φησὶ
2338 3463 2407 3530 ⁸⁸,
2433 3461 2534 3533 τὴν
2581 3461 2741 3532 χάριν
2791 3461 2936 3528 ἰδὼν,
2963 3462 3200 3532 ἐμαυτόν
3251 3479 3335 3516 σοι
3382 3465 3759 3536 προσήγαγον,

2177 3553 2378 3622 λέγων,
2407 3550 2545 3607 Ἰδοὺ
2585 3551 2840 3622 πάρειμι.
2867 3551 3088 3623 Ταύτην
3148 3553 3336 3624 μέντοι
3379 3553 3480 3625 τὴν
3508 3554 3697 3626 φωνὴν
3734 3555 3764 3609 ὀ

2177 3645 2449 3715 μακάριος
2478 3643 2523 3677 ⁸⁸
2552 3643 2825 3714 λαμϐάνει
2847 3643 3060 3708 Παῦλος
3085 3646 3166 3709 είς
3191 3647 3285 3701 τὸν
3315 3646 3597 3717 Δεσπότην
3627 3646 3762 3716 Χρι-

2177 3737 2323 3801 στὸν,
2363 3737 2461 3790 καὶ
2497 3735 2645 3807 μάλα
2671 3735 2922 3801 εἰκότως.
2952 3737 3068 3807 Τῆς
3101 3737 3210 3810 γάρ
3243 3739 3521 3812 ἡμετέρας
3545 3739 3762 3809 φύσεώς

2176 3830 2325 3882 ἐστιν
2375 3829 2622 3900 ἀπαρχὴ,
2677 3833 2770 3887 καὶ
2823 3827 3028 3903 πρώτῳ
3083 3830 3287 3900 πρέπει
3313 3831 3360 3862 ⁸⁸
3407 3831 3480 3884 τὰ
3515 3831 3764 3902 ἡμέτερα

2175 3921 2379 3991 λέγειν,
2416 3922 2512 3976 καὶ
2550 3926 2608 3976 ὲν
2634 3922 2786 3994 αύτῷ
2825 3921 3142 3994 προτυποῦν
3169 3922 3206 3977 ἃ
3245 3922 3378 3994 παρ’
3407 3923 3566 3994 ἡμῶν
3598 3940 3768 3996 προσ-

2177 4010 2305 4089 ήκει
2352 4015 2636 4084 γενέσθαι.
2675 4015 2834 4070 Οὕτω
2865 4015 3084 4087 πρῶτος
3108 4014 3188 4086 τῷ
3219 4015 3561 4086 βαπτίσματι
3595 4033 3766 4088 προσ-

2177 4107 2461 4178 ελήλυθεν,
2518 4109 2652 4179 ἡμῖν
2689 4108 3015 4171 ὑποδεικνὺς
3072 4109 3175 4178 τὴν
3225 4107 3321 4162 τοῦ
3380 4107 3766 4180 βαπτίσματος

2177 4200 2342 4271 χάριν
2359 4216 2375 4234 ο
2398 4199 2575 4264 οὕτως
2605 4200 2759 4271 ἑνιψε
2777 4201 2908 4265 τοὺς
2936 4201 3108 4264 πόδας
3123 4201 3235 4256 τῶν
3261 4201 3547 4274 μαθητῶν,
3570 4221 3765 4257 ταπει-

2179 4291 2522 4364 νοφροσύνης
2571 4293 2706 4363 ἡμῖν
2758 4293 3070 4364 ἀρχέτυπον
3105 4294 3408 4364 προτιθείς.
3469 4295 3572 4348 Διὰ
3610 4294 3768 4349 τοῦτο

2181 4385 2318 4456 πρὸς
2369 4385 2462 4439 τὸν
2519 4385 2778 4455 Ἰωάννην
2835 4384 2977 4455 ἔφη·
3018 4403 3037 4436 t
3072 4385 3244 4454 ’Ἄφες
3285 4385 3432 4459 άρτι,
3486 4385 3630 4440 οὕτω
3660 4386 3768 4457 γάρ

487 4493 716 4533 omnem
754 4475 1025 4547 justitiam
1063 4474 1108 4529 ι.
1143 4493 1162 4526 ι
1194 4473 1463 4545 Congruit
1508 4475 1676 4544 igitur
1732 4472 1812 4527 illi
1859 4481 1914 4528 et
1972 4487 2067 4528 no-

2185 4475 2396 4548 πρέπον
2423 4477 2560 4548 ἡμῖν
2592 4477 2710 4530 ἐστι
2753 4475 3049 4548 πληρῶσαι
3097 4477 3282 4530 πᾶσαν
3324 4477 3702 4549 δικαιοσύνην.
3743 4493 3763 4528 ι

489 4579 605 4625 stra
628 4570 829 4636 dicere,
860 4577 921 4623 ut
945 4566 1112 4638 capiti
1146 4565 1420 4636 corporis,
1453 4574 1513 4621 ut
1539 4564 1907 4637 primogenito
1936 4566 2080 4618 mul-

2198 4567 2492 4639 Ἀρμὸττει
2524 4567 2708 4622 τοίνυν
2744 4567 2896 4639 αύτῷ
2932 4568 3030 4622 καὶ
3066 4567 3136 4622 τὰ
3167 4569 3413 4641 ἡμέτερα
3463 4568 3668 4638 λέγειν,
3696 4568 3769 4630 ὡς

568 4745 586 4798 1
635 4745 795 4802 Rom.
837 4763 937 4814 xu,
979 4747 1033 4800 1.
1108 4746 1137 4787 ιι
1181 4744 1344 4801 l-lebr.
1385 4760 1440 4812 ι,
1473 4743 1592 4800 5-9.
1675 4742 1694 4784 ι
1736 4743 1927 4802 Matth.
1966 4762 2048 4814 ιιι,
2079 4746 2167 4802 15.

1593 4896 1832 4956 VARUS
1873 4897 2266 4956 LECTIONES
2303 4898 2394 4955 ET
2432 4899 2669 4960 NOTAE.

603 5033 648 5066 “
677 5033 800 5106 eod.
836 5034 874 5088 2
909 5033 1296 5105 ταράσσονται.
1366 5034 1412 5068 ⁸³
1447 5033 1629 5106 cod._i_
1653 5034 2018 5106 γεγενημένα.

2169 5035 2317 5091 Μέν.
2349 5037 2521 5091 Abest
2548 5051 2579 5090 a
2614 5034 2741 5091 cod.
2771 5035 2830 5106 2.
2887 5035 2935 5068 “
2963 5027 3273 5106 Ὑπὸμτῆςν
3311 5053 3367 5091 κ.
3398 5035 3449 5106 λ.
3487 5033 3544 5090 in
3582 5036 3707 5091 cod.
3738 5035 3772 5091 3

497 5105 760 5177 nonnulla
808 5102 1144 5174 praecedunt,
1195 5121 1319 5177 quae
1373 5114 1555 5161 tamen
1585 5102 2120 5177 Nostro‘v'indicare
2178 5106 2534 5173 dubitamus,
2585 5115 2698 5160 tum
2733 5105 2864 5177 quia
2903 5121 3028 5161 cum
3087 5102 3210 5177 illis
3238 5121 3364 5177 qua:
3413 5105 3470 5177 h.
3533 5107 3571 5162 l.

3629 5122 3773 5194 Pre-

501 5175 670 5245 missa
717 5173 865 5241 sunt,
916 5191 1022 5228 non
1059 5173 1352 5241 cohaerent,
1412 5185 1527 5230 tum
1592 5173 1936 5245 quiapsimul
1984 5176 2170 5245 Cyrilli
2223 5193 2422 5230 nomen
2464 5173 2768 5245 ascriptum
2807 5177 3028 5232 habent.
3103 5173 3320 5245 ⁸⁸Σῆζ.
3351 5176 3554 5232 cod.5.
3583 5173 3770 5231 αὑτοῦ.

501 5244 550 5282 ⁴⁶
598 5242 680 5298 Τὰ
728 5245 826 5300 ἐπὶ
879 5246 1120 5301 Μωσοῦι
1164 5245 1288 5302 Des.
1315 5247 1369 5301 in
1414 5245 1537 5300 cod.
1579 5242 1632 5298 5.

501 5312 678 5386 Ναυῆ.
754 5315 798 5347 δ’
829 5315 910 5369 Τὰ
939 5346 1005 5355 -
1026 5317 1122 5370 καὶ
1152 5319 1223 5370 τὰ
1246 5316 1427 5372 ἄλλα.
1457 5316 1582 5368 cod.
1611 5315 1646 5367 5
1672 5313 1769 5366 καὶ
1795 5315 1922 5377 τοὺς
1957 5313 2018 5378 ἐξ
2047 5317 2216 5369 αὑτοῦ
2246 5315 2619 5398 πατριάρχας.

501 5383 634 5420 Λῖίλέ.
745 5387 792 5420 οι
819 5385 903 5420 '1‘:-
930 5414 997 5420 __
1026 5389 1490 5420 η-υηέηιυηυηην
1539 5384 1636 5420 δρα
1704 5387 1757 5420 in
1795 5383 1892 5420 nnrl
1951 5383 1985 5420 ο
2057 5387 2162 5420 Βηι
2190 5387 2255 5420 οἱ
2296 5403 2407 5420 ηδ’-ιιι
2441 5387 2540 5420 ηιιΑ
2608 5390 2619 5420 Δ

819 5385 903 5454 Τῇ
928 5414 997 5427 -
1025 5384 1760 5456 συμϐαίνουσαν-.-ᾱεεηὶιι
1795 5383 1922 5456 cod.
1951 5383 2008 5456 2.
2057 5387 2162 5440 Pro
2190 5387 2256 5456 τῇ

501 5383 644 5438 οὐδὲ.

1737 5243 1782 5275 ‘7
1812 5247 1932 5298 cod.
1978 5245 2001 5297 1
2031 5243 2295 5301 Minoam").
2336 5247 2457 5300 cod.
2489 5245 2525 5300 2
2554 5243 2857 5309 Μωῦσέως.

2955 5245 3000 5278 ⁸⁸
3031 5243 3246 5312 Ἰησοῦ.
3278 5246 3400 5300 cod.
3439 5247 3463 5300 1
3499 5247 3650 5302 addit
3680 5246 3774 5300 τοῦ

2719 5317 2764 5348 ⁵ο
2791 5313 2967 5372 Οὺδέ.
2995 5317 3118 5371 cod.
3153 5316 3188 5370 5
3211 5316 3294 5370 οὐ.
3393 5316 3439 5347 ⁸³
3473 5317 3562 5372 Ἦ.
3590 5317 3716 5372 cod.
3742 5317 3777 5372 ὃ

2296 5385 2407 5439 τῶν
2441 5385 2564 5442 cod.
2608 5388 2634 5441 1
2663 5387 2838 5458 habet
2877 5386 2976 5457 τὴν
3006 5388 3098 5458 τῇ.
3194 5385 3240 5417 ⁸³
3265 5386 3549 5455 Λογικήν.
3583 5388 3708 5458 cod.
3746 5389 3771 5441 1

504 5456 754 5528 νομικὴν.
810 5527 816 5528 γ
844 5443 900 5490 δί’
919 5443 1596 5528 Νομοᾱετοῦσαγ.-ρίιι1ω
1621 5451 1784 5506 etiam
1814 5453 1878 5528 ἰΙι.
1911 5455 1948 5510 l.
1978 5455 2032 5509 in
2065 5484 2067 5498 ι

2173 5497 2184 5510 .
2216 5443 2256 5512 δ’
2281 5468 2607 5528 sequuntur,
2643 5457 2710 5528 de
2747 5443 2948 5527 quibus
2991 5443 3173 5528 tai'nen
3204 5471 3268 5510 ex
3302 5443 3775 5528 argumentisjam

505 5521 752 5581 adductis
790 5521 1126 5591 dubitamus,
1178 5543 1245 5580 an
1286 5525 1354 5578 ad
1395 5521 1652 5592 Nostrum
1693 5523 2015 5592 pertineant.

2129 5526 2175 5557 ⁸⁸
2208 5529 2341 5581 Καί.
2362 5525 2498 5582 θεοό.
2545 5528 2598 5589 1,
2639 5527 2675 5581 2
2707 5525 2891 5597 praem.
2923 5528 3032 5598 γὰρ
3063 5525 3189 5597 ἔφη.

3302 5526 3349 5559 ⁸⁸
3372 5524 3574 5598 Σῶμα.
3609 5524 3775 5583 Hebr.

504 5601 712 5677 ςξινρτιςι.
761 5595 964 5677 Sicque
997 5589 1188 5677 reliqui
1243 5594 1473 5677 interpr.
1512 5589 1918 5677 Graecidiabent
1964 5595 2136 5677 ὠτία,
2169 5599 2322 5677 unde
2361 5589 3303 5677 c_ulpa"librariorumoi-tut'n'esse
3346 5589 3774 5677 νξάεὶιιιι-σῶμα.

513 5660 629 5738 Viti.
659 5666 844 5738 bamb.
875 5660 986 5720 Bos
1008 5660 1328 5738 _A_nima_dvl
1359 5662 1490 5738 crit._
1508 5660 1575 5714 ad
1615 5660 1668 5715 h.
1698 5660 1734 5716 Ι.
1809 5662 1854 5738 ξ⁷
1879 5669 2067 5738 Λατρε

2167 5685 2189 5722 ’.
2219 5667 2346 5738 eod.
2378 5669 2412 5722 5
2446 5660 2596 5724 addit
2630 5667 2805 5738 ὑμῶν.
2881 5668 2927 5699 ⁸³
2960 5668 3191 5738 Ταύτην
3213 5698 3284 5708 -
3316 5667 3534 5735 σάρκα.
3564 5660 3692 5726 Des.
3724 5669 3779 5722 itt

507 5735 628 5788 cod.
659 5735 715 5792 3.
788 5738 835 5770 ⁵³
858 5735 1038 5802 φησι.
1065 5733 1121 5786 ln
1144 5732 1266 5789 eod.
1298 5731 1334 5784 2
1369 5729 1588 5798 ponitur
1625 5742 1747 5800 post
1771 5732 1952 5805 χάριν.
1995 5729 2012 5735 ⁷
2038 5737 2067 5770 ⁶⁴

2167 5736 2438 5808 ἀκάριος.
2477 5739 2599 5794 cod.
2631 5729 2680 5791 2'
2697 5739 2858 5800 θεῖος.

2952 5739 3000 5818 οξ
3021 5735 3260 5805 Πρέπει.
3292 5739 3462 5794 Abest
3495 5755 3525 5793 a
3555 5739 3684 5796 cod.
3721 5739 3774 5792 1.
