4108 6414
368 338 515 402 1157

1645 345 1729 408 IN
1758 345 1964 406 PSAL.
1990 334 2264 408 XXXIX.

3508 353 3647 421 1158

376 451 594 524 κεφαλῇ
644 433 925 523 σώματος,
955 454 1034 519 ῶς
1081 430 1297 512 πολλῶν
1338 457 1585 529 ἀδελφῶν
1637 458 1963 530 πρωτοτόκῳ

2068 469 2251 516 torum
2275 458 2514 517 fratrum
2546 462 2846 520 secundum
2878 477 3124 522 carnem.
3161 482 3183 518 ι
3214 464 3272 521 In
3295 465 3476 539 capite
3516 468 3645 526 libri

377 546 519 600 κατά
538 544 640 617 τὴν
674 545 877 617 σάρκα.
916 566 936 600 t
982 549 1070 603 Ἑν
1121 551 1375 620 κεφαλίδι
1404 550 1612 624 βιϐλίου
1653 552 1966 623 γέγραπται

376 638 508 709 περὶ
535 637 696 709 ἐμοῦ.
733 658 753 691 ι
788 640 1035 696 Ἀνωθεν
1059 644 1127 708 ⁸⁸,
1154 644 1344 715 φησὶν,
1368 647 1427 697 ἐν
1454 647 1575 706 ταῖς
1592 647 1965 715 προφητικαῐς

377 727 579 800 βίϐλοις
636 727 815 783 ταῦτα
870 730 1002 802 περὶ
1068 731 1204 803 ἐμοῦ
1265 733 1697 804 προηγόρευται.
1769 733 1890 801 Τὴν
1919 734 1965 767 ⁸⁸

375 817 695 887 κεφαλίδα,
729 818 957 889 sumta
1000 823 1294 893 εἰρήκασιν
1341 822 1577 886 Ἀκύλας
1612 823 1705 876 καὶ
1737 822 1964 895 Σύμμα-

374 926 472 982 χος
497 910 544 943 ⁸⁸
565 927 578 941 ·
615 910 763 965 οὕτω
789 912 846 966 δὲ
871 915 971 977 τάς
1001 913 1154 980 Θείας
1188 916 1413 987 Γραφὰς
1468 916 1634 988 μέχρι
1667 916 1762 970 καὶ
1799 918 1966 989 τήμε-

376 1019 471 1074 ρον
513 1002 756 1058 Ἰουδαῖοι
782 1005 1221 1071 κατασκευάζειν
1248 1006 1495 1062 εἰώθασι.
1669 1019 1685 1034 ’

443 1094 511 1148 θ’.
561 1112 579 1147 ι
646 1093 755 1148 Τοῦ
797 1095 1028 1166 ποιῆσαι
1083 1097 1143 1151 τὸ
1194 1097 1412 1169 θέλημά
1458 1113 1574 1162 σου,
1612 1095 1800 1160 δΘεός
1833 1113 1960 1169 μου,

372 1182 687 1256 ἠϐουλήθην
704 1184 750 1217 ⁸⁸
771 1200 786 1218 ο
812 1188 905 1239 καί
934 1186 1029 1239 τὸν
1094 1188 1260 1257 νόμον
1290 1203 1389 1241 σου
1420 1188 1479 1240 ἐν
1527 1187 1679 1257 μέσῳ
1718 1187 1818 1257 τῆς
1846 1203 1962 1240 κοι-

372 1275 558 1340 λία;.⁸⁶
595 1293 717 1346 μου.
784 1295 803 1330 ι
864 1277 1189 1349 Προσελθών
1246 1295 1354 1345 σοι,
1415 1279 1573 1348 φησι,
1633 1279 1814 1331 πᾶσαν
1855 1279 1964 1349 ἔχω

374 1369 620 1440 σπουδὴν
644 1372 744 1435 τάς
772 1370 873 1435 σάς
906 1372 1153 1444 πληροῦν
1182 1372 1427 1440 ἐντολὰς,
1479 1374 1575 1428 καὶ
1604 1374 1750 1427 κατά
1774 1372 1837 1426 τὸ
1869 1371 1962 1426 σὸν

375 1463 762 1519 πολιτεύεσθαι
791 1463 1028 1535 θέλημα.
1063 1465 1138 1518 Τὸ
1163 1465 1241 1532 δὲ,
1278 1466 1349 1520 ἐν
1370 1465 1544 1535 μέσῳ
1578 1464 1689 1532 τῆς
1729 1466 1962 1532 κοιλίας

367 1573 510 1626 μου,
536 1558 611 1609 ’ἐκ
642 1559 964 1628 μεταφορᾶς
987 1559 1180 1630 εἴρηκε
1211 1560 1322 1612 τῶν
1357 1559 1421 1612 εῦ
1448 1560 1578 1632 περί
1604 1576 1730 1612 τινα
1758 1558 1964 1613 διακειο

377 1649 577 1720 μένων,
608 1649 713 1703 καὶ
740 1649 891 1706 ἐνδον
932 1652 1239 1722 ἐφιεμένων
1259 1651 1305 1684 ⁸⁷
1343 1650 1608 1719 ἐμϐαλεῖν
1637 1652 1731 1705 τὸν
1764 1649 1962 1704 ποθού-

374 1756 561 1810 μενον.
598 1741 789 1796 Ταῦτα
814 1741 872 1795 δὲ
899 1740 1024 1795 οὒτε
1048 1742 1130 1813 τῷ
1165 1742 1429 1815 Ἱερεμίᾳ,
1475 1741 1599 1796 οὔτε
1628 1742 1707 1814 τῷ
1737 1728 1964 1811 Δανιὴλ,

336 1831 573 1912 ὀὔτε⁸1⁸
610 1832 691 1905 τῷ
732 1833 993 1907 μακαρίῳ
1018 1836 1063 1869 ⁸⁸
1118 1835 1382 1907 ἁρμόττει
1433 1835 1618 1892 Δαϐίδ.
1644 1835 1752 1888 Τοῦ
1791 1834 1958 1903 νόμου

342 1924 483 1995 ,γὰρ
528 1924 881 1995 κρατοῦντος,
918 1925 1356 1998 ὁλοκαυτώματα
1403 1928 1499 1980 καὶ
1556 1927 1742 1981 θυσίαι
1792 1944 1960 1996 προσο

378 2018 645 2090 εφέροντο
673 2018 753 2091 τῷ
781 2018 927 2091 Θεῷ.
975 2019 1034 2074 Ὀ
1055 2020 1113 2073 δὲ
1152 2020 1498 2092 προφητικὸς
1512 2019 1692 2088 λόγος,
1712 2019 1962 2074 ἐκϐαλὼν

370 2111 554 2167 πάντα
589 2111 664 2167 τά
715 2112 967 2179 τοιαῦτα,
1001 2114 1101 2184 τὴν
1145 2112 1375 2184 λογικὴν
1426 2111 1618 2167 θυσίαν
1657 2111 1957 2179 ὑπέδειξεν.

371 2195 449 2258 οὗ
502 2203 567 2275 δὴ
614 2202 798 2275 χάριν,
836 2204 1085 2268 τυπικῶς
1147 2204 1287 2276 ἔφην
1358 2203 1655 2276 ἁρμόττειν
1681 2203 1762 2275 τῷ
1793 2204 1962 2259 Δαϐὶδ

371 2295 467 2350 τὸν
495 2295 712 2367 ψαλμόν
735 2312 751 2328 ο
780 2295 970 2369 ἐπειδὴ
1014 2297 1274 2360 κάκεῖνος
1309 2295 1672 2369 προφητικῶς
1701 2294 1961 2367 προεώρα

373 2386 444 2440 τά
480 2386 767 2458 μέλλοντα,
800 2388 898 2441 καὶ
927 2388 1050 2441 κατ’
1096 2388 1282 2441 ἐκεῖνα
1331 2384 1432 2458 ζῇν
1473 2386 1742 2455 ἐπεθύμει
1764 2402 1779 2417 ο
1821 2386 1958 2458 ἀλη-

372 2479 484 2545 θῶς
507 2478 564 2533 δέ
587 2480 702 2543 τοῖς
724 2477 825 2549 τῆς
852 2476 1130 2549 σωτηρίας
1149 2475 1462 2543 ἀξιωθεῖσιν
1496 2475 1694 2543 ἔθνεσι,
1729 2475 1825 2529 καὶ
1857 2474 1960 2545 τῆς

371 2571 583 2644 πλάνης
604 2569 1026 2639 ἀπαλλαγεῖσιν.

446 2669 501 2729 ι’,
532 2668 620 2718 ια’.
664 2680 683 2714 t
726 2660 1186 2734 Εύηγγελισάμην
1215 2657 1571 2730 δικαιοσύνην
1599 2658 1657 2712 ἐν
1687 2656 1956 2730 ἐκκλησίᾳ

381 2756 611 2829 μεγάλῃ,
643 2754 755 2809 ίδοὺ
793 2754 863 2808 τὰ
892 2752 1047 2825 χείλη
1084 2769 1187 2823 μου
1212 2752 1274 2806 οὐ
1329 2753 1407 2823 μὴ
1454 2751 1688 2804 κωλύσω
1710 2766 1725 2782 ·
1758 2749 1956 2821 Κύριε,

375 2849 444 2903 σὺ
468 2847 660 2917 ἔγνως.
690 2846 803 2920 Τὴν
831 2844 1182 2916 δικαιοσύνην
1224 2860 1319 2898 σου
1341 2843 1388 2877 ⁷⁸
1415 2843 1517 2896 οὐκ
1545 2840 1761 2912 ἔκρυψα
1787 2843 1846 2894 ἐν
1888 2842 1956 2912 τῇ

372 2939 573 3012 καρδίᾳ
604 2955 730 3010 μου,
757 2938 857 3009 τὴν
888 2934 1154 3008 ἀλήθειάν
1187 2951 1284 2987 σου
1316 2932 1411 2986 καὶ
1446 2932 1507 2985 τὸ
1553 2929 1825 3001 σωτήριόν
1862 2946 1958 2983 σου

373 3031 528 3090 είπα.
558 3033 674 3087 Ούκ
697 3030 913 3103 ἔκρυψα
958 3029 1021 3084 τὸ
1048 3028 1201 3092 ἔλεός
1252 3042 1347 3080 σου
1395 3024 1493 3079 καὶ
1539 3024 1640 3097 τὴν
1694 3022 1956 3094 ἀλήθειάν

375 3145 474 3183 σου
513 3128 623 3182 ἀπὸ
672 3124 1002 3195 συναγωγῆς
1050 3122 1277 3194 πολλῆς.
1320 3139 1340 3172 ι
1402 3119 1583 3211 Καὶ
1615 3118 1889 3190 μακάριος
1909 3117 1950 3211 ’⁷⁸
1981 3151 2027 3211 c

377 3218 543 3274 Δασιδ
597 3218 939 3287 ὑπισχνεῖται
972 3217 1030 3268 ἐν
1084 3212 1355 3283 ἐκκλησίᾳ
1408 3209 1644 3281 μεγάλη,
1696 3210 1763 3280 τῇ
1814 3206 1957 3260 κατά

377 3309 557 3364 πᾶσαν
583 3308 685 3379 τὴν
729 3304 1061 3377 οἰκουμένην
1095 3302 1202 3357 ὑπὸ
1229 3302 1331 3372 τῆς
1364 3300 1520 3364 θείας
1570 3298 1796 3370 χάριτος
1831 3296 1959 3352 συλο

375 3403 598 3475 λεγείσῃ
618 3442 632 3468 ,
662 3402 762 3473 τὴν
815 3400 911 3455 τοῦ
943 3398 1082 3453 Θεοῦ
1127 3397 1480 3468 δικαιοσύνην
1520 3394 1837 3467 κηρύττειν,
1863 3394 1959 3447 καὶ

374 3496 478 3569 τὴν
505 3497 607 3568 τῆς
643 3493 984 3567 προφητείας
1028 3491 1313 3561 ἀλήθειαν,
1354 3489 1449 3543 καὶ
1484 3488 1584 3560 τὴν
1627 3486 1959 3555 ἀξιάγαστον

380 3588 682 3659 σωτηρίαν,
731 3586 829 3641 καὶ
876 3585 969 3639 τὸν
1023 3580 1561 3655 ἀμέτρητονιέλεονο
1611 3580 1707 3634 καί
1753 3577 1894 3649 αῦτη
1925 3577 1960 3649 ἡ

379 3677 756 3750 σεσωσμὲνητ⁸
782 3677 943 3747 φύσις
970 3674 1177 3742 ταύτην
1206 3673 1349 3744 ὑπὲρ
1369 3672 1471 3744 τῆς
1497 3670 1775 3741 σωτηρίας
1826 3669 1960 3722 6m-

378 3773 623 3842 σχνεῖται
663 3770 763 3842 τὴν
807 3768 1080 3825 ἀντίδοσιν
1111 3764 1390 3831 Miseni",
1420 3763 1484 3817 τὸ
1517 3763 1834 3832 συντρέχειν
1880 3761 1962 3824 εἰς

377 3860 699 3934 ἐκκλησίαν,
750 3862 847 3915 κα.)⁸
888 3858 959 3914 τὰ
989 3857 1143 3930 χείλη
1187 3859 1358 3913 κινεῖν
1391 3855 1472 3919 είς
1521 3852 1819 3926 ὑμνῳδίαν,
1869 3854 1963 3905 καὶ

376 3953 476 4007 τοῦ
509 3953 645 4007 Θεοῦ
674 3952 776 4025 τὴν
809 3951 1026 4007 δικαίαν
1063 3949 1248 4022 κρίσιν
1278 3944 1702 4017 ἀνακηρύττειν,
1733 3944 1828 3999 καὶ
1861 3943 1963 4014 τὴν

380 4047 621 4118 ἄρρητον
643 4043 897 4109 διεξιέναι
928 4043 1280 4114 κηδεμονίαν,
1310 4041 1409 4095 καὶ
1451 4039 1561 4093 τῶν
1604 4037 1963 4112 προφητικῶν

380 4135 731 4207 ὑποσχέσεων
781 4133 1168 4190 ύποδεικνῦναι
1217 4132 1281 4186 τὸ
1321 4129 1545 4202 ἀληθές.
1579 4130 1655 4183 T6
1681 4129 1762 4195 δὲ,
1796 4147 1816 4182 ι
1856 4128 1966 4184 ἀπὺ

382 4229 712 4300 συναγωγῆς
750 4226 976 4299 πολλῆς,
1020 4245 1040 4278 ι
1068 4229 1097 4280 6
1127 4225 1428 4297 Σύμμαχος
1450 4224 1524 4278 ὲν
1570 4222 1817 4291 πληθύτ,
1844 4223 1874 4274 6
1906 4220 1964 4275 δὲ

393 4321 628 4385 Ἀκύλας
666 4322 761 4375 καὶ
822 4323 850 4374 ὁ
900 4319 1218 4383 Θεοδοτίων,
1270 4318 1341 4372 ἐν
1393 4317 1696 4385 ἐκκλησίᾳ
1729 4313 1962 4385 μεγάλῃ

380 4412 729 4467 τεθείκασινο
777 4411 855 4476 ὡς
911 4405 1053 4465 εῖναι
1099 4408 1282 4481 δῆλον,
1343 4409 1425 4464 ὅτι
1478 4408 1611 4479 περὶ
1655 4405 1756 4479 τῆς
1794 4405 1965 4477 αὐτῆς

385 4505 607 4577 εἴρηκεν
637 4504 959 4576 ἐκκλησίας.

457 4595 546 4668 ιβ’.
578 4613 598 4648 t
622 4596 693 4649 Σὺ
723 4594 802 4662 δὲ,
836 4593 1035 4667 Κύριε,
1068 4592 1145 4665 μὴ
1179 4592 1466 4665 μακρύνῃς
1494 4590 1623 4654 τοὺς
1641 4587 1964 4661 οἰκτιρμούς

388 4703 484 4742 σου
517 4687 612 4741 ἀπ’
651 4685 817 4757 ἐμοῦο
845 4686 906 4739 τὸ
940 4685 1088 4748 ἔλεός
1117 4700 1237 4744 σου.
1272 4684 1367 4736 καὶ
1402 4681 1440 4752 ἡ
1473 4681 1709 4752 ἀλήθειά
1752 4696 1846 4733 σου
1873 4679 1964 4733 διά

387 4781 591 4843 παντὸς
646 4777 1011 4833 ἀντελάϐοντό
1077 4774 1259 4847 pou".
1321 4793 1343 4826 ι
1412 4773 1522 4828 Καὶ
1569 4770 1812 4842 τυχοῦσα
1867 4770 1967 4840 τῆς

1995 4509 2042 4566 D

2066 553 2330 622 scriptum
2359 566 2444 610 est
2474 554 2542 608 de
2574 569 2682 609 me.
2724 574 2744 607 ι
2782 554 2947 623 Olim,
2977 556 3180 626 inquit,
3214 556 3270 611 in
3304 557 3458 614 libris
3515 574 3647 631 pro-

2064 643 2297 713 pheticis
2334 645 2451 701 haec
2481 646 2548 701 de
2581 661 2669 703 me
2688 648 2945 718 praedicta
2976 658 3125 705 sunt.
3157 648 3224 703 In
3243 651 3417 719 capite
3444 653 3645 723 Aquila

2064 747 2119 791 et
2165 737 2532 809 Symmachus
2557 742 2613 795 in
2639 742 2914 796 involucra
2945 742 3071 798 libri
3092 743 3393 801 dixerunt:
3430 748 3511 801 sic
3542 761 3645 802 au-

2063 835 2173 883 tem
2205 829 2519 902 Scripturas
2561 833 2775 890 divinas
2814 850 2990 907 usque
3016 835 3072 891 in
3120 836 3448 894 hodiernum
3496 838 3643 895 diem

2064 920 2235 979 Judzei
2270 925 2609 983 concinnare
2641 928 2842 984 solent.

2134 1099 2302 1156 Vens.
2328 1100 2382 1157 9.
2407 1120 2425 1153 ι
2453 1100 2779 1159 Utl‘aeerem
2808 1104 3146 1160 voluntatem
3172 1112 3344 1174 tuam,
3375 1104 3520 1162 Deus
3543 1107 3643 1176 mi,

2060 1194 2235 1261 volui,
2266 1203 2322 1249 et
2354 1196 2527 1265 legem
2557 1204 2728 1263 tuam,
2760 1196 2816 1251 in
2844 1190 3239 1269 medioventris
3268 1200 3397 1255 mei.
3433 1219 3454 1253 ι
3486 1199 3644 1255 Post—

2061 1296 2230 1358 ‘quam
2287 1288 2495 1343 accessi
2529 1288 2595 1342 ad
2633 1295 2706 1351 te,
2752 1288 2849 1354 ait.
2896 1304 3059 1344 omne
3092 1291 3335 1346 studium
3387 1291 3642 1356 adhibco,

2066 1387 2128 1433 ut
2176 1386 2267 1434 tua
2304 1388 2578 1450 praecepta
2602 1379 2878 1450 impleant,
2934 1389 2990 1435 et
3030 1389 3092 1436 ut
3137 1381 3437 1437 secundum
3492 1391 3641 1436 tuam

2064 1471 2398 1526 voluntatem
2432 1475 2633 1527 vitam.
2683 1470 2799 1528 Hoc
2844 1482 3051 1539 autem,
3080 1474 3135 1526 in
3171 1474 3344 1527 medio
3401 1473 3596 1528 ventris
3625 1475 3643 1497 ⁶

2064 1565 2188 1630 mei,
2219 1564 2357 1619 dixit
2387 1579 2485 1635 per
2514 1564 2896 1635 metaphoram
2927 1574 3208 1636 sumptam
3243 1565 3315 1620 ab
3365 1564 3496 1630 illis,
3550 1564 3645 1636 qui

2064 1660 2302 1731 aliquem
2335 1676 2526 1716 amore
2553 1671 2987 1732 prosequuntur,
3024 1670 3079 1715 et
3109 1661 3428 1716 desiderant
3488 1660 3645 1715 illum

2069 1746 2235 1829 quasi
2262 1754 2316 1809 in
2353 1769 2451 1809 sua
2484 1754 2693 1810 viscera
2730 1754 3026 1825 conjicere.
3066 1753 3239 1809 Porro
3274 1755 3393 1810 haec
3425 1768 3529 1809 nec
3550 1751 3646 1809 Je-

2064 1847 2272 1914 remiae,
2309 1862 2409 1902 nec
2438 1846 2670 1916 Danieli,
2719 1862 2821 1903 nec
2869 1848 3031 1903 beato
3072 1846 3264 1902 Davidi
3310 1853 3643 1918 congruunt.

2063 1939 2308 1997 Durante
2354 1941 2502 1997 enim
2544 1940 2681 2010 lege,
2724 1940 3048 1996 holocausta
3090 1948 3146 1995 et
3188 1941 3462 1996 sacriﬁcia
3509 1936 3646 1996 olfe-

2061 2033 2329 2088 rebantur
2358 2034 2493 2088 Deo.
2527 2032 2889 2102 Propheticus
2944 2046 3077 2087 vero
3122 2047 3329 2098 sermo,
3387 2032 3646 2088 omnibus

2061 2124 2149 2180 his
2173 2125 2335 2197 861
2379 2125 2593 2197 ejectis,
2658 2125 2929 2181 rationale
2976 2125 3314 2181 sacriﬁcium
3371 2125 3641 2181 ostendit.

2062 2213 2270 2271 Idcirco
2327 2231 2426 2287 per
2477 2217 2709 2288 ﬁguram
2768 2216 2880 2272 dixi
2941 2217 3212 2287 psalmum
3268 2215 3457 2271 Davidi
3512 2232 3646 2272 con-

2062 2323 2281 2380 gruere,
2309 2310 2573 2380 quoniam
2600 2310 2690 2366 ille
2722 2326 2788 2366 ex
2817 2310 3117 2381 prophetia:
3142 2311 3288 2365 dono
3313 2309 3493 2365 futura
3513 2324 3645 2381 prte-

2060 2400 2301 2466 videbat,
2329 2409 2385 2456 et
2409 2403 2710 2457 secundum
2746 2403 2838 2457 illa
2872 2403 3058 2459 vivere
3094 2402 3467 2458 desiderabat.
3506 2400 3644 2458 Vere

2062 2500 2243 2548 autem
2275 2493 2390 2548 haec
2423 2493 2679 2563 gentibus
2706 2535 2720 2561 ,
2750 2510 2877 2565 quae
2919 2495 3101 2550 salute
3139 2494 3358 2550 donata:
3398 2503 3551 2560 sunt,
3582 2504 3638 2550 et

2061 2585 2129 2639 ab
2176 2600 2364 2640 errore
2393 2586 2637 2642 liberatae
2684 2585 2933 2651 fuerunt,
2966 2588 3324 2642 conveniunt.

2134 2673 2298 2730 Vens.
2340 2676 2426 2740 l0,
2458 2678 2545 2730 ll.
2583 2694 2603 2727 ι
2644 2675 2978 2732 Annuntiavi
2999 2677 3271 2747 justitiam
3311 2677 3367 2731 in
3410 2676 3643 2733 ecclesia

2059 2780 2278 2837 magna,
2305 2781 2434 2822 ecce
2477 2767 2617 2821 labia
2652 2782 2771 2822 mea
2796 2783 2902 2822 non
2939 2768 3259 2837 prohibebo,
3294 2767 3547 2837 Domine,
3586 2779 3644 2824 tu

2060 2858 2190 2912 scis.
2235 2855 2512 2911 Justitiam
2547 2867 2696 2912 tuam
2733 2873 2841 2913 non
2880 2859 3142 2914 abscondi
3180 2859 3236 2913 in
3266 2861 3431 2915 corde
3466 2874 3589 2915 meo
3625 2879 3641 2916 :

2061 2944 2341 3000 veritatem
2369 2952 2519 2998 tuam
2542 2953 2595 2998 et
2620 2945 2852 3000 salutem
2894 2954 3046 3000 tuam
3076 2945 3209 3000 dixi.
3239 2944 3359 3001 Non
3382 2946 3645 3002 abscondi

2061 3033 2494 3088 misericordiam
2549 3042 2719 3099 tuam,
2775 3043 2829 3089 et
2884 3034 3168 3088 veritatem
3227 3044 3375 3089 tuam
3422 3049 3453 3088 a
3496 3046 3641 3091 coetu

2062 3126 2254 3181 multo.
2311 3144 2330 3178 ι
2391 3125 2593 3182 Beatus
2648 3124 2818 3182 David
2873 3128 3143 3197 promittit
3190 3141 3250 3183 se
3299 3129 3353 3183 in
3396 3126 3641 3184 Ecclesia

2059 3233 2253 3289 magna
2281 3233 2377 3288 per
2400 3229 2572 3273 totum
2596 3219 2785 3274 orbem
2828 3227 3098 3275 terrarum
3123 3236 3219 3289 per
3247 3219 3489 3276 divinam
3521 3236 3645 3291 gra-

2059 3312 2191 3365 tiam
2227 3311 2454 3366 collecta
2496 3310 2591 3366 Dei
2635 3311 2908 3382 justitiam
2950 3314 3371 3382 prmdicaturum
3401 3328 3544 3379 esse,
3592 3324 3645 3369 ct

2060 3403 2359 3474 prophetiae
2405 3404 2732 3470 veritatem,
2784 3414 2947 3476 atque
3000 3405 3234 3461 salutem
3282 3405 3645 3461 admiratione

2058 3494 2322 3566 dignam,
2371 3495 2809 3566 immensamque
2866 3495 3305 3552 misericordiam
3346 3514 3361 3550 :
3409 3503 3465 3552 et
3525 3496 3644 3567 ipsa

2060 3594 2259 3642 natura
2287 3595 2499 3641 servata
2537 3588 2674 3641 hanc
2706 3601 2805 3656 pro
2838 3587 3016 3643 salute
3051 3587 3549 3644 remunerationem
3586 3602 3649 3642 se

2060 3678 2311 3733 daturam
2355 3692 2478 3734 esse
2516 3677 2771 3749 spondet,
2803 3678 3066 3732 nimirum
3103 3680 3155 3732 in
3190 3678 3478 3734 ecclesiam
3513 3693 3646 3734 con-

2050 3768 2250 3834 liuere,
2285 3769 2507 3824 et‘labia
2549 3768 2605 3822 in
2653 3768 2980 3839 hymnorum
3028 3768 3358 3825 cantilenam
3401 3783 3644 3837 movere,

2062 3869 2226 3929 atque
2254 3859 2464 3930 justum
2495 3856 2589 3912 Dei
2614 3856 2887 3927 judicium
2933 3858 3236 3922 celebrare,
3284 3858 3641 3928 inexplicabi-

2062 3949 2280 4018 lemque
2312 3946 2409 4002 Dei
2446 3947 2843 4017 providentiam
2885 3963 3165 4015 enarrare,
3210 3957 3265 4004 et
3302 3949 3643 4018 prophetica-

2064 4055 2185 4096 rum
2206 4039 2636 4110 promissionum
2660 4038 2941 4094 veritatem
2961 4040 3267 4096 ostendere.
3296 4039 3411 4095 Hoc
3437 4049 3644 4104 autem,

2068 4151 2088 4183 ι
2124 4146 2157 4186 a
2207 4140 2353 4187 coetu
2409 4131 2667 4206 multo“)
2729 4132 3127 4204 Symmachus,
3182 4134 3237 4187 in
3282 4132 3644 4199 multitudine,

2064 4222 2264 4293 Aquila
2297 4236 2428 4277 vero
2476 4236 2532 4278 et
2556 4222 2921 4289 Theodotion,
2958 4222 3028 4279 In
3072 4223 3295 4280 ecclesia
3317 4241 3510 4297 magna
3545 4240 3645 4295 po-

2066 4322 2317 4383 suerunt,
2349 4323 2410 4369 ut
2438 4314 2507 4369 de
2539 4317 2731 4372 eadem
2776 4315 3009 4372 ecclesia
3038 4316 3191 4371 illum
3230 4315 3439 4372 dixisse
3472 4319 3644 4373 mani-

2066 4407 2267 4465 festum
2300 4409 2389 4465 sit.

2141 4581 2304 4639 Vens.
2335 4583 2425 4638 12.
2465 4599 2486 4633 ι
2533 4580 2615 4636 Tu
2637 4588 2843 4646 autem,
2879 4577 3127 4651 Dojnine,
3160 4593 3231 4634 ne
3263 4580 3425 4650 longe
3466 4596 3654 4637 remo-

2064 4691 2195 4732 veas
2227 4675 2614 4732 miserationes
2649 4682 2769 4729 tuas
2800 4686 2832 4727 a
2880 4687 3004 4736 mc;
3038 4671 3413 4727 misericordia
3444 4680 3562 4739 tua,
3598 4680 3656 4729 et

2065 4770 2267 4824 veritas
2302 4779 2394 4821 tua
2420 4780 2637 4835 semper
2666 4769 3025 4832 susceperunt
3055 4777 3160 4816 me.
3202 4781 3222 4815 ι
3259 4762 3355 4818 Dei
3386 4764 3653 4830 Ecclesia,

386 4870 665 4943 σωτηρίας
693 4871 727 4941 ἡ
754 4868 853 4923 τοῦ
901 4868 1038 4924 Θεοῦ
1107 4866 1424 4938 Ἐκκλησία,
1454 4864 1627 4918 δεῖται
1668 4862 1834 4916 πάλιν
1865 4860 1963 4931 τῆς

2068 4860 2302 4916 salutem
2365 4858 2491 4913 licet
2520 4863 2839 4922 consecuta,
2861 4854 3051 4910 eadem
3081 4853 3425 4924 providentia
3452 4855 3658 4928 indiget

385 4962 560 5034 αὐτῆς
593 4961 960 5035 προμηθείας,
993 4960 1082 5015 διά
1113 4959 1214 5026 τὰς
1244 4956 1600 5020 παντοδαπάς
1626 4955 1739 5009 τῶν
1759 4951 1970 5023 ἀνθρὼ-

2072 4952 2145 5007 ob
2196 4951 2379 5011 varios
2412 4949 2695 5005 hominum
2731 4949 3156 5017 dmmonumque
3182 4946 3349 5018 862
3391 4947 3654 5014 insultus,

387 5074 508 5111 πων
535 5057 630 5111 καὶ
684 5054 957 5127 δαιμόνων
1023 5053 1450 5118 ἐπαναστάσεις,
1485 5045 1562 5105 ὧν
1596 5051 1654 5103 ἐν
1696 5049 1813 5111 τοῖς
1839 5045 1963 5116 ἐξῆς

2074 5056 2310 5114 quorum
2338 5042 2395 5096 in
2421 5040 2782 5111 sequentibus
2803 5038 3137 5121 mentionem
3161 5036 3308 5093 fecit.

386 5147 489 5221 τὴν
524 5148 746 5221 μνήμην
796 5146 1117 5219 πεποίηται.

1507 5251 1746 5309 VARIIE
1784 5246 2169 5307 LECTIONES
2205 5242 2294 5299 ET
2330 5240 2564 5298 ΝΟΤᾸΕ.

486 5341 534 5411 σε
571 5376 828 5431 5470,03,-
856 5405 926 5417 —
953 5372 1407 5442 προητηόρευται.
1466 5368 1588 5442 Des.
1629 5369 1686 5426 in
1720 5369 1845 5442 cod.

2062 5366 2076 5399 ι
2101 5362 2237 5442 Τὴν.
2254 5359 2694 5442 -ρφήκᾳσινπ
2719 5356 2841 5442 cod.
2876 5357 2912 5412 5
2940 5355 3214 5442 aggcpalf5¢_
3238 5371 3277 5438 ll?

854 5427 1029 5501 Aliam
1068 5427 1197 5512 ejus
1238 5427 1743 5510 interpretationem
1802 5438 1954 5492 dedit
1997 5427 2187 5491 Montf.
2225 5434 2280 5488 in
2318 5427 2577 5500 Heia‘plis
2628 5427 2703 5511 ad
2730 5428 2786 5483 h.
2810 5428 2850 5483 Ι.

854 5530 877 5541 ..
926 5513 1088 5541 ιηηιιη
1114 5511 1222 5541 -:.'...
1247 5515 1303 5541 nr
1333 5520 1411 5541 M-
1446 5509 1674 5541 ..-λιιι-ε
1771 5509 1815 5541 ιτ
1845 5506 2209 5541 ’Πρηιι-ηιινι..ν
2265 5504 2318 5541 In
2351 5503 2454 5541 nml
2509 5501 2531 5541 Ι
2578 5507 2799 5541 nmnlnr
2838 5515 2850 5541 l

1213 5529 1222 5560 ν
1247 5515 1303 5565 0⁸
1331 5520 1417 5566 est
1446 5510 1692 5581 καρδίας.
1771 5510 1815 5541 ⁸⁷
1845 5510 2049 5577 Ἐφιεμ

1213 5583 1257 5614 ⁸⁹
1280 5580 1578 5646 Μακαρίῳ.
1612 5579 1734 5637 cod.
1773 5581 1810 5630 ‘2
1838 5577 1992 5646 θείῳ.

1437 5643 1564 5721 μου.
1654 5649 1702 5721 ’γι
1735 5643 2058 5721 Μακᾴρὶοςι
2123 5645 2249 5699 cod.
2296 5644 2332 5721 ᾖ
2383 5643 2547 5704 θεῖος.

391 5447 440 5482 ⁸⁸
466 5449 806 5518 Σύμμαχος.

389 5519 435 5551 ⁸⁸
461 5509 728 5583 Κοὶλίαξ.
764 5509 898 5569 Rec.
926 5509 1222 5569 Ιεειίοπῶν
1247 5515 1306 5583 Οζ
1322 5509 1417 5583 est
1446 5509 1692 5583 καρδίας.

388 5589 511 5645 cod.
552 5590 604 5649 l,
646 5587 682 5640 2
722 5585 935 5655 addunt
978 5584 1108 5655 μήν.

386 5674 555 5725 quam
615 5656 778 5712 habet
820 5652 1052 5717 Vatic.,'
1075 5652 1131 5725 in
1167 5668 1278 5725 quo
1309 5662 1394 5725 est

3281 5355 3403 5408 ασὶν
3435 5351 3551 5421 εἴλη
3559 5367 3658 5421 μα.

2958 5388 3657 5493 ἶῗγέἒῖιῗέἒὲοὗῖἦὸῗῐῖ

2054 5506 2228 5579 qui.
2261 5504 2319 5557 ln
2349 5491 2541 5579 cpd.'l_
2578 5498 2961 5579 ponitur-post
2990 5495 3349 5579 ποθούμενον.
3372 5491 3655 5579 .-⁸⁸

2095 5574 2141 5606 ⁷⁸
2172 5577 2312 5628 Σου.
2349 5571 2476 5627 llaec
2528 5561 2692 5625 lectio
2727 5561 2857 5624 cod:
2892 5568 3049 5621 Alex.
3088 5561 3425 5635 praeferenda
3471 5568 3555 5617 est
3579 5561 3659 5616 illi

2123 5645 2249 5699 cod.
2296 5644 2332 5698 2
2383 5643 2547 5704 θεῖος.
2643 5639 2690 5671 ⁷¹
2755 5636 3092 5706 Σεσωμένη.
3143 5634 3278 5706 cod._
3311 5633 3350 5686 2
3397 5630 3655 5702 ἐσομένη.

389 5702 1131 5782 ξδ”ἱὲὶῖσέὶῖρῖἰἰι›έξι”ἆ’ἐοὶιῖ
1167 5702 1238 5789 Ῐξ
1250 5702 1580 5781 εῘἾδἸΜ.
1610 5721 1634 5778 t
1666 5702 1963 5775 ἀντελάϐἓτ

2062 5731 2150 5781 ον,
2183 5702 2638 5785 ascriptatatnen
2667 5709 2899 5766 lectione
2916 5702 3282 5761 ἀντελάϐοντό
3317 5719 3444 5774 μου,
3492 5716 3661 5771 quam

391 5801 558 5854 ctiam
594 5796 756 5852 habet
779 5795 901 5849 cod.
937 5791 992 5845 2.
