4108 6410
401 338 558 403 'ii‘il

1796 341 1878 404 IN
1923 344 2130 406 PSAL.
2198 346 2318 409 XL.

3561 365 3696 434 “62

417 459 663 529 φροντιεῖ
694 474 797 527 μου
820 475 832 487 ο
858 455 1056 527 βοηθός
1094 473 1195 527 μου
1238 457 1330 509 καὶ
1358 457 1776 527 ὑπερασπιστὴς
1811 474 1913 528 μου
1945 455 1983 511 εί

2106 459 2367 517 Dominus
2398 464 2668 521 sollicitus
2702 467 2805 522 erit
2845 468 2975 523 mei.
3008 471 3241 541 Adjutor
3280 470 3535 539 meus,'et
3565 494 3691 548 pro-

417 550 788 622 σὺ,Κύριε⁹⁷,
831 549 906 621 μὴ
958 549 1218 622 χρονίσῃς
1242 550 1307 604 ⁸⁸.
1371 568 1389 600 ι
1444 548 1662 620 ’Ὠσπερ
1700 549 1995 621 ἁμαρτιῶν

412 644 823 714 ἐμνημόνευσεν
853 644 984 709 ἄνω,
1015 641 1160 696 οὕτω
1190 644 1284 696 καὶ
1331 642 1545 712 πτωχὸν
1575 643 1767 697 ἑαυτὸν
1782 644 1827 676 ’⁸
1857 645 1996 698 ἀπο-

412 736 592 802 καλεῖ,
634 735 711 799 ὼς
752 734 1039 806 βοηθεία;¹
1099 734 1485 801 σπανίζοντα²,
1542 736 1636 788 καὶ
1685 735 1787 806 τῆς
1843 738 1995 802 θείας

409 827 705 897 δεόμενον³
756 827 1117 897 ἐπικουρίαςο
1176 826 1307 881 καὶδ
1360 828 1565 899 ταύτης
1619 829 1700 882 ὅτι
1763 829 1994 900 τάχιστα

410 916 646 970 ἱκετεύει
691 921 900 988 τυχεῖν.
944 916 1242 988 Ἀρμόττει
1293 918 1351 971 δὲ
1404 918 1581 971 ταῦτα
1620 919 1994 990 διαφερόντως

407 1006 487 1077 τῷ
519 1008 817 1079 μακαρίῳδ
859 1008 1047 1064 Δαῦίδ.
1097 1009 1367 1080 ἹΙγοῦμαι
1392 1010 1522 1079 γὰρ,
1557 1009 1639 1062 ὅτι
1685 1011 1785 1078 τὴν
1819 1011 1994 1082 πρόρ-

409 1099 571 1167 ρησιν
598 1097 818 1168 ἐκείνην
865 1097 1223 1169 θεασάμενος,
1266 1100 1360 1152 καὶ
1399 1101 1498 1169 τὴν
1551 1100 1864 1172 φιλοτιμίαν
1894 1102 1994 1170 τῆς

407 1188 650 1257 χάριτος,
692 1188 909 1258 πτωχὸν
931 1189 1125 1242 ἑαυτὸν
1171 1188 1268 1242 καὶ
1303 1189 1515 1260 πένητα
1552 1191 1987 1261 προσηγόρευσε,

406 1282 504 1333 καὶ
527 1280 628 1350 τῆς
657 1280 808 1345 θείας
836 1285 929 1336 καὶ
962 1281 1124 1346 αὐτὸς
1148 1283 1461 1336 ἀπολαῦσαι
1488 1282 1748 1353 προνοίας
1776 1282 1989 1335 ἱκέτευ-

408 1390 520 1427 σεν.
566 1373 867 1427 ’Λντιϐολεῖ
891 1374 949 1426 δὲ
973 1375 994 1407 ⁸
1022 1375 1099 1447 μὴ
1127 1377 1377 1446 χρονίσαι
1404 1375 1502 1447 τὴν
1551 1374 1990 1445 τεθεσπισμένην

408 1465 708 1535 σωτηρίαν,
778 1466 915 1537 μηδὲ
975 1468 1055 1529 εἰς
1114 1466 1361 1537 μακροὺς
1419 1466 1798 1537 ἀναὸληθῆναι
1863 1465 1991 1537 χρό-

407 1574 548 1618 νους,
600 1556 738 1610 ἀλλά
767 1558 1005 1628 τάχιστα
1050 1561 1164 1621 τοῖς
1209 1558 1522 1630 ἀνθρώποις
1563 1558 1770 1629 ταύτην
1809 1575 1987 1627 παρα-

404 1646 686 1719 σχεθῆναι.

732 1764 999 1818 EPMIIN.
1030 1765 1168 1818 ΤΟΥ
1219 1762 1286 1818 Μ’
1317 1764 1638 1818 ΨΛΛΜΟΥ.

469 1877 539 1932 α’.
586 1896 604 1928 ι
655 1878 749 1941 Ei;
804 1878 865 1930 τὸ
902 1876 1076 1941 τέλος,
1119 1876 1350 1947 Ψαλμδς
1387 1875 1466 1945 τῷ
1517 1875 1702 1928 Δαϐίδ.
1760 1896 1776 1926 ι
1824 1875 1981 1937 Τινὲς

401 1972 500 2041 μὲι
530 1971 606 2040 τῷ
640 1970 806 2022 Δα6“ιδ
857 1969 1144 2034 ἀνέθεσαν,
1182 1969 1327 2032 τινὲς
1381 1968 1438 2021 δὲ
1467 1968 1545 2037 τῷ
1614 1966 1834 2039 Ἐζεκίᾳ
1890 1969 1982 2019 τὸν

406 2062 648 2133 παρόντα
678 2062 893 2133 ψαλμὸν
916 2079 927 2092 ·
958 2063 1059 2115 οὐκ
1089 2063 1152 2133 ἐᾷ
1190 2062 1245 2115 δὲ
1281 2062 1427 2131 ἡμᾶς
1456 2060 1515 2114 τὸ
1565 2060 1706 2113 θεῖον
1738 2060 1983 2128 Εὐαγγέ-

400 2162 509 2206 λιον
540 2153 824 2224 οὐδέτερον
852 2152 1127 2218 δέξασθαι.
1170 2153 1228 2206 '0
1273 2153 1382 2223 γὰρ
1414 2155 1697 2223 Δεσπότης
1745 2151 1982 2222 Χριστὸς

399 2244 634 2311 amasse.
666 2262 789 2298 τινα
822 2245 961 2316 πρὸς
1006 2245 1135 2308 τοὺς
1169 2245 1350 2315 ἱεροὺς
1391 2245 1763 2315 ποιησάμενος
1801 2241 1981 2313 μαθη-

393 2334 517 2398 τὰς,
535 2334 786 2403 ἐπήγαγε
811 2335 906 2385 καὶ
927 2332 1133 2386 ταῦτα’
1165 2350 1183 2382 ι
1214 2332 1275 2385 Ei
1294 2331 1468 2385 ταῦτα
1486 2331 1686 2395 οἴδατε,
1718 2331 1980 2401 μακάριοί

396 2426 540 2490 ἐστε,
597 2425 692 2477 ἐὰν
744 2425 939 2494 ποιῆτε
994 2423 1228 2478 ταῦτα’.
1283 2424 1356 2475 Οὐ
1394 2422 1523 2492 περὶ
1566 2422 1787 2475 πάντων
1823 2420 1979 2491 ὑμῶν

396 2518 562 2585 λέγω,
627 2513 784 2570 οἷδα⁸
843 2515 934 2580 οὓς
976 2515 1347 2585 ἐξελεξάμηνο
1407 2515 1523 2567 ἀλλ’
1581 2514 1730 2585 ἴναὴ
1786 2514 1978 2586 Γραφὴ

394 2608 681 2681 πληρωθῇο
727 2610 786 2663 'O
812 2607 1042 2679 τρώγων
1076 2610 1194 2679 μετ’
1227 2607 1362 2678 ἐμοῦ
1394 2608 1488 2661 τὸν
1536 2607 1722 2678 ἄρτον,
1774 2607 1978 2677 ἐπῆρεν

392 2699 480 2752 ἐπ’
518 2698 619 2767 ἐμὲ
651 2696 752 2770 τὴν
804 2699 1046 2768 πτέρναν
1078 2696 1266 2750 αὑτοῦ·
1304 2698 1398 2752 ἀπ’
1459 2696 1585 2767 ἄρτι
1648 2694 1794 2763 λέγω
1848 2696 1978 2767 ύμῖν

390 2791 501 2860 πρό
551 2791 646 2844 τοῦ
696 2790 1005 2860 γενέσθαι⁹,
1053 2790 1140 2843 ἵνα
1171 2791 1301 2844 ὅταν
1362 2789 1590 2860 γένηται
1635 2787 1975 2859 πιστεύσητε

390 2883 475 2936 ὅτι
506 2882 619 2951 ἐγώ
645 2885 785 2954 ειμι.
817 2902 836 2935 ι
860 2883 967 2936 Τοῦ
999 2883 1205 2953 Κυρίου
1228 2881 1407 2935 τοίνυν
1434 2881 1704 2951 λέγοντος,
1742 2900 1759 2933 ι
1797 2881 1915 2934 Ἵνα
1939 2883 1973 2953 ἡ

390 2975 584 3047 Γραφὴ
640 2974 932 3046 πληρωθῇ,
985 2994 1004 3027 ι
1071 2975 1167 3028 καὶ
1215 2974 1526 3037 δεικνύντος
1579 2973 1671 3027 τὸν
1729 2974 1975 3046 παρόντα

388 3068 605 3140 ψαλμὸν
636 3066 787 3140 αὐτῷ
815 3070 910 3123 καὶ
943 3068 1043 3123 οὐκ
1077 3067 1222 3140 ἄλλῳ
1255 3084 1336 3139 τῳ
1372 3068 1741 3140 προσήκοντα,
1798 3067 1972 3141 θρασὺ

2103 563 2278 610 lector
2320 571 2474 612 meus
2514 566 2569 612 tu
2605 575 2685 625 es,
2723 559 2973 630 Domine,
3019 581 3086 621 ne
3126 566 3452 624 tardaveris.
3487 590 3505 621 ι
3539 570 3694 627 Sicut

2101 648 2355 716 superius
2388 660 2736 719 peccatorum
2771 655 3042 719 meminit.
3075 658 3157 713 sic
3188 667 3238 714 et
3279 675 3572 731 pauperem
3604 679 3694 719 se-

2100 738 2278 806 ipsum
2316 752 2618 812 nuncupat,
2660 752 2925 815 tanquam
2966 750 3171 804 auxilio
3214 761 3488 822 egentem,
3521 766 3575 810 et
3608 756 3695 810 di-

2101 830 2224 886 vina
2263 848 2365 902 ope
2406 845 2712 905 carentem;
2756 848 2811 893 et
2858 841 3001 896 hanc
3042 843 3264 911 quidem
3308 857 3364 899 ut
3404 846 3692 903 celerrime
3728 846 3737 851 ’

2100 935 2471 994 consequatur
2494 930 2785 997 supplicat.
2819 931 3145 1002 Congruunt
3165 944 3348 991 autem
3380 938 3493 993 hinc
3520 938 3689 1012 864

2098 1014 2444 1082 putissimum
2486 1019 2644 1075 beato
2682 1019 2894 1078 Davidi.
2944 1026 3150 1094 Opinor
3180 1029 3328 1081 enim
3367 1045 3515 1097 eum,
3561 1048 3687 1087 eum

2097 1105 2542 1163 vaticinationem
2589 1111 2735 1165 illam
2767 1122 2820 1168 et
2856 1118 3043 1185 gratia:
3080 1118 3459 1174 liberalitatem
3495 1137 3687 1178 cerne-

2097 1206 2197 1256 ret,
2231 1211 2521 1265 pauperem
2562 1201 2803 1268 seipsum
2845 1219 2910 1259 ac
2949 1222 3179 1275 egenum
3223 1211 3566 1279 appellasse,
3598 1228 3685 1267 at-

2092 1297 2200 1348 que
2241 1290 2301 1335 ut
2334 1284 2519 1340 divina
2550 1290 2895 1355 providentia
2929 1295 3300 1362 perl‘rueretur
3332 1316 3455 1356 esse
3488 1302 3685 1371 deprc-

2091 1382 2296 1428 catum.
2339 1374 2476 1461 Orat
2513 1394 2679 1448 porro
2709 1399 2774 1438 ne
2813 1384 2963 1440 salus
3017 1389 3273 1455 przedicta
3310 1396 3682 1461 procrastine-

2093 1471 2202 1527 tur,
2255 1459 2392 1522 neve
2440 1469 2495 1522 in
2551 1472 2771 1542 Iungunt
2827 1487 3040 1546 tempus
3095 1459 3437 1552 prorogetur,
3481 1486 3574 1541 sed
3623 1497 3683 1542 ut

2091 1555 2340 1613 celeriter
2371 1561 2685 1620 hominibus
2720 1571 3074 1626 concedatur.

2516 1767 2790 1824 INTERP.
2834 1772 3082 1829 PSALMI
3134 1778 3244 1832 XL.

2160 1877 2319 1934 Vsus.
2360 1882 2410 1935 l.
2444 1901 2461 1933 ι
2501 1881 2555 1935 In
2602 1883 2787 1951 linem,
2828 1887 3081 1945 Psaltuus
3125 1893 3333 1949 Davidi.
3377 1918 3397 1946 ι
3436 1896 3678 1954 [haesere

2086 1978 2191 2024 tem
2222 1971 2488 2039 psalmum
2515 1976 2732 2044 quidam
2766 1977 2978 2045 Davidi,
3010 1983 3235 2050 quidam
3276 2001 3404 2041 vero
3431 1990 3677 2045 liaeehia:

2085 2063 2461 2132 ascripserunt
2506 2086 2519 2121 :
2563 2068 2809 2124 divinum
2844 2087 2973 2127 vero
3019 2072 3372 2147 Evangelium
3418 2093 3672 2138 neutrum

2081 2169 2146 2207 ex
2198 2153 2306 2210 illis
2346 2156 2521 2226 accipi
2562 2159 2711 2214 sinit.
2753 2160 2888 2215 Nam
2918 2161 3174 2221 Christus
3203 2167 3467 2225 Dominus
3499 2173 3673 2226 collo-

2081 2243 2215 2314 quio
2241 2260 2367 2300 cum
2411 2250 2618 2304 sanctis
2665 2250 2955 2323 discipulis
2984 2255 3196 2321 habito,
3230 2259 3344 2314 haec
3380 2262 3623 2316 subdidit
3655 2283 3669 2319 :

2087 2357 2105 2389 ι
2145 2336 2200 2392 Si
2230 2339 2342 2395 hzee
2374 2341 2546 2408 scitis,
2582 2343 2723 2398 beati
2763 2347 2942 2411 eritis,
2977 2349 3022 2404 si
3064 2349 3304 2406 feceritis
3331 2369 3413 2407 ea.
3457 2352 3573 2407 Non
3604 2356 3673 2409 de

2081 2426 2337 2482 omnibus
2367 2429 2521 2483 vobis
2564 2429 2726 2484 dico:
2758 2447 2860 2502 ego
2909 2437 3025 2489 scio
3055 2451 3195 2506 quos
3239 2439 3540 2507 elegerint;
3576 2442 3672 2496 sed

2082 2529 2141 2572 ut
2166 2512 2462 2589 impleatur
2493 2521 2816 2593 Scriptura:
2848 2525 2954 2592 Qui
2990 2530 3285 2585 manducat
3325 2547 3521 2601 panem
3561 2550 3675 2590 me-

2079 2626 2227 2677 cum,
2258 2613 2492 2669 elevavit
2533 2625 2725 2670 contra
2768 2632 2855 2672 me
2884 2619 3207 2675 calcaueum
3240 2638 3427 2677 suum.
3459 2623 3536 2678 Ex
3568 2625 3673 2681 hoc

2080 2704 2204 2759 inde
2254 2714 2500 2777 tempore
2543 2709 2668 2764 dico
2711 2710 2869 2766 vobis
2898 2713 3222 2783 priusquam
3273 2715 3385 2779 ﬁat,
3433 2727 3493 2771 ut
3542 2733 3669 2772 cum

2079 2794 2280 2850 factum
2318 2796 2499 2864 fuerit,
2541 2801 2777 2857 credatis
2826 2804 2973 2873 quod
3004 2820 3106 2875 ego
3133 2807 3237 2860 sim
3271 2817 3318 2861 ι».
3363 2826 3380 2859 ι
3439 2810 3673 2865 Domino

2077 2888 2242 2958 igitur
2266 2889 2480 2948 dicente
2514 2912 2526 2946 :
2580 2913 2598 2944 ι
2640 2894 2710 2949 Ut
2737 2894 3022 2966 Scriptura
3052 2897 3348 2968 impleatur
3370 2941 3384 2965 ,
3427 2918 3447 2952 ι
3491 2912 3542 2956 et
3575 2903 3670 2957 de-

2076 2991 2415 3040 monstrante
2466 2998 2786 3056 praesentem
2829 2991 3101 3058 psalmum
3163 2992 3267 3047 sibi
3320 3001 3375 3048 et
3414 3009 3524 3049 non
3575 2994 3671 3051 alii

2076 3091 2398 3147 congruere,
2442 3096 2551 3135 rem
2584 3083 2828 3138 audacia:
2860 3101 2924 3141 ae
2970 3088 3289 3142 temeritatis
3330 3090 3545 3158 plenam
3576 3090 3672 3160 ju-

390 3163 600 3232 νομίζω
642 3163 738 3215 καὶ
791 3163 1087 3234 τολμηρὸν,
1125 3162 1295 3233 ἄλλην
1350 3161 1501 3231 αὐτῷ
1538 3162 1754 3233 καὶ”μὴ
1805 3178 1975 3233 προσ-

2084 3172 2223 3236 dico,
2256 3176 2405 3229 aliud
2438 3187 2823 3246 argumentum
2858 3181 2985 3237 huic
3025 3182 3236 3250 psalmo
3279 3184 3504 3239 minimc
3534 3199 3669 3239 cono

389 3254 632 3325 ήκουσαν
658 3254 917 3308 ὑπόθεσιν
942 3253 1259 3309 διαπλάσαι.

462 3346 529 3418 β’.
558 3365 578 3399 ι
611 3347 902 3419 Μακάριος
928 3348 956 3400 ὀ
981 3346 1177 3400 συνιὼν
1206 3349 1299 3402 ἐπὶ
1326 3347 1541 3417 πτωχὸν
1569 3347 1664 3400 καὶ
1692 3346 1916 3417 πένητα.
1951 3366 1968 3397 ι

389 3439 522 3492 To”
553 3439 651 3493 καὶ
679 3439 911 3506 πένητα
937 3440 996 3492 ἒν
1025 3438 1192 3503 ἐνίοις
1222 3431 1382 3510 εὖρον
1413 3439 1768 3509 ἀντιγράφοις
1787 3455 1799 3468 ο
1848 3436 1973 3490 οὔτε

387 3527 449 3579 δὲ
478 3529 631 3598 παρὰ
667 3528 747 3599 τῷ
781 3528 1045 3600 Ἑϐραίῳ,
1108 3527 1234 3581 οὔτε
1258 3531 1301 3560 ίι
1334 3530 1488 3599 παρά
1520 3528 1597 3599 τῷ
1638 3527 1815 3599 Σύρῳ,
1849 3527 1973 3581 οὔτε

390 3619 543 3690 παρά
580 3624 694 3683 τοῖς
748 3619 930 3683 ἄλλοις
963 3622 1331 3690 ἐρμηνευταῖς
1355 3620 1421 3673 ¹².
1468 3618 1719 3687 Πτωχὸγ
1759 3618 1858 3688 μέν
1889 3635 1973 3670 τοι

389 3708 548 3760 καλεῖ
580 3710 670 3762 τὸν
695 3707 806 3761 τῶν
837 3708 976 3761 ὅλων
1004 3709 1229 3779 Κύριον,
1266 3727 1283 3759 ι
1315 3708 1504 3776 ἐπειδὴ
1530 3708 1789 3771 πλούσιος
1814 3727 1832 3759 ι
1871 3707 1969 3773 ὢν,

386 3800 463 3862 ὥς
494 3800 537 3833 ¹³
566 3819 731 3871 φησιν
758 3804 787 3855 ὁ
816 3801 961 3866 θεῖος
1018 3802 1377 3867 Ἀπόστολος,
1435 3819 1454 3852 ι
1491 3801 1559 3855 δι’
1606 3802 1755 3872 ἡμᾶς
1789 3800 1972 3853 ἐπτώ-

388 3911 605 3964 χευσεν,
640 3895 744 3948 ’ἵνα
793 3896 955 3966 ἡμεῖς
998 3897 1065 3966 τῇ
1105 3894 1319 3947 ἐκείνου
1349 3894 1598 3964 πτωχείᾳ
1647 3893 1970 3962 πλουτήσω-

391 4002 513 4057 μεν.
553 4005 572 4038 ι
610 3988 723 4041 Καὶ
766 4005 785 4039 ι
835 3987 925 4040 Ἐν
958 3989 1141 4059 μορφῇ
1169 3986 1305 4039 Θεοῦ
1339 3985 1625 4055 ὑπάρχων,
1660 3985 1757 4054 οὐχ
1785 3984 1969 4052 ἁρπα-

385 4064 531 4146 γμὸν
557 4078 808 4150 ἡγήσατο
837 4073 977 4133 εἶναι
1006 4076 1100 4132 ῐσα
1128 4078 1248 4149 Θεῷ
1268 4093 1282 4107 °
1318 4077 1432 4131 ἀλλ’
1480 4077 1673 4131 ἑαυτὸν
1702 4076 1969 4129 ἐκένωσεν

392 4172 611 4242 μορφὴν
640 4170 828 4224 δούλου
856 4171 1060 4225 λαϐών.
1091 4190 1110 4225 ι
1159 4171 1271 4225 Καὶ
1322 4168 1537 4241 ὁρατῶν
1574 4168 1669 4221 καὶ
1719 4168 1968 4239 ἀοράτων

388 4263 692 4329 δεσπόζων,
723 4264 823 4317 οὑκ
849 4261 963 4334 εἶχε
1022 4263 1125 4318 ποῦ
1178 4263 1280 4334 τὴν
1339 4261 1585 4332 κεφαλὴν
1630 4262 1829 4328 κλῖναι,
1874 4264 1968 4318 καὶ

387 4352 675 4423 γεννηθεὶς
736 4354 802 4406 ὲκ
848 4351 1171 4422 Παρθένου,
1222 4352 1310 4406 διὰ
1373 4352 1571 4407 σπάνιν
1630 4351 1817 4423 κλίνης
1874 4355 1968 4408 ἐπὶ

364 4443 600 4517 φάτνης
626 4443 805 4515 ἐτέθη.
834 4444 1149 4514 Μακαρίζει
1172 4443 1217 4476 ίδ
1241 4445 1427 4499 τοίνυν
1451 4445 1479 4497 ὁ
1508 4444 1851 4516 προφητικδς
1879 4444 1966 4499 λό-

2082 3278 2285 3333 gruens
2305 3265 2578 3337 aliingere.

2156 3355 2321 3410 Vens.
2350 3357 2405 3410 2.
2452 3374 2468 3409 ι
2501 3358 2699 3415 Beatus
2728 3365 2820 3430 qui
2845 3364 3076 3419 attendit
3104 3365 3169 3419 ad
3199 3382 3432 3437 egenum
3462 3377 3514 3423 et
3539 3385 3671 3438 pau-

2080 3459 2288 3513 perem.
2324 3464 2343 3497 ι
2386 3447 2500 3504 Hoc
2528 3459 2578 3503 et
2608 3466 2912 3519 pauperem,
2948 3454 3000 3507 in
3034 3455 3366 3524 quibusdam
3395 3461 3673 3530 exempla-

2081 3537 2232 3591 ribus
2260 3537 2441 3593 inveni
2485 3559 2499 3595 :
2544 3541 2632 3594 sed
2669 3556 2772 3595 nec
2805 3544 2947 3612 apud
2992 3542 3281 3598 Hebraeum
3320 3546 3535 3616 legitur,
3573 3564 3672 3603 nec

2080 3627 2223 3696 apud
2283 3627 2503 3699 Syrum,
2563 3646 2663 3686 nec
2716 3634 2858 3702 apud
2903 3633 3067 3705 865
3114 3636 3254 3691 alios
3319 3639 3667 3708 interpretes,

2081 3716 2318 3788 Egenum
2363 3721 2529 3792 igitur
2583 3734 2866 3794 nuncupat
2919 3728 3303 3782 universorum
3352 3728 3665 3796 Dominum,

2078 3810 2337 3877 quoniam
2374 3829 2393 3862 ι
2426 3829 2551 3866 eum
2589 3825 2730 3869 esset
2758 3816 2930 3877 dives,
2956 3836 2974 3868 ι
3013 3818 3167 3872 utait
3190 3819 3410 3873 divinus
3430 3823 3667 3890 Aposto-

2079 3902 2165 3957 lus
2186 3944 2199 3967 ,
2248 3921 2266 3953 ι
2292 3913 2512 3973 propter
2540 3920 2638 3959 nos
2663 3923 2869 3974 egenus
2889 3908 3067 3965 factus
3094 3921 3198 3975 est,
3227 3920 3286 3965 ut
3305 3912 3451 3967 illius
3484 3916 3663 3985 inOpia

2076 3994 2271 4048 divites
2319 4009 2564 4051 essemus
2591 4007 2638 4048 ει.
2691 4018 2709 4049 ι
2760 3998 2823 4050 Ει
2860 4016 2872 4052 :
2911 4018 2929 4050 ‹
2971 3999 3109 4054 Cum
3156 4002 3386 4058 haberet
3427 4003 3661 4061 formam

2079 4084 2207 4150 Dei,
2240 4100 2348 4138 non
2394 4090 2640 4156 rapinam
2699 4090 2999 4148 arbitratus
3037 4105 3119 4148 est
3160 4109 3282 4151 esse
3309 4111 3369 4151 se
3395 4098 3660 4168 aequalem

2080 4178 2190 4234 Deo
2231 4196 2245 4233 :
2300 4180 2393 4234 sed
2423 4181 2661 4251 seipsum
2695 4184 3016 4250 exinanivit,
3047 4184 3279 4241 formam
3336 4191 3478 4244 servi
3508 4191 3660 4246 acci-

2076 4267 2230 4337 piens
2264 4278 2306 4323 ι’,
2342 4286 2361 4318 ι
2389 4266 2456 4321 Ει
2479 4269 2569 4337 qui
2601 4269 2910 4326 visibilibus
2937 4282 2991 4327 et
3031 4273 3404 4333 invisibilibus
3433 4280 3448 4301 ¹
3480 4278 3659 4333 domi-

2078 4361 2328 4427 nabatur,
2358 4377 2464 4442 non
2503 4361 2734 4418 habebat
2758 4363 2850 4419 ubi
2875 4375 3041 4435 caput
3070 4382 3232 4422 suum
3264 4370 3574 4439 reclinaret,
3602 4380 3660 4427 et

2076 4461 2235 4507 natus
2278 4469 2344 4508 ex
2400 4451 2641 4523 Virgine,
2683 4456 2756 4511 ob
2804 4456 3045 4528 inopiam
3085 4462 3305 4529 cubilis,
3338 4462 3392 4517 in
3429 4465 3658 4536 pra‘sepi

360 4520 486 4617 :70;
512 4534 604 4590 τὸν
629 4535 837 4607 ταύτην
877 4537 1118 4590 συνιέναι
1177 4536 1278 4607 τὴν
1326 4537 1603 4607 πτωχείαν
1644 4537 1966 4608 δυνάμενον,

2084 4545 2284 4615 positus
2314 4553 2416 4599 est.
2451 4543 2588 4600 l‘linc
2619 4547 2974 4616 propheticus
2994 4564 3173 4605 sermo
3207 4516 3658 4623 beatnm‘praedi-

364 4625 482 4678 -καὶ
510 4628 588 4689 εἰς
608 4625 839 4696 δύναμιν
855 4627 957 4681 ἀνυ
965 4627 1168 4698 μνῆσαι
1193 4626 1644 4698 προθυμούμενον
1657 4627 1750 4682 τὸν
1767 4628 1972 4699 ταύτην

387 4717 804 4790 ἀναδεξάμενον
820 4714 940 4773 εἷτα
955 4718 1197 4773 δείκνυσι
1216 4717 1308 4772 τοῦ
1328 4718 1686 4789 μακαρισμοῦ
1703 4719 1827 4784 τοὺς
1849 4736 1975 4789 καρ-

2078 4644 2165 4690 cat
2197 4648 2321 4689 eum
2369 4634 2461 4703 qui
2520 4636 2659 4690 hanc
2698 4647 3072 4707 paupertatem
3121 4641 3426 4713 intelligere
3458 4653 3657 4713 potest,

2079 4734 2134 4780 et
2181 4726 2276 4795 qui
2327 4738 2426 4794 pro
2482 4726 2690 4781 viribus
2736 4729 3123 4785 celebrandum
3171 4741 3330 4787 curat
3376 4748 3502 4788 eum
3562 4733 3658 4804 qui

464 4909 493 4950 ιι
518 4907 673 4955 Joan.
707 4915 828 4966 xm,
857 4901 1045 4955 17-19.
1121 4908 1149 4949 τι
1185 4897 1227 4953 ll
1253 4898 1380 4956 Cor.
1414 4915 1535 4968 VIII,
1559 4900 1612 4954 9.
1689 4909 1713 4938 ι’
1742 4899 1980 4973 Philipp.
2011 4919 2072 4971 ιι,
2100 4903 2152 4959 7.

1495 5058 1732 5114 νΑιιιΑς
1772 5059 2161 5117 LECTIONES
2196 5061 2282 5115 ET
2318 5058 2549 5116 NOTAE.

471 5181 515 5214 "’
546 5183 742 5260 Κύριε.
778 5179 910 5260 litae;
946 5180 1110 5260 lectio
1149 5180 1201 5233 lt.
1242 5179 1279 5233 l.
1322 5188 1405 5260 est
1442 5177 1811 5260 dnﬁed;pou:.
1854 5177 1908 5260 "A
1934 5180 1983 5245 Χ

2084 5178 2258 5260 κίρνης.
2292 5175 2761 5260 ραι-δράσει,τά
2796 5180 2894 5248 τῆς
2941 5178 3195 5260 βοηθείας
3228 5179 3459 5260 μοικαί
3486 5177 3656 5260 ὑπερ-

393 5254 688 5313 ασπιστίας
739 5267 840 5321 μου
883 5250 1058 5321 δωρού
1068 5266 1251 5321 μενος.

1355 5250 1401 5280 ⁸⁸
1452 5248 1716 5301 Ἑαυτόν.
1749 5247 1916 5302 Abest
1959 5264 1983 5301 a

2084 5249 2165 5303 nd.
2215 5251 2267 5309 l,
2291 5247 2345 5300 2.
2426 5249 2440 5278 ¹
2475 5248 2768 5313 Βοηθειάς
2827 5247 3196 5310 σπανίζοντα
3231 5247 3367 5302 καί.
3420 5249 3545 5303 Des.
3597 5247 3655 5302 in

392 5324 599 5378 cod.3.
674 5315 840 5375 ’c'od.
891 5320 914 5372 l
951 5315 1339 5382 σπανίζουσαν.
1416 5318 1437 5350 ³
1476 5319 1599 5372 cod.
1643 5318 1664 5370 Ι
1715 5319 1979 5387 δεομένην

2084 5317 2100 5348 ⁵
2124 5317 2234 5372 Καὶ
2260 5348 2331 5357 -
2351 5315 2741 5387 τυχεῖνηυεε.
2786 5320 2839 5372 in
2872 5320 2995 5375 eod.
3072 5320 3093 5351 ⁸
3129 5319 3427 5384 Μακαρίῳ.
3456 5318 3589 5387 eod.
3619 5317 3657 5371 2

396 5393 555 5458 θείῳ.
633 5393 654 5423 ⁸
690 5390 1016 5445 Ἀντιϐολεῖ
1057 5389 1143 5443 δέ.
1186 5390 1344 5443 codd.
1385 5398 1497 5443 tres
1530 5388 1670 5456 Aug.
1695 5386 1983 5458 ἀντιϐολήσ

2148 5388 2173 5458 ,⁷
2200 5387 2392 5441 Ταῦτα
2421 5388 2544 5458 cod.
2583 5386 2636 5458 1,
2663 5388 2699 5439 2
2746 5387 2908 5453 αὐτὰ,

2942 5404 3069 5459 quae
3100 5399 3183 5442 est
3215 5402 3322 5440 rec.
3344 5386 3570 5459 le_ctio_l_.
3598 5401 3651 5441 c.

393 5461 417 5494 ⁸
453 5454 619 5517 Οἶδα.
662 5461 928 5515 Praecedit
962 5459 1072 5528 ἐγὼ
1110 5460 1146 5513 Ι.
1197 5474 1247 5514 c.
1324 5461 1345 5492 ⁹
1396 5459 1514 5528 Πρὸ
1568 5454 1672 5511 τοῦ
1726 5457 1983 5528 γενέσθω

2094 5457 2264 5528 Abest
2304 5473 2356 5528 _a
2408 5457 2529 5513 cod.
2589 5457 2643 5510 2.
2736 5459 2779 5489 ¹⁰
2823 5459 2893 5512 Τὸ
3046 5454 3460 5528 ἑρμηνευζαῐς.
3505 5455 3651 5511 idem

397 5532 657 5587 Scholion
679 5547 744 5586 ex
775 5526 1059 5601 Ctirysost.
1086 5526 1651 5601 desumptumVMexstat
1675 5526 1889 5601 incdit.
1922 5527 2080 5601 Itoni.
2127 5526 2236 5601 τῷν
2259 5526 2336 5580 Ο’.

2052 5611 2105 5665 p.
2131 5595 2259 5667 524.
2287 5597 2437 5652 addit
2470 5592 2802 5667 ἐμφέρεται,
2833 5592 2955 5653 cum
2991 5595 3334 5667 notulauista,
3369 5605 3435 5667 eg
3472 5592 3655 5667 Theo-

394 5611 515 5672 post
530 5603 913 5672 ἑρμηνευταίς.

398 5742 544 5797 Alias
571 5743 832 5795 lectiones
859 5740 1078 5793 exhibet
1105 5739 1267 5792 Cord.
1298 5754 1351 5807 p.
1386 5739 1490 5791 765

719 5836 993 5894 PATROL.
1037 5835 1152 5894 GR.
1175 5834 1414 5892 LXXX.

992 5600 1037 5630 η
1084 5596 1528 5667 Ἐρμηιλευταῒς.
1569 5596 1759 5651 Moutl‘.
1790 5597 2014 5664 llexapl.

394 5667 611 5726 Ilurcth
662 5667 827 5725 Abest
856 5678 1036 5724 autem
1070 5670 1172 5723 hoc
1204 5669 1631 5723 additamentum
1664 5683 1692 5722 a
1721 5667 1879 5722 codd.
1912 5669 2140 5723 nostris.

2414 5529 2456 5558 ¹³
2480 5528 2897 5596 Οὔτε-Σύρῳ.
2932 5527 3058 5583 Haec
3076 5525 3133 5579 in
3152 5526 3273 5596 cod.
3319 5525 3653 5596 lponuntur

2224 5666 2268 5700 ³⁸
2303 5668 2420 5731 Ὡς.
2444 5660 2675 5724 Αῐιεέιά
2698 5669 2820 5724 cod.
2863 5670 2913 5733 1,
2945 5667 3000 5719 2.
3080 5664 3126 5696 “
3154 5660 3474 5733 Μακαρίζει
3507 5682 3561 5719 κ.
3596 5661 3649 5719 λ.

3217 5825 3286 5887 37
