4108 6418
460 313 601 379 1107
1460 316 1951 378 TIIEODORETI
1993 319 2052 379 Ε]

2144 320 2333 383 ΞΟΟΡΙ
2367 323 2733 388 CYRENSIS
3596 325 3737 395 1108

463 435 789 501 moliuntur,
822 443 881 487 ut
912 447 1249 488 concurrens
1278 430 1542 503 impingat
1573 432 1763 495 simul,
1793 442 1845 487 et
1870 433 2047 489 radat.

2157 438 2328 494 Τοῦτο
2362 441 2458 496 καὶ
2505 441 2677 495 Ἡσαῦ
2711 441 3014 513 ἀπατηθεὶς
3052 442 3156 497 ὑπὸ
3187 441 3280 497 τοῦ
3322 442 3540 511 Ἰακὼϐ,
3568 445 3670 515 εφη
3692 446 3735 479 (³

466 526 583 580 lloc
615 527 781 583 etiam
827 525 974 581 Esau
1008 541 1038 580 a
1081 524 1288 581 Jacoho
1321 524 1584 595 deceptus
1622 526 1800 581 dixit:
1841 545 1859 576 ι
1897 525 2052 583 Juste

2162 548 2180 580 ι
2217 531 2456 595 Δικαίως
2503 531 2707 602 ἐκλήθη
2755 532 2817 584 τὸ
2846 532 3020 603 ὄνομα
3062 531 3229 586 αὐτοῦ
3272 531 3492 597 Ἰακὼϐ,
3542 533 3739 605 ἐπτέρ-

463 629 715 673 vocatum
748 626 833 673 est
873 632 1070 672 nomen
1116 617 1238 688 ejus
1274 615 1490 672 Jacob:
1527 631 1652 670 nam
1690 632 1776 670 me
1807 616 1921 686 jam
1967 617 2052 674 bis

2154 640 2271 677 νικε
2300 624 2409 693 γάρ
2435 642 2504 696 με
2534 625 2634 696 ήδη
2667 624 2923 696 δεύτερον
2948 624 3106 680 τοῦτο
3126 642 3141 658 ’
3166 626 3297 680 τάτε
3327 626 3369 658 ⁸⁸
3389 626 3738 698 πρωτοτόκιά

459 711 869 782 supplantavit;
927 704 1097 781 869
1137 719 1191 765 et
1233 708 1356 779 jura
1413 708 1863 780 primogenitum
1917 725 2052 766 mea:

2157 734 2262 787 μου
2294 717 2512 789 εἴληφε,
2534 720 2629 773 καὶ
2650 721 2695 752 ⁷⁸
2727 719 2824 792 τὴν
2848 719 3103 790 εὐλογίαν
3132 737 3261 791 μου.
3297 738 3315 772 ι

459 806 686 875 accepit,
718 814 774 859 et
808 804 1245 859 benedictionem
1279 818 1456 857 meam
1485 810 1535 858 ῐ.
1570 822 1589 855 ι

528 896 697 953 Vsus.
726 897 811 962 11,
843 896 927 949 12.
963 916 981 948 ι
1012 894 1093 950 Tu
1117 904 1301 950 autem
1337 893 1610 962 ,Domine,
1637 895 1899 953 miserere
1921 897 2049 963 mei,

2227 900 2314 957 ια’,
2352 892 2437 963 ιβ’.
2470 912 2487 946 ι
2519 896 2591 948 Σὺ
2621 894 2700 959 δὲ,
2737 895 2933 967 Κύριε,
2971 894 3196 965 ἐλέησόν
3241 912 3329 965 με,
3364 894 3460 948 καὶ
3490 895 3736 966 ἀνάστηο

460 1001 513 1047 et
547 990 813 1046 rcsuscita
844 1003 949 1056 me,
995 996 1045 1043 ct
1082 989 1379 1044 retribuam
1421 989 1523 1044 eis.
1555 986 1634 1042 Ex
1686 988 1791 1044 hoc
1818 990 2049 1061 cognovi

2155 984 2245 1039 σόν
2282 1003 2372 1057 με,
2409 987 2504 1042 καὶ
2546 987 2921 1042 ἀνταποδώσω
2965 989 3169 1051 αὐτοῖς.
3219 986 3309 1040 Ἐν
3339 986 3515 1059 τούτῳ
3562 988 3737 1056 ἔγνων

458 1093 512 1139 te
546 1083 682 1137 bene
715 1080 987 1152 cupivisse
1016 1080 1175 1147 mihi,
1210 1078 1475 1149 quoniam
1504 1094 1615 1134 non
1648 1080 1912 1147 gaudebit
1948 1081 2051 1135 ini.

2151 1079 2234 1133 ὅτι
2278 1079 2583 1149 τεθέληκάς
2619 1098 2709 1152 με,
2750 1082 2832 1135 ὅτι
2877 1082 2920 1112 ⁷¹
2969 1082 3030 1134 οὑ
3069 1080 3144 1152 μὴ
3193 1082 3432 1151 ὲπιχαρῇ
3473 1081 3502 1133 6
3542 1078 3737 1150 ὲχορός

456 1177 635 1231 inicus
662 1189 817 1229 meus
850 1187 1019 1242 super
1067 1186 1175 1226 me.
1216 1188 1234 1221 ι
1286 1167 1354 1225 Et
1388 1170 1504 1225 haec
1549 1170 1734 1226 omnia
1787 1180 2047 1241 tanquam

2155 1190 2257 1244 μου
2291 1174 2377 1227 ἐπ’
2408 1173 2531 1243 ἐμέ.
2578 1191 2596 1225 ι
2648 1173 2759 1227 Καὶ
2782 1172 2959 1227 ταῦτα
2995 1172 3179 1227 πάντα
3218 1172 3293 1235 ώς
3338 1170 3446 1224 ἀπὸ
3489 1173 3587 1243 τῆς
3639 1170 3737 1239 λη-

456 1269 527 1324 ab
552 1274 836 1337 assumpta
866 1275 1062 1319 natura
1091 1264 1233 1319 dicta
1262 1273 1414 1330 sunt,
1459 1279 1579 1334 qua:
1632 1279 1851 1320 crucem
1884 1280 2047 1335 passa

2152 1265 2384 1335 φθείσης
2412 1264 2627 1336 εἴρηται
2664 1264 2904 1335 φύσεως,
2936 1264 3065 1335 περὶ
3091 1265 3156 1336 ἢν
3191 1265 3281 1319 κα)⁵
3312 1263 3373 1317 τὸ
3406 1264 3577 1326 πάθος
3614 1263 3736 1331 ἐγέ-

456 1373 561 1419 cst.
591 1360 685 1415 Sic
708 1359 872 1414 etiam
909 1357 963 1412 in
1002 1358 1178 1414 sacris
1218 1356 1530 1429 Evangeliis
1562 1357 1818 1413 audimus
1863 1350 2047 1413 Domi;

2149 1371 2293 1409 νετο.
2327 1354 2483 1409 Οῦτω
2514 1356 2608 1409 καὶ
2635 1356 2693 1408 ὲν
2718 1358 2830 1419 τοῖς
2855 1357 3021 1424 ἱεροῖς
3051 1355 3430 1425 Εὑαγγελίοις,
3461 1353 3738 1426 ἀκούομεν

457 1468 591 1506 num
628 1450 910 1505 Christum
964 1456 1321 1519 precantem:
1360 1466 1378 1499 ι
1422 1445 1607 1511 Pater,
1658 1447 1809 1503 salva
1844 1463 1931 1502 me
1978 1462 2043 1503 ex

2148 1447 2244 1501 τοῦ
2277 1447 2553 1501 Δεσπότου
2595 1446 2837 1518 Χριστοῦ
2885 1449 2932 1479 ⁷²
2969 1448 3431 1520 προσευχομένου,
3470 1466 3489 1499 ι
3528 1448 3734 1521 Πάτερ,

2074 1583 2122 1643 Β
2152 1538 2326 1593 σῶσόν
2362 1555 2430 1608 με
2458 1540 2523 1591 ὲκ
2551 1538 2649 1608 τῆς
2684 1539 2830 1610 ὥρας
2855 1538 3080 1610 ταύτης.
3125 1560 3143 1592 ι
3178 1539 3287 1593 Καὶ
3330 1539 3527 1594 πάλινο
3565 1557 3582 1590 ι
3621 1534 3734 1594 1ιά-

2149 1647 2269 1701 τερ,
2302 1631 2350 1683 εἰ
2382 1629 2629 1693 δυνατὸν,
2678 1629 3001 1701 παρελθέτω
3032 1630 3094 1683 τὸ
3128 1633 3388 1703 ποτήριον
3436 1629 3596 1684 τοῦτο
3641 1631 3737 1684 ἀπ’

2150 1721 2308 1790 ἐμοῦ.
2342 1742 2361 1774 ι

2224 1820 2313 1883 ιγ’.
2362 1832 2380 1864 ι
2443 1814 2609 1885 Ἐμοῦ
2658 1813 2714 1867 δὲ
2758 1814 2845 1867 διὰ
2894 1813 2992 1883 τὴν
3038 1816 3276 1893 ἀκακίαν
3318 1815 3366 1846 ⁷³
3413 1814 3735 1882 ἀντελάϐου,

2152 1908 2247 1959 καὶ
2297 1906 2636 1970 ὲϐεϐαίωσάς
2683 1924 2751 1976 με
2787 1905 3018 1960 ἐνώπιόν
3068 1924 3161 1960 σου
3211 1909 3290 1970 είς
3338 1908 3430 1960 τὸν
3477 1910 3668 1963 αἰῶνα.
3712 1929 3731 1961 ο

458 1543 564 1598 hac
601 1544 735 1597 hora
766 1550 812 1595 κ.
852 1559 871 1593 ι
903 1538 971 1594 Et
1004 1555 1199 1596 rursus
1232 1558 1245 1594 :
1286 1556 1305 1590 ι
1360 1538 1544 1606 Pater,
1597 1539 1646 1596 si
1690 1539 1802 1595 ﬁeri
1845 1548 2041 1609 potest,

456 1644 702 1692 transeat
732 1634 874 1691 calix
906 1632 994 1689 hic
1026 1648 1055 1687 a
1088 1647 1174 1687 me
1196 1644 1243 1687 ι.
1285 1651 1302 1684 ι

542 1826 702 1865 usus.
741 1810 824 1864 15.
860 1828 878 1862 ι
916 1807 1001 1864 Me
1031 1816 1213 1863 autem
1251 1816 1472 1878 propter
1502 1807 1874 1861 innocentiam
1925 1822 2049 1861 sus-

455 1904 682 1975 cepisti,
730 1911 784 1959 et
830 1900 1169 1958 conﬁrmasti
1222 1916 1309 1955 me
1372 1900 1425 1953 in
1478 1910 1776 1970 conspectu
1838 1909 1933 1953 tuo
1993 1897 2048 1953 in

457 2007 747 2054 aeternum.
789 2015 808 2049 ι
846 1994 1191 2051 Conveniunt
1233 1993 1397 2048 etiam
1442 1992 1558 2049 haec
1600 1992 1786 2049 servili
1838 1992 2045 2056 fol-mre,

458 2106 626 2161 quam
658 2086 972 2160 unigenitus
1002 2085 1148 2143 Deus
1175 2086 1442 2156 suscepit.
1486 2104 1504 2137 ι
1541 2083 1661 2139 Non
1694 2086 1839 2139 enim
1861 2085 2051 2155 utique

457 2182 680 2252 angelos
726 2180 1050 2251 assumpsit,
1106 2190 1167 2235 ut
1216 2180 1293 2235 ait
1324 2179 1546 2235 divinus
1587 2178 1903 2249 Apostolus,
1955 2178 2050 2233 sed

461 2288 652 2329 semen
681 2272 916 2326 Abrahae
952 2272 1255 2341 assumpsit
1290 2288 1301 2324 :
1336 2270 1480 2325 unde
1509 2270 1699 2325 debuit
1732 2285 1827 2339 per
1865 2270 2049 2325 omnia

454 2365 724 2421 fratribus
761 2365 960 2421 similis
995 2365 1134 2432 ﬁeri,
1171 2374 1228 2420 ut
1272 2364 1588 2418 misericors
1619 2364 1793 2427 lieret,
1825 2374 1879 2417 et
1922 2364 2051 2417 lide-

454 2457 523 2514 lis
562 2455 806 2529 pontifex
832 2458 974 2526 apud
1004 2456 1170 2510 Deum
1201 2456 1250 2509 b.
1285 2475 1303 2507 ι
1339 2454 1608 2521 Quoniam
1642 2454 1804 2524 igitur
1828 2470 2049 2510 assum-

444 2558 545 2619 pta
579 2556 775 2603 natura
809 2548 979 2602 libera
1020 2546 1321 2617 permansit
1366 2546 1435 2602 ab
1467 2547 1615 2601 omni
1656 2545 1882 2610 malitia,
1934 2560 2051 2597 ine-

454 2641 563 2696 rito
600 2639 776 2696 dicit:
830 2659 847 2692 ι
889 2638 971 2695 Mc
1003 2649 1184 2694 autem
1237 2646 1456 2709 propter
1503 2637 1872 2692 innocentiam
1929 2653 2051 2691 sus-

2165 1996 2458 2068 Ἀρμὸττει
2491 1994 2585 2050 καὶ
2625 1995 2799 2049 ταῦτα
2854 2000 2921 2067 τῇ
2975 1995 3070 2050 τοῦ
3115 1996 3303 2050 δούλου
3360 2002 3567 2071 μορφῇ,
3600 1999 3666 2071 ἢν
3709 2001 3738 2055 6

2151 2087 2467 2158 Μονογενὴς
2512 2086 2606 2139 τοῦ
2654 2086 2788 2141 Θεοῦ
2817 2087 2866 2119 ⁷⁸
2894 2087 3181 2141 ἀνέλαϐεν.
3238 2108 3256 2139 ί
3289 2090 3363 2141 Οὑ
3409 2089 3519 2159 γὰρ
3566 2091 3738 2159 δήπου

2152 2179 2402 2248 ἀγγέλων
2442 2178 2741 2232 ἐπελάϐετο
2774 2180 2842 2242 ⁷⁸,
2942 2197 3107 2249 φησιν
3137 2180 3165 2232 6
3207 2179 3348 2244 θεῖος
3394 2181 3737 2248 ’Δπόστολολ

2151 2271 2287 2326 ἀλλά
2334 2274 2650 2344 σπέρματος
2713 2272 2965 2343 Ἀϐραάμ
3015 2272 3335 2339 ἐπελάϐετο,
3369 2273 3491 2328 ὅθεν
3541 2274 3739 2345 ὤφειλε

2152 2366 2297 2418 κατά
2336 2365 2517 2418 πάντα
2556 2366 2669 2428 τοῖς
2695 2363 2945 2433 ἀδελφοῖς
2986 2365 3340 2437 ὁμοιωθῆναι,
3372 2367 3460 2420 ἵνα
3492 2367 3742 2438 ἐλεήμων

2152 2457 2404 2527 γένηται,
2440 2458 2535 2509 καὶ
2565 2456 2755 2520 πιστὸς
2784 2457 3077 2527 ἀρχιερεὺς
3112 2456 3179 2510 τά
3224 2458 3361 2527 πρὸς
3390 2458 3480 2531 τδν
3512 2456 3666 2511 Θεόν.
3717 2476 3736 2509 ι

2165 2545 2384 2615 Ἐπειδὴ
2447 2546 2629 2598 τοίνυν
2690 2546 2871 2617 πάσης
2929 2547 3129 2611 κακίας
3174 2549 3207 2620 ή
3256 2548 3526 2618 ληφθεῖσα
3580 2550 3743 2618 φύσις

2152 2635 2415 2705 ἐλευθέρα
2458 2635 2749 2706 διέμεινεν,
2792 2637 3021 2699 εἰκότως
3065 2637 3236 2705 λέγει,
3289 2656 3307 2689 ι
3359 2639 3523 2707 Ἐμοῦ
3566 2639 3622 2692 δὲ
3654 2639 3744 2693 διὰ

454 2733 684 2805 cepisti,
748 2742 801 2787 et
844 2732 1184 2787 conﬁrmasti
1242 2747 1329 2785 me
1379 2731 1432 2784 in
1495 2740 1793 2799 conspectu
1856 2729 2048 2783 tuoin

2155 2728 2251 2799 τὴν
2286 2728 2527 2782 ἀκακίαν
2558 2728 2603 2759 ⁷⁸
2632 2728 2951 2791 ἁντελάϐου,
2993 2730 3089 2784 καὶ⁷
3125 2730 3462 2795 ὲϐεϐαίωσάς
3502 2748 3569 2802 με
3614 2731 3745 2784 ἐνώ-

457 2838 747 2882 aeternum.
788 2845 805 2879 ι
842 2823 976 2879 Nam
1011 2825 1224 2878 lirmam
1259 2826 1445 2894 accepi
1481 2824 1950 2893 conjunctionem,
1998 2831 2052 2876 et

2156 2821 2279 2873 πιόν
2337 2838 2430 2874 σου
2492 2823 2573 2884 είς
2620 2822 2710 2875 τὸν
2773 2822 2964 2877 αἰῶνα.
3016 2822 3255 2876 Βεϐαίαν
3312 2823 3419 2893 γὰρ
3476 2824 3744 2895 ἐδεξάμην

436 2921 559 2977 ‘fuit
591 2919 784 2990 copula
817 2916 1122 2983 individua,
1158 2926 1210 2972 et
1237 2917 1410 2988 gloria
1442 2917 1799 2986 sempiterna.

2162 2913 2258 2985 τὴν
2283 2912 2497 2979 ἕνωσιν,
2524 2913 2618 2966 καὶ
2647 2912 2889 2983 ἄτμητος
2919 2914 2952 2983 ἡ
2986 2914 3275 2983 συνάφεια,
3303 2917 3394 2967 καὶ
3428 2915 3461 2985 η
3510 2914 3636 2979 δόξα
3661 2917 3745 2971 αἱ·

2159 3005 2336 3068 ώνιος.

524 3099 693 3155 Vens.
729 3099 818 3153 M.
858 3116 876 3148 ι
915 3096 1245 3151 Benedictus
1280 3095 1354 3151 sit
1397 3094 1668 3149 Dominus
1704 3092 1850 3150 Deus
1880 3092 2054 3151 israel

453 3209 485 3249 a
513 3192 719 3249 saeculo
748 3198 804 3246 ct
849 3190 903 3244 in
936 3189 1234 3245 saeculum:
1275 3188 1391 3253 ﬂat,
1431 3187 1565 3243 ﬁat!
1602 3207 1621 3239 ›
1661 3186 1797 3243 Cum
1834 3187 2057 3246 divinus

440 3284 725 3355 propheta
775 3282 892 3337 haec
952 3279 1320 3351 prmdixisset,
1366 3291 1423 3335 et
1465 3279 1910 3349 inexplicabilem
1962 3278 2056 3334 Dei

456 3374 852 3445 benignitatem
885 3370 1191 3426 admiratus
1224 3380 1392 3434 esset,
1423 3379 1480 3425 et
1509 3371 1894 3438 intellexisset,
1934 3370 2058 3441 quis

456 3468 532 3525 sit
560 3466 672 3531 ille,
702 3463 796 3535 qui
822 3461 1186 3518 voluntariam
1208 3470 1578 3532 paupertatem
1599 3462 1767 3532 870
1792 3462 2054 3532 suscepit,

458 3562 728 3633 hymnum
786 3555 888 3626 ipsi
942 3568 1038 3624 per
1090 3552 1332 3623 linguam
1388 3554 1726 3622 pronuntiat,
1787 3561 1848 3608 ut
1891 3554 2055 3609 etiam

455 3658 577 3727 ipse
629 3652 850 3707 beatum
912 3657 1153 3717 reportet
1206 3646 1390 3701 linem.
1449 3647 1641 3702 Merito
1704 3657 1882 3703 autem
1936 3658 2060 3719 post

454 3746 738 3805 cruciatus
793 3744 1063 3814 hymnum
1113 3740 1314 3806 attulit,
1359 3740 1563 3795 docens
1598 3756 1704 3795 non
1747 3741 1910 3796 modo
1960 3741 2059 3797 bo-

458 3840 669 3896 minem
700 3836 893 3900 fuisse,
929 3832 1025 3903 qui
1069 3833 1366 3902 praedictus
1406 3839 1509 3899 est,
1541 3833 1638 3887 sed
1684 3833 1848 3887 etiam
1885 3831 2055 3887 Deum

460 3948 755 4001 aeternum,
789 3939 987 3987 natura
1021 3927 1307 3998 praeditum
1344 3927 1711 3982 indissolubili
1742 3938 1795 3982 et
1830 3930 2057 3983 immor-

458 4032 577 4087 tali.

852 4144 869 4164 ⁶
902 4138 1174 4195 INTERP.
1226 4138 1477 4194 PSALMI
1522 4137 1662 4192 XLI.

2233 3097 2316 3151 ιδ’.
2363 3116 2381 3149 ι
2430 3096 2738 3166 Εὐλογητὸς
2769 3096 2973 3167 Κύριος
3006 3098 3034 3150 ὁ
3073 3096 3206 3160 Θεὸς
3253 3097 3488 3168 Ἰσραὴλ,
3521 3098 3627 3151 ἀπὸ
3649 3097 3745 3151 τοῦ

2160 3191 2357 3255 αἰῶνος
2408 3190 2502 3245 καὶ
2556 3192 2636 3255 εἰς
2694 3190 2787 3243 τὸν
2832 3189 3039 3243 αἰῶναο
3090 3189 3332 3256 γένοιτο,
3419 3189 3676 3257 γένοιτοῑ
3718 3209 3741 3244 ι

2160 3282 2346 3336 Ταῦτα
2374 3283 2418 3314 ⁷⁷
2455 3284 2483 3335 6
2523 3281 2811 3345 θεσπέσιος
2844 3280 3265 3352 προαγορεύσας
3312 3283 3620 3353 προφήτης,
3653 3283 3748 3338 καὶ

2159 3376 2258 3448 τὴν
2285 3375 2526 3448 ἄρρητον
2565 3373 2659 3427 τοῦ
2691 3373 2963 3427 Δεσπότου
2994 3372 3404 3443 φιλανθρωπίαν
3433 3374 3745 3443 θαυμάσας,

2161 3468 2259 3522 καὶ
2307 3468 2511 3531 συνιεὶς
2544 3466 2591 3500 ⁷⁸
2623 3468 2716 3519 ἐπὶ
2750 3466 2797 3497 τ’
2829 3466 2918 3520 τὸν
2966 3466 3066 3535 τὴν
3103 3464 3418 3519 ὲθελουσίαν
3470 3466 3748 3537 πτωχείαν

2161 3558 2585 3632 ἀναδεξάμενον,
2620 3559 2791 3631 ὕμνον
2822 3559 2868 3590 ⁸⁰
2895 3558 3042 3629 αὑτῷ
3069 3557 3155 3611 διὰ
3188 3558 3288 3628 τῆς
3330 3557 3576 3629 γλώττης
3615 3576 3748 3630 προ-

2163 3655 2320 3727 φέρει
2341 3656 2410 3723 ⁸⁷,
2435 3655 2524 3708 ἵνα
2544 3654 2606 3706 τὸ
2648 3651 2919 3724 μακάριον
2946 3651 3040 3705 καὶ
3066 3650 3227 3714 αὐτὸς
3253 3651 3548 3720 κομίσηται
3573 3651 3749 3716 τέλος.

2162 3745 2405 3807 Εἰκότως
2452 3746 2507 3797 δὲ
2561 3742 2700 3813 μετὰ
2746 3742 2817 3794 τὰ
2867 3740 3015 3810 πάθη
3068 3739 3239 3810 ὕμνον
3283 3739 3329 3770 ³⁸
3379 3742 3747 3812 προσήνεγκε,

2160 3837 2429 3891 διδάσκων
2462 3835 2536 3899 ὠς
2569 3836 2629 3888 οὐ
2667 3835 2826 3905 μόνον
2861 3834 3149 3905 ἄνθρωπος
3188 3836 3215 3887 6
3243 3833 3747 3904 προφητευόμενος,

2160 3933 2299 3987 ἀλλά
2331 3932 2425 3986 καὶ
2452 3932 2583 3995 Θεὸς
2614 3930 2962 4003 προαιώνιος,
2990 3927 3297 3999 ἀνώλεθρον
3330 3926 3471 3999 ἔχων
3496 3928 3556 3982 τὸ
3585 3924 3747 3998 εἶναι,

2162 4029 2257 4081 καὶ
2280 4025 2640 4094 ἀτελεύτητον
2669 4024 2735 4080 ⁸³.

2479 4137 2750 4191 EPMHN.
2773 4136 2910 4190 ΤΟΥ
2946 4136 3063 4191 MA'
3103 4136 3428 4193 ΨΑΛΜΟΥ.

529 4261 701 4318 Vens.
737 4260 790 4315 1.
830 4277 847 4310 ι
894 4258 952 4311 1η
982 4255 1167 4323 linem,
1208 4255 1264 4308 In
1295 4255 1626 4309 intellectum
1668 4254 1792 4308 liliis
1827 4252 1989 4307 Core.
2030 4272 2047 4306 ι

2233 4252 2303 4307 α’.
2351 4273 2367 4305 ι
2416 4253 2509 4315 Εἰς
2538 4251 2599 4304 τὸ
2629 4251 2803 4316 τέλος,
2837 4251 2917 4314 εἰς
2949 4251 3166 4306 σύνεσιν
3197 4254 3312 4316 τοῖς
3344 4252 3485 4316 υἱοῖς
3518 4253 3682 4324 Κορέ.
3722 4273 3741 4306 ι

442 4354 594 4410 'Cum
630 4349 867 4423 populus
903 4355 1221 4418 peccasset,
1257 4345 1568 4416 Babyloniis
1611 4359 1737 4399 cum
1783 4343 2049 4399 Dominus

458 4444 704 4509 tradidit,
745 4442 811 4498 ad
840 4438 1316 4511 septuageuariam
1353 4436 1671 4493 servitutem
1714 4436 2050 4491 condemna-

459 4551 596 4594 tum.
657 4534 1002 4606 Quapropter
1051 4540 1312 4600 tanquam
1359 4544 1423 4583 ex
1462 4543 1695 4597 persona
1729 4542 1922 4583 eorum
1961 4527 2050 4582 di-

459 4639 584 4688 ctus
615 4636 701 4684 est
732 4626 1000 4697 psalmus,
1034 4622 1129 4694 qui
1154 4620 1443 4691 plorabant
1469 4629 1522 4675 et
1561 4620 1868 4677 libertatem
1901 4620 2047 4676 desi~

537 4847 567 4892 1
595 4839 730 4897 Gen.
763 4855 935 4908 xxvu,
967 4835 1058 4892 '56.

2169 4344 2565 4416 Ἦμαρτηκότα
2611 4343 2704 4396 τὸν
2752 4343 2880 4397 λαὸν
2934 4342 3302 4408 Βαϐυλωνίοις
3350 4344 3672 4415 παρέδωκεν
3719 4347 3749 4399 6

2157 4440 2312 4503 Θεὸς,
2348 4435 2838 4507 ἑϐδομηκοντοῦτιν
2871 4435 3252 4507 αἰχμαλωσίαν
3285 4436 3468 4491 αὐτῶν
3498 4436 3547 4469 ⁸⁸
3574 4454 3746 4490 κατα-

2156 4527 2561 4598 ψηφισάμενος.
2625 4525 2711 4588 Ὠς
2761 4528 2825 4577 ὲκ
2855 4523 3149 4596 προσώπου
3193 4521 3289 4581 οὖν
3333 4525 3379 4557 ⁸⁸
3421 4526 3630 4581 τούτων
3673 4525 3745 4580 εί-

2162 4637 2325 4691 ρηται
2356 4620 2384 4672 ὁ
2424 4618 2663 4688 ψαλμδς,
2709 4618 3130 4690 ὀλοφυρομένων
3162 4620 3257 4675 καὶ
3292 4619 3393 4692 τὴν
3431 4619 3745 4693 ἐλευθερίαν

1158 4845 1180 4871 ι
1209 4833 1365 4889 Joan.
1405 4847 1505 4900 xu,
1530 4830 1625 4886 27.
1708 4843 1733 4872 α
1758 4832 1955 4886 Matth.
1990 4846 2145 4897 xxvi,
2170 4831 2259 4887 42.
2342 4833 2368 4872 ι)
2405 4834 2569 4889 llcbr.
2600 4851 2660 4897 ll,
2697 4831 2786 4898 16,
2819 4832 2907 4886 17.

1569 4998 1807 5055 VARIAS
1850 5000 2240 5056 LECTIONES
2267 5000 2354 5055 ET
2384 5000 2615 5057 ΝΟΤᾹΞ.

528 5121 572 5154 ⁸⁸
600 5124 780 5192 Ἔφη.
811 5121 980 5192 Abest
1012 5135 1041 5174 a
1074 5119 1197 5192 cod.
1231 5119 1279 5170 1.
1359 5119 1402 5150 ⁶⁹
1427 5120 1578 5192 ΔΤιίτε
1618 5150 1686 5192 τ
1708 5120 1995 5192 εὐλογίαν
2016 5138 2052 5192 λι

2144 5140 2171 5174 ε.
2206 5119 2328 5175 Des.
2378 5123 2430 5192 in
2482 5121 2604 5173 cod.
2640 5122 2687 5174 5Δ
2771 5124 2816 5154 ⁷ο
2843 5124 2974 5175 Καὶ.
3005 5120 3126 5176 cod.
3165 5122 3185 5174 1
3219 5120 3370 5192 addit
3401 5118 3497 5192 νῦν
3529 5119 3737 5189 εἴληφε.

455 5193 575 5248 cod.
602 5193 638 5247 2
670 5190 767 5246 νῦν
824 5190 1005 5245 ἔλαϐε.

455 5261 923 5334 προσευχομένου,
959 5260 1047 5334 ﬂ"
1085 5258 1383 5334 ‘Ax_axlar.
1443 5262 1566 5315 cod.
1618 5262 1652 5313 2
1691 5258 1843 5314 addit

1083 5188 1126 5262 ⁷⁷
1153 5189 1286 5262 Ὅτι
1317 5218 1387 5227 -
1415 5188 1689 5257 ἐπιχειρῇ.
1730 5190 1941 5261 Symm.
1976 5190 2071 5243 ἐὰν
2106 5191 2587 5262 μὴλκαταλαλήσῃ.
2664 5193 2710 5223 ⁷¹

1901 5278 2026 5330 μου.
2102 5256 2300 5314 ⁷δ’Τοῦ
2361 5256 2567 5315 Θεοῧ.”
2598 5262 2719 5330 cod.
2784 5256 2817 5315 ’1
2861 5263 3014 5323 Θεὸς,
3079 5263 3199 5315 eod.
3258 5262 3293 5313 2
3343 5256 3528 5325 p'rzem.

3371 5190 3743 5311 ponitur1post

3379 5276 3528 5311 rmm.
3646 5260 3739 5311 ἰός.

3664 5276 3739 5322 ος.

2664 5193 2710 5223 ⁷¹
2742 5192 3026 5252 Χριστοῦ.
3062 5192 3118 5245 In
3151 5193 3271 5245 ro:l.
3310 5190 3331 5243 1

456 5329 748 5389 ⁷⁵ὀοιῖ.”1“
778 5330 1126 5401 ἀντελάϐετο.
1171 5330 1245 5383 Ita
1276 5345 1491 5401 quoque
1534 5340 1655 5399 post
1691 5329 1910 5401 paucay
1966 5332 2013 5363 ⁷⁸

2144 5332 2366 5386 ιακίίιν.
2418 5332 2538 5385 cod.
2600 5329 2634 5382 2
2697 5331 2894 5385 iterum
2944 5332 3095 5385 addit
3145 5349 3270 5400 μου.
3348 5331 3390 5362 ⁷⁷
3432 5330 3629 5384 Ταῦτα
3676 5357 3744 5401 -ς-

456 5405 778 5472 κομίσηται
832 5402 1035 5472 τέλος.
1080 5400 1205 5453 Des.
1256 5400 1411 5470 apud'
1448 5401 1609 5456 Cord.
1668 5416 1719 5472 p.
1773 5400 1897 5472 768.
1976 5401 2022 5432 ⁷³
2058 5402 2180 5455 cod.
2234 5403 2286 5459 1.

1108 5486 1294 5539 praeut.
1347 5471 1458 5525 τόν.
1494 5541 1499 5542 ί
1537 5473 1586 5542 ⁸³-
1616 5470 1737 5542 cod.
1775 5470 1810 5522 2
1870 5490 2049 5542 προσςρ

2144 5491 2192 5524 ιι.
2272 5472 2317 5502 ⁸⁷
2345 5472 2595 5539 “Υμνεν,
2645 5474 2769 5526 cod.
2800 5474 2832 5526 2
2857 5476 3054 5526 ite:uin
3095 5488 3283 5541 prarm.
3316 5474 3427 5525 τόν.
3506 5470 3552 5501 ⁸³
3585 5470 3744 5542 ῘΑτε-

455 5471 784 5543 ⁸⁰⁷”Υ,ιινον.
840 5474 959 5543 cod.
1014 5471 1049 5524 ‘2

2332 5404 2365 5453 2
2414 5401 2619 5454 συνεία.
2698 5404 2743 5433 ⁷⁸
2786 5404 2939 5457 Ἐπί.
2998 5399 3165 5456 Abest
3220 5404 3288 5455 ab
3339 5411 3572 5469 utroque
3619 5399 3741 5453 cod.

453 5539 774 5610 λεύτὴτον.
805 5541 968 5596 Curd.
997 5558 1048 5611 p.
1087 5541 1188 5595 768
1222 5541 1371 5596 addit
1405 5541 1517 5611 :_T6
1546 5540 1603 5593 δὲ
1636 5539 1892 5611 γένοιτρ,
1915 5539 2181 5611 γένοιτο,
2228 5544 2255 5596 6
2293 5542 2394 5611 μὲν
2422 5542 2658 5604 ’Λκύλας
2705 5539 3205 5609 ιΙεπιστίιψέι-ζυς,
3251 5539 3738 5608 πεπιστωμένως,

455 5613 486 5665 6
511 5616 568 5667 δὲ
599 5609 918 5683 Σύμμαχος,
960 5609 1159 5681 ’Ᾰμὴν,
1203 5612 1387 5682 ἁμήν.
1426 5609 1569 5683 Illud
1609 5619 1785 5683 autem
1824 5609 1975 5675 Fiat,
2009 5614 2052 5683 li:

2157 5609 2351 5683 Aquila
2392 5614 2603 5683 quidem
2636 5611 2926 5677 Fidelitrr,
2957 5615 3217 5675 ίὶιινιὶῑυι·,
3249 5612 3596 5682 Synnnaclms
3625 5623 3741 5663 vero

453 5684 655 5757 Arnen,
681 5679 844 5737 “amen
878 5679 1189 5757 transtulit”
1243 5679 1557 5737 ἭΑὐτῶν.
1602 5679 1771 5735 Abest
1808 5696 1836 5736 a
1862 5682 1983 5738 cod.
2014 5682 2064 5737 1.

455 5754 691 5806 τούτων.

2153 5678 2365 5738 δδυῦν.
2401 5678 2565 5738 Abest
2610 5699 2637 5737 a
2691 5685 2813 5740 cod.
2860 5686 2904 5749 l,
2933 5684 2986 5737 2.
3039 5684 3097 5737 lu
3139 5684 3257 5737 cod.
3292 5678 3326 5737 Β
3361 5684 3582 5752 ponitur
3623 5687 3747 5749 post
