4108 6410
408 384 549 447 1169

1786 377 1867 438 IN
1910 377 2116 437 PSAL.
2160 377 2309 437 XLI.

3542 383 3689 450 1170

409 497 739 555 ποθούντων.
780 500 994 572 Ἐπειδὴ
1022 500 1129 572 γὰρ
1159 495 1298 572 ἦσαν
1328 497 1387 553 ὲν
1418 496 1601 559 αὐτοῖς
1633 493 1897 558 εὐσεϐεῖς,
1917 492 1992 556 ὡς

2098 492 2389 549 dcrabaut.
2426 494 2563 561 Quia
2585 498 2732 553 enim
2758 509 2918 555 erant
2946 502 3088 558 inter
3119 503 3241 558 illos
3290 501 3539 557 nonnulli
3565 500 3676 558 viri

408 593 439 645 6
470 591 611 657 θεῖος
648 593 867 665 Δανιὴλ,
905 593 981 657 ὡς
1020 595 1049 648 6
1090 592 1394 664 θαυμάσιος
1424 589 1471 621 ⁸⁸
1511 587 1789 658 ἰεζεκιὴλ,
1822 586 1897 649 ὡς
1938 587 1988 639 οἱ

409 683 710 739 καλλίνικοι
741 685 1019 757 μάρτυρες
1053 684 1321 750 Ἀνανίας,
1370 681 1650 753 ’Λζαρίας,
1680 680 1775 734 καὶ
1806 680 1853 711 ⁸⁷
1885 679 1989 734 Μι-

410 775 549 847 ζαὴλ
568 776 640 845 ⁸³,
671 777 893 850 θερμῶς
924 778 1070 849 μάλα
1096 777 1186 832 τὸν
1213 776 1351 830 Θεὸν
1380 774 1724 845 ἀγαπῶντες,
1752 772 1851 826 καὶ
1890 773 1990 843 τὴν

408 864 636 936 ἔννομον
688 867 853 922 αὐτοῦ
902 867 1160 940 λατρείαν
1213 866 1541 929 ποθοῦντες·
1598 864 1659 917 τὸ
1708 863 1913 917 τούτων
1963 865 1991 916 ὀ

407 958 751 1031 προφητικὸς
801 959 959 1028 λόγος
1012 957 1299 1013 ἀναλαϐὼν
1346 957 1659 1028 πρόσωπον,
1709 953 1744 1009 ἃ
1788 953 1894 1025 χρὴ
1943 953 1988 986 ⁸³

410 1048 542 1119 παρ’
565 1046 790 1102 ἐκείνων
817 1050 874 1103 ὲν
896 1049 973 1121 τῷ
991 1050 1089 1121 τῆς
1126 1049 1414 1121 συμφορᾶς
1449 1048 1677 1119 ῥηθῆναι
1716 1046 1762 1077 ’⁸
1790 1043 1988 1117 καιρῷ.

407 1138 515 1211 πρὸ
557 1139 771 1193 πολλῶν
797 1140 1004 1209 γενεῶν
1039 1140 1390 1211 προδιδάσκει
1427 1141 1493 1203 ",
1530 1139 1616 1191 ἵνα
1641 1139 1691 1168 ”
1715 1141 1781 1210 τῇ
1821 1139 1991 1208 πρενῤ-

407 1228 567 1299 ῥήσει
593 1226 1053 1299 ψυχαγωγῶνται,
1087 1230 1183 1284 καὶ
1211 1231 1277 1301 τῇ
1322 1228 1643 1300 διδασκαλίᾳ
1687 1226 1989 1280 παιδεύων-

404 1333 523 1373 ται.
574 1318 676 1372 Διὰ
722 1319 883 1374 τοῦτο
918 1320 1015 1375 καὶ
1060 1322 1147 1387 εις
1171 1320 1238 1374 τὸ
1271 1320 1447 1387 τέλος
1484 1322 1513 1373 ὀ
1553 1319 1766 1391 ψαλμὸς
1799 1318 1988 1387 ἐπιγέ-

403 1423 682 1479 γραπται,
716 1409 907 1483 ὲπειδὴ
944 1410 1082 1480 μετά
1119 1410 1382 1482 πλείστην
1414 1409 1610 1480 χρόνου
1645 1407 1890 1480 περίοδον
1922 1407 1991 1461 τὰ

402 1497 676 1570 λεγόμενα
703 1500 855 1566 τέλος
888 1502 935 1536 ⁸³
964 1501 1261 1572 ἐλάμϐανε.
1296 1501 1626 1573 Πρόσκειται
1651 1500 1709 1555 δὲ
1758 1502 1855 1554 καὶ
1901 1502 1990 1567 εἰς

402 1590 686 1656 σύνεσιν,
724 1593 913 1664 ἐπειδὴ
955 1592 1164 1664 ταύτης
1210 1593 1445 1665 μάλιστα
1480 1593 1562 1646 δεῖ
1602 1595 1713 1657 τοῖς
1763 1593 1987 1664 περιπί-

403 1700 597 1737 πτουσι
627 1688 936 1756 συμφοραῖς
963 1686 1034 1740 ⁹’⁵.

476 1775 542 1846 β’.
590 1796 608 1829 ι
663 1780 759 1831 Ὃν
791 1778 993 1849 τρόπον
1026 1777 1279 1832 ἐπιποθεῖ
1313 1779 1345 1849 ἠ
1376 1777 1575 1846 ἔλαφος
1619 1777 1711 1831 ἐπὶ
1740 1776 1836 1840 τὰς
1884 1794 1987 1848 πη-

402 1866 507 1935 γὰς
551 1867 662 1921 τῶν
705 1868 937 1931 ὑδάτων,
969 1867 1141 1932 οὕτως
1170 1869 1426 1923 ἐπιποθεῖ
1459 1869 1492 1940 ἡ
1522 1868 1668 1939 ψυχή
1706 1884 1811 1939 μου
1850 1868 1987 1939 πρὸς

290 1968 297 1971 ‘
404 1958 489 2026 σὲ,
517 1959 547 2012 6
570 1958 725 2023 Θεός.
764 1979 782 2011 ι
820 1961 958 2013 Φασὶ
986 1959 1085 2024 τὰς
1127 1959 1359 2030 ἐλάφους
1382 1960 1454 2015 τὰ
1498 1960 1677 2014 ἰοϐόλα
1708 1958 1990 2014 θοινᾶσθαι

281 2111 289 2117 ,
403 2049 590 2122 θηρία,
638 2050 735 2104 καὶ
783 2050 1145 2122 σφοδρότερον
1177 2051 1428 2105 ἐντεῦθεν
1471 2053 1553 2115 είς
1599 2051 1760 2121 δίψαν
1802 2051 1991 2104 ἐκκαί-

401 2142 579 2207 εσθαι,
631 2145 729 2197 καὶ
778 2143 1115 2214 θερμότερον
1160 2144 1271 2198 τῶν
1320 2144 1530 2198 ὑδάτων
1574 2143 1867 2215 ὀρέγεσθαι
1917 2145 1987 2199 ⁸⁸.

405 2233 772 2299 Βαϐυλωνίοις
817 2236 997 2290 τοίνυν
1040 2237 1091 2289 οἱ
1142 2238 1536 2309 προειρημένοι
1592 2236 1867 2304 συνόντες,
1897 2238 1991 2291 ἀν-

402 2328 564 2400 δράσι
583 2329 874 2401 δυσσεσείᾳ
901 2331 998 2383 καὶ
1022 2331 1344 2403 παρανομία
1371 2329 1599 2399 συζῶσι,
1627 2331 1723 2385 καὶ
1746 2331 1992 2410 ἀτεχνῶς

403 2421 516 2483 τοῖς
552 2419 907 2491 ἐρπυστικοῖς
947 2420 1149 2475 ἐοικόσι
1196 2419 1431 2491 θηρίοις,
1463 2422 1689 2486 είκότως
1718 2425 1839 2486 ταῖς
1864 2425 1990 2478 ὲλά-

404 2528 529 2582 φοις
549 2511 951 2583 παραπλησίως
975 2512 1136 2584 διψᾷν
1157 2514 1203 2546 ⁸⁸
1223 2513 1411 2581 ἔλεγον
1429 2516 1522 2569 τὸν
1544 2516 1698 2581 Θεὸν,
1724 2517 1822 2587 τὴν
1848 2517 1991 2570 ἐκεῖ-

403 2603 498 2656 θεν
516 2603 814 2669 ποθοῦντες
831 2604 1177 2679 ἀπαλλαγὴν,
1192 2609 1287 2664 καὶ
1310 2609 1709 2681 προσμένοντες
1725 2610 1824 2680 τὴν
1840 2609 1989 2664 θείαν

406 2697 603 2768 ῥοπήν.

475 2793 544 2856 γ’.
592 2806 613 2842 ι
672 2787 957 2858 Ἐδίψησεν
994 2791 1027 2860 ἠ
1059 2788 1207 2861 ψυχή
1247 2806 1351 2859 μου
1399 2790 1537 2861 πρὸς
1580 2789 1673 2843 τὸν
1717 2790 1850 2841 Θεὸν
1894 2792 1989 2844 τὸν

406 2878 631 2950 ἰσχυρὸν
658 2880 703 2913 ⁸⁷
734 2880 827 2933 τὸν
854 2880 1064 2944 ζῶντα·
1097 2882 1228 2933 πότε
1263 2880 1399 2951 ἥξω,
1432 2880 1529 2934 καὶ
1573 2880 1881 2953 ὀφθήσομαι
1909 2882 1989 2953 τῷ

405 2970 689 3042 προσώπῳ
717 2971 814 3025 τοῦ
844 2972 980 3027 Θεοῦ
1005 2988 1019 3004 ο
1067 2992 1085 3024 ι
1121 2973 1279 3027 Ποθῶ
1311 2973 1387 3040 δὲ,
1421 2975 1574 3042 φησὶ,
1606 2974 1700 3027 καὶ
1721 2956 1859 3043 διψῶ
1888 2974 1988 3044 τὴν

404 3063 503 3118 τοῦ
532 3063 735 3131 ζῶντος
764 3066 811 3098 ⁸⁸
840 3065 978 3119 Θεοῦ
1010 3083 1114 3137 μου
1141 3067 1189 3099 ⁹⁹
1227 3066 1505 3137 λατρείαν.
1547 3066 1620 3118 Τὸ
1649 3066 1758 3135 γὰρ
1804 3065 1987 3136 ὀρθῆ-

2092 585 2199 655 pii,
2248 595 2307 641 ut
2349 587 2567 643 diiiuus
2614 589 2835 659 Daniel,
2870 604 2929 648 ut
2979 595 3250 651 mirabilis
3300 594 3573 659 Ezechiel,
3618 607 3679 648 nt

2094 677 2329 735 victores
2387 690 2670 753 martyres,
2718 683 2982 754 Ananias,
3058 689 3307 754 Azarias,
3368 698 3419 743 et
3460 687 3673 753 Misael,

2092 775 2185 842 qui
2212 775 2690 835 vehementissime
2738 782 2904 837 Deum
2950 784 3232 850 amabant,
3270 793 3323 839 et
3374 785 3672 855 legitimum

2095 866 2265 935 ipsius
2306 869 2512 925 cultum
2562 873 2874 941 cupiebant,
2928 876 3122 930 merito
3173 876 3524 947 propheticus
3560 891 3676 931 ser-

2094 973 2184 1013 mo
2232 971 2484 1032 suscepta
2548 979 2738 1021 eorum
2793 983 3067 1037 persona,
3120 985 3243 1039 qua:
3299 985 3397 1040 par
3438 978 3553 1023 erat
3606 968 3675 1023 ab

2095 1048 2201 1105 illis
2251 1050 2356 1106 diei
2413 1062 2657 1123 tempore
2716 1059 3080 1123 calamitatis,
3138 1060 3324 1115 multis
3385 1069 3513 1114 ante
3570 1075 3673 1114 sa:-

2093 1142 2233 1198 culis
2283 1144 2478 1212 docet,
2527 1157 2583 1201 ιιι
2636 1149 3026 1206 vaticinatione
3072 1151 3443 1219 oblectentur,
3487 1162 3536 1207 et
3574 1153 3675 1209 do-

2093 1237 2269 1293 ctrina
2327 1240 2674 1296 crudiautur.
2716 1242 3012 1313 Propterea
3071 1246 3216 1300 enim
3281 1248 3335 1299 in
3383 1247 3540 1317 ﬁnem
3584 1244 3671 1299 hic

2093 1328 2335 1398 psalmus
2364 1330 2662 1402 inscriptus
2685 1344 2768 1388 est
2803 1353 2814 1388 :
2853 1335 3122 1404 siquidem
3152 1346 3274 1405 post
3296 1337 3673 1407 longissimam

2094 1423 2356 1492 temporis
2404 1425 2623 1491 seriem,
2661 1442 2723 1480 ea
2769 1443 2889 1496 qua:
2935 1429 3067 1483 dicit
3105 1428 3265 1482 linem
3324 1437 3671 1499 acceperunt.

2091 1514 2352 1571 Additum
2389 1527 2474 1574 est
2504 1528 2710 1586 autem,
2746 1522 2796 1574 ὶη
2822 1521 3170 1588 intellectum,
3224 1522 3672 1593 quandoquidem

2091 1616 2159 1656 eo
2196 1606 2436 1661 maxime
2475 1607 2636 1678 871
2688 1599 2872 1680 egent,
2924 1612 3016 1681 qni
3062 1611 3113 1664 in
3155 1612 3493 1667 calamitates
3534 1612 3674 1666 inci-

2090 1693 2242 1750 dunt.

2164 1786 2331 1843 Vens.
2360 1789 2416 1844 9..
2455 1808 2474 1841 ι
2514 1788 2987 1857 Quemadmodum
3022 1794 3299 1851 desiderat
3324 1811 3523 1850 cervus
3556 1795 3676 1851 futt-

2093 1887 2175 1935 tes
2204 1895 2493 1950 aquarum,
2528 1883 2601 1937 ita
2638 1886 2915 1940 desiderat
2942 1886 3123 1941 anima
3160 1903 3278 1942 mea
3309 1896 3381 1953 te,
3411 1904 3444 1943 o
3474 1886 3670 1942 Deus.»

2094 1970 2265 2026 Aiunt
2293 1988 2487 2030 cervos
2544 1976 2688 2031 feras
2714 1992 3022 2035 veneuosas
3053 1980 3341 2045 devorare,
3374 1991 3429 2037 et
3460 1983 3589 2037 hinc
3617 1981 3675 2037 in

2093 2064 2242 2121 sitim
2271 2066 2626 2123 vehementer
2653 2070 2903 2135 arcendi,
2933 2079 2989 2126 et
3018 2087 3191 2142 aquas
3222 2087 3554 2143 magnopere
3580 2073 3675 2127 dc-

2092 2155 2359 2211 sidet‘are.
2398 2157 2534 2211 Cum
2568 2159 2735 2226 igitur
2780 2162 3081 2230 supradicti
3125 2164 3327 2234 captivi
3368 2173 3682 2220 consuelth

2092 2245 2275 2301 dinem
2310 2262 2435 2301 cum
2467 2247 2780 2321 Babyloniis
2830 2252 3173 2319 habuissent,
3211 2255 3531 2311 hominibus
3568 2258 3673 2310 im-

2089 2340 2197 2410 piis
2243 2351 2296 2395 ct
2328 2343 2551 2413 iniquis,
2589 2355 2641 2399 et
2685 2360 2808 2400 vere
2825 2348 3115 2415 reptilihus
3146 2349 3334 2405 chtiis
3373 2350 3674 2419 similibus,

2094 2447 2199 2484 non
2232 2434 2351 2488 sine
2378 2450 2543 2490 causa
2584 2436 2837 2491 dicebant
2865 2453 2925 2493 se
2957 2440 3132 2495 instar
3175 2457 3468 2497 cervorum
3503 2441 3674 2497 Deum

2092 2523 2263 2587 sitire,
2297 2524 2670 2581 desiderantes
2694 2526 2845 2583 illinc
2881 2529 3121 2597 liberari,
3162 2540 3217 2586 et
3246 2533 3489 2587 divinam
3515 2548 3681 2602 opent

2090 2625 2485 2685 exspectantes.

2162 2793 2327 2851 Vens.
2371 2799 2423 2852 5.
2476 2816 2494 2849 ι
2534 2797 2716 2855 Sitivit
2748 2802 2929 2857 anima
2979 2818 3099 2857 mea
3133 2803 3217 2883 ad.
3235 2802 3404 2859 Deum
3452 2804 3675 2871 fortem,

2090 2889 2272 2943 vivum
2303 2908 2315 2944 :
2342 2891 2564 2961 quando
2589 2893 2825 2958 veniam,
2860 2905 2911 2950 et
2942 2897 3271 2967 comparebo
3305 2908 3433 2953 ante
3465 2895 3674 2954 faciem

2091 2979 2227 3035 Dei?
2258 2999 2276 3033 ›
2312 2980 2509 3053 Cupio,
2546 2983 2744 3055 inquit,
2782 2996 2837 3042 et
2877 2988 3006 3043 sitio
3048 2990 3259 3045 cultum
3303 2989 3395 3045 Dei
3428 2990 3537 3045 mei
3588 2989 3676 3045 vi-

2089 3073 2287 3129 ventis.
2322 3072 2457 3130 Nam
2488 3093 2790 3147 comparere
2813 3088 2935 3133 ante
2961 3081 3152 3149 facient
3191 3082 3309 3146 Dei,
3348 3082 3485 3137 nihil
3526 3082 3677 3137 aliud

405 3172 505 3211 ναι
535 3156 554 3188 ⁸
580 3155 661 3222 τῷ
687 3158 988 3227 προσώπῳ
1021 3159 1128 3214 τοῦ
1160 3160 1331 3224 Θεοῦ,
1357 3159 1417 3213 τὸ
1441 3158 1724 3230 λατρεύειν
1754 3162 1774 3191 ¹
1802 3159 1948 3230 αὐτῷ
1969 3160 1989 3192 ³

2096 3165 2250 3233 dicit,
2286 3182 2448 3238 quam
2475 3168 2654 3239 ipsum
2684 3172 2987 3226 secundum
3016 3173 3187 3242 legem
3217 3173 3398 3229 colere
3429 3192 3441 3228 :
3477 3174 3673 3243 hujus-

408 3249 552 3303 κατὰ
578 3250 671 3303 τὸν
703 3251 867 3322 νόμον
905 3251 1081 3320 λέγει·
1111 3254 1178 3323 τῇ
1212 3252 1269 3305 δὲ
1310 3252 1665 3324 Ἰερουσαλὴμ
1698 3253 1731 3323 ὴ
1766 3252 1989 3323 τοιαύτη

410 3342 774 3414 περιώρισται
806 3345 827 3375 ⁸
858 3342 1106 3415 λατρεία.
1153 3344 1265 3399 Καὶ
1294 3343 1467 3397 ταῦτα
1498 3343 1520 3375 ⁸
1550 3344 1611 3397 οὐ
1642 3345 1800 3415 μόνος
1831 3345 1860 3397 6
1889 3361 1994 3413 μα-

408 3433 605 3505 κάριος
632 3434 653 3467 ⁸
680 3434 927 3490 διδάσκει
955 3436 1183 3505 Μωσῆς,
1234 3435 1371 3490 ἀλλά
1410 3435 1504 3489 καὶ
1542 3438 1589 3488 οἱ
1622 3437 1771 3506 τρεῖς
1816 3435 1995 3505 μακά-

412 3544 519 3600 ριοι
565 3528 587 3562 τ
633 3529 930 3600 μάρτυρες,
975 3529 1245 3595 Ἀνανίας,
1294 3526 1570 3599 Ἀζαρίας,
1622 3529 1712 3582 καὶ
1752 3524 1993 3598 Μιζαὴλ,

412 3620 473 3672 ἐν
507 3622 569 3692 τῇ
610 3621 829 3692 καμίνῳ
862 3621 955 3674 τὸν
992 3621 1127 3675 Θεὸν
1160 3619 1590 3684 ἀντιϐολοῦντες.
1626 3620 1789 3674 Μάλα
1812 3620 1869 3673 δὲ
1898 3620 1996 3690 ἀρ⁴

414 3710 613 3781 μοδίως
661 3713 919 3783 ἰσχυρὸν
953 3713 1047 3767 καὶ
1096 3712 1281 3773 ζῶντα
1326 3713 1416 3766 τὸν
1463 3711 1597 3765 Θεὸν
1644 3712 1994 3783 ὀνομάζουσι,

407 3805 524 3867 τοῖς
555 3805 787 3877 ἀψύχοις
818 3809 910 3860 καὶ
943 3807 1225 3877 ἀκινήτοις
1254 3805 1362 3859 τῶν
1393 3805 1415 3837 ⁸
1451 3804 1808 3859 Βασυλωνίων
1841 3806 1998 3860 εἰδώ-

409 3897 523 3961 λοις
554 3900 915 3969 προσέχοντες
943 3900 984 3953 θ.

483 3992 549 4054 δ’,
601 3991 663 4046 ε’.
726 4010 745 4042 ι
816 3990 1078 4062 Ἐγενήθη
1134 3992 1202 4043 τὰ
1244 3990 1455 4061 δάκρυά
1506 4006 1607 4059 μου
1660 3990 1783 4059 ἐμοὶ
1832 3990 1999 4061 ἄρτος

410 4085 630 4158 ἡμέρας
662 4087 755 4139 καὶ
793 4085 1022 4148 νυκτός·
1074 4087 1130 4136 ἐν
1164 4082 1242 4153 τῷ
1288 4080 1543 4151 λέγεσθαί
1591 4097 1681 4151 μοι
1709 4079 1831 4134 καθ’
1867 4080 1994 4133 ἑκά-

412 4191 550 4247 στην
578 4176 815 4246 ἡμέραν,
840 4174 944 4228 ποῦ
977 4175 1126 4228 ἐστιν
1155 4176 1184 4228 ὀ
1230 4172 1362 4237 Θεός
1409 4189 1540 4239 σου;
1594 4171 1782 4226 Ταῦτα
1824 4171 1996 4243 ἐμνήο

412 4267 572 4338 σθην,
622 4268 718 4321 καὶ
764 4267 953 4338 ὲξέχεα
997 4266 1084 4320 ἐπ’
1133 4266 1234 4337 ἐμὲ
1266 4265 1363 4336 τὴν
1394 4263 1573 4336 ψυχήν
1627 4281 1751 4335 μου.
1810 4280 1831 4315 ι
1882 4261 1997 4317 Νύ-

413 4377 565 4432 κτωρ
599 4361 665 4425 “,
695 4361 851 4431 φησὶ,
883 4360 979 4413 καὶ
1016 4359 1135 4429 μεθ’
1169 4358 1383 4430 ἡμέραν
1411 4357 1808 4429 ὀλοφυρόμενος
1835 4354 1998 4426 κόρον

411 4453 516 4508 οὐκ
561 4452 774 4517 ἔλαϐον,
810 4451 926 4505 ἀλλ’
959 4446 1072 4506 οἷόν
1098 4469 1222 4506 τινα
1251 4450 1457 4524 τροφὴν
1502 4448 1764 4520 ποιοῦμαι
1805 4447 1873 4502 τά
1899 4447 1998 4501 δάο

2097 3259 2247 3314 modi
2305 3271 2490 3317 autem
2545 3263 2727 3317 cultus
2777 3262 3151 3336 Hierosolyma
3220 3266 3677 3337 circumscriptus

2096 3359 2234 3405 erat.
2278 3349 2347 3406 Et
2392 3352 2506 3407 lucc
2544 3368 2652 3407 non
2698 3354 2851 3410 solus
2899 3356 3090 3411 beatus
3115 3355 3309 3426 ,Moscs
3355 3358 3534 3422 docet,
3584 3357 3680 3411 sed

2097 3445 2262 3499 etiam
2298 3453 2409 3501 tres
2439 3445 2584 3501 beati
2616 3457 2884 3519 martyres
2911 3448 3174 3515 Ananias,
3206 3449 3454 3514 Azarias,
3489 3459 3545 3503 et
3573 3447 3676 3502 Mi-

2098 3536 2232 3599 sael,
2264 3534 2317 3590 in
2359 3537 2577 3592 camino
2616 3536 2787 3592 Deum
2820 3548 3126 3609 precantes.
3184 3539 3493 3594 Admodum
3542 3556 3683 3594 cou-

2098 3626 2260 3683 cinne
2313 3637 2496 3684 autem
2552 3629 2742 3699 fortem
2801 3640 2855 3685 et
2907 3632 3080 3685 vivum
3132 3632 3300 3687 Deum
3350 3631 3680 3693 ttmninant,

2099 3720 2167 3774 ad
2223 3719 2524 3774 inauimata
2578 3730 2632 3775 et
2692 3722 2993 3776 immobilia
3045 3721 3469 3792 Babyloniorum
3534 3722 3679 3776 idola

2099 3819 2433 3880 spectantes.

2074 3974 2101 4031 ί
2170 3984 2335 4040 Vens.
2365 3987 2420 4049 4,
2451 3986 2502 4040 5.
2562 4006 2580 4038 ι
2620 3985 2863 4043 Fuerunt
2904 3989 3040 4043 mihi
3068 3992 3084 4011 '
3116 3989 3368 4060 lacrymm
3404 4005 3539 4044 meae
3580 4006 3680 4059 pa-

2099 4092 2196 4132 nes
2242 4077 2331 4132 die
2355 4091 2419 4132 ac
2453 4086 2632 4143 nocte,
2666 4077 2797 4132 dum
2830 4079 3031 4135 dicitur
3071 4080 3208 4134 mihi
3254 4081 3540 4151 quotidie:
3580 4082 3679 4137 Ubi

2100 4178 2185 4225 est
2221 4167 2365 4223 Deus
2402 4167 2572 4224 tuus?
2616 4168 2743 4225 Haec
2774 4171 2941 4242 872
2973 4172 3296 4228 recordatus
3335 4188 3480 4237 sum,
3514 4184 3568 4228 et
3598 4174 3680 4229 ef-

2100 4259 2215 4316 fudi
2247 4261 2301 4315 in
2347 4275 2433 4315 me
2463 4260 2705 4316 animam
2756 4277 2959 4318 meam.
3001 4281 3021 4314 ι
3059 4262 3182 4319 Dies
3228 4274 3548 4335 noctesque,
3583 4265 3678 4329 ait,

2101 4353 2318 4422 lugendi
2352 4353 2576 4409 satietas
2595 4369 2880 4426 nunquam
2900 4355 3044 4426 cepit
3060 4370 3166 4423 me,
3189 4360 3282 4412 sed
3305 4357 3469 4412 veluti
3494 4373 3687 4428 quem-

2101 4445 2226 4501 dam
2268 4445 2452 4501 cibum
2483 4446 2756 4519 lacrymas
2786 4447 2954 4517 facio,
2986 4464 3109 4503 cum
3143 4459 3365 4521 propter
3394 4460 3445 4506 te
3476 4466 3682 4522 oppro-

413 4563 579 4616 κρυα,
609 4545 686 4616 ξτά
711 4547 840 4617 περὶ
884 4545 979 4599 σοῦ
1015 4545 1193 4617 ὀνείδη
1228 4543 1538 4614 δεχόμενος.
1570 4544 1631 4596 Oi
1659 4542 1769 4613 γὰρ
1798 4541 1992 4612 δυσμε-

2103 4540 2219 4594 bria
2250 4538 2477 4609 recipio.
2502 4539 2702 4596 Hostes
2733 4541 2880 4596 enim
2911 4542 3160 4598 derident
3209 4558 3319 4607 me,
3369 4552 3520 4598 tuam
3575 4560 3681 4615 gu-

412 4638 526 4699 νεῖς
553 4634 954 4700 ὲπιτωθάξουσί
996 4653 1108 4705 μοι,
1142 4635 1241 4707 τὴν
1267 4635 1367 4705 σὴν
1396 4633 1722 4704 κηδεμονίαν
1757 4631 1999 4702 προσφέ-

414 4743 605 4798 ροντες
638 4730 714 4791 ὡς
742 4727 965 4798 ἀσθενῆ,
1006 4727 1103 4780 καὶ
1143 4728 1242 4797 τῆς
1270 4723 1452 4779 αὐτῶν
1488 4722 1681 4797 ῥώμης
1710 4722 2001 4793 περιγενέ-

415 4815 544 4871 σθαι
605 4817 684 4888 μὴ
741 4817 1089 4889 δυνηθεῖσαν.
1157 4817 1450 4889 Τοιγάρτοι
1509 4813 1684 4868 ταῦτα
1734 4813 2000 4884 διηνεκῶς

411 4907 786 4979 λογιζόμενος,
807 4908 1085 4963 ἄπαυστον
1110 4909 1150 4940 ¹¹
1180 4907 1288 4975 ἔχω
1316 4907 1407 4961 τὸν
1434 4906 1653 4977 θρῆνον.
1685 4904 1760 4957 Τὸ
1791 4904 1902 4975 γὰρ
1933 4905 1995 4967 ³⁸,

420 5016 444 5052 ι
494 5000 717 5072 Ἐξέχεα
745 5001 834 5054 ἐπ’
866 5002 967 5072 ἐμὲ
1007 5000 1105 5072 τὴν
1146 4999 1326 5070 ψυχήν
1370 5014 1493 5067 μου,
1547 5015 1565 5048 ι
1601 4994 1761 5049 τοῦτο
1799 4994 1997 5065 σημαί-

2105 4631 2482 4688 bet-nationem
2533 4631 2896 4702 proferentcs,
2942 4642 3003 4688 ut
3041 4633 3392 4699 imbecillem,
3454 4640 3507 4689 et
3560 4651 3681 4704 qua:

2103 4739 2297 4780 eorum
2325 4723 2566 4794 potentia
2597 4725 2850 4794 superior
2876 4739 2999 4780 esse
3030 4740 3140 4780 non
3179 4727 3436 4795 potuerit.
3468 4725 3682 4781 Idcirco

2103 4816 2363 4872 continue
2386 4816 2502 4873 haec
2525 4818 2773 4888 cogitans
2793 4816 2981 4887 lugere
3002 4832 3109 4872 non
3140 4818 3353 4874 desino.
3377 4818 3494 4875 Hoc
3514 4820 3681 4883 enim,

2109 4928 2128 4960 ι
2167 4907 2344 4964 Effudi
2376 4909 2542 4963 inme
2571 4909 2813 4963 animam
2848 4923 3051 4974 meam,
3091 4927 3110 4960 ι
3150 4910 3447 4981 significat,
3471 4910 3685 4967 effusus

2101 5012 2225 5053 sum
2254 5005 2310 5052 et
2337 5005 2648 5053 commotus
2676 4998 2729 5053 in
2758 4998 3014 5067 cjulatus.
3051 5016 3070 5051 ι
3110 4999 3381 5065 Quoniam
3436 5001 3683 5057 transibo

1530 5130 1767 5186 VARUE
1806 5129 2192 5187 LECTIONES
2233 5130 2319 5186 ET
2358 5130 2596 5187 NOTIE.

491 5253 538 5325 9‘
564 5252 931 5325 Θαυμάσιος.
949 5251 1097 5325 _cod.
1131 5249 1168 5303 2
1207 5250 1371 5325 θεῖος,

1448 5248 1491 5322 ετ
1529 5246 1877 5322 ΚαιηΑιηει
1912 5262 1948 5322 a
1964 5246 2093 5322 cod.
2124 5247 2150 5301 ι
2182 5260 2235 5303 et
2267 5248 2367 5322 5.__
2400 5247 2598 5322 good.
2646 5250 2699 5322 ι,
2730 5247 2767 5322 2
2791 5250 3065 5322 Mtcaﬁk._
3110 5251 3161 5283 ιο
3187 5252 3253 5306 ’Δ

3294 5248 3435 5319 κρῆς
3473 5249 3594 5319 φάο
3625 5251 3680 5305 1ο

417 5325 457 5380 2
483 5324 633 5395 ἄχρι.
687 5316 753 5356 ’νο
793 5316 1242 5395 Ῥήγθῆιςᾳιζεοώ
1266 5319 1314 5391 2,
1339 5317 1595 5395 ἡσθῆναι.
1646 5318 1742 5395 -"_
1760 5318 1885 5373 cod.
1919 5318 1956 5370 ‘2
1983 5318 1992 5368 ὁ

2095 5333 2298 5395 ’σκεα-
2325 5318 2373 5395 ’ξ
2401 5317 2554 5395 τινα..
2588 5320 2771 5395 ced._1
2797 5329 2861 5395 _et
2904 5321 2938 5395 ῗι
2963 5316 3173 5395 addunt
3394 5317 3440 5350 ’³
3471 5316 3673 5395 ημος.

418 5387 607 5453 θούῗὸ
630 5408 816 5465 praem.
843 5387 926 5446 τό.
961 5387 970 5390 ⁷
1002 5391 1051 5422 ’⁵
1080 5387 1442 5459 Συμςοοραῒς.
1475 5387 1534 5442 In
1562 5387 1680 5443 cod.
1710 5389 1747 5441 2
1776 5403 1983 5456 sequuti

420 5468 487 5493 ..Α
520 5480 641 5493 ...ι-..ι
692 5466 726 5493 ο
751 5462 993 5493 ηυιιιι...ςο
1090 5462 1136 5493 ﬂ
1167 5460 1500 5493 ἰιηιίωοηιηηι
1557 5458 1657 5493 and
1718 5458 1738 5493 1
1771 5457 1992 5493 ὶηιίρηηη

2104 5388 2229 5451 ista,
2260 5387 2701 5453 Βαϐυλωνίοιςσ-
2725 5388 2877 5442 θείαν
2908 5392 2971 5458 ρο

2114 5457 2160 5489 u
2186 5458 2286 5493 ma
2340 5459 2362 5493 ι
2415 5458 2576 5493 επις..
2672 5458 2716 5491 ιτ
2756 5459 2869 5493 νινε..
2902 5463 2971 5493 ιη,

418 5468 489 5520 ad
520 5457 665 5521 vers.
692 5466 729 5520 2
749 5462 1030 5544 exhibuitz
1090 5462 1136 5493 ’⁸
1166 5457 1525 5580 cpia-egeat.
1557 5458 1683 5537 eod:
1718 5458 1740 5510 1
1771 5457 1992 5525 ὲφίεσθα

421 5535 603 5598 Alex.,
634 5536 783 5591 deest
813 5543 992 5587 autem
1017 5547 1072 5585 tn
1106 5532 1229 5585 cod.
1310 5539 1458 5598 attc.
1516 5529 1561 5561 ⁸⁸
1596 5531 1850 5592 Ζωντος.
1879 5527 1991 5598 Cod

2114 5457 2160 5489 "
2186 5458 2310 5513 cod.
2340 5459 2365 5511 1
2415 5458 2597 5530 διψῇν.
2672 5458 2716 5491 ’⁷
2756 5459 2869 5513 Τὸν
2900 5457 3179 5529 ίσχυρόιὶ.
3203 5459 3436 5512 Additur
3467 5458 3521 5510 in
3552 5460 3677 5511 cod.

2095 5534 2198 5582 tres
2231 5531 2371 5598 Aug.
2395 5528 2568 5592 ὄντος.
2598 5530 2722 5585 cod.
2749 5530 2783 5583 '5
2821 5529 2973 5584 addit
3000 5531 3095 5582 καὶ
3122 5527 3369 5598 δυνατοῦ.
3448 5528 3495 5598 ’_’
3524 5530 3677 5581 Μου.

421 5596 606 5681 Abest
633 5621 664 5660 a
709 5603 918 5681 cod._1,
958 5601 1013 5656 2.
1076 5600 1110 5681 ξ
1141 5597 1700 5681 οοιι..2“ὀφθῄσομαι.
1759 5599 1796 5681 ’³
1820 5596 1943 5681 eod".

2095 5596 2385 5681 ,αξρεῦσαα
2465 5599 2485 5630 ³
2510 5599 2640 5681 cod.
2687 5601 2712 5655 1
2766 5600 2951 5681 αὐτόν.
3029 5597 3279 5681 ⁵οριί.Α5
3321 5596 3576 5681 περιώρις

1265 5670 1287 5701 ι
1316 5666 1652 5740 Μακάριοξ,
1674 5667 1794 5740 cod.
1827 5667 1862 5740 2
1909 5666 1992 5740 θεῖ

2149 5668 2166 5697 ⁷
2192 5669 2314 5722 cod.
2350 5670 2373 5722 1
2415 5677 2469 5723 et
2509 5671 2544 5724 3
2568 5671 2982 5740 τρισμακάριοι.
3039 5667 3161 5740 cod.
3208 5667 3246 5740 9..
3272 5668 3441 5737 τρεῖς,
3469 5668 3680 5740 omisso

421 5535 603 5602 Μυκη
634 5536 783 5591 deest
813 5543 992 5602 autem
1017 5532 1072 5585 in
1097 5532 1229 5602 cod.

434 5674 630 5730 'codd.
665 5683 775 5729 tres
818 5674 957 5743 Aug.
1012 5668 1187 5743 ’τοῦτοτ

2977 5390 3107 5462 πὴν,
3132 5405 3254 5460 quae
3271 5388 3684 5462 _Sirm._dcinde

2114 5457 2160 5489 "
2186 5458 2310 5513 cod.
2340 5459 2365 5511 1
2413 5458 2597 5530 διψῇν.
2672 5458 2716 5491 ’⁷
2756 5459 2869 5513 Τὸν
2900 5457 3179 5530 ίσχυρόιὶ.
3203 5458 3521 5530 Additurin
3552 5460 3678 5511 cod.

3029 5597 3194 5652 ‘cod.
3243 5597 3279 5650 5
3321 5596 3676 5666 περιώριστο.

425 5753 690 5824 sequente
721 5735 1004 5824 μακαρῖοι.
1033 5740 1102 5824 ,⁸
1133 5738 1481 5824 ΐξῶιίκΑιωει
1506 5738 1679 5794 a-cod.
1793 5739 1869 5824 η’·
1887 5739 1992 5824 [let

2095 5754 2329 5824 κοντοςἒ
2355 5741 2472 5824 cod.
2507 5735 2757 5824 inﬁrmi-Il.
2794 5735 3017 5824 ἥκισξα.
3095 5737 3139 5769 ⁹⁹
3165 5735 3410 5805 Νύκτωρ
3437 5764 3506 5776 -
3538 5736 3677 5805 θρῆ-

426 5811 561 5873 νοᾶο.
621 5811 743 5871 Des.
798 5811 1084 5867 incedit}.

1166 5812 1204 5842 "
1241 5810 1609 5864 Ἂπαυστον.
1647 5808 1768 5865 cod.
1793 5806 1828 5861 2
1877 5807 1971 5862 ἀπ’
2006 5808 2206 5862 αὐτῶν.
2289 5809 2502 5878 ¹²,ιίίρ.
2538 5806 2659 5866 Des.
2687 5810 2739 5867 in
2774 5806 2896 5865 cod.
2922 5809 2977 5865 5.
