4108 6406
476 358 616 423 1ἱ75

1494 360 1989 421 TlIEODORETI
2009 362 2353 424 EPISCOPI
2372 365 2742 425 CYRENSIS

3627 364 3768 431 1175

475 471 667 526 melior
710 470 785 525 illi
818 470 1098 525 :salutare
1145 469 1331 524 vultus
1363 471 1493 529 mei.
1542 479 1597 524 et
1640 469 1783 525 Deus
1819 485 1992 526 meus.
2036 490 2054 523 ι

2168 472 2472 545 λογὴσομαι
2521 474 2689 546 αὐτῷ,
2741 478 3011 548 σωτήριον
3059 475 3103 507 ⁸⁸
3151 474 3246 528 τοῦ
3282 476 3579 546 προσώπου
3633 496 3763 548 μου,

473 562 644 634 876
673 563 748 617 Ne
778 563 1054 632 desperes,
1082 563 1283 633 inquit,
1318 578 1350 617 ο
1378 565 1588 629 anima,
1626 564 1693 617 de
1717 563 1920 619 salute.
1957 563 2063 618 lla-

476 659 572 713 bes
620 656 765 711 enim
822 653 1165 710 Salvatorem
1205 656 1397 719 Deum,
1451 656 1610 725 cujus
1659 671 1812 726 spem
1848 656 2060 710 firmam

475 750 702 816 habens,
737 750 1027 817 exstingue
1059 763 1376 813 mmrorem,
1417 759 1471 803 et
1502 749 1690 817 accipe
1730 749 2062 804 consolatio-

474 857 619 897 nem.

880 975 1155 1031 INTERP.
1189 974 1445 1031 PSALMI
1476 973 1641 1028 XLII.

550 1091 714 1147 Vens.
757 1094 811 1147 1.
844 1111 862 1143 ι
906 1091 1165 1146 Psalmns
1202 1091 1418 1147 Davidi.
1458 1090 1586 1145 Sine
1625 1090 1787 1145 titulo
1815 1091 2061 1160 estapnd

474 1177 754 1236 Hebraeos.
786 1178 981 1236 Judica
1014 1194 1100 1236 me
1125 1219 1142 1245 ,
1186 1196 1220 1235 o
1262 1178 1407 1236 Deus
1431 1222 1446 1246 ,
1492 1190 1547 1234 et
1588 1180 1805 1235 vindica
1837 1196 2061 1235 causam

474 1288 650 1329 meam
672 1291 700 1327 a
722 1282 882 1345 gente
905 1288 1015 1328 non
1041 1282 1253 1338 sancta,
1272 1273 1341 1327 ab
1362 1273 1587 1327 homine
1605 1272 1794 1342 iniquo
1809 1272 2064 1328 etdoloso

474 1380 608 1420 erue
649 1381 754 1419 mc.
791 1384 808 1415 ›
848 1364 981 1421 Sine
1027 1365 1185 1420 titulo
1215 1374 1297 1420 est
1329 1366 1473 1434 apud
1514 1363 1771 1420 llebrtcos
1820 1364 2063 1434 psalmus

478 1458 587 1523 hic,
620 1466 881 1527 tanquam
904 1457 1159 1512 eumdem
1190 1471 1418 1512 sensum
1452 1456 1683 1523 habens,
1721 1471 1886 1527 quem
1921 1471 2063 1527 pra:-

476 1551 698 1605 cedens.
742 1549 1050 1606 Obsecrant
1112 1559 1294 1606 autem
1342 1549 1511 1605 Deum
1548 1551 1620 1612 ii,
1667 1550 1763 1620 qui
1808 1549 2063 1620 superius

475 1643 642 1699 verba
682 1643 953 1711 fecerunt,
1003 1654 1063 1699 ut
1079 1644 1249 1713 judex
1283 1644 1349 1699 sit
1383 1645 1527 1699 inter
1555 1644 1702 1714 ipsos
1734 1652 1790 1698 et
1830 1642 2062 1713 Babylo-

480 1735 622 1799 nios,
655 1734 747 1805 qui
776 1734 942 1789 multa
966 1735 1288 1791 crudelitate
1305 1744 1361 1791 et
1380 1735 1555 1790 l‘erina
1579 1745 1760 1790 mente
1784 1736 1866 1790 usi
1881 1744 2058 1790 erant.

2168 566 2263 618 καὶ
2309 567 2337 620 ὁ
2389 565 2520 630 Θεός
2576 585 2702 637 μου.
2764 586 2782 621 ι
2835 567 2927 638 Μὴ
2975 566 3328 639 ἀπαγορεύῃς
3374 568 3445 635 ⁸⁷,
3489 570 3677 639 φησὶν.
3714 562 3764 625 ὦ

2167 654 2335 726 ψυχὴ,
2385 657 2487 728 τὴν
2518 658 2822 728 σωτηρίαν·
2873 658 3018 729 ἔχεις
3063 658 3173 730 γὰρ
3219 659 3451 729 Σωτῆρα
3487 659 3651 713 Θεόν*
3696 654 3763 715 οὗ

2169 752 2266 823 τὴν
2291 752 2483 807 ἒλπίδα
2508 756 2823 825 κεκτημένη
2857 754 3107 825 βεϐαίαν,
3143 753 3339 807 σϐέσον
3366 754 3466 824 τὴν
3494 752 3760 825 ἀθυμίαν,

2168 845 2264 896 καὶ
2291 843 2439 911 δέξαι
2474 847 2828 918 παραψυχήν.

2486 936 2749 1035 ΕιῖΜιιΝ.
2787 981 2923 1035 ΤΟΥ
2960 980 3075 1034 MB’
3113 980 3435 1034 ΨΔΛΜΟΥ.

2239 1100 2308 1145 α’.
2351 1113 2370 1144 ι
2414 1094 2646 1164 Ψαλμὸς
2696 1093 2773 1165 τῷ
2803 1094 2989 1151 Δαϐίδ.
3035 1094 3438 1166 Ἀνεπίγραφος
3483 1095 3611 1165 παρ’
3664 1094 3758 1150 Ἐ-

2168 1186 2401 1256 ϐραίοις.
2432 1188 2631 1257 Κρῖνόν
2655 1205 2747 1258 μοι
2771 1188 2838 1253 ⁸⁸,
2866 1190 2893 1242 ὁ
2917 1186 3073 1251 Θεὸς,
3102 1188 3198 1241 καὶ⁸
3226 1186 3451 1241 δίκασον
3469 1187 3567 1258 τὴν
3595 1188 3756 1261 δίκην

2168 1295 2272 1343 μου
2318 1276 2378 1343 ἐξ
2422 1278 2613 1342 ἔθνους
2657 1280 2756 1349 οὐχ
2787 1278 2963 1343 ὁσίου,
3011 1277 3121 1331 ἀπὸ
3149 1276 3442 1349 ἀνθρώπου
3489 1279 3534 1311 ⁸⁸
3564 1278 3755 1333 ἀδίκου

2166 1368 2261 1421 καὶ
2313 1366 2490 1421 δολίου
2539 1368 2699 1437 ῥῦσαί
2754 1386 2843 1439 με.
2903 1387 2922 1420 ι
2991 1368 3396 1438 Ἀνεπίγραφός
3442 1368 3489 1400 ⁷⁸
3528 1368 3679 1423 ἐστιν
3728 1372 3761 1426 δ

2165 1459 2378 1529 ψαλμὸς
2412 1460 2543 1532 παρ’
2584 1461 2883 1532 Ἑϐραίοις,
2911 1462 2987 1524 ὼς
3012 1462 3113 1533 τὴν
3141 1461 3313 1532 αὐτὴν
3343 1461 3484 1532 ἔχων
3511 1461 3594 1533 τῷ
3623 1479 3761 1533 προ-

2166 1552 2490 1623 τετατμένῳ
2516 1553 2778 1608 διάνοιαν.
2809 1553 3183 1607 ’Δντιϐολοῦσι
3228 1555 3287 1608 δὲ
3319 1555 3364 1586 ⁷¹
3405 1556 3498 1608 τὸν
3537 1554 3674 1609 Θεὸν
3704 1548 3769 1609 οἷ

2166 1646 2291 1708 τοὺς
2323 1647 2761 1716 προειρημένους
2791 1649 3155 1718 ποιησάμενοι
3202 1647 3397 1716 λόγους
3434 1649 3503 1710 ⁷⁸,
3532 1647 3757 1701 δικάσαι

2168 1737 2353 1800 αὐτοῖς
2385 1739 2479 1791 καὶ
2507 1737 2896 1803 Βαϐυλωνίοις,
2927 1739 3173 1809 ὠμότητι
3197 1740 3245 1771 ⁷³
3273 1738 3442 1810 πολλῇ
3471 1740 3518 1772 ⁷⁸
3548 1757 3758 1810 κεχρη-

478 1828 685 1883 Idcirco
727 1828 874 1897 ipsos
908 1836 1116 1900 gentem
1145 1846 1249 1882 non
1279 1840 1521 1883 sanctam
1551 1829 1859 1893 nominant,
1894 1839 2060 1899 alque

2168 1828 2375 1898 μένοις,
2406 1830 2501 1880 καὶ
2528 1828 2789 1899 θηριώδει
2834 1828 3052 1900 γνώμῃ.
3096 1830 3187 1881 Διὸ
3221 1829 3268 1861 ⁷⁵
3299 1830 3397 1882 καὶ
3437 1830 3620 1896 ἔθνος
3651 1830 3756 1883 αὐ·-

475 1921 639 1974 otinm
667 1936 861 1976 eorum
913 1937 1095 1992 regem
1134 1924 1397 1977 hominem
1437 1923 1685 1978 dolosam
1716 1932 1765 1976 et
1791 1924 2057 1993 iniquum.

479 2014 604 2069 llaec
623 2030 752 2069 vero
775 2014 939 2070 etiam
963 2016 1030 2070 de
1060 2015 1155 2070 illo
1179 2016 1466 2086 prephctia
1495 2016 1835 2072 admirabilis
1865 2016 2062 2071 Danie-

479 2107 542 2159 iis
573 2106 750 2161 docet.

546 2308 710 2363 Vens.
743 2308 798 2364 2.
836 2327 853 2358 ι
883 2307 1020 2373 Quia
1053 2318 1107 2362 tu
1137 2324 1219 2372 es,
1252 2307 1417 2372 Deus,
1443 2306 1704 2362 fortitudo
1732 2322 1873 2368 mea,
1894 2320 2062 2374 quare

477 2416 562 2454 me
593 2400 860 2469 rcpttlisti,
887 2408 941 2453 ct
967 2414 1136 2469 quare
1165 2398 1338 2455 tristis
1361 2397 1576 2463 incedo,
1606 2392 1734 2451 dum
1762 2396 1950 2467 aﬂligit
1977 2413 2062 2450 me

475 2490 771 2546 inimicus?
818 2508 836 2541 ι
874 2491 1102 2548 Easdem
1151 2506 1345 2544 rursus
1371 2504 1560 2559 preces
1603 2487 1860 2553 offerunt,
1899 2488 2062 2543 obsc-

476 2590 698 2636 crantcs
725 2588 783 2635 ut
805 2581 874 2635 ab
899 2581 1139 2635 hostium
1170 2580 1469 2634 acerbitate
1490 2579 1813 2639 liberentur.
1840 2587 2062 2648 propter

474 2690 639 2745 quam
692 2674 877 2730 tristes
911 2682 965 2727 ct
1001 2672 1182 2728 mtesti
1237 2686 1458 2740 semper
1495 2679 1672 2724 erant.
1724 2667 1839 2724 lloc
1877 2680 2059 2723 autem

473 2780 637 2833 quare
685 2779 788 2818 non
853 2773 1115 2833 tanquam
1154 2763 1504 2833 increpantes
1542 2762 1751 2823 dicunt,
1805 2760 1897 2814 sed
1939 2768 2062 2813 tan-

473 2872 638 2926 quam
674 2856 773 2924 ipsi
805 2856 1102 2925 participes
1130 2854 1358 2908 minime
1384 2851 1591 2906 fuerint
1616 2850 1849 2904 aliorum
1874 2858 2063 2904 trans-

477 2949 805 3017 gressionis,
839 2957 1040 3002 etcum
1067 2948 1177 3002 illis
1204 2944 1449 3007 destituti
1482 2942 1587 2997 sint
1608 2943 1790 2996 divina
1826 2946 1843 2964 ‘
1879 2941 2063 3011 provi-

474 3041 681 3106 dentia,
729 3055 1078 3095 communem
1103 3048 1283 3093 tamen
1319 3051 1418 3106 pro
1441 3033 1700 3089 omnibus
1723 3033 2062 3089 obsecratio-

475 3150 601 3189 nem
635 3134 895 3188 oﬂ'erunt.

545 3247 717 3302 Vens.
754 3250 808 3303 ὅ.
846 3265 860 3298 ι
892 3248 1091 3302 Emitte
1114 3245 1477 3316 877lueem
1500 3251 1747 3306 tuam,et
1783 3243 2063 3297 veritatem

477 3349 629 3394 tuam
661 3341 811 3408 :ipsa
852 3353 939 3392 me
964 3338 1337 3401 deduxerunt,
1366 3346 1421 3391 ct
1452 3336 1800 3389 adduxerunt
1822 3328 1882 3388 in
1910 3350 2067 3388 mon-

479 3441 591 3485 tem
632 3440 887 3485 sanctum
926 3439 1103 3495 tuum,
1136 3439 1188 3483 ct
1232 3430 1284 3482 in
1345 3428 1694 3482 tabernacula
1736 3436 1847 3481 tua.
1889 3444 1906 3478 ι
1952 3424 2067 3481 lloc

480 3526 538 3581 in
596 3524 719 3579 loco
756 3523 1116 3594 Septuaginta
1178 3532 1392 3591 tempus
1443 3529 1745 3585 mutarunt,
1781 3529 1835 3575 et
1881 3519 2064 3574 futura

481 3632 743 3689 tanquam
773 3616 1046 3688 prtetcrita
1077 3615 1354 3670 dixerunt.
1391 3613 1493 3668 Alii
1528 3625 1709 3666 autem
1747 3611 2064 3668 distinctius

479 3712 820 3782 interpretati
856 3719 1017 3766 sunt:
1046 3729 1063 3759 ‹
1092 3707 1289 3761 Emitte
1308 3708 1485 3762 lucem
1506 3715 1677 3772 tuam,
1702 3714 1755 3760 et
1782 3704 2062 3759 veritatem

480 3817 655 3873 tuam,
680 3822 802 3876 qua:
826 3804 1096 3858 deducent
1117 3817 1222 3867 me,
1239 3810 1293 3857 ct
1313 3799 1585 3854 adducent
1605 3799 1659 3852 in
1680 3805 1923 3851 montem
1947 3811 2068 3852 san-

478 3913 626 3960 ctum
659 3911 835 3967 tuum,
863 3912 917 3957 ct
940 3901 990 3955 in
1017 3897 1367 3956 tabernacula
1401 3904 1513 3950 tua.
1539 3914 1557 3947 ι
1595 3894 1787 3949 Divina
1815 3908 1915 3963 ope
1938 3907 2064 3961 per-

477 3996 589 4058 frui
626 3995 874 4067 supplico
911 4012 923 4048 :
953 4009 1049 4064 per
1083 3991 1226 4046 hanc
1257 3990 1402 4045 enim
1442 3986 1556 4042 ﬁeri
1584 3995 1782 4057 potest,
1810 3994 1869 4039 ut
1909 4000 1938 4038 a
1967 3984 2067 4037 du-

478 4089 704 4146 rissima
742 4085 1010 4142 servitute
1037 4082 1260 4147 liberer,
1311 4090 1365 4135 et
1416 4079 1468 4133 in
1518 4087 1802 4148 paternam
1854 4086 2058 4131 terram

478 4190 749 4249 revertar,
784 4189 839 4235 et
873 4178 927 4233 in
979 4184 1302 4233 consecrato
1334 4174 1537 4245 templo
1570 4180 1896 4228 consuetum
1935 4169 2064 4224 cul-

483 4284 601 4335 tum
633 4269 885 4326 oll‘eram.
915 4263 1282 4321 Tabernacula
1319 4262 1467 4317 enim
1520 4259 1615 4314 Dei
1653 4257 1914 4324 templum
1966 4268 2067 4308 no-

482 4362 715 4419 minavit
746 4379 759 4416 :
795 4368 1027 4415 montem
1072 4373 1205 4413 vero
1252 4362 1519 4421 sanctum,
1581 4349 1842 4410 Sionem,
1899 4345 2068 4398 lucem

481 4466 666 4513 autem
703 4462 756 4509 et
798 4452 1095 4513 veritatem,
1131 4448 1336 4520 justam
1368 4452 1424 4499 et
1453 4444 1753 4499 salutarem
1787 4437 1880 4492 Dei
1903 4451 2070 4506 appa-

483 4548 760 4604 ritionem.
814 4544 950 4605 Nam
990 4537 1457 4615 quemadmodum
1497 4533 1739 4589 tenebras
1777 4528 2068 4586 calamita-

2164 1920 2292 1983 τοὺς
2333 1920 2589 1974 ἀνόσιον
2625 1919 2975 1989 ὀνομάζουσι,
3011 1921 3104 1973 καὶ
3152 1920 3252 1991 μὲν
3279 1920 3344 1991 δὴ
3377 1921 3472 1973 καὶ
3506 1921 3601 1973 τὸν
3629 1921 3755 1974 τοῦ·

2163 2028 2273 2065 των
2305 2010 2552 2081 βασιλέα,
2590 2012 2782 2079 ἄνδρα
2816 2011 3029 2066 δόλιόν
3072 2028 3136 2065 τε
3173 2012 3273 2065 καί
3306 2011 3537 2068 ἄδικον.
3566 2010 3758 2066 Ταῦτα

2163 2102 2221 2156 δὲ
2258 2103 2387 2172 περὶ
2433 2101 2600 2155 αὑτοῦ
2628 2102 2723 2155 καὶ
2753 2104 2786 2173 ή
2816 2102 2911 2155 τοῦ
2950 2101 3260 2173 Θαυμασὶου
3288 2102 3489 2174 Δανιὴλ
3535 2118 3758 2175 προφη-

2163 2191 2285 2244 τεία
2311 2190 2573 2245 διδάσκει.

2236 2303 2299 2371 β’.
2327 2322 2344 2355 ι
2359 2305 2479 2357 ’Ότι
2500 2304 2567 2355 σὺ
2581 2305 2651 2368 ⁷⁸,
2670 2306 2697 2357 ὁ
2717 2302 2872 2367 Θεὸς,
2892 2303 3225 2375 κραταιωμά
3244 2320 3369 2375 μου,
3388 2303 3528 2357 ίνατί
3546 2301 3757 2358 ἀπώσω

2167 2398 2319 2468 με,⁷⁷,
2353 2397 2449 2450 καὶ
2474 2398 2613 2450 ίνατὶ
2643 2397 3061 2469 σκυθρωπάζων
3104 2397 3417 2468 πορεύομαι
3451 2399 3510 2451 ἒν
3538 2396 3616 2467 τῷ
3662 2398 3755 2450 ὲκ-

2163 2489 2366 2543 θλίϐειν
2392 2489 2483 2542 τὸν
2506 2488 2700 2559 ἐχθρόν
2716 2490 2795 2555 ⁷⁸;
2817 2489 2986 2543 Πάλιν
3007 2489 3110 2559 τὴν
3131 2490 3360 2559 αὐτὴν⁷⁹
3379 2491 3756 2561 προσφέρουσι

2162 2583 2366 2653 δέησιν,
2397 2584 2760 2653 λιπαροῦντες
2785 2583 3171 2655 ἀπαλλαγῆναι
3191 2583 3294 2653 τῆς
3329 2583 3440 2636 τῶν
3474 2582 3756 2654 πολεμίων

2162 2673 2628 2745 ώμὸτητος,δι“ἢν
2646 2675 2690 2705 ⁸⁸
2712 2675 3032 2745 σκυθρωποὶ
3048 2675 3140 2728 καὶ
3171 2676 3437 2744 κατηφεῖς
3465 2669 3609 2741 ἦσαν
3640 2674 3752 2730 ἀεί.

2162 2767 2237 2819 Τὸ
2274 2766 2354 2832 δὲ,
2391 2767 2568 2832 ίνατί,
2599 2766 2700 2836 οὐχ
2730 2767 2805 2829 ὡς
2835 2766 3196 2835 ἐγκαλοῦντες
3231 2768 3502 2835 λέγουσιν,
3536 2766 3651 2820 ἀλλ’
3679 2766 3756 2831 ὡς

2164 2858 2317 2912 αὐτοὶ
2346 2858 2446 2926 τῆς
2475 2857 2584 2909 τῶν
2614 2858 2792 2913 ἄλλων
2819 2860 3164 2929 παρανομίας
3190 2860 3250 2912 οῦ
3287 2860 3753 2931 κοινωνήσαντες,

2164 2951 2261 3003 καὶ
2296 2951 2393 3005 σὺν
2417 2950 2652 3014 ἐκείνοις
2684 2952 2884 3022 ἔρημοι
2927 2951 3028 3021 τῆς
3057 2952 3266 3006 ἄνωθεν
3298 2953 3557 3023 προνοίας
3599 2954 3757 3022 γενό-

2167 3055 2321 3107 μενοι
2342 3056 2355 3069 ·
2407 3038 2592 3109 κοινὴν
2620 3039 2676 3092 δὲ
2702 3040 2853 3111 ὅμως
2884 3042 3023 3111 ὑπὲρ
3053 3042 3308 3095 ἁπάντων
3338 3042 3620 3097 ποιοῦνται
3655 3043 3757 3112 τὴν

2169 3131 2406 3183 ἱκετείαν
2432 3131 2499 3183 ⁸⁷.

2239 3250 2309 3313 γ’.
2358 3264 2376 3296 ι
2422 3244 2842 3309 Ἐξαπόστειλον
2866 3244 2930 3297 τὸ
2958 3244 3073 3313 φῶς
3104 3263 3217 3309 σου,
3246 3247 3340 3299 καὶ
3360 3249 3458 3316 τὴν
3491 3247 3758 3318 ἀλήθειάν

2171 3352 2288 3400 σου,
2324 3334 2466 3389 αὑτά
2488 3351 2557 3405 με
2574 3334 2885 3405 ώδήγησαν,
2901 3335 2994 3388 καὶ
3016 3334 3224 3405 ἧγαγόν
3254 3354 3323 3406 με
3345 3338 3423 3399 εἰς
3452 3335 3575 3407 ὖρος
3602 3338 3760 3406 ἅγιόν

2170 3446 2288 3494 σου,
2309 3428 2405 3481 καὶ
2428 3430 2509 3492 είς
2541 3427 2605 3482 τὰ
2626 3426 2962 3497 σκηνώματα
2980 3445 3094 3481 σου.
3121 3448 3139 3480 ι
3168 3428 3436 3483 Ἐνταῦθα
3454 3431 3543 3482 τὸν
3566 3432 3757 3503 χρόνον

2167 3520 2466 3593 ὲνήλλαξαν
2491 3522 2541 3574 οἱ
2574 3520 2993 3590 Ἐϐδομήκοντα,
3021 3519 3117 3575 καὶ
3139 3520 3214 3585 ὡς
3242 3520 3587 3591 γεγενημένα
3605 3522 3727 3593 είρή
3744 3552 3759 3565 ο

2169 3631 2300 3667 κασι
2329 3613 2399 3667 τὰ
2428 3613 2682 3683 ἐσόμενα.
2710 3614 2771 3665 Οἱ
2803 3612 2859 3665 δὲ
2888 3611 3036 3665 ἄλλοι
3064 3614 3403 3683 σαφεστέραν
3429 3613 3757 3683 εποιήσαντο

2168 3706 2269 3775 τὴν
2314 3704 2640 3775 ἑρμηνείαν’
2676 3723 2695 3755 ι
2729 3704 3080 3758 Ἀπόστειλον
3120 3705 3181 3757 τὸ
3206 3705 3320 3773 φῶς
3362 3722 3477 3771 σου,
3511 3704 3612 3758 καί
3640 3703 3756 3772 τὴν

2168 3795 2463 3863 ἀλήθειάν
2479 3813 2619 3862 σου,
2642 3795 2799 3850 ἅτινα
2816 3795 3073 3867 ὁδηγήσει
3111 3814 3200 3867 με,
3227 3798 3321 3849 καὶ
3355 3796 3473 3863 ἄξει
3502 3815 3571 3867 με
3599 3798 3645 3828 ⁸⁸
3673 3798 3756 3862 είς

2168 3888 2230 3941 τὸ
2247 3888 2373 3960 ὅρος
2404 3889 2465 3942 τὸ
2492 3888 2649 3957 ἆγιόν
2682 3905 2797 3954 σου,
2826 3889 2919 3942 καὶ
2939 3889 3015 3951 είς
3052 3889 3151 3952 τὰς
3175 3888 3477 3961 σκηνώσεις
3510 3908 3604 3944 σου
3627 3888 3695 3945 ⁸³.
3727 3908 3750 3944 »

2170 3977 2283 4047 Τῆς
2330 3976 2481 4041 Θείας
2511 3977 2557 4009 ⁸⁸
2600 3976 2923 4048 ἐπικουρίας
2960 3976 3271 4031 ἀπολαῦσαι
3321 3976 3368 4009 ⁸⁸
3413 3980 3753 4049 παρακαλῶο

2169 4070 2259 4125 διὰ
2298 4071 2503 4142 ταύτης
2538 4089 2605 4142 με
2634 4072 2678 4105 ⁸⁸
2707 4073 2815 4141 γὰρ
2843 4071 3069 4125 δυνατὸν
3105 4073 3199 4124 καὶ
3226 4075 3326 4144 τῆς
3349 4076 3554 4144 πικρᾶς
3584 4073 3758 4129 ἀπαλ-

2169 4162 2400 4235 λαγῆναι
2419 4162 2683 4227 δουλείας,
2709 4164 2801 4217 καὶ
2821 4165 2900 4225 είς
2922 4163 3019 4234 τὴν
3051 4163 3156 4233 γῆν
3180 4164 3281 4236 τὴν
3312 4165 3575 4236 πατρῴαν
3594 4168 3759 4219 ὲπαν-

2171 4254 2347 4308 ελοεῖν
2369 4254 2437 4320 ⁸⁷,
2471 4254 2566 4307 καὶ
2597 4255 2655 4307 ὲν
2679 4254 2756 4323 τῷ
2785 4255 3157 4326 ἁφιερωμένῳ
3187 4255 3297 4327 ναῷ
3334 4254 3761 4329 τὴννενομισμὲ-

2172 4364 2269 4416 νην
2301 4346 2564 4418 λατρείαν
2589 4349 3001 4417 προσενεγκεῖν.
3038 4347 3412 4417 Σκηνώματα
3442 4346 3554 4421 γὰρ
3584 4349 3693 4403 τοῦ
3715 4350 3759 4382 ⁸⁸

2175 4435 2345 4500 Θεοῦ,
2396 4435 2485 4488 τὸν
2540 4435 2666 4489 ναὸν
2718 4436 3199 4505 προσηγόρευσενο
3259 4437 3397 4505 ὄρος
3455 4437 3512 4490 δὲ
3568 4438 3760 4508 ἅγιον,

2173 4528 2272 4597 τὴν
2307 4526 2353 4558 ⁸⁸
2405 4524 2578 4580 Σιών’
2615 4527 2741 4595 φῶς
2792 4525 2849 4579 δὲ
2899 4527 2996 4581 καὶ
3043 4525 3357 4595 ἀλήθειαν,
3403 4528 3505 4599 τὴν
3547 4527 3762 4584 δικαίαν

485 4651 568 4702 tes
598 4648 898 4712 nuncupat,
927 4592 1024 4695 sit;l
1039 4636 1210 4691 lucem
1235 4630 1304 4686 ab
1330 4629 1419 4684 bis
1451 4626 1854 4682 liberationem.
1888 4621 2063 4677 Caete-

2176 4592 2271 4673 καὶ
2300 4618 2565 4689 σωτήριον
2616 4592 2960 4689 έπιφάνειαν.
2998 4592 3212 4688 Ὠσπερ
3243 4592 3352 4689 γὰρ
3394 4592 3621 4687 σκότος
3665 4621 3764 4684 τὰς

483 4749 606 4789 rum
637 4734 923 4790 veritatem
959 4741 1085 4787 cum
1114 4725 1238 4780 luce
1269 4720 1571 4794 postulant,
1604 4728 1866 4787 tanquam
1902 4728 2069 4783 expe-

487 4836 664 4883 tentes
687 4835 748 4882 ut
787 4827 937 4882 Deus
966 4819 1179 4893 judieet
1207 4816 1359 4887 ipsos
1387 4824 1443 4870 et
1470 4810 1825 4883 Babylonios,
1866 4814 1923 4862 et
1951 4820 2071 4860 ma-

486 4916 683 4975 nifesto
722 4922 963 4977 scientes
986 4911 1186 4975 Deum,
1215 4908 1261 4964 si
1315 4906 1546 4963 veritate
1574 4914 1629 4959 et
1664 4916 1772 4957 non
1806 4897 2071 4970 patientia

2178 4711 2465 4784 συμφορὰς
2502 4710 2781 4782 ὀνομάζει,
2832 4711 2977 4767 οὕτω
3025 4711 3151 4781 φῶς
3186 4711 3288 4782 τὴν
3331 4712 3538 4767 τούτων
3588 4713 3765 4768 ἀπαλ-

2177 4804 2373 4873 λαγήν.
2422 4804 2645 4858 Λίτοῦσι
2685 4805 2744 4857 δὲ
2787 4804 2926 4875 μετὰ
2962 4803 3059 4858 τοῦ
3107 4805 3284 4875 φωτὸς
3321 4803 3424 4876 τὴν
3465 4807 3762 4878 ἀλήθειαν*

2181 4898 2279 4952 ἆτε
2298 4896 2364 4967 δὴ
2392 4899 2577 4967 κρῖναι
2608 4898 2700 4952 τὸν
2724 4897 2857 4952 Θεὸν
2887 4897 3072 4961 αὐτοῖς
3104 4900 3198 4952 καὶ
3226 4897 3594 4964 Βαϐυλωνίοις
3623 4898 3769 4967 ἐξαι-

1615 5111 1847 5170 νΑιιιλΕ
1885 5109 2274 5168 LECTIONES
2311 5110 2399 5166 ET
2435 5109 2675 5166 ΝΟΤιίΕ.

562 5305 607 5337 ⁸⁸
634 5302 955 5370 Σωτήρων,
985 5298 1111 5370 cod.
1142 5291 1319 5370 Yatie.

1354 5294 1389 5362 ἡ
1418 5292 1683 5364 σωτηρία.
1762 5294 1806 5364 ⁸⁷
1835 5293 1960 5364 cod.
1993 5293 2045 5355 1,
2074 5292 2114 5364 2_
2141 5290 2556 5364 ἀπαγορεύσῃς.

2635 5285 2679 5319 ⁸⁸
2705 5286 2839 5339 Μοι.
2890 5284 3016 5342 cod.
3056 5282 3240 5339 Vatic.
3285 5300 3375 5350 με.
3453 5280 3500 5314 ⁸⁸
3528 5278 3768 5350 Ἀνθρῴ-

493 5347 1132 5439 πουλῖᾶῗξᾶνδρὸςῖξᾷ
1158 5347 1204 5396 ⁷⁸
1224 5347 1646 5439 ᾉπερίτραςρὸς
1672 5394 1739 5402 -
1764 5347 2059 5439 διάνοιαιά

2168 5377 2220 5439 ε1
2262 5347 2566 5439 i'n'cod."3.
2596 5355 2774 5439 popl.
2798 5356 2998 5439 Euseb.
3035 5356 3101 5409 ad
3132 5347 3513 5439 hune—locum.
3545 5422 3562 5439 Α
3585 5351 3634 5439 ⁷⁸
3658 5347 3765 5439 ᾼέ,

494 5446 664 5501 Abest
705 5460 734 5496 a
774 5441 896 5495 cod.
930 5440 982 5492 5.

497 5514 621 5569 cod.
659 5514 710 5566 1.
786 5511 831 5543 ⁷⁸
864 5508 988 5562 cod.
1015 5508 1050 5561 '5
1079 5503 1293 5569 διόπερ.

499 5587 557 5635 0’
577 5586 822 5649 sequitur
857 5596 981 5649 μου.

1089 5435 1136 5467 ⁷⁷
1167 5430 1289 5487 cod.
1326 5420 1372 5489 δ’
1394 5420 1589 5497 λὸῖίοῦς
1624 5420 2014 5501 ποιησάμενοι.

1089 5503 1270 5533 an...“
1389 5502 1432 5533 τε
1469 5502 1544 5533 w.
1601 5501 1699 5533 ηηιι
1762 5501 1913 5533 u...:..
1978 5502 2057 5533 ...ι

2168 5433 2461 5502 Ὠμότητι.
2509 5427 2632 5483 cod.
2678 5426 2714 5479 2
2752 5424 3104 5495 ἀσεμνὸτητι.
3185 5424 3234 5457 ⁷⁵
3265 5420 3497 5491 Πολλῇ.
3532 5422 3767 5503 Abest}

2168 5499 2199 5533 ιτ
2297 5504 2337 5532 ’17
2368 5500 2466 5533 ..ΑΛ
2535 5500 2556 5533 Ι
2595 5495 2902 5533 βιηιτικωηηι
3006 5495 3054 5527 τε
3079 5495 3334 5533 'F-vﬂnrlv
3391 5492 3445 5533 ιιι
3484 5507 3607 5533 mare
3659 5507 3767 5533 των

1094 5503 1232 5557 item
1280 5540 1293 5554 .
1389 5502 1432 5533 ⁷⁸
1460 5502 1566 5555 Σύ.
1601 5501 1725 5554 cod.
1762 5501 1935 5557 Vatir.
1977 5502 2058 5559 ιιιιι

1094 5575 1140 5608 ⁷⁸
1168 5519 1363 5643 Hefth
1393 5570 1509 5643 τὴν
1553 5571 1765 5643 αὑτήν.
1803 5573 1924 5628 cod.
1956 5574 1988 5625 5
2023 5574 2063 5625 Τ

2168 5501 2232 5555 :i.
2297 5504 2337 5532 '"
2367 5501 2490 5555 cod.
2535 5501 2558 5551 1
2595 5501 2928 5564 ἀπώσωμαι.
3006 5501 3054 5527 ’⁸
3079 5501 3355 5563 Ἐχθρόν.
3393 5501 3445 5546 ιιι
3484 5507 3626 5546 vers.
3659 5501 3768 5544 των

2183 5572 2353 5643 αὐτὴν
2380 5572 2436 5624 δὲ
2471 5569 2654 5643 πάλιν.
2732 5567 2778 5598 ⁸⁸
2819 5566 2948 5643 "gr:
2981 5566 3106 5643 cod.
3141 5566 3163 5620 1
3190 5605 3227 5643 ._
3246 5565 3302 5643 2_
3442 5562 3566 5643 c_od.
3596 5563 3632 5619 '5
3651 5559 3768 5643 οῦς.

2297 5504 2337 5532 ⁷⁷
2366 5490 2490 5555 cod.
2535 5500 2558 5551 1
2595 5490 2928 5564 ἀπώσωμαι.
3006 5495 3054 5527 ⁷⁸
3079 5492 3445 5564 ἘχθρόκᾸιι
3466 5490 3626 5564 vers.
3659 5490 3769 5564 τῷν

505 5631 550 5682 δι
572 5631 1095 5718 ξδδξξξῖκὲτηρίᾳν,
1172 5642 1219 5718 τ’
1252 5639 1358 5718 Ille.
1390 5631 1555 5718 Aliost
1584 5655 1614 5693 a
1642 5631 1764 5697 cod.
1792 5643 1847 5695 2.
1923 5645 1972 5675 ⁸³
1994 5658 2060 5718 c_o

2168 5631 2767 5718 1.,ςέὰ-σκηνώματαλ
2832 5636 2879 5668 ⁸⁸
2906 5636 3102 5718 ᾷεὶας.
3128 5635 3251 5718 cod.
3269 5636 3335 5718 .1,
3365 5631 3767 5718 2,σῇς,.ἒησίν.

503 5719 548 5750 ⁸⁸
588 5706 973 5789 Ἀπολαῦσαῖ.
998 5712 1214 5789 ΔΙιι-(ζοιξ.
1251 5710 1289 5763 2
1318 5709 1540 5789 ponitur
1567 5719 1689 5789 post
1746 5713 2063 5789 παρακαλῶ.

2168 5714 2196 5789 f
2224 5706 2600 5789 Mé._jn_cod.'
2639 5707 2689 5789 l_,
2802 5707 3025 5789 ponitur
3059 5715 3187 5779 post
3217 5706 3347 5779 γάρ.

1355 5780 1399 5813 ⁸³
1432 5779 1563 5834 Τοῦ.
1600 5779 1765 5837 Abest
1799 5779 1839 5837 ιι
1882 5782 2004 5839 cod.
2066 5784 2119 5852 1,
2162 5784 2216 5837 2.

505 5789 725 5849 ελθεῖν.
764 5787 885 5842 cod.
912 5785 947 5838 2
993 5783 1243 5841 διελθεῖν.

3458 5704 3505 5738 ⁸⁷
3552 5704 3773 5767 Ἔπιον-ε

2330 5783 2375 5816 8°
2416 5781 2554 5853 Τήν.
2583 5780 2704 5835 cod.
2755 5779 2805 5847 1,
2834 5777 2869 5835 2
2902 5777 2982 5835 τό.
