4108 6416
436 342 583 412 1179

1450 338 1950 399 TllEODORETl
1983 339 2327 400 EPlSCOl‘l
2355 342 2727 403 (JYRENSIS

3588 357 3727 422 1180

504 455 674 514 Vens.
706 456 761 511 2.
810 476 833 508 ‹
858 453 903 510 Ο
950 453 1112 518 Deus,
1140 449 1369 506 auribus
1412 451 1617 505 nostris
1670 451 1982 507 audivimus
2005 492 2019 518 ,

2200 451 2264 521 β’.
2313 470 2331 503 ι
2368 452 2428 506 'U
2452 452 2609 517 Θεὸς,
2641 456 2700 508 ἑν
2728 458 2842 522 τοῖς
2872 458 3007 517 ὠσὶν
3034 462 3195 533 ἡμῶν
3220 464 3561 536 ἠκούσαμεν,
3596 471 3724 523 καὶ⁸

434 562 620 621 patres
649 546 822 604 nostri
854 543 1319 600 annuntiaverunt
1347 539 1507 596 nobis
1532 556 1692 611 opus,
1724 540 1869 611 quod
1895 556 2023 611 ope-

436 653 589 698 ratus
621 658 679 697 es
710 641 763 695 iu
806 639 1000 694 diebus
1040 652 1231 691 eorum
1253 677 1268 702 ,
1298 644 1352 690 et
1386 634 1440 689 in
1474 635 1669 690 diebus
1703 635 1964 705 antiquis.
1996 654 2015 687 ι

433 734 546 791 Nos
568 775 583 800 ,
611 751 644 789 o
678 732 938 792 Domine.
978 744 1087 783 non
1123 728 1333 782 fuimus
1359 727 1580 797 quidem
1621 727 1725 797 ipsi
1760 737 2024 796 spectato-

435 845 523 884 res
558 837 778 881 tuorum
816 825 1246 885 miraculorum,
1288 837 1319 875 a
1368 820 1572 875 nostris
1608 835 1737 874 vero
1775 821 2024 889 patribus

434 913 758 979 didicimus,
797 923 933 983 quot
980 910 1248 965 miracula
1301 923 1364 962 ea
1418 916 1741 976 tempestate
1786 907 2020 976 cheris,

432 1005 828 1079 promissiones
860 1005 1071 1059 nostris
1096 1001 1404 1073 majoribus
1436 998 1613 1054 factas
1641 1000 1892 1070 implcns.

428 1226 435 1232 .
507 1180 673 1236 Vens.
705 1182 773 1246 5,
804 1180 858 1234 4.
899 1199 918 1231 ι
948 1178 1146 1232 Manus
1192 1187 1282 1232 tua
1328 1189 1518 1249 gentes
1562 1177 1920 1249 disperdidit,
1969 1190 2023 1233 et

432 1275 693 1345 plautasti
738 1290 873 1341 eos,
912 1272 1153 1326 alllixisti
1200 1272 1462 1340 populos,
1517 1282 1573 1326 et
1604 1272 1859 1342 expulisti
1902 1289 2018 1327 eus.

432 1365 543 1421 Nec
574 1366 722 1421 enim
755 1364 939 1435 gladio
974 1380 1076 1417 suo
1107 1364 1475 1432 possederunt
1514 1375 1753 1432 terram,
1801 1375 1856 1420 et
1897 1366 2021 1419 bra-

432 1459 618 1513 chium
650 1472 842 1511 eorum
876 1471 983 1509 non
1016 1454 1252 1510 salvavit
1282 1470 1377 1509 eos
1399 1497 1412 1520 ,
1448 1455 1540 1509 sed
1574 1456 1795 1510 dextera
1838 1465 1927 1510 tua
1968 1466 2023 1511 et

434 1544 720 1600 brachium
752 1554 931 1608 tuum,
960 1552 1014 1598 et
1040 1543 1369 1597 illuminatio
1399 1544 1583 1599 vultus
1612 1546 1687 1599 tui
1713 1586 1727 1610 ,
1759 1546 2021 1615 quoniam

435 1635 815 1706 complacuisti
858 1635 911 1689 in
961 1636 1061 1690 eis.
1094 1654 1113 1686 ι
1144 1639 1163 1656 '
1205 1634 1285 1689 Tu
1312 1677 1326 1701 ,
1367 1637 1583 1706 inquit,
1627 1636 1798 1708 εει)
1840 1652 1873 1691 o
1917 1636 2021 1692 Do-

436 1727 601 1795 mine,
627 1725 968 1782 Chananazos
994 1743 1117 1783 cum
1148 1729 1269 1783 aliis
1300 1730 1558 1798 gentibus
1600 1730 1729 1785 hinc
1764 1731 2018 1801 exegisti,

2123 545 2171 596 οἱ
2207 544 2441 615 πατέρες
2470 545 2629 616 ἡμῶν
2677 548 3011 621 ἀνήγγειλαν
3045 557 3179 626 ημῖν
3206 556 3391 628 ἔργον,
3422 559 3452 613 ὂ
3480 562 3725 631 εἰργάσω

2122 635 2181 686 ὲν
2211 636 2331 696 ταῖς
2354 634 2595 705 ἡμέραις
2618 637 2820 705 αὐτῶν,
2851 643 2911 696 ὲν
2940 643 3180 715 ἡμέραις
3201 647 3485 717 ἀρχαίαις.
3514 668 3534 701 ι
3579 651 3722 705 Αὑτ-

2120 724 2290 778 όπται
2322 727 2423 794 μὲν
2456 728 2624 797 ἡμεῖς
2652 728 2761 782 τῶν
2785 730 2893 785 σῶν
2918 732 3216 805 θαυμάτων
3262 739 3323 791 ού
3349 741 3723 811 γεγενήμεθα,

2122 814 2388 877 Δέσποτα,
2408 816 2562 884 παρὰ
2579 818 2634 872 δὲ
2666 819 2774 874 τῶν
2795 824 3084 897 ἡμετέρων
3116 827 3524 900 μεμαθήκαμεν
3553 836 3723 888 πατέ-

2123 925 2251 977 ρων,
2275 908 2374 960 ὅσα
2396 906 2650 978 θαύματα
2674 914 2794 965 κατ’
2812 914 3054 981 ἐκείνους
3073 919 3317 989 εἰργάσω
3331 921 3459 983 τοὺς
3477 924 3722 993 χρόνους,

2120 996 2219 1059 τὰς
2276 996 2414 1069 πρὸς
2461 1001 2588 1065 τοὺς
2632 1004 2938 1076 ἡμετέρους
2989 1010 3292 1080 προγόνους
3344 1016 3722 1085 γεγενημένας

2121 1088 2455 1157 ἐπαγγελίας
2486 1093 2728 1165 πληρῶν.

2190 1188 2259 1248 γ’,
2287 1181 2351 1235 δ’.
2394 1202 2412 1235 ι
2457 1185 2519 1238 Ἦ
2567 1189 2690 1259 χείρ
2720 1208 2816 1244 σου
2863 1191 2991 1264 ἔθνη
3022 1191 3417 1269 ὲξωλόθρευσε,
3454 1200 3552 1254 καὶ
3585 1218 3723 1255 κατ-

2125 1272 2439 1339 εφύτευσας
2466 1276 2671 1342 αὐτούς
2697 1295 2711 1309 °
2772 1281 3064 1346 ὲκάκωσας
3092 1284 3251 1349 λαοὺς
3276 1327 3293 1352 ,
3344 1289 3439 1342 καὶ
3468 1288 3722 1355 ἐξέϐαλες

2121 1365 2340 1429 αὐτούς.
2370 1369 2445 1422 Οὐ
2473 1372 2584 1440 γὰρ
2614 1375 2673 1427 ὲν
2700 1375 2766 1445 τῇ
2794 1374 3045 1448 ῥομφαίᾳ
3065 1378 3249 1433 αὐτῶν
3270 1380 3725 1455 ὲκληρονόμησαν

2120 1456 2247 1525 γῆν,
2290 1461 2384 1512 καὶ
2416 1463 2444 1516 ό
2479 1462 2727 1535 βραχίων
2761 1468 2946 1523 αὐτῶν
2976 1472 3079 1524 οὐκ
3105 1470 3310 1526 ἔσωσεν
3336 1475 3568 1539 αὐτούς’
3605 1476 3721 1529 ἀλλ’

2122 1550 2156 1618 ἡ
2185 1548 2339 1615 δεξιά
2369 1569 2463 1606 σου
2484 1593 2500 1618 ,
2558 1559 2655 1610 καὶ
2689 1561 2718 1611 ὁ
2756 1558 3002 1631 βραχίων
3033 1579 3130 1616 σου
3151 1602 3165 1628 ,
3203 1564 3301 1618 καὶ
3333 1567 3363 1619 ὁ
3395 1568 3678 1636 φωτισμὺς
3701 1569 3723 1598 ⁸

2119 1640 2213 1693 τοῦ
2247 1643 2545 1714 προσώπου
2573 1666 2667 1702 σου
2692 1667 2705 1681 ·
2744 1653 2828 1705 ὅτι
2859 1653 3159 1723 εὐδόκησας
3190 1656 3253 1709 ἐν
3283 1658 3490 1721 αὐτοῖς.
3520 1677 3539 1709 ι
3585 1660 3719 1725 Σὺν,

2124 1735 2309 1803 φησιν,
2346 1730 2392 1792 ῶ
2412 1739 2684 1807 Δέσποτα,
2715 1744 2842 1806 τοὺς
2869 1746 3216 1812 Χαναναίους
3248 1748 3388 1818 μετὰ
3414 1749 3523 1803 τῶν
3545 1751 3720 1804 ἄλλων

434 1828 492 1874 et
520 1829 703 1887 patres
732 1830 950 1875 nostros
976 1836 1077 1890 pro
1114 1821 1222 1877 illis
1248 1822 1493 1877 habitare
1516 1821 1716 1878 fecisti.
1746 1821 1857 1878 Nec
1879 1825 2019 1879 enim

2130 1824 2301 1878 ἐθνῶν
2336 1828 2591 1886 ἐντεῦθεν
2620 1830 2883 1899 ἐξελάσας
2907 1874 2923 1901 ,
2979 1836 3107 1900 τοὺς
3142 1815 3444 1909 ἡμετέρους
3477 1840 3723 1909 πατέρας

436 1910 623 1966 robori
673 1911 935 1979 fidentes,
983 1930 1084 1969 nec
1126 1914 1294 1969 armis
1343 1915 1625 1982 instructi,
1665 1924 1743 1970 tot
1777 1917 2027 1973 hostibus

437 2002 751 2073 superiores
790 2003 1015 2060 fuerunt
1047 2024 1062 2062 :
1093 2022 1286 2061 verum
1329 2016 1435 2063 tua:
1472 2009 1659 2078 gratia:
1688 2008 1855 2064 ductu
1877 2050 1893 2075 ,
1926 2008 2028 2066 hos

437 2096 658 2167 quidem
694 2096 1116 2166 interfecerunt,
1153 2099 1276 2155 illos
1303 2115 1433 2156 vero
1463 2100 1672 2157 servire
1704 2113 2027 2173 coegerunt,

436 2191 697 2262 quoniam
748 2202 843 2248 tua
888 2190 1264 2249 familiaritate
1307 2194 1431 2250 illos
1471 2195 1727 2266 dignatus
1768 2212 1847 2252 es.
1894 2194 2008 2254 Hoc

434 2283 583 2339 enim
637 2283 822 2339 dixit:
879 2304 899 2338 ι
934 2285 1327 2355 Complacuisti
1378 2286 1432 2342 in
1491 2289 1592 2344 eis.
1637 2289 1681 2359 ζ»
1736 2287 2027 2345 Dextera»:

436 2383 619 2429 autem
654 2383 814 2430 vocat
848 2377 1153 2433 auxilium:
1193 2378 1641 2433 illuminationem
1673 2380 1847 2436 vultus
1873 2421 1889 2447 ,
1927 2396 2025 2452 ap-

436 2465 793 2534 paritionem.

510 2641 675 2699 Vens.
712 2645 766 2700 5.
805 2664 823 2698 ι
858 2644 939 2701 Tu
972 2662 1032 2702 es
1061 2648 1177 2718 ipse
1215 2664 1309 2703 rex
1351 2663 1539 2717 meus,
1572 2658 1626 2705 et
1659 2647 1802 2705 Deus
1831 2665 1984 2706 meus
2008 2690 2025 2717 ,

432 2737 527 2804 qui
557 2740 785 2794 ntandas
809 2740 1019 2796 salutes
1051 2738 1262 2796 Jacobi.
1296 2760 1315 2793 ι
1349 2741 1498 2797 Idem
1533 2758 1612 2810 es,
1647 2742 1743 2808 ait,
1775 2751 1831 2798 et
1859 2760 2024 2807 nunc,

433 2829 682 2897 Domine,
706 2832 956 2888 similiter
977 2849 1229 2904 regnans,
1261 2835 1512 2890 similiter
1535 2844 1747 2905 potens,
1778 2837 2024 2891 eamdem

432 2924 724 2989 potentiam
765 2925 1008 2981 habens:
1056 2936 1147 2980 tua
1177 2943 1307 2981 vero
1350 2935 1544 2981 natura
1585 2928 1791 2982 nullam
1834 2930 2028 2998 recipit

429 3016 809 3070 mutationem.
850 3018 997 3073 Satis
1045 3029 1126 3074 est
1156 3020 1251 3073 tibi
1282 3028 1336 3073 et
1366 3020 1594 3073 verbum
1625 3020 1692 3073 ad
1739 3022 1974 3076 salutem
2009 3038 2023 3074 :

427 3116 645 3166 annue,
678 3113 733 3158 ct
759 3106 899 3160 hanc
928 3109 1165 3177 populus
1194 3122 1586 3177 consequetur.
1638 3110 1731 3164 Sic
1775 3122 1828 3164 et
1861 3112 2020 3180 Sym-

428 3195 656 3249 machus
694 3196 1087 3267 interpretatus
1116 3208 1201 3255 est
1230 3219 1243 3254 :
1287 3198 1344 3252 Μ
1350 3201 1492 3255 unda
1517 3200 1580 3255 de
1607 3199 1780 3254 salute
1808 3201 2013 3256 Jacobi.

509 3368 668 3423 Vens.
702 3370 754 3423 6.
793 3388 810 3420 ι
845 3368 1047 3425 Tecum
1078 3372 1332 3429 inimicos
1362 3384 1581 3432 nostros
1605 3376 1862 3434 feriemus
1892 3395 2015 3433 cor-

430 3474 546 3524 nu,
597 3468 652 3513 et
702 3461 757 3513 in
807 3464 1029 3517 nomine
1077 3472 1171 3518 tuo
1217 3482 1545 3535 sperncmus
1575 3469 1924 3540 insurgentes
1961 3471 2013 3525 in

431 3565 555 3605 nos.
589 3569 608 3602 ι
645 3551 921 3607 Animalia
950 3555 1233 3626 cornigera
1267 3572 1365 3626 pro
1397 3560 1566 3615 armis
1594 3576 1797 3615 cornua
1839 3577 1869 3616 a
1914 3578 2014 3616 na-

431 3652 555 3695 tura
586 3654 917 3713 acccpcrunt
946 3666 959 3702 :
1005 3663 1102 3703 nos
1129 3663 1258 3703 vero
1293 3666 1466 3705 cornu
1499 3653 1715 3717 salutis,
1749 3654 2018 3709 victricia-

434 3750 541 3806 que
583 3751 737 3791 arma
787 3746 938 3792 tuum
986 3756 1184 3795 nomen
1234 3744 1529 3810 habemus,
1563 3754 1618 3801 et
1653 3746 1760 3803 hoc
1796 3757 2014 3803 utentes

433 3824 618 3895 hostes
643 3830 1045 3898 superabimus.

504 3916 672 3975 Vens.
708 3921 758 3990 7,
790 3924 843 3979 8.
891 3942 909 3974 ι
943 3924 1058 3981 Νοιι
1082 3928 1227 4005 enim
1263 3929 1314 3982 in
1350 3945 1479 3985 arcu
1515 3946 1638 3987 meo
1668 3935 1930 4003 sperabo,
1960 3944 2016 3991 et

429 4012 646 4080 gladius
674 4029 829 4071 meus
861 4032 968 4071 non
998 4019 1233 4074 salvabit
1258 4037 1362 4077 mc.
1386 4021 1619 4079 Salvasti
1650 4025 1794 4081 enim
1823 4042 1923 4083 nos
1948 4030 2017 4085 de

429 4102 593 4172 88],
625 4103 991 4174 alﬂigeutibus
1029 4125 1131 4165 nos
1154 4151 1169 4177 ,
1205 4123 1258 4167 et
1289 4114 1416 4169 odio
1452 4115 1716 4171 habentes
1746 4133 1848 4173 nos
1881 4134 2014 4174 cou-

432 4194 642 4251 fudisti.
678 4215 697 4248 ι
729 4195 840 4254 Nec
864 4201 1008 4255 enim
1038 4205 1298 4269 arcubus,
1332 4222 1433 4262 nec
1466 4208 1586 4265 aliis
1617 4210 1742 4265 telis
1766 4211 2009 4268 conﬁdo:

433 4286 741 4354 periculum
783 4291 930 4344 enim
974 4292 1041 4347 de
1083 4304 1175 4347 tua
1212 4297 1452 4364 potentia
1492 4298 1637 4367 feci,
1674 4316 1802 4357 cum
1832 4320 1930 4375 per
1963 4315 2014 4360 te

432 4376 621 4433 hostes
646 4379 758 4448 jam
784 4386 1227 4453 expugnaverim.

2129 1917 2246 1970 ἀντ’
2281 1919 2508 1975 ἐκείνων
2549 1925 2883 1995 κατῴκισας.
2946 1927 3084 1982 Οὔτε
3116 1931 3225 2001 γὰρ
3259 1929 3421 2001 ῥώμῃ
3453 1930 3722 2003 θαρῤοὖνο

2128 2022 2255 2073 τες,
2312 2007 2436 2061 οὔτε
2474 2013 2752 2084 πανοπλίᾳ
2780 2014 3088 2086 χρώμενοι,
3136 2019 3443 2072 τοσούτων⁸
3472 2020 3723 2090 ἀπεφάν-

2131 2093 2307 2165 θησαν
2336 2098 2625 2170 κρείττους
2648 2144 2663 2167 ,
2714 2103 2832 2157 ἀλλ’
2855 2105 2959 2159 ὑπὸ
2992 2107 3092 2176 τῆς
3122 2108 3223 2177 σῆς
3252 2110 3723 2181 στρατηγούμενοι

2128 2187 2375 2258 χάριτος,
2416 2191 2578 2255 τοὺς⁹
2609 2195 2709 2265 μὲν
2741 2198 3169 2266 κατηκόντισαν,
3206 2200 3334 2263 τοὺς
3361 2200 3418 2254 δὲ
3445 2200 3723 2255 δουλεύειν

2127 2279 2448 2349 ἠνάγκασαν
2467 2324 2481 2348 ,
2536 2285 2727 2355 ἐπειδὴ
2759 2288 2859 2359 τῆς
2886 2289 2987 2360 σῆς
3016 2291 3219 2357 αὐτοὺς
3247 2293 3489 2362 ἠξίωσας
3518 2295 3723 2348 οἰκειό-

2126 2388 2313 2443 τητος.
2349 2374 2523 2429 Τοῦτο
2547 2376 2654 2448 γὰρ
2683 2374 2860 2445 εἶπεν,
2897 2381 3248 2453 (Ηὺδόκησας
3266 2384 3310 2415 ¹⁰
3338 2385 3451 2437 iv“
3469 2385 3676 2449 αὐτοῖς.
3696 2404 3718 2439 ι

2125 2462 2340 2527 Δεξιὰν
2387 2464 2511 2518 δὲ¹²
2562 2466 2720 2521 καλεῖ
2786 2471 2889 2541 τὴν
2943 2471 3238 2543 βοήθειαν’
3303 2477 3619 2547 φωτισμὸν
3664 2476 3724 2531 δὲ

2126 2569 2233 2622 πρε
2246 2554 2476 2623 σὼπου,
2513 2557 2610 2629 τὴν
2637 2561 2989 2631 ἐπιφάνειαν.

2197 2653 2261 2700 ε’.
2304 2669 2321 2699 ι
2352 2650 2425 2703 Σὺ
2460 2646 2510 2703 εἶ
2537 2651 2700 2715 αὑτὸ;
2729 2654 2758 2705 ὁ
2787 2654 3045 2725 βασιλεύς
3078 2674 3206 2727 μου,
3248 2660 3344 2712 καὶ
3372 2659 3400 2709 ὁ
3427 2657 3561 2721 Θεός
3590 2675 3718 2730 μου,

2125 2740 2154 2792 ό
2185 2740 2630 2811 ἵεντελλόμενος¹³
2659 2745 2759 2810 τὰς
2792 2749 3071 2820 σωτηρίας
3106 2748 3323 2804 Ἰακώϐ.
3350 2770 3369 2803 ι
3417 2750 3532 2803 '0”
3558 2751 3722 2815 αὐτὸς

2125 2825 2197 2897 εἶ,
2251 2835 2406 2902 φησὶ,
2444 2835 2539 2886 καὶ
2585 2834 2703 2901 νῦν,
2757 2838 3090 2904 Δέσποτα¹³,
3145 2842 3346 2912 ὁμοίιος
3393 2841 3720 2912 βασιλεύων,

2126 2924 2334 2993 ὁμοίως
2366 2927 2669 2994 κρατῶνίε,
2709 2929 2808 3001 τὴν
2837 2930 3007 3002 αὐτὴν
3034 2931 3267 3003 δύναμιν
3295 2933 3454 3004 ἔχων,
3491 2933 3717 2987 ἀλλοίω-

2128 3032 2212 3068 σιν
2240 3017 2363 3070 οὐδὲ
2390 3019 2579 3088 μίαν¹⁷
2611 3022 2642 3089 ή
2673 3020 2739 3092 σὴ
2770 3022 2991 3093 δέχεται
3019 3025 3204 3094 φύσις.
3238 3026 3428 3097 Ἀρκεῖ
3455 3044 3535 3079 σοι
3567 3026 3720 3079 xui.“

2126 3108 2281 3177 λόγος
2308 3110 2388 3171 εἰς
2416 3111 2715 3181 σωτηρίαν.
2773 3113 3043 3166 Νεῦσονη
3063 3156 3076 3179 ,
3115 3115 3207 3167 καὶ
3240 3115 3444 3186 ταύτης
3476 3117 3503 3168 ὁ
3534 3116 3719 3181 λαόςη

2126 3201 2521 3256 ἀπολαύσεται.
2570 3203 2757 3268 Οὕτως
2804 3208 2899 3260 καὶ
2952 3209 2980 3259 ό
3017 3206 3314 3279 Σύμμαχος
3345 3211 3717 3280 ήρμήνευσεν,

2130 3294 2483 3348 Ἕντειλαι’¹
2519 3297 2653 3363 περὶ
2685 3296 2793 3363 τῆς
2813 3302 3115 3367 σωτηρίας
3148 3299 3352 3354 Ἰακώϐ
3366 3302 3434 3356 ’³.

2197 3382 2272 3450 ς’.
2313 3405 2332 3437 ι
2358 3386 2445 3439 Ἐν
2475 3387 2561 3438 σοὶ
2592 3389 2719 3451 τοὺς
2748 3389 2983 3459 ἐχθροὺς
3015 3392 3173 3461 ἡμῶν
3203 3392 3595 3464 κερατιοῦμεν,
3627 3395 3719 3447 καὶ

2125 3479 2183 3530 ὲν
2211 3477 2288 3550 τῷ
2312 3479 2541 3550 ὀνόματί
2566 3498 2660 3534 σου
2687 3482 3180 3555 ὲξουδενώσιιμενί³
3202 3488 3330 3552 τοὺς
3353 3489 3719 3558 ἐπανισταμέ-

2124 3586 2249 3633 νους
2280 3571 2435 3641 ἡμῖν.
2468 3591 2487 3623 ι
2547 3572 2629 3626 Τὰ
2684 3576 3006 3644 κερασφόρα
3058 3576 3177 3639 ζῶα
3229 3577 3396 3631 ὅπλον
3446 3579 3505 3630 τὸ
3553 3579 3719 3650 κέρας

2125 3663 2277 3734 παρὰ
2325 3663 2426 3734 τῆς
2469 3664 2688 3733 φύσεως
2738 3667 2989 3722 ἔλαίύον²⁷⁵
3017 3686 3030 3698 ’
3090 3671 3255 3740 ἡμεῖς
3295 3671 3353 3723 δὲ
3400 3671 3570 3741 κέρας
3614 3689 3721 3724 σω-

2123 3754 2351 3825 τηρίας,
2403 3757 2499 3809 καὶ
2532 3759 2832 3830 νικηφόρον
2863 3759 3049 3826 ὅπλον,
3084 3760 3146 3815 τὸ
3177 3761 3268 3813 σὺν
3299 3759 3494 3831 ἔχομεν
3522 3762 3715 3831 ὄνομα,

2124 3846 2221 3900 καὶ
2252 3846 2429 3919 τούτῳ
2463 3849 2739 3922 χρώμενοι
2771 3850 2880 3904 τῶν
2914 3851 3193 3922 πολεμίων
3224 3852 3616 3924 περιεσόμεθα.

2196 3937 2262 4004 ζ’,
2292 3937 2366 4010 η’.
2431 3959 2450 3992 ι
2490 3942 2566 3995 Οὐ
2602 3942 2712 4013 γὰρ
2763 3943 2857 3997 ἐπὶ
2896 3942 2977 4016 τῷ
3021 3944 3164 4015 τόξῳ
3207 3962 3310 4014 μου
3348 3944 3562 4008 ἐλπιῶ,
3623 3945 3719 3997 καὶ

2124 4031 2158 4102 ὴ
2203 4033 2451 4103 ῥομφαία
2498 4052 2602 4105 μου
2654 4035 2717 4088 ού
2761 4035 2926 4091 σώσει
2960 4055 3053 4108 με.
3108 4039 3363 4102 Ἔσωσας
3407 4038 3517 4109 γὰρ
3570 4039 3718 4108 ἡμᾶς

2123 4128 2189 4179 ἐκ
2221 4126 2331 4179 τῶν
2360 4125 2655 4180 θλιϐόντων
2684 4130 2835 4199 ήμᾶς
2860 4147 2874 4161 ο
2941 4130 3039 4185 καὶ
3078 4131 3207 4194 τοὺς
3240 4130 3536 4201 μισοῦντας
3568 4131 3715 4202 ἡμᾶς

2124 4218 2496 4288 κατῄσχυνας.
2531 4237 2550 4270 ι
2590 4217 2730 4273 Οὔτε
2759 4220 2870 4293 γὰρ
2902 4221 3081 4287 τόξοις
3106 4261 3122 4286 ,
3155 4221 3283 4276 οὔτε
3312 4222 3497 4287 ἄλλοις
3530 4222 3716 4285 ὅπλοις

2123 4309 2349 4381 θαρρῶ·
2383 4313 2581 4382 πεῖραν
2612 4311 2723 4383 γὰρ
2754 4313 2853 4385 τῆς
2884 4314 2982 4385 σῆς
3013 4314 3300 4386 δυνάμεως
3330 4315 3526 4369 ἔλαϐον
3546 4354 3562 4379 ,
3620 4314 3711 4370 διὰ

2125 4401 2220 4456 σοῦ
2248 4402 2359 4456 τῶν
2388 4404 2650 4459 ἐναντίων
2679 4405 2781 4477 ἤδη
2812 4408 3119 4479 κρατήσας.

502 4469 669 4527 Vens.
706 4473 759 4529 9.
793 4491 815 4527 ι
848 4474 906 4530 lu
947 4475 1055 4534 Deo
1086 4480 1430 4538 laudabimur
1457 4492 1571 4539 toto
1601 4485 1707 4551 die,
1738 4496 1793 4541 et
1827 4488 1878 4542 in
1913 4504 2013 4545 uo-

2194 4495 2259 4550 θ’.
2302 4514 2319 4547 ι
2360 4496 2448 4551 Ἐν
2478 4497 2555 4569 τῷ
2578 4469 3261 4572 Θεῷ-ὲπαινεθησόμεθα¹⁵
3292 4500 3424 4571 ὅλην
3452 4502 3552 4574 τὴν
3575 4502 3710 4571 ἠμέ-

430 4562 579 4619 mine
614 4576 706 4621 tuo
734 4569 1120 4627 confitebimur
1140 4573 1192 4629 iu
1222 4578 1506 4632 saeculum.
1537 4597 1556 4631 ι
1586 4577 1886 4636 Precamur
1915 4598 2016 4637 au-

432 4666 541 4712 tem
567 4673 800 4729 semper,
826 4671 885 4716 ut
908 4672 1058 4721 tuum
1094 4670 1362 4724 auxilium
1391 4685 1820 4740 consequamur,
1845 4685 2014 4745 utque

431 4751 695 4808 continuo
727 4760 948 4812 tuorum
997 4760 1387 4817 beneficiorum
1410 4764 1815 4821 multitudinem
1854 4783 2013 4823 enar-

433 4851 640 4905 remus.
693 4840 829 4899 Nam
877 4856 984 4903 toto
1018 4850 1105 4903 die
1152 4865 1252 4920 pro
1281 4868 1485 4922 semper
1518 4856 1722 4925 posuit.
1760 4856 2013 4929 Symma-

2125 4601 2247 4655 ραν,
2279 4587 2374 4641 καὶ
2403 4589 2461 4642 ἐν
2489 4588 2568 4659 τῷ
2594 4589 2819 4661 ὀνόματί
2849 4607 2943 4644 σου
2976 4590 3496 4664 ὲξομολογησόμεθα
3519 4594 3601 4659 είς
3621 4594 3713 4648 τὸν

2120 4675 2312 4730 αἰῶνα.
2346 4695 2365 4729 ι
2432 4677 2769 4751 Ἱκετεύομεν
2791 4679 2839 4712 ³⁸
2882 4679 2941 4733 δὲ
2989 4682 3079 4736 ἀεὶ
3137 4683 3238 4751 τῆς
3269 4683 3373 4754 σῆς
3406 4683 3711 4740 ἀπολαῦσαι

2122 4770 2297 4841 ῥοπῆς
2314 4809 2329 4835 ,
2382 4772 2478 4826 καὶ
2516 4770 2787 4843 διηνεκῶς
2816 4772 2926 4829 τῶν
2953 4773 3065 4829 σῶν
3091 4775 3429 4848 εὐεργεσιιῖιν
3456 4776 3712 4844 διεξιενσι

2119 4861 2182 4914 τὸ
2214 4861 2440 4932 πλῆθος.
2494 4863 2568 4918 Τὸ
2594 4864 2704 4936 γὰρ
2734 4862 2894 4933 ὅλην
2924 4863 3044 4934 τὴν
3071 4864 3304 4936 ἡμέραν
3340 4866 3466 4925 αντὶ
3493 4864 3591 4941 τού
3619 4864 3715 4921 ἀεὶ

1526 5039 1760 5097 VARLE
1794 5041 2180 5101 LECTIONES
2217 5043 2307 5100 ET
2343 5045 2582 5105 NOTIE.

501 5185 526 5218 '
558 5184 693 5240 Καί.
742 5187 915 5244 Abest
954 5200 985 5241 a
1026 5188 1150 5244 cod.
1190 5189 1227 5245 2
1271 5200 1327 5246 et
1369 5207 1400 5248 a
1447 5209 1590 5251 vers.
1642 5195 1751 5249 τῶν
1807 5197 1885 5252 0'.

1962 5198 1997 5271 ⁵,
2028 5198 2091 5252 '0
2131 5201 2456 5271 φωτισμός.
2514 5201 2749 5268 Quidam
2797 5199 2921 5258 libri
2974 5211 3188 5259 veteres
3228 5201 3435 5259 habent
3465 5201 3530 5255 τὸ
3570 5200 3704 5271 φῶς.

434 5253 561 5310 ’Σὺ
584 5286 653 5297 ——
675 5256 1031 5340 ηρδόκῃσας
1057 5259 1384 5340 ῥν-αὑιςρῖς.
1423 5265 1570 5340 _Des.
1587 5267 1657 5340 jn
1689 5265 1813 5340 _c_o_d.
1847 5266 1900 5321 5.
1978 5267 2019 5322 ⁸1

2122 5253 2359 5324 ﬁerer
2376 5253 2498 5324 ea...
2524 5253 3710 5340 ἷζέἱᾶᾱῦἷιι”ιθνὲι’3ἷρζ“’”ᾱῖᾶὗξ·’-ξήἶρᾶγῖὲ

435 5341 654 5405 κασᾶν..
677 5326 828 5405 _Des.
868 5328 1092 5405 in__cod_.
1125 5331 1177 5405 ς’).
1206 5333 1303 5405 __'°
1341 5326 1462 5405 cod.
1500 5336 1552 5405 1,
1583 5335 1619 5388 2
1651 5336 1973 5405 εὐδόκησας.

2053 5338 2093 5369 ¹¹
2143 5341 2264 5392 Ἐν.
2309 5341 2479 5394 Abest
2508 5357 2537 5396 a
2564 5338 2685 5396 cod.
2714 5340 2770 5395 2.
2850 5344 2894 5375 ¹¹
2921 5342 3015 5397 Δέ.
3043 5341 3174 5400 Des.
3201 5344 3256 5398 in
3289 5338 3409 5398 cod.
3438 5344 3492 5398 5.
3554 5338 3608 5373 ³³
3644 5342 3708 5393 '0

434 5395 1105 5479 ιῐενηξενξζλὀμιενοςιΜοιιιίἰ
1123 5401 1177 5479 i_n
1206 5401 1461 5479 llexaplis
1487 5404 1553 5479 αι]
1575 5395 2019 5479 Ιι.1.1ιαι›ῥιόέντ

2122 5408 2336 5479 άμενος.
2399 5410 2445 5479 ει
2465 5410 2529 5465 '0
2546 5443 2617 5453 —
2627 5395 2835 5479 φύσις.
2859 5395 2985 5468 Des.
3004 5395 3066 5467 in
3082 5395 3285 5469 (ξδᾶ
3297 5395 3316 5398 ἡ
3328 5395 3703 5467 λῖΔὲάποτα.

435 5461 955 5556 ξεράἐνὲηρὶεειιιίᾶξι
1014 5470 1062 5556 ¹ξ
1085 5471 1337 5556 ξομιρίως
1357 5461 1634 5556 ξκρατῷγζ
1661 5474 1799 5556 Des1
1820 5461 2019 5556 incoli.

2123 5461 2130 5462 ί
2153 5461 2430 5556 ξιτ-ήόῥδέ.
2469 5461 2592 5536 ὠά.
2622 5461 2654 5556 ἱ
2678 5461 2845 5556 asia
2855 5461 3309 5556 ξάἇρῖίῖῗιζᾶὶ.
3328 5461 3540 5556 ,οοᾶξίεέ
3551 5461 3701 5556 ξξᾶρζ

438 5535 485 5569 υ
526 5535 771 5589 Νεῦσον
792 5567 862 5578 --
906 5540 1130 5593 Ἰακώϐ.
1150 5535 1165 5541 ⁷
1191 5535 1326 5596 Dch
1356 5535 1414 5594 iu
1448 5544 1569 5597 cod.
1604 5545 1657 5600 5.

1754 5546 1800 5576 ¹⁰
1859 5550 2036 5614 Λαός.
2066 5549 2189 5603 cod.
2217 5549 2270 5613 l,
2300 5551 2336 5602 2

2378 5566 2564 5620 praem.
2595 5551 2706 5615 σός.
2774 5553 2816 5585 ¹¹
2853 5551 3152 5607 "meum
3177 5582 3250 5594 --
3300 5551 3526 5607 Ἰακώϐ.
3560 5551 3708 5607 Satis

438 5613 564 5672 apta
614 5614 699 5691 est
750 5608 870 5691 hanc
919 5610 1100 5664 versio
1141 5622 1194 5664 et
1236 5612 1404 5691 tex_tui
1446 5608 2019 5691 Hebr.“conveniens.

2122 5621 2133 5651 '
2184 5608 2412 5673 Ἰάκὼέ.
2460 5622 2583 5675 cod.
2628 5608 2883 5691 lvprtent.
2923 5622 3039 5677 τοῦ.
3110 5622 3507 5691 ²ξ,Ἐξουδεν.
3538 5620 3702 5677 Hebr.

435 5683 586 5733 Dm.
622 5674 725 5799 Αιὲ.
750 5685 806 5728 et
837 5676 1044 5749 Symm.
1078 5682 1526 5753 συμπατήσομεν.
1604 5684 1648 5717 ³⁸
1677 5686 1796 5740 cml.
1842 5690 1873 5737 ὅ
1904 5688 2019 5740 me

452 5745 652 5799 Sicuuc
723 5762 884 5799 imm.
910 5748 1206 5799 ὑιινοῦιιεν-
1232 5752 1329 5799 An-
1358 5755 1765 5799 xau-rrsdrieﬂm
1846 5758 1889 5788 ²⁶
1931 5760 2013 5799 Ἰν

2136 5761 2146 5775 υ
2190 5692 2236 5720 ⁸⁵
2264 5674 3055 5799 ‘1521atte:t‘lrtgo'dgt'ﬁt’ies.V:I‘lebt‘l.1

2122 5777 2391 5799 νηιιρν-
2426 5775 2465 5799 ιτ
2516 5781 2548 5799 η
2590 5780 2659 5799 ηι.
2747 5779 2805 5799 ος
2866 5780 2917 5799 ιιι
2956 5779 3020 5799 ,ιη

719 5762 884 5813 )mtn.
910 5758 1206 5825 ὑμνούμεν.
1230 5758 1329 5824 Λιι.
1358 5758 1766 5824 καυχησόμεθα.
1846 5758 1889 5788 ²⁶
1931 5760 2014 5813 Ἰλι

2122 5761 2301 5829 ύομεν
2325 5792 2391 5802 -
2421 5758 2679 5833 πλῆθος.
2706 5763 2827 5819 Des.
2866 5764 2920 5819 in
2956 5765 3078 5820 cod.
3111 5764 3164 5821 5..

452 5745 652 5814 Sicque
677 5745 741 5813 S)
757 5745 894 5801 mm.
910 5745 1206 5825 ὑμνοῦμέν.
1230 5745 1333 5824 Α(ιῖ
1358 5745 1532 5824 xiv/‘7;
1544 5755 1766 5823 σόμεθσ..

3288 5709 3455 5751 scusu
3500 5693 3698 5748 actim.
