4108 6424
407 367 551 431 1189

1760 361 1842 423 IN
1874 361 2080 423 PSAL.
2116 360 2316 423 XLIV.

3533 367 3672 434 1199

410 478 506 534 καὶ
547 473 719 535 ταῦτα
763 475 823 530 οὐ
872 476 1204 549 πρόσκαιρα,
1230 476 1347 532 ἀλλ’
1380 476 1576 532 αἰώνια
1605 477 1769 549 ἔχεις.
1789 481 1986 533 Ίστέον

2095 486 2141 531 et
2167 480 2278 535 lnee
2302 497 2406 537 non
2428 492 2777 553 temporanca
2799 484 2893 539 tibi
2910 494 3060 551 sunt,
3087 483 3181 541 sed
3201 484 3461 556 perennia
3479 484 3671 541 habes.

407 568 483 635 δὲ,
525 568 669 621 ὅτιη
698 562 760 621 οὗ
793 567 862 621 τὰ
886 567 1027 634 θεῖα,
1060 566 1197 622 ἀλλὰ
1227 567 1295 622 τὰ
1323 565 1637 640 ἀνθρώπεια
1660 566 1754 622 τοῦ
1789 568 1989 621 Δεσπό-

409 674 502 712 του
530 656 771 726 Χριστοῦ
807 657 835 709 ὁ
876 657 1215 729 προφητικὺς
1235 658 1281 690 ³³
1321 658 1676 729 παρεδήλωσε
1708 658 1897 726 λόγος’
1930 657 1991 711 οὗ

410 745 518 818 γὰρ
549 747 616 801 ἂν
634 744 680 778 ⁸⁸
710 745 1020 818 ἀνθρώποις
1044 746 1135 800 τὸν
1161 746 1294 800 Θεὸν
1326 745 1485 815 λόγον
1513 747 1848 812 ἀπείκασεν,
1873 746 1994 800 οὐδ’

410 838 477 893 ἂν
514 838 708 892 τοῦτον
751 838 856 909 ἔφη
901 839 1054 909 παρὰ
1082 838 1219 892 Θεοῦ
1253 839 1500 911 δεδέχθαι
1520 839 1563 871 ¹⁸
1592 840 1692 911 τὴν
1718 838 1990 908 εὐλογίαν.

408 922 578 990 Οὗτος
627 929 737 1000 γάρ
787 929 1023 993 ἄϐυσσος
1071 928 1291 998 άγαθῶν
1320 929 1578 998 εὐλογίαν
1622 932 1734 993 τοῖς
1780 931 1994 992 πιστοῖς

406 1020 809 1084 ἀναϐλύζουσα.
843 1019 924 1074 Τὰ
943 1020 989 1053 ¹⁶
1021 1019 1338 1092 ἀνθρώπεια
1367 1021 1546 1074 τοίνυν
1575 1019 1662 1074 διὰ
1689 1020 1858 1074 τῶνδε
1886 1019 1995 1073 τῶν

410 1115 587 1184 λόγων
633 1113 729 1167 τοῦ
772 1114 1046 1167 Δεσπὸτου
1076 1113 1318 1186 Χριστοῦ
1366 1114 1753 1185 προεθέσπισε.
1785 1114 1996 1187 Μηδεὶς

408 1207 466 1262 δὲ
490 1205 755 1277 ἀντικρὺς
780 1206 1003 1260 ἐναντία
1030 1206 1151 1271 τοὺς
1178 1206 1468 1278 προφήτας
1495 1206 1748 1279 ἀλλήλοις
1776 1207 1994 1278 είρηκέ-

409 1314 498 1354 ναι
526 1297 753 1365 λεγέτω,
770 1297 990 1351 Ἠσαίου
1022 1298 1237 1352 ἀκούων
1270 1299 1501 1369 βοῶντος
1520 1312 1535 1329 ⁶
1574 1316 1594 1351 ι
1622 1300 1850 1371 Εῐδομεν
1893 1300 1994 1354 αὐ-

407 1387 521 1454 τὸν,
548 1390 646 1444 καὶ
678 1390 779 1444 οὐκ
817 1385 963 1461 εἶχεν
992 1384 1153 1456 εῖδος,
1184 1390 1307 1445 οὐδὲ
1341 1389 1557 1455 κάλλος,
1584 1390 1720 1445 ἀλλὰ
1763 1393 1823 1445 τδ
1856 1387 1995 1456 είδος

406 1479 573 1535 αὐτοῦ
604 1480 824 1550 ἄτιμον,
858 1481 1110 1535 ἐκλεῖπον
1132 1481 1286 1552 παρὰ
1313 1483 1441 1544 τοὺς
1468 1484 1620 1547 υίοὺς
1645 1482 1754 1536 τῶν
1782 1481 1994 1554 ἀνθρώ-

2099 570 2391 627 Sciendum
2426 585 2509 630 est
2560 587 2740 632 autem
2791 578 3174 648 propheticum
3208 591 3519 632 sermonem
3562 591 3676 631 non

2095 666 2279 721 divina
2325 668 2417 723 sed
2465 669 2703 725 humana
2744 671 2955 725 Domini
2980 670 3185 727 Christi
3210 672 3670 726 demonstrasse:

2096 773 2202 813 non
2225 759 2370 813 enim
2399 760 2715 819 hominibus
2740 761 2905 818 Deum
2930 762 3171 818 Verbum
3192 764 3553 832 comparavit,
3576 776 3675 815 ne-

2093 867 2199 919 que
2237 852 2386 907 hunc
2410 869 2436 905 a
2467 852 2574 909 Deo
2600 855 3032 911 benedictionem
3061 854 3345 925 accepisse
3379 853 3540 908 dixit.
3573 850 3676 907 Hic

2093 944 2238 999 enim
2267 946 2500 1017 abyssus
2529 948 2797 1002 bonorum
2830 957 2935 1014 est,
2960 948 3399 1004 benedictionem
3423 946 3675 1002 ﬁdelibus

2093 1036 2403 1093 el'l'undens.
2436 1037 2686 1094 Humana
2719 1040 2881 1111 igitur
2903 1040 3108 1096 Christi
3141 1040 3355 1096 Domini
3379 1039 3461 1093 his
3493 1039 3687 1094 verbis

2095 1130 2367 1200 praadixit.
2403 1129 2674 1186 Caeterum
2707 1146 2870 1186 nemo
2904 1132 3212 1202 suspicetur
3248 1133 3546 1203 prephetas
3568 1131 3675 1187 sibi

2093 1221 2328 1277 invicem
2371 1223 2790 1289 contradixisse,
2843 1223 3037 1279 Isaiam
3080 1224 3310 1280 audiens
3360 1225 3677 1280 exclaman-

2094 1323 2201 1370 tcm
2227 1316 2255 1355 ιι
2291 1335 2303 1371 :
2335 1335 2353 1368 ι
2396 1316 2647 1373 Vidimus
2677 1318 2879 1388 ipsum,
2915 1326 3104 1372 etnon
3139 1317 3379 1374 habebat
3411 1318 3676 1388 speciem,

2095 1424 2272 1477 neque
2314 1410 2775 1478 pulchritudinem
2814 1428 2828 1465 :
2871 1410 2965 1465 sed
2999 1410 3209 1478 species
3239 1409 3359 1479 ejus
3397 1410 3675 1479 despecta,

2094 1500 2335 1555 deterior
2388 1501 2517 1556 ﬁliis
2570 1502 2881 1557 hominum.
2920 1521 2939 1554 ι
3004 1501 3098 1557 Illa
3155 1502 3301 1557 enim
3356 1517 3573 1557 crucem
3622 1511 3685 1557 et

406 1586 547 1623 πων.
581 1588 601 1622 ι
640 1569 863 1626 Ἐκεῖνα
908 1570 1018 1642 γὰρ
1064 1571 1156 1625 τὸν
1185 1571 1419 1642 σταυρὸν
1450 1572 1545 1625 καὶ
1569 1571 1630 1625 τὸ
1660 1571 1832 1635 πάθος
1860 1589 1994 1643 προ-

2095 1593 2370 1649 crueiatus
2407 1595 2730 1663 praedicunt,
2782 1610 2905 1665 quae
2927 1595 3189 1650 violentia
3246 1604 3296 1648 et
3322 1593 3678 1649 contumeliis

405 1665 703 1732 αναφωνεῖ,
730 1661 767 1717 ἃ
796 1663 1086 1735 παροινίας
1109 1665 1205 1718 καὶ
1233 1661 1448 1735 ὕϐρεώς
1475 1665 1591 1717 ἐστι
1616 1662 1659 1694 ⁸⁷
1688 1663 1882 1735 μεστά.
1902 1662 1996 1716 Διὸ

402 1753 467 1826 δὴ
495 1754 588 1808 καὶ
617 1755 900 1825 ἐπήγαγεν
928 1756 956 1808 ὁ
986 1755 1274 1826 προφήτης
1291 1771 1304 1785 ο
1345 1754 1700 1827 «Ἀνθρωπος
1728 1756 1784 1807 ὲν
1811 1754 1992 1826 πληγῇ

400 1843 499 1913 ὢν,
531 1845 628 1898 καὶ
673 1844 832 1910 εἰδὼς
877 1845 1068 1919 φέρειν
1110 1845 1408 1919 μαλακίαν,
1439 1846 1742 1918 ὴτιμάσθη,
1768 1846 1861 1901 καὶ
1891 1847 1993 1901 οὐκ

402 1934 679 2007 ἐλογίσθη,
709 1944 733 1988 ι’
769 1937 866 1993 καὶ
905 1938 977 1993 τά
1006 1938 1146 1993 ἄλλα
1183 1937 1333 2008 ἑξῆς,
1366 1936 1434 1992 τὰ
1459 1938 1521 1993 τὸ
1549 1938 1721 2001 πάθος
1760 1937 1993 2011 μηνύον-

400 2044 490 2083 τα.
509 2027 569 2082 ’0
592 2026 649 2081 δὲ
673 2026 893 2100 ψαλμδς
919 2029 1117 2094 κάλλος
1158 2029 1327 2085 αὑτοῦ
1353 2031 1515 2085 καλεῖ
1531 2071 1545 2093 ,
1581 2030 1644 2083 οὐ
1672 2029 1735 2082 τὸ
1759 2028 1855 2082 τοῦ
1887 2028 1993 2083 σώ-

404 2137 598 2191 ματος,
628 2119 766 2175 ἀλλά
807 2122 907 2192 τῆς
944 2123 1148 2194 ἀρετῆς
1177 2124 1273 2177 καὶ
1315 2122 1499 2193 πάσης
1532 2121 1901 2193 δικαιοσύνης,
1932 2120 1994 2175 τὸ

401 2211 681 2283 ἁμαρτίας
729 2211 790 2267 οὐ
838 2212 1132 2285 δεξάμενον
1181 2215 1392 2282 σπῖλον,
1434 2215 1495 2267 τὸ
1544 2213 1723 2285 πάσης
1777 2212 1995 2285 κηλίδος

402 2302 724 2375 ἐλεύθερον.

581 2423 643 2473 ε’.
705 2436 724 2470 ι
782 2416 1089 2489 Περίζωσαι
1144 2416 1244 2487 τὴν
1295 2418 1576 2488 ρομφαίαν
1610 2436 1705 2472 σου
1763 2420 1854 2473 ἐπὶ
1901 2419 1994 2474 τὸν

407 2510 586 2581 μηρόν
642 2526 761 2574 σου,
820 2507 1041 2563 δυνατέ.
1081 2509 1161 2579 Τῇ
1193 2509 1236 2540 ⁸⁸
1274 2510 1575 2581 ὡραιότητί
1634 2527 1730 2563 σου
1782 2511 1878 2565 καὶ
1917 2511 1995 2582 τῷ

404 2602 595 2656 κάλλει
619 2617 735 2664 σου,
765 2600 861 2654 καὶ
887 2598 1209 2664 ἔντεινονη,
1229 2603 1320 2653 καὶ
1356 2602 1680 2665 κατευοδοῦ,
1710 2602 1806 2655 καὶ
1841 2603 1995 2672 βασί-

404 2694 552 2747 λευε.
604 2712 623 2745 ι
659 2690 772 2764 Τὴν
806 2691 957 2763 ὥραν
984 2690 1294 2761 διαγράψας
1340 2693 1438 2745 καὶ
1468 2692 1567 2764 τὴν
1604 2695 1821 2763 σοφίαν,
1859 2695 1994 2747 ὐπο-

403 2782 650 2837 ὃείκνυσι
704 2782 801 2835 καὶ
837 2780 935 2851 τὴν
997 2780 1232 2851 δύναμιν
1288 2782 1383 2834 καὶ
1428 2782 1529 2851 τὴν
1583 2784 1912 2851 πανοπλίαν,

405 2875 759 2947 χρησάμενος
781 2875 912 2937 τοὺς
952 2873 1234 2937 ἐναντίους
1270 2875 1561 2929 κατέλυσε.
1601 2877 1712 2930 Καὶ
1761 2877 1822 2930 τὸ
1860 2878 1996 2932 ’πάιν⁶

403 2983 516 3021 των
539 2966 688 3038 ἡμᾶς
719 2963 1167 3034 παραδοξότατον
1206 2968 1444 3038 πρᾶγμα
1501 2967 1769 3021 διδάσκει.
1818 2968 1995 3037 Αὐτὴν

404 3057 520 3130 γάρ
572 3055 742 3112 αὐτοῦ
795 3057 896 3129 τὴν
946 3056 1119 3127 ὥραν,
1159 3058 1256 3111 καὶ
1308 3057 1619 3111 πανοπλίαν
1673 3058 1846 3127 λέγει,
1900 3060 1997 3113 καὶ

2096 1682 2293 1737 referta
2348 1693 2492 1738 sunt.
2541 1683 2700 1740 Unde
2756 1685 3041 1755 subjunxit
3088 1684 3401 1755 propheta:
3444 1702 3463 1735 ι
3503 1679 3681 1739 Homo

2026 1824 2069 1884 Β
2097 1789 2411 1845 percussus,
2458 1785 2522 1835 .et
2560 1777 2738 1832 sciens
2777 1777 2919 1832 ferre
2949 1776 3347 1840 inﬁrmitatem,
3388 1777 3690 1847 despectus

2096 1870 2200 1931 est,
2231 1875 2282 1921 et
2312 1884 2421 1922 non
2459 1880 2740 1938 reputatus
2773 1879 2875 1928 est.
2920 1888 2939 1919 ι
2974 1879 3028 1923 et
3056 1869 3161 1924 alia
3195 1884 3318 1938 quae
3351 1875 3676 1939 sequuntur,

2093 1974 2212 2026 qua:
2259 1960 2569 2029 passionem
2613 1960 2878 2015 indicant.
2915 1959 3168 2016 Psalmns
3196 1970 3379 2016 autem
3411 1960 3531 2029 ejus
3558 1959 3681 2030 pul-

2094 2050 2458 2106 chritudinem
2519 2064 2695 2121 vocat,
2743 2069 2850 2108 non
2893 2056 3163 2124 corporis,
3197 2054 3291 2110 sed
3332 2054 3574 2121 virtutis,
3625 2062 3682 2110 et

2097 2142 2264 2198 totius
2288 2143 2535 2212 justitiie.
2570 2162 2691 2215 qua:
2720 2163 2824 2199 non
2859 2147 3078 2203 admisit
3112 2147 3286 2202 labem
3318 2148 3550 2217 peccati,
3584 2145 3685 2201 sed

2097 2233 2193 2289 fuit
2243 2238 2423 2292 omnis
2458 2239 2685 2293 macula:
2720 2256 2936 2308 expers.

2170 2415 2340 2486 889
2374 2417 2539 2473 Vens.
2574 2418 2629 2483 4,
2673 2419 2725 2474 5.
2762 2439 2782 2471 ι
2829 2420 3070 2489 Accinge
3107 2428 3160 2475 te
3176 2420 3357 2489 gladio
3388 2430 3483 2475 tuo
3514 2435 3685 2491 super

2099 2507 2277 2561 l't-tnur
2309 2520 2485 2570 tuum,
2517 2511 2918 2576 potentissime.
2964 2512 3159 2581 Specie
3186 2520 3279 2565 tua
3319 2521 3375 2567 et
3435 2512 3682 2581 pulchri-

2096 2601 2285 2653 tudine
2322 2609 2411 2655 tua
2447 2602 2699 2666 intende,
2749 2618 3011 2672 prospere
3045 2604 3301 2673 procede,
3337 2613 3392 2659 et
3432 2619 3619 2674 regna.
3655 2620 3675 2655 ι

2096 2686 2382 2759 Deseripta
2417 2692 2597 2760 specie
2624 2701 2678 2745 et
2709 2693 3000 2762 sapientia,
3033 2693 3271 2746 ostendit
3297 2702 3351 2747 et
3379 2694 3681 2763 potentiam

2097 2788 2147 2835 et
2191 2797 2364 2845 arma,
2392 2784 2594 2851 quibus
2627 2799 2762 2839 usus
2800 2783 3148 2839 adversarios
3210 2784 3540 2855 proﬂigavit,
3585 2784 3686 2840 dn-

2096 2878 2293 2938 cetque
2325 2886 2424 2924 nos
2451 2886 2563 2926 rem
2596 2873 2841 2926 omnium
2877 2873 3116 2927 maxime
3147 2873 3558 2930 admirabilem.
3593 2873 3685 2946 lp-

2098 2975 2213 3016 sam
2245 2962 2391 3015 enim
2443 2962 2563 3031 ejus
2597 2962 2863 3031 speciem,
2895 2971 2944 3017 et
2976 2978 3129 3016 arma
3159 2977 3284 3018 esse
3315 2964 3472 3029 dicit,
3505 2973 3560 3019 et
3590 2979 3686 3035 po-

2101 3054 2348 3108 tentiam.
2372 3053 2507 3109 Nam
2534 3076 2552 3109 ι
2578 3056 2814 3125 Accinge
2843 3067 2914 3121 te,
2941 3056 3142 3128 inquit,
3166 3057 3345 3129 gladio
3381 3066 3476 3113 tuo
3515 3072 3689 3128 super

398 3151 661 3221 δύναμιν.
698 3168 717 3201 ι
748 3147 1063 3220 Περίξωσαι
1097 3167 1116 3200 ›
1157 3150 1289 3220 γὰρ,
1334 3167 1353 3200 ι
1385 3148 1542 3219 φησὶ,
1578 3148 1677 3220 τὴν
1720 3151 1994 3221 ῥομφαίαν

2105 3148 2282 3204 femur
2309 3159 2492 3214 tuum,
2523 3153 2937 3219 potentissime:
2973 3153 3155 3223 specie
3188 3164 3279 3207 tua
3302 3160 3357 3207 et
3386 3151 3685 3221 pulchritu-

408 3262 506 3300 σου
530 3244 626 3298 ἐπὶ
652 3244 748 3298 τὸν
777 3243 954 3315 μηρόν
983 3261 1101 3306 σου,
1126 3243 1340 3309 δυνατὲ,
1364 3246 1432 3315 τῇ
1459 3244 1756 3315 ὡραιότητί
1784 3262 1875 3297 σου
1907 3245 1994 3298 καὶ

2102 3242 2229 3295 dine
2260 3250 2373 3295 tua.
2416 3262 2432 3292 ι
2474 3241 2538 3295 Et
2573 3259 2695 3296 eum
2751 3242 2981 3297 dixisset
3023 3262 3036 3298 :
3081 3262 3098 3294 ι
3140 3241 3388 3301 Intende.
3422 3256 3686 3311 prospere

406 3337 485 3409 τῷ
518 3337 710 3392 κάλλει
739 3354 855 3393 σου.
881 3355 900 3387 ι
926 3336 1038 3389 Καὶ
1069 3335 1329 3409 εἰρηκὼς,
1354 3331 1710 3399 ισἝντεινον,
1743 3339 1839 3391 καὶ
1865 3357 1994 3392 κατ-

2102 3336 2358 3402 procede,
2390 3343 2444 3387 et
2468 3350 2656 3401 regna,
2678 3353 2695 3386 ι
2729 3336 2912 3389 statim
2937 3335 3223 3403 subiunxit
3247 3354 3260 3389 :
3291 3352 3310 3385 ι
3338 3330 3566 3402 PrOptcr
3588 3349 3689 3387 ve-

404 3426 617 3490 ευοδοῦ,
652 3428 749 3481 καὶ
774 3425 1056 3498 βασίλευε,
1097 3446 1116 3479 ι
1155 3426 1320 3490 εὐθὺς
1346 3428 1630 3500 ἐπήγαγεν
1659 3446 1674 3461 ’
1713 3449 1732 3480 ‹
1769 3429 1998 3485 Ἕνεκεν

406 3521 692 3594 ἀληθείας,
725 3521 821 3575 καὶ
851 3520 1164 3592 πραότητος
1190 3519 1257 3583 ⁸⁰,
1284 3519 1378 3573 καὶ
1404 3518 1778 3591 δικαιοσύνης.
1822 3541 1840 3574 ι
1896 3521 2000 3575 Σα-

400 3613 528 3683 φῶς
560 3613 646 3667 διὰ
698 3612 909 3667 τούτων
958 3612 1253 3679 διδάσκων,
1294 3612 1371 3677 ὡς
1424 3616 1457 3686 ἡ
1497 3614 1750 3688 ἀλήθεια,
1812 3617 1909 3672 καὶ
1961 3620 1994 3690 ἡ

407 3705 677 3779 πραότης,
714 3703 868 3775 καὶὴ
927 3703 1271 3774 δικαιοσύνη,
1313 3706 1409 3760 καὶ
1440 3705 1637 3771 κάλλος
1690 3707 1859 3761 αὐτοῦ
1901 3710 1999 3763 καὶ

404 3796 638 3868 δύναμις
666 3798 763 3852 καὶ
811 3796 1085 3851 πανοπλία
1128 3797 1245 3850 ἐστὶ
1273 3798 1342 3863 ²¹,
1389 3799 1482 3851 καὶ
1537 3799 1688 3870 νίκη.
1741 3801 1900 3853 Ἔστι
1938 3800 1997 3854 δὲ

402 3893 641 3948 ἀκοῦσαι
692 3890 864 3947 αὐτοῦ
892 3891 941 3922 ²¹
970 3891 1067 3945 τοῦ
1113 3890 1327 3962 Κυρίου
1388 3889 1668 3959 λέγοντος,
1707 3911 1726 3944 ι
1771 3892 1995 3947 Μάθετε

404 3984 503 4038 ἀπ’
530 3982 698 4056 ὲμοῦς
715 3984 798 4038 ὅτι
830 3982 1009 4056 πρᾶός
1047 3984 1190 4054 είμι,
1228 3983 1323 4036 καὶ
1366 3984 1624 4048 ταπεινὸς
1661 3988 1727 4057 τῇ
1772 3986 1993 4058 καρδίᾳ,

406 4077 502 4130 καὶ
548 4078 814 4149 εὑρήσετε
845 4075 1159 4129 ἀνάπαυσιν
1190 4079 1315 4140 ταῖς
1366 4076 1570 4146 ψυχαῖς
1611 4077 1789 4147 ὑμῶν.
1828 4097 1846 4130 ι
1883 4077 1995 4132 Καὶ

407 4170 574 4225 πάλιν
603 4169 671 4234 ⁸³,
713 4188 732 4222 ι
781 4167 926 4238 Ἐγώ
949 4170 1069 4240 είμι
1100 4169 1133 4241 ἠ
1163 4168 1304 4233 ὁδὸς,
1346 4170 1498 4240 καὶὴ
1532 4169 1781 4240 ἀλήθεια,
1822 4171 1917 4224 καὶ
1958 4173 1991 4242 ἡ

406 4258 547 4333 ζωή.
580 4280 600 4314 ι
634 4259 748 4315 Καὶ
766 4259 902 4333 πρὸς
930 4260 1022 4314 τὸν
1041 4260 1333 4314 θεσπέσιον
1358 4260 1406 4292 ’⁸
1445 4259 1701 4332 Ἰωάννην
1721 4279 1735 4290 ·
1777 4282 1796 4314 ι
1824 4263 1995 4332 Ἀφες

406 4354 556 4426 ἄρτι,
590 4352 738 4407 οὕτω
765 4352 877 4426 γάρ
901 4354 1115 4425 πρέπον
1139 4355 1273 4423 ἡμῖν
1323 4354 1441 4408 ἐστι
1487 4354 1779 4424 πληρῶσαι
1812 4357 1995 4409 πᾶσαν

402 4444 782 4516 δικαιοσύνην.
820 4461 839 4496 ι
881 4445 993 4497 Καὶ
1023 4442 1114 4497 διὰ
1153 4443 1363 4497 τούτων
1405 4444 1502 4497 τοῦ
1540 4444 1842 4515 ἀλάστορος
1894 4444 1995 4517 τὴν

407 4534 706 4605 τυραννίδα
761 4534 1054 4600 κατέλυσε,
1104 4535 1199 4589 καὶ
1258 4535 1353 4589 τὸν
1393 4535 1626 4590 θάνατον
1672 4537 1853 4601 ἔλυσε,
1900 4540 1997 4591 καὶ

408 4625 526 4689 τοῖς
550 4627 946 4679 πεπιστευκόσι
971 4624 1215 4698 παρέσχε
1249 4623 1349 4695 τὴν
1398 4627 1700 4697 σωτηρίαν.
1740 4644 1760 4679 ι
1805 4629 1918 4681 Ka‘.
1942 4629 1990 4662 ’⁵

408 4715 670 4788 ὁδηγήσει
701 4734 762 4771 σε
787 4715 1125 4787 θαυμαστῶς
1153 4718 1187 4787 ὴ
1221 4716 1369 4781 δεξιά
1411 4734 1528 4770 σου.
1572 4735 1592 4770 ι
1637 4718 1856 4791 Ἐπειδὴ
1888 4720 1998 4792 γάρ

412 4807 695 4878 ῥομφαίας
770 4809 1207 4880 ἐμνημόνευσεν,
1265 4808 1582 4873 ἀκολούθως
1655 4811 1750 4863 καὶ
1813 4811 1998 4876 δεξιᾶς

2101 3423 2345 3487 rilalctu,
2382 3424 2867 3479 mansuetudinem
2900 3435 2953 3478 ct
2978 3426 3278 3494 justitiam.
3318 3443 3336 3476 ι
3392 3420 3693 3479 Manifesta

2101 3532 2197 3585 per
2224 3517 2339 3570 lucc
2363 3516 2587 3583 docens,
2623 3515 2909 3570 veritatem
2973 3528 3023 3569 et
3062 3515 3571 3578 mansuetudinem,
3630 3521 3687 3569 et

2096 3606 2367 3677 justitiam
2415 3605 2535 3675 ejus
2592 3620 2715 3659 esse
2762 3604 3248 3674 pulchritudinem,
3279 3613 3335 3657 et
3359 3601 3682 3672 potentiam,

2099 3710 2155 3755 et
2198 3714 2375 3762 arma,
2415 3708 2469 3753 et
2516 3697 2829 3751 victoriam.
2865 3695 3013 3750 Licet
3052 3708 3233 3749 autem
3276 3694 3456 3763 ipsum
3494 3691 3691 3747 Domi-

2099 3807 2231 3846 num
2291 3789 2485 3845 audire
2515 3790 2788 3843 dicentem
2817 3807 2830 3841 :
2871 3806 2889 3839 ι
2926 3788 3129 3843 Discite
3160 3801 3191 3841 a
3224 3800 3332 3852 me,
3372 3791 3387 3805 '
3419 3783 3687 3853 quoniam

2098 3885 2247 3939 mitis
2297 3899 2442 3950 sum,
2468 3894 2521 3937 et
2552 3882 2777 3936 humilis
2807 3881 2992 3945 corde,
3026 3889 3083 3935 et
3110 3878 3402 3934 invenietis
3437 3878 3683 3947 requiem

2098 3978 2384 4033 animabus
2444 3978 2639 4031 vestris
2675 3973 2716 4028 ι.
2749 3994 2767 4027 ι
2806 3973 2875 4030 Ει
2933 3990 3171 4031 rursus:
3216 3991 3236 4026 ι
3285 3973 3395 4044 Ego
3420 3988 3540 4027 sum
3568 3971 3685 4037 via,

2099 4070 2367 4126 veritasct
2396 4067 2504 4123 vita
2534 4077 2596 4121 ιιι.
2637 4086 2655 4118 ι
2700 4066 2847 4121 Etad
2880 4066 3126 4121 divinum
3152 4063 3458 4120 Joannem:
3496 4082 3516 4116 ι
3552 4062 3686 4119 Sine

2100 4182 2243 4222 nune
2267 4208 2283 4234 ,
2316 4167 2397 4222 sic
2426 4167 2570 4222 enim
2598 4164 2854 4220 convenit
2887 4178 2988 4218 nos
3018 4162 3244 4233 implere
3272 4175 3488 4216 omnem
3515 4158 3690 4229 justi-

2098 4260 2229 4314 tiam
2253 4267 2303 4311 ιι.
2331 4277 2350 4309 ι
2383 4256 2484 4312 l’er
2505 4257 2620 4311 haec.
2649 4264 2826 4310 autem
2853 4253 3119 4310 daemonis
3157 4251 3497 4323 tyrannidem
3527 4264 3684 4305 ever-

2097 4351 2249 4417 tit,et
2295 4361 2526 4404 mortem
2558 4348 2829 4412 dissolvit,
2861 4355 2916 4402 et
2944 4345 3295 4401 credentibus
3315 4344 3544 4399 salutem
3571 4341 3684 4396 lar-

2103 4446 2249 4515 gitus
2296 4453 2402 4499 cst.
2438 4461 2456 4495 ι
2499 4440 2566 4496 Et
2597 4442 2763 4497 ducet
2802 4448 2854 4494 te
2882 4437 3211 4494 mirabiliter
3239 4437 3462 4491 dextera
3495 4444 3609 4490 tua.
3657 4452 3679 4488 ι

2103 4536 2403 4606 Postquam
2419 4535 2565 4590 enim
2580 4534 2744 4605 gladii
2775 4530 3041 4597 meminit,
3051 4530 3177 4599 jure
3204 4529 3439 4584 dextera:
3456 4524 3686 4582 mentio-

2104 4646 2227 4683 nem
2259 4627 2405 4682 fecit.
2440 4626 2670 4681 Dextera
2702 4639 2832 4679 vero
2854 4623 2995 4695 ejus,
3024 4622 3247 4678 dextera
3272 4619 3530 4681 consilia,
3561 4616 3689 4689 qui-

2105 4724 2209 4777 bus
2256 4736 2391 4776 usus
2433 4716 2602 4791 890
2651 4716 2861 4788 peccati
2914 4716 3198 4771 incursum
3247 4727 3359 4767 non
3424 4719 3510 4767 est
3556 4724 3691 4781 pas-

2105 4829 2218 4869 SIIS.

411 4904 719 4975 ἐποιήσατο
780 4905 1025 4976 μνήμην.
1086 4904 1263 4971 Δεξιά
1323 4905 1382 4960 δὲ
1430 4904 1633 4972 αὑτοῦ,
1694 4906 1761 4960 τά
1822 4905 1973 4974 δεξιά
2027 4908 2393 4980 βουλεύματα,
2443 4903 2528 4971 οἷς
2576 4904 2916 4977 κεχρημένος
2957 4903 3058 4974 τὴν
3112 4901 3213 4972 τῆς
3257 4900 3532 4972 ἁμαρτίας
3589 4895 3691 4950 οὒκ

410 4998 637 5065 ἐδέξατο
668 5001 995 5073 προσϐολήν.

495 5162 521 5201 ι
558 5160 665 5217 lsa.
701 5176 823 5227 Lm,
853 5165 910 5229 2,
943 5163 998 5218 3.
1080 5161 1099 5202 1
1134 5162 1324 5219 Matth.
1363 5180 1443 5230 xi,
1477 5164 1568 5220 29.
1643 5172 1683 5202 ³
1711 5162 1870 5221 Joan.
1898 5180 1991 5219 xrv

2095 5204 2100 5218 .
2178 5173 2204 5202 ιι
2241 5162 2434 5218 Matth.
2482 5176 2570 5226 nt,
2607 5159 2697 5213 15.

1535 5319 1770 5375 VARUE
1808 5320 2192 5378 LECTIONES
2234 5322 2319 5375 ET
2358 5320 2594 5378 NOTIE.

519 5434 563 5505 ξ’
592 5435 735 5490 Ὅτι.
767 5436 889 5489 cod.
928 5436 980 5501 Ι,
1002 5436 1039 5490 ‘2
1070 5437 1201 5505 «bc,
1247 5437 1291 5468 ¹³
1322 5438 1718 5505 Προφητικός.
1757 5439 1881 5492 cod.
1920 5439 1956 5491 2
1995 5439 2334 5503 δεσποτικός.

418 5502 547 5559 cod.
576 5505 611 5560 2
637 5505 693 5558 δὲ
726 5505 1001 5579 δέχεσθαι.
1081 5508 1125 5538 ¹⁶
1164 5504 1266 5579 Ἰξά.
1303 5502 1426 5579 cod.
1447 5502 1496 5561 ’3
1526 5502 1685 5561 addit
1705 5509 1784 5579 δέ.
1828 5578 1831 5579 ν
1867 5509 1909 5540 ³⁷
1933 5510 1994 5562 Ἐ

2095 5527 2120 5560 ε.
2157 5512 2277 5579 cod.
2315 5510 2367 5571 1,
2400 5507 2434 5561 9.
2461 5508 2694 5579 ὑπῆρχε.

422 5591 585 5648 praec.
623 5576 821 5648 versic.
860 5575 1433 5648 fuissentrcferenda.
1514 5579 1557 5610 ¹⁹
1589 5580 1711 5632 cod.
1748 5578 1783 5631 ἢ
1813 5578 1994 5631 ἔντεινε

2115 5581 2158 5609 ³⁸
2183 5578 2311 5633 Rue.
2354 5581 2510 5631 lectio
2534 5575 2589 5631 li.
2616 5575 2662 5631 ί.
2698 5587 2781 5633 est
2824 5575 3156 5648 πραΰτηξος.

2417 5437 2460 5469 ’⁸
2494 5437 2817 5493 ’Λγ.’Ᾱ1›ρει
2857 5453 2884 5490 a
2934 5438 3056 5494 cod.
3098 5438 3148 5498 l,
3182 5435 3235 5489 9.
3316 5434 3359 5466 "
3391 5431 3688 5500 Δεδέχθαρ.

2786 5510 2829 5540 ¹⁸
2856 5507 2938 5576 Τῇ
2961 5539 3028 5549 -—
3057 5506 3271 5561 κάλλει
3304 5520 3441 5557 σου.
3479 5504 3599 5557 lianc.
3628 5501 3693 5554 ad

2824 5579 3156 5627 πραΰτητος.
3235 5576 3277 5605 ¹¹
3314 5575 3502 5627 Ἐστι.
3530 5572 3696 5624 Abest

424 5642 455 5696 Ξι
479 5645 603 5718 cod.
636 5646 689 5710 l,
724 5648 778 5699 ‘2.
823 5714 835 5718 _
856 5648 909 5718 ’ἶ
935 5646 1307 5718 Αὐτοῦεοοίὶ.
1341 5650 1362 5699 ί
1397 5662 1582 5718 ριάνη.
1613 5648 1725 5703 καί.
1805 5649 1989 5718 ’ξΚιιὶ

2100 5652 2201 5701 λιν
2225 5679 2289 5691 -ο
2323 5650 2648 5713 σωτηρίαν.
2681 5648 2807 5703 Des.
2853 5642 2993 5718 apud
3032 5642 3205 5701 ’Cord.
3230 5659 3285 5712 p.
3316 5642 3440 5697 846.
3487 5642 3567 5718 _'_‘_
3589 5642 3693 5718 Qe-

423 5711 712 5768 O'Jzéo'icr.
738 5714 862 5769 cod.
882 5713 919 5767 ἓ
939 5716 1102 5769 θεῖον.
1133 5717 1319 5787 "‘Kai
1354 5711 1422 5758 4
1453 5717 1624 5781 σεξιά
1658 5735 1799 5774 σοι’.
1838 5717 1994 5774 "chr.

2101 5719 2233 5772 (abit
2264 5730 2311 5773 te
2350 5711 2610 5772 terribilia
2643 5720 2859 5773 dextera
2889 5711 3001 5785 ina,
3030 5732 3191 5787 quem
3223 5711 3444 5771 sensum
3483 5711 3697 5768 felicius

420 5795 810 5854 expresserunt
845 5787 1040 5853 Aquila
1074 5796 1129 5841 et
1170 5785 1381 5856 Symm.
