4108 6470
379 341 509 404 1⁵215

1368 317 1861 382 THEODORETI
1890 311 2235 376 EPISCOPI
2284 309 2656 371 CYRENSIS

3503 299 3637 364 1216

381 470 400 504 ι
442 448 738 504 Vobiscum
784 459 904 501 sum
951 441 1209 498 omnibus
1247 439 1444 495 diebus
1476 453 1649 508 usque
1701 436 1769 491 ad
1817 448 1952 490 con-

2074 431 2170 498 ιίμι
2205 427 2385 489 πάσας
2440 426 2542 489 τὰς
2575 424 2812 495 ἡμέρας,
2869 419 2974 486 ἕως
3027 419 3126 491 τῆς
3176 415 3491 480 συντελείας
3543 415 3639 470 τοῦ

375 540 800 599 summationem
832 536 1016 593 επιξυιὶ
1043 543 1090 590 ιι.
1125 554 1142 586 ι

448 630 614 685 Vens.
648 629 734 684 ll.
766 647 784 679 ι
816 626 986 692 Quale
1016 633 1100 680 est
1130 637 1330 678 nomen
1363 631 1539 685 tuum,
1571 634 1605 674 o
1635 619 1800 684 Deus,
1829 617 1953 672 talis

372 723 542 778 etiam
575 729 659 776 est
689 721 805 774 laus
838 729 927 773 tua
960 718 1026 772 ad
1074 717 1208 771 lines
1253 725 1430 770 terrae.
1465 733 1482 764 ι
1523 713 1666 767 Falsi
1714 711 1792 766 dii
1843 726 1953 766 non

380 815 583 867 habent
611 811 914 882 potentiam
947 809 1298 878 appellationi
1348 804 1772 876 respondentem
1805 817 1956 857 :non

374 903 525 957 enim
563 911 691 956 sunt
722 901 864 969 quod
901 908 1188 954 vocantur.
1237 896 1445 950 Nomen
1494 907 1676 949 autem
1717 904 1892 958 tuum,
1925 909 1959 948 ο

376 994 626 1058 Domine,
657 1011 820 1064 opera
850 1002 1178 1063 sequuntur,
1213 997 1229 1014 '
1263 1007 1384 1060 quae
1437 990 1824 1059 appellationis
1868 1003 1959 1042 ve-

377 1088 595 1140 ritatem
625 1087 943 1156 praedicant.
970 1084 1178 1138 Idcirco
1198 1084 1345 1147 justc
1369 1097 1397 1134 a
1427 1090 1540 1134 toto
1565 1081 1696 1133 orbe
1723 1079 1961 1149 hymnus

379 1178 478 1231 tibi
517 1177 765 1232 oll‘ertur.
811 1177 881 1231 Ut
923 1176 1070 1231 enim
1121 1174 1368 1227 omnium
1421 1172 1563 1226 Deus
1607 1182 1711 1236 est,
1763 1171 1844 1224 sic
1894 1169 1964 1223 ab

381 1273 638 1327 omnibus
693 1272 970 1326 laudatur.
1036 1290 1055 1322 ι
1095 1270 1332 1326 Iustitiae
1377 1269 1536 1338 plena
1595 1277 1680 1323 est
1739 1267 1964 1322 dextera

383 1374 496 1419 tua.
530 1384 548 1415 ι
578 1363 732 1420 Justa
759 1366 904 1418 enint
938 1365 1208 1418 sententia
1239 1363 1447 1432 prolata
1468 1361 1749 1430 dissipasti
1777 1363 1965 1416 hostes

383 1459 473 1528 qui
506 1465 695 1512 contra
727 1472 828 1511 nos
866 1465 1312 1511 assurrexerunt.

459 1629 625 1685 Vens.
657 1629 744 1684 l2.
781 1648 799 1681 ι
825 1630 1064 1684 Laetetur
1098 1645 1254 1683 mons
1283 1628 1437 1690 Sion.
1470 1636 1526 1684 et
1553 1627 1969 1683 exsultentlllire

385 1721 572 1786 .ludm,
625 1731 850 1791 propter
894 1721 1102 1791 judicia
1134 1731 1246 1785 tua,
1298 1737 1330 1776 ο
1373 1719 1627 1775 Domine.
1664 1740 1681 1772 ι
1730 1720 1967 1775 Montem

2055 519 2308 581 αίῶνος⁸¹
2321 557 2334 570 .
2375 537 2392 568 ι

2130 619 2219 665 ια’.
2267 630 2284 661 ι
2322 609 2480 664 Κατὰ
2528 608 2588 661 τὸ
2631 607 2803 677 δνομά
2834 623 2954 669 σου,
2992 605 3016 658 £-
3055 603 3209 667 Θεὸς,
3259 601 3435 664 οὕτως
3467 599 3563 654 καὶ
3607 600 3641 668 ἡ

2057 705 2262 766 αἵνεσίς
2301 720 2394 756 σου
2422 703 2517 755 ἐπὶ
2548 703 2616 754 τὰ
2651 699 2867 771 πέρατα
2896 697 2999 768 τῆς
3039 697 3164 767 γῆς.
3204 716 3224 748 ι
3261 697 3323 748 Ol
3367 692 3643 764 ψευδώνυ-

2063 814 2153 868 μοι
2181 796 2295 849 θεοὶ
2336 795 2437 848 οὐκ
2489 794 2674 863 ἔχουσι
2733 790 3145 860 συμϐαίνουσαν
3194 791 3260 860 τῇ
3303 784 3644 856 προσηγορίᾳ

2058 892 2158 960 τὴν
2189 887 2450 958 δύναμιν·
2476 888 2539 940 οὐ
2578 887 2686 958 γάρ
2726 886 2865 940 είσιν
2905 883 2934 938 ὃ
2968 882 3284 936 καλοῦνται.
3338 879 3430 950 Τῷ
3464 879 3522 931 δὲ
3567 877 3647 946 σῷ

2061 984 2305 1054 ὀνόματι,
2333 981 2602 1043 Δέσποτα,
2633 979 2831 1032 ’ἐπεται
2863 977 2931 1031 τὰ
2978 975 3121 1046 ἔργα
3163 973 3511 1043 κηρύττοντα
3548 969 3648 1040 τὴν

2060 1078 2162 1148 τῆς
2188 1072 2562 1146 προσηγορίας
2604 1071 2882 1142 ἀλήθειαν.
2921 1064 2998 1123 Ob
3031 1068 3096 1137 δὴ
3121 1068 3282 1137 χάριν
3309 1064 3536 1126 δικαίως
3567 1079 3650 1114 σοι

2064 1166 2218 1236 παρᾶ
2274 1165 2455 1233 πάσης
2487 1163 2585 1232 τῆς
2625 1159 2954 1230 οἰκουμένης
2971 1156 3017 1189 ⁸³
3051 1160 3080 1210 ὁ
3109 1156 3280 1226 ὕμνος
3338 1154 3650 1224 προσφέρε-

2065 1277 2175 1311 ται.
2220 1256 2369 1316 ⁹Ως⁸³
2398 1255 2508 1326 γὰρ
2561 1253 2820 1307 ἁπάντων
2855 1251 3012 1316 Θεὸς,
3049 1248 3196 1302 οὓτω
3222 1246 3376 1316 παρὰ
3426 1245 3652 1299 πάντων

2067 1352 2321 1422 ὑμνεῖται
2345 1349 2410 1401 ³⁸.
2463 1366 2480 1398 ι
2534 1345 2892 1414 Δικαιοσύνης
2928 1343 3208 1413 πλήρηςή
3266 1339 3420 1406 δεξιά
3471 1354 3586 1390 σου.
3629 1355 3649 1387 ι

2068 1441 2267 1510 Δικαία
2322 1438 2432 1508 γὰρ
2488 1437 2654 1506 ψήφῳ
2712 1434 3096 1505 χρησάμενος,
3151 1430 3279 1492 τοὺς
3329 1426 3454 1480 καθ’
3495 1424 3656 1496 ἡμῶν

2070 1530 2483 1592 ὲπαναστάντας
2519 1525 2815 1595 πολεμίους
2845 1524 3167 1585 ἐσκέδασας.

2144 1621 2228 1675 ιδ’.
2266 1638 2284 1670 ι
2317 1617 2694 1690 Εὐφρανθήτω
2717 1615 2843 1685 ὅρος
2869 1612 3031 1677 Σιὼν,
3066 1613 3164 1665 καὶ
3194 1607 3657 1678 ἀγαλλιάσθωσαν

2072 1716 2127 1768 αἱ
2155 1712 2453 1784 Θυγατέρες
2481 1713 2581 1782 τῆς
2623 1708 2904 1770 Ἰουδαίας,
2950 1705 3117 1758 ἕνεκα
3139 1703 3184 1735 ⁸⁸
3224 1703 3337 1755 τῶν
3372 1701 3660 1772 κριμάτων

390 1813 572 1867 Siom’s
599 1813 818 1867 vocavit
843 1827 938 1868 eos
981 1812 1182 1879 quibus
1219 1811 1506 1883 theologiae
1546 1813 1780 1866 altitudo
1817 1828 1970 1868 eom-

2074 1824 2190 1870 σου,
2213 1777 2408 1876 Κύριε.
2441 1821 2460 1855 ι
2493 1777 2671 1871 ’ὀρος
2695 1797 2850 1853 Σιὼν
2869 1797 2997 1861 τοὺς
3021 1796 3080 1848 τὸ
3109 1794 3243 1864 ὖᾲος
3265 1795 3359 1864 τῆς
3378 1791 3660 1860 θεολογίας

388 1903 559 1957 missa
591 1909 696 1956 est.
753 1900 929 1956 Filias
975 1909 1154 1956 autem
1195 1900 1377 1964 Judte,
1411 1903 1748 1969 nuncupavit
1781 1900 1968 1955 Eccle-

391 1993 505 2046 sias
550 2006 672 2060 quae
718 2006 812 2060 per
857 1989 1045 2044 orbem
1090 1999 1359 2044 terrarum
1413 1998 1560 2052 sunt,
1614 1998 1871 2059 tanquam
1901 1988 1970 2042 ab

393 2085 658 2154 apostolis
685 2083 963 2148 fundatas,
999 2083 1095 2152 qui
1121 2083 1340 2151 quidem
1371 2100 1435 2137 ex
1471 2081 1674 2138 Iudaeis
1705 2082 1970 2152 originem

388 2175 686 2230 duxerunt.
723 2173 998 2227 Admouet
1039 2180 1223 2227 autem
1273 2182 1327 2227 et
1367 2173 1642 2244 Evangelii
1692 2188 1972 2240 pra-.cones

387 2274 446 2320 et
476 2268 778 2328 auditores,
821 2274 881 2321 ut
909 2266 1162 2320 laetentur
1193 2271 1247 2319 et
1279 2267 1556 2320 exsultent
1585 2266 1656 2320 ob
1693 2266 1843 2335 justa
1877 2265 1973 2320 Dei

388 2359 616 2430 judicia,
652 2359 857 2431 quibus
893 2373 1028 2414 usus
1063 2358 1216 2414 orbis
1245 2358 1477 2414 salutem
1513 2367 1774 2429 operatus
1802 2368 1905 2414 est.

469 2623 634 2678 Vens.
663 2625 750 2689 15,
779 2623 916 2679 Mf:
946 2623 1296 2680 Circumdate
1326 2623 1570 2688 Sionem,
1590 2625 1976 2694 etcomplecti-

394 2717 527 2771 mini
561 2732 706 2783 eam,
747 2727 966 2773 narrate
1016 2718 1071 2772 in
1116 2717 1360 2774 turribus
1387 2717 1552 2788 912
1594 2718 1734 2785 ejus.
1783 2717 1977 2773 Ponite

394 2811 559 2864 corda
584 2821 760 2864 vestra
793 2811 859 2865 ad
897 2811 1152 2866 virtutem
1181 2811 1324 2882 ejus,
1358 2821 1413 2867 et
1439 2811 1755 2867 distribuite
1783 2813 1977 2869 domos

395 2903 537 2968 ejus.
579 2921 598 2954 ι
635 2902 850 2958 δὶοηεηι
900 2920 1092 2959 rursus
1123 2914 1284 2961 vocat
1313 2905 1528 2975 piorum
1560 2907 1976 2974 rempublicam,

2073 1895 2543 1966 πεπιστευμένους
2594 1893 2851 1947 ἐκάλεσε·
2883 1889 3211 1958 θυγατέρας
3249 1887 3309 1940 δὲ
3340 1885 3452 1952 τῆς
3504 1887 3658 1940 Ἰου-

2072 1989 2268 2054 Galae,
2306 1986 2406 2050 τὰς
2456 1985 2600 2040 κατὰ
2630 1983 2731 2056 τὴν
2769 1981 3096 2052 οἰκουμένην
3151 1979 3449 2047 ἐκκλησίας
3468 1979 3536 2041 ⁸⁸,
3585 1977 3661 2040 ὼς

2074 2081 2234 2135 ἀπὸ⁸⁷
2299 2079 2409 2132 τῶν
2465 2076 2782 2132 ἀποστόλων
2835 2074 3130 2142 παγείσας,
3177 2071 3228 2124 οἳ
3266 2071 3326 2136 ἐξ
3391 2070 3661 2124 Ἰουδαίων

2075 2174 2315 2244 κατῆγον
2340 2171 2455 2224 te"
2487 2171 2664 2239 γένος.
2696 2167 2995 2239 Παρεγγυᾷ
3021 2165 3078 2218 δὲ
3101 2163 3255 2218 καὶδν
3297 2165 3410 2226 τοῖς
3457 2161 3662 2233 κηρύτ·

2074 2283 2248 2328 τουσι,
2278 2265 2510 2326 καὶτοῖς
2545 2261 2860 2324 ἀκούουσιν,
2891 2255 3286 2330 εὐφραίνεσθαι
3329 2256 3424 2307 καὶ
3463 2254 3661 2322 γανύε-

2078 2358 2224 2423 σθαι,
2253 2355 2482 2410 ἓνεκαθθ
2515 2353 2622 2407 τῶν
2681 2351 2906 2405 δικαίων
2952 2348 3046 2402 τοῦ
3101 2347 3296 2401 Θεοῦ⁹¹
3346 2345 3656 2416 χριμάτων,

2077 2449 2160 2515 οἷς
2187 2451 2534 2523 χρησάμενος
2551 2446 2650 2516 τὴν
2681 2447 2782 2516 τῆς
2806 2441 3135 2513 οἰκουμένης
3165 2437 3666 2510 ἐπραγματεύσατο

2081 2543 2387 2614 σωτηρίαν.

2153 2643 2245 2705 ιγ’,
2293 2635 2375 2688 ιδ’.
2440 2651 2462 2684 ι
2527 2629 2862 2685 Κυκλώσατε
2914 2625 3074 2692 Σιὼν,
3131 2625 3226 2679 καὶ
3271 2621 3599 2696 περιλάδετε
3619 2622 3671 2654 u

2081 2728 2274 2799 αὐτὴν,
2313 2724 2651 2796 διηγήσασθε
2668 2723 2716 2755 ⁸³
2744 2723 2802 2776 ὲν
2842 2724 2955 2784 τοῖς
2999 2719 3233 2789 πύργοις
3271 2717 3464 2786 αὐτῆς.
3497 2715 3667 2769 Θέσθε

2079 2821 2180 2885 τὰς
2201 2819 2425 2888 καρδίας
2451 2817 2605 2887 ὑμῶν
2635 2818 2715 2880 είς
2734 2815 2837 2886 τὴν
2857 2811 3149 2884 δύναμιν⁹’⁵
3172 2810 3368 2879 αὐτῆς,
3385 2809 3480 2863 καὶ
3504 2825 3669 2862 κατα-

2082 2909 2321 2965 διέλεσθε
2337 2910 2383 2945 ⁸⁸
2404 2909 2501 2972 τὰς
2527 2909 2715 2979 βάρεις
2738 2907 2926 2978 αὐτῆς.
2967 2925 2986 2958 ι
3017 2903 3231 2959 ΣιὼνΜ
3265 2901 3427 2956 πάλιν
3440 2901 3486 2934 ⁸⁷
3517 2900 3673 2956 καλεῖ

399 2996 504 3050 hoc
533 3003 636 3057 est,
667 2995 988 3060 Ecelesiam,
1019 3012 1141 3066 qua:
1167 3012 1262 3066 per
1287 3006 1462 3051 totum
1493 3005 1763 3051 terrarum
1791 2997 1971 3051 orbem

2084 3000 2145 3054 τδ
2173 2999 2396 3061 εὐσεϐὲς
2415 2998 2460 3030 ⁸⁸
2514 2997 2842 3066 πολίτευμα,
2897 2993 3147 3048 τουτέστι
3215 2991 3315 3061 τὴν
3373 2989 3514 3044 κατὰ
3572 2988 3672 3059 τὴν

397 3093 504 3142 est.
550 3086 744 3140 Turres
781 3097 965 3142 autem
998 3089 1192 3158 ipsius,
1225 3088 1464 3158 appellat
1490 3088 1743 3143 homines
1765 3103 1971 3144 summa

2083 3090 2410 3161 οἰκουμένην
2450 3086 2802 3158 Ἐκκλησίαν.
2856 3087 3133 3155 Πύργους
3181 3083 3240 3138 δὲ
3301 3081 3496 3151 αὐτῆς,
3545 3081 3671 3142 τοὺς

399 3179 600 3233 virtute
628 3180 901 3248 praeditos,
929 3188 981 3232 et
1010 3180 1325 3248 angelorum
1353 3179 1826 3235 conversationem
1853 3181 1971 3234 imi-

2081 3184 2182 3254 τῆς
2241 3182 2418 3252 ἄκρας
2483 3180 2685 3252 ἀρετῆς
2753 3177 3218 3248 ὲπειλημμένους,
3277 3174 3376 3228 καὶ
3422 3171 3520 3243 τὴν
3563 3171 3673 3225 τῶν

400 3277 581 3325 tantes
614 3271 666 3324 in
692 3279 860 3332 terra,
893 3270 986 3340 qui
1015 3270 1248 3324 turrium
1273 3270 1447 3326 instar
1468 3271 1694 3341 cingunt
1719 3280 1771 3328 et
1795 3280 1971 3327 custo‘

2083 3274 2335 3344 ἀγγέλων
2360 3271 2641 3326 πολιτείαν
2657 3271 2705 3304 ⁹⁹
2751 3269 2845 3323 ἐπὶ
2866 3270 2971 3339 γῆς
3020 3268 3416 3340 μιμουμένους,
3442 3265 3491 3318 οἳ
3533 3263 3673 3333 πύρ-

401 3363 560 3416 diunt
591 3362 791 3430 ipsam.
837 3361 1032 3415 Domo:
1067 3377 1196 3417 vero
1231 3377 1449 3428 rursus,
1481 3369 1540 3416 ut
1569 3362 1682 3432 jam
1731 3365 1971 3433 superqu

2083 3384 2195 3436 γων
2224 3366 2380 3436 δίκην
2413 3363 2709 3418 κυκλοῦσιν
2740 3362 2909 3433 αὐτὴν
2932 3362 3027 3414 καὶ
3067 3361 3424 3431 φυλάττουσι.
3458 3356 3676 3428 Βάρεις

402 3453 666 3516 diximus,
727 3453 1003 3507 Ecclesias
1053 3453 1324 3518 nominat,
1375 3470 1498 3523 quae
1553 3470 1647 3524 per
1701 3456 1887 3522 urbes,
1931 3466 1971 3510 et

2082 3460 2138 3514 δὲ
2158 3459 2337 3523 πάλιν,
2355 3457 2431 3520 ὡς
2452 3457 2546 3508 καὶ
2569 3455 2671 3526 ἤδη
2694 3455 3135 3526 προειρήκαμεν,
3152 3451 3253 3515 τὰς
3264 3451 3406 3505 κατὰ
3427 3449 3610 3512 πόλεις
3632 3451 3672 3512 ί,

403 3544 623 3614 oppida,
645 3553 701 3598 et
732 3543 892 3598 villas
913 3545 1099 3599 divisae
1126 3554 1290 3599 sunt:
1314 3561 1438 3600 nam
1465 3547 1710 3602 eamdem
1741 3557 1793 3602 et
1817 3564 1971 3604 unam

2091 3551 2188 3606 καὶ
2228 3549 2458 3619 κώμας,
2514 3547 2610 3602 καὶ
2655 3547 2861 3618 ἀγροὺς
2910 3545 3251 3617 διῃρημένοις
3308 3543 3672 3612 Ἐκκλησίας·

404 3644 586 3701 vocat,
615 3644 668 3689 et
693 3635 915 3690 multas.
955 3633 1119 3690 Jubet
1159 3637 1346 3705 itaque
1387 3652 1571 3692 sermo
1612 3639 1971 3708 propheticus.

2086 3645 2187 3714 τὴν
2212 3643 2322 3713 γὰρ
2349 3639 2520 3711 αὐτὴν
2551 3639 2646 3693 καὶ
2677 3639 2806 3710 μίαν
2838 3638 3011 3706 λέγει,
3054 3639 3151 3692 καὶ
3199 3625 3419 3702 πολλάς.
3462 3637 3678 3708 Παρεγ-

405 3742 502 3781 seu
536 3726 772 3796 Spiritus
800 3728 973 3782 sancti
1026 3729 1225 3797 gratia,
1259 3738 1318 3784 ut
1363 3729 1438 3784 illi
1489 3730 1690 3798 quibus
1724 3731 1971 3786 salutari:

2086 3735 2196 3804 γυᾷ
2221 3732 2399 3786 τοίνυν
2448 3733 2475 3785 ὁ
2505 3729 2844 3802 προφητικδς
2899 3729 3143 3800 λόγος,ή
3180 3730 3201 3760 ⁸
3259 3728 3355 3783 τοῦ
3407 3727 3677 3796 παναγίου

407 3820 724 3888 praedicatio
764 3821 972 3875 credita
1007 3831 1121 3884 est,
1164 3822 1505 3878 circumeant
1541 3834 1596 3879 et
1634 3833 1986 3893 concurscnt,

405 3921 461 3967 et
505 3923 684 3968 turres
737 3913 986 3968 doctrina
1040 3913 1339 3981 stabiliant,
1389 3924 1444 3970 et
1494 3916 1763 3986 reliquum
1816 3917 1990 3988 ipsius

407 4005 576 4060 robur
603 4006 948 4072 conﬁrment,
985 4015 1040 4061 et
1078 4007 1304 4076 insuper
1345 4008 1679 4063 distribuant
1713 4007 1988 4064 Ecclesia-

406 4113 527 4152 rum
560 4113 748 4153 curam
797 4115 812 4152 :
862 4098 1009 4168 quod
1069 4099 1294 4168 quidem
1340 4101 1762 4171 quadragesimo
1798 4102 1992 4172 quinto

406 4189 620 4258 psalmo
651 4189 915 4244 diximus.
956 4191 1071 4246 Iloc
1113 4192 1258 4246 enim
1305 4201 1360 4247 et
1401 4193 1507 4247 hoc
1546 4193 1601 4246 in
1638 4192 1760 4247 loco
1795 4192 1990 4263 jubet,

2089 3829 2410 3900 Πινεύματος
2429 3828 2610 3899 χάρις,
2646 3829 2760 3892 τοῖς
2783 3827 2845 3881 τὸ
2871 3829 3140 3898 σωτήριον
3170 3827 3435 3898 κήρυγμα
3453 3843 3678 3880 πιστευ-

2089 3921 2251 3989 θεῖσι,
2319 3923 2661 3993 περινοστεῖν
2710 3921 2804 3974 καὶ
2848 3919 3159 3990 διατρέχειν
3182 3919 3223 3985 ³,
3276 3919 3372 3972 καὶ
3434 3918 3561 3982 τούς
3613 3935 3674 3971 τε

2091 4015 2341 4086 πύργους
2394 4014 2673 4084 στηρίζειν
2718 4015 2786 4084 τῇ
2833 4011 3187 4085 διδασκαλία,
3239 4012 3342 4084 τήν
3392 4029 3452 4065 τε
3505 4011 3674 4081 ἄλλην

2091 4107 2265 4176 αὐτῆς
2296 4105 2526 4177 δύναμιν
2556 4103 2833 4176 βεϐαιοῦν,
2859 4105 2998 4174 πρὸς
3026 4103 3085 4157 δὲ
3109 4102 3323 4166 τούτοις
3345 4102 3439 4156 καὶ
3474 4101 3676 4154 διανεί-

2095 4197 2304 4270 μασθαι
2336 4197 2436 4268 τὴν
2469 4197 2579 4251 τῶν
2623 4195 2964 4266 Ἐκκλησιῶν
2990 4194 3312 4265 ἐπιμέλειαν
3333 4210 3346 4224 ·
3373 4193 3442 4246 ὂ⁴⁵
3481 4192 3547 4262 δὴ
3579 4193 3675 4244 καὶ

413 4298 432 4330 ι
473 4279 798 4336 Distribuite
823 4281 1016 4336 domos
1044 4282 1184 4352 ejus.
1221 4301 1239 4334 ›
1275 4281 1545 4337 Nimirum
1571 4290 1630 4337 ut
1653 4283 1740 4337 hic
1770 4283 1971 4354 quiden

2092 4290 2152 4342 ὲν
2176 4286 2254 4358 τῷ
2273 4285 2697 4357 τεσσαρακοστῷ
2721 4285 2962 4357 πέμπτῳ
2981 4283 3184 4355 ψαλμῷ
3206 4284 3617 4355 προειρήκαμεν
3633 4281 3676 4336 ⁸.

407 4372 551 4426 hanc
581 4374 850 4442 gubernet
881 4373 1207 4441 Ecclesium,
1260 4375 1352 4429 ille
1394 4389 1523 4429 vero
1554 4374 1725 4439 illam,
1763 4385 1817 4431 et
1857 4391 1971 4432 suus

2094 4379 2266 4434 Τοῦτο
2299 4378 2408 4448 γὰρ
2438 4377 2535 4432 καὶ
2563 4375 2799 4431 ἐνταῦθα
2841 4377 3137 4447 παρεγγυᾷ
3158 4392 3170 4406 ·
3211 4393 3230 4426 ι
3280 4373 3678 4428 Καταδιέλεσθε

407 4465 632 4520 cuilibet
663 4466 901 4536 agricola
930 4468 1137 4538 praesit.
1172 4480 1226 4523 et
1255 4474 1648 4536 congruentem
1683 4467 1855 4536 ipsius
1889 4483 1971 4522 cu-

2090 4471 2190 4534 τὰς
2243 4470 2435 4540 βάρεις
2489 4470 2660 4540 αὐτῆς
2688 4485 2701 4501 ο
2733 4488 2752 4520 ι
2802 4468 2942 4522 ὥστε
3009 4468 3200 4522 τοῦτον
3253 4467 3396 4537 μὲνθ
3449 4464 3677 4535 ταύτης,

408 4572 524 4611 ram
576 4567 746 4627 gerat.
803 4558 868 4613 Et
909 4560 1013 4616 hoc
1047 4575 1155 4615 non
1194 4559 1362 4614 semel
1413 4567 1577 4630 atque
1618 4559 1840 4626 iterum,
1893 4575 1971 4616 set

2094 4563 2306 4616 ἐκεῖνον
2351 4561 2409 4614 δὲ
2437 4559 2654 4631 ἐκείνης
2710 4558 3121 4632 προμηθεῖσθαι
3185 4559 3287 4630 τῆς
3331 4557 3676 4630 Ἐκκλησίας,

482 4680 511 4711 ιι
537 4672 727 4728 Matth.
761 4691 950 4743 xxvm,
983 4675 1075 4731 90.

1498 4811 1736 4868 VARUS
1778 4810 2164 4868 LECTIONES
2206 4812 2291 4867 ET
2361 4811 2599 4870 ΝΟΤᾹΞ.

1269 4933 1355 5002 ήν.
1433 4930 1479 4964 ⁸³
1516 4929 1910 5002 Οἰκουμένης.
1948 4943 1971 4981 ι’

2102 4929 2142 5002 1-
2164 4929 2416 5002 κτίσεως,
2453 4930 2690 5001 ascripta
2741 4938 2922 5002 tamen
2948 4930 3191 5002 lectione
3231 4930 3422 5002 altera.
3499 4931 3547 4965 ⁸³
3588 4932 3685 4998 Ὠς

409 5035 478 5051 ι-
499 5001 862 5069 ἑσιιέδασας.
905 5001 1032 5056 Dos.
1061 5002 1113 5055 in
1145 4999 1265 5056 cod.
1290 4999 1355 5059 ’5.
1430 5002 1478 5034 ⁸⁸
1503 5003 1626 5056 cod.
1662 5001 1694 5054 5
1723 5001 1886 5070 ὑμνῇ.
1967 5002 1971 5029 ³

2074 5000 2168 5053 rod.
2196 5000 2313 5070 ﬁdet
2339 4999 2613 5070 57Evexsv,
2635 5016 2756 5070 quae
2797 5009 2882 5056 est
2909 5001 3067 5056 lectio
3097 5000 3217 5056 cod.
3247 5001 3400 5057 Alex.
3478 5002 3526 5035 ⁸⁸
3555 5002 3685 5056 Ἐκ-

407 5077 694 5141 κλησιας.
725 5067 848 5128 cod.
878 5073 912 5126 5
937 5071 1089 5126 addit
1113 5072 1393 5127 ἐκάλεσεν.
1471 5073 1514 5104 ⁸⁷
1549 5072 1708 5125 Ἀπό.
1746 5067 1868 5124 cod.
1899 5070 1933 5125 3
1970 5091 1971 5100 η

2081 5111 2092 5124 .
2210 5067 2255 5141 δέ
2283 5069 2408 5124 cod.
2443 5071 2479 5124 ‘2
2511 5067 2835 5139 κατήγοντο.
2930 5073 2976 5103 ⁸⁹
3003 5072 3132 5125 Καί.
3171 5072 3344 5129 Abest
3395 5087 3424 5126 a
3477 5073 3602 5128 cod.
3627 5074 3683 5126 2.

407 5145 458 5185 ³ο
484 5137 606 5198 cod.
642 5137 674 5198 5
702 5143 907 5227 ξνεκεν.
983 5142 1027 5174 ⁹¹
1065 5141 1174 5198 Τοῦ
1214 5143 1384 5227 θεοῦ.
1421 5142 1651 5227 Αίκξειλι
1677 5141 1801 5227 cod.
1834 5142 1971 5227 2:).u'

2074 5137 2407 5227 περέβαᾷετε.
2438 5137 2850 5227 ῌρὺξπωὲνρη,
2881 5141 3027 5226 quod
3070 5143 3138 5227 ab
3166 5143 3465 5227 interprete
3499 5144 3688 5227 Graeco

409 5227 692 5283 anonymo
719 5213 857 5271 bene
887 5226 1044 5281 expr.
1074 5211 1408 5281 περιέλθετε,
1440 5212 1682 5266 circuile.
1713 5209 1876 5266 Conf.
1903 5208 1971 5262 Mt

2076 5252 2089 5266 .
2116 5209 2356 5280 Hexapla
2389 5211 2454 5266 ad
2488 5212 2544 5266 h.
2573 5211 2611 5266 l.
2689 5212 2736 5244 ⁹³
2756 5208 3144 5279 ’Διηγίήσασθε
3163 5242 3234 5255 —
3255 5208 3528 5284 πύργοις.
3552 5212 3691 5266 Prae.

408 5318 521 5363 atat
555 5307 764 5381 Symm.
797 5308 978 5381 νει-εἰσ
1015 5306 1359 5381 ἀριθμῄσατε
1403 5307 1532 5381 cep;
1555 5305 1829 5381 πύργους.
1861 5306 1971 5381 Aqu

2074 5305 2484 5381 ιηςρίσατε--τοὺς
2517 5305 2780 5374 πύργους.
2884 5307 2932 5340 ⁸⁸
2968 5308 3254 5381 Δύ-ναμιν.
3292 5307 3458 5381 llebr.

409 5375 617 5503 Situm:
655 5381 790 5433 bene
822 5378 900 5440 είς
928 5379 1022 5428 τὸν
1052 5375 1357 5447 περίϐολον.
1435 5377 1480 5409 ³⁸⁸
1513 5375 1946 5431 Κατὰδιέλεσθὲ

412 5467 442 5500 τ
512 5448 756 5503 βασίλεια
778 5447 970 5503 αὐτῆς.
1067 5447 1112 5480 ⁹⁶
1144 5446 1298 5500 Σιὼν
1325 5476 1390 5486 -
1419 5447 1760 5503 πνεύματος
1793 5446 1971 5503 animo

2074 5375 2276 5442 αὐτῆς.
2307 5375 2469 5430 Hebr.
2503 5385 2792 5436 Dﬁn‘nn'm
2827 5385 2980 5438 πιωε.
3031 5375 3240 5448 Syrum.
3284 5379 3690 5449 διαμετρήσατε

2074 5461 2144 5500 ec
2172 5461 2344 5503 nauca
2371 5455 2580 5500 tantum
2618 5448 2670 5500 in
2703 5450 2824 5503 cod.
2856 5450 2891 5502 ‘5
2925 5456 3164 5503 exstant.
3203 5447 3362 5503 ἄλλος
3395 5449 3450 5501 δὲ
3488 5449 3548 5501 οὐ
3576 5450 3690 5503 τοῖς

511 5448 756 5520 βασίλεια
778 5447 970 5520 αύτῆς;
1058 5447 1116 5520 _"_
1133 5446 1298 5520 Σιῲν
1325 5447 1760 5520 έᾼπνεύματος
1779 5446 1971 5520 χάρις

2074 5461 2144 5520 ec
2172 5461 2344 5520 pauca
2371 5455 2580 5520 tantum
2618 5448 2676 5520 in
2700 5450 2824 5520 cod.
2845 5450 2891 5520 7'5
2925 5446 3164 5520 exstant,
3203 5446 3450 5520 ἄλλοςίρὲ
3488 5446 3550 5501 οὗ
3574 5450 3690 5520 τοῖς

412 5515 666 5587 ἀγγέλοις
692 5519 832 5639 gnat
866 5515 1039 5570 ταῦτα
1058 5515 1335 5583 λέγεσθαι,
1368 5516 1501 5570 ἀλλὰ
1528 5515 1661 5580 τοῖς,
1692 5534 1747 5570 κ.
1778 5517 1826 5569 λ.

413 5588 449 5639 ρ.
474 5588 538 5639 τὸ
561 5589 684 5639 εὑσε
727 5589 782 5639 ὲς
808 5586 974 5639 λέγει.
1042 5587 1086 5619 ⁸³
1117 5586 1456 5639 Πολιτείαν.
1497 5585 1552 5639 In
1581 5587 1704 5639 cod.
1745 5587 1768 5639 l
1815 5603 1826 5639 l

483 4932 526 4964 "
551 4931 794 5000 Αιῶνος.
814 4932 935 4988 cod.
955 4931 989 4984 Ξ
1014 4929 1162 4986 addit
1187 4931 1221 4985 ἀ

1903 5518 1947 5549 ³⁷
1980 5516 2190 5570 Πάλιν.
2225 5517 2346 5570 cod.
2379 5517 2414 5570 ‘2
2444 5533 2631 5586 praem.
2657 5517 2732 5571 δέ.
2812 5519 2858 5551 ⁸⁸
2885 5517 3076 5573 Καλεῖ
3101 5520 3166 5572 τὸ
3190 5516 3458 5584 εὐσεϐές.
3485 5517 3608 5573 cod.
3639 5520 3688 5581 Ι,

413 5585 538 5658 sit.
561 5585 782 5658 εὐσεϐὲς
807 5586 974 5658 λέγει,
1042 5587 1086 5658 9f
1117 5586 1456 5658 Πολιτείαν.
1497 5585 1768 5658 lurcodal
1815 5587 1966 5658 ponit

2074 5595 2189 5658 post
2213 5587 2306 5658 ἐπὶ
2337 5585 2461 5657 γῆς.
2561 5590 2574 5618 ¹
2611 5587 2731 5643 rod.
2768 5588 2789 5640 l
2832 5589 3006 5642 πόλιν.
3062 5591 3121 5658 θ’
3160 5588 3242 5643 Ἠ.
3277 5588 3400 5642 cod.
3433 5589 3452 5641 l
3495 5603 3686 5658 praem.

411 5656 510 5730 ὡς.
579 5658 602 5730 _’
637 5657 756 5730 cod.
798 5656 822 5710 1
860 5656 1222 5728 περιτρέχειν.
1301 5657 1318 5688 ’⁵
1361 5660 1431 5710 Ὃ
1458 5687 1522 5697 ——-
1551 5656 1918 5725 ἐπιμέλειαν.
1956 5657 1971 5708 l

2074 5656 2081 5658 ”
2113 5660 2167 5711 in
2198 5657 2319 5711 cod.
2353 5656 2404 5710 '5.
2483 5658 2504 5692 ⁵
2533 5659 2998 5729 Προειρήκαμεν.
3035 5657 3153 5715 Vid.
3189 5675 3241 5730 p.
3277 5658 3406 5714 905.
3485 5656 3509 5690 ‘
3539 5657 3682 5712 Μέν.

415 5727 533 5788 Cod.
571 5728 606 5784 2
635 5726 710 5778 δέ.
