4108 6416
466 364 598 429 1210

1497 364 1985 426 TIIEODORETI
2017 364 2355 425 EPISCOPI
2378 366 2744 426 CYRENSIS

3609 369 3628 432 i
3646 372 3745 435 220

455 474 637 531 adhuc
669 473 881 530 vivunt.
930 448 1410 550 Diversos‘itaque
1446 479 1569 533 vitm
1605 478 1801 533 modos
1843 478 2042 532 innuit.

2153 477 2368 549 ρουσι³²
2396 478 2495 547 τὴν
2520 478 2870 548 παραίνεσιν.
2900 476 3038 542 Τοὺς
3062 477 3352 549 διαφόρους
3376 481 3556 534 τοίνυν
3575 483 3745 536 αἰνίτ-

456 566 589 622 Nam
626 568 716 623 alii
751 569 913 624 nrbes
939 570 1232 625 incolunt:
1263 570 1354 624 alii
1388 571 1546 627 \illas
1587 580 1641 625 et
1668 571 1821 625 vicos
1844 611 1860 637 ,
1895 569 2043 640 agri-

453 664 685 718 culturae
710 664 1015 718 studentes.
1067 665 1134 719 Et
1174 680 1239 718 ex
1288 664 1609 719 hominibus
1650 663 1873 733 quidam
1919 671 2047 717 sunt

454 756 888 817 mansuetiores,
943 756 1166 826 quidam
1224 756 1589 826 agrestiores;
1624 763 1680 809 et
1725 756 1779 809 hi
1819 754 2042 824 quidem

454 853 474 870 ‘
498 848 696 902 rationi
741 846 1143 918 congruentius
1167 848 1393 912 vivunt,
1424 846 1479 901 hi
1518 862 1645 907 vero
1676 845 1852 899 ferino
1895 860 2046 899 more

454 942 780 997 solitudines
817 942 1100 1008 habitant;
1130 941 1223 995 alii
1258 956 1452 995 rursus
1481 940 1788 994 Itamaxobii
1828 955 2045 994 nuneu-

452 1040 685 1101 pantur,
718 1033 813 1102 qui
858 1033 915 1088 in
950 1034 1208 1087 curribus
1238 1031 1480 1100 degunt:
1519 1032 1610 1086 alii
1658 1047 1760 1101 pro
1789 1031 2048 1086 domibus

452 1135 687 1179 utuntur
730 1126 1010 1181 tentoriis.
1052 1125 1164 1179 llos
1213 1135 1346 1195 puto
1388 1127 1683 1196 terrigenas
1724 1125 2044 1187 nominari,

453 1226 717 1286 tanquam
758 1218 1191 1273 rationabilioris
1234 1217 1359 1272 vita:
1388 1229 1660 1287 expertes.
1702 1216 1869 1282 Quasi
1899 1216 2046 1270 dice-

452 1320 538 1365 ret
570 1329 581 1364 :
608 1309 860 1367 Universi
894 1311 1174 1373 homines,
1201 1325 1264 1365 ea
1290 1326 1412 1380 quae
1437 1311 1693 1365 dicuntur
1722 1309 1926 1373 audite,
1956 1324 2048 1362 ur-

453 1403 585 1459 bani
611 1414 664 1458 et
696 1404 975 1471 ruricohe,
1009 1404 1420 1459 mansuetiores
1446 1413 1500 1458 et
1529 1402 1880 1472 agrestiores.
1909 1413 1964 1457 et
1993 1402 2047 1456 in

455 1510 751 1550 commune
785 1510 980 1550 omnes
1003 1534 1023 1561 ,
1071 1503 1126 1549 et
1155 1494 1461 1565 sigillatim.
1495 1494 1590 1549 Sic
1616 1495 1762 1548 enim
1799 1503 1854 1549 et
1885 1493 2049 1564 Sym-

457 1575 1101 1658 machusinterp‘retatus
1141 1598 1246 1643 est.
1280 1587 1412 1642 Nam
1443 1604 1542 1658 pro
1574 1588 1849 1658 terrigena:
1866 1596 1916 1642 et
1946 1588 2049 1655 filii

456 1683 748 1746 hominum,
765 1683 922 1745 dixit,
938 1682 1245 1735 humanitas
1258 1691 1306 1735 et
1325 1683 1538 1749 insuper
1559 1679 1725 1749 915
1747 1679 1848 1748 lilii
1877 1680 2051 1745 cuius.

458 1775 581 1830 libet
612 1774 843 1829 hominis
868 1816 884 1841 ,
919 1789 1020 1844 pro
1059 1789 1126 1829 eo
1165 1776 1310 1844 quod
1354 1784 1438 1828 est
1467 1791 1481 1827 :
1517 1771 1575 1826 In
1604 1787 1902 1828 commune
1939 1773 2047 1828 hu-

2147 585 2300 621 τεται
2333 560 2481 639 βίους
2502 583 2517 594 ’
2553 570 2603 621 οἱ
2638 570 2740 637 μὲν
2767 571 2876 640 γὰρ
2907 570 3227 635 τάς”πόλεις
3249 572 3511 639 οἰκοῦσιν,
3544 575 3595 627 οἱ
3621 575 3743 646 δὴ³³

2149 663 2355 733 ἀγροὺς
2391 664 2485 717 καὶ
2514 664 2740 733 κώμας,
2798 666 2929 736 περὶ
2956 665 3113 737 sint”
3137 668 3415 738 γεωργίαν
3447 670 3744 740 ἐσχολακό-

2147 768 2257 815 τες.
2315 754 2426 806 Καὶ
2480 755 2531 806 οἱ
2584 754 2685 820 μὲν
2728 755 2839 826 γάρ
2890 757 3236 829 ἡμερώτεροι
3271 758 3379 812 τῶν
3409 760 3741 832 ἀνθρώπων,

2146 845 2195 897 oi
2239 843 2298 896 δὲ
2345 844 2712 916 ἀγριώτερον
2775 848 2872 901 καὶ
2921 849 2971 900 oi
3014 849 3114 919 μὲν
3158 848 3525 923 λογικώτερον
3553 851 3743 918 ζῶσιν,

2149 937 2197 989 oi
2221 935 2278 988 δὲ
2305 936 2802 1008 θηριωδέστερον³⁸
2827 938 2927 1001 τὰς
2950 941 3191 1010 ἐρήμους
3214 941 3478 995 οἰκοῦσιν·
3510 945 3559 997 οἱ
3585 944 3744 1015 μέν³⁸

2148 1024 2459 1097 ἁμαξόόὶω
2511 1031 3094 1100 προσαγορευόμενοι,
3156 1033 3207 1085 oi
3254 1032 3310 1086 δὲ
3366 1039 3595 1105 σκηναῖς
3630 1037 3744 1090 ἀντ’

2146 1118 2339 1172 οίκιῶν
2370 1121 2725 1190 κεχρημένοι.
2781 1121 3019 1185 Τούτους
3052 1117 3207 1193 οἶμαι
3242 1126 3514 1194 γηγενεῖς
3545 1129 3745 1199 ὀνομά-

2148 1211 2375 1277 ζεσθαι,
2437 1213 2512 1276 ὼς
2569 1213 2669 1282 τῆς
2717 1213 3093 1286 λογικωτέρας
3140 1219 3529 1289 ἀφεστηκότας
3570 1220 3739 1292 ζωῆς.

2160 1303 2307 1358 Ἀντὶ
2356 1303 2451 1356 τοῦ
2476 1347 2492 1371 ,
2526 1305 2803 1370 Ἅπαντες
2850 1308 3181 1379 ἀνορωποι,·
3209 1309 3317 1363 τῶν
3364 1311 3673 1381 λεγομένων
3698 1310 3741 1345 ³⁷

2147 1396 2453 1463 ἀκούσατε,
2513 1398 2673 1451 ἀστοὶ
2728 1400 2823 1452 καὶ
2874 1402 3192 1470 χωριτικοὶ,
3253 1403 3600 1476 ἡμερώτεροι
3647 1406 3742 1460 καὶ

2149 1489 2484 1561 ἀγριώτεροι
2504 1532 2519 1556 ,
2581 1492 2677 1545 καὶ
2720 1495 2874 1562 κοινῇ
2907 1494 3110 1556 πάντες
3141 1495 3235 1546 καὶ
3265 1495 3392 1568 ἰδίᾳ.
3450 1496 3609 1551 Οὕτω
3633 1499 3744 1571 γὰρ

2150 1582 2302 1634 καὶ³⁸
2344 1584 2371 1634 6
2409 1582 2710 1653 Σύμμαχος
2756 1584 3127 1654 ἡρμήνευσεν.
3163 1586 3309 1640 Ἀντὶ
3353 1588 3464 1660 γὰρ
3506 1590 3636 1656 τοῦ,
3688 1594 3744 1646 oi

2150 1673 2424 1743 ’γηγενεῖς
2457 1674 2558 1728 καὶ
2585 1674 2701 1729 υἱοὶ
2733 1674 2853 1729 τῶν
2890 1677 3242 1746 ἀνθρώπων,
3266 1679 3305 1746 ἡ
3335 1680 3742 1750 ἁνθρωπότης,

2149 1763 2296 1829 εἶπε,
2332 1766 2430 1819 καί
2464 1766 2715 1835 προσέτι
2746 1768 2862 1822 υἱοί
2894 1768 3161 1823 ἑκάστου
3189 1771 3428 1838 ἀνδρὸς.
3467 1773 3590 1827 ἀντὶ
3620 1774 3738 1833 τοῦ.

458 1884 620 1922 mana
650 1877 845 1922 natura
870 1836 1066 1921 audiat
1096 1836 1218 1937 quas
1247 1866 1529 1931 dicuntur,
1554 1874 1610 1920 et
1632 1865 1862 1934 quilibet
1892 1865 2045 1935 sigil-

2155 1861 2261 1912 Kal
2294 1862 2447 1930 κοινῇ
2498 1861 2531 1928 ή
2585 1858 2747 1929 φύσις
2796 1861 3089 1915 ἀκουσάτω
3129 1861 3239 1914 τῶν
3280 1836 3613 1934 λεγομένων,
3647 1868 3741 1919 καὶ

458 1959 610 2016 latim
659 1958 949 2028 percipiat.
998 1976 1017 2009 ι
1055 1958 1231 2011 Simul
1272 1958 1425 2012 dives
1466 1966 1522 2012 et
1555 1972 1783 2027 pauper.
1812 1975 1831 2007 ι
1872 1956 2049 2011 Simul

458 2062 514 2107 et
560 2068 657 2108 vos
713 2054 806 2117 qui
857 2051 1067 2109 divitiis
1102 2050 1367 2114 aﬂlnilis.
1419 2063 1476 2105 et
1515 2065 1615 2106 vos
1654 2051 1747 2120 qui
1792 2051 2051 2119 pauperie

458 2144 633 2217 pressi
670 2145 824 2210 estis,
862 2144 1298 2198 admonitionem
1352 2144 1603 2214 accipite.
1637 2142 1773 2198 Nam
1799 2144 2049 2199 doctrina

460 2237 627 2302 hujus
656 2237 931 2292 sermonis
961 2235 1282 2292 divitiarum
1328 2245 1384 2290 et
1423 2238 1763 2307 paupertatis
1793 2236 2049 2291 diﬂ'eren-

458 2331 592 2383 tiam
627 2343 735 2383 non
771 2330 943 2383 novit.

531 2413 701 2472 Vens.
730 2417 795 2484 4,
830 2417 883 2471 5.
921 2438 939 2469 ι
975 2420 1046 2473 Os
1082 2433 1262 2471 meum
1308 2418 1563 2489 loquetur
1604 2421 1924 2489 sapientiam
1949 2462 1963 2486 ,
1996 2430 2051 2476 ct

460 2510 743 2565 meditatio
769 2511 951 2565 cordis
982 2512 1087 2567 mei
1121 2511 1489 2582 prudentiam.
1524 2510 1805 2568 lnclinabo
1843 2512 1911 2569 ad
1946 2529 2046 2586 pa-

459 2602 702 2660 rabolam
741 2619 928 2659 aurem
963 2619 1159 2667 meam,
1188 2604 1429 2673 aperiam
1470 2605 1525 2658 in
1560 2606 1820 2676 psalterio
1846 2621 2049 2677 propo-

459 2700 713 2757 sitionem
746 2714 943 2753 meam.
979 2716 996 2748 ι
1037 2692 1215 2752 Verba
1243 2713 1385 2762 mea,
1420 2698 1617 2768 inquit,
1655 2698 1812 2768 plena
1840 2699 2053 2768 sapien-

459 2793 551 2847 tia:
578 2800 724 2846 sum.
761 2789 884 2844 llaec
909 2800 1095 2844 autem
1128 2790 1288 2844 didici
1311 2830 1325 2854 ,
1359 2790 1540 2845 verbis
1573 2789 1821 2854 Domini,
1848 2806 1970 2862 quae
1995 2791 2049 2845 in

457 2879 732 2954 profundo
759 2880 1008 2934 demersa
1036 2888 1185 2942 sunt,
1219 2895 1408 2935 aurem
1442 2879 1889 2935 accommodans.
1919 2879 2052 2946 Qua:

458 2989 589 3028 vero
613 2973 841 3026 auribus
876 2969 1117 3040 percepi,
1146 2986 1243 3041 per
1274 2971 1517 3043 linguam
1552 2971 1700 3025 velut
1726 2987 1822 3041 ρει·
1854 2973 2053 3026 instru-

460 3075 702 3120 mentum
745 3060 988 3135 profero.
1020 3061 1152 3117 Vult
1181 3073 1364 3117 autem
1423 3064 1607 3118 dicere
1663 3078 1725 3119 se
1760 3063 1894 3117 nihil
1927 3078 2053 3133 pro~

458 3158 641 3230 prium
675 3156 846 3226 loqui,
874 3155 968 3209 sed
996 3154 1195 3209 divinae
1226 3155 1415 3224 gratim
1448 3155 1874 3209 instrumentum
1903 3171 2043 3211 esse.
2074 3189 2118 3247 ο

460 3249 631 3305 Porro
663 3248 974 3320 parabolas.
1010 3261 1295 3302 sermones
1322 3247 1612 3317 aenigmate
1643 3247 1921 3303 involutos
1949 3264 2047 3317 ap-

463 3344 650 3413 pellat.
696 3340 829 3395 Nam
877 3350 933 3395 ct
979 3339 1245 3394 Dominus
1293 3354 1386 3404 per
1424 3339 1820 3395 similitudines
1873 3340 2047 3395 turbis

462 3436 725 3497 locutus,
779 3436 973 3487 harum
1034 3431 1515 3501 interpretationes
1574 3431 1724 3486 domi
1785 3432 2048 3500 apostolis

462 3527 746 3584 aﬂ‘erebat.
777 3524 1107 3598 [Propterea
1148 3524 1514 3593 prazcedentes
1555 3525 1719 3578 etiam
1752 3524 1945 3594 psalmi
1981 3540 2045 3579 ex

461 3634 654 3675 eorum
703 3633 937 3688 persona
978 3615 1192 3671 recitati
1230 3623 1378 3669 sunt.
1417 3614 1636 3671 Chorus
1686 3616 1871 3686 itaque
1913 3633 2046 3686 προς

463 3710 695 3766 stolicus
725 3709 1047 3778 sapientiam
1085 3707 1213 3772 Dei,
1247 3707 1456 3762 scilicet
1513 3708 1789 3763 Christum
1848 3709 2043 3781 (Chriv

462 3812 584 3859 stus
616 3802 761 3855 enim
810 3800 901 3853 Dei
936 3799 1110 3854 virtus
1147 3808 1202 3853 et
1233 3797 1327 3854 Dei
1364 3800 1634 3869 sapientia
1665 3800 1727 3866 ι’)
1752 3842 1765 3864 ,
1813 3816 1909 3855 ore
1945 3816 2046 3856 suo

461 3889 677 3954 ferens,
710 3886 888 3941 dixit:
938 3903 956 3934 ι
988 3884 1061 3938 Os
1103 3900 1285 3939 meum
1326 3885 1580 3954 loquetur
1627 3885 1950 3954 sapientiam
1981 3901 1995 3950 ;
2022 3902 2040 3934 ι

462 3981 730 4051 siquidem
761 3977 1091 4047 theologiam
1124 3976 1390 4031 «lucentes
1415 3975 1693 4031 Christum
1722 3975 1819 4030 toti
1853 3975 2049 4029 huma-

462 4090 535 4130 no
564 4073 748 4146 generi
797 4085 894 4126 ore
934 4085 1038 4127 suo
1078 4068 1469 4141 praedicarunt.
1517 4070 1684 4142 916
1731 4070 2049 4124 intellectus

459 4181 593 4222 vero
623 4179 816 4220 eorum
857 4161 997 4217 nihil
1029 4162 1176 4216 aliud
1222 4177 1388 4232 quam
1435 4162 1782 4232 prudentiam
1824 4160 2053 4215 medita-

461 4258 646 4315 batur.
687 4254 842 4310 Mcns
864 4269 1056 4308 eorum
1087 4264 1270 4309 autem
1303 4253 1438 4307 adeo
1466 4261 1628 4307 acuta
1659 4262 1774 4307 erat
1794 4293 1808 4317 ,
1857 4262 1915 4306 ut
1952 4267 2051 4321 pa-

462 4348 686 4404 rabolas
718 4345 1026 4401 Servatoris
1059 4345 1238 4399 nostri
1279 4358 1473 4398 omnes
1508 4344 1562 4397 in
1600 4344 1775 4400 sacris
1806 4342 2044 4412 Evange-

463 4439 553 4495 liis
598 4437 910 4510 propositas
962 4436 1377 4507 intelligerent,
1435 4443 1731 4503 antequam
1788 4435 1903 4503 ipse
1958 4449 2050 4488 eas

2155 1950 2263 2021 ἰδίᾳ
2315 1951 2550 2012 ἕκαστος
2599 1950 2700 2021 τὴν
2745 1951 3019 2021 ὠφέλειαν
3059 1954 3417 2023 καρπούσθω.
3470 1976 3489 2008 ι
3531 1955 3654 2010 Ἐπὶ
3683 1960 3744 2010 τὸ

2151 2040 2286 2094 αὐτὸ
2332 2039 2589 2103 πλούσιος
2640 2040 2736 2094 καὶ
2781 2042 2973 2112 πένης.
2999 2060 3019 2093 ι
3080 2042 3239 2097 Κατά
3270 2044 3318 2096 τ’
3343 2046 3533 2098 abst)"
3567 2048 3662 2101 καὶ
3690 2050 3740 2101 oi

2153 2130 2370 2201 πλούτῳ
2394 2131 2698 2203 κομῶντες,
2728 2132 2825 2186 καὶ
2845 2135 2895 2187 οί
2920 2134 3085 2207 πενία
3111 2134 3406 2201 συζῶντες,
3430 2137 3527 2209 τὴν
3543 2140 3738 2209 παραί-

2152 2241 2300 2277 νεσιν
2328 2224 2584 2289 δέξασθαι
2604 2224 2671 2282 ⁸ο.
2702 2225 2945 2279 Πλούτου
2966 2228 3074 2298 γὰρ
3102 2228 3197 2282 καὶ
3224 2231 3413 2293 πενίας
3438 2232 3466 2284 6
3487 2232 3742 2285 διδασκα-

2151 2315 2303 2380 λικὸς
2327 2316 2487 2384 λόγος
2521 2316 2621 2369 οὐκ
2646 2311 2753 2371 οἵδε
2782 2318 3071 2390 διαφοράν.

2220 2408 2285 2474 δ’,
2316 2414 2375 2462 ε’.
2420 2428 2438 2460 ι
2462 2408 2536 2460 Τὸ
2565 2409 2742 2479 στόμα
2770 2426 2872 2480 μου
2908 2411 3133 2484 λαλήσει
3158 2416 3384 2482 σοφίαν,
3417 2415 3510 2469 καὶ
3531 2418 3562 2487 ἠ
3586 2416 3743 2487 μελέ-

2148 2517 2219 2571 τη
2251 2502 2349 2571 τῆς
2377 2500 2607 2571 καρδίας
2636 2518 2739 2573 μου
2775 2503 3015 2559 σύνεσιν.
3074 2505 3258 2559 Κλινῶ
3298 2508 3377 2570 είς
3423 2510 3742 2582 παραϐολὴν

2149 2596 2211 2649 τὸ
2239 2591 2332 2659 οῦς
2362 2612 2489 2665 patr
2528 2596 2729 2662 ἀνοίξω
2759 2597 2814 2648 ἐν
2840 2597 3129 2668 ψαλτηρίῳ
3158 2599 3219 2652 τὸ
3245 2600 3543 2672 πρόϐλημά
3568 2620 3692 2672 μου.
3713 2622 3734 2656 ι

2151 2686 2433 2756 Σοφίαςδι,
2466 2688 2630 2757 φησι,
2683 2688 2860 2758 μεστὰ
2890 2689 2959 2741 τὰ
2989 2692 3121 2758 παρ’
3147 2691 3283 2761 ἐμοῦ
3318 2696 3739 2765 προσφερόμενα

2154 2780 2375 2849 ῥήματα
2401 2796 2414 2809 ·
2475 2779 2775 2849 μεμάθηκα
2817 2781 2873 2833 δὲ
2922 2782 3098 2834 ταῦτα
3147 2786 3261 2847 τοῖς
3290 2785 3349 2837 ἐν
3375 2784 3618 2855 pacem"
3646 2803 3742 2840 κε-

2152 2873 2498 2941 κρυμμένοις
2520 2872 2616 2925 τοῦ
2631 2873 2676 2903 ⁵⁸
2701 2873 2906 2944 Κυρίου
2928 2874 3109 2943 λόγοις
3131 2874 3227 2946 τὴν
3248 2877 3417 2948 ἀκοὴν
3435 2877 3736 2944 ὑποθείςδδ.

2155 2964 2223 3017 Ἀ
2251 2963 2308 3017 δὲ
2338 2963 2427 3018 διὰ
2456 2965 2552 3035 τῆς
2579 2964 2752 3034 ἀκοῆς
2783 2966 3078 3036 ἐδεξάμην,
3112 2967 3285 3021 ταῦτα
3314 2968 3389 3032 ὡς
3417 2969 3486 3023 δι’
3505 2971 3739 3040 ὀργάνου

2154 3057 2417 3127 προφέρω
2448 3058 2547 3127 τῆς
2571 3055 2842 3127 γλώττης.
2863 3059 3126 3113 Βούλεται
3149 3061 3204 3113 δὲ
3234 3062 3435 3126 εἰπεῖν,
3464 3063 3547 3115 ὅτι
3570 3063 3737 3117 Οὐδὲν

2152 3150 2284 3203 ἴδιον
2334 3149 2679 3221 φθέγγομαι,
2731 3149 2869 3203 ἀλλά
2919 3152 3019 3220 τῆς
3062 3150 3213 3217 θείας
3240 3154 3358 3223 είμὶ
3392 3154 3615 3225 χάριτος
3638 3156 3737 3228 δρ-

2149 3258 2334 3311 γανον.
2395 3242 2747 3310 Παραϐολὰς
2766 3242 2811 3277 ⁸³
2847 3242 2905 3295 δὲ
2953 3244 3115 3297 καλεῖ
3152 3246 3280 3308 τοὺς
3309 3248 3735 3318 αἰνιγματώδεις

2148 3332 2361 3401 λόγους.
2396 3333 2508 3386 Καὶ
2535 3332 2703 3403 γὰρ⁶⁶
2730 3334 2758 3387 6
2782 3332 2989 3403 Κύριος
3014 3352 3085 3387 πα
3094 3335 3399 3407 ραϐολικῶς
3420 3340 3535 3401 τοῖς
3555 3334 3734 3410 ὄχλοις

2147 3424 2530 3495 διαλεγόμενος
2548 3424 2614 3490 ⁸⁷,
2634 3427 2747 3489 τοῖς
2777 3426 3101 3491 ἀποστόλοις
3149 3428 3272 3481 κατ’
3295 3426 3444 3483 οἷκον
3470 3430 3673 3483 τούτων
3690 3431 3735 3462 ⁸³⁸

2147 3518 2251 3581 τὰς
2301 3518 2601 3589 ἑρμηνείας
2652 3520 3017 3592 προσέφερεν.
3079 3520 3159 3593 [⁸³
3177 3523 3269 3575 Διὸ
3319 3520 3378 3589 ἐξ
3414 3523 3597 3578 αὐτῶν
3637 3518 3734 3579 τοῦ

2150 3609 2446 3681 προσώπου
2500 3612 2596 3664 καὶ
2645 3613 2693 3665 οἱ
2742 3612 3060 3682 ἔμπροσθεν
3100 3616 3734 3689 ἀνεφωνοῦντοψαλμοί.

2162 3705 2220 3757 '0
2247 3705 2423 3756 τοίνυν
2440 3704 2601 3773 χορὸς
2632 3707 2660 3757 ὁ
2688 3706 3048 3770 ἀποστολικδς
3090 3708 3191 3779 τὴν
3225 3708 3418 3777 σοφίαν
3446 3708 3541 3763 τοῦ
3574 3710 3732 3776 Θεοῦ,

2149 3794 2353 3864 δηλαδὴ
2386 3795 2475 3847 τὸν
2503 3795 2774 3864 Χριστόν’
2814 3796 3050 3867 Χριστὸς
3080 3798 3189 3869 γὰρ
3218 3799 3353 3853 Θεοῦ
3378 3800 3609 3869 δύναμις
3641 3802 3735 3855 καὶ

2148 3884 2285 3939 Θεοῦ
2318 3886 2481 3955 σοφία
2503 3903 2515 3916 ⁸
2576 3886 2666 3939 διὰ
2698 3886 2971 3955 στόματος
3002 3888 3205 3959 φέρων,
3246 3887 3421 3958 ἔλεγε,
3464 3908 3483 3940 ι
3511 3890 3585 3942 Τὸ
3612 3890 3732 3943 στό-

2152 3996 2228 4049 μα
2257 3994 2358 4049 μου
2392 3978 2615 4051 λαλήσει
2649 3979 2842 4048 σοφίαν
2869 3995 2881 4007 ·
2914 3999 2932 4031 ι
2994 3981 3182 4051 ἐπειδὴ
3223 3980 3314 4033 τὸν
3344 3980 3582 4051 Χριστὸν
3615 3981 3731 4034 θεο-

2148 4071 2437 4140 λογοῦντες
2489 4075 2571 4136 εἰς
2626 4075 2734 4126 πᾶν
2777 4073 2935 4139 γένος
2977 4073 3283 4144 ἀνθρώπων
3317 4075 3620 4145 ἐκήρυττον
3655 4074 3734 4144 τῷ

2150 4163 2361 4216 ἑαυτῶν
2406 4163 2658 4234 στόματι.
2718 4163 2801 4217 Τὰ
2846 4164 2902 4217 δὲ
2949 4164 3048 4234 τῆς
3087 4165 3332 4227 διανοίας
3363 4165 3547 4218 αὐτῶν
3586 4166 3736 4219 οὐδὲν

2148 4255 2339 4327 ἕτερον
2377 4256 2411 4325 ἢ
2447 4254 2694 4318 συνέσεις
2724 4257 2978 4325 ἐμελέτα.
3003 4256 3160 4310 Οὕτω
3188 4255 3243 4309 δὲ
3285 4255 3467 4309 αὐτῶν
3500 4256 3735 4325 ἠκόνητο

2150 4349 2288 4419 πρὸς
2317 4348 2534 4400 σύνεσιν
2562 4349 2590 4401 6
2612 4348 2770 4415 νοῦς,
2832 4347 2908 4411 ὡς
2940 4348 3040 4411 τὰς
3075 4347 3397 4419 παραϐολὰς
3431 4348 3524 4402 τοῦ
3555 4349 3733 4419 Σωτῆ-

2154 4457 2246 4511 ρος
2278 4439 2435 4511 ήμῶν
2468 4438 2565 4502 τὰς
2602 4440 2660 4494 ὲν
2687 4443 2799 4500 τοῖς
2827 4438 3187 4508 Εὐαγγελίοις
3215 4439 3525 4511 φερομένας
3560 4443 3734 4494 συνεῖ-

464 4530 943 4601 interpretaretur.
991 4526 1166 4584 Simul
1208 4542 1272 4583 ac
1311 4528 1495 4598 itaque
1536 4526 1790 4582 Salvator
1819 4526 2049 4597 parabo-

2156 4548 2245 4584 ναι
2280 4531 2463 4595 πάσας
2485 4572 2500 4591 .
2555 4534 2650 4586 καὶ
2697 4533 2802 4603 πρὸ
2838 4530 2940 4603 τῆς
2976 4532 3142 4588 αὐτοῦ
3170 4531 3490 4605 ἑρμηνείας.
3527 4535 3736 4588 Αὐτίκα

465 4623 547 4681 las
579 4625 959 4695 exposuisset,
992 4620 1351 4690 interrogavit
1384 4635 1482 4673 eos
1516 4618 1748 4674 dicendo
1787 4637 1800 4673 :
1850 4636 1869 4669 ι
1908 4616 2047 4670 Num

466 4716 812 4773 intellexistis
843 4715 961 4770 haec
987 4711 1261 4769 omni“?
1290 4730 1308 4763 ι
1346 4711 1422 4765 illi
1456 4725 1585 4765 vero
1612 4708 2047 4778 responderunt,

469 4806 581 4863 Ita.
633 4804 745 4862 Cor
803 4807 989 4875 itaque
1041 4817 1231 4857 eorum
1289 4801 1659 4856 meditabatur
1708 4797 2045 4868 prudentiae.

466 4900 676 4957 Deinde
705 4899 971 4970 aperiam,
1004 4894 1206 4967 inquit,
1239 4895 1295 4949 in
1328 4893 1588 4965 psalterio
1612 4891 2047 4963 propositionem

537 5026 566 5066 ι)
598 5014 618 5069 ι
648 5015 775 5071 Cor.
809 5029 862 5078 I,
889 5011 981 5066 ‘24.
1056 5018 1084 5059 ς
1112 5007 1300 5065 Matth.
1344 5025 1444 5065 xm
1469 5049 1485 5074 ,
1528 5009 1618 5064 51.

2158 4622 2313 4692 γοῦν,
2346 4623 2487 4694 μετὰ
2508 4627 2606 4694 τὴν
2629 4624 2844 4678 ἔκθεσιν
2868 4624 2975 4677 τῶν
2998 4623 3348 4695 παραϐολῶν,
3374 4625 3403 4677 6
3428 4625 3526 4695 μὲν
3545 4624 3737 4695 Σωτὴρ

2157 4715 2345 4787 ἠρώτα
2387 4718 2587 4781 αὐτοὺς
2628 4718 2835 4785 λέγων,
2899 4737 2916 4768 ι
2948 4718 3228 4787 Συνήκατε
3268 4716 3442 4770 ταῦτα
3476 4716 3730 4779 πάντας»

2156 4810 2206 4863 οἱ
2233 4809 2287 4863 δὲ
2319 4809 2573 4879 λέγουσιν
2604 4808 2775 4883 αὐτῷ,
2810 4812 2944 4865 Ναί.
3005 4810 3069 4863 'H
3109 4810 3308 4879 καρδία
3346 4808 3524 4863 τοίνυν
3556 4808 3736 4863 αὐτῶν

2156 4904 2395 4973 ἐμελέτα
2444 4904 2715 4968 συνέσεις.
2773 4902 2889 4957 Εἶτ’
2920 4904 3014 4957 ἐπὶ
3048 4902 3260 4967 τούτοις
3293 4902 3490 4969 ἀνοίξω
3518 4905 3578 4957 ἐν
3600 4902 3741 4970 ψαλ-

1601 5122 1841 5178 ὟΑΙὶΙιλΕ
1885 5122 2270 5181 LECTIONES
2321 5127 2407 5183 ET
2439 5129 2673 5186 ΝΟΤΛΕ.

521 5220 567 5254 ⁸³
592 5218 715 5275 cod.
749 5218 785 5271 9.
809 5215 1129 5288 προσφέρει.
1205 5216 1252 5249 ³³
1274 5215 1398 5288 eod.
1430 5215 1482 5288 ί,
1508 5216 1545 5270 2
1577 5217 1657 5270 δέ.
1733 5213 1952 5288 ³⁵ῌΤήις.
1982 5217 2049 5269 Al

2150 5261 2151 5268 η
2192 5235 2222 5274 a
2271 5222 2395 5275 cod.
2422 5222 2479 5277 2.

466 5320 538 5334 -—
557 5288 935 5359 κεχρημένοι.
973 5287 1101 5359 Des.
1129 5288 1272 5357 apud
1304 5287 1690 5359 Cord.4p.95_l_.

467 5361 523 5417 2.
602 5355 802 5413 “choti.
838 5359 874 5411 2
904 5355 1178 5412 τάὺτόνί
1232 5359 1279 5390 ⁸⁰
1309 5356 1435 5411 cod.
1469 5357 1521 5419 1,
1560 5357 1595 5408 2
1632 5355 1877 5421 δέξασθε.

1776 5286 1821 5357 ³7
1855 5284 2362 5357 Τῶννλετομένων.
2409 5294 2577 5348 Abest
2626 5309 2654 5346 a
2708 5294 2829 5347 cod.
2859 5294 2918 5348 2.

2609 5223 2655 5256 ³⁵
2690 5222 2813 5276 cod.
2839 5219 2875 5276 2
2918 5221 3361 5295 θηριωδέστεροι.
3460 5221 3507 5252 ³⁸
3535 5223 3602 5276 01
3626 5225 3742 5293 μὲν

2626 5309 2654 5346 a
2708 5294 2829 5347 cod.
2859 5294 2918 5348 2.
3016 5294 3062 5325 ³³
3098 5290 3232 5346 Kal.
3270 5294 3436 5345 Abest
3469 5307 3497 5344 a
3532 5295 3656 5347 cod.
3688 5295 3738 5353 Ι,

1955 5356 2000 5386 ⁸⁸
2028 5356 2255 5427 Σοφίας
2288 5393 2356 5404 -
2380 5362 2624 5431 χάριτος
2654 5363 2929 5431 ὄργανον.
2956 5363 3161 5417 Horum
3192 5363 3309 5417 loco
3339 5363 3390 5415 in
3415 5363 3537 5416 cod.
3564 5364 3618 5427 ὅ,
3651 5365 3741 5417 ubi

473 5431 691 5485 Eusebii
725 5444 921 5481 nomen
955 5429 1119 5483 simul
1153 5427 1454 5494 ascriptum
1484 5435 1588 5497 est.
1608 5440 1789 5497 pauca
1834 5426 1935 5479 ista
1965 5433 2049 5479 tan

2150 5445 2174 5481 η
2212 5426 2475 5485 exstant}
2506 5426 2697 5485 Ταῦτᾶ
2724 5426 2779 5486 δὲ
2808 5434 2901 5486 καὶ
2939 5433 3048 5487 ἀπὸ
3076 5432 3184 5484 τῶν
3220 5432 3394 5497 ἁγίων
3428 5426 3741 5486 ἀποστόλων

467 5498 1009 5570 δύναταιᾼλέγεσθαι.
1050 5500 1126 5570 ita
1173 5510 1392 5570 quoque
1424 5495 1567 5570 apud
1607 5495 1805 5570 Euseb.
1833 5496 1900 5547 ad
1931 5497 1983 5570 h_.
2012 5496 2046 5549 I.

2150 5500 2298 5570 gitur.
2388 5502 2436 5534 δ’
2470 5502 2597 5568 Τοῖς
2621 5503 2692 5556 ἐν
2720 5503 2964 5567 βάθεσι.
3007 5502 3130 5557 cod.
3169 5502 3191 5554 l
3238 5495 3317 5563 είς
3347 5501 3529 5570 βάθος.
3561 5505 3681 5557 cod.
3707 5503 3743 5555 9.

1070 5569 1118 5600 ⁵³
1171 5563 1314 5621 Τοῦ.
1343 5564 1465 5617 cod.
1497 5563 1533 5615 2

467 5574 582 5632 τοῖς
629 5567 819 5638 βάθεσι
839 5572 971 5634 τοῖς.

470 5709 595 5762 (od.
638 5707 872 5779 2_addit
909 5705 997 5779 ἦν.

474 5775 745 5833 mentario
776 5780 841 5833 ad
874 5775 944 5832 h.‘
963 5781 1000 5830 ι.

1566 5579 1752 5636 prtem.
1792 5567 1864 5636 iv
1893 5567 2026 5626 τοῖς.
2117 5569 2165 5600 ⁸⁸
2192 5572 2313 5624 eod.
2343 5571 2379 5624 2
2433 5567 2662 5636 ἐπιθείς.

469 5639 598 5694 llaec
629 5632 748 5692 iere
802 5632 989 5694 eadem
1043 5645 1171 5693 sunt
1220 5648 1348 5687 cum
1382 5632 1489 5686 illis
1529 5632 1652 5702 qua:
1706 5634 1906 5687 Euseb.
1941 5636 2006 5689 ad
2045 5636 2097 5691 h.
2139 5640 2173 5691 Ι.
2215 5641 2394 5693 habet.

1093 5707 1139 5737 “
1177 5703 1430 5758 Τούτων.
1464 5704 1629 5758 Abest
1670 5719 1698 5756 a
1740 5704 1862 5757 cod.
1895 5703 1949 5756 Ξ.
2027 5705 2070 5735 ⁸³
2102 5708 2142 5760 E
2169 5711 2289 5763 eod.
2324 5712 2357 5763 5
2381 5712 2561 5783 suppl.
2602 5711 2782 5768 Pauca
2806 5703 3031 5767 illorum
3060 5710 3225 5766 habet
3254 5703 3548 5767 Eusebfin
3571 5703 3739 5768 Coni-

2766 5572 2812 5605 η
2845 5577 3012 5640 nam

3015 5570 3200 5636 ϐολὰς
3239 5602 3310 5614 -
3342 5573 3737 5642 προσέφερεν.

2507 5642 2552 5673 ⁸⁸
2594 5643 2712 5712 cod.
2745 5643 2780 5696 2
2805 5658 2990 5712 prtem.
3030 5642 3086 5696 ὅ..

3200 5641 3244 5673 ⁸⁷
3285 5641 3737 5711 Διαλεγομενος.
