4108 6460
3490 414 3623 475 ιεεε

3519 461 3621 478 ..ι’--

347 412 471 477 ῙΞΞΙ
1664 418 1744 481 lN
1774 420 1947 479 PSA].

2038 418 2294 477 XLVIII.

337 537 517 601 τηρίῳ
546 531 605 584 τὸ
631 532 929 603 πρόϐλημά
956 551 1079 602 μου.
1109 533 1250 603 Ἐγὼ
1279 536 1379 606 μὲν
1402 536 1531 606 γὰρ,
1559 536 1711 606 φησὶ,
1738 537 1932 603 ἀκονή-

2038 547 2237 586 meum.
2275 532 2386 602 Ego
2418 531 2600 596 enim,
2655 528 2865 598 inquit,
2923 528 3016 596 qui
3063 527 3397 582 intellectum
3440 545 3623 582 meum

341 638 445 685 σας
489 621 552 675 τὸ
593 623 938 695 διανοητικόν
991 643 1093 695 μου
1136 628 1217 691 εἰς
1243 627 1461 683 σύνεσιν
1493 627 1602 681 τῶν
1637 627 1925 699 σωτηρίων

2038 625 2179 687 aeui,
2215 631 2274 676 ut
2301 636 2526 677 sensum
2556 618 2880 677 salutarium
2910 618 3264 674 oraculorum
3296 619 3625 688 perspiciat,

340 712 672 783 παραϐολῶν
716 714 1014 786 δεδύνημαι
1046 719 1492 789 ἐπακολουθῆσαι
1518 723 1587 793 τῇ
1613 721 1929 791 ἐμφερομέ-

2038 728 2270 769 mentem
2304 730 2426 784 quae
2455 713 2560 768 illis
2596 713 2739 768 inest
2785 711 3005 782 assequi
3049 710 3201 780 potui
3232 728 3247 765 :
3293 711 3412 767 istis
3441 721 3625 766 autem

339 823 405 876 νῃ
458 805 517 857 ὲν
563 806 756 868 αὑταῖς
804 806 1022 879 διανοίᾳ⁸
1046 826 1060 839 ·
1127 812 1242 873 τοῖς
1272 811 1330 865 δὲ
1363 812 1439 883 μὴ
1472 811 1638 865 τοῦτο
1661 813 1928 882 πράττειν

2038 808 2122 876 qui
2154 808 2225 861 ob
2263 808 2578 862 intellectus
2608 805 3038 861 imbecillitatem
3081 804 3186 859 hoc
3219 819 3327 858 non
3355 814 3624 873 possunt,

339 897 663 968 δυναμένοις
694 898 782 952 διὰ
813 901 1146 972 νηπιότητα,
1182 902 1384 968 ἀνοίξω
1411 904 1479 956 τὰ
1505 905 1926 974 κεκρυμμένα⁸⁰

2038 899 2277 967 aperiam
2315 900 2568 965 occulta,
2609 908 2661 953 ct
2709 914 2978 968 exponam
3027 897 3134 951 illis
3186 898 3523 966 problemata
3560 914 3627 950 ac

310 992 314 996 ’
340 992 436 1044 καὶ
464 991 792 1062 διασαφὴσω
822 994 892 1046 τά
924 994 1292 1065 προϐλήματα
1324 996 1420 1050 καὶ
1446 997 1546 1060 τὰς
1573 998 1891 1068 παραϐολάς
1911 1015 1926 1029 ⁸

2038 990 2347 1061 parabolas,
2382 990 2545 1059 idque
2572 1005 2671 1058 per
2695 989 3021 1044 Psalterium
3048 1004 3230 1042 meum
3265 989 3484 1051 faciam,
3519 989 3628 1043 sci-

340 1085 439 1138 καὶ
486 1084 664 1138 ταῦτα
698 1086 898 1158 πράξω
945 1088 1036 1141 διὰ
1068 1087 1166 1140 τοῦ
1196 1088 1332 1159 ἐμοῦ
1360 1089 1667 1161 ψαλτηρίου
1697 1092 1794 1146 τοῦ
1825 1110 1929 1146 σω-

2038 1081 2161 1133 Iicet
2187 1094 2280 1147 per
2307 1094 2634 1147 corporeum
2664 1078 3087 1133 instrumentum
3112 1097 3127 1144 ;
3162 1089 3347 1148 utpote
3371 1078 3517 1148 quod
3542 1089 3629 1134 est

346 1176 584 1247 ματικοῦ
616 1177 822 1250 δηλαδὴ
854 1179 1271 1251 ὀργάνου,ὅπερ
1300 1181 1535 1251 δργανον
1562 1184 1665 1252 τῆς
1688 1185 1931 1239 ἐνοικού-

2038 1170 2467 1224 instrumentum
2512 1165 2712 1219 animm
2770 1167 2920 1220 intus
2976 1167 3316 1234 habitantis,
3366 1169 3440 1222 illi
3502 1170 3626 1223 loco

344 1289 448 1344 σης
498 1274 559 1325 ὲν
595 1272 746 1345 αὐτῷ
774 1271 956 1344 ψυχῆς
985 1274 1261 1344 τυγχάνον
1292 1276 1414 1329 ἀντὶ
1434 1275 1626 1348 Ψαλτη
1638 1276 1757 1347 ρίου
1791 1279 1926 1349 αὐτῇ

2038 1257 2285 1312 l-‘salterii
2321 1257 2530 1318 datum,
2570 1265 2632 1309 ut
2656 1272 2825 1325 super
2867 1258 2960 1312 illo
2996 1259 3232 1328 hymnos
3267 1260 3321 1313 in
3361 1262 3624 1314 honorem

342 1364 734 1436 παραδέδοται,
772 1365 910 1437 πρὸς
934 1367 997 1420 τὸ
1020 1367 1427 1439 ἀνακρούεσθαι
1455 1371 1512 1422 ἐν
1537 1369 1689 1438 αὐτῷ
1712 1371 1792 1442 τῷ
1812 1371 1931 1442 Θεῷ

341 1463 472 1524 τοὺς
507 1459 713 1531 ὕμνους
768 1460 865 1513 καὶ
910 1461 1265 1532 ἀναπέμπειν
1293 1460 1523 1516 ἕκαστον
1548 1462 1928 1535 αἰσθητήριον,

343 1553 437 1605 καὶ
491 1551 656 1623 μέλος
722 1550 817 1605 καὶ
871 1552 1039 1623 μέρος
1092 1552 1188 1607 τοῦ
1236 1553 1493 1625 σώματος
1543 1556 1932 1626 ἐπιστημόνως

343 1641 672 1715 κινοῦσαν.]
732 1640 920 1696 Ταῦτα
942 1643 988 1676 ⁸¹
1036 1643 1114 1707 ὡς
1160 1646 1218 1698 ὲν
1248 1645 1524 1715 προοιμίῳ
1553 1645 1841 1712 διεξελθὼν
1861 1648 1928 1711 ⁸³,

342 1737 576 1808 ἄρχεται
595 1736 641 1768 ⁵³
674 1736 864 1789 λοιπὸν
895 1738 999 1807 τῆς
1028 1738 1438 1808 παραινέσεως.

417 1826 490 1893 ς’.
541 1849 560 1879 ι
581 1828 746 1881 Ἱνατί
781 1826 1059 1899 φοϐοῦμαι
1094 1831 1152 1882 ὲν
1181 1829 1367 1901 ἡμέρᾳ
1396 1832 1638 1900 πονηρῄ
1670 1832 1704 1901 ἡ
1731 1831 1932 1903 ἀνομία

348 1921 442 1989 τῆς
467 1920 708 1992 πτέρνης
736 1936 839 1989 μου
853 1918 899 1950 ³⁵
932 1919 1206 1973 κυκλώσει
1233 1938 1357 1992 με.)
1389 1921 1545 1976 Δέδια
1557 1923 1604 1954 ⁵⁸
1625 1923 1719 1975 καὶ
1740 1924 1931 1993 τρέμω

348 2013 442 2085 τὴν
498 2013 717 2084 ἡμέραν
769 2012 872 2082 τῆς
921 2013 1340 2076 ἀνταποδόσεως
1358 2014 1433 2081 ³⁸,
1498 2010 1626 2087 ὲνῇ
1667 2015 1695 2066 ὁ
1726 2014 1933 2078 δίκαιος

346 2104 556 2175 Κριτής
582 2103 1019 2157 ἀνταποδώσει⁵⁷
1054 2104 1275 2175 ἑκάστῳ
1308 2104 1455 2158 κατά
1483 2104 1553 2158 τὰ
1582 2104 1722 2174 ἔργα
1745 2106 1931 2161 αὑτοῦ,

347 2195 428 2267 [⁵⁸
451 2194 624 2248 Τοῦτο
654 2195 712 2248 δὲ
748 2196 970 2263 γνόντες
1024 2197 1123 2252 καὶ
1162 2196 1319 2250 αὐτοὶ
1366 2197 1462 2251 τὸν
1518 2197 1766 2252 τοιοῦτον
1826 2200 1936 2271 πρὸ

345 2288 648 2360 ὀφθαλμῶν
666 2289 969 2343 ἀναλάϐετε
986 2289 1172 2358 φόϐον.
1190 2290 1253 2343 Et
1270 2289 1380 2360 γὰρ
1401 2288 1512 2358 ἐγὼ
1527 2290 1556 2342 ὁ
1574 2289 1935 2362 δεδυνημένος

345 2382 636 2447 εἰπεῖν,Τὸ
670 2381 851 2454 στόμα
880 2398 982 2452 μου
1015 2382 1243 2453 λαλήσει
1276 2382 1501 2452 σοφίαν,
1538 2382 1636 2435 καὶ
1666 2385 1700 2454 ἡ
1734 2382 1935 2455 μελέτη

344 2475 445 2544 τῆς
493 2474 728 2545 καρδίας
777 2491 882 2545 μου
939 2475 1222 2540 συνέσεις,
1276 2473 1447 2527 κλινῶ
1495 2476 1578 2539 είς
1620 2476 1936 2547 παραϐολὴν

344 2568 407 2623 τὸ
435 2564 531 2634 οὖς
563 2585 690 2641 μου,
729 2569 873 2640 μετὰ
899 2568 1075 2623 ταῦτα
1102 2568 1343 2640 ἐμφοϐός
1371 2570 1490 2641 εἰμι
1517 2572 1614 2623 καὶ
1641 2570 1931 2643 ἔντρομος·

342 2662 488 2716 διατι
541 2662 665 2732 οὐχ).
718 2663 817 2716 καὶ
865 2662 1055 2732 ὑμείς;
1113 2663 1180 2715 Εἰ
1217 2662 1274 2715 δέ
1319 2679 1407 2726 τις
1435 2663 1763 2718 πυνθάνοιτο
1795 2668 1936 2720 ξνατί

343 2755 644 2825 φοϐοῦμαι,
672 2755 926 2808 ἀκουέτω
957 2755 1097 2825 μετά
1121 2754 1470 2826 παρρησίαςο
1503 2756 1623 2810 ἔστι
1651 2775 1734 2822 τις
1754 2760 1934 2831 ἡμέρα

342 2847 563 2918 πονηρὰ
617 2847 749 2916 περὶ
795 2842 862 2918 ἧς
919 2846 1090 2917 μυρία
1142 2849 1202 2899 ἐν
1245 2848 1367 2909 ταῖς
1402 2852 1771 2918 προφητικαίς
1804 2852 1935 2903 ἀνα-

341 2942 608 3009 φωνείται
627 2936 921 3010 ι“ραφαίς.]
946 2937 1129 2999 Ait-to;
1149 2938 1194 2969 ⁸³
1215 2936 1271 2990 δέ
1301 2954 1391 3007 μοι
1412 2938 1507 2991 τοῦ
1532 2938 1688 3001 δέους
1709 2943 1738 2993 ό
1760 2943 1936 3013 παρά-

339 3049 508 3103 νομος
531 3030 670 3101 βίος,
700 3030 768 3083 δι’
792 3030 851 3083 ὃν
881 3029 984 3100 τῆς
1006 3029 1225 3090 εὐθείας
1258 3030 1569 3102 ἐξετράπην
1594 3031 1735 3084 ὁδοῦ.
1769 3033 1934 3103 Τὴν⁴λ⁰

339 3127 456 3198 γὰρ
490 3124 759 3194 πτέρναν
801 3123 934 3177 ἔνιοι
967 3123 1070 3193 μὲν
1100 3122 1198 3177 τοῦ
1227 3122 1344 3194 βίου
1376 3124 1479 3195 τὴν
1507 3125 1627 3179 ὁδὸν
1659 3126 1937 3197 προσηγό-

2036 1346 2133 1403 Dei
2170 1348 2376 1417 pulset,
2398 1364 2773 1418 sensuumque
2806 1363 3011 1417 organa
3038 1350 3265 1416 excitet,
3292 1352 3537 1405 mem-bra
3568 1362 3626 1406 et

2037 1450 2220 1506 partes
2260 1440 2528 1510 corporis
2575 1455 2772 1496 omnes
2817 1442 2954 1496 scite
3001 1441 3296 1513 movens]
3345 1441 3471 1498 llaec
3504 1453 3626 1497 tan-

2035 1547 2199 1601 quam
2243 1532 2298 1586 in
2331 1532 2556 1587 exordio
2584 1534 2843 1602 pra-fatus
2864 1574 2878 1599 ,
2918 1535 3203 1589 exorditur
3231 1534 3492 1604 deinceps
3531 1537 3629 1590 att-

2037 1623 2422 1678 monitionem.

2111 1821 2277 1877 Vsus.
2314 1823 2369 1877 6.
2431 1840 2450 1874 ι
2486 1821 2596 1878 Cur
2630 1821 2837 1877 timebo
2863 1822 2954 1877 die
2985 1821 3177 1877 malo?
3219 1823 3486 1894 iniquitas
3516 1826 3631 1879 cai-

2037 1916 2191 1970 canei
2219 1916 2325 1970 mei
2356 1917 2724 1971 circumdabit
2766 1931 2870 1972 me.
2905 1935 2926 1967 ι
2969 1914 3159 1971 Timeo
3186 1926 3240 1971 et
3271 1919 3637 1987 perhorresco

2038 2006 2419 2063 retributionis
2464 2009 2644 2072 diem,
2696 2007 2748 2061 in
2803 2024 2915 2077 quo
2957 2008 3143 2078 justus
3185 2008 3358 2065 Judex
3403 2012 3632 2067 cuilibet

2037 2099 2203 2169 917
2231 2100 2538 2155 secundum
2569 2114 2736 2171 opera
2768 2100 2888 2170 ejus
2909 2102 3197 2157 retribuet.

2115 2190 2137 2264 [
2161 2191 2278 2246 Hoc
2320 2202 2504 2247 autem
2542 2193 2781 2247 scientes
2805 2194 3057 2249 eumdem
3092 2209 3203 2264 prae
3230 2194 3407 2252 oculis
3427 2195 3629 2252 habea-

2038 2285 2110 2340 tis
2146 2285 2422 2339 timorem.
2462 2284 2601 2339 Cum
2643 2285 2794 2339 enim
2825 2300 2956 2355 ego,
2986 2286 3083 2356 qui
3110 2288 3294 2342 dicere
3330 2286 3523 2358 potui,
3563 2304 3632 2345 os

2038 2390 2221 2431 meum
2249 2377 2504 2446 loquetur
2524 2380 2874 2447 sapientiam,
2903 2389 2958 2433 et
2983 2380 3273 2435 meditatio
3301 2382 3486 2438 cordis
3517 2384 3628 2438 mei

2036 2469 2385 2540 prudentias,
2427 2470 2705 2524 inclinabo
2744 2471 2812 2524 ad
2846 2471 3168 2540 parabolam
3201 2488 3391 2529 aurem
3422 2489 3630 2540 meam,

2036 2574 2228 2635 postea
2262 2564 2460 2619 timore
2493 2576 2548 2618 ct
2591 2573 2800 2618 terrore
2828 2574 3118 2636 correptus
3152 2566 3348 2622 fuerint
3376 2611 3392 2636 ,
3433 2569 3630 2639 quidni

2034 2658 2200 2712 etiam
2237 2658 2373 2712 vos?
2407 2656 2461 2710 Si
2493 2658 2617 2726 quis
2653 2666 2834 2713 autem
2862 2661 3185 2728 quaesiverit
3219 2675 3322 2715 cur
3361 2662 3583 2718 timeam
3611 2704 3627 2729 ,

2036 2753 2224 2807 audiat
2255 2755 2509 2821 ingenue,
2533 2768 2656 2807 esse
2682 2752 2826 2807 diem
2849 2754 3144 2821 quemdam
3173 2755 3399 2821 malum,
3422 2758 3488 2812 de
3516 2772 3630 2827 quo

2038 2847 2331 2899 innumera
2360 2844 2413 2897 in
2445 2844 2668 2913 scriptis
2703 2844 3094 2913 prophetarum
3125 2857 3346 2901 exstant
3380 2849 3631 2904 testimo—

2039 2937 2193 3010 nia.]
2247 2938 2427 2992 Causa
2467 2946 2647 2991 autem
2700 2937 2914 2993 timoris
2958 2939 3090 2992 mihi
3130 2948 3216 2993 est
3263 2940 3451 3010 iniqua
3491 2942 3629 3007 vita,

2039 3048 2134 3101 per
2170 3047 2337 3100 quam
2369 3047 2398 3084 a
2436 3042 2583 3085 recto
2615 3030 2835 3085 tramite
2861 3031 3084 3086 diverti.
3115 3024 3437 3087 Calcimeum
3480 3035 3631 3089 enim

2038 3126 2260 3194 quidam
2307 3125 2430 3179 vita:
2473 3128 2573 3179 iter
2624 3134 3055 3194 nuncuparunt:
3097 3139 3199 3195 ego
3249 3124 3385 3181 vero
3431 3126 3630 3197 opinor

346 3236 549 3291 ριυσαν
573 3232 591 3249 ⁸
644 3216 759 3287 ἐγὼ
786 3216 843 3271 δὲ
870 3211 1027 3289 οἶμαι
1063 3218 1164 3288 τὴν
1220 3216 1442 3288 ἀπάτην
1469 3217 1834 3282 αἰνίττεσθαι,
1871 3221 1934 3272 ὲκ

2040 3218 2288 3271 fraudem
2326 3218 2675 3287 signiﬁcare,
2710 3232 2775 3271 ex
2810 3217 3171 3274 translatione
3205 3234 3497 3275 cursorum
3519 3261 3533 3285 ,
3571 3233 3631 3277 ut

344 3315 669 3385 μεταφορᾶς
684 3311 794 3365 τῶν
809 3310 1080 3383 δρομέων,
1097 3311 1174 3374 ὼς
1199 3311 1294 3363 καὶ
1310 3310 1410 3381 ἡδη
1431 3314 1843 3382 προειρήκαμεν
1865 3311 1932 3375 ⁸³,

338 3406 395 3460 οἳ
420 3409 483 3477 τῇ
517 3406 727 3476 πτέρνῃ
765 3403 1029 3467 πολλάκις
1058 3403 1186 3466 τοὺς
1213 3403 1626 3468 ἀνταγωνιστὰς
1658 3402 1935 3456 καταϐάλ-

339 3501 519 3553 λουσι.
555 3497 729 3552 Τοῦτο
754 3498 908 3568 ἡμᾶς
936 3495 1030 3551 καὶ
1054 3498 1083 3550 ό
1112 3494 1283 3548 Ἠσαῦ
1310 3495 1551 3562 ἐδίδαξεν
1575 3495 1900 3565 ὀδυρόμενος
1917 3514 1930 3527 ’

343 3593 590 3654 Δικαίως
634 3591 777 3661 γάρ,
833 3589 1041 3659 φησὶν,
1105 3587 1386 3659 ἐπεκλήθη
1439 3588 1500 3640 τὸ
1548 3588 1721 3657 ὄνομα
1767 3589 1934 3641 αὐτοῦ

356 3680 559 3736 Ἰακώϐ
585 3698 598 3711 ·
665 3679 960 3751 ὲπτέρνικέ
1007 3679 1134 3750 μεθ’
1162 3678 1269 3750 γὰρ
1305 3678 1410 3751 ἤδη
1435 3680 1703 3756 ⁵δεύτερον
1734 3681 1893 3733 τοῦτο
1918 3698 1931 3711 ·

335 3774 414 3829 τά
450 3791 507 3827 τε
531 3773 577 3806 ⁸³
600 3771 952 3844 πρωτοτόκιά
1000 3789 1104 3841 μου
1156 3771 1371 3841 εἴληφε,
1425 3772 1522 3825 καὶ
1569 3772 1664 3824 νῦν
1710 3772 1936 3824 trace“

335 3867 442 3936 τὴν
486 3865 745 3934 εὐλογίαν
787 3881 943 3935 pou.)
990 3862 1269 3931 Πονηρὰν
1296 3864 1352 3917 δὲ
1383 3863 1671 3933 ήμέρανδδ
1706 3865 1805 3933 τὴν
1833 3865 1933 3933 τῆς

336 3961 580 4030 κρίσεως
613 3956 1049 4029 προσηγόρευσε,
1084 3956 1227 4009 κατὰ
1248 3955 1308 4008 τὸ
1340 3955 1473 4027 παρ’
1494 3958 1629 4026 ἡμῖν
1656 3955 1935 4009 πολιτευό-

343 4067 512 4120 μενον
557 4048 698 4112 ξθος.
767 4048 1006 4102 Εἰώθασι
1049 4049 1163 4119 γὰρ
1209 4047 1395 4102 πολλοὶ
1430 4047 1609 4119 κακὴν
1642 4047 1934 4118 ὀνομάζειν

335 4143 587 4214 ἡμέραν,
626 4143 684 4194 ὲν
773 4140 1041 4211 λυπηροῖς
1062 4156 1207 4192 τισιν
1235 4140 1439 4204 αὐτοὺς
1463 4139 1752 4210 συμϐαίνει
1775 4155 1934 4210 περι-

337 4238 555 4289 πεσεῖν.
596 4233 684 4306 [⁸⁸
704 4233 945 4295 Εἰκότως
981 4231 1166 4286 τοίνυν
1218 4231 1397 4297 οὕτως
1435 4231 1930 4304 προσαγορεύεται,

336 4328 418 4391 ὡς
450 4326 520 4382 ἂν
551 4327 652 4397 τῆς
683 4328 915 4382 ἑκάστου
941 4326 1214 4395 πονηρίας
1234 4322 1366 4380 οὖσα
1391 4326 1684 4397 ἐλεγκτική
1702 4340 1715 4353 ·
1742 4326 1837 4379 καὶ
1858 4326 1935 4390 ὡς

333 4422 447 4485 τὰς
488 4421 743 4485 κολάσεις
797 4423 910 4482 τοῖς
971 4419 1196 4473 ἀσεϐέσι
1249 4419 1338 4472 διὰ
1390 4419 1490 4490 τῆς
1528 4420 1935 4491 περιμενούσης

337 4513 532 4574 αὐτοῖς
583 4512 756 4581 ὀργῆς
804 4511 1112 4577 ἐπάγουσα.
1175 4510 1276 4563 Διά
1313 4509 1475 4563 τοῦτο
1522 4509 1680 4578 κάγὼ
1725 4511 1935 4581 φρίττω

338 4607 369 4659 ὸ
403 4601 582 4657 ταῦτα
615 4602 995 4673 φθεγγόμενος
1024 4618 1041 4632 ο
1100 4603 1132 4671 ἡ
1169 4600 1281 4671 γὰρ
1316 4601 1519 4672 ἀνομία
1558 4602 1661 4671 τῆς
1695 4603 1936 4675 πτέρνης

343 4711 450 4765 μου
500 4694 624 4747 κατ’
658 4693 832 4763 αὐτὴν
864 4692 1083 4760 ἐκείνην
1116 4688 1216 4760 τὴν
1247 4692 1496 4761 πονηράν
1536 4690 1808 4744 κυκλώσει
1844 4708 1934 4759 με.

354 4785 602 4853 Ἀνομία
641 4785 700 4839 δὲ
746 4784 1009 4852 πτέρνης
1038 4781 1291 4835 λέλεκται
1324 4783 1358 4854 ἡ
1390 4782 1489 4851 τῆς
1517 4782 1669 4845 ὀδοῦ,
1718 4783 1842 4836 καθ’
1869 4784 1938 4855 ἢν

336 4882 434 4936 τὸν
484 4879 738 4951 παρόντα
784 4877 900 4949 βίον
944 4875 1286 4947 διανύομεν,
1362 4875 1727 4948 παρεκτροπὴ
1768 4876 1938 4947 ἤγουν

426 5049 445 5075 ι
481 5034 619 5090 Gen.
651 5050 799 5090 xxv"
824 5074 842 5099 ,
876 5031 966 5088 ΞΕ.

2033 3313 2145 3381 jam
2174 3311 2432 3379 superius
2460 3309 2704 3363 diximus
2726 3350 2741 3374 ,
2775 3310 2870 3379 qui
2902 3310 3165 3366 calcaneo
3197 3326 3340 3382 saepe
3367 3313 3630 3369 adversa-

2039 3404 2151 3458 rios
2208 3404 2495 3472 tlejiciunt.
2547 3400 2761 3457 Hoc-et
2810 3402 2953 3458 Esau
3008 3403 3200 3474 lugens
3244 3405 3434 3461 docuit
3483 3420 3629 3462 nos:

2043 3516 2063 3548 ι
2092 3494 2247 3550 Juste
2280 3498 2429 3551 enim
2450 3537 2466 3562 ,
2500 3495 2718 3565 inquit,
2749 3505 3004 3550 vocatum
3033 3505 3120 3552 est
3151 3513 3351 3553 nomen
3392 3499 3513 3571 ejus
3534 3498 3631 3554 Ja—

2038 3591 2140 3644 cob
2167 3608 2179 3642 :
2220 3605 2344 3643 nam
2373 3587 2745 3657 supplantavit
2776 3604 2861 3641 me
2879 3589 2993 3658 jam
3022 3588 3197 3643 altera
3229 3591 3347 3645 vice
3373 3608 3387 3646 :
3425 3592 3634 3662 primo-

2037 3683 2217 3752 genita
2254 3696 2378 3735 mea
2420 3680 2685 3742 abstulit,
2727 3690 2780 3734 et
2831 3696 2981 3737 nunc
3035 3682 3313 3753 subripuit
3343 3687 3359 3705 '
3404 3685 3634 3740 benedi-

2039 3775 2276 3830 ctionem
2298 3766 2472 3827 meam
2500 3784 2546 3827 ι’.
2569 3774 2840 3827 Cancrum
2859 3774 2998 3827 diem
3028 3773 3459 3843 mdium,judicii
3483 3779 3635 3833 diem

2039 3867 2285 3932 vocavit,
2325 3866 2536 3920 usitato
2569 3879 2722 3918 more
2764 3873 2973 3920 nostro.
3025 3864 3180 3920 Diem
3229 3867 3373 3938 enim
3424 3869 3630 3924 malum

2037 3959 2194 4014 multi
2243 3958 2532 4014 nominare
2567 3958 2786 4025 solent,
2847 3973 2957 4027 quo
3017 3959 3219 4013 accidit
3274 3960 3408 4029 ipsis
3457 3969 3517 4014 ut
3550 3962 3632 4027 ,in

2036 4050 2252 4119 aliquas
2292 4049 2637 4103 calamitates
2671 4042 3023 4102 inciderent.
3053 4046 3295 4120 [Merito-
3326 4050 3513 4120 itaque
3550 4053 3632 4108 sie

2037 4153 2282 4206 Vocatur,
2315 4149 2503 4211 utpote
2529 4140 2623 4213 qui
2656 4140 3095 4212 uniuscujusque
3113 4140 3418 4197 malefacta
3439 4143 3631 4198 redar-

2034 4244 2182 4306 gnet,
2216 4244 2270 4289 ct
2303 4234 2504 4304 impios
2537 4247 2715 4303 ptems
2747 4241 2973 4302 propter
2996 4233 3134 4289 iram
3163 4233 3273 4289 illis
3306 4233 3637 4292 incumben-

2037 4340 2145 4384 tem
2175 4328 2396 4384 alﬁciet.
2440 4327 2738 4395 Propterea
2779 4327 2946 4381 etiam
2976 4340 3079 4398 ego
3112 4327 3207 4396 qui
3250 4327 3368 4381 hac
3408 4327 3631 4398 loquor,

2034 4425 2421 4492 perhorresco.
2466 4419 2736 4490 lniquitas
2782 4419 2931 4474 enim
2970 4419 3213 4474 calcanei
3252 4419 3359 4473 mei
3401 4434 3467 4475 eo
3507 4420 3637 4490 ipso

2039 4515 2129 4569 die
2178 4513 2349 4583 918
2396 4512 2546 4567 malo
2588 4526 2677 4565 me
2718 4511 3105 4565 circumdabit.
3146 4507 3413 4580 Iniquitas
3445 4518 3630 4566 autem

2044 4607 2284 4661 δαίσαιιεὶ
2315 4605 2520 4661 dicitur
2558 4603 2660 4659 viae
2692 4642 2706 4667 ,
2759 4619 2867 4674 qua
2924 4603 3237 4658 incedentes
3285 4604 3426 4659 hanc
3462 4604 3634 4659 vitam

2047 4694 2438 4763 transigimus,
2473 4693 2770 4749 declinatio
2803 4694 2919 4747 sive
2948 4690 3168 4763 fraus]
3201 4692 3294 4748 Sic
3328 4702 3383 4748 et
3409 4693 3637 4751 divinus

2043 4784 2343 4855 Apostolus
2386 4783 2583 4855 judicii
2626 4785 2769 4838 diem
2806 4792 3010 4838 vocat:
3068 4801 3087 4833 ι
3125 4783 3442 4839 Secundum
3484 4784 3640 4839 duri-

2047 4877 2176 4932 tiam
2212 4887 2361 4930 tuam
2395 4888 2580 4932 autem
2609 4919 2624 4942 ,
2675 4887 2730 4931 et
2758 4876 3112 4946 impmuitrns
3145 4891 3264 4946 cor,
3299 4877 3476 4933 instar
3506 4877 3636 4933 the-

1492 5177 1727 5233 VARIAS
1764 5178 2149 5236 LECTIONES
2180 5177 2265 5233 ΕΤ
2295 5177 2531 5233 NOTAE.

414 5304 461 5335 ⁸⁸
497 5300 919 5370 Κεκρυμμένα.
945 5298 1024 5355 Ita
1050 5299 1100 5354 lc

1142 5338 1156 5352 .
1192 5311 1316 5355 esse
1343 5296 1561 5353 videtur
1590 5312 1688 5366 pro
1719 5297 1947 5370 κεκλιμέ

2038 5314 2184 5369 ,quze
2212 5307 2299 5355 est
2333 5298 2494 5370 lectio
2527 5295 2756 5370 codicis.
2833 5295 2879 5370 ’ξ
2904 5296 3117 5370 Ταῦτα.
3151 5296 3415 5370 ροιιεὸτᾲ
3439 5296 3639 5370 πρῶτα

414 5316 461 5335 "
497 5316 919 5370 κεκρυμμενα.
945 5316 1024 5355 tta
1051 5316 1156 5401 leg.
1192 5316 1316 5355 esse
1343 5316 1561 5353 iuuetur
1590 5316 1688 5366 pro
1719 5316 2042 5370 κεκλιμενα,
2062 5316 2184 5369 quae
2212 5316 2299 5355 εει
2335 5316 2494 5353 lectio
2527 5316 2756 5352 coutcts.
2833 5316 2877 5329 -·
2904 5316 3117 5352 ιναυτα.
3151 5316 3330 5375 cou._o
3354 5316 3415 5349 τι
3439 5316 3630 5365 πρωτα

333 5378 388 5407 ⁵³
423 5374 547 5429 cod.
580 5373 614 5426 5
644 5371 1017 5446 διαλαλήσας.
1083 5370 1105 5401 ⁸
1144 5366 1973 5446 *Ἀρχεςαι-παραινέσεως.
2009 5373 2130 5446 cod.
2179 5371 2212 5425 5
2247 5368 2497 5446 ἐντεῦθεν
2532 5368 2759 5446 ἄρχεται
2791 5366 2885 5420 τοῦ
2922 5367 3316 5446 ίςιδοισὶιειλικου⁵
3345 5367 3526 5433 λόγου.
3570 5369 3630 5421 in

334 5447 473 5501 cod.
525 5443 774 5511 sequitur
802 5460 815 5495 :
847 5438 942 5496 καὶ
970 5441 1034 5511 δὴ
1068 5440 1263 5494 πεῦσιν
1284 5438 1481 5511 τίθησι
1533 5439 1631 5511 καὶ
1659 5440 1762 5511 τὴν
1819 5440 1959 5509 πρὸς
1992 5439 2230 5511 ,ταύτην
2260 5440 2554 5511 ἀπόκρισιν
2616 5444 2903 5511 συνάπτει.
2931 5508 2945 5511 _
2974 5439 3026 5511 ξι
3066 5438 3174 5504 Τῆς
3205 5438 3467 5511 πτέρρςης
3483 5452 3627 5511 ⁸ιιουζ

337 5516 512 5570 Ilebr.
563 5509 723 5599 δείρῃ,
766 5513 913 5581 quod
963 5509 1032 5565 iu'
1080 5526 1225 5565 vers.
1272 5509 1414 5580 Syr.
1459 5509 1598 5565 satis
1657 5509 1797 5564 bene
1847 5509 2200 5579 exprimitur.

768 5604 814 5635 "
842 5602 1006 5658 codd.
1049 5611 1161 5659 tres
1191 5601 1330 5671 Aug.
1362 5598 1701 5671 dmodicet._
1740 5598 1791 5671 ’ξ
1824 5596 1867 5651 E
1894 5600 2015 5655 cod.
2053 5601 2087 5655 5
2125 5615 2284 5670 supp.
2317 5599 2454 5671 Cum
2494 5599 2581 5654 his
2611 5597 2937 5671 conferenda
2967 5603 3114 5671 sunt_.

334 5604 691 5666 ἀντιδόσεως.

336 5696 397 5751 p.
431 5677 538 5730 954
584 5672 788 5751 Nostro
830 5674 1045 5751 tribuit.

340 5744 508 5802 nacta
545 5755 674 5800 sunt
724 5745 777 5798 iu
812 5746 935 5799 cod.
969 5744 1024 5797 5.

335 5819 391 5852 ⁸³
414 5823 541 5871 cod.
573 5816 609 5870 5
633 5814 722 5870 τά.

338 5890 610 5957 κρίσεως.
719 5886 763 5917 ⁸⁸
794 5883 834 5938 Ε
857 5887 978 5941 cod.
1017 5885 1051 5938 5
1077 5884 1243 5937 etiam
1278 5882 1457 5951 suppl.

1148 5668 1426 5736 "Al—ttat:
1458 5697 1527 5709 —
1556 5669 1725 5724 ὀδοῦ.
1759 5668 1887 5725 Des.
1930 5671 1984 5723 in
2021 5672 2145 5725 rod.

1129 5742 1172 5773 οι
1211 5734 1312 5806 Ὠς
1341 5734 1414 5781 -ἱ
1453 5739 1918 5809 προειρήκαμεν.
1960 5740 2082 5795 Des.
2135 5743 2190 5795 in
2231 5741 2354 5794 cod.
2391 5734 2446 5794 '5.

824 5815 871 5845 οδ
910 5814 1154 5868 "Excisa.
1195 5814 1362 5865 Abest
1394 5825 1423 5863 a
1455 5814 1577 5866 cod.
1612 5812 1671 5865 2.
1703 5812 1758 5866 in
1795 5810 1920 5867 cod.
1978 5812 2025 5866 ι.
2076 5811 2181 5882 leg.
2232 5811 2450 5882 εἴληφε.

2316 5512 2362 5542 ⁵⁵
2398 5508 2593 5562 Δέδια.
2645 5509 2767 5564 cod.
2809 5508 2844 5562 5
2882 5508 3034 5563 addit
3080 5508 3235 5576 φησί.

3340 5506 3407 5573 ³³,
3424 5508 3548 5561 cod.
3593 5507 3638 5560 5

3150 5609 3271 5664 qum
3302 5593 3464 5648 Cord.
3507 5603 3546 5649 t.
3586 5596 3630 5657 Ι,

2249 5670 2295 5701 ⁸ο
2332 5670 2454 5736 Τὴν
2482 5697 2551 5711 ——
2574 5670 2865 5739 εὐλογίαν
2913 5683 3053 5739 μουζ
3091 5664 3215 5739 Ha-e
3250 5665 3417 5717 alium
3448 5665 3631 5739 locum

2549 5742 2594 5773 “
2620 5737 2743 5794 Me.
2765 5739 2818 5792 In
2865 5740 2987 5809 cod.
3025 5737 3058 5789 5
3088 5738 3311 5809 ponitur
3346 5743 3468 5809 post
3497 5737 3631 5809 γάρ.

2546 5809 2592 5842 ⁸³
2634 5809 2907 5879 Ἠμέραν.
2939 5804 2999 5862 ιη
3041 5805 3161 5860 eod.
3203 5806 3237 5860 '5
3267 5805 3487 5875 ponitur
3508 5804 3630 5876 post
