4108 6416
460 364 592 429 1231

1418 356 1914 418 THEODOIlETI
1956 356 2073 416 ΕΡ]
2088 356 2299 417 SCOPI
2331 358 2651 418 CYRENSI
2665 360 2705 417 Ξ

3607 360 3742 425 12:12

456 479 601 534 rium
631 484 687 531 et
719 488 943 544 regnum
968 511 982 538 ,
1014 485 1121 525 non
1149 467 1388 538 amplius
1414 465 1832 535 longanimitate
1866 473 2038 529 utens,

2155 466 2250 519 νῦν
2288 466 2343 519 δὲ
2384 466 2638 537 προφανῆ
2680 464 2845 534 δείξει
2901 468 3037 521 πᾶσι
3064 466 3110 500 ⁸⁹
3138 469 3235 540 τὴν
3265 468 3614 539 δεσποτείαν,
3642 476 3745 529 καὶ

455 574 548 629 sed
579 572 726 642 juste
754 569 1029 639 judicans.
1067 564 1182 619 lloe
1211 563 1357 616 enim
1387 559 1569 613 innuit
1609 558 1767 621 illud,
1819 556 1944 611 Non
1975 559 2048 611 si-

454 667 601 720 lebit.
647 681 665 714 ι
696 663 844 733 ignis
887 660 941 715 in
988 665 1290 728 COIlSpCClu
1342 653 1463 724 ejus
1509 652 1868 716 exardcseet,
1910 660 1965 705 et
1994 650 2047 704 in

453 758 682 812 circuitu
714 757 836 826 ejus
869 762 1161 822 tempestas
1180 749 1530 805 vehemens.»
1565 744 1692 800 Ιιιιξο
1723 745 1914 799 beatus
1944 744 2051 798 Da-

454 850 563 904 niel
594 849 1000 916 contemnimus
1023 854 1142 899 est:
1184 862 1202 894 ι
1236 840 1460 895 Fluvius
1483 838 1653 900 enim,
1681 838 1879 907 inquit,
1908 837 2050 907 ignis

455 943 705 997 trahebat
751 948 877 995 ante
924 940 1101 1009 ipsum
1134 979 1148 1003 ,
1195 936 1399 991 solium
1447 935 1569 1005 ejus
1613 932 1831 987 ﬂamma
1872 933 2045 1005 ignis,

452 1048 583 1091 rntze
620 1033 793 1104 ipsius
828 1031 971 1100 ignis
1007 1044 1175 1084 urens
1201 1037 1245 1082 ³.
1279 1045 1298 1078 ι

526 1211 691 1267 Vnus.
730 1211 783 1265 4.
832 1228 849 1260 ι
878 1206 1181 1262 Advocabit
1209 1204 1410 1259 cwlum
1446 1201 1698 1271 desuper,
1735 1208 1789 1254 et
1819 1210 2045 1264 terram,

449 1318 511 1361 ut
544 1305 809 1374 dijudicet
867 1302 1129 1371 populum
1160 1312 1344 1354 suum.
1385 1314 1404 1346 ι
1466 1294 1645 1349 Etiam
1686 1308 1813 1346 cum
1860 1293 2033 1363 legem

448 1397 862 1470 prmuulgaret,
913 1391 1074 1445 beato
1134 1387 1271 1443 Mosi
1348 1383 1638 1455 imperavit
1684 1392 1745 1436 ut
1785 1382 2043 1451 pepulum

448 1498 844 1562 congregaret,
895 1495 951 1539 et
998 1483 1199 1539 caelum
1238 1490 1552 1548 terramque
1598 1483 2043 1532 contestaretur:

448 1585 595 1655 quot
643 1580 933 1636 exordium
975 1575 1179 1631 cantici
1234 1571 1364 1627 fecit
1402 1589 1415 1625 :
1456 1586 1475 1621 ι
1506 1566 1764 1629 Attende;
1817 1565 2044 1631 ewlum,

446 1688 503 1732 et
557 1679 753 1746 loquar
778 1715 791 1737 ,
839 1679 893 1726 et
941 1668 1130 1723 audiat
1165 1674 1306 1721 terra
1342 1662 1508 1717 verba
1550 1676 1617 1714 ex
1649 1674 1744 1715 ore
1774 1672 1898 1712 meo
1932 1669 1980 1711 ε.
2022 1675 2041 1710 ι

450 1757 623 1823 Vocat
668 1778 850 1820 autem
899 1763 1016 1817 haec
1070 1760 1123 1814 in
1175 1756 1552 1813 testimonium
1580 1794 1595 1819 ,
1636 1768 1744 1806 non
1782 1762 2041 1821 tanquam

2152 557 2259 629 τὴν
2292 557 2594 629 βασιλείαν,
2623 558 2809 612 οὐκέτι
2846 561 3209 633 μακροθυμίᾳ
3262 560 3573 633 χρώμενος,
3604 564 3741 620 ἀλλὰ

2152 650 2359 722 κρίνων
2388 651 2637 715 δικαίως.
2671 650 2845 706 Τοῦτο
2876 652 2987 725 γὰρ
3019 648 3201 718 εἶπεν,
3238 656 3321 708 Οὐ
3347 656 3742 727 παρασιωπή-

2151 757 2345 796 σεται.
2392 761 2411 794 ι
2461 744 2580 815 Πῦρ
2634 743 2867 798 ἐνώπιον
2901 745 2945 776 °°
2990 746 3159 799 αὐτοῦ
3220 746 3586 819 καυθήσεται,
3646 750 3744 804 καὶ

2151 835 2340 906 κύκλῳ
2371 836 2538 890 αὐτοῦ
2571 837 2831 906 καταιγὶς
2892 838 3122 911 σφοδρά.
3161 858 3180 891 ι
3212 840 3398 894 Ταῦτα
3424 843 3453 894 6
3477 841 3518 872 ⁸¹
3556 842 3744 912 μακά-

2153 945 2270 1000 ριος
2300 931 2344 962 ⁸³
2390 930 2591 1001 Δανιὴλ
2612 930 2658 961 ⁸³
2704 929 2977 984 ἐθεάσατο
3005 948 3020 963 ο
3064 951 3081 982 ι
3129 932 3385 1003 Ποταμδς
3412 931 3547 1004 γὰρ,
3581 934 3742 1005 φησὶ,

2152 1020 2325 1091 πυρὸς
2379 1014 2564 1074 εἷλκεν
2621 1020 2938 1092 ἔμπροσθεν
2992 1021 3193 1075 αὐτοῦ·
3254 1024 3285 1077 6
3328 1023 3518 1095 Θρόνος
3567 1023 3738 1077 αὐτοῦ

2151 1113 2285 1184 φλὸξ
2339 1115 2537 1185 πυρὸς,
2571 1116 2621 1170 οἱ
2670 1118 2858 1189 τροχοὶ
2908 1117 3077 1171 αὐτοῦ
3118 1116 3231 1189 πῦρ
3266 1117 3486 1186 φλέγον.
3526 1136 3546 1169 ι

2220 1208 2282 1263 δ’.
2328 1226 2347 1259 ι
2388 1209 2834 1281 Προσκαλέσεται
2852 1208 2943 1262 τὸν
2966 1208 3195 1276 οὐρανὸν
3217 1208 3351 1271 ἄνω,
3368 1208 3465 1262 καὶ
3485 1207 3582 1278 τὴν
3608 1208 3738 1277 γῆν,

2147 1300 2243 1355 τοῦ
2273 1301 2319 1334 ⁸⁸
2348 1302 2631 1373 διακρῖναι
2668 1302 2762 1355 τὸν
2792 1302 2918 1356 λαὸν
2951 1301 3138 1355 αὑτοῦ.
3175 1321 3194 1353 ι
3228 1302 3341 1355 Kal.
3387 1303 3489 1372 τὴν
3517 1301 3741 1372 νομοθε-

2152 1395 2276 1449 σίαν
2311 1395 2711 1466 ποιησάμενος,
2746 1394 2823 1467 τῷ
2857 1396 3114 1467 μακαρίῳ
3143 1395 3187 1426 ⁸⁸
3220 1393 3526 1465 προσέταξε
3560 1396 3737 1466 Μωσῇ

2152 1492 2484 1558 συναγαγεῖν
2518 1489 2612 1542 τὸν
2638 1490 2792 1551 λαὸν,
2822 1490 2917 1545 καὶ⁵
2942 1489 3422 1561 διαμαρτύρασθαι
3444 1490 3539 1543 τὸν
3572 1489 3740 1561 ούρα-

2149 1585 2239 1639 νδν
2298 1585 2394 1638 καὶ
2423 1584 2522 1657 τὴν
2544 1586 2649 1654 γῆν
2669 1601 2683 1615 ·
2719 1586 2858 1655 ὅπερ
2897 1585 2989 1638 καὶ
3016 1588 3117 1655 τῆς
3174 1584 3320 1656 ᾠδῆς
3362 1584 3521 1638 τοῦτο
3548 1585 3738 1655 προοί-

2150 1695 2274 1748 μιον
2295 1678 2595 1749 ἐποιήσατο
2618 1694 2632 1708 ο
2654 1696 2672 1728 ι
2712 1677 2980 1748 Πρόσεχε,
3008 1677 3226 1748 ούρανὲ,
3252 1677 3346 1730 καὶ
3364 1676 3609 1746 λαλήσω,
3641 1676 3739 1729 καὶ⁵

2147 1770 2400 1823 ἀκουέτω
2451 1770 2525 1841 γῆ
2562 1771 2783 1842 ῥήματα
2822 1771 2887 1823 ὲκ
2934 1769 3206 1839 στόματός
3239 1785 3363 1839 μου.
3424 1786 3441 1819 ι
3479 1768 3652 1821 Καλεῖ
3680 1768 3738 1821 δὲ

448 1860 712 1919 animata,
741 1856 834 1910 sed
867 1862 925 1908 ut
963 1866 1025 1907 ea
1072 1864 1195 1921 qua:
1223 1846 1360 1902 alias
1416 1855 1702 1901 creaturas
1732 1843 2038 1909 continent,

2149 1865 2229 1927 είς
2254 1862 2559 1936 μαρτυρίαν
2592 1862 2691 1933 οὐχ
2718 1861 2793 1926 ὡς
2822 1861 3044 1933 ἔμψυχα
3077 1861 3251 1916 ταῦτα
3274 1862 3341 1928 ⁸⁸,
3374 1860 3491 1915 ἀλλ’
3519 1861 3596 1924 ὡς
3626 1861 3737 1913 τῶν

447 1954 513 2007 ad
542 1962 805 2006 terrorem
834 1944 1198 2000 audientium.
1227 1939 1319 1995 Sic
1347 1939 1510 1993 etiam
1538 1937 1735 1992 beatus
1762 1933 2041 1989 Abraham

447 2054 653 2115 septem
692 2055 860 2111 agnas
899 2037 1090 2094 statuit
1125 2042 1320 2101 testes,
1346 2032 1573 2086 dicens:
1606 2047 1625 2081 ι
1651 2028 1803 2085 Meus
1828 2035 1914 2084 est
1944 2041 2043 2096 pu-

447 2147 567 2191 teus
590 2136 636 2188 δ.
665 2153 683 2185 ι
712 2132 801 2188 Sic
826 2131 992 2187 etiam
1025 2127 1218 2183 collem
1252 2123 1489 2181 Jacobus
1517 2132 1573 2179 et
1598 2121 1854 2203 Labanus
1879 2134 2043 2175 voca-

444 2230 519 2283 \it
537 2228 722 2283 callent
749 2222 1040 2280 testimonii
1064 2232 1110 2275 α.

521 2512 687 2568 Vens.
720 2511 782 2578 5,
818 2510 872 2566 6.
926 2529 944 2563 ι
975 2510 1317 2580 Congregate
1354 2508 1433 2563 illi
1467 2517 1695 2563 sanctos
1737 2505 1857 2578 ejus
1883 2546 1898 2573 ,
1946 2507 2037 2575 qui

442 2611 706 2667 ordinant
734 2614 1120 2661 testamentum
1158 2604 1279 2672 ejus
1311 2619 1478 2673 super
1505 2600 1799 2658 sacriﬁcia.
1841 2599 1904 2656 Et
1937 2616 2039 2654 an-

443 2701 779 2757 nuntiabunt
802 2698 924 2754 emli
949 2697 1221 2768 justitiam
1251 2697 1393 2766 ejus,
1418 2695 1681 2766 quoniam
1712 2693 1854 2749 Deus
1874 2693 2038 2764 judex

439 2805 543 2851 est.
587 2812 605 2845 ι
644 2791 749 2846 Per
780 2807 845 2847 ea
884 2806 1010 2864 qua:
1040 2803 1207 2861 supra
1241 2788 1387 2843 dicta
1420 2795 1569 2852 sunt,
1603 2787 1845 2841 ostendit
1879 2786 2039 2841 terri-

442 2888 549 2941 bile
581 2886 754 2955 ipsius
782 2882 1058 2953 judicium
1092 2900 1104 2936 :
1146 2896 1242 2951 per
1270 2879 1438 2950 926
1468 2879 1582 2933 hzec
1613 2889 1796 2933 autem
1824 2920 1837 2947 ,
1868 2888 1921 2933 et
1946 2895 2041 2949 per

2145 1954 2324 2009 ἄλλων
2393 1955 2724 2026 περιεκτικὰ
2811 1956 3161 2027 ποιημάτων,
3213 1956 3295 2019 εἰς
3377 1954 3545 2023 φόϐον
3625 1953 3737 2007 τῶν

2145 2046 2479 2101 ἀκουόντων.
2530 2046 2720 2108 Οὕτως
2763 2049 2792 2101 6
2849 2049 3124 2120 μακάριος
3146 2048 3189 2080 ⁸⁷
3261 2046 3516 2119 Ἀϐραὰμ
3560 2046 3660 2109 τὰς
3689 2047 3736 2078 se

2145 2140 2290 2195 ἑπτὰ
2324 2141 2573 2209 ἀμνάδας
2604 2140 2837 2210 ἔστησεν
2865 2142 2949 2206 εἰς
2981 2141 3313 2213 μαρτύριον,
3349 2141 3508 2196 xui"
3540 2157 3733 2211 φησιν,

2143 2236 2227 2289 ὃτι
2264 2255 2282 2287 ι
2334 2235 2501 2305 Ἐμόν
2543 2236 2661 2287 ἐστι
2703 2233 2765 2287 τὸ
2802 2234 3001 2306 φρέαρ.
3051 2254 3069 2288 ι
3124 2234 3283 2288 Οὕτω
3320 2236 3414 2288 τὸν
3465 2234 3655 2303 βουνὸν
3702 2235 3734 2287 6

2157 2326 2354 2383 Ἰακὼϐ
2397 2326 2494 2381 καὶ
2552 2328 2580 2380 6
2634 2325 2824 2381 Λάϐαν
2871 2327 3112 2392 ,ϐουνὸν
3148 2327 3480 2396 μαρτιιρίας
3536 2325 3732 2381 ἐκάλε-

2145 2423 2320 2477 cev".

2214 2520 2275 2577 ε’,
2321 2521 2395 2581 ς’.
2451 2514 2799 2584 Συναγάγετε
2828 2513 2978 2586 αὐτῷ
3013 2516 3057 2547 ⁷¹
3122 2514 3252 2577 τοὺς
3305 2513 3491 2575 ὁσίους
3541 2512 3731 2579 αὐτοῦ,

2141 2602 2271 2665 τοὺς
2320 2601 2733 2674 διατιθεμένους
2789 2605 2890 2677 τὴν
2915 2605 3187 2675 διαθήκην
3235 2602 3402 2657 αὐτοῦ
3422 2605 3468 2635 ⁷³
3507 2604 3600 2657 ἐπὶ.
3634 2601 3731 2656 θυ-

2145 2693 2308 2757 σίαις.
2343 2694 2454 2748 Kal.
2477 2695 2878 2764 άναγγελοῦσιν
2909 2698 2959 2750 οἱ
2990 2696 3211 2767 οὐρανοὶ
3240 2696 3341 2768 τὴν
3375 2694 3732 2765 δικαιοσύνην

2142 2785 2333 2854 αὑτοῦ,
2394 2788 2479 2842 ὅτι
2530 2791 2557 2843 6
2604 2789 2739 2853 Θεὸς
2799 2790 3000 2861 κριτής
3045 2792 3183 2844 ἐστι.
3256 2807 3275 2841 ι
3342 2790 3443 2845 Διὰ
3485 2790 3586 2861 μὲν
3621 2790 3733 2844 τῶν

2143 2880 2562 2950 προειρημένων
2597 2881 2656 2935 τὸ
2695 2881 2931 2954 φοϐερὸν
2980 2882 3148 2936 αὐτοῦ
3198 2883 3489 2954 κριτήριον
3521 2883 3726 2947 ἔδειξεο

396 2970 502 3033 ὀτι
540 2992 662 3047 quae
704 2984 1030 3046 sequuntur,
1053 2973 1210 3027 docet
1241 2970 1621 3041 imperfectum
1647 2970 2035 3040 legis-cultum,

2143 2974 2229 3027 διὰ
2261 2973 2319 3027 δὲ
2347 2973 2575 3041 τούτων,
2598 2975 2694 3030 καὶ
2725 2975 2835 3028 τῶν
2874 2975 3027 3047 ἑξῆς,
3069 2975 3316 3030 διδάσκει
3339 2976 3387 3016 ⁷³
3433 2976 3495 3030 τὸ
3539 2977 3732 3041 ἀτελὲς

441 3073 769 3140 nullumque
814 3085 881 3123 ex
925 3065 1250 3127 sacriﬁciis,
1307 3079 1429 3133 quae
1476 3062 1883 3128 oﬁerebantur,
1930 3064 2037 3118 Deo

2143 3070 2238 3138 τῆς
2262 3067 2405 3122 κατὰ
2436 3067 2603 3139 νόμον
2634 3068 2916 3141 λατρείας,
2948 3069 3043 3123 καὶ
3066 3070 3149 3124 ὅτι
3193 3069 3304 3123 τῶν
3353 3071 3733 3142 προσφερομέ-

438 3175 656 3238 gratum
690 3177 833 3218 esse.
861 3159 1091 3217 Sanctos
1124 3174 1288 3228 porro
1319 3157 1585 3220 nominat,
1621 3154 1829 3223 Mosen,
1860 3156 2037 3211 Aaro-

2143 3178 2246 3214 νων
2281 3161 2496 3232 ἱερείων
2521 3160 2641 3232 Θεῷ
2670 3161 2916 3233 θυμῆρες
2947 3162 3125 3216 οὐδέν.
3173 3162 3418 3230 Ὀσίσυς
3459 3162 3517 3216 δὲ
3548 3162 3728 3229 καλεῖ,

439 3273 591 3322 nem,
625 3256 975 3316 Eleazarum,
1013 3251 1370 3316 Phineasnm,
1403 3258 1456 3304 et
1486 3256 1756 3318 quotquot
1788 3257 1911 3317 post
1938 3263 2036 3304 eos

2143 3253 2229 3307 τὸν
2262 3254 2488 3320 Μωσὲα,
2529 3253 2621 3307 τὸν
2661 3254 2895 3325 Ἀαρὼν,
2924 3254 3017 3309 τὸν
3064 3254 3478 3327 Ἐλεάζαροντδ,
3522 3254 3614 3308 τὸν
3640 3256 3730 3309 Φι-

440 3365 505 3403 ex
533 3347 851 3419 prtescripto
877 3343 1010 3415 legis
1034 3342 1343 3397 sacerdotio
1371 3340 1544 3395 functi
1578 3349 1727 3396 sunt.
1752 3338 1912 3395 Jubet
1940 3356 2037 3395 au-

444 3454 552 3495 tem
585 3440 709 3494 illos
737 3436 1084 3508 congregari,
1117 3450 1223 3489 non
1256 3443 1314 3487 ut
1339 3434 1408 3487 ab
1438 3433 1518 3487 eis
1550 3447 1743 3502 poenas
1768 3434 2031 3504 exigeret,

441 3533 601 3604 quasi
625 3532 897 3585 contraria
923 3528 1195 3585 senserint
1223 3525 1417 3597 (ipsius
1439 3526 1584 3580 enim
1607 3534 1690 3579 est
1717 3524 1824 3591 lex,
1853 3536 1907 3580 et
1931 3525 2033 3597 legi

443 3627 760 3693 obsequens
818 3607 1199 3687 unusquisque
1244 3613 1724 3685 supradictorunr,
1782 3613 2035 3667 victimas

440 3712 727 3785 oﬁ‘erebat)
756 3752 771 3778 ,
812 3711 905 3767 sed
958 3719 1013 3764 ut
1061 3724 1124 3762 ex
1167 3706 1533 3779 praesentibus
1564 3705 1843 3776 propriam
1881 3719 2034 3758 men-

439 3820 548 3866 tem
585 3804 942 3869 ostenderet,
975 3811 1029 3855 et
1069 3808 1131 3856 ut
1177 3808 1389 3854 remota
1440 3797 1692 3853 doctrina
1730 3794 2034 3851 infantibus

439 3907 779 3972 congruente
804 3936 818 3962 ,
854 3894 1127 3966 perfectas
1161 3891 1380 3947 aﬂ‘erret
1408 3889 1752 3960 disoiplinas.
1797 3889 1900 3944 Ubi
1931 3903 2033 3943 au-

441 4003 549 4047 tem
598 3996 616 4015 ’
666 3991 784 4045 haec
825 3988 966 4043 facta
1008 3985 1248 4050 fuerint,
1297 3983 1464 4050 coeli,
1506 3982 1717 4052 inquit,
1747 3980 2033 4035 sententia:

432 4088 705 4159 justitiam
761 4084 1146 4148 mirabuntur,
1191 4095 1288 4151 per
1336 4079 1491 4134 emtas
1543 4086 1726 4133 autem
1776 4077 2033 4133 caelestes

440 4186 671 4235 virtutes
706 4180 909 4233 innuit.

517 4352 682 4405 Vens.
723 4350 775 4402 7.
823 4367 841 4399 ι
872 4348 1035 4414 Audi,
1079 4349 1276 4420 popule
1300 4348 1396 4415 mi,
1433 4356 1489 4401 et
1516 4345 1711 4417 loquar
1747 4344 1865 4401 tibi.
1901 4364 1920 4398 ι
1964 4344 2033 4400 Et

440 4442 736 4499 ostendens
785 4441 854 4497 ad
902 4457 1064 4513 quem
1117 4442 1384 4513 populum
1436 4438 1597 4493 verba
1651 4435 1856 4504 facint,
1897 4438 2029 4493 sub-

2137 3345 2276 3412 νεὲς,
2309 3347 2561 3411 καὶτοὺς
2608 3347 2727 3417 μετ’
2763 3348 2965 3411 αὐτοὺς
2992 3347 3038 3380 ⁷⁵
3073 3349 3323 3412 ἅπαντας
3367 3349 3514 3403 κατὰ
3564 3349 3730 3419 νόμον

2140 3438 2591 3511 ίερατεύσαντας.
2624 3438 2967 3510 Συναχθῆναι
3015 3440 3074 3494 δὲ
3117 3440 3318 3505 αὐτοὺς
3343 3440 3594 3508 κελεύει,
3626 3443 3729 3512 οὐχ

2138 3529 2227 3582 ἵνα
2280 3528 2438 3592 δίκας
2480 3530 2851 3601 είσπράξηται
2882 3530 2948 3597 ⁷⁸,
2979 3528 3068 3583 οἷα
3092 3532 3157 3603 δὴ
3196 3532 3419 3586 ἐναντία
3448 3550 3729 3604 πεφρονη-

2136 3620 2336 3685 κύτας⁸
2377 3621 2602 3674 aurei"
2639 3621 2751 3694 γὰρ
2789 3624 2816 3676 6
2848 3623 3035 3695 νόμος,
3075 3626 3168 3678 καὶ
3193 3625 3372 3696 τούτῳ
3398 3625 3727 3698 πειθόμενος

2135 3712 2246 3765 τῶν
2283 3715 2705 3784 προειρημένων
2732 3713 2967 3779 ἕκαστος
2989 3716 3089 3780 τὰς
3122 3716 3317 3782 θυσίας
3357 3720 3723 3790 προσέφερεν·

2134 3801 2253 3857 ἀλλ’
2286 3802 2375 3857 ἵνα
2410 3805 2503 3856 καὶ
2536 3804 2624 3858 διὰ
2665 3805 2773 3857 τῶν
2802 3806 2849 3838 ⁷⁸
2894 3806 3185 3877 παρόντων
3229 3807 3322 3862 τὸν
3352 3811 3551 3864 οἰκεῖον
3577 3810 3729 3883 δείξῃ

2137 3890 2359 3957 σκοπὸν,
2411 3891 2505 3944 καλ⁸
2532 3891 2630 3962 τὴν
2682 3891 2904 3963 νηπίοις
2950 3893 3334 3964 ἁρμόττουσαν
3361 3899 3726 3963 καταπαύσας

2133 3982 2508 4050 διδασκαλίαν,
2535 3983 2604 4036 τὰ
2634 3984 2817 4037 τέλεια
2850 3985 3199 4058 προσενέγκῃ
3227 3987 3551 4059 παθήματα.
3588 3989 3727 4042 Τεύ-

2132 4093 2242 4131 των
2264 4075 2857 4147 δὲ,φησὶ,γινομένων,
2888 4077 3262 4149 θαυμάσουσιν
3291 4081 3341 4133 οἱ
3371 4081 3594 4152 οὐρανοὶ
3620 4081 3722 4153 τῆς

2132 4168 2317 4239 ψήφου
2368 4166 2428 4220 τὸ
2460 4168 2693 4223 δίκαιον.
2724 4168 2826 4222 Διὰ
2858 4168 2917 4223 δὲ
2952 4166 3073 4223 τῶν
3094 4168 3374 4239 οὐρανῶν
3401 4171 3502 4236 τὰς
3552 4173 3724 4245 οὐρα-

2133 4262 2281 4324 νίους
2299 4261 2561 4330 δυνάμεις
2581 4260 2825 4332 ᾐνίξατο.

2205 4335 2270 4413 ζ’.
2306 4367 2323 4400 ι
2350 4350 2644 4416 Ἄκουσον,
2676 4349 2806 4414 λαός
2841 4368 2966 4422 μου,
3001 4353 3097 4406 καὶ
3119 4352 3344 4426 λαλήσω
3369 4372 3473 4411 σοι.
3503 4374 3522 4410 ι
3543 4356 3654 4411 Καὶ
3673 4358 3722 4393 ⁷³

2130 4440 2349 4505 δεικνὺς
2397 4441 2535 4512 πρὸς
2608 4443 2761 4495 ποῖον
2819 4442 2951 4497 λαὸν
3009 4443 3343 4513 διαλέγεται,
3401 4447 3720 4519 ἐπήγαγεν·

436 4536 659 4607 iunxit:
708 4554 726 4587 ι
762 4535 959 4602 Israel,
1004 4544 1059 4591 et
1086 4534 1423 4590 testiﬁcabor
1452 4531 1570 4586 tibi.
1601 4549 1619 4581 ι
1656 4529 1860 4587 Deinde
1895 4546 2024 4602 pro-

2143 4552 2155 4586 r
2205 4532 2444 4604 Ἰσραὴλ,
2497 4533 2594 4587 καὶ
2639 4533 3160 4608 διαμαρτύρομαί⁸⁰
3194 4553 3302 4592 σοι.
3343 4558 3363 4590 ι
3428 4517 3564 4594 Εῐτα
3619 4539 3724 4613 τὴν

441 4631 614 4703 priam
639 4628 876 4683 ostendit
900 4631 1238 4699 majestatem
1269 4643 1343 4679 ;.‹
1370 4623 1534 4687 Deus,
1590 4620 1732 4677 Deus
1760 4631 1887 4679 tuus
1935 4640 2035 4695 ego

439 4738 585 4777 sum.
613 4740 634 4774 ι
669 4721 774 4789 Qui
805 4723 874 4777 ab
903 4721 1223 4792 Egyptiaca
1256 4718 1520 4775 servitute
1552 4724 1605 4770 te
1637 4714 1893 4785 liberavi,
1927 4718 2023 4789 qui

2143 4625 2354 4680 οἰκείαν
2378 4625 2623 4679 δείκνυσι
2654 4627 3010 4683 δεσποτείαν·
3048 4647 3067 4681 ι
3112 4628 3171 4683 '0
3206 4629 3361 4694 Θεὸς,
3393 4633 3423 4685 6
3447 4630 3583 4692 Θεός
3623 4631 3720 4687 σού

2130 4719 2245 4790 εἰμι
2277 4717 2410 4788 ἐγώ.
2456 4737 2475 4771 ι
2528 4716 2588 4772 ’0
2612 4718 2716 4791 τῆς
2763 4721 3147 4794 Αἰγυπτιακῆς
3191 4739 3251 4776 σε
3290 4721 3535 4790 δουλείας
3566 4722 3721 4780 ἐλευ·

515 4908 539 4937 ι
575 4897 712 4954 Dan.
748 4915 846 4967 vn,
875 4898 930 4964 9,
970 4896 1056 4952 10.
1135 4907 1161 4936 ι
1200 4894 1356 4952 Deut.
1385 4911 1558 4967 mm,
1593 4897 1644 4952 ί.
1683 4896 1713 4937 ι)
1744 4894 1882 4953 Gen.
1913 4911 2027 4960 ut,

2170 4909 2326 4965 seqq.
2369 4905 2393 4933 ο
2427 4894 2565 4952 Gen.
2594 4911 2746 4962 xm,
2774 4896 2864 4951 ιτ.

1536 5103 1773 5160 VARIE
1825 5097 2215 5158 LECTIONES
2258 5097 2347 5155 ET
2384 5097 2619 5157 NOTAE.

507 5286 557 5321 ⁸⁵
583 5280 761 5338 Πᾶσι.
811 5276 980 5333 Abest
1031 5293 1060 5333 a
1086 5278 1208 5334 cod.
1239 5277 1294 5332 2.
1375 5278 1420 5310 ⁸⁵
1457 5278 1766 5333 ‘E‘rcbmor.
1819 5274 1953 5332 Rec.
1979 5278 2038 5333 ιο.

2187 5279 2240 5333 h.
2270 5279 2305 5332 1.
2332 5287 2418 5334 est
2449 5276 2715 5332 ἐναντίον.

1390 5348 1696 5420 “Aeriam.
1726 5348 1787 5402 In
1821 5349 1941 5420 cod.
1984 5350 2035 5410 1,

2143 5351 2360 5420 ponitur
2394 5360 2517 5418 post
2540 5349 2825 5405 ἐθεάσατο.
2905 5351 2953 5383 ⁸⁸
2982 5354 3112 5407 Τοῦ.
3142 5348 3310 5410 Abest
3329 5348 3511 5410 a'eod.
3538 5354 3712 5414 Vatic.

1310 5419 1383 5496 ’ξ’
1410 5419 1627 5496 Τίιιξτα.
1669 5420 1792 5496 eod.
1838 5419 1881 5496 ,Ξ
1922 5420 2038 5496 αὖτέ

2164 5420 2557 5496 ⁸⁷-Μακιίρέορ
2582 5420 2715 5496 cod.
2748 5422 2783 5474 Ξ
2837 5420 3028 5496 μέγας.
3085 5425 3155 5496 -δθ
3188 5425 3300 5491 Τὰς
3322 5456 3393 5466 -
3418 5425 3711 5496 ἀμνάδας.

442 5356 485 5387 ε’
516 5348 838 5418 Μακάριος.
882 5350 1002 5404 cod.
1035 5349 1071 5403 2
1109 5350 1305 5419 μέγας.

442 5428 485 5458 ⁸³
518 5420 821 5488 Μακηρίῳ.
873 5422 994 5474 cod.
1024 5421 1059 5475 ἓ
1083 5419 1231 5489 θείῳ.

2827 5281 2867 5311 ⁶¹
2887 5280 3005 5357 ’ρη
3032 5283 3237 5357 codJ,
3282 5283 3318 5337 2
3357 5284 3715 5357 praem.__xa£.

446 5491 880 5567 l)es_._incod.
960 5492 1004 5524 ⁸⁷
1028 5489 1139 5545 Καὶ
1178 5488 1456 5567 et_deinde
1509 5490 1626 5540 ἐστι
1675 5490 1790 5567 des.
1838 5490 1891 5543 in
1921 5490 2038 5544 cod.

2204 5488 2467 5567 7°_cod.2
2500 5490 2788 5567 ἐκάλεσαν.
2838 5488 3116 5567 ’ἶίᾼῠτῷ
3143 5527 3213 5538 ο-
3238 5488 3715 5567 αὖτοῦ.Ῥιόρίι]ε

441 5568 507 5619 ad
544 5563 706 5618 ilehr.
751 5563 1030 5616 veritatem
1072 5560 1282 5616 accedit
1331 5559 1674 5631 reliquorum
1720 5561 2078 5631 interpretum
2128 5562 2325 5623 versio,
2362 5577 2483 5630 qua:
2516 5562 2682 5631 priori
2727 5562 2844 5618 loco
2874 5563 3038 5620 habet

333 5643 347 5651 ‘
441 5636 487 5666 "
512 5632 733 5690 Αὐτοῦ.
761 5632 973 5700 Reliqui
1008 5633 1388 5699 melius-p.00.
1441 5631 1512 5702 [³
1536 5629 1834 5702 Διδάσκει.
1868 5629 1924 5683 In
1968 5645 2032 5702 eo

2143 5632 2181 5696 Ι,
2227 5629 2662 5702 Ξροιιὶιιιιίροει
2709 5634 2918 5697 ἀτελές.

441 5704 487 5736 ⁷⁸
519 5706 642 5758 cod.
682 5703 705 5755 1
741 5699 927 5756 αὑτοῦ.
1004 5704 1050 5736 ⁷⁵
1076 5701 1198 5757 cod.
1245 5702 1283 5771 2
1342 5699 1641 5771 πράξηται.

441 5774 487 5808 ⁷⁸
521 5774 625 5828 Διά
673 5770 808 5826 τῶν.
852 5773 973 5829 cod.
1027 5774 1076 5837 1,
1113 5772 1145 5826 '2
1169 5770 1389 5825 τούτων.

442 5842 666 5916 ροῦμαι.

1736 5700 1783 5732 ⁷⁷
1818 5700 2014 5771 Αὑτοῦ
2040 5732 2110 5741 -—-
2140 5700 2552 5771 προσέφερεν(
2581 5702 2706 5758 llate
2747 5705 2801 5758 in
2834 5705 2957 5759 eod.
3005 5705 3041 5760 2

1507 5770 1549 5802 7"
1600 5769 1708 5825 Καὶ
1757 5801 1825 5811 ——
1872 5769 2192 5839 διάφορον.
2222 5769 2345 5828 Des.
2377 5775 2519 5844 apud
2562 5774 2725 5829 Cord.
2760 5791 2794 5845 p
2852 5776 2977 5831 968.

3084 5583 3195 5636 μοι,
3246 5568 3534 5635 posteriori
3585 5585 3711 5659 μου.

3111 5639 3205 5659 --.Ι
3264 5638 3281 5659 Ι
3348 5638 3381 5659 n
3424 5637 3578 5659 ’πε-,Δ
3623 5655 3684 5659 ---

3020 5635 3229 5709 f‘eod.
3262 5638 3312 5702 1,
3348 5638 3383 5709 2
3424 5635 3708 5709 Ἐλεάζαρ.

3080 5708 3426 5777 parenthesin
3481 5706 3708 5764 faciunt.

3093 5779 3137 5811 ⁸⁰
3165 5778 3287 5834 cod.
3313 5779 3347 5832 ‘2
3404 5778 3707 5851 διαμαρτυ-
