4108 6464
369 357 510 428 1233

1717 362 1802 422 ΙΝ
1842 361 2048 422 PSAL.
2103 359 2316 420 XLIX.

3512 361 3651 428 123i

363 479 634 552 θερὼσας,
653 480 682 533 ὁ
703 477 804 550 τὴν
839 478 930 534 διὰ
951 479 994 512 ⁸¹
1019 479 1120 552 τῆς
1157 477 1432 548 θαλάττης
1463 477 1580 532 ὁδὸν
1619 478 1950 550 δωρησάμε-

2068 491 2152 543 per
2191 491 2344 531 mare
2391 476 2533 531 viam
2579 475 2806 546 aperui,
2843 477 2936 547 qni
2985 477 3041 532 in
3087 477 3384 533 solitudine
3429 491 3650 552 pastum

359 587 474 638 νος,
500 573 529 625 ὁ
555 572 612 624 ὲν
661 571 858 643 ἐρήμῳ
903 571 1200 643 διαθρέψας
1220 570 1292 637 θ’,
1335 572 1364 624 ὁ
1401 571 1494 624 τὸν
1531 571 1696 641 νόμον
1740 571 1952 625 ἐκεῖνόν

365 683 452 720 σοι
483 663 756 728 δεδωκώς.
795 665 888 736 Μὴ
917 665 1026 734 γὰρ
1059 665 1125 737 δὴ
1157 666 1319 720 ἄλλον
1343 683 1411 737 με
1455 665 1758 737 νομοθέτην
1793 665 1954 735 νομί-

363 770 468 831 σῃς
501 755 612 809 τῶν
647 754 831 825 νόμων
851 755 994 826 ὁρῶν
1023 757 1085 810 τὸ
1112 757 1394 828 διάφορον.

433 849 508 920 η’.
546 867 566 901 ι
605 849 720 904 Οἷα
753 849 849 901 ὲπὶ
885 851 1005 913 ταῖς
1035 848 1254 912 θυσίαις
1306 866 1400 901 σου
1443 848 1648 917 ἐλέγξω
1671 862 1754 901 σε’
1790 848 1862 902 τὰ
1894 847 1954 900 δὲ

323 1003 326 1007 _
362 941 794 1014 ὁλοκαυτώματά
826 959 920 996 σου
987 941 1219 996 ἐνώπιόν
1270 941 1372 1012 μού
1400 944 1518 996 ἐστι
1552 941 1868 1005 διαπαντός.
1929 961 1948 994 ι

360 1037 476 1091 Οὐκ
506 1035 776 1106 ἀμέλειάν
808 1052 914 1104 σοι,
933 1037 1089 1106 φησὶ,
1115 1035 1318 1090 θυσιῶν
1349 1033 1598 1107 ἐγκαλῶ·
1621 1035 1956 1108 προσφέρεις

357 1127 470 1200 γὰρ
505 1127 716 1191 ταύτας
761 1128 1032 1199 διηνεκῶς
1056 1145 1071 1158 ’
1109 1128 1249 1182 ἀλλὰ
1281 1129 1355 1200 μὴ
1391 1127 1623 1194 ταύταις
1657 1127 1955 1200 ὁρίσασθαι

355 1219 457 1292 τὴν
489 1217 848 1290 δικαιοσύνην
875 1217 1287 1290 παρεγγυῶμαί
1305 1219 1372 1274 ⁸³.

431 1311 602 1368 θ’-ια’.
645 1330 664 1364 ι
703 1313 780 1366 Οὐ
812 1312 1043 1383 δέξομαι
1096 1315 1162 1366 ὲκ
1203 1311 1298 1366 τοῦ
1349 1312 1500 1366 οίκου
1540 1329 1636 1366 σου
1695 1312 1954 1384 μόσχους,

356 1405 484 1461 οὐδὲ
510 1407 577 1460 ἐκ
627 1405 739 1460 τῶν
771 1407 1046 1476 ποιμνίων
1092 1423 1186 1460 σου
1233 1406 1511 1478 χιμάρους
1533 1407 1601 1462 ⁸⁵.
1667 1408 1792 1462 ’Ὂτι
1843 1407 1955 1476 ὲμά

360 1502 480 1554 ἐστι
512 1499 697 1554 πάντα
749 1498 818 1554 τὰ
857 1499 1027 1571 θηρία
1056 1499 1152 1553 τοῦ
1191 1499 1368 1570 ἀγροῦ
1394 1501 1464 1567 ⁸⁸,
1521 1502 1698 1572 κτήνη
1727 1502 1788 1555 ὲν
1841 1504 1956 1565 τοῖς

359 1593 538 1664 δρεσι,
583 1591 680 1646 καὶ
719 1591 846 1664 βόες
869 1592 940 1647 ⁸⁸.
981 1593 1242 1662 Ἔγνωκα
1277 1593 1457 1648 πάντα
1485 1593 1555 1647 τὰ
1601 1593 1828 1649 πετεινὰ
1859 1593 1954 1648 τοῦ

361 1682 624 1758 ούρανοῦ,
679 1685 774 1739 καὶ
827 1683 1106 1756 ὡραιότης
1161 1686 1333 1758 ἀγροῦ
1391 1689 1508 1758 μετ’
1553 1685 1689 1758 ἐμοῦ
1720 1687 1891 1742 ἐστιν.
1933 1683 1984 1740 ι’

361 1777 592 1832 Πάντων
611 1777 658 1809 ⁸⁷
686 1777 840 1848 είμὶ,
869 1779 1026 1848 φησὶ,
1060 1779 1154 1833 καὶ
1205 1780 1438 1850 ποιητὴς
1473 1821 1488 1845 ,
1525 1779 1620 1834 καὶ
1663 1781 1956 1852 δεσπότης,

363 1867 459 1921 καὶ
488 1865 597 1920 τῶν
625 1867 900 1938 χερσαίων
933 1867 1112 1935 ζώων,
1173 1872 1270 1924 καὶ
1301 1870 1413 1923 τῶν
1445 1870 1776 1943 ἀεροπόρων
1803 1870 1956 1942 ὀρνί-

363 1955 496 2010 θων.
548 1957 643 2027 Μὴ
689 1956 872 2010 τοίνυν
899 1959 1052 2028 ,ἡγοῦ
1111 1959 1213 2031 τὴν
1247 1961 1390 2032 ἐμὴν
1418 1961 1611 2032 χρείαν
1665 1961 1915 2033 πληροῦν
1941 1979 1955 1993 ·

363 2048 478 2118 ἐγὼ
513 2049 626 2120 γὰρ
656 2050 753 2104 καὶ
788 2049 1002 2114 τούτοις
1023 2051 1084 2106 τὸ
1121 2045 1264 2106 εἶναι
1287 2053 1520 2114 δέδωκα,
1559 2054 1654 2108 καὶ
1683 2055 1811 2118 τοὺς
1850 2056 1960 2109 ἀπὸ

362 2143 466 2212 γῆς
521 2140 760 2212 φύεσθαι
823 2141 1035 2198 κελεύω
1099 2143 1375 2216 καρπούς.
1448 2145 1797 2214 Ὦραιότητα
1849 2145 1960 2218 γὰρ

361 2235 554 2305 ἀγροῦ
579 2235 708 2300 τοὺς
739 2235 786 2268 ⁸⁸
829 2236 1210 2302 παντοδαποὺς
1244 2237 1620 2310 καρποὺςτῆς
1655 2241 1760 2308 γῆς
1783 2241 1958 2310 λέγει.

378 2327 600 2400 Ἐπειδὴ
629 2329 744 2401 γὰρ
771 2329 880 2383 ἀπὸ
910 2328 1032 2384 τῶν
1063 2330 1342 2400 χερσαίων
1370 2333 1778 2403 προσεφέροντο
1803 2333 1960 2398 ζώων

366 2422 512 2495 βόες,
540 2423 638 2476 καὶ
663 2423 884 2494 τράγοι,
917 2423 1012 2476 καὶ
1039 2422 1324 2494 πρόϐατα·
1359 2425 1458 2479 καί
1486 2425 1595 2478 ἀπὸ
1629 2425 1740 2480 τῶν
1771 2443 1958 2481 πετει-

364 2516 476 2571 νῶν
507 2516 839 2589 περιστεραὶ
857 2515 951 2568 καὶ
979 2515 1243 2586 τρυγόνες
1268 2533 1280 2546 ·
1308 2517 1406 2570 καὶ
1430 2518 1540 2571 ἀπὸ
1561 2518 1674 2572 τῶν
1704 2521 1958 2592 καρπῶν,

367 2607 674 2678 σεμίδαλις,
711 2607 810 2662 καὶ
847 2603 1010 2672 οἶνος,
1035 2608 1132 2661 καὶ
1156 2607 1359 2672 ἔλαιον,
1390 2609 1488 2662 καὶ
1517 2609 1584 2664 τὰ
1618 2610 1728 2664 τῶν
1769 2613 1962 2682 ἀτμῶν

366 2700 661 2772 ἡδύσματα
689 2715 702 2730 ·
737 2699 1059 2769 ἀναγκαίως
1099 2699 1361 2754 ἁπάντων
1403 2700 1842 2772 ἐμνημόνευσεν,
1873 2702 1965 2757 ἵνα

369 2793 552 2846 πᾶσαν
603 2791 705 2864 τὴν
773 2791 1034 2863 τοιαύτην
1100 2792 1440 2866 καταπαύσῃ
1489 2793 1770 2866 λατρείαν.
1827 2791 1962 2850 Εἶτα

373 2883 674 2956 εἰρωνικῶς
693 2885 738 2918 ⁸³
775 2900 790 2914 ·

449 2975 537 3046 ιβ’.
575 2993 595 3028 ι
645 2976 767 3030 Ἐὰν
801 2977 1068 3041 πεινάσω,
1095 2978 1156 3033 οὐ
1195 2979 1272 3050 μή
1333 2996 1416 3033 σοι
1471 2979 1650 3033 είπω·
1683 2979 1794 3052 ἐμὴ
1853 2981 1964 3056 γάρ

374 3069 588 3141 ἐστινὴ
627 3069 948 3142 οἰκουμένη,
984 3071 1078 3126 καὶ
1106 3070 1168 3124 τδ
1209 3071 1487 3144 πλήρωμα
1519 3073 1709 3144 αὐτῆς.
1745 3093 1765 3126 ι
1813 3075 1961 3138 Ἐὰν,

2057 569 2299 638 prtebui,
2331 570 2426 640 qui
2459 571 2633 639 legem
2663 572 2812 627 illam
2855 573 2951 628 tibi
2994 573 3216 628 tradidi.
3248 573 3329 629 Nc
3371 575 3516 629 enim
3565 591 3656 632 me

2056 662 2227 717 alium
2265 673 2424 732 putes
2459 663 2828 732 legislatorem
2852 707 2867 731 ,
2899 681 3025 720 cum
3057 667 3235 738 legum
3267 669 3472 726 videris
3493 668 3653 726 diﬁc-

2059 770 2154 808 ren
2165 755 2319 808 tiam.

2135 846 2294 902 Vens.
2333 847 2386 902 8.
2425 865 2445 898 ι
2474 846 2594 902 Non
2629 848 2682 902 in
2718 849 3002 906 sacriﬁciis
3037 850 3148 906 tuis
3181 867 3407 922 arguam
3442 861 3516 917 te,
3549 850 3652 906 lto-

2057 935 2302 991 locausta
2330 945 2516 991 autent
2547 949 2640 993 tua
2669 939 2721 992 in
2743 949 3044 1010 conspectu
3073 956 3192 996 meo
3217 951 3348 1002 sunt
3373 957 3646 1012 semper.»

2057 1026 2177 1083 Non
2207 1031 2502 1098 accusabo,
2537 1031 2738 1102 inquit,
2769 1041 2842 1100 te,
2874 1033 2942 1088 de
2967 1035 3216 1104 neglectu
3249 1033 3650 1090 sacriﬁciorum

2058 1127 2076 1193 (
2101 1124 2219 1179 haec
2265 1123 2412 1178 enim
2456 1125 2589 1179 mihi
2629 1129 2892 1182 continue
2928 1126 3171 1197 aﬁers),
3230 1129 3324 1184 scd
3359 1127 3528 1198 jubeo
3585 1141 3654 1183 ne

2059 1213 2213 1270 hisce
2247 1214 2454 1270 ﬁnibus
2477 1214 2750 1286 justitiam
2786 1217 3238 1276 circumscribas.

2133 1304 2300 1363 Vsus.
2328 1309 2487 1365 9-H.
2523 1327 2542 1362 ι
2565 1308 2684 1365 Νοιι
2717 1310 2986 1382 accipiam
3017 1314 3082 1368 de
3107 1312 3272 1368 domo
3297 1325 3390 1368 tua
3419 1315 3650 1377 vitulos,

2058 1399 2222 1471 927
2245 1416 2430 1472 neque
2457 1403 2525 1458 de
2556 1403 2819 1476 gregibus
2845 1404 2956 1461 tuis
2985 1405 3190 1462 hircos.
3219 1407 3492 1474 Quoniam
3520 1424 3666 1475 meae,

2059 1503 2190 1548 sunt
2217 1508 2411 1552 omnes
2441 1493 2573 1551 fera:
2607 1509 2875 1568 agrestes,
2903 1499 3156 1570 jumcnta
3183 1499 3235 1554 in
3268 1501 3571 1568 montibus,
3603 1511 3657 1556 et

2063 1587 2250 1642 boves.
2277 1586 2527 1660 Cognovi
2559 1591 2746 1644 omnia
2773 1591 3010 1646 volatilia
3045 1593 3192 1657 mali,
3219 1601 3274 1648 et
3301 1594 3656 1664 pulchritudo

2061 1679 2178 1750 agri
2209 1697 2423 1737 mecum
2453 1691 2558 1740 est.
2595 1703 2614 1736 ι
2647 1683 2905 1741 Omnium
2940 1703 3062 1766 sum
3085 1729 3100 1752 ,
3132 1691 3208 1743 ait
3236 1728 3250 1752 ,
3278 1697 3334 1743 ct
3368 1687 3650 1753 entnlitor,

2062 1785 2116 1828 et
2147 1773 2406 1832 dominus
2429 1817 2444 1840 ,
2491 1785 2546 1832 et.
2578 1781 2921 1834 terrestrium
2953 1783 3320 1836 animantium
3349 1823 3362 1846 ,
3401 1790 3454 1836 et
3477 1783 3648 1836 aerio-

2062 1880 2180 1919 rum
2216 1867 2544 1923 rolatilium.
2582 1867 2661 1926 Ne
2703 1871 2871 1942 igitur
2907 1873 3192 1930 existimes
3225 1889 3360 1928 mea:
3408 1875 3657 1930 necessi-

2063 1959 2159 2013 tati
2191 1961 2488 2016 subvenire
2517 1981 2528 2016 :
2569 1964 3016 2036 quandoquidem
3054 1981 3158 2038 ego
3190 1965 3275 2021 bis
3304 1967 3566 2022 omnibus
3601 1967 3654 2020 id

2061 2049 2208 2120 quod
2239 2060 2369 2106 sunt
2407 2051 2570 2118 dedi,
2601 2063 2658 2108 et
2685 2054 2856 2124 jubeo
2881 2097 2896 2122 ,
2939 2055 3158 2126 inquit,
3196 2057 3410 2115 fructus
3437 2073 3470 2114 e
3513 2067 3658 2114 terra

2062 2142 2316 2211 produci.
2385 2143 2668 2212 Siquidem
2732 2145 3188 2214 pulchritudinem
3257 2150 3377 2219 agri
3435 2150 3656 2205 diversa

2065 2243 2225 2290 terra:
2262 2235 2550 2292 fructuum
2570 2253 2770 2310 genera
2807 2241 3064 2310 appellat.
3119 2241 3392 2309 Quoniam
3423 2243 3570 2298 enim
3605 2251 3660 2298 et

2063 2343 2131 2382 ex
2166 2331 2397 2386 terrenis
2447 2331 2779 2388 animalibus
2813 2332 3186 2391 oﬁ‘erebantur
3220 2335 3386 2390 boves
3409 2379 3424 2402 ,
3475 2337 3612 2391 hirci
3640 2377 3656 2403 ,

2063 2429 2118 2474 et
2145 2435 2276 2476 oves
2304 2463 2318 2485 ,
2360 2431 2414 2477 et
2445 2439 2511 2478 ex
2551 2423 2898 2494 volatilibus,
2928 2427 3226 2492 columbae,
3273 2439 3328 2482 et
3365 2438 3613 2485 turtures
3641 2467 3656 2490 .

2063 2527 2128 2566 ex
2165 2511 2442 2570 fructibus
2473 2515 2675 2583 simila,
2715 2527 2768 2572 ct
2796 2519 3006 2585 vinum,
3033 2529 3089 2574 et
3113 2521 3318 2585 oleum,
3351 2521 3661 2577 satlituum-

2065 2620 2170 2676 qnc
2197 2621 2394 2662 suaves
2423 2607 2622 2662 odores
2649 2651 2662 2674 ,
2691 2612 3005 2666 necessario
3035 2613 3103 2668 de
3134 2613 3396 2669 omnibus
3428 2613 3662 2667 utentio-

2066 2714 2189 2752 ncm
2222 2696 2350 2753 fecit
2374 2737 2390 2765 ,
2436 2707 2496 2754 ut
2537 2709 2708 2754 totum
2751 2701 3066 2771 hujusmodi
3104 2705 3316 2760 cultum
3345 2705 3658 2777 abrogaret.

2066 2789 2271 2846 Deinde
2299 2805 2398 2862 pcr
2425 2791 2661 2846 ironiam
2689 2793 2765 2848 ait
2792 2809 2806 2846 :

2135 2969 2303 3026 Vens.
2363 2971 2450 3026 μὶ.
2494 2991 2513 3024 ι
2553 2970 2610 3027 Si
2653 2973 2920 3039 esuriero,
2954 2988 3064 3028 non
3107 2975 3287 3032 dicam
3326 2977 3468 3033 tibi:
3503 2993 3661 3034 meus

2067 3073 2151 3120 est
2193 3065 2340 3120 enim
2372 3065 2523 3120 orbis
2558 3073 2738 3132 terrae,
2775 3077 2828 3121 et
2871 3065 3159 3137 plenitudo
3210 3069 3352 3139 ejus.
3400 3091 3418 3122 ι
3463 3071 3544 3134 Si,
3575 3072 3664 3126 in-

373 3163 528 3232 φησὶ,
568 3161 750 3234 δεηθῶ
778 3163 1010 3235 τροφῆς,
1040 3163 1103 3218 οὐ
1123 3165 1223 3236 τῆς
1264 3165 1365 3237 σῆς
1415 3165 1610 3236 δέομαι
1671 3165 1957 3238 χορηγίας.

2069 3159 2206 3228 quit,
2263 3158 2386 3212 cibo
2429 3157 2741 3230 indiguero,
2773 3167 2867 3215 tua
2899 3161 3036 3216 mihi
3068 3161 3360 3232 largitione
3381 3178 3520 3232 opus
3552 3179 3660 3218 non

373 3253 566 3326 Πάσης
601 3254 712 3326 γὰρ
769 3253 908 3324 ὁμοῦ
958 3255 1060 3326 τῆς
1105 3257 1340 3320 κτίσεως
1383 3259 1616 3330 ποιητής
1639 3259 1685 3292 ⁹⁶
1719 3261 1836 3330 εἰμι
1869 3261 1964 3314 καὶ

371 3345 664 3416 δεσπότης.
721 3340 860 3399 Εἶτα
899 3345 1001 3417 τῆς
1036 3347 1246 3412 οἰκείας
1302 3347 1520 3418 φύσεως
1558 3349 1659 3421 τὴν
1693 3350 1965 3404 ἀπάθειαν

369 3436 639 3494 διδάσκει.

445 3533 536 3602 ιγ’.
573 3549 593 3584 ι
633 3531 726 3602 Μὴ
758 3532 1007 3604 φάγομαι
1039 3530 1180 3604 κρέα
1205 3529 1448 3604 ταύρων,
1484 3533 1516 3605 ἢ
1556 3525 1698 3604 αἷμα
1744 3532 1968 3605 τράγων

373 3624 574 3696 πίομαι
601 3640 616 3691 ;
649 3643 668 3678 ι
707 3625 897 3691 Οὕτως
925 3626 1154 3680 ἐκείνων
1197 3625 1260 3679 τὸ
1297 3626 1528 3698 ἀνόητον
1555 3628 1600 3660 ⁹¹
1627 3625 1833 3694 δείξας,
1873 3631 1968 3682 καὶ

372 3716 599 3782 διδάξας
623 3717 698 3782 ὼς
737 3719 838 3789 τῆς
871 3717 1073 3790 νηπίοις
1107 3717 1272 3772 ἕνεκα
1297 3720 1345 3752 ³⁸
1370 3718 1632 3785 διανοίας,
1669 3720 1887 3783 ὲκείνας
1922 3721 1970 3754 ⁸⁸

375 3811 566 3876 αὐτοῖς
597 3811 702 3876 τὰς
731 3809 926 3876 θυσίας
969 3811 1140 3866 πάλαι
1183 3811 1522 3884 προσφέρειν
1580 3812 1966 3886 ἐνομοθέτησε,

377 3905 480 3974 τὴν
506 3902 704 3972 καινὴν
735 3901 1128 3972 προανοίγνυσι
1148 3902 1441 3976 διαθήκην,
1465 3903 1562 3958 καὶ
1583 3904 1681 3978 τὴν
1704 3905 1970 3978 ἀρέσκου-

385 4009 488 4048 σαν
516 3993 663 4066 αὐτῷ
689 3993 884 4049 θυσίαν
915 3993 1221 4066 νομοθετεῖ.

455 4175 536 4243 ιδ’,
557 4185 637 4233 ιε’.
655 4197 674 4231 ι
696 4176 874 4234 Θῢσον
897 4177 974 4250 τῷ
996 4178 1118 4252 Θεῷ
1135 4178 1328 4234 θυσίαν
1348 4178 1632 4243 αἰνέσεως,
1650 4180 1743 4234 καὶ
1772 4181 1974 4247 ἀπόδος

377 4271 464 4341 τῷ
505 4271 752 4342 ’Υψίστῳ
785 4273 886 4336 τὰς
915 4272 1084 4344 εὐχάς
1112 4289 1230 4327 σου.
1266 4273 1376 4326 Καὶ
1402 4271 1735 4326 ἐπικαλεσαί
1789 4291 1856 4345 με
1913 4275 1974 4330 ὲν

295 4425 297 4428 ς
382 4363 570 4437 ἡμέρᾳ
597 4363 835 4433 θλίψειῦς
871 4381 991 4428 σου,
1017 4364 1111 4419 καὶ
1152 4363 1446 4434 ἐξελοῦμαί
1494 4382 1577 4434 σε,
1610 4367 1708 4420 καὶ
1726 4366 1974 4434 δοξάσεις

383 4473 474 4526 με.
515 4475 535 4510 ι
571 4458 668 4522 Εἰς
693 4455 885 4530 καιρὸν
924 4458 1021 4512 καὶ
1053 4456 1100 4490 ³⁸
1121 4459 1222 4529 τῆς
1273 4459 1439 4527 ἁγίας
1491 4459 1727 4532 Τριὰδος
1757 4462 1972 4518 ἀπεκά-

2069 3258 2172 3306 est.
2220 3249 2472 3306 Universi
2506 3250 2710 3322 quippe
2744 3260 3014 3307 terrarum
3046 3253 3200 3308 orbis
3228 3254 3485 3310 conditor
3511 3271 3662 3320 sum,

2069 3351 2123 3398 et
2166 3341 2446 3398 dominus.
2501 3341 2707 3398 Deinde
2757 3345 3039 3416 propriam
3083 3354 3340 3402 naturam
3389 3347 3666 3418 passionis

2069 3443 2344 3504 expertem
2375 3449 2498 3491 esse
2531 3435 2712 3491 docet.

2143 3517 2309 3585 Vsus.
2346 3531 2434 3586 15.
2483 3548 2504 3582 ι
2547 3529 2806 3600 Nunquid
2862 3531 3208 3588 manducabo
3243 3547 3439 3589 carnes
3473 3541 3663 3589 tauro-

2072 3637 2216 3689 rum,
2249 3629 2346 3677 aut
2370 3622 2693 3692 sanguinem
2733 3623 3016 3678 hircorum
3042 3624 3245 3694 potabo
3265 3625 3290 3678 ?
3309 3643 3330 3674 ι
3360 3623 3477 3681 Hoc
3502 3626 3666 3680 modo

2075 3731 2201 3771 cum
2263 3714 2484 3770 illorum
2543 3715 2831 3770 stultitiam
2865 3717 3219 3780 ostendisset,
3273 3717 3667 3787 docuissetque

2075 3808 2335 3864 statuisse
2378 3815 2441 3862 ut
2497 3807 2802 3878 antiquitus
2833 3809 2938 3863 illae
2969 3809 3204 3864 victimae
3233 3809 3303 3864 ab
3330 3807 3468 3878 ipsis
3494 3811 3664 3864 otl'er-

2074 3913 2285 3966 rentur,
2323 3904 2338 3924 ¹
2367 3915 2436 3956 eo
2482 3901 2628 3967 quod
2661 3899 2846 3957 adhuc
2881 3916 3074 3957 eorum
3125 3915 3282 3956 mens
3309 3901 3545 3972 simplex
3573 3917 3666 3958 es-

2075 4006 2185 4061 set,
2221 3993 2391 4065 928
2420 4007 2568 4048 nunc
2601 4009 2806 4048 novum
2837 3995 3012 4064 aperit
3037 4001 3446 4059 testamentum,
3475 4002 3532 4048 et
3566 3994 3665 4050 bo-

2076 4089 2238 4146 stiam
2281 4087 2589 4158 praescribit
2625 4086 2732 4143 sibi
2763 4087 3090 4158 placentem.

2147 4180 2316 4238 Vens.
2352 4181 2441 4248 14,
2480 4179 2570 4236 15.
2625 4197 2645 4232 ι
2694 4179 2922 4234 lmmola
2953 4179 3066 4236 Deo
3093 4179 3426 4237 sacriﬁcium
3466 4179 3666 4245 Iaudes,

2075 4287 2131 4332 et
2177 4275 2344 4332 redde
2367 4272 2652 4330 Altissimo
2679 4280 2804 4326 vota
2843 4281 2958 4328 tua.
3001 4273 3068 4328 Et
3121 4273 3314 4329 invoca
3348 4289 3437 4329 me
3487 4273 3542 4328 in
3581 4269 3671 4330 die

2077 4366 2446 4424 tribulationis
2476 4375 2605 4432 tuae,
2622 4380 2812 4422 eruam
2855 4373 2906 4420 te
2930 4405 2944 4430 ,
2981 4373 3036 4420 et
3079 4365 3470 4422 honoriﬁcabis
3495 4377 3604 4420 me.
3645 4383 3662 4413 ι

2079 4461 2424 4532 Tempestive
2459 4473 2682 4530 queque
2724 4469 2928 4515 sanctae
2969 4459 3256 4514 Trinitatis
3289 4457 3664 4516 venerandum

377 4549 518 4620 λυψε
556 4551 651 4605 τὸν
683 4551 870 4622 τίμιον
889 4550 1151 4623 ἀριθμδν,
1180 4551 1276 4606 καὶ
1301 4554 1366 4624 τῇ
1387 4555 1551 4624 καινῇ
1577 4552 1814 4626 διαθῄκῃ
1843 4571 1964 4608 συν-

2079 4569 2370 4610 numerum
2419 4550 2697 4622 patefecit,
2739 4560 2794 4606 et
2833 4567 2960 4607 cum
3007 4566 3148 4606 novo
3170 4559 3502 4608 testamento
3535 4563 3670 4606 cou-

383 4644 607 4710 ἔζευξεν
633 4660 650 4676 ο
679 4643 822 4715 μετὰ
850 4644 960 4716 γὰρ
987 4643 1192 4716 ταύτης
1223 4645 1322 4698 καὶ
1352 4645 1453 4716 τὴν
1481 4644 1584 4716 τῆς
1613 4644 1776 4715 ἁγίας
1801 4647 1844 4699 Τ
1849 4647 1974 4718 ριά-

377 4734 473 4798 δος
504 4734 807 4804 ἐδεξάμεθα
835 4737 1064 4806 γνῶσιν.
1092 4736 1268 4790 Διείλε
1297 4735 1356 4790 δὲ
1399 4735 1468 4790 τὰ
1517 4736 1844 4806 πράγματα,
1873 4739 1974 4811 οὐχ

380 4826 474 4882 ἵνα
504 4827 608 4898 τῆς
627 4827 940 4901 ἀδιαιρέτου
977 4831 1074 4884 καὶ
1109 4829 1276 4900 ἁγίας
1304 4828 1538 4902 Τριάδος
1566 4829 1666 4894 τὰς
1687 4831 1975 4903 ἐνεργείας

378 4917 557 4988 διέλῃ,
592 4919 712 4975 ἀλλ’
749 4921 839 4976 ἵνα
864 4921 958 4976 τὸν
983 4921 1222 4994 ἀριθμὸν
1248 4921 1610 4994 προφητικῶς
1639 4923 1686 4955 ⁸⁵
1723 4925 1819 4977 καὶ
1847 4926 1977 4990 τοὺς

385 5011 530 5083 μετὰ.
557 5012 731 5068 ταῦτα
759 5013 968 5088 διδάξῃ.
996 5015 1162 5084 Λέγει
1191 5014 1376 5068 τοίνυν
1403 5029 1418 5044 ·
1461 5030 1482 5064 ι
1519 5012 1698 5067 Θῦσον
1729 5013 1808 5086 τῷ
1857 5014 1978 5086 Θεῷ

383 5101 577 5160 θυσίαν
604 5106 892 5174 αἰνέσεως,
928 5106 1023 5162 καὶ
1047 5106 1249 5170 ἀπόδος
1291 5104 1370 5178 τῷ
1411 5103 1652 5176 Ὑψίστῳ
1686 5105 1784 5168 τὰς
1815 5105 1982 5178 εὐχάς

2075 4647 2300 4718 junxit:
2343 4663 2468 4702 cum
2506 4647 2610 4702 hoc
2644 4644 2792 4700 enim
2823 4645 2986 4700 etiam
3019 4653 3228 4698 sanctae
3253 4642 3547 4700 Trinitatis
3577 4655 3668 4698 cn-

2083 4739 2379 4809 gnitionem
2412 4735 2740 4807 recepimus.
2770 4734 2964 4790 Divisit
2987 4742 3172 4789 autem
3204 4749 3317 4798 res,
3353 4749 3465 4789 non
3504 4741 3564 4788 ut
3588 4732 3676 4800 di:

2083 4824 2295 4887 videret.
2351 4829 2651 4884 individuus
2698 4827 2986 4883 Trinitatis
3047 4826 3420 4897 operationes,
3472 4825 3569 4882 sed
3614 4835 3677 4880 ut

2083 4938 2372 4978 numerum
2406 4920 2732 4991 prophetico
2764 4935 2917 4974 more
2943 4930 3191 4988 poswros
3219 4918 3496 4976 edoceret.
3531 4917 3677 4974 Dicit

2082 5017 2285 5087 igitur:
2327 5033 2346 5066 ι
2385 5013 2610 5068 lmmola
2661 5013 2771 5067 Deo
2807 5011 3139 5068 sacriﬁcium
3187 5009 3390 5078 laudis,
3423 5020 3480 5066 et
3511 5011 3678 5066 redde

2083 5109 2372 5164 Attissimo
2426 5115 2553 5163 vota
2596 5116 2712 5174 tua,
2765 5114 2820 5162 et
2845 5106 3044 5162 invoca
3099 5119 3188 5162 me
3225 5104 3316 5162 die
3361 5102 3679 5161 aﬁlictionis

1555 5199 1796 5254 VAllllE
1837 5201 2228 5260 LECTIONES
2269 5199 2358 5256 ET
2389 5199 2624 5258 NOTAE.

458 5286 503 5320 ³¹
541 5285 816 5363 Τὴν-διιίέ
842 5286 1009 5363 Abest
1032 5286 1215 5363 a_cod.
1247 5287 1303 5363 1,
1327 5285 1382 5342 2.
1456 5284 1502 5317 ⁸⁸
1533 5287 1890 5363 Διιιθρέψης.
1923 5304 1964 5363 ιη

2081 5291 2116 5343 2
2156 5302 2343 5363 prtem.
2380 5285 2462 5363 at,
2563 5284 2760 5363 “cod:
2800 5284 2873 5363 1.,
2903 5284 3155 5363 {uaga}

378 5375 554 5427 ρους.
595 5351 701 5428 Alii
731 5359 846 5420 τοῖς
891 5361 946 5410 0'
991 5357 1243 5412 tribuunt
1287 5351 1798 5426 interpretatio‘net'n
1837 5351 1964 5428 τρὰ]

2068 5378 2094 5416 :.
2157 5351 2216 5392 ’⁸³
2261 5357 2486 5426 Ἀγροῦ.
2533 5359 2655 5412 cod.
2724 5351 2895 5410 Vatic.
2949 5351 3184 5426 δρυμοῦ.

2563 5285 2610 5317 ⁸³
2633 5281 2760 5340 cod.
2800 5283 2825 5337 Ι
2859 5323 2873 5346 ,
2903 5282 2938 5338 2
2980 5279 3304 5354 παρεγγυῶ.
3410 5277 3462 5313 ⁸⁸
3491 5277 3675 5345 Kurd-

2565 5359 2655 5412 od.
2724 5351 2895 5410 Vatic.
2949 5353 3184 5414 δρυμοῦ.
3284 5351 3332 5384 ⁸⁵
3363 5347 3473 5404 Καὶ
3496 5349 3671 5414 βόες.

389 5440 558 5497 llebr.
593 5426 728 5527 115:2,
764 5441 930 5505 mille,
977 5442 1122 5527 quod
1173 5440 1416 5496 cohaeret
1456 5457 1588 5527 cum
1635 5426 2040 5527 precantum,
2090 5445 2143 5498 in
2181 5442 2470 5527 montibus.
2502 5441 2833 5510 lntcrpretcs
2865 5445 3047 5527 atatem
3084 5433 3290 5498 Grieci,
3339 5434 3448 5527 imo
3498 5431 3674 5527 S-y‘rus

385 5526 556 5581 etiam
591 5507 644 5580 οἱ
673 5524 848 5580 Arabs
889 5507 1162 5612 pro—r153,
1189 5524 1386 5596 legisse
1417 5507 1669 5581 videntur
1704 5509 1926 5612 ωνξξδῖ,
1963 5561 1964 5574 η

2068 5543 2219 5582 ιυυεε.
2297 5525 2342 5558 ⁸⁷
2383 5507 2666 5588 Πάντων,
2684 5540 2740 5578 κ.
2778 5540 2829 5576 τ.
2866 5522 2914 5575 λ.
2950 5519 3076 5576 Haec
3108 5529 3161 5574 et
3190 5533 3308 5588 quae
3340 5517 3406 5572 ad
3441 5531 3494 5570 v.
3525 5517 3591 5569 l2
3624 5527 3678 5568 τι

388 5633 461 5687 15
487 5639 828 5711 sequuntur1
848 5631 968 5711 des.
991 5633 1132 5711 apud
1155 5631 1324 5711 (Iord.
1343 5705 1382 5711 _
1399 5630 1446 5665 ⁸⁸
1482 5632 1629 5711 Τοὺς
1649 5661 1726 5711 _—
1747 5633 1930 5711 λέγει,

2086 5646 2309 5711 quoque
2345 5628 2544 5711 Aquila
2585 5627 2744 5711 vertit
2793 5625 3114 5711 ῖταντοδκτξὲ
3143 5621 3392 5711 χώρας-Μ
3431 5621 3677 5711 59"”!le-

385 5701 594 5773 αἰκῶς⁸
638 5703 760 5756 cod.
796 5701 832 5756 2
887 5701 1149 5773 εἰρηκώς.

386 5773 515 5828 cod.
554 5772 598 5836 Ι,
632 5773 669 5828 2
703 5789 890 5841 praem.
918 5772 1121 5828 αὐτῶν.
1197 5773 1244 5804 ⁸³
1284 5773 1564 5840 Ἐκείνιιςκ
1609 5774 1772 5829 Abest
1808 5793 1836 5829 ει
1875 5773 1994 5828 col.

391 5853 629 5916 utroque
666 5845 790 5901 cod.
831 5844 1053 5916 ponitur
1076 5856 1200 5916 post
1232 5843 1345 5900 καί.

1253 5701 1702 5778 θξβσιητήςηΙ-ιι
1736 5699 1855 5758 cod.
1893 5703 1928 5756 τί
1961 5699 2377 5778 χωυηυτένοτι
2410 5699 2548 5778 εἰμί,
2610 5700 2839 5778 _"‘cod.
2895 5699 2920 5752 1
2963 5699 3013 5778 ρ..

2033 5773 2086 5829 ‘2.
2192 5765 2396 5828 "'Kal.
2445 5765 2566 5826 cod.
2604 5771 2654 5838 ι,
2687 5771 2722 5824 2
2752 5782 2937 5842 prtem.
2961 5765 3015 5817 δέ

2637 5700 2680 5732 ’⁸
2716 5700 2839 5754 cod.
2895 5698 2920 5752 1
2972 5691 3254 5761 ἀνόνητον.
3346 5691 3393 5724 ν’
3432 5691 3674 5745 "Et-sxa.

2641 5811 2654 5818 -
2687 5771 2722 5818 2
2752 5782 2937 5818 [ηἰιξιη.
2961 5765 3015 5817 δέ
3117 5766 3163 5797 ⁵⁵
3180 5762 3590 5818 Ιιροιςητικὼρο

3226 5779 3590 5833 Γορητικως.
