4108 6456
388 355 412 423 ι
424 359 526 424 ενα

1811 354 1891 414 ΙΝ
1950 351 2157 415 PSAL.
2202 352 2268 413 L.

3541 330 3677 414 1238

385 473 724 546 ἐφηδόμενον
761 491 828 546 με
855 475 921 547 τῇ
961 474 1031 546 σῇ
1074 470 1399 545 παρανομίᾳ
1442 468 1518 543 μὴ
1560 467 1795 539 ἐπάγειν
1825 467 1866 499 ⁸⁷
1899 484 1978 521 τι-

2082 482 2169 522 me
2205 474 2298 522 tua
2353 465 2647 538 iniquitate
2688 466 2974 536 delectari,
3021 477 3077 526 et
3128 469 3254 526 idco
3298 483 3408 525 non
3455 466 3673 539 punire.

389 565 610 639 μωρίαν
635 566 679 598 ¹⁸
702 584 717 597 ·
748 559 812 622 οὗ
842 566 908 637 δὴ
944 565 1108 638 χάριν
1140 566 1182 598 ¹⁹
1219 584 1238 618 ι
1290 565 1499 633 ἐλέγξω
1525 581 1607 625 σε,
1663 562 1763 616 καὶ
1798 578 1977 633 παρα-

389 660 575 730 στήσω
606 658 749 714 κατὰ
780 659 1077 731 πρόσωπόν
1109 658 1155 692 ³⁰
1191 675 1285 713 σου
1307 657 1408 722 τὰς
1428 655 1705 727 ἁμαρτίας
1732 671 1846 708 σου.
1879 654 1922 687 ⁸¹
1952 673 1972 707 ι

401 752 623 825 Ἐπειδὴ
657 756 767 825 γὰρ
800 755 915 818 τοῖς
952 753 1139 825 ήπίοις
1165 753 1264 825 τῆς
1299 749 1691 824 μακροθυμίας
1714 749 1816 802 ούκ
1858 748 1979 802 ἐθε-

390 844 673 919 ραπεύθης
699 847 1043 918 φαρμάκοις,
1075 845 1388 919 δριμύτερα
1422 862 1507 898 σοι
1554 841 1976 907 κατασκευάσω,

390 937 484 992 καὶ
512 937 623 992 τῶν
659 938 904 1010 ἐλέγχων
931 939 1027 993 τὸν
1061 939 1319 1009 καυτῆρα
1343 935 1644 1009 προσοίσω.
1675 933 1903 1005 Συνᾴδει
1921 933 1980 988 δὲ

387 1029 563 1085 ταῦτα
585 1032 709 1094 ταῖς
735 1032 1129 1097 ἀποστολικαῖς
1180 1031 1423 1094 ἐκείναις
1458 1030 1505 1061 ⁸³
1537 1030 1746 1099 φωναῖς
1770 1044 1784 1058 ο
1825 1045 1844 1078 ι
1891 1026 1977 1079 Ἀ-

385 1123 563 1191 γνοῶν
588 1123 672 1178 ὅτι
696 1123 758 1178 τὸ
773 1123 1014 1195 χρηστὸν
1037 1122 1135 1178 τοῦ
1156 1122 1295 1178 Θεοῦ
1325 1123 1406 1187 είς
1428 1120 1721 1194 μετάνοιάν
1735 1136 1792 1173 σε
1819 1118 1944 1188 ἄγει
1962 1134 1978 1151 ο

388 1214 534 1269 κατὰ
561 1215 619 1270 δὲ
649 1215 750 1288 τὴν
781 1216 1135 1289 σκληρότητά
1158 1233 1279 1277 σου,
1309 1214 1407 1269 καὶ
1441 1212 1823 1286 ἀμετανόητον
1849 1218 1985 1281 καρ-

386 1306 530 1373 δίαν,
566 1305 928 1378 θησαυρίζεις
955 1307 1172 1379 σεαυτῷ
1201 1309 1247 1340 ¹²
1267 1305 1441 1379 ὀργὴν
1475 1306 1535 1359 ἐν
1566 1305 1756 1376 ἡμέρᾳ
1778 1303 1977 1374 ὀργῆς,

388 1395 487 1451 καὶ
531 1395 961 1468 ἀποκαλύψεως,
1002 1396 1101 1452 καὶ
1146 1396 1557 1468 δικαιοκρισίας
1594 1394 1693 1449 τοῦ
1727 1394 1889 1459 Θεοῦ,
1923 1393 1983 1458 ὃς

385 1487 664 1544 ἀποδώσει
688 1489 908 1562 ἑκάστῳ
930 1490 1074 1544 κατὰ
1102 1488 1172 1544 τὰ
1196 1489 1337 1562 ἔργα
1353 1489 1544 1544 αὐτοῦ.
1570 1482 1590 1540 ἦ
1614 1486 1804 1551 Οὕτως
1826 1486 1983 1540 ἀπει-

384 1582 563 1651 λήσας
592 1584 693 1655 τὴν
726 1583 1026 1656 τιμωρίαν,
1057 1584 1225 1641 πάλιν
1250 1587 1278 1640 ὁ
1303 1583 1687 1657 φιλάνθρωπος
1710 1579 1982 1652 παραίνε-

387 1692 478 1729 σιν
499 1674 928 1747 προσενήνοχεν.

457 1766 566 1838 κβν.
601 1785 622 1819 ι
662 1767 864 1821 Σύνετε
899 1768 967 1839 δὴ
994 1766 1195 1832 ταῦτα,
1219 1769 1272 1823 oi
1333 1768 1832 1839 ἐπιλανθανόμενοι
1882 1766 1978 1823 τοῦ

2080 557 2428 629 Quapmpter
2462 578 2481 612 ι
2524 575 2751 632 arguam
2793 569 2864 629 te,
2890 569 2945 617 et
2970 568 3209 616 statuam
3249 571 3445 617 contra
3475 558 3673 615 faciem

2082 660 2230 707 tuam
2288 660 2510 722 peccata
2553 661 2669 708 tua.
2720 671 2740 705 ›
2798 652 3072 721 Quoniam
3111 655 3257 710 enim
3307 651 3527 708 blandis
3576 664 3675 721 pa-‘

2081 741 2289 798 tientia:
2315 742 2730 800 medicamentis
2755 746 2937 801 curari
2967 761 3077 801 non
3109 746 3361 817 potuisti,
3388 743 3673 799 acerbiora

2084 834 2181 889 tibi
2214 836 2444 906 parabo,
2497 843 2552 891 et
2580 837 2943 907 correptionis
2981 839 3291 894 cauterium
3342 836 3672 893 admovebo.

2082 925 2403 982 Consouant
2423 936 2608 984 autem
2627 930 2741 985 haec
2764 930 2873 986 illis
2888 931 3135 1000 Apostoli
3158 932 3386 987 vocibus
3411 948 3425 984 :
3464 947 3484 982 ι
3510 928 3673 998 igno-

2081 1034 2217 1076 rans
2266 1019 2362 1076 Dei
2419 1022 2715 1078 bonitatem
2772 1023 2840 1078 ad
2902 1025 3279 1094 paenitentiam
3326 1031 3379 1079 te
3421 1022 3669 1078 ducere:

2082 1112 2389 1168 secundum
2439 1114 2700 1170 duritiem
2755 1123 2937 1170 autem
2995 1124 3167 1182 tuam,
3218 1124 3273 1172 et
3322 1114 3674 1186 intpoenitens

2082 1218 2201 1272 cor,
2258 1205 2435 1261 instar
2463 1206 2706 1263 thesauri
2743 1208 2966 1279 reponis
3001 1209 3099 1265 tibi
3133 1209 3236 1280 ipsi
3266 1210 3404 1263 iram
3431 1206 3521 1263 die
3552 1205 3671 1269 ira),

2082 1305 2139 1353 et
2180 1295 2645 1368 revelationis,'et
2670 1300 2806 1371 justi
2833 1300 3028 1371 judicii
3062 1302 3179 1367 Dei,
3210 1301 3303 1370 qui
3329 1298 3517 1355 reddet
3544 1297 3670 1355 uni<

2083 1389 2284 1461 cuique
2327 1391 2634 1447 secundum
2691 1406 2858 1463 opera
2908 1406 3008 1448 sua
3058 1390 3103 1447 ί.
3138 1409 3158 1444 ι
3203 1390 3319 1448 Hoc
3356 1390 3518 1445 modo
3541 1402 3673 1455 sup-

2084 1480 2308 1551 plicium
2342 1481 2751 1550 interminatus,
2786 1497 2984 1540 rursus
3011 1482 3286 1555 benignus
3307 1480 3454 1536 Deus
3483 1479 3675 1535 admo-

2085 1572 2354 1630 nitionem
2392 1574 2596 1630 attulit.
3016 1560 3029 1571 ’

2156 1751 2324 1810 Vsus.
2351 1754 2443 1809 “22.
2463 1773 2482 1807 ‹
2521 1755 2813 1828 lntelligite
2841 1758 2979 1823 haec,
3002 1757 3098 1828 qui
3130 1756 3521 1814 obliviscimini
3551 1755 3671 1824 Dei,

385 1856 524 1912 Θεοῦ
549 1873 565 1889 ’
591 1858 807 1931 μήποτε
824 1859 1051 1933 ἁρπάσῃ
1061 1860 1140 1928 ’⁸,
1160 1860 1259 1915 καὶ
1276 1861 1338 1915 ού
1362 1862 1407 1894 ³⁸
1437 1862 1513 1933 μὴ
1588 1863 1617 1916 ό
1636 1861 1920 1934 ῥυόμενος.
1952 1879 1971 1913 ι

2083 1861 2154 1901 ne
2197 1847 2419 1917 quando
2454 1848 2655 1918 rapiat,
2695 1856 2752 1905 et
2799 1863 2909 1904 non
2962 1850 3035 1905 sit
3075 1849 3171 1921 qui
3219 1848 3440 1919 eripiat.
3476 1868 3495 1903 ι
3544 1848 3674 1903 Stu-

284 1980 297 1993 ~
402 1949 736 2022 Ἐπιμελῶς,
769 1952 960 2023 φησὶν,
1020 1952 1258 2006 ἕκαστον
1303 1951 1414 2007 τῶν
1452 1952 1763 2026 εἰρημένων
1808 1970 1981 2007 κατα-

385 2046 621 2118 νοήσατε
649 2060 663 2075 ⁶
703 2044 799 2099 καὶ
827 2046 876 2099 oi
912 2043 1009 2100 τοῦ
1041 2043 1179 2099 Θεοῦ
1231 2044 1332 2118 τὴν
1368 2045 1547 2117 λήθην
1597 2045 1977 2116 νενοσηκότες,

383 2134 530 2208 λήθη
556 2134 669 2207 γάρ
701 2133 841 2189 Θεοῦ
874 2135 1140 2207 πρόξενος
1184 2134 1483 2206 ἁμαρτίας,
1528 2138 1642 2199 τοῖς
1676 2134 1722 2165 ¹⁶
1743 2135 1844 2205 τῆς
1891 2151 1982 2204 με-

383 2226 611 2291 τανοίας
641 2224 963 2298 φαρμάκοις
992 2227 1063 2279 τὰ
1083 2226 1384 2297 τραύματα
1404 2226 1806 2296 θεραπεύσατε,
1846 2224 1979 2296 πρὶν

322 2382 329 2383 ί
383 2315 635 2389 ἁρπάσαι
683 2315 781 2370 τὸν
825 2315 1061 2371 θάνατον
1089 2333 1104 2348 ’
1129 2315 1188 2380 ὃς
1230 2316 1389 2387 δίκην
1419 2314 1634 2380 λέοντος
1659 2313 1840 2369 ἔπεισι
1864 2317 1980 2378 τοῖς

383 2392 724 2478 ἀνθρώποις,
757 2405 975 2469 οὐδενὸς
1026 2408 1276 2476 ἐπισχεῖν
1319 2405 1488 2460 αὐτοῦ
1526 2406 1835 2477 δυναμένου
1878 2406 1978 2479 τὴν

386 2500 765 2572 σφοδροτάτην
791 2500 993 2573 ὁρμήν.
1036 2493 1169 2553 Εἶτα
1200 2497 1300 2569 τὴν
1324 2498 1370 2529 ’⁷
1402 2497 1597 2570 καινὴν
1649 2498 1979 2568 νομοθεσίαν

382 2592 680 2666 λαμὸάνει,
728 2595 829 2650 καὶ
862 2591 1042 2666 ταύτῃ
1078 2592 1174 2647 τοῦ
1205 2589 1427 2663 ψαλμοῦ
1475 2590 1539 2645 τὸ
1584 2591 1741 2656 τέλος
1788 2592 1977 2647 διακο-

387 2687 541 2757 σμεϊ.

456 2782 567 2846 κγ’.
603 2795 625 2832 t
650 2776 825 2832 Θυσία
855 2777 1117 2843 αἰνέσεως
1139 2779 1184 2811 ’⁸
1212 2777 1433 2845 δοξάσει
1458 2797 1549 2851 με,
1581 2777 1679 2833 καὶ
1697 2778 1816 2831 ἐκεῖ
1835 2775 1975 2844 ὁδὸς,

392 2861 431 2942 ᾖ
455 2867 500 2901 ⁸⁸³
530 2867 692 2937 δείξω
726 2870 880 2943 αὐτῷ
910 2869 971 2924 τὸ
1000 2871 1271 2943 σωτήριόν
1327 2889 1432 2941 μου
1458 2873 1527 2924 ³¹.
1564 2890 1583 2923 ι
1635 2869 1809 2924 Τοῦτο
1852 2869 1910 2923 δὲ
1949 2871 1978 2923 ὁ

392 2956 698 3029 Σύμμαχος
749 2959 1087 3031 σαφέστερον
1105 2960 1428 3032 ἡρμήνευσε
1454 2977 1469 2993 '
1496 2957 1804 3022 Θυσιάζων
1820 2957 1976 3027 ὑπὲρ

388 3050 679 3117 αἰνέσεως
706 3050 957 3117 δοξάσει
986 3069 1083 3122 με,
1115 3051 1216 3107 καὶ
1246 3050 1325 3119 τῷ
1349 3052 1651 3118 εὐτάκτως
1700 3050 1976 3106 ὁδεύοντι

2080 1936 2256 2001 diose,
2297 1938 2499 2010 inquit,
2536 1941 2972 2012 unumquodque
3001 1957 3067 1996 ex
3101 1941 3191 1997 his
3216 1935 3341 2010 Quae
3368 1941 3514 1997 dicta
3541 1949 3673 1996 sunt

2082 2025 2389 2099 intelligite.
2411 2027 2478 2083 Et
2502 2044 2621 2096 vos,
2645 2031 2739 2102 qui
2777 2030 2867 2086 Dei
2908 2031 3065 2087 obliti
3095 2031 3228 2087 estis
3260 2029 3503 2103 (oblivio
3521 2031 3669 2088 enim

2083 2115 2176 2171 Dei
2226 2116 2570 2173 conciliatl‘ix
2622 2120 2831 2189 peccati
2877 2129 3005 2190 est),
3036 2120 3375 2190 poenitentiae
3426 2119 3668 2175 medica-

2081 2207 2284 2264 mentis
2300 2209 2526 2265 vulnera
2550 2218 2765 2274 curate,
2785 2220 3081 2282 antequam
3114 2225 3263 2267 mors
3280 2210 3441 2282 931
3466 2209 3666 2280 rapiat,

2078 2315 2205 2372 quae
2249 2300 2425 2357 instar
2459 2301 2636 2357 leonis
2681 2302 2735 2357 in
2779 2302 3034 2359 homines
3077 2310 3382 2375 grassatur,
3427 2310 3484 2358 et
3508 2302 3669 2372 cujus

2080 2391 2458 2447 vehementem
2484 2392 2748 2463 impetum
2775 2394 3034 2450 cohibere
3050 2409 3216 2450 nemo
3231 2402 3433 2466 potest.
3459 2391 3670 2449 Deinde

2080 2494 2279 2535 novam
2343 2481 2479 2553 legis
2531 2482 3033 2555 promulgationem
3082 2484 3423 2557 aggreditur,
3458 2494 3514 2542 et
3562 2485 3670 2541 hac

2077 2572 2273 2642 psalmi
2302 2572 2469 2630 ﬁnem
2499 2582 2755 2631 exornat.

2149 2778 2319 2836 Vens.
2360 2780 2453 2836 25.
2492 2797 2512 2833 ι
2555 2777 2901 2837 Sacrilicium
2932 2781 3117 2838 laudis
3138 2781 3664 2847 honoriﬁcahitmc,

2077 2880 2133 2927 et
2182 2872 2292 2928 illic
2342 2873 2467 2941 iter,
2508 2888 2619 2945 quo
2662 2873 2947 2930 ostendam
2999 2874 3080 2930 illi
3109 2876 3354 2932 salutare
3382 2891 3590 2932 meum.
3639 2894 3661 2929 ›

2079 2962 2194 3021 lloc
2230 2963 2595 3037 Symmachus
2622 2966 2825 3022 clarius
2858 2966 3257 3038 interpretatus
3277 2977 3361 3023 est
3393 2985 3408 3022 :
3445 2966 3551 3033 Qui
3578 2985 3668 3022 sa-

2079 3055 2288 3126 criﬁcat
2313 3073 2409 3127 pro
2426 3056 2584 3113 laude
2605 3056 2980 3127 honoriﬁcabit
2997 3060 3014 3079 '
3033 3075 3137 3126 me,
3164 3068 3213 3113 et
3240 3058 3490 3114 ordinate
3521 3058 3668 3113 ince—

385 3138 568 3207 δείξω
597 3140 902 3211 σωτήριον
928 3142 1101 3199 Θεοῦ,
1161 3145 1441 3216 Προσήκει
1507 3144 1615 3215 γὰρ
1676 3142 1752 3215 μὴ
1807 3142 1971 3212 μόνον

2081 3150 2280 3204 cedenti
2305 3149 2536 3205 salutem
2588 3149 2686 3205 Dei
2720 3150 3020 3205 ostendam.
3069 3151 3339 3207 Convenit
3366 3153 3512 3207 enim
3554 3168 3664 3207 non

384 3232 581 3304 ὑμνεῖν
601 3234 698 3288 τὸν
730 3234 884 3298 Θεὸν,
916 3235 1136 3308 καὶτῆς
1168 3236 1434 3301 αἰνέσεως
1468 3234 1620 3307 αὐτῷ
1648 3234 1749 3298 τὰς
1781 3233 1976 3298 θυσίας

385 3326 729 3399 προσφέρειν
809 3327 950 3384 ἀλλὰ
976 3330 1072 3384 καὶ
1098 3329 1379 3393 εὐτάκτως
1416 3328 1627 3383 ὁδεύειν
1650 3328 1717 3395 ³³,
1745 3326 1841 3382 καὶ
1883 3327 1977 3381 τὸν

382 3420 592 3473 οἰκεῖον
618 3419 733 3489 βίον
777 3420 1177 3495 διαρυθμίζειν.
1221 3420 1380 3475 Οὕτω
1436 3420 1546 3492 γάρ
1595 3420 1822 3475 δυνατὸν
1882 3421 1978 3491 τῆς

383 3511 542 3584 παρὰ
574 3512 669 3566 τοῦ
698 3512 836 3567 Θεοῦ
872 3515 1149 3585 σωτηρίας
1183 3515 1487 3585 ἐπιτυχεῖν.
1534 3514 1694 3568 Κατὰ
1742 3513 1800 3568 δὲ
1849 3514 1978 3577 τοὺς

396 3604 832 3678 Ἔϐδομήκοντα,
860 3608 942 3680 Τῇ
987 3606 1171 3680 θυσίᾳ,
1215 3607 1371 3680 φησι,
1400 3606 1500 3678 τῆς
1550 3607 1813 3671 αἰνέσεως
1843 3606 1979 3677 ἐφή-

384 3699 553 3770 δομαι
576 3716 590 3730 ·
627 3699 726 3754 καὶ
747 3700 955 3772 ταύτην
975 3698 1220 3773 ἠγοῦμαι
1250 3700 1410 3768 δόξαν
1431 3698 1820 3771 ἁρμόττουσαν
1839 3718 1852 3731 ·
1880 3698 1979 3753 καὶ

385 3791 480 3847 διὰ
506 3791 714 3866 ταύτης
756 3793 801 3826 ³³
824 3793 924 3866 τὴν
980 3792 1123 3865 ἐμὴν
1159 3794 1280 3849 ὁδὸν
1337 3792 1607 3858 ὑποδείξω
1650 3792 1729 3864 τῷ
1770 3792 1979 3863 ταύτην

390 3886 786 3958 προσφέροντι,
808 3881 876 3960 ἧς
895 3886 1051 3951 τέλος
1082 3886 1179 3958 ³³η
1208 3886 1361 3957 παρὰ
1397 3884 1494 3938 τοῦ
1535 3885 1671 3938 Θεοῦ
1707 3885 1975 3956 σωτηρία.

406 3977 887 4051 Ἐπισημήνασθαι
905 3978 961 4033 δὲ
984 3980 1275 4052 προσήκει,
1289 3978 1365 4041 ὡς
1382 3976 1665 4032 κάνταῦθα
1689 3977 1784 4030 δύο
1802 3994 1975 4047 προσ-

399 4068 564 4125 ώπων
608 4073 907 4144 ἐποιήσατο
953 4074 1201 4144 μνήμην.
1242 4091 1261 4125 ι
1300 4071 1476 4127 Θυσία
1524 4072 1656 4143 γὰρ,
1700 4073 1854 4142 φησὶ,
1892 4071 1975 4125 δο-

396 4160 547 4227 ξάσει
577 4179 667 4234 με.
714 4181 733 4215 ι
765 4162 878 4218 Καὶ
901 4161 991 4218 διὰ
1015 4162 1223 4217 τούτων
1246 4162 1308 4217 τὸ
1332 4164 1532 4217 οἰκεῖον
1560 4161 1851 4232 πρόσωπον
1869 4160 1982 4214 δεί-

392 4253 515 4323 ξας,
547 4256 804 4327 ἐπήγαγε
828 4272 843 4286 ·
868 4256 981 4310 Καὶ
1011 4258 1128 4310 ἐκεῖ
1150 4255 1268 4320 ὁδὸς
1291 4254 1359 4327 ἢν
1410 4253 1571 4320 δείξω
1595 4253 1746 4325 αὐτῷ
1778 4253 1838 4307 τὸ
1874 4270 1982 4308 σω-

390 4346 585 4418 τήριον
613 4345 710 4400 τοῦ
742 4346 902 4402 Θεοῦ.
930 4346 975 4379 ³⁸
1010 4346 1158 4400 Ἔδει
1180 4345 1289 4416 γὰρ
1304 4348 1370 4418 τῇ
1401 4347 1565 4414 καινῇ
1589 4344 1828 4416 διαθήκῃ
1854 4360 1984 4398 παι-

388 4435 626 4510 δευούοῃ
660 4439 728 4495 τὰ
757 4437 966 4505 τέλεια,
998 4437 1094 4493 καὶ
1130 4439 1231 4511 τῆς
1259 4438 1590 4508 οεογνωσίας
1630 4438 1728 4510 τὴν
1768 4437 1983 4492 τελείαν

390 4530 671 4603 συνῆφθαι
706 4531 751 4564 ³⁸
775 4530 1147 4588 διδασκαλίαν.

708 4650 976 4705 ΕΡΜΗΝ.
1030 4650 1169 4705 ΤΟΥ
1203 4649 1266 4703 N'
1292 4647 1620 4703 ΨΑΔΜΟΥ.

466 4750 544 4811 α’,
568 4743 639 4815 β’.
668 4762 688 4797 ι
722 4744 820 4809 Είς
864 4743 927 4798 τὸ
974 4743 1152 4813 τέλος,
1193 4740 1410 4814 ψαλμὸς
1447 4737 1528 4809 τῷ
1559 4736 1746 4792 Δαϐίδ.
1788 4738 1876 4791 Ἐν
1905 4738 1984 4809 τῷ

486 4922 693 4982 fRom.
725 4939 788 4988 ll,
817 4922 873 4990 4,
913 4923 971 4979 5.

2079 3242 2256 3300 solum
2320 3242 2541 3315 hymnis
2593 3241 2763 3298 Deum
2809 3243 3111 3306 celebrare,
3159 3251 3215 3299 et
3246 3243 3425 3299 laudis
3458 3244 3666 3301 hostias
3704 3260 3709 3267 '

2079 3334 2184 3406 ipsi
2221 3333 2441 3400 oli‘crre,
2478 3349 2666 3389 verum
2699 3335 2863 3390 etiam
2894 3335 3146 3391 ordinate
3180 3335 3435 3392 incedere
3464 3345 3520 3393 et
3548 3352 3670 3406 pro-

2080 3427 2254 3496 priam
2299 3425 2465 3480 vitam
2520 3426 2832 3481 emendare.
2884 3427 3025 3482 Nam
3074 3427 3178 3482 hoc
3224 3437 3384 3497 pacto
3435 3437 3667 3498 potesta

2079 3518 2193 3574 Deo
2241 3518 2394 3575 salus
2450 3518 2758 3589 impetrari.
2799 3520 2870 3575 At
2912 3520 3214 3576 secundum
3264 3519 3620 3592 Septuaginta
3652 3540 3697 3589 ε,

2083 3611 2390 3676 Sacriﬁcio,
2435 3611 2636 3684 inquit,
2671 3612 2847 3669 laudis
2885 3613 3155 3677 oblector,
3201 3625 3256 3669 et
3292 3614 3396 3670 hoc
3426 3615 3667 3671 arbitror

2081 3703 2307 3775 gloriam
2349 3711 2740 3774 congruentem
2767 3719 2784 3758 :
2813 3711 2869 3758 et
2893 3717 2990 3770 per
3016 3704 3120 3759 hoc
3147 3718 3331 3757 meum
3361 3704 3461 3760 iter
3484 3714 3668 3761 osten-

2081 3796 2206 3850 dam
2243 3794 2293 3848 ei
2338 3795 2433 3865 qui
2480 3794 2615 3849 mihi
2646 3794 2780 3851 illud
2809 3794 2988 3862 all‘crt,
3034 3794 3194 3865 cujus
3242 3794 3366 3851 linis
3395 3806 3481 3851 est
3516 3796 3668 3851 salus

2082 3901 2114 3941 a
2167 3885 2295 3941 Deo.
2353 3882 2663 3940 Notandum
2707 3895 2892 3940 autem
2947 3897 3035 3942 est
3086 3887 3190 3941 hoc
3236 3887 3402 3941 etiam
3463 3888 3517 3941 in
3549 3888 3670 3943 lct-o

2083 3977 2315 4034 duarum
2362 3990 2725 4046 personarum
2779 3977 3114 4034 mentionem
3162 3978 3318 4035 fieri:
3386 3999 3405 4031 ι
3450 3980 3670 4035 Sacriﬁ-

2083 4068 2228 4124 cium
2262 4069 2432 4137 enim,
2473 4068 2668 4138 inquit,
2719 4068 3011 4126 honorabit
3049 4086 3155 4126 me.
3199 4090 3218 4122 ι
3250 4070 3315 4126 Et
3345 4087 3469 4127 cum
3501 4073 3555 4126 in
3588 4073 3673 4126 his

2082 4161 2265 4219 verbis
2313 4161 2587 4233 propriam
2620 4176 2912 4233 personam
2956 4163 3309 4229 ostendisset,
3338 4164 3669 4233 subjunxit:

2091 4273 2111 4307 ι
2141 4255 2206 4309 Ει
2231 4254 2341 4310 illic
2370 4254 2473 4310 iter
2494 4270 2604 4325 quo
2625 4256 2911 4311 ostendam
2940 4254 3015 4310 illi
3044 4257 3286 4312 salutare
3320 4257 3465 4312 Dei.»
3495 4256 3669 4327 Opor-

2086 4350 2230 4405 tebat
2248 4349 2397 4405 enim
2428 4365 2552 4404 cum
2582 4364 2727 4405 novo
2757 4357 3108 4417 testamento,
3131 4350 3277 4421 quod
3308 4350 3547 4421 perfecta
3575 4350 3673 4405 do-

2087 4450 2193 4508 cet,
2248 4441 2551 4512 perl‘ectam
2599 4442 2798 4498 divinae
2836 4441 3169 4511 cognitionis
3198 4442 3506 4498 doctrinam
3543 4457 3673 4498 con-

2020 4527 2061 4581 D
2084 4528 2107 4601 j
2114 4545 2334 4591 unctam
2372 4549 2515 4592 esse.

2443 4647 2608 4719 932
2639 4646 2912 4703 INTERP.
2950 4646 3201 4702 PSALMI
3252 4645 3315 4701 ι..

2166 4738 2334 4796 Vens.
2383 4741 2435 4805 1,
2484 4738 2538 4795 2.
2580 4758 2600 4792 ι
2652 4739 2710 4794 ln
2764 4740 2950 4796 linem.
2996 4739 3250 4796 Psalmus
3293 4737 3506 4795 Davidi.
3540 4739 3678 4797 Cum

1516 5034 1755 5093 νΑιιιΑε
1789 5034 2177 5093 LECTIONES
2208 5035 2293 5090 ET
2316 5032 2550 5090 NOTZF.

469 5186 518 5221 "
533 5183 697 5240 cod.2
722 5184 1047 5254 ἐπαγαγεῖν.
1126 5184 1170 5217 ¹⁸
1192 5183 1502 5253 Τιμωρίαν.
1533 5181 1658 5237 cod.
1684 5181 1744 5254 1,Δ
1765 5180 1802 5254 2
1830 5193 1978 5248 przen

2081 5178 2198 5254 ﬂv.__
2237 5179 2287 5254 ξ’
2308 5170 2392 5233 Οὗ
2420 5175 2496 5254 of;
2519 5177 2724 5254 χάριν·Ζ
2750 5178 2875 5254 Des.
2907 5180 2964 5254 in
2986 5180 3116 5254 cod.
3146 5180 3198 5238 l.
3241 5181 3306 5254 _'_°
3324 5180 3676 5254 Πρόσωπον.

387 5255 522 5313 cod.
547 5255 584 5309 2
618 5270 807 5326 prtum.
834 5247 932 5312 τοί
995 5256 1041 5288 ’⁸
1072 5254 1181 5319 Τὰς
1218 5247 1679 5326 ἁξιιαρτίαςίσου.
1718 5247 1884 5326 Abest
1912 5264 1978 5326 ο)

2081 5247 2123 5302 .u
2156 5248 2318 5326 llehr.
2348 5256 2402 5303 et
2438 5248 2628 5326 G_ra:_co
2655 5248 2766 5326 τῷν
2805 5252 2862 5326 ρ’
2897 5251 2974 5326 in
2994 5250 3187 5326 codice
3223 5247 3466 5326 Alcxl_rt
3501 5247 3676 5326 Vatic.

392 5328 595 5384 Exstat
619 5325 807 5380 autem
842 5326 895 5380 in
926 5326 1057 5382 edit.
1090 5326 1213 5380 Ald.
1255 5333 1310 5380 et
1340 5325 1616 5394 Complut.

395 5398 567 5453 llebr.
588 5405 785 5480 Tuan,
810 5398 1040 5480 rapiam.

1717 5320 1768 5392 ’1
1808 5321 2124 5392 'Exelratc.
2146 5320 2315 5375 Abest
2331 5334 2370 5392 Ξ
2395 5319 2521 5392 cod.
2549 5319 2610 5392 1.
2660 5320 2707 5392 ’ἓ
2736 5318 2861 5375 cod.
2888 5322 2924 5377 2
2955 5322 3157 5392 ἐαυτῷ.

1117 5398 1162 5429 ⁸⁵
1188 5398 1294 5449 Οὐ.
1317 5388 1496 5450 Abest
1519 5410 1550 5448 a
1573 5391 1695 5449 cod.
1722 5389 1978 5462 Yatir.rel

2081 5406 2179 5462 ex.
2243 5392 2290 5423 ³⁸
2328 5388 2483 5457 Τοῖς.
2505 5391 2637 5462 cod.
2672 5391 2723 5457 1,
2750 5394 2786 5444 2
2815 5407 3005 5462 praem.
3043 5388 3158 5448 καί.

3283 5323 3330 5353 ³⁵
3381 5318 3677 5387 Ἀρπὰσῃ.

3235 5391 3280 5423 ³⁷
3319 5389 3460 5457 Τήν.
3493 5389 3616 5441 cod.
3644 5387 3680 5440 2

392 5482 591 5540 prtem.
621 5456 741 5521 ’καί.
772 5456 781 5463 ’
818 5456 1087 5523 ’δ’Θυσία
1115 5465 1423 5533 αἰνέσεως.
1458 5464 1623 5521 Hebr.
1659 5456 1797 5546 rqin
1829 5461 1934 5540 [τῷ
1964 5479 1977 5514 ‹

2081 5476 2125 5514 m
2171 5456 2458 5517 lectionem
2493 5456 2787 5534 Symm.ret
2816 5456 2945 5536 Syr.
2993 5463 3164 5520 secuti
3194 5470 3343 5517 sunt.
3390 5456 3466 5492 7"
3503 5457 3679 5512 Ἐκεῖ.

396 5572 573 5632 Hebr.
607 5566 726 5658 Dig,
763 5574 957 5645 posuit.
992 5571 1140 5630 Ilier.
1169 5573 1261 5645 qui
1291 5572 1505 5627 ordinat
1550 5571 1713 5625 viam.
1745 5567 1825 5622 Ad
1858 5567 2002 5622 hanc
2044 5563 2334 5621 lectionem
2363 5566 2575 5623 accedit
2613 5583 2834 5639 quoque
2862 5569 3072 5641 Symm.
3105 5565 3282 5623 versio
3307 5580 3337 5618 a
3374 5563 3571 5618 Nostro
3598 5563 3683 5617 al-

398 5683 604 5766 legata.

399 5741 619 5822 μῖζειν.
683 5741 875 5805 cudi?
908 5751 1066 5822 habet
1103 5741 1311 5822 tantum
1342 5747 1652 5822 ῥυθμίζειν.
1732 5745 1920 5822 “cod.
1949 5744 1984 5795 2
2011 5741 2235 5822 ταύτην.

710 5675 876 5753 ’νίζε
906 5679 1029 5753 00d-
1071 5680 1098 5734 l
1139 5679 1228 5750 ῆν.
1305 5678 1364 5753 ’ί-
1385 5682 1548 5753 Μθῇ
1566 5676 1698 5732 Rcc.
1730 5672 1896 5753 lectio

2093 5674 2520 5753 consentitcum
2541 5681 2692 5729 textu
2730 5672 2892 5753 liebr.
2971 5674 3016 5706 “
3058 5671 3409 5753 esset:th
3433 5668 3676 5753 (διαρθρ-

2336 5744 2383 5776 ³⁵
2417 5743 2614 5810 τέλος.
2657 5746 2779 5802 cod.
2809 5747 2844 5798 ‘2
2872 5759 3058 5814 prtem.
3095 5745 3174 5795 τό.
3283 5742 3326 5774 ³⁵
3366 5740 3481 5796 Τοῦ
3509 5738 3681 5796 Θεοῦ.

405 5814 534 5878 ἰωὰ.
558 5822 606 5889 Ι,
631 5821 667 5877 ‘2
700 5839 822 5892 μου.
856 5823 900 5854 ³⁸
932 5820 1054 5890 Τὴν
1086 5821 1322 5876 τελείαν
1342 5814 1674 5888 συνῆφθαι.
1702 5816 1817 5872 cod.
1847 5814 1880 5867 ’Ξ
1902 5814 2240 5883 συναφθῆναι
2268 5815 2365 5888 τὴν
2394 5814 2627 5868 τελείαν.
