4102 6458
492 322 623 390 1241

1902 340 1979 403 ΙΝ
2032 342 2236 405 PSAL.
2294 346 2359 406 L.

3634 343 3773 412 1242

551 442 618 496 δ’.
660 459 676 493 z
726 441 1047 497 Ἑπιπλεῖον
1077 444 1280 501 πλῦνόν
1309 466 1376 521 με
1400 450 1510 505 ἀπὸ
1531 444 1631 523 τῆς
1663 452 1898 524 ἀνομίας
1937 473 2050 525 μου.

2244 457 2406 514 Vens.
2440 461 2499 517 4.
2528 481 2547 513 ι
2568 460 2819 531 Amplius
2842 458 3004 515 ablue
3032 457 3377 527 iniquitatem
3408 472 3609 525 meam,
3646 471 3698 516 et
3735 478 3767 518 a

479 535 579 588 καὶ
607 533 718 587 ἀπὸ
738 535 839 605 τῆς
874 536 1155 607 ἁμαρτίας
1183 557 1287 611 μου
1331 542 1636 614 καθάρισον
1660 563 1730 614 με
1752 546 1820 603 ⁵⁸.
1858 566 1878 599 ι
1921 549 2064 621 Ἤδη

478 625 590 696 γὰρ
607 625 838 695 ⁵⁸,φησ“ι,
853 627 944 681 διά
965 629 1153 683 Νάθαν
1174 633 1269 685 τοῦ
1294 637 1576 706 προφήτου
1599 637 1700 709 τὴν
1724 638 1919 706 ἀιρεσιν
1945 638 2070 693 ἔδω-

477 734 622 780 καςο
649 719 744 772 καὶ
784 723 1074 792 συμφορὰς
1104 723 1160 776 δέ
1210 742 1301 795 μοι
1352 730 1724 794 παντοδαπὰς,
1763 727 1875 785 οἷόν
1913 750 2068 797 τινας

478 811 765 881 καυτῆρας
787 813 883 865 καὶ
902 815 1098 883 τομὰς,
1127 821 1539 890 προσενήνοχας
1558 836 1575 853 ο
1604 822 1721 876 ἀλλ’
1759 823 1840 876 ἐτι
1869 823 2065 894 δέομαι

478 903 786 973 ῥυμμάτων
820 904 888 967 ⁸⁸,
926 907 1127 977 πολλὴν
1179 912 1280 981 τῆς
1337 913 1619 983 ἁμαρτίας
1682 915 2067 985 εἰσδεξάμενος

473 995 797 1066 δυσοσμίαν.
828 998 939 1051 Καὶ
967 996 1127 1064 αὖθίς
1152 1019 1220 1072 με
1261 1002 1442 1056 τοίνυν
1478 1006 1764 1076 ἀπόνιψον,
1790 1007 2062 1072 Δέσποτα,

475 1085 562 1139 ἵνα
623 1087 801 1141 πάντα
862 1092 962 1160 τῆς
1031 1092 1309 1163 ἁμαρτίας
1379 1097 1656 1169 ἀποξύσῃς
1690 1081 1809 1153 ’τὸν
1868 1099 2061 1172 ῥύπον.

475 1177 543 1253 [⁴²
563 1180 721 1234 Κατὰ
756 1182 867 1253 γὰρ
899 1185 993 1237 τὸν
1014 1187 1304 1260 προφήτην
1330 1189 1593 1243 ἐκπλυνεῖ
1618 1190 1826 1263 Κύριος
1851 1193 1941 1247 τὸν
1971 1193 2065 1264 ῥύ-

472 1289 576 1329 πον
610 1272 726 1327 τῶν
768 1274 901 1328 υἱῶν
935 1278 1031 1329 καὶ
1086 1278 1197 1332 τῶν
1238 1280 1558 1354 θυγατέρων
1596 1283 1738 1339 Σιὼν
1786 1289 2063 1358 πνεύματι

469 1366 710 1437 κρίσεως
734 1369 829 1420 καὶ
853 1369 1130 1440 πνεύματι
1154 1372 1457 1447 καύσεω;.]

539 1465 603 1513 ε’.
642 1478 662 1512 ι
701 1461 826 1515 Ὀτι
863 1464 966 1534 τὴν
999 1465 1235 1536 ἀνομίαν
1283 1483 1388 1537 μου
1429 1466 1541 1537 ἐγὼ
1574 1467 1853 1537 γινώσκω,
1900 1471 2056 1545 καὶὴ

468 1550 716 1622 ἁμαρτία
782 1570 884 1625 μου
932 1553 1167 1609 ἐνώπιόν
1223 1558 1325 1628 μού
1356 1560 1473 1613 ἐστι
1515 1560 1830 1625 διαπαντός.
1868 1582 1886 1615 ι
1924 1564 2059 1618 Οὐδὲ

466 1642 577 1714 γὰρ
608 1642 655 1675 ⁸⁸
684 1643 827 1714 μετά
848 1644 955 1725 ¹τὴν
992 1647 1103 1699 ἀπὸ
1133 1647 1182 1680 ⁵⁵
1214 1647 1308 1704 σοῦ
1361 1650 1666 1724 γενομένην
1710 1653 1931 1721 ἄφεσιν,
1963 1654 2058 1723 λή-

468 1735 573 1808 θην
620 1735 894 1810 ἐδεξάμην
912 1738 1016 1809 τῆς
1032 1740 1332 1813 ἁμαρτίας,
1348 1744 1488 1799 ἀλλά
1510 1746 1776 1816 διηνεκῶς
1807 1748 1852 1779 ⁸³
1878 1748 1991 1818 ὁρῶ
2010 1748 2056 1779 ⁸⁸

2175 562 2399 622 peccato
2429 569 2550 608 meo
2593 555 2798 608 munda
2843 569 2951 606 me.
2983 571 3001 603 ι
3060 550 3180 606 Jam
3224 550 3394 617 enim,
3440 550 3637 619 irquit,
3674 568 3770 621 per

2173 647 2491 714 prophetam
2547 644 2759 699 Nathau
2807 645 3022 699 veniam
3080 643 3210 697 mihi
3244 641 3466 707 dedisti,
3520 642 3686 715 93!;
3715 653 3769 697 et

2173 739 2353 792 omnis
2370 739 2585 808 generis
2610 739 2977 801 calamitates,
3002 737 3153 790 velut
3176 734 3423 805 quaedam
3457 736 3696 788 cauteria
3713 747 3767 790 et

2173 829 2493 896 incisiones,
2524 831 2820 884 adhibuisti
2853 848 2864 882 :
2906 844 3094 883 verum
3127 827 3308 882 adhuc
3340 827 3764 897 purgationibus

2175 920 2414 991 indigeo,
2442 936 2568 975 cum
2607 921 2905 990 plurimum
2934 921 3142 989 peccati
3170 919 3395 974 fetorem
3420 917 3759 972 admiserim.

2173 1010 2385 1066 Rursus
2415 1012 2580 1083 igitur
2608 1011 2727 1066 lava
2762 1027 2871 1076 me,
2903 1027 2935 1065 ο
2964 1010 3212 1075 Domine,
3250 1019 3308 1063 ut
3335 1025 3525 1063 munes
3556 1007 3758 1078 peccati

2171 1102 2359 1158 sordes
2378 1103 2680 1175 abstergas.
2726 1103 2896 1176 [Nam
2928 1102 3085 1173 juxta
3125 1101 3447 1171 prophetam
3488 1118 3507 1150 ι
3546 1101 3760 1154 abster-

2169 1204 2257 1265 get
2284 1194 2551 1251 Dominus
2574 1197 2764 1250 sordes
2795 1195 3031 1249 filiorqu
3059 1194 3409 1262 filiarumque
3435 1192 3621 1248 Sionis
3644 1191 3760 1262 Spi-

2170 1289 2276 1342 ritu
2307 1287 2502 1359 judicii
2538 1296 2592 1343 et
2638 1287 2832 1359 Spiritu
2875 1286 3185 1341 adustionis
3234 1287 3280 1339 ⁸.
3321 1282 3365 1358 ι]

2239 1452 2406 1523 Vens.
2436 1468 2489 1522 5.
2518 1486 2537 1520 ι
2575 1466 2850 1535 Quoniam
2884 1465 3227 1536 iniquitatem
3255 1480 3430 1519 meam
3452 1480 3554 1535 ego
3583 1478 3756 1532 agno-

2168 1576 2283 1627 sco,
2334 1570 2389 1615 et
2436 1568 2726 1630 peccatum
2767 1575 2949 1613 meum
3001 1573 3187 1613 coram
3232 1572 3318 1611 me
3350 1567 3691 1627 estsemper.
3730 1576 3749 1608 ι

2168 1650 2285 1705 Non
2340 1651 2488 1707 enim
2542 1659 2664 1720 post
2699 1651 2913 1705 veniam
2955 1652 3053 1705 ahs
3099 1659 3150 1705 te
3187 1664 3508 1705 Concessam
3542 1648 3754 1718 peccati

2166 1743 2367 1798 oblitus
2396 1759 2519 1798 sum
2549 1761 2562 1796 :
2602 1759 2790 1799 verum
2821 1759 3036 1813 semper
3075 1742 3346 1796 malorum
3384 1758 3632 1795 meorum
3666 1741 3753 1794 iu-

462 1830 573 1885 τῶν
627 1831 780 1901 ἐμῶν
821 1831 1010 1887 κακῶν
1061 1834 1164 1898 τὰς
1211 1836 1464 1898 εἰκόνας,
1505 1839 1601 1890 καὶ
1634 1837 1735 1901 τὰς
1761 1838 2050 1910 τολμηθεί-

2162 1846 2320 1890 tueor
2354 1835 2646 1907 imagines,
2679 1835 2827 1891 etde
2858 1836 3088 1905 patratis
3125 1834 3366 1904 peccatis
3403 1841 3562 1887 not-te
3602 1849 3754 1887 som-

468 1939 572 1986 σας
596 1923 945 1995 παρανομίας
963 1940 977 1956 ⁸
1001 1927 1098 1980 καὶ
1123 1926 1341 1999 νύκτωρ
1357 1927 1694 2000 ὀνειροπολῶ
1720 1931 1784 1995 ⁵⁷,
1811 1932 1909 1985 καὶ
1932 1932 2052 2001 μεθ’

464 2016 686 2088 ἡμέραν
715 2018 1090 2087 φαντάζομαι.
1128 2020 1303 2074 Τοῦτο
1334 2021 1392 2075 δὲ
1426 2022 1471 2056 ⁸⁸
1506 2026 1683 2077 ποιεῖν
1708 2025 1835 2088 τοὺς
1866 2026 2051 2097 ἀμαρσ

461 2107 726 2173 τάνοντας
781 2109 879 2163 καὶ
925 2110 1092 2175 αὐτὸς
1142 2113 1171 2164 ὁ
1217 2112 1351 2176 Θεὸς
1401 2113 1491 2167 διὰ
1534 2114 1758 2168 Ἡσαΐου
1813 2116 2049 2171 κελεύει.

473 2203 619 2272 Ἐγὼ
646 2204 757 2274 γάρ
787 2205 925 2274 είμι,
958 2205 1146 2274 φησὶν,
1172 2207 1198 2257 ό
1220 2196 1522 2274 ἐξαλείφων
1547 2209 1646 2271 τὰς
1670 2210 1902 2279 ἀνομίας
1933 2228 2049 2275 σου,

459 2292 558 2345 καὶ
594 2292 655 2344 ού
706 2291 782 2362 μὴ
825 2292 1052 2362 μνησθῶ
1082 2293 1190 2346 τῶν
1240 2296 1466 2349 ἀδικιῶν
1492 2298 1536 2329 ⁶⁹
1569 2313 1688 2352 σου.
1719 2300 1790 2352 Σὺ
1822 2299 1880 2351 δὲ
1915 2302 2053 2369 μνή-

460 2382 644 2453 σθητι,
673 2384 771 2437 καὶ
796 2384 1083 2455 κριθῶμεν
1105 2401 1118 2414 ·
1154 2386 1281 2455 λέγε
1305 2389 1371 2441 σὺ
1388 2388 1490 2453 τὰς
1511 2391 1744 2461 ἀνομίας
1775 2409 1870 2445 σου
1903 2393 2053 2463 πρῶ-

455 2493 570 2542 τος,
601 2476 689 2532 ἵνα
717 2477 1042 2550 δικαιωθῇς.
1082 2499 1100 2531 ι
1134 2480 1324 2553 Τούτῳ
1369 2484 1465 2536 καὶ
1522 2485 1688 2548 αὐτὸς
1721 2487 1768 2517 ⁷ο
1800 2489 1828 2540 ό
1865 2487 2049 2556 μοικά-

460 2588 575 2642 ριος
602 2571 841 2626 ⁷¹Δαϐὶδ
887 2572 1162 2645 σύμφωνα
1221 2576 1502 2647 γέγραφεν
1544 2579 1601 2631 ἐν
1643 2578 1723 2650 τῷ
1771 2581 2050 2652 τριακοσῷ

460 2662 665 2736 πρώτῳ
685 2663 894 2736 ψαλμῷ
922 2665 999 2698 ⁷⁸·
1039 2662 1209 2722 Εἶπον
1238 2670 1306 2733 ’³,
1351 2669 1733 2742 Ἐξαγορεύσω
1755 2673 1878 2726 κατ’
1908 2673 2046 2743 ἐμοῦ

456 2755 557 2827 τὴν
598 2756 849 2839 *ἀνομίαν
881 2775 984 2829 μου
1019 2757 1099 2830 τῷ
1125 2760 1338 2832 Κυρίῳ,
1372 2762 1465 2816 καί
1519 2780 1583 2816 συ
1624 2764 1847 2833 ἀφεῖλες
1878 2765 1925 2797 ⁷*
1947 2766 2047 2838 τὴν

464 2844 855 2919 ἀσέϐειαν-ῆς
891 2848 1120 2920 καρδίας
1149 2848 1196 2881 ⁷⁸
1228 2866 1356 2921 μους
1401 2871 1418 2902 ι

536 2936 610 3007 ςί.
649 2960 669 2994 ι
695 2929 786 2996 Σοὶ
819 2943 968 3015 μόνῳ
995 2945 1269 3015 ἥμαρτον,
1294 2946 1397 3000 καὶ
1433 2946 1491 2999 τὸ
1540 2947 1780 3019 πονηρὸν
1811 2947 2046 3002 ἐνώπιόν

463 3050 558 3089 σου
589 3035 842 3109 ἐποίησα.
880 3055 900 3089 ι
946 3037 1167 3092 Πολλῶν
1198 3039 1266 3103 ⁷⁸,
1300 3040 1460 3110 φησι.
1491 3042 1585 3094 καὶ
1611 3042 1868 3112 μεγάλων
1895 3044 2047 3114 παρά

460 3126 555 3183 σοῦ
585 3128 632 3162 ⁷⁷
659 3129 882 3203 δωρεῶν
909 3130 1250 3198 ἀπολαύσας,
1285 3135 1398 3197 τοῖς
1429 3134 1697 3198 ἐναντίοις
1717 3136 2045 3207 ἠμειψάμην

2163 1928 2277 1991 nio,
2324 1943 2499 1997 eaque
2548 1928 2785 1982 interdiu
2824 1937 3004 1980 mente
3038 1926 3281 1980 revolvo.
3319 1924 3659 1995 lloc\autem
3695 1932 3755 1977 ut

2161 2018 2366 2073 faciant
2432 2028 2774 2088 peccatores,
2831 2016 2974 2072 Deus
3036 2016 3149 2086 ipse
3181 2033 3273 2085 per
3304 2016 3500 2070 Isaiam
3553 2015 3750 2082 jubet:

2166 2131 2185 2163 ι
2227 2109 2338 2181 Ego
2369 2112 2540 2176 enim,
2569 2113 2666 2175 ait,
2702 2128 2823 2167 sum
2856 2111 2950 2181 qui
2980 2110 3136 2165 deleo
3173 2110 3489 2178 iniquitates
3523 2118 3665 2172 luas,
3698 2117 3751 2161 rt

2161 2214 2516 2276 peccatorum
2560 2218 2782 2259 tuorum
2816 2221 2921 2258 non
2947 2204 3278 2258 recordabor
3312 2220 3325 2255 :
3366 2214 3420 2256 tu
3450 2212 3630 2255 autem
3662 2217 3750 2255 re-

2158 2297 2409 2362 cordare,
2435 2306 2488 2350 et
2510 2296 2827 2367 judicemur
2852 2313 2865 2348 :
2892 2295 3056 2349 dictu
3086 2294 3233 2365 prior
3263 2294 3581 2363 iniquitates
3602 2301 3747 2355 tuas,

2160 2397 2220 2441 ut
2265 2387 2584 2457 justiﬁeeris
2624 2384 2673 2442 ιι.
2717 2406 2735 2439 ι
2787 2387 3163 2442 Consonautia
3211 2387 3297 2441 his
3356 2386 3535 2440 verbis
3582 2385 3744 2438 etiam

2158 2481 2275 2549 ipse
2300 2480 2494 2536 beatus
2520 2482 2534 2501 ‘
2558 2479 2727 2533 David
2770 2479 3065 2549 scripsitin
3099 2480 3502 2549 psalmoxvxt:
3550 2496 3567 2527 ι
3602 2476 3745 2542 Dixi,

2156 2573 2471 2627 Conlitebor
2506 2572 2771 2626 adversus
2803 2586 2889 2625 me
2914 2572 3246 2640 injustitiam
3282 2587 3457 2625 meam
3489 2569 3744 2632 Domino,

2155 2674 2208 2720 et
2243 2673 2298 2720 tu
2329 2663 2602 2720 abstulisti
2636 2663 2968 2734 impietatem
2996 2665 3178 2720 cordis
3210 2664 3315 2719 mei
3352 2664 3395 2718 ί.
3429 2683 3448 2715 ι

2227 2942 2390 3023 Vens.
2429 2939 2485 2995 6.
2522 2959 2541 2993 ι
2572 2938 2692 2995 Tibi
2726 2940 2827 2997 soli
2866 2941 3112 3011 peccavi,
3147 2949 3202 2997 et
3234 2934 3447 2995 malum
3471 2954 3655 2996 coram
3691 2948 3743 2996 te

2156 3036 2279 3092 feci.
2322 3054 2340 3088 ι
2380 3033 2657 3100 Maximis,
2700 3035 2898 3106 inquit,
2947 3044 3065 3091 ate
3111 3035 3431 3090 muneribus
3467 3035 3630 3107 935
3663 3036 3744 3091 af-

2156 3130 2354 3196 fectus,
2407 3131 2572 3186 rebus
2615 3131 2911 3186 contrariis
2941 3130 3087 3185 dona
3119 3131 3499 3201 compensavi,
3528 3146 3588 3185 ea
3623 3147 3745 3201 qum

455 3219 525 3275 τὰ
553 3220 706 3292 δῶρα
724 3239 738 3254 ·
766 3224 835 3277 τά
864 3223 1218 3296 ἀπειρημένα
1246 3224 1325 3296 τῷ
1348 3226 1499 3297 νόμῳ
1521 3227 1718 3298 δρᾶσαι
1741 3227 2044 3299 τολμήσας.

2157 3227 2267 3298 lege
2296 3226 2571 3296 prohibita
2604 3234 2763 3280 erant
2814 3225 3162 3281 committere
3211 3241 3406 3281 ausus.
3440 3225 3558 3280 Non
3593 3226 3739 3280 enim

455 3312 531 3367 Οὐ
560 3312 670 3384 γὰρ
698 3313 861 3367 τοῦτό
895 3331 1085 3385 φησιν,
1117 3315 1200 3369 ὅτι
1231 3316 1335 3370 Τὸν
1384 3318 1593 3389 Οὐρίαν
1641 3318 1741 3375 οὐκ
1768 3318 1815 3350 ⁷⁸
1853 3318 2049 3389 ἠδίκη-

453 3420 561 3460 σαο
589 3405 819 3476 ἠδίκησε
860 3406 959 3478 μὲν
985 3406 1096 3479 γὰρ
1123 3408 1395 3477 κάκεῖνον,
1430 3410 1526 3465 καὶ
1557 3410 1657 3483 τὴν
1688 3411 1899 3465 ἐκείνου
1944 3428 2046 3480 γυ-

451 3502 617 3553 ναῖκα
641 3514 654 3528 ·
682 3501 717 3569 ὴ
746 3498 803 3551 δὲ
828 3492 1064 3571 μεγτστη
1084 3503 1403 3572 παρανομία
1426 3505 1506 3567 εἰς
1535 3503 1699 3557 αὑτὸν
1714 3505 2047 3577 τετόλμηται

450 3591 548 3646 τδν
583 3592 742 3659 Θεδν,
776 3592 872 3649 τὸν
900 3593 1290 3665 ἐκλεξάμενον,
1328 3596 1419 3650 τὸν
1438 3597 1562 3652 ἀντὶ
1591 3598 1917 3669 προϐατέως
1947 3598 2045 3669 βα-

452 3684 608 3739 σιλέα
625 3687 992 3756 πεποιηκότα,
1038 3688 1134 3741 καὶ
1175 3686 1464 3759 κρείττονα
1511 3689 1620 3743 τῶν
1672 3689 1887 3762 ἐχθρῶν
1910 3691 2049 3743 ἀπο-

451 3777 721 3848 φήναντα,
742 3778 836 3831 καὶ
858 3777 1224 3843 παντοδαποῖς
1249 3778 1476 3847 ἀγαθοῖς
1506 3779 1900 3834 ἐπικλύσαντα.
1932 3781 2048 3834 Κα-

449 3870 561 3934 λῶς
585 3869 644 3923 δὲ
674 3869 1037 3941 προστέθεικε
1058 3886 1072 3900 ·
1118 3888 1138 3923 ι
1169 3871 1282 3924 Καὶ
1310 3870 1371 3924 τὺ
1406 3871 1644 3943 πονηρὸν
1684 3871 1917 3925 ἐνώπιόν
1948 3889 2043 3924 σου

454 3963 709 4034 ἐποίησα.
751 3981 771 4016 ι
808 3958 1016 4017 Τούτου
1061 3962 1174 4035 γὰρ
1212 3965 1247 4035 ή
1296 3964 1512 4035 ἱστορία
1568 3963 1868 4035 μέμνηται.
1904 3964 2044 4032 Ὠφ-

458 4054 523 4128 θη
560 4058 606 4091 τ’
636 4056 771 4128 γὰρ,
801 4056 958 4128 φησὶ,
995 4056 1058 4111 τὸ
1095 4056 1321 4127 γεγονὸς
1374 4057 1612 4128 πονηρὸν
1661 4055 1896 4110 ἐνώπιον
1940 4058 2046 4111 Κυ-

454 4149 591 4221 ρίου.
641 4151 738 4203 Ἐκ
771 4148 954 4220 μέντοι
985 4148 1082 4202 τοῦ
1126 4147 1470 4221 δορυαλώτου
1522 4148 1651 4202 λαοῦ
1677 4148 1837 4201 τοῦτο
1884 4148 2045 4218 λεγό-

452 4257 639 4312 μενον,
671 4238 817 4294 οὕτω
864 4240 1119 4311 νοητέονο
1165 4259 1184 4294 ι
1219 4239 1313 4294 Σοὶ
1350 4240 1497 4311 μόνῳ
1529 4241 1801 4312 ἥμαρτον,
1851 4259 1870 4290 ι
1905 4241 2044 4310 Περὶ

446 4332 548 4397 τὰς
579 4334 702 4398 σάς,
729 4332 885 4404 φησὶ,
903 4332 1117 4404 δωρεὰς
1136 4332 1406 4404 ἐγενόμην
1443 4332 1768 4403 ἀχάριστος,
1792 4332 1886 4385 καὶ
1912 4331 2045 4395 τοὺς

453 4423 707 4488 τεθέντας
735 4441 825 4495 μοι
856 4424 1227 4497 παραϐέϐηκα
1262 4424 1460 4495 νόμους
1487 4441 1501 4455 ·
1534 4425 1629 4477 καὶ
1679 4423 2041 4478 παντοδαπῶν

453 4516 673 4587 ἀγαθῶν
694 4517 1034 4585 ἀπολαύσας,
1056 4517 1333 4589 ἀγνώμων
1349 4535 1417 4571 πε
1426 4518 1478 4589 ρὶ
1501 4518 1669 4571 ταῦτα
1691 4517 2003 4588 γεγένημαι
2022 4532 2037 4548 ⁸

448 4610 572 4671 τοὺς
593 4609 652 4664 οὲ
688 4608 1070 4675 Βαϐυλωνίους
1099 4610 1223 4664 οὐδὲ
1256 4609 1545 4681 ἀδικήσας,
1586 4608 1801 4680 μεγάλα
1824 4609 1870 4641 ⁸ο
1902 4610 2037 4680 παρ’

447 4701 675 4757 ἐκείνων
702 4701 993 4775 ⁴ίιδίιιημαι.
1028 4723 1047 4756 ι
1082 4704 1274 4768 Ὅπως
1302 4702 1369 4757 ἂν
1395 4702 1696 4773 δικαιωθῇς
1716 4704 1774 4755 ἐν
1806 4704 1922 4766 τοῖς
1944 4701 2038 4757 λό-

445 4809 566 4864 γοις
595 4809 714 4858 σου,
751 4793 846 4847 καὶ
864 4800 1097 4872 νικήσῃς
1113 4798 1156 4831 ⁸¹
1189 4799 1249 4851 ὲν
1271 4796 1351 4868 τῷ
1376 4793 1658 4868 κρίνεσθαί
1682 4812 1794 4848 σε.»
1828 4796 2033 4869 Ἐμαυ-

2151 3318 2285 3373 dicit
2306 3323 2374 3386 se;
2393 3317 2768 3387 nullajinjuria
2792 3316 2982 3372 Uriam
3006 3315 3301 3371 offendisse
3325 3316 3574 3386 (omnino
3598 3317 3742 3370 enim

2150 3420 2205 3467 et
2238 3410 2417 3477 illum,
2450 3419 2504 3466 et
2526 3411 2646 3479 ejus
2681 3424 2909 3464 uxorem
2944 3407 3291 3479 offenderat),
3323 3406 3418 3463 sed
3444 3407 3742 3461 maximum

2151 3505 2205 3559 in
2242 3505 2422 3575 ipsum
2474 3503 2643 3558 Deum
2690 3505 2899 3559 crimen
2939 3502 3252 3569 admisisse,
3286 3501 3378 3573 qui
3411 3516 3534 3556 eum
3564 3502 3745 3572 elege-

2149 3608 2253 3665 rat,
2296 3597 2387 3667 qui
2432 3612 2530 3666 pro
2582 3606 2802 3666 pastore
2833 3611 3012 3668 regem
3052 3594 3280 3661 fecerat,
3334 3595 3587 3649 hostibus
3617 3611 3743 3649 eum

2150 3691 2490 3760 superiorem
2530 3689 2866 3755 reddiderat,
2893 3698 2946 3743 et
2981 3688 3164 3744 omnis
3196 3688 3415 3758 generis
3461 3687 3621 3742 bouis
3649 3703 3746 3741 au-

2149 3792 2322 3836 xerat.
2374 3780 2639 3837 Praeclare
2691 3788 2873 3835 autem
2914 3781 3216 3849 apposuit:
3259 3798 3277 3829 ι
3319 3779 3382 3831 Ει
3413 3778 3618 3831 malum
3651 3793 3747 3832 co-

2148 3888 2266 3927 ram
2295 3881 2346 3926 te
2386 3872 2512 3926 feci.
2557 3891 2575 3923 ι
2632 3870 2805 3940 llujus
2837 3871 2983 3925 enim
3025 3868 3255 3924 historia
3294 3882 3514 3938 queque
3548 3868 3745 3921 memi-

2148 3964 2249 4019 nit.
2302 3963 2503 4019 Malum
2549 3963 2732 4027 enim,
2795 3963 3000 4018 dicitur
3032 3960 3078 4027 ἱ,
3140 3961 3322 4015 visum
3376 3960 3541 4016 estid
3593 3959 3741 4029 quod

2148 4059 2352 4115 factum
2398 4067 2541 4123 erat,
2588 4073 2778 4113 coram
2824 4057 3077 4113 Domino.
3108 4057 3176 4110 At
3207 4057 3251 4111 si
3282 4072 3347 4110 ex
3383 4070 3614 4125 persona
3650 4071 3743 4109 ca-

2146 4151 2280 4225 ptivi
2334 4152 2522 4223 populi
2569 4153 2687 4207 haec
2739 4150 3022 4216 dicuntur,
3072 4150 3154 4205 sic
3187 4148 3601 4219 ἰιιῐθιιίειιιιιΙιιιιι
3635 4156 3737 4208 est,

2152 4263 2172 4297 ι
2205 4243 2327 4299 Tibi
2358 4244 2463 4300 soli
2497 4242 2716 4314 peccavi
2744 4260 2757 4296 :
2799 4261 2819 4295 ι
2855 4240 2963 4297 Pro
2991 4240 3099 4297 luis
3131 4239 3527 4317 donis,iuquit,
3558 4239 3742 4307 ingra-

2146 4347 2236 4394 tus
2268 4335 2368 4403 fui,
2408 4337 2555 4409 leges
2583 4337 2717 4390 mihi
2753 4336 2958 4407 positas
2990 4344 3375 4404 transgressus
3402 4349 3546 4396 sum,
3583 4346 3742 4386 cum-

2146 4447 2254 4503 que
2273 4431 2461 4485 omnia
2497 4433 2765 4485 bonorum
2796 4445 2991 4501 genera
3026 4436 3359 4483 consecutus
3383 4426 3508 4490 sim,
3539 4425 3737 4479 horum

2147 4523 2437 4578 immemor
2461 4522 2638 4579 factus
2667 4538 2825 4578 sum:
2857 4520 3187 4593 Babylonios
3216 4527 3398 4574 autem
3428 4534 3552 4572 cum
3578 4518 3741 4588 plane

2145 4616 2493 4683 oll'enderim,
2525 4617 2596 4672 ab
2630 4616 2740 4672 illis
2771 4629 3107 4686 niagquere
3138 4613 3386 4668 oﬂ‘ensus
3422 4627 3544 4666 sum
3572 4627 3585 4664 :
3618 4631 3635 4661 ι
3670 4608 3742 4665 Ut

2142 4708 2463 4780 justiflceris
2492 4709 2546 4763 in
2580 4709 2931 4765 sermonibus
2964 4708 3093 4775 tuis,
3128 4716 3182 4761 et
3211 4706 3405 4762 vincas
3429 4722 3554 4760 cum
3588 4704 3740 4774 judi-

2147 4801 2315 4858 caris.
2364 4821 2385 4858 ι
2437 4803 2551 4872 Ego
2600 4802 2738 4874 ipse,
2786 4803 2884 4870 ait,
2939 4816 3192 4858 meorum
3250 4800 3521 4855 malorum
3572 4812 3741 4853 causa

514 4954 543 4994 ⁸
568 4950 675 5009 lsa.
704 4969 778 5023 tv,
811 4955 867 5010 4.
943 4956 1102 5011 hlsa.
1133 4971 1266 5025 XLII,
1288 4956 1381 5025 25,
1412 4954 1503 5011 26.
1587 4957 1605 4998 ί
1641 4957 1789 5014 Psal.
1825 4973 1978 5025 XXXI,
2021 4958 2078 5014 5.
2142 4959 2157 5008 l
2202 4955 2244 5011 ll
2282 4956 2421 5030 Reg.
2454 4973 2517 5026 ιι,
2544 4957 2640 5013 ‘27.

1518 5120 1760 5181 VARUE
1816 5121 2209 5180 LECTIONES
2241 5121 2334 5178 ET
2364 5121 2605 5179 NOTAE.

526 5233 585 5323 ’ξ
600 5236 708 5322 prs.
732 5236 907 5323 Abest
924 5253 952 5291 ιι
981 5238 1175 5323 θοάζί.
1253 5238 1471 5323 "_I'd,q._
1498 5238 1690 5323 co_d;‘5
1721 5255 1909 5323 pnem.
1929 5241 2050 5323 ,μέν

2157 5240 2201 5323 ιζ
2225 5243 2347 5297 cod.
2379 5241 2418 5323 l_
2448 5239 2729 5312 ῥυμάτων.
2758 5237 2949 5323 coda?
3022 5236 3367 5323 καθάρσεως.
3443 5235 3488 5323 ξ¹
3519 5233 3733 5323 εούιλῇ.

442 5305 618 5370 ἀποξύ
627 5324 714 5377 σῃ.

607 5307 1124 5412 ξΞΞ;ςη⁶ἷ..ξ.2ῗῖί¹.;.ἶ’
1151 5311 1333 5412 “lli”:

441 5378 782 5449 Apollinario
819 5380 1158 5449 tribuuntur.
1221 5378 1255 5413 ’⁸

444 5520 498 5591 in
539 5519 662 5575 cod.
694 5521 749 5575 5.
824 5521 899 5591 7'”
932 5519 1261 5591 Μακάριοξ.
1306 5523 1430 5578 cod.
1475 5524 1510 5576 2
1558 5523 1723 5586 θεῖος.

440 5590 490 5623 ’⁸
505 5590 628 5645 cod.
660 5591 684 5644 1
723 5599 774 5645 et
812 5590 848 5644 2
874 5590 1115 5661 ἀφῆκας.
1147 5592 1309 5649 Conl‘.
1336 5609 1389 5661 p.
1419 5593 1544 5659 809.,
1578 5611 1632 5647 n.
1661 5595 1715 5649 5.

441 5734 591 5785 Alias
625 5733 885 5790 lectiones
916 5748 1207 5804 expressas
1254 5735 1493 5789 vidimus
1534 5750 1722 5804 supra,
1757 5752 1809 5802 p.
1842 5733 1969 5788 425.

443 5379 782 5449 Apollinario
819 5380 1158 5436 tribuuntur.
1222 5379 1282 5413 ³⁸
1321 5381 1476 5436 Ἅπό.
1504 5383 1665 5435 codd.
1696 5379 1806 5436 tres
1837 5382 1973 5451 Aug.
2004 5383 2050 5435 0:

443 5450 488 5481 σγ
534 5450 841 5481 νηεοοιηηηη
862 5447 932 5481 τε.
980 5452 1078 5481 ..ΑΛ
1121 5452 1155 5481 ο
1182 5451 1290 5481 1...:3.
1391 5454 1437 5481 ea
1480 5451 1545 5481 ΑΛ
1601 5451 1755 5481 At".-.
1787 5468 1812 5481 ι.
1852 5455 1947 5481 ,ωλι
2006 5454 2037 5481 'z

2160 5384 2264 5481 eo“.
2286 5381 2602 5481 Δέηνειιῶς.
2637 5381 2761 5481 eod.
2799 5381 2832 5433 5
2865 5380 2953 5433 διὰ
2980 5379 3205 5480 παντός.

2274 5458 2290 5481 ι
2351 5452 2512 5481 .-.ηἶη
2561 5468 2641 5481 ηη.
2727 5454 2739 5481 l
2782 5450 3021 5481 sumunt...

555 5451 950 5517 Ονειροπολῶ.
978 5452 1156 5505 c0d.2
1181 5451 1313 5522 ὁρῶ.
1391 5454 1437 5485 ⁸⁸
1471 5451 1563 5505 Δέ.
1592 5451 1761 5508 Abest
1786 5468 1815 5505 a
1850 5455 1971 5507 cod.
2005 5454 2050 5506 5.

555 5519 749 5592 :od.5.
822 5521 899 5592 _"?
932 5522 1261 5591 Μακάριος.
1306 5523 1430 5578 cod.
1475 5524 1510 5576 2
1558 5523 1723 5586 θεῖος.
1801 5524 1848 5555 ⁷²
1892 5524 2050 5578 Ἐν-

2160 5453 2205 5485 ⁶⁰
2254 5452 2532 5507 Ἀδικιῶν.
2560 5453 2684 5506 cod.
2726 5454 2741 5505 l
2779 5453 2891 5521 ἀνοε

2157 5523 2376 5592 βιαλμῷ.
2411 5525 2533 5578 Des.
2583 5523 2635 5576 in
2677 5522 2799 5576 cod.
2838 5523 2891 5576 5.

1810 5594 1854 5625 τε
1889 5591 2151 5630 Ιιήηλίπην
2196 5591 2273 5630 AI,
2305 5594 2581 5630 ἆιοηΑῳ-ἷηιο
2634 5592 2728 5630 Vill
2782 5593 2794 5630 Ι
2871 5607 2901 5630 n
2958 5607 2990 5630 n
3048 5591 3079 5630 ίί

440 5592 490 5623 ⁷⁸
505 5592 628 5645 cod.
660 5592 684 5644 1
723 5599 774 5645 et
812 5592 848 5644 2
874 5592 1115 5661 ἀφῆκας.
1147 5592 1309 5649 Conf.
1336 5609 1389 5661 p.
1419 5593 1544 5659 809.,
1578 5611 1632 5647 n.
1661 5595 1715 5649 5.
1810 5594 1854 5625 "
1883 5594 2050 5660 Καρό.

440 5678 649 5730 mutua.
684 5661 809 5718 Des.
839 5662 892 5715 in
918 5664 1039 5718 cod.
1075 5665 1129 5719 5.
1204 5666 1250 5698 ’⁷
1283 5664 1450 5733 Παρὰ
1478 5664 1617 5721 σοῦ.
1643 5665 1812 5720 Abest
1848 5679 1875 5717 a
1901 5665 2022 5717 cod.

441 5734 591 5785 Alias
625 5733 885 5787 lectiones
916 5748 1207 5787 exnressas
1254 5735 1493 5787 vidimus
1534 5750 1722 5787 supra.
1757 5752 1809 5787 υ.
1842 5733 1969 5787 425.

2157 5635 2161 5647 .
2190 5595 2273 5648 Al.
2305 5594 2603 5665 ἁμαρτίας.
2634 5592 2751 5649 Vitl.
2781 5593 2816 5646 Ι.
2871 5607 2919 5646 c.
2958 5607 3013 5645 n.
3048 5592 3101 5644 6.

2186 5665 2233 5697 ⁷⁸
2266 5667 2411 5719 Οὐκ.
2446 5665 2637 5719 Abest.
2672 5678 2702 5718 a
2731 5664 2853 5719 cod.
2886 5664 2935 5725 1,
2962 5661 3013 5713 2.

2160 5738 2282 5787 cod.
2312 5736 2347 5787 ‘2
2391 5734 2664 5787 μεγάλως.
2767 5734 2808 5766 ⁸¹
2848 5729 2970 5787 cod.
3012 5730 3033 5784 ι
3073 5747 3101 5783 ν

2160 5751 2282 5789 emt.
2312 5751 2347 5787 κ
2390 5751 2664 5803 μεγαλως.

1425 5310 1472 5342 ⁸³
1501 5310 1655 5363 Οὐδὲ
1675 5305 1807 5380 γὰρ,
1835 5328 1889 5365 κ.
1929 5305 1977 5366 λ.
2021 5311 2050 5364 Η

2177 5311 2288 5365 fere
2321 5305 2674 5366 eadem'sunt
2702 5326 2826 5363 cum
2860 5310 2967 5362 illis
2992 5325 3113 5377 quae
3140 5305 3477 5380 apudACord.
3513 5305 3727 5380 p._9?_)5,

3284 5378 3328 5407 ⁶⁶
3358 5376 3477 5429 cod.
3504 5378 3538 5429 ‘2
3564 5374 3727 5442 ὁρῶν.

2160 5453 2205 5485 ⁶⁰
2254 5444 2532 5507 Ἀδάιῶν.
2558 5444 2684 5506 cod.
2726 5454 2741 5505 l
2779 5450 3040 5521 ἀνομιῶν.
3217 5444 3325 5499 Καὶ
3365 5445 3568 5521 αξιτός.
3604 5446 3725 5521 Des.

2969 5521 3016 5553 ⁷³
3044 5517 3203 5574 codd.
3242 5524 3352 5569 tres
3394 5506 3537 5582 Aug.
3574 5506 3726 5569 εῐπα.

2969 5607 2989 5617 -
3048 5591 3079 5617 ιι
3197 5586 3240 5617 τι
3274 5582 3709 5617 ιιηιιῆιυῂαιλί,

3197 5586 3240 5617 ⁷⁵
3267 5585 3715 5650 ΙΙολλών-ὴόιι

3115 5657 3160 5689 ⁷⁸
3184 5658 3375 5724 Ὠφθη
3397 5683 3465 5692 -
3489 5655 3728 5721 Κύριον.

2767 5734 2808 5766 ιι
2848 5724 2970 5789 cod.
3012 5730 3033 5784 ι
3073 5727 3349 5798 νικήσαις.
3382 5724 3549 5781 Hebr.
3590 5735 3732 5785 nam

435 5805 659 5879 resera,
694 5818 816 5874 qua:
859 5820 887 5861 ιι
926 5802 1063 5875 Syro
1104 5807 1311 5862 rectius
1352 5804 1425 5860 ita
1461 5802 1641 5878 expr.,
1664 5816 1711 5860 ct
1747 5806 1974 5862 mundus
2001 5806 2075 5861 sis
2111 5807 2163 5860 in
2188 5802 2404 5877 iudiciis
2433 5807 2558 5861 tuis.
