4102 6440
409 378 547 445 1249

1832 379 1912 437 ΙΝ
1970 379 2176 440 PSAL.
2210 382 2272 440 L.

3570 384 3709 453 1250

480 490 562 545 ιδ’.
610 508 628 541 ι
667 489 895 554 Ἀπόδος
951 508 1041 561 μοι
1086 491 1186 557 τὴν
1230 489 1554 559 ἀγαλλίασιν
1592 489 1687 542 τοῦ
1724 490 1996 561 σωτηρίου

2179 490 2344 545 Vens.
2380 490 2464 543 M.
2505 509 2522 541 ι
2564 488 2751 545 Redde
2776 490 2936 563 94],
2979 489 3110 544 mihi
3160 490 3403 547 hctitiam
3442 493 3707 551 salutaris

407 600 526 647 σου,
553 584 647 636 καὶ
676 584 955 654 Πνεύματι
990 584 1306 655 ἡγεμονικῷ
1324 585 1369 615 ⁶¹
1399 583 1659 655 στήριξόν
1695 600 1782 653 με.
1816 602 1835 635 ι
1875 585 1942 635 ’0
1960 584 2004 614 ⁸³

411 677 486 747 μὴ
542 676 861 742 ἀπώλεσεν,
922 676 1068 748 ἔχειν
1119 677 1528 748 ὴντιϐόλησεδδ,
1578 675 1854 741 τουτέστι,
1908 675 2009 745 τὴν

407 769 568 841 χάριν
596 770 689 823 τοῦ
720 771 1057 841 Πνεύματος.
1092 773 1157 823 Ὅ
1188 770 1242 824 δὲ
1275 770 1674 840 ἀποϐέϐληκεν,
1713 767 2008 821 ἀπολαϐεῖν

411 863 649 916 ἱκετεύει
687 879 702 893 ο
755 863 977 917 toﬁ-:0“
1022 864 1077 916 δὲ
1132 859 1202 934 ἦν
1250 866 1283 934 ἠ
1340 865 1397 915 ἐν
1444 862 1627 932 Θεῷ⁶⁶
1675 859 2004 933 εὐφροσύνη.

412 956 637 1027 Πάσης,
689 957 856 1026 φησι,
910 956 1182 1027 θυμηδίας
1225 956 1542 1027 ἀπήλαυον,
1595 955 1758 1024 ἡνίκα
1809 952 2009 1027 πολλὴν

412 1041 559 1116 εἶχον
586 1047 721 1118 πρὸς
760 1048 839 1111 σε,
872 1045 1142 1110 Δέσποτα,
1181 1045 1495 1118 παρρησίαν
1520 1061 1534 1073 ·
1587 1044 1682 1096 νῦν
1713 1043 1770 1095 δὲ
1803 1043 2008 1113 ταύτης

414 1139 865 1210 γεγυμνωμένος,
904 1141 999 1194 καὶ
1032 1141 1133 1209 τῆς
1170 1139 1438 1208 εὐθυμίας
1476 1138 1796 1208 ἐστέρημαι.
1847 1135 2006 1204 Ἐγύ-

417 1250 602 1305 μνωσε
636 1234 693 1287 δέ
745 1252 814 1303 με
856 1236 956 1305 τῆς
988 1234 1303 1307 παρρησίας
1333 1235 1367 1305 ἡ
1412 1231 1630 1286 δουλεία
1658 1231 1760 1299 τῆς
1789 1230 2007 1300 ἡδονῆς.

414 1325 508 1382 Διό
561 1326 791 1381 ἱκετεύω
836 1327 937 1397 τὴν
984 1326 1262 1399 προτέραν
1312 1325 1614 1397 ἡγεμονίαν
1652 1323 1948 1377 ἀπολαϐεῖν
1965 1323 2011 1355 ⁸⁷

419 1437 521 1491 μου
555 1418 648 1472 τὸν
682 1418 830 1484 νοῦν,
869 1420 963 1473 καὶ
1001 1418 1094 1473 τὸν
1129 1419 1234 1473 ὑπὸ
1277 1418 1387 1471 τῶν
1426 1417 1616 1471 παθῶν
1646 1416 2009 1479 δουλωθέντα,

415 1511 517 1584 τὴν
561 1511 703 1565 κατὰ
734 1511 941 1566 τούτων
973 1508 1131 1575 αὖθις
1169 1510 1466 1565 ἀπολαϐεῖν
1517 1508 1789 1576 ἐξουσίαν.
1843 1507 2013 1562 Πάλιν

418 1605 529 1677 γὰρ
559 1604 796 1659 ἐνταῦθα
833 1604 1071 1674 πνεῦμα
1099 1602 1467 1676 ἡγεμονικὸν
1505 1603 1597 1657 τὸν
1636 1602 2013 1675 αὐτοκράτορα

417 1698 679 1768 λογισμὸν
714 1697 942 1750 ἐκάλεσε
962 1698 1029 1752 ⁸⁸.

492 1788 572 1845 ιε’.
618 1809 637 1842 ι
664 1789 873 1855 Διδάξω
903 1789 1138 1861 ἀνόμους
1167 1789 1268 1853 τὰς
1305 1788 1460 1853 ὁδούς
1499 1805 1614 1854 σου,
1662 1787 1759 1841 καὶ
1792 1786 2012 1850 ἀσεϐεῖς

419 1882 514 1934 ἐπὶ
546 1882 606 1936 σὲ
649 1882 1095 1953 ἐπιστρέφουσιν.
1145 1902 1164 1935 ι
1223 1882 1338 1950 Τῆς
1374 1881 1476 1950 σῆς
1509 1880 1672 1934 πάλιν
1712 1877 2006 1933 ἀπολαύων

418 1973 836 2045 φιλανθρωπίας
863 1972 1171 2044 ἀρχέτυπον
1204 1971 1402 2043 ἔσομαι
1437 1971 1731 2042 μετανοίας
1773 1972 1888 2034 τοῖς
1915 1968 2007 2023 τὸν

415 2065 738 2137 παράνομον
763 2063 877 2134 βίον
906 2063 1312 2135 ἀσπαζομένοις
1331 2080 1345 2095 ο
1392 2063 1589 2133 ἔσομαι
1617 2063 1674 2116 δὲ
1708 2063 1803 2116 καὶ
1828 2062 2008 2134 κήρυξ

412 2156 516 2227 τῆς
550 2155 650 2227 σῆς
698 2155 1055 2228 ἀγαθότητος,
1108 2157 1205 2213 καὶ
1244 2156 1543 2229 προτρέψω
1585 2155 1867 2219 δυσσεϐεῖς
1912 2157 2008 2210 ἀν-

415 2251 692 2323 θρώπους,
740 2251 837 2305 καὶ
864 2248 1237 2322 παρανόμους,
1284 2251 1353 2322 τῇ
1387 2252 1453 2322 σῇ
1485 2248 1861 2322 προσδραμεῖν
1892 2250 2006 2303 ἱκε-

411 2344 557 2416 τείᾳ.

487 2442 585 2502 ις’.
632 2453 653 2489 ι
697 2434 889 2489 Ῥῦσαί
923 2451 991 2507 με
1020 2434 1080 2501 ἐξ
1114 2435 1385 2506 αἱμάτων,
1431 2437 1459 2488 6
1491 2434 1621 2499 6&6;
1636 2436 1681 2467 ⁶⁹
1703 2438 1801 2506 τῆς
1833 2454 2009 2507 σωτη-

415 2528 537 2599 ρίας
572 2544 697 2599 μου.
742 2545 761 2579 ι
817 2525 1066 2597 Συνεχῶς
1094 2528 1152 2580 ὲν
1181 2529 1248 2598 τῇ
1291 2528 1484 2600 μνήμῃ
1526 2528 1879 2599 περιστρέφει
1915 2529 2009 2582 τὸν

411 2618 507 2673 τοῦ
543 2618 746 2689 υύρίου
795 2617 976 2688 φόνον,
1023 2618 1197 2673 Τοῦτο
1213 2619 1259 2651 το
1303 2622 1406 2674 κὰν
1445 2618 1523 2690 τῷ
1557 2620 1828 2691 προοιμίῳ
1856 2620 2008 2693 δεδή-

414 2710 611 2776 λωκεν,
636 2730 652 2763 ι
676 2711 805 2781 ὅτιή
834 2710 1077 2783 ἁμαρτία
1104 2729 1206 2781 μου
1240 2710 1471 2765 ἐνώπιόν
1494 2712 1595 2781 μού
1618 2715 1735 2766 ἐστι
1757 2714 1843 2766 διὰ
1869 2731 2009 2767 παν-

417 2803 532 2866 τός.
561 2821 681 2855 ι-ι
726 2803 1205 2872 Ἀγαλλιὰσεται⁷³
1228 2805 1262 2876 ἡ
1286 2803 1510 2872 γλῶσσά
1540 2821 1643 2874 μου
1674 2804 1771 2875 τὴν
1800 2805 2007 2859 δικαιο-

424 2896 589 2964 σύνην
622 2912 729 2948 σου.
765 2914 784 2947 ι
825 2894 999 2948 Τοῦτο
1014 2896 1058 2927 ⁷³
1086 2897 1114 2949 6
1146 2895 1443 2966 Σύμμαχος
1465 2895 1637 2959 οὕτως
1660 2898 2003 2968 ἡρμήνευσε’

418 2988 783 3055 Διαλαλήσει
818 2989 858 3056 ἡ
897 2987 1155 3058 γλῶσσὰ
1189 3007 1311 3058 μου
1361 2989 1475 3057 τὴν
1518 2989 2006 3058 ἐλεημοσύνηνπ

416 3098 553 3137 σου.
591 3082 665 3135 Οὐ
697 3080 808 3152 γὰρ
841 3081 1051 3153 σιγήσω
1081 3080 1183 3151 τῆς
1214 3080 1466 3149 ἀφέσεως
1508 3080 1847 3148 ἀπολαύσας,
1888 3082 2003 3136 ἀλλ’

2114 584 2186 635 ιιιί
2212 625 2226 649 ,
2277 592 2332 637 ct
2362 581 2566 651 Spiritu
2597 583 2882 653 principali
2910 582 3176 638 conﬁrma
3206 599 3312 638 me.
3351 602 3369 637 ι
3402 583 3561 652 Quod
3595 602 3706 643 non

2111 679 2315 742 amisii,
2361 687 2417 758 ut
2470 678 2701 732 retineat
2752 678 3103 747 supplicavit,
3158 678 3263 733 hoc
3296 688 3415 745 est.
3464 678 3707 750 Spiritus

2110 772 2284 825 sancti
2321 771 2579 841 gratiam.
2613 769 2771 836 Quod
2812 779 2995 825 autem
3044 771 3312 841 proiecit,
3361 776 3614 829 obsecrat
3646 782 3709 830 ut

2110 873 2396 932 rccupcrct
2430 882 2442 917 :
2485 863 2588 916 hoc
2622 877 2751 916 vero
2797 871 2916 917 erat
2944 864 3202 933 gaudium
3250 865 3306 918 'zn
3352 862 3483 919 Deo.
3515 864 3705 931 Omni,

2112 954 2498 1025 inquit,animi
2520 955 2797 1023 voluptate
2813 955 3156 1024 perfruebar,
3172 971 3295 1011 cum
3322 956 3549 1011 multam
3577 958 3630 1011 in
3651 965 3706 1012 te

2114 1048 2367 1103 ﬁduciam
2413 1048 2668 1102 haberem
2702 1065 2716 1101 :
2757 1064 2901 1103 nunc
2930 1060 3115 1102 autem
3151 1050 3253 1106 hac
3283 1050 3556 1120 privatus,
3606 1052 3703 1105 la:-

2113 1142 2229 1197 titia
2265 1142 2428 1195 etiam
2471 1141 2699 1194 orbatus
2731 1156 2879 1207 sum,
2930 1140 3132 1195 ﬁducia
3167 1157 3300 1196 vero
3341 1158 3428 1197 me
3476 1143 3706 1200 nudavit

2113 1235 2354 1291 servitus
2387 1234 2708 1304 voluptatis.
2748 1233 2961 1288 Idcirco
2991 1234 3239 1304 snpplico
3291 1243 3352 1289 ut
3393 1252 3546 1293 mens
3582 1254 3704 1295 mea

2112 1329 2408 1399 pristinum
2461 1327 2834 1399 principatum
2876 1329 3126 1399 recipiat,
3176 1338 3230 1384 et
3262 1345 3385 1401 qua:
3418 1333 3707 1401 perturba-

2112 1420 2358 1474 tionibus
2399 1420 2453 1473 in
2495 1420 2821 1474 servitutem
2868 1420 3091 1474 redacta
3137 1430 3242 1485 est,
3289 1436 3485 1477 russus
3511 1436 3704 1478 contra

2115 1514 2215 1569 has
2248 1523 2575 1584 potestatem
2630 1522 2940 1581 recuperet.
2984 1511 3123 1568 N:.m
3178 1507 3281 1566 hoc
3331 1513 3383 1566 in
3430 1514 3549 1568 loco
3600 1514 3705 1570 ite.

2112 1623 2235 1661 rum
2289 1609 2539 1678 spiritum
2604 1606 2955 1678 principalem
3013 1605 3282 1663 rationem
3341 1606 3702 1677 imperantem

2113 1701 2473 1771 nuncupavit.

2186 1791 2356 1848 Vnus.
2387 1792 2474 1848 15.
2505 1811 2525 1845 ι
2564 1794 2784 1851 Docebo
2812 1794 3031 1866 iniquos
3057 1794 3173 1850 vias
3203 1803 3345 1858 tuas,
3372 1805 3426 1850 et
3453 1794 3604 1866 impii
3635 1795 3704 1851 ad

2116 1898 2168 1943 te
2198 1897 2616 1942 convertentur.
2652 1906 2670 1939 ι
2710 1885 2927 1943 Rursus
2961 1896 3112 1941 tuam
3148 1888 3535 1957 benignitatem
3559 1903 3709 1944 asse-

2115 1986 2300 2044 cutus,
2344 1978 2588 2048 iniquam
2619 1977 2783 2032 vitam
2816 1978 3275 2047 amplectentibus
3298 1979 3577 2049 exemplar
3604 1992 3705 2033 oro

2115 2070 2454 2140 pmnitentiae
2479 2087 2493 2100 ο
2523 2085 2620 2124 ero
2657 2079 2713 2126 et
2742 2069 3007 2124 bonitatis
3043 2080 3150 2125 tua:
3188 2085 3387 2139 praeco,
3420 2083 3473 2126 et
3500 2070 3705 2141 impios

2115 2173 2278 2234 atque
2311 2163 2533 2234 iniquos
2569 2163 2822 2218 homines
2860 2162 3354 2218 commonefaciam
3395 2172 3457 2218 ut
3495 2163 3706 2235 suppli-

2115 2272 2209 2313 ces
2235 2257 2302 2312 ad
2342 2265 2392 2312 te
2424 2255 2769 2326 confugiant.

2190 2430 2354 2488 Vnus.
2391 2429 2478 2488 l6.
2514 2448 2534 2483 ι
2580 2430 2775 2486 Libera
2813 2447 2901 2487 me
2930 2447 2960 2487 a
3006 2432 3392 2503 sanguinibus.
3436 2447 3471 2489 o
3516 2432 3701 2501 Deus,

2119 2522 2261 2578 Deus
2291 2522 2484 2578 salutis
2514 2538 2670 2577 mete.
2714 2541 2732 2573 ι
2764 2522 3036 2578 Continuo
3078 2522 3226 2578 Uria:
3270 2523 3470 2579 eaedem
3505 2524 3562 2580 in
3589 2540 3707 2581 me-

2115 2614 2347 2668 moriam
2381 2617 2398 2636 ‘
2427 2621 2666 2668 revocat.
2700 2611 2815 2668 lloc
2840 2614 3002 2667 etiam
3036 2614 3090 2667 in
3127 2615 3355 2669 exordio
3380 2616 3703 2682 declaravit,

2114 2706 2304 2761 dicens
2332 2724 2345 2760 :
2382 2723 2400 2756 ι
2446 2705 2718 2773 Quoniam
2750 2714 3035 2774 peccatum
3066 2721 3247 2760 meum
3284 2715 3479 2762 contra
3508 2723 3594 2763 me
3619 2715 3706 2765 est

2114 2814 2494 2869 scmpera—x
2520 2797 2831 2852 Exsultabit
2858 2797 3037 2868 lingua
3074 2814 3192 2853 mea
3214 2798 3282 2854 de
3309 2800 3522 2870 justitia
3551 2808 3697 2857 tua.»

2114 2892 2238 2954 Hoc,
2275 2891 2643 2964 Symmachus
2689 2892 2771 2946 sic
2822 2893 3215 2961 interpretatus
3260 2903 3392 2948 est:
3430 2892 3704 2964 Loquetur

2113 2984 2300 3055 lingua
2350 3000 2465 3038 mea
2496 2982 2922 3037 misericordiam
2958 2995 3127 3038 luant.
3169 2982 3288 3039 Non
3319 2985 3465 3040 enim
3504 2985 3700 3054 silebo,

2114 3078 2332 3132 veniam
2370 3086 2729 3143 consecutus,
2760 3076 2853 3131 sed
2880 3076 3104 3132 assidue
3131 3084 3181 3132 te
3209 3077 3465 3144 laudabo,
3495 3087 3703 3150 tuaque

417 3170 601 3243 ὑμνῶν
651 3188 713 3225 σε
754 3170 1071 3238 διατελέσω,
1114 3171 1211 3226 καὶ
1239 3171 1335 3236 τάς
1365 3172 1462 3236 σὰς
1504 3170 1863 3243 διηγούμενος
1910 3175 2007 3245 χά-

2116 3169 2381 3225 beneﬁcia
2415 3168 2675 3223 narrabo.

416 3281 592 3335 ριτας.

489 3357 574 3421 ιζ’.
639 3374 657 3407 ι
706 3354 853 3409 Td“
882 3355 1040 3426 χείλη
1064 3416 1067 3421 Α
1092 3372 1194 3424 μου
1248 3355 1480 3421 ἀνοίξεις
1498 3357 1564 3421 ⁷⁵,
1603 3355 1798 3428 Κύριε,
1828 3354 1921 3409 καὶ
1949 3354 2011 3409 τὸ

413 3448 593 3518 στόμα
641 3466 743 3518 μου
782 3447 1079 3517 ἀναγγελεῖ
1096 3448 1143 3478 ⁷⁸
1176 3447 1275 3518 τὴν
1315 3447 1520 3501 αἴνεσίν
1564 3467 1679 3502 σου.
1726 3467 1745 3500 ι
1806 3450 1871 3503 Ἠ
1900 3450 2010 3522 γὰρ

414 3540 661 3613 ἁμαρτία
692 3541 906 3609 πέφυκε
952 3541 1055 3611 τὴν
1093 3540 1346 3609 γλῶσσαν
1396 3541 1637 3611 δεσμεῖν,
1674 3544 2010 3613 ἐμφράττειν

410 3631 476 3686 τὸ
522 3632 698 3700 στόμα
719 3631 789 3696 ⁷⁷,
834 3627 1109 3701 ἄγχειντθ,
1163 3630 1376 3700 σιωπᾷν
1419 3629 1778 3697 ἀναγκάζειν.
1836 3632 2012 3684 Ἀντι-

412 3723 563 3777 6ολεῖ
589 3723 771 3777 τοίνυν
802 3725 830 3777 6
861 3724 1172 3795 προφήτης,
1203 3722 1296 3776 διὰ
1323 3724 1422 3793 τῆς
1451 3725 1701 3793 ἀφέσεως
1734 3726 1835 3797 τῆς
1870 3743 2007 3798 προ-

411 3813 582 3884 τέρας
632 3813 949 3885 παρρησίας
995 3812 1342 3884 μεταλαχείν,
1389 3813 1488 3867 καὶ
1520 3812 1620 3884 τὴν
1646 3812 1900 3882 γλῶτταν
1927 3815 2010 3878 είς

413 3905 691 3977 ὑμνῳδίαν
720 3907 963 3976 κινῆσαι.

488 4004 577 4070 ιη’.
620 4018 639 4050 ι
668 3998 793 4050 ’Ότι
818 3999 864 4050 εί
894 3997 1164 4068 ἠθέλησας
1194 3982 1406 4058 θυσίαν,
1442 3997 1621 4051 ἔδωκα
1650 3997 1715 4051 ἄν
1734 4015 1749 4028 ’
1784 3997 2011 4053 ὁλοκαυ-

411 4086 644 4157 τώματα
674 4088 1142 4159 οὐκ-εὐδοκήσεις.
1178 4106 1196 4140 ι
1248 4088 1532 4158 Συνᾴδειτθ
1568 4088 1663 4142 καὶ
1690 4089 1862 4144 ταῦτα
1893 4093 2011 4152 τοῖς

413 4181 473 4235 ὲν
502 4179 579 4252 τῷ
607 4180 1036 4251 προτεταγμένῳ
1063 4181 1184 4251 είρη
1196 4181 1376 4249 μένοις
1398 4179 1622 4251 ψαλμῷ.
1663 4183 2009 4253 Ἀκηκόαμεν

412 4270 526 4344 γὰρ
561 4273 676 4324 ἐκεῖ
706 4269 803 4324 τοῦ
835 4270 972 4324 Θεοῦ
1002 4271 1114 4323 τῶν
1142 4272 1278 4325 ὅλων
1305 4271 1555 4341 λέγοντος
1577 4290 1591 4304 ·
1632 4293 1650 4325 ι
1682 4276 1756 4328 Οὐ
1784 4275 2007 4346 δέξομαι

413 4365 482 4417 ἐκ
504 4361 599 4416 τοῦ
625 4363 777 4417 οἴκου
810 4380 904 4416 σου
942 4363 1197 4435 μόσχους,
1235 4364 1358 4417 οὐδὲ
1388 4365 1453 4418 ἐκ
1481 4365 1589 4421 τῶν
1619 4368 1890 4438 ποιμνίων
1913 4386 2007 4422 σου

412 4455 653 4527 τράγους
674 4455 742 4508 ⁸⁸⁵.
773 4473 793 4507 ι
835 4454 1129 4527 Τοιγάρτοι
1155 4454 1314 4510 τοῦτο
1347 4457 1497 4526 παρὰ
1533 4458 1632 4529 τῆς
1661 4458 1815 4524 Θείας
1842 4460 2008 4514 ἀκού-

2185 3350 2354 3408 Vens.
2386 3353 2474 3405 17.
2514 3370 2532 3402 ι
2559 3351 2806 3417 Domine,
2836 3350 3001 3424 942
3042 3352 3185 3407 labia
3223 3368 3343 3407 mea
3374 3336 3611 3423 aperics,
3647 3363 3704 3409 et

2112 3460 2176 3499 os
2211 3459 2395 3499 meum
2448 3443 2803 3497 annuutiabit
2847 3443 3066 3497 laudem
3106 3451 3281 3499 tuam.
3331 3462 3350 3496 ι
3407 3445 3701 3501 Peccatum

2113 3538 2260 3591 enim
2310 3535 2557 3604 linguam
2610 3535 2783 3605 ligare
2832 3536 3001 3601 solet,
3043 3545 3097 3591 et
3129 3552 3191 3592 os
3222 3536 3489 3607 oppilare,
3524 3545 3705 3592 stran-

2113 3628 2321 3698 gulare,
2377 3635 2430 3681 et
2470 3641 2669 3697 COgere
2717 3636 2777 3704 ιιι
2826 3628 3185 3684 conticescat.
3233 3627 3502 3684 Obsecrat
3536 3631 3704 3700 igitur

2114 3718 2379 3789 propheta
2435 3725 2497 3770 ιιι
2543 3732 2644 3786 per
2690 3718 3077 3773 remissionem
3126 3718 3414 3787 pristinam
3444 3720 3702 3775 ﬁduciam

2112 3817 2507 3879 consequatur,
2536 3818 2706 3878 utque
2747 3808 2989 3880 linguam
3033 3810 3090 3866 in
3116 3810 3307 3867 laudes
3353 3820 3593 3868 moveat.

2184 4002 2352 4057 Vens.
2392 4002 2479 4057 18.
2529 4021 2548 4054 ι
2600 4002 2874 4069 Quoniam
2921 4001 2966 4057 si
3009 4002 3285 4059 voluisses
3332 4001 3697 4069 sacriﬁcium,

2110 4099 2385 4153 dedissem
2438 4097 2674 4166 utique:
2709 4096 3049 4151 holocaustis
3090 4112 3199 4149 non
3245 4095 3632 4151 delectabcris.
3674 4112 3694 4146 ι

2110 4187 2459 4243 Conveniunt
2498 4187 2665 4241 etiam
2719 4186 2835 4241 haec
2895 4201 3021 4240 cum
3064 4186 3173 4240 illis
3221 4202 3344 4256 quae
3401 4186 3455 4240 in
3494 4194 3700 4256 praece-

2110 4282 2260 4338 denti
2285 4282 2498 4353 psalmo
2518 4280 2662 4335 dicta
2688 4274 2864 4335 'l'uerc.
2896 4278 2974 4335 lbi
3007 4281 3158 4335 enim
3186 4280 3500 4336 audivimus
3527 4280 3699 4336 Deum

2110 4376 2355 4431 omnium
2392 4374 2665 4430 dicentem
2698 4390 2713 4427 :
2753 4392 2773 4425 ι
2811 4372 2931 4429 Non
2965 4374 3235 4445 accipiam
3280 4372 3350 4429 de
3395 4373 3560 4429 domo
3605 4383 3723 4428 tua-

2112 4468 2342 4532 vitulos,
2389 4481 2569 4538 neque
2613 4468 2682 4521 de
2727 4466 2982 4539 gregibus
3027 4467 3136 4523 tuis
3183 4467 3369 4523 hircos
3392 4477 3440 4522 ιι.
3483 4486 3502 4513 ι
3557 4466 3691 4524 Cum

417 4562 519 4609 σας
550 4547 736 4618 φωνῆς
766 4548 794 4600 6
821 4546 1156 4610 θειότατος⁸¹
1184 4547 1369 4613 Δαϐὶδ,
1397 4550 1626 4611 εἰκότως
1656 4550 1761 4622 ἔφη
1782 4569 1795 4582 ·
1838 4570 1857 4604 ι
1883 4552 2007 4608 ’Ότι

2114 4560 2280 4629 igitur
2315 4557 2419 4613 hoc
2453 4556 2676 4612 divinus
2711 4554 2881 4611 David
2923 4570 2956 4611 a
2992 4557 3178 4611 divina
3209 4571 3342 4611 voce
3373 4555 3696 4619 audivisset,

414 4637 467 4691 εί
511 4637 783 4709 ἠθέλησας
818 4637 1031 4705 Θυσίαν,
1079 4637 1254 4692 ἔδωκα
1280 4639 1382 4695 ἄν·
1431 4640 1859 4712 ὁλοκαυτώματα
1902 4646 2004 4700 οὐκ

417 4729 754 4802 εὐδοκήσεις.
788 4750 807 4784 ι
863 4732 936 4785 Σὺ
966 4731 1097 4803 γάρ,
1131 4732 1321 4804 φησὶν,
1354 4733 1587 4805 εἴρηκας
1632 4737 1707 4806 μὴ
1740 4735 2012 4810 θυμήρεις

418 4817 560 4876 εῐναί
592 4840 674 4877 σοι
702 4822 800 4887 τὰς
844 4823 954 4879 τῶν
997 4824 1214 4893 ἀλόγων
1257 4825 1451 4897 θυσίας
1471 4842 1485 4858 ⁸
1536 4821 1599 4883 οὗ
1625 4827 1689 4899 δὴ
1717 4829 1879 4900 χάριν
1910 4831 2012 4903 τὴν

417 4913 761 4986 ἀρέσκουσάν
794 4932 879 4969 σοι
914 4916 1228 4989 ἱερουργίαν
1259 4917 1556 4990 προσοίσω.

486 5118 519 5163 ιι
556 5108 700 5168 Psal.
732 5126 884 5177 χιιι,
923 5109 1008 5166 10.

2112 4652 2313 4706 merito
2338 4647 2519 4702 dixit:
2559 4664 2578 4698 ι
2612 4645 2885 4712 Quoniam
2930 4646 2977 4702 si
3023 4648 3291 4703 voluisses
3334 4647 3693 4713 sacriﬁcium,

2113 4744 2388 4801 dedissem
2433 4740 2642 4810 utique,
2695 4738 3039 4795 holocaustis
3090 4756 3201 4795 non
3248 4741 3631 4797 delectaberis.
3669 4759 3691 4794 ι

2113 4832 2193 4888 Tu
2229 4832 2400 4897 enim,
2438 4830 2642 4900 inquit,
2684 4829 2874 4885 dixisti
2913 4830 3207 4886 brutorum
3248 4832 3570 4888 animalium
3604 4846 3700 4887 sa-

2111 4921 2317 4980 criﬁcia
2367 4935 2479 4976 non
2524 4921 2743 4989 placere
2778 4919 2876 4976 tibi
2913 4937 2928 4975 :
2968 4920 3177 4980 idcirco
3216 4923 3555 4980 sacriﬁcium
3602 4922 3700 4979 tibi

2108 5024 2330 5087 gratum
2371 5010 2621 5066 alferam.

1524 5223 1764 5280 VARIE
1804 5222 2192 5282 LECTIONES
2266 5223 2351 5281 ET
2378 5225 2619 5285 NOTAE.

490 5405 864 5486 ξξ-Πζεὺματι
887 5403 1250 5486 ᾑπειεοξικῷ.
1284 5402 1636 5486 [ζειιιδκττξντζ
1674 5412 1817 5486 ntro
1877 5404 1924 5438 ⁸³
1952 5406 2008 5486 Ὅ

2112 5406 2180 5486 t_d.
2301 5406 2358 5462 ἆ.
2434 5407 2481 5486 εξ
2510 5407 3011 5486 θοὰ.-5-ἡντιϐόλει.
3088 5416 3134 5449 ⁸⁸
3162 5415 3366 5473 Τοῦτο.
3397 5418 3516 5473 cod.
3546 5418 3582 5473 2
3608 5418 3691 5478 τό.

414 5479 463 5511 ⁸⁸
498 5477 601 5560 Ἐξ·
625 5474 768 5541 Θεῷ.
795 5477 922 5560 cod.
942 5474 1234 5560 ἔνθεος..
1297 5475 1489 5560 "'cod.
1511 5474 1564 5560 .2
1585 5474 1924 5560 ρπρλαύειγ.
2003 5482 2008 5507 ¹

2112 5477 2391 5560 Ξκέλςσε.
2449 5479 2670 5560 In_co_d.
2688 5474 2754 5560 1,
2783 5482 3089 5560 2_p0ttitur
3127 5497 3253 5560 ante
3278 5487 3371 5560 τὸν
3414 5474 3692 5560 αὐτοκράλ

408 5563 549 5629 ’ξορα
582 5547 880 5629 λογισμρνῶ
927 5548 986 5629 ξ’
1031 5547 1286 5629 ’0.ρεός.
1335 5545 1393 5601 In
1419 5546 1547 5629 cod.
1578 5546 1714 5629 1,-2,
1726 5547 2008 5629 [θραύων.

2112 5548 2148 5581 '°
2173 5547 2388 5629 Τοῦτο..
2432 5551 2554 5629 cod.
2603 5552 2721 5629 l,_2
2740 5545 3114 5629 addt'tptxdtp.
3189 5559 3233 5629 'f‘
3268 5558 3392 5629 cod.
3440 5561 3464 5612 1
3498 5545 3693 5629 -ἀγαλ-

410 5615 708 5694 λιάσοιτόκ
743 5615 800 5694 Ἲξ
838 5615 1046 5694 Τοῦτο.
1078 5617 1249 5694 Abest
1277 5633 1307 5672 a
1332 5617 1454 5672 cod.
1484 5618 1565 5694 5._
1616 5617 2008 5694 ':_‘E.tenuoo':

2112 5636 2180 5694 ιν.
2206 5620 2326 5675 cod.
2356 5622 2402 5694 _1_
2436 5621 2808 5694 δικαιοσύνην.
2887 5624 2934 5659 ⁷⁸

411 5689 531 5761 bus
570 5686 733 5744 codd.
766 5690 927 5761 Aug._
964 5688 1149 5761 ita__ut
1179 5687 1233 5741 in
1288 5698 1436 5761 te_x_tu
1495 5686 1606 5740 τῶν
1634 5686 1692 5740 0'
1721 5703 1848 5761 pou.
1882 5686 2008 5761 post

2112 5690 2269 5761 ζύριε.
2355 5691 2403 5761 7⁵
2432 5692 2555 5746 cod.
2606 5693 2631 5747 1
2666 5686 2927 5760 ἀνοίξαις.

3013 5626 3069 5679 ὰ’
3087 5656 3149 5667 --
3174 5626 3460 5695 dra/Este.
3495 5626 3554 5683 In
3570 5626 3694 5685 ἰνι-

3005 5696 3050 5728 ⁷⁶
3087 5696 3210 5769 cod.
3261 5698 3292 5769 j
3339 5698 3687 5769 ἀναγγείλαι.

414 5757 460 5789 ⁷⁷
486 5759 707 5827 Στιῖμα.
743 5756 869 5832 cod.
898 5758 932 5812 5
953 5757 1103 5811 addit
1129 5774 1253 5828 μου.
1333 5758 1380 5790 ⁷⁸
1407 5760 1644 5832 "Ayz;th
1773 5756 2008 5832 ἀναγκά

2112 5756 2319 5832 αχῡρε.
2350 5760 2406 5832 in
2438 5764 2559 5817 οοιΙ.
2593 5764 2648 5819 3.
2689 5764 2736 5795 τ’
2781 5756 3062 5832 Συνιᾴδει.
3094 5783 3150 5823 κ.
3177 5767 3227 5826 λ.
3260 5766 3320 5825 tn
3343 5756 3472 5827 cod:
3496 5756 3541 5828 ’δ
3570 5774 3686 5830 des.

410 5825 712 5885 comment.
747 5828 815 5885 ad
854 5829 1001 5884 hunc
1027 5836 1081 5885 et
1110 5825 1225 5898 seq.
1272 5842 1419 5885 vers.
1481 5825 1564 5861 ’⁸⁸
1599 5825 2008 5899 Τράγους.ἐοι1

2112 5872 2128 5901 ,
2162 5829 2198 5885 2
2226 5830 2557 5904 χιμάρῤους.
2632 5834 2675 5867 ⁸⁸
2703 5835 2827 5891 cod.
2866 5825 3087 5903 εθείος.
