4102 6446
452 351 589 421 1251

1468 344 1963 410 ‘I'BEODORETI
1991 343 2340 405 EPISCOPI
2369 344 2743 406 CY-RENSIS

3604 344 3743 410 1252

524 467 694 524 Vens.
724 464 813 522 19.
861 483 882 519 ι
922 463 1268 521 Sacriﬁcium
1312 460 1423 517 Deo
1464 461 1750 533 (gratum)
1809 457 2041 532 spiritus

2220 457 2306 511 t‘J'.
2344 456 2519 511 Θυσία
2551 457 2631 529 τῷ
2654 457 2774 529 Θεῷ
2811 456 3033 529 πνεῦμα
3070 461 3567 535 συντετριμμένον·
3605 479 3744 534 καρ-

449 560 730 617 contritus
759 575 774 613 :
810 572 907 614 cor
948 556 1247 614 contritum
1278 564 1335 611 et
1365 554 1721 610 humiliatum
1756 551 1901 608 Deus
1933 569 2042 607 non

2165 553 2267 607 iiav
2302 552 2777 623 συντετριμμένην
2798 554 2894 606 καὶ
2921 553 3403 625 τεταπεινωμένην
3432 556 3462 609 ὁ
3488 554 3622 620 Θεὸς
3640 554 3743 611 οὐκ

452 653 741 726 despiciet.
779 670 799 705 ι
852 649 1228 716 Sacriﬁcium,
1282 648 1482 719 inquit,
1534 657 1747 719 gratum
1793 658 1846 702 et
1886 662 2046 701 acce-

451 760 604 819 ptum
635 745 734 800 tibi
787 744 896 800 Deo
947 755 1160 806 nostro,
1215 742 1420 797 mentis
1455 740 1724 795 modestia
1756 746 1861 794 est.
1911 737 2049 792 Pro-

453 851 638 912 pterea
682 856 781 897 cor
828 855 1013 897 meum
1055 853 1390 921 magnopere
1420 836 1752 907 deprimens.
1790 843 1846 890 et
1878 834 2048 889 veluti

452 944 764 998 conterens,
786 940 841 988 et
870 933 1051 1003 ipsum
1082 932 1238 987 valde
1276 939 1587 991 attenuans.
1627 938 1913 999 acceptum
1956 943 2050 984 sa-

454 1026 723 1082 criﬁcium
762 1026 862 1082 tibi
907 1027 1161 1083 oﬁ'eram.
1209 1022 1308 1080 llis
1355 1024 1523 1080 etiam
1573 1023 1756 1078 verbis
1797 1024 1938 1077 beati
1971 1021 2049 1080 illi

452 1119 609 1191 pueri
636 1121 692 1175 in
723 1119 950 1176 camino
972 1118 1056 1176 usi
1088 1126 1221 1175 sunt
1247 1135 1261 1172 :
1301 1135 1321 1171 ι
1360 1117 1539 1174 Corde
1565 1118 1738 1179 enim,
1770 1117 2048 1185 dixerunt,

453 1212 724 1277 contrito,
753 1221 806 1269 et
828 1212 1025 1282 spiritu
1059 1209 1388 1265 humilitatis
1408 1250 1424 1275 ,
1467 1210 1839 1280 suscipiamur
1865 1223 2050 1264 coram

456 1315 532 1371 te,
560 1315 622 1362 ut
655 1306 997 1362 holocaustis
1026 1302 1190 1379 9&3
1231 1304 1490 1371 arietum,
1521 1313 1576 1359 et
1606 1304 1892 1375 pinguium
1928 1313 2052 1358 tau-

457 1409 705 1455 rorum'.
734 1422 749 1447 ι
779 1399 851 1456 Ut
896 1399 1022 1455 inde
1069 1397 1427 1455 manifestum
1476 1398 1550 1457 sit
1595 1397 1742 1453 hunc
1775 1397 2050 1469 psalmum

460 1491 874 1562 praedictionem
906 1491 1072 1547 etiam
1113 1505 1308 1549 eorum
1367 1489 1658 1547 continere
1700 1504 1823 1558 qua;
1873 1487 2052 1560 Baby-

458 1586 588 1640 lone
618 1585 960 1652 acciderunt,
989 1593 1043 1639 et
1067 1584 1379 1640 doctrinam
1411 1584 1523 1640 illis
1555 1582 2053 1639 accommodatam.

463 1677 605 1732 llinc
625 1676 771 1732 enim
795 1678 960 1733 etiam
982 1678 1236 1749 generosi
1259 1677 1336 1731 illi
1363 1677 1540 1747 pueri,
1566 1690 1692 1731 cum
1715 1691 1828 1733 sae:
1844 1674 2052 1729 ilicium

466 1770 578 1827 Deo
596 1779 811 1842 gratum
831 1771 1173 1839 didicissent,
1198 1770 1567 1827 humilitatem
1591 1770 1791 1829 mentis
1840 1768 2054 1827 cordis-

463 1879 575 1934 quc
607 1865 995 1921 contritionem
1030 1864 1263 1920 Domino
1298 1863 1637 1921 obtulerunt.

538 2037 703 2094 Vens.
731 2040 934 2104 20,21.
967 2060 985 2091 ι
1013 2040 1264 2107 Benefac,
1287 2040 1542 2108 Domine,
1562 2058 1662 2111 pro
1684 2041 1824 2097 bona
1858 2039 2054 2094 volun-

469 2141 582 2186 tate
638 2142 728 2185 tua
766 2132 923 2200 Sion,
978 2144 1038 2189 ut
1072 2134 1417 2190 aediﬁcentur
1452 2136 1596 2191 muri
1637 2135 2054 2204 llierosolymze.

470 2223 675 2277 ’Τιιιιο
739 2234 1022 2294 acceptum
1087 2226 1318 2282 habebis
1404 2226 1741 2282 sacriﬁcium
1792 2226 2056 2297 justitizﬂ,

467 2314 799 2377 oblationes,
858 2326 917 2371 et
970 2317 1293 2373 holocausta
1334 2326 1513 2372 :tunc
1556 2317 1842 2387 imponent
1894 2332 2061 2385 super

464 2408 640 2465 altare
697 2416 855 2464 tuum
900 2410 1124 2466 vitulos.
1185 2430 1205 2464 ι
1241 2409 1589 2467 Manifestius
1626 2426 1694 2465 ex
1746 2410 1833 2467 his
1876 2409 2060 2463 verbis

465 2501 767 2561 didicimus
814 2504 1089 2573 psalmum
1126 2504 1430 2575 prapbetiae
1472 2505 1692 2575 plenum
1724 2520 1869 2559 esse.
1921 2502 2058 2557 Nam

468 2595 538 2649 iis
570 2595 666 2665 qui
700 2594 977 2667 Babylone
1010 2596 1260 2654 habitare
1294 2597 1474 2657 coacti
1535 2606 1714 2663 erant,
1751 2606 1808 2653 et
1858 2597 2061 2653 libera-

448 2690 680 2745 .tionem
720 2704 753 2745 a
787 2689 1055 2745 servitute
1092 2689 1508 2760 exspectabant,
1555 2698 1609 2746 et
1663 2690 1902 2745 civitatis
1948 2704 2062 2745 suae

466 2786 828 2843 solitudinem
878 2787 1265 2858 deplorabant,
1318 2786 1438 2843 haec
1489 2787 1655 2843 verba
1694 2797 2059 2858 congruunt:

466 2880 785 2952 supplicant
823 2882 971 2937 enim
1007 2891 1067 2936 ut
1091 2880 1291 2936 civitas
1320 2880 1507 2950 aliqua
1546 2880 1925 2935 misericordia
1972 2880 2062 2935 di-

468 2992 577 3046 gna
625 2977 918 3042 habeatur,
954 2976 1358 3046 pristinamque
1405 2975 1744 3040 felicitatem,
1787 2975 2065 3031 moenibus

478 3068 778 3139 reparatis,
805 3067 1071 3138 cultuque
1101 3082 1167 3123 ex
1215 3067 1332 3138 lege
1363 3067 1622 3123 restituto
1665 3074 2062 3136 consequatur.

2149 647 2585 712 ἐξουδενώσει⁸².
2626 665 2646 699 ι
2704 646 2946 717 Ίερεῖον,
2984 647 3171 717 φησὶν,
3215 646 3449 720 ἀρεστὸν
3503 649 3601 703 καὶ
3650 648 3746 701 θυσ-

2152 739 2329 811 μῆρές
2358 755 2440 793 σοι
2469 737 2548 810 τῷ
2576 737 2695 808 Θεῷ
2729 737 2889 808 ἡμῶν
2923 738 3217 810 μετριότης
3251 740 3623 811 φρονήματος.
3655 743 3744 797 Διῆ

2152 834 2357 903 σφόδρα
2392 850 2495 905 μου
2519 832 2620 904 τὴν
2650 832 2882 904 καρδίαν
2912 832 3277 898 ταπεινώσας,
3305 835 3399 888 καὶ
3428 833 3595 891 οἱονεὶ
3626 851 3748 887 συιδ

2148 925 2372 997 τρίψας,
2400 926 2496 979 καὶ
2524 924 2646 978 λίαν
2674 925 2844 996 αὐτὴν
2872 924 3145 989 λεπτύνας
3160 923 3229 990 ⁸³,
3258 924 3357 996 τὴν
3391 926 3633 1001 ἀρεστήν
3666 943 3749 983 σοι

2151 1018 2343 1073 θυσίαν
2374 1020 2717 1090 προσκομιῶ.
2749 1018 2979 1082 Τούτοις
3007 1019 3102 1073 καὶ
3127 1019 3178 1072 οἱ
3208 1018 3527 1091 μακάριοι⁸⁶
3557 1019 3749 1085 παῖδες

2151 1113 2213 1168 ἐν
2242 1115 2309 1184 τῇ
2345 1113 2564 1186 καμίνῳ
2594 1114 2711 1174 τοῖς
2757 1113 2940 1183 λόγοις
2968 1113 3276 1186 ἐχρήσαντο
3303 1130 3319 1146 ·
3377 1132 3397 1166 ι
3423 1115 3515 1168 Ἐν
3546 1115 3748 1186 καρδίᾳ

2152 1205 2284 1277 γὰρ,
2303 1205 2511 1275 ἔλεγον,
2545 1206 3011 1278 συντετριμμένῃ,
3040 1209 3135 1262 καὶ
3164 1206 3440 1277 πνεύματι
3474 1205 3753 1262 ταπεινώ-

2156 1316 2298 1362 σεως
2345 1298 2708 1371 προσδεχθείη
2716 1316 2818 1371 μεν
2846 1298 3079 1355 ἐνώπιόν
3109 1316 3227 1366 σου,
3253 1299 3329 1363 ὡς
3358 1301 3416 1355 ἐν
3442 1299 3752 1354 ὀλοκαυτώ·

2158 1413 2291 1466 μασι
2320 1393 2495 1463 κριῶν
2523 1394 2619 1451 καὶ
2650 1393 2869 1468 ταύρων
2900 1394 3102 1449 πιόνων
3118 1395 3188 1448 ⁸⁸.
3219 1413 3238 1449 ι
3282 1394 3373 1458 Ὠς
3413 1389 3555 1448 εἶναι
3591 1394 3752 1465 δῆλον

2154 1487 2476 1555 κάντεῦθεν,
2510 1489 2593 1543 ὅτι
2631 1488 2728 1545 καὶ
2761 1488 3070 1562 πρόρρησιν
3105 1489 3134 1543 ό
3164 1487 3382 1560 ψαλμδς
3412 1486 3526 1559 ἔχει
3552 1487 3662 1541 τῶν
3691 1489 3747 1541 ὲκ.

2155 1582 2436 1639 Βαϐυλῶνι
2471 1582 2923 1654 ωμὸεϐηκότων,
2965 1581 3062 1637 καὶ
3098 1580 3449 1638 διδασκαλίαν
3479 1581 3579 1653 τὴν
3611 1581 3751 1635 ἐκεί-

2157 1695 2270 1742 νοις
2297 1677 2698 1749 ἁρμόττουσαν.
2724 1676 3010 1731 Ἐντεῦθεν
3030 1676 3140 1749 γὰρ
3166 1677 3261 1731 κιιλ⁸
3287 1678 3338 1731 οί
3363 1678 3604 1745 γενναῖοι
3630 1678 3756 1731 παῖ-

2157 1771 2247 1835 δες
2288 1772 2489 1826 ἐκεῖνοι
2545 1771 2645 1843 τὴν
2674 1769 2912 1843 ἀρεστὴν
2941 1770 3020 1842 τῷ
3054 1769 3175 1841 Θεῷ
3209 1769 3399 1825 θυσίαν
3435 1768 3756 1840 μεμαθηκό-

2157 1865 2330 1930 sec“,
2385 1867 2485 1937 τὴν
2537 1866 2905 1936 ταπεινότητα
2940 1864 3037 1919 τοῦ
3087 1865 3463 1937 φρονήματος,
3512 1863 3609 1917 καὶ
3651 1861 3757 1933 τῆς

2160 1959 2392 2030 καρδίας
2420 1960 2521 2032 τὴν
2553 1959 2846 2031 συντριόὴν
2877 1958 2956 2030 τῷ
2988 1958 3237 2030 Δεσπότῃ
3271 1959 3679 2031 προσήνεγκαν.

2230 2051 2302 2118 κ’,
2333 2058 2443 2107 κα¹.
2492 2072 2511 2105 ι
2555 2053 2874 2123 Ἀγάθυνον,
2923 2050 3133 2125 Κύριε,
3165 2052 3222 2104 ἐν
3251 2053 3317 2123 τῇ
3387 2049 3606 2122 εὐδοκία
3654 2066 3756 2103 σου

2158 2147 2259 2220 τὴν
2302 2148 2479 2215 Σιὼν,
2537 2149 2633 2203 καὶ
2678 2147 3093 2221 οἰκοδομηθήτω
3139 2147 3211 2201 τὰ
3265 2148 3421 2219 τείχη
3470 2145 3759 2218 Ἰερουσα-

2160 2241 2293 2314 λήμ.
2318 2242 2454 2295 Τότε
2485 2242 2804 2313 εύδοκήσεις
2822 2242 3018 2297 θυσίαν
3044 2240 3416 2311 δικαιοσύνης,
3448 2240 3755 2313 ἀναφορὰν,

2164 2337 2259 2389 καὶ
2330 2335 2805 2407 ὁλοκαυτώματαο
2877 2336 3001 2389 τότε
3087 2336 3396 2390 ἀνοίσουσιν
3449 2336 3495 2367 ⁸⁷
3547 2335 3643 2390 ἐπὶ
3691 2336 3760 2387 τὸ

2163 2429 2557 2501 θυσιαστήριόν
2595 2447 2693 2483 σου
2745 2429 3005 2501 μόσχους.
3040 2448 3058 2481 ι
3094 2429 3438 2499 Σαφέστερον
3463 2428 3511 2462 ⁸⁸
3541 2429 3605 2481 ἐκ
3626 2427 3752 2481 τού-

2161 2539 2271 2576 των
2302 2522 2665 2593 ἐδιδάχθημεν
2688 2521 2797 2576 τῶν
2828 2522 3112 2594 ῥημάτων,
3145 2522 3227 2576 ὅτι
3250 2520 3465 2592 πλήρης
3493 2524 3521 2575 ό
3542 2520 3762 2593 ψαλμὶς

2162 2614 2523 2685 προφητείας.
2562 2613 2691 2677 Τοῖς
2736 2615 2793 2667 ἐν
2835 2613 3119 2669 Βαϐυλῶνι
3156 2614 3264 2685 γάρ
3317 2614 3761 2684 ἠναγκασμένοις

2161 2709 2335 2761 οίκεῖν
2363 2708 2432 2772 δ’,
2475 2709 2574 2762 καὶ
2603 2706 2834 2761 ποθοῦσι
2867 2707 2970 2780 τὴν
3001 2708 3101 2778 τῆς
3129 2708 3377 2770 δουλείας
3406 2707 3757 2780 ἀπαλλαγὴν,

2164 2801 2260 2855 καί¹
2288 2800 2715 2872 ὀλοφυρομένοις
2745 2800 2846 2874 τὴν
2867 2804 2969 2872 τῆς
3000 2801 3210 2866 πόλεως
3245 2800 3506 2874 ἐρημίαν,
3544 2800 3759 2872 ἁρμότ-

2163 2915 2248 2951 τει
2319 2897 2390 2951 τὰ
2469 2900 2715 2969 ῥήματα.
2805 2894 3137 2951 Ἱκετεύουσι
3195 2895 3310 2967 γάρ
3374 2896 3560 2951 οἴκτου
3613 2895 3762 2960 τινὸς

2166 2989 2469 3061 ἀξιωθῆναι
2497 2991 2597 3060 τὴν
2640 2988 2827 3052 πόλιν,
2861 2990 2957 3044 καὶ
3000 2989 3102 3061 τὴν
3135 2989 3413 3061 προτέραν
3461 2988 3765 3061 εὐκληρίαν

2167 3079 2486 3146 ἀπολαϐεῖν,
2519 3079 2631 3133 τῶν
2658 3079 2964 3151 περιϐόλων
2997 3080 3417 3152 ἀνορθουμένων
3436 3081 3506 3147 ’⁸,
3538 3081 3635 3134 καὶ
3662 3082 3767 3152 τῆς

471 3159 633 3216 Nunc
661 3161 886 3232 quippe,
938 3160 1037 3226 ait,
1075 3160 1131 3214 in
1180 3160 1473 3230 peregrina
1527 3159 1840 3215 habitantes
1890 3168 2059 3227 terra,

2173 3174 2317 3230 κατά
2363 3174 2530 3246 νόμον
2584 3173 2919 3246 τελουμένης
2960 3173 3238 3247 λατρείας.
3299 3173 3418 3228 Νῦν
3470 3174 3573 3244 μὲν
3627 3174 3774 3245 γάρ,’

473 3253 752 3309 sacriﬁcia
801 3252 899 3308 tibi
958 3252 1283 3323 praescripta
1345 3252 1545 3308 oﬁ‘erre
1589 3268 1699 3307 non
1750 3269 2068 3322 possumus,

468 3358 604 3399 cum
631 3343 687 3397 in
734 3343 826 3397 illa
862 3342 979 3401 sola
1021 3342 1244 3398 civitate
1285 3343 1604 3399 sacriﬁcare
1648 3344 1733 3399 lex
1759 3341 1970 3415 jubeat.
2013 3344 2073 3400 Si

482 3441 669 3489 autem
707 3431 1087 3491 reversionem
1121 3432 1407 3491 consecuti
1432 3432 1703 3491 fuerimus
1727 3443 1781 3490 et
1808 3436 2069 3507 templum

475 3525 844 3591 crexerimus,
872 3533 1003 3581 tunc
1038 3524 1278 3596 legitima
1325 3527 1596 3583 sacriﬁcia
1631 3528 1727 3583 tibi
1754 3528 2068 3586 oﬂ'cremus.

477 3618 754 3687 Congruit
771 3626 959 3674 autem
980 3619 1137 3677 valde
1160 3619 1292 3685 illis,
1318 3637 1337 3673 ι
1363 3619 1617 3689 Domine,
1642 3621 1784 3678 labia
1806 3639 1922 3679 mea
1946 3639 2074 3694 ape-

477 3713 612 3780 ries,
636 3721 694 3771 et
721 3726 785 3772 os
813 3726 999 3769 meum
1022 3712 1373 3769 nnnuntiabit
1404 3714 1620 3773 laudem
1652 3713 1820 3788 9M
1842 3724 2014 3772 tuam.
2049 3735 2067 3769 ι

480 3803 737 3876 Ipsorum
781 3804 932 3865 enim
969 3821 1074 3861 vox
1114 3813 1201 3861 est
1248 3822 1263 3862 :
1308 3825 1326 3861 ι
1380 3805 1674 3874 Quomodo
1725 3809 2075 3865 cantabimus

487 3898 767 3954 canticum
804 3895 1019 3953 Domini
1071 3898 1126 3953 in
1173 3906 1321 3954 terra
1349 3899 1637 3969 peregrina
1669 3895 1725 3951 οἳ
1749 3899 1942 3957 »Είιιὶε
1972 3888 2074 3955 au-

476 3998 588 4046 tem
640 3989 813 4062 hujus
867 3991 1069 4062 psalmi
1106 3991 1274 4049 habet
1319 4001 1376 4053 et
1419 3994 1648 4050 alteram
1706 3994 2074 4066 prophetiam.

474 4082 749 4150 Quoniam
778 4082 939 4139 enim
976 4084 1234 4155 superius
1266 4085 1445 4144 sancti
1493 4084 1737 4155 Spiritus
1766 4086 1911 4145 dona
1948 4102 2079 4159 pro-

477 4176 685 4246 posuit,
712 4175 915 4232 deinde
946 4179 1309 4250 progrediens
1357 4180 1602 4238 ostendit
1650 4179 1820 4237 Deum
1854 4182 2078 4238 univer-

474 4285 668 4329 sorum
719 4285 830 4327 non
887 4271 1151 4328 delectari
1196 4273 1493 4331 sacriﬁciis
1545 4274 1664 4346 lege
1711 4276 2073 4347 praescriptis,

474 4372 715 4432 oratque
765 4371 827 4418 ut
862 4377 1002 4421 nova
1033 4363 1166 4421 Sion
1205 4378 1490 4437 appareat,
1524 4376 1582 4425 et
1613 4368 1854 4425 caelestis
1881 4367 2078 4425 lliero-

2175 3265 2333 3336 φησὶ.
2355 3266 2455 3339 τὴν
2486 3265 2774 3337 ἀλλοτρίαν
2802 3265 3089 3330 οἰκοῦντας
3132 3265 3234 3329 τὰς
3268 3265 3586 3336 ὡρισμένας
3614 3282 3699 3320 σοι
3714 3266 3765 3298 ’³

2174 3358 2373 3425 θυσίας
2417 3358 2756 3431 προσφέρειν
2802 3360 2904 3413 οὐκ
2942 3358 3172 3427 ἔνεστιν,
3211 3360 3269 3413 ἐν
3302 3359 3488 3430 ἐκείνῃ
3532 3359 3671 3432 μόνῃ
3695 3360 3764 3427 τῇ

2173 3453 2330 3508 πόλει
2386 3452 2538 3507 θύειν
2582 3451 2679 3506 τοῦ
2731 3452 2903 3525 νόμου
2952 3452 3387 3525 διαγορεύοντος.
3440 3453 3505 3506 El
3563 3452 3621 3505 δέ
3662 3451 3767 3523 τῆς

2174 3544 2441 3600 ἐπανόδου
2483 3544 2771 3616 τύχοιμεν,
2836 3545 2933 3598 καὶ
2982 3544 3075 3598 τὸν
3121 3542 3258 3597 νεὼν
3314 3542 3764 3616 ἀνορθώσαιμεν,

2174 3637 2486 3707 τηνικαῦτά
2505 3654 2588 3690 σοι
2604 3639 2650 3671 ⁹²
2678 3637 2779 3700 τὰς
2806 3637 3066 3708 ἐννόμους
3085 3636 3276 3700 θυσίας
3308 3636 3673 3709 προσοίσομεν
3690 3635 3765 3691 ⁸³.

2188 3730 2480 3801 Ἀρμόττει
2529 3731 2586 3785 δέ
2632 3730 2754 3783 λίαν
2797 3731 3020 3796 αὐτοῖς,
3061 3748 3081 3781 ι
3124 3730 3235 3783 Καὶ
3284 3728 3354 3784 τά
3392 3730 3545 3801 χείλη
3578 3730 3627 3762 ⁸⁵
3662 3746 3767 3799 μου

2176 3824 2435 3890 ἀνοίξεις,
2461 3823 2657 3894 Κύριε,
2684 3824 2783 3877 καὶ
2811 3823 2872 3877 τὸ
2895 3823 3071 3894 στόμα
3092 3825 3137 3857 ’⁸
3166 3841 3268 3893 μου
3293 3822 3585 3892 ἀναγγελεῖ
3599 3820 3644 3855 ’⁸
3666 3823 3772 3894 τὴν

2176 3916 2389 3972 αἴνεσίν
2416 3933 2536 3970 σου.
2584 3935 2601 3967 ι
2630 3916 2821 3970 Αύτῶν
2850 3915 2960 3988 γάρ
2985 3917 3164 3969 ἐστι⁹⁷
3190 3915 3341 3987 φωνή
3372 3931 3388 3947 ⁸
3429 3933 3447 3968 ι
3488 3915 3613 3979 Πῶς
3636 3914 3774 3987 ᾄσο-

2182 4027 2282 4080 μεν
2300 4009 2346 4043 “
2362 4009 2462 4079 τὴν
2487 4009 2631 4081 ᾠδὴν
2656 4009 2866 4079 Κυρίου
2884 4009 2978 4063 ἐπὶ
2995 4010 3099 4080 γῆς
3132 4008 3422 4080 ἀλλοτρίας
3445 4026 3460 4075 ;
3502 4027 3519 4060 ι
3555 4007 3772 4077 Ἔχει”

2177 4104 2234 4159 δέ
2263 4104 2360 4158 καὶ
2389 4104 2584 4175 ἑτέραν
2616 4106 2959 4175 προφητείαν
3003 4104 3099 4158 τοῦ
3150 4101 3371 4174 ψαλμοῦ
3402 4101 3557 4156 τοῦδε
3581 4102 3642 4155 τὸ
3676 4101 3769 4155 τέ-

2176 4196 2293 4259 λος.
2340 4196 2562 4267 Ἐπειδὴ
2615 4196 2725 4268 γάρ
2762 4198 2855 4251 τοῦ
2905 4196 3174 4265 παναγίου
3205 4195 3529 4266 Πνεύματος
3562 4195 3674 4249 ἀνω
3700 4193 3772 4247 τά

2178 4288 2325 4361 δῶρα
2350 4288 2709 4357 προτέθεικεν
2731 4290 2773 4353 ¹,
2804 4284 2924 4343 εἶτα
2943 4289 3149 4344 κατιὼν
3174 4288 3346 4356 ἔδειξε
3370 4289 3466 4342 τὸν
3491 4287 3602 4342 τῶν
3632 4286 3771 4340 ὅλων

2179 4379 2316 4433 Θεὸν
2346 4382 2471 4443 ταῖς
2515 4380 2657 4434 κατά
2706 4379 2916 4448 νόμον²
2966 4379 3186 4445 θυσίαις
3232 4379 3332 4433 οὐκ
3371 4377 3765 4450 ἀρεσκόμενον,

479 4455 696 4527 solyma
728 4470 897 4527 super
919 4465 1123 4517 terram
1149 4459 1475 4525 aediﬁcetur,
1510 4468 1569 4516 et
1596 4475 1760 4531 quam
1786 4461 2062 4519 celerrimi

2184 4469 2420 4524 ἱκετεύει
2449 4469 2548 4542 τὴν
2585 4470 2715 4524 νέαν
2759 4469 3105 4540 ἀναφανῆναι
3145 4468 3308 4534 Σιὼν,
3343 4468 3441 4523 καὶ
3485 4468 3585 4541 τὴν
3617 4469 3771 4521 ἐπου-

481 4558 623 4607 npva
655 4544 849 4618 religio
877 4548 1238 4616 concedatur,
1292 4565 1417 4621 quae
1447 4564 1557 4606 non
1605 4530 1839 4609 rationis
1876 4568 2062 4624 exper-

2184 4566 2369 4635 ράνιον
2422 4530 2782 4637 Ἰερουσαλὴμ
2834 4530 2928 4618 ἐπὶ
2992 4530 3096 4637 γῆς
3150 4530 3497 4636 πολισθῆναι,
3540 4530 3643 4618 ’καὶ
3687 4563 3771 4615 ὅτι

481 4648 566 4697 tes
608 4638 888 4705 victimas,
918 4642 1014 4700 sed
1057 4643 1291 4713 iustitiae
1324 4644 1687 4712 oblationem,
1720 4654 1776 4702 et
1809 4647 2069 4715 hostiam,

480 4739 648 4800 atque
687 4734 956 4793 sacriﬁcia
992 4736 1301 4804 rationalia,
1330 4748 1389 4793 et
1418 4738 1655 4792 viventia
1697 4739 1888 4797 oﬁ‘erat
1914 4741 2072 4797 bolo-

483 4832 705 4891 cauata,
733 4826 801 4883 de
834 4828 1040 4897 quibus
1077 4828 1274 4886 beatus
1314 4832 1521 4888 Paulus
1555 4831 1735 4903 inquit
1768 4852 1782 4889 :
1833 4853 1853 4888 ι
1900 4836 2075 4892 Obse-

482 4930 580 4973 cro
600 4934 717 4985 vos.
738 4918 956 4986 fratres,
972 4936 1069 4991 per
1085 4922 1522 4982 misericordiam
1547 4925 1667 4994 Dei,
1689 4937 1749 4983 ut
1767 4929 2076 4987 exhibeatis

562 5039 588 5071 π
616 5030 751 5089 Dan.
786 5049 869 5103 Ill,
901 5032 992 5102 59,
1025 5033 1117 5090 40.
1194 5043 1217 5074 ³
1254 5036 1402 5096 Psal.
1445 5055 1670 5110 cum,
1707 5041 1764 5099 1.

2178 4658 2414 4729 τάχιστα
2461 4658 2880 4730 παρασχεθῆναι
2922 4659 3021 4731 τὴν
3075 4658 3269 4730 καινὴν
3332 4655 3631 4720 πολιτείαν,
3670 4654 3769 4726 τὴν

2179 4750 2281 4804 οὐκ
2344 4750 2519 4819 ἄλογα
2579 4753 3001 4825 προσφέρουσαν
3062 4750 3301 4822 θύματα,
3358 4749 3496 4803 ἀλλά
3525 4748 3624 4818 τὴν
3672 4746 3772 4816 τῆς

2180 4843 2529 4916 δικαιοσύνης
2572 4846 2855 4915 ἀναφορὰν
2920 4845 3016 4899 καὶ
3071 4845 3287 4907 θυσίαν,
3333 4843 3429 4898 καὶ
3462 4841 3531 4895 τά
3574 4840 3773 4909 λογικὰ

2183 4938 2278 4991 καὶ
2312 4938 2493 5003 ζῶντα
2525 4939 2956 5012 ὁλοκαυτώματα
2973 4940 3016 5006 ³,
3047 4938 3177 5011 περλ⁵
3195 4932 3270 4993 ὧν
3295 4933 3598 5010 μακάριος⁶
3624 4933 3773 5001 λέγει

1598 5159 1833 5217 VARle
1876 5162 2264 5227 LECTIONES
2326 5167 2416 5225 ET
2445 5167 2683 5225 NOTAE.

557 5269 606 5303 "
653 5269 777 5327 cod.
841 5271 865 5325 1
917 5270 1317 5341 ἐξουδενώσεις.
1367 5275 1533 5334 Hebr.
1568 5290 1735 5342 man.

489 5339 648 5393 θεῖοι.
760 5340 808 5373 ⁸⁸
859 5344 1113 5393 ιΙιόνων.
1166 5346 1347 5393 de
1401 5363 1590 5393 nmm-
1652 5354 1735 5393 νηι

523 5357 648 5395 ειοι.

760 5313 808 5373 δ’
841 5284 1347 5373 ἰηξξὲἓνωηῖἦξςιι
1368 5284 1739 5373 ΗΞΡΣᾈΠΊΞΠῖ
1806 5284 1886 5372 ,⁸³³
1917 5287 2269 5373 ’Λεπτύναᾳ
2328 5289 2516 5373 cod._l
2577 5291 2880 5373 συντρίψας
2911 5292 3048 5373 ,καί.
3134 5292 3181 5373 ξι
3217 5292 3532 5373 Μακάριοι.
3584 5290 3707 5373 cod.
3741 5290 3777 5344 2

859 5344 1290 5433 [fromn-mood.
1326 5347 1351 5400 1
1392 5363 1591 5433 praem.
1652 5353 1867 5433 καὶ-ὡς
1915 5357 1974 5409 ἐν
2024 5375 2062 5427 μ

2166 5344 2533 5433 άσῖινάρνῶν.
2590 5344 2794 5430 Sicque
2821 5344 3046 5433 legituri
3077 5344 3547 5418 etiamwin'orat.
3594 5344 3773 5415 trium

493 5412 758 5477 virorum,
783 5427 927 5469 vers.
966 5412 1053 5467 16.
1129 5413 1177 5446 ⁸⁸
1210 5412 1651 5487 Μεμαθηκότες.
1687 5412 1808 5480 cod.
1834 5412 1868 5479 2
1930 5412 2057 5485 rtem

493 5481 551 5550 ln
583 5482 706 5537 cod.
738 5483 775 5542 3
808 5483 1061 5550 sequitur
1102 5487 1270 5550 φασὶν
1303 5488 1458 5542 ἔνιοι.
1551 5492 1599 5524 ³⁸
1638 5494 1856 5549 Οίκεῒν.
1884 5442 1942 5550 rn
1975 5513 2062 5550 ονε

2165 5412 2465 5499 βοσφέρὲιν,
2543 5432 2592 5463 ⁸⁸⁷
2623 5412 2814 5491 (ξοῗιςὲ
2847 5412 2916 5488 ai?)
2948 5434 3210 5489 οἴσουσιν.
3287 5434 3333 5466 ⁸⁸
3364 5434 3775 5503 Σαφέστερον.

2195 5500 2421 5550 nonitnr
2455 5511 2581 5550 ante
2611 5502 3074 5550 ἠναγκασμένοις-
3188 5506 3233 5539 9°
3280 5506 3774 5550 ‘Arnnnmméymr.

491 5481 551 5551 ln
583 5482 706 5537 cod.
738 5483 775 5542 3
808 5483 1061 5551 sequitur

492 5549 551 5607 In
582 5553 762 5607 0041.3

496 5624 896 5693 προσοίσωμεν.
970 5625 1017 5658 ’⁸
1042 5626 1155 5682 Καὶ
1176 5624 1256 5682 τᾶ
1277 5624 1565 5697 χείλη.ὀο

495 5691 636 5776 2⁸Ὲά
658 5693 866 5776 ’χείλφ
976 5697 1170 5776 "_cod.
1198 5699 1235 5751 2
1259 5768 1272 5776 ι
1289 5700 1565 5776 ἀναγγείλι

1101 5487 1270 5568 φασὶν
1303 5488 1458 5568 ξνιοι.
1551 5492 1599 5524 ³⁸
1638 5494 1856 5568 Οίκεῖν.

1650 5635 1674 5688 1
1714 5638 1810 5688 καὶ
1837 5638 1899 5691 τὸ
1930 5638 2024 5692 στό

808 5498 1061 5564 sequitur
1101 5498 1270 5568 φασιν
1303 5498 1458 5542 ενιοι.
1551 5498 1599 5524 "
1638 5498 1856 5549 Οίκεῑν.
1884 5498 1942 5550 1η
1975 5498 2097 5552 cvd.
2131 5498 2165 5553 2
2194 5500 2421 5570 ponitur
2455 5511 2581 5556 ante
2611 5502 3075 5573 ἠναγκασμένοις.
3188 5506 3233 5539 ⁹⁰
3280 5498 3772 5572 Ἆνορῡουμέίίωνι

791 5564 1038 5658 sequuti:
1059 5572 1168 5609 των
1191 5557 1405 5644 ἱερείων
1429 5565 1915 5687 προσῗερομένων.
1988 5569 2034 5601 ⁶¹
2064 5572 2187 5625 Σοι.
2206 5571 2420 5627 Abesta
2441 5574 2563 5629 eod.
2587 5573 2644 5629 2.
2722 5576 2765 5609 ⁹²
2787 5579 2908 5633 Σοι.
2936 5575 3059 5631 cod.
3086 5575 3109 5629 1
3136 5592 3326 5651 praem.
3359 5577 3443 5631 ἄν.
3518 5576 3569 5617 9³
3599 5573 3718 5629 cod.
3752 5574 3772 5626 ί

791 5640 896 5681 ιενο
1176 5645 1248 5682 τα
1281 5631 1471 5687 χείλη.
1499 5645 1565 5685 C0
1608 5672 1621 5684 ο
1650 5635 1674 5687 1
1714 5638 1810 5687 καὶ
1837 5638 1899 5687 τὸ
1930 5638 2126 5687 στόμα-
2148 5641 2321 5687 ηηι1-2
2347 5644 2442 5687 καὶ
2472 5643 2552 5687 τδρ
2583 5643 2773 5687 Κύρνε.
2801 5650 2864 5687 τὴ
2893 5647 3063 5687 narium
3167 5649 3213 5681 9⁵
3248 5646 3323 5687 ΤΑ
3344 5647 3539 5687 ηγῆηη
3582 5644 3705 5687 nml-
3725 5646 3772 5687 ί-

1042 5641 1155 5682 και
1176 5641 1248 5682 τα
1277 5641 1471 5697 χειλη.
1499 5641 1621 5715 θρα.
1650 5641 1674 5688 1
1714 5641 1810 5688 καὶ
1837 5641 1899 5721 τὸ
1930 5641 2126 5710 στόμα.
2148 5641 2321 5696 cod.2
2347 5644 2442 5697 καὶ
2472 5643 2555 5709 τὸ,
2583 5643 2779 5716 Κύριε,
2801 5650 2864 5700 τὸ
2893 5647 3088 5719 στόμα.
3136 5641 3213 5681 ’9⁵
3248 5646 3323 5702 Τὸ
3344 5647 3560 5717 στόμα.
3582 5644 3706 5700 cod.
3725 5646 3774 5707 1,

1027 5699 1170 5782 .wd'
1198 5699 1235 5751 2
1259 5700 1637 5782 ,ἀναῑγεὲκ-ᾳιο
1703 5705 1754 5782 _"
1798 5706 1984 5782 Ἐστι.
2017 5711 2139 5765 cod.
2171 5711 2208 5782 2
2238 5713 2293 5782 ή.
2402 5714 2448 5746 ’⁸
2477 5715 2600 5771 cod.
2633 5716 2670 5771 2
2696 5716 2944 5782 ᾅσωμεν.
3017 5719 3063 5750 ⁹⁹
3097 5720 3279 5782 Ἔχει.
3314 5736 3365 5773 κ.
3395 5737 3447 5773 τ.
3476 5720 3526 5774 λ.
3563 5716 3686 5769 Des.
3718 5715 3774 5766 in

870 5780 1004 5861 “1'”.
1025 5768 1369 5861 “929W”
1401 5759 1621 5861 δέεὲηὲξ-
1699 5776 1717 5861 ἲ
1749 5759 1882 5834 τοδί
1901 5759 2062 5861 ε’τᾶ

2165 5759 2376 5861 Ξθειῖιεν.
2455 5786 2475 5817 ²
2508 5789 2668 5844 Κατὰ
2690 5759 2900 5859 Mp5}.
2937 5789 3058 5845 cod.
3090 5788 3127 5845 2
3164 5759 3436 5861 σομὶκαίς.

501 5837 872 5902 κιιυτώματα.
904 5837 1026 5893 cod.
1064 5839 1088 5892 1
1120 5837 1365 5910 θύματα.
1403 5881 1417 5896 .
1458 5882 1463 5887 η
1494 5842 1516 5874 ⁶
1540 5846 1863 5915 Μακάριος.
1897 5837 2023 5907 cod:
2054 5851 2092 5906 2
2126 5850 2289 5916 θεῖος.

3188 5506 3233 5539 ⁹⁰
3280 5506 3774 5572 Ἆνορθουμὲνων.

2402 5714 2448 5746 ’⁸
2477 5715 2600 5771 cod.
2633 5714 2944 5788 ἳᾷσωμεν.
2989 5714 3063 5750 ’⁸³
3097 5720 3279 5789 Ἔχει.
3314 5736 3365 5773 κ.
3395 5714 3526 5774 τζλ.
3563 5716 3686 5769 Des.
3718 5715 3774 5766 in

2455 5786 2475 5817 ²
2508 5789 2668 5839 Κατὰ
2690 5790 2900 5839 νόιιον.
2937 5789 3058 5839 eod.
3090 5788 3127 5839 2
3164 5794 3436 5839 vommtc-
3547 5791 3568 5824 ³
3613 5787 3774 5839 ’0.10·
