4102 6476
382 387 517 457 1321

1775 377 1857 437 ΙΝ
1880 376 2087 438 PSAL.
2121 375 2275 438 LIX.
3326 404 3337 435 ι

3531 350 3670 439 1322

390 506 451 561 '0
480 505 540 559 δὲ
563 501 756 572 Σύρος,
800 499 988 567 κάδος
1037 499 1150 568 τῆς
1184 494 1471 562 πλύσεώς
1503 511 1624 566 μου
1648 494 1715 548 ⁸⁸.
1752 489 1976 562 Ἐπειδὴ

2088 492 2205 546 mei.
2235 491 2410 562 Syrus
2444 500 2626 547 autem
2656 492 3071 563 interpretatur,
3087 491 3256 547 situla
3282 492 3500 547 lotionis
3518 509 3666 548 metu.

378 599 491 668 γὰρ
527 598 586 650 ὲν
605 595 720 658 τοῖς
744 593 1013 656 τοιούτοις
1033 590 1280 656 σκεύεσι,
1304 591 1400 644 καὶ
1422 588 1551 652 τοὺς
1580 585 1752 650 πόδας
1779 583 1971 639 ἀπονί-

380 706 558 754 πτειν,
584 686 683 742 καὶ
701 687 803 757 τὴν
819 688 932 749 τοῖς
948 684 1110 738 ποσὶν
1141 685 1275 756 ὲρῤυ
1284 680 1547 752 πωμένην
1572 677 1782 749 ἐσθῆτα
1799 678 1976 749 ἀποῤ-

383 782 612 854 ῥύπτειν
644 776 941 847 εἰώθαμεν,
972 776 1070 848 τὴν
1101 773 1385 845 ὑποταγὴν
1409 772 1505 827 τοῦ
1537 771 1714 827 Μωάϐ
1757 771 1846 825 διά
1878 768 1974 823 τοῦ

381 875 550 930 κάδου
584 872 686 943 τῆς
715 869 967 932 πλύσεως
990 866 1368 939 παρεδήλωσε.
1413 865 1525 919 Καὶ
1556 866 1584 918 ὁ
1615 863 1781 935 λέϐης
1795 862 1852 916 δὲ
1881 862 1978 915 ἐπὶ

380 961 623 1034 τιμωρίᾳ
682 963 862 1015 κεῖται
917 959 1072 1031 παρὰ
1123 961 1189 1028 τῇ
1239 957 1359 1028 θείᾳ
1390 956 1608 1027 Γραφῇ.
1641 953 1801 1008 Οὕτω
1829 953 1978 1007 καὶὸ

387 1053 663 1125 μακάριος
706 1047 973 1121 Ἰεζεκιὴλ
1031 1047 1298 1111 διδάσκει,
1351 1045 1559 1117 λέϐητα
1608 1042 1978 1115 προσταχθεὶς

384 1145 616 1201 καλέσαι
639 1142 739 1212 τὴν
781 1139 1164 1213 Ἰερουσαλὴμ,
1188 1139 1357 1211 κρέας
1373 1137 1430 1191 δὲ
1460 1138 1586 1201 τοὺς
1607 1135 1975 1201 ἐνοικοῦντας,

386 1237 503 1307 πῦρ
527 1234 586 1288 δὲ
614 1234 706 1287 τὸν
730 1230 1083 1290 Βαϐυλώνιον
1114 1231 1180 1295 ³¹,
1214 1230 1401 1301 ζωμὸν
1443 1228 1501 1283 δὲ
1535 1228 1636 1301 τὴν
1668 1227 1978 1299 ἀναγκαίαν

384 1330 621 1404 τροφήν.
656 1320 731 1382 Οὗ
754 1324 1165 1388 ἐπιλελοιπότος
1195 1322 1525 1378 κατεκαίετο
1545 1321 1615 1375 τά
1641 1321 1802 1393 κρέα.
1821 1319 1980 1374 Οὕτω

386 1424 484 1479 καὶ
511 1422 540 1475 ὁ
584 1420 858 1492 μακάριος
895 1416 1171 1489 Ἱερεμίας
1210 1415 1414 1490 λέϐητα
1463 1415 1862 1487 ύποκαιόμενον
1896 1408 1978 1467 εῖ-

385 1517 478 1570 δεν
497 1533 513 1547 ο
542 1515 642 1570 καὶ
674 1515 736 1568 τὸ
763 1513 1060 1585 πρόσωπον
1086 1511 1254 1566 αὐτοῦ
1292 1511 1404 1565 ἀπὸ
1445 1510 1744 1582 προσώπου
1783 1509 1975 1581 pappet.

387 1608 550 1676 Λέγει
573 1606 775 1672 τοίνυν,
806 1605 891 1658 ὅτι
921 1604 964 1637 ³³
992 1604 1089 1658 καὶ
1132 1604 1435 1676 Μανασσῆς
1470 1603 1570 1673 τὴν
1602 1602 1810 1656 οἰκείαν
1838 1604 1979 1656 ἀπο-

388 1700 624 1774 λήψεται
660 1700 798 1771 τῆν’
834 1700 977 1754 καὶὸ
1013 1698 1257 1771 Ἐφραῒμ
1295 1699 1397 1771 τὴν
1436 1698 1712 1772 προτέραν
1737 1699 1980 1770 ἀνακτή-

391 1811 545 1848 σεται
571 1793 810 1863 δύναμιν
830 1808 845 1824 ο
874 1792 972 1846 καὶ
1007 1793 1036 1846 ό
1074 1791 1274 1856 Ἰούδας
1301 1793 1521 1847 πάντων
1544 1792 1983 1864 ἀναγορευθήσε-

387 1902 479 1940 ται
513 1883 766 1955 βασιλεύς
790 1897 804 1914 ·
838 1883 1135 1938 Μωαϐῖται
1177 1884 1235 1938 δὲ
1280 1883 1469 1949 αὐτοῖς
1512 1883 1978 1956 ύποταγήσονται,

390 1978 490 2048 τὴν
514 1977 731 2047 ἄμαχον
752 1975 935 2033 αὐτῶν
974 1973 1246 2046 θεώμενοι
1282 1974 1476 2048 ῥώμην
1512 1975 1579 2030 ³³.
1610 1974 1688 2029 Ού
1730 1974 1898 2046 μόνον
1926 1974 1984 2029 δὲ

393 2072 618 2136 ἐκεῖνοι,
665 2069 803 2124 ἀλλὰ
832 2069 929 2123 καὶ
971 2068 1284 2139 Ἰδουμαῖοι,
1328 2070 1425 2122 καὶ
1451 2066 1765 2139 ἀλλόφυλοι.
1814 2088 1832 2120 ι
1860 2067 1987 2121 Ἐπὶ

390 2162 490 2235 τὴν
534 2161 846 2233 Ἰδουμαίαν
890 2161 1098 2215 ἐκτενῶ
1128 2161 1188 2216 τὸ
1219 2159 1477 2230 ὑπόδημά
1500 2177 1626 2231 μου.
1651 2159 1808 2232 Ἐμοὶ
1827 2159 1918 2213 ἀλ)
1930 2159 1988 2212 ό-

393 2254 557 2324 φυλοι
610 2253 990 2323 ὑπετάγησαν.
1030 2270 1049 2304 ι
1082 2248 1153 2325 [³⁸⁵
1192 2252 1307 2306 Ούκ
1358 2250 1427 2304 ἂν
1480 2250 1539 2304 δὲ
1569 2250 1863 2323 διαμάρτοι
1899 2266 1988 2314 τις

394 2346 684 2419 θεωρήσας
714 2345 921 2416 λέϐητα
947 2345 1044 2416 μὲν
1072 2345 1175 2415 τὴν
1198 2343 1352 2398 θείαν
1386 2341 1783 2414 κολυμϐήθραν
1817 2360 1990 2413 τιμω-

395 2438 602 2513 ροῦσαν
657 2438 759 2510 μὲν
809 2437 907 2492 καὶ
944 2436 1404 2508 καταφλέγουσαν
1427 2435 1524 2491 καὶ
1546 2434 1991 2505 ὲξαφανίζουσαν

392 2532 494 2603 τὴν
530 2530 832 2602 ἁμαρτίαν,
858 2527 1335 2601 ἀναζωπυρούσαν
1358 2525 1417 2582 δὲ
1445 2526 1526 2596 τῷ
1553 2526 1683 2598 θείῳ
1706 2525 1991 2596 Πνεύματι

394 2623 491 2679 καὶ
530 2622 986 2679 ἀναπλάττουσαν
1025 2621 1123 2675 καὶ
1154 2619 1563 2693 ἀποτρίϐουσαν
1589 2620 1681 2673 τὸν
1697 2618 1893 2690 βρότον
1913 2618 1989 2684 ³⁸,

396 2715 451 2770 εί
471 2716 521 2770 τ’
550 2710 648 2770 οὖν
668 2713 765 2769 τὸν
796 2713 971 2786 ῥύπον
993 2712 1106 2767 τῶν
1145 2713 1253 2784 πλη
1264 2712 1545 2785 μμελειῶν
1579 2711 1690 2766 τῶν
1719 2710 1789 2765 δι’
1816 2710 1993 2782 αὐτῆς

399 2790 928 2877 ἀνακαινιξομένων.
986 2806 1099 2861 Καὶ
1151 2805 1235 2871 τὸ,
1273 2823 1292 2858 ι
1341 2805 1469 2859 Ἐπὶ
1521 2805 1621 2877 τὴν
1684 2802 1995 2877 Ἰδουμαίαν

403 2898 623 2965 ικτονῶ,
650 2899 727 2954 ντδ
755 2898 1014 2970 ύπόδημά
1051 2914 1177 2968 μου,
1218 2915 1237 2950 ι
1278 2897 1354 2952 Ού
1396 2896 1558 2969 μόνον
1596 2895 1821 2968 βαδίσω,
1857 2898 1996 2969 φησὶ

402 2993 434 3046 ό
463 2993 532 3048 ὲκ
550 2989 715 3047 Δαϐὶδ
737 2990 948 3062 Κύριος
991 2992 1090 3062 τῆς
1129 2988 1325 3059 δόξης,
1370 2989 1465 3043 ἐπὶ
1511 2987 1612 3061 τὴν
1664 2988 1993 3059 Ἰδουμαίαν,

402 3084 523 3141 ἀλλ’
544 3083 748 3139 ὡσανεὶ
771 3083 841 3138 δι’
873 3080 1241 3153 ὑποδημάτων
1256 3079 1406 3152 ἐμῶν
1422 3079 1511 3135 διὰ
1535 3080 1646 3135 τῶν
1667 3080 1831 3135 θείων
1855 3081 1995 3134 ἀπο-

2076 586 2348 653 Quoniam
2379 588 2526 641 enim
2565 586 2618 641 in
2654 587 2858 643 talibus
2902 588 3072 655 vasis,
3104 597 3157 643 et
3206 586 3372 657 pedes
3423 586 3669 655 abluere,

2077 684 2131 731 et
2183 684 2388 731 vestem
2432 676 2669 746 pedibus
2721 677 3063 747 inquinatam
3128 677 3354 733 abluere
3402 677 3669 744 solemus,

2078 768 2477 839 subjectionem
2512 768 2671 824 Moab
2715 786 2813 839 per
2855 770 3078 827 situlam
3144 770 3369 826 lotionis
3398 770 3675 838 signiﬁca-

2078 862 2173 917 vit.
2226 863 2349 918 Olla
2378 863 2544 918 etiam
2579 878 2677 932 pro
2710 876 2892 932 poena,
2922 865 2975 918 in
3009 865 3186 921 sacris
3239 864 3462 920 Litteris
3525 865 3673 919 acci—

2080 954 2249 1024 pitur.
2306 953 2400 1010 Sic
2423 954 2618 1011 beatus
2651 955 2910 1011 Ezechiel
2936 956 3095 1012 docet
3120 964 3183 1022 ¹·,
3219 956 3409 1026 jussus
3436 956 3671 1011 lebetcm

2077 1061 2280 1102 vocare
2309 1046 2772 1119 Hierosolymam,
2813 1057 2870 1104 et
2911 1064 3132 1105 carnem
3197 1048 3429 1116 incolas,
3488 1049 3671 1121 ignem

2082 1153 2213 1195 vero
2250 1139 2636 1211 Babylonium,
2676 1150 2732 1196 et
2779 1140 2894 1210 jus,
2926 1141 3299 1197 necessarium
3329 1142 3536 1209 cibum,
3560 1154 3671 1213 quo

2080 1231 2374 1287 delicicnte
2417 1247 2615 1288 carnes
2675 1233 3164 1289 comburebantur.
3230 1234 3322 1290 Sic
3365 1244 3419 1289 et
3474 1236 3672 1291 beatus

2080 1322 2353 1382 Jeremias
2392 1333 2420 1362 ιι
2459 1325 2622 1380 ullam
2657 1340 2982 1381 succensam
3009 1326 3169 1389 vidit,
3196 1335 3252 1381 ct
3307 1326 3500 1382 faciem
3551 1327 3673 1395 ejus

2083 1433 2112 1471 ε
2146 1416 2288 1473 facie
2335 1418 2647 1489 Aquilonis.
2712 1417 2854 1473 Dicit
2912 1418 3082 1490 igitur
3123 1416 3243 1475 fore
3298 1429 3357 1475 ut
3393 1419 3673 1477 Manasses

2083 1509 2362 1581 propriam
2393 1519 2597 1566 terram
2633 1520 2942 1581 recuperet,
2974 1518 3029 1565 et
3096 1509 3351 1579 Ephraim
3379 1512 3670 1582 pristinum

2081 1603 2253 1657 robur
2279 1603 2528 1674 recipiat,
2561 1612 2615 1659 et
2646 1602 2819 1659 Judas
2857 1603 3105 1658 omnium
3160 1618 3256 1659 rex
3304 1605 3672 1665 renuntietur.

2083 1695 2340 1751 Moabitae
2375 1704 2561 1752 autem
2618 1696 2753 1767 ipsis
2805 1695 3194 1767 subjiciantur,
3256 1697 3680 1769 inexpugnabile

2089 1804 2278 1845 eorum
2313 1790 2484 1845 rohur
2517 1790 2836 1845 intuentes:
2886 1806 2994 1845 non
3031 1790 3208 1845 solum
3239 1799 3423 1845 autem
3458 1790 3556 1857 illi,
3587 1807 3682 1847 ve-

2090 1898 2210 1937 rum
2244 1882 2409 1938 etiam
2479 1880 2724 1949 Idumaei,
2779 1891 2834 1937 et
2882 1881 3179 1955 AllOphyli.
3240 1901 3258 1933 ι
3298 1882 3353 1936 In
3384 1882 3678 1939 ldumaeam

2088 1972 2377 2029 extendam
2410 1971 2845 2028 calceamentum
2882 1989 3089 2042 meum,
3118 1976 3138 1995 '
3184 1974 3319 2030 mihi
3358 1976 3682 2049 alienigenae

2089 2063 2296 2120 subditi
2334 2074 2484 2121 sunt.
2529 2084 2548 2117 ι
2601 2063 2754 2140 [Νοη
2792 2074 2976 2122 autem
3006 2082 3035 2121 a
3059 2079 3193 2122 vero
3224 2068 3681 2142 aberraveritqui

2090 2158 2289 2215 viderit
2317 2158 2571 2225 lebetcm,
2623 2158 2836 2215 scilicet
2888 2159 3135 2215 divinum
3170 2159 3530 2232 baptismum,
3588 2179 3684 2234 pu-

2091 2251 2362 2318 nientem,
2397 2250 2815 2307 comburentem
2846 2266 2913 2308 ac
2950 2263 3327 2308 removentem
3358 2269 3521 2309 omne
3556 2271 3685 2326 pec-

2092 2352 2298 2409 catum,
2357 2343 2781 2400 resuscitantem
2834 2353 3017 2401 autem
3071 2361 3170 2417 per
3224 2345 3490 2418 Spiritum
3552 2363 3685 2404 san-

2092 2445 2263 2505 ctum,
2296 2444 2351 2492 et
2376 2437 2559 2492 denuo
2594 2436 2914 2508 ﬁngentem,
2946 2453 3012 2494 ac
3071 2439 3477 2511 abstergentem
3518 2456 3686 2498 cruo-

2093 2542 2232 2593 rem,
2269 2528 2385 2583 sive
2414 2526 2730 2597 squalorem
2756 2537 2941 2582 ortum
2969 2542 3034 2582 ex
3078 2529 3320 2598 peccatis
3352 2544 3546 2584 eorum
3586 2531 3683 2599 qui

2095 2634 2194 2690 per
2218 2619 2383 2674 istum
2414 2626 2770 2674 renovantur.
2803 2617 2939 2674 Illud
2993 2628 3202 2687 autem,
3235 2639 3255 2672 ι
3288 2620 3341 2675 in
3391 2620 3684 2676 ldummam

2099 2710 2315 2783 1006
2373 2711 2665 2766 extendam
2705 2710 3142 2767 calceamentum
3211 2727 3417 2778 meum,
3455 2731 3473 2765 ›
3537 2712 3687 2784 quod

2096 2806 2230 2862 dicit
2257 2806 2526 2862 Dominus
2555 2805 2744 2878 gloria:
2773 2821 2804 2861 e
2831 2806 3037 2862 Davide
3070 2808 3408 2875 nasciturus,
3434 2806 3577 2864 idem
3604 2817 3692 2864 est

2097 2899 2267 2970 quod,
2302 2896 2418 2953 Non
2449 2898 2701 2954 incedam
2734 2907 2946 2954 tantum
2978 2914 3147 2970 super
3173 2898 3432 2966 ldumma,
3466 2899 3560 2955 sed
3593 2914 3695 2970 per

2096 2991 2313 3048 divinos
2355 2989 2638 3061 apostolos
2678 2991 2839 3061 quasi
2864 3006 2964 3062 per
2993 2991 3208 3047 calceos
3245 3004 3400 3046 meos
3439 2988 3691 3062 Evauge~

2098 3083 2232 3143 lium
2264 3082 2457 3155 gratia:
2486 3082 2823 3154 praedicabo.
2859 3096 2971 3137 non
3023 3082 3079 3137 in
3106 3081 3209 3138 hac
3252 3090 3466 3137 tantum
3521 3092 3690 3150 terra,

402 3177 606 3233 στόλων
637 3177 701 3231 τὸ
736 3176 840 3247 τῆς
871 3175 1101 3247 χάριτος
1127 3172 1472 3244 Εὐαγγέλιον
1501 3171 1730 3245 κηρύξω
1755 3189 1770 3204 ’
1802 3172 1902 3225 ούκ
1937 3171 1991 3223 ὲν

2101 3177 2197 3234 sed
2230 3177 2397 3233 etiam
2439 3191 2537 3242 per
2566 3191 2762 3231 omnes
2788 3174 3027 3247 gentes.]
3055 3173 3189 3229 Nam
3228 3181 3430 3244 przeter
3480 3173 3693 3230 Moabi-

399 3270 538 3341 αύτῇ
578 3269 766 3343 μόνον,
805 3268 941 3322 ἀλλὰ
987 3267 1081 3321 καὶ
1117 3266 1177 3320 ἐν
1208 3267 1345 3320 πᾶσι
1386 3267 1502 3329 τοῖς
1541 3262 1819 3337 Eme-am]
1853 3263 1998 3335 Πρὸς

398 3360 510 3431 γὰρ
542 3361 658 3424 τοῖς
687 3359 1032 3425 Μωαϐίταις,
1059 3360 1154 3412 καὶ
1185 3357 1315 3422 τοὺς
1341 3357 1682 3429 Ἰδουμαίους
1727 3354 1998 3409 δουλώσο-

401 3470 525 3525 μαι,
554 3454 805 3516 καὶτοὺς
848 3451 1186 3522 ἀλλοφύλους
1239 3450 1583 3522 ὑποταγῆναι
1644 3447 2000 3518 καταναγκάο

402 3563 484 3601 σω
509 3546 577 3601 ³⁸.
614 3546 1043 3616 Ἀλλοφύλους
1096 3545 1280 3618 μέντοι
1335 3544 1496 3600 καλεῖ
1538 3543 1666 3608 τοὺς
1707 3542 2001 3598 Παλαιστι-

400 3637 528 3701 voti;
558 3636 592 3707 ἡ
623 3635 747 3690 θεία
768 3636 985 3708 Γραφὴ,
1018 3637 1117 3707 οὐχ
1143 3635 1218 3700 ὡς
1241 3634 1353 3689 τῶν
1386 3634 1564 3690 ἄλλων
1594 3633 1767 3688 ἐθνῶν
1793 3630 2002 3704 όμοφύσ

402 3730 514 3784 λων
568 3730 766 3794 ὄντων,
814 3730 933 3784 ἀλλ’
961 3729 1038 3792 ὡς
1091 3728 1205 3782 τῶν
1244 3727 1422 3783 ἄλλων
1456 3727 1553 3799 μὲν
1578 3726 1998 3798 ἀφεστηκότων,

404 3821 617 3876 τούτων
645 3821 703 3875 δὲ
739 3821 801 3875 ού
842 3820 1006 3892 μόνον
1040 3818 1085 3849 ³⁷
1112 3818 1332 3888 ὁμόρων
1363 3816 1561 3881 ὄντων,
1598 3816 1734 3870 ἀλλά
1777 3817 1873 3871 καὶ
1905 3833 2003 3886 μευ·

404 3921 544 3988 ταξὺ
574 3913 1003 3970 κατοικούντων.
1035 3909 1221 3973 Οὕτως
1249 3909 1572 3962 Ἰεϐουσαῖοι
1595 3909 1693 3980 τὴν
1726 3909 2001 3979 Ἰερουσα-

407 4008 524 4079 λὴμ
578 4005 808 4079 ᾤκησαν
860 4004 956 4058 ἐπὶ
999 4002 1252 4056 πλεῖστον
1283 4018 1298 4033 ο
1329 4001 1504 4065 οὕτως
1532 4002 1873 4057 Γαϐαωνῖται
1902 4003 2002 4073 τὴν

409 4099 648 4154 Γαϐαώ’
681 4099 776 4152 καὶ⁸
802 4098 1026 4162 Γαζαῖοι
1080 4097 1159 4159 δὲ,
1205 4096 1302 4150 καὶ
1344 4094 1760 4159 Ἀσκαλωνῖται,
1811 4094 1907 4147 καὶ
1951 4096 2001 4148 οί

410 4190 563 4246 ἄλλοι
594 4191 640 4223 ³⁸
681 4189 913 4259 πλησίον
939 4187 1143 4259 ᾧκουν.
1190 4188 1304 4242 Καὶ
1347 4185 1524 4241 ταῦτα
1568 4186 1911 4258 σαφέστερον
1944 4187 2001 4240 αἱ

414 4281 654 4354 ἱστορίαι
679 4281 1046 4336 διδάσκουσιν.
1079 4278 1236 4333 Οὕτω
1263 4277 1439 4335 ταῦτα
1469 4278 1575 4333 ὑπὸ
1603 4278 1698 4332 τού
1727 4277 1864 4331 Θεοῦ
1894 4277 2003 4331 τῶν

412 4373 552 4427 ὅλων
572 4370 848 4443 διδαχθεὶς
874 4373 902 4425 ὁ
934 4371 1244 4443 προφήτης,
1289 4370 1418 4424 ίδείν
1464 4369 1683 4440 ἐφίεται
1723 4369 1818 4424 τοῦ
1870 4369 2003 4425 λαοῦ

410 4466 513 4539 τὴν
545 4466 684 4538 μετά
708 4465 809 4536 τὴν
830 4464 1090 4519 ἐπάνοδον
1111 4463 1412 4535 εύκληρίαν
1431 4481 1443 4495 ·
1475 4462 1569 4517 καί
1592 4479 1759 4534 φησιν
1784 4479 1799 4494 ο

2104 3282 2209 3334 tas,
2242 3270 2409 3327 etiam
2433 3269 2702 3324 Idumaeos
2748 3269 2802 3323 in
2840 3269 3159 3324 servitutem
3191 3266 3454 3339 redigam,
3492 3278 3550 3323 et
3596 3268 3694 3322 Al-

2104 3363 2356 3436 lophylos
2378 3362 2809 3432 servirecogam.
2842 3361 3151 3433 Allophylos
3183 3376 3317 3418 sane
3339 3362 3523 3418 divina
3552 3360 3695 3417 Seri-

2106 3464 2265 3525 ptura
2302 3452 2624 3509 Palaestinos
2657 3460 2838 3519 vocat,
2871 3466 2980 3507 non
3012 3452 3156 3523 quod
3187 3452 3309 3508 alia:
3335 3462 3525 3523 gentes
3540 3454 3692 3524 ejus-

2108 3548 2232 3604 dem
2273 3547 2385 3604 siut
2422 3546 2663 3618 generis,
2691 3545 2854 3617 cujus
2896 3555 2952 3600 et
2980 3543 3177 3612 Judaei,
3245 3545 3341 3603 sed
3380 3546 3509 3617 quia
3567 3562 3693 3603 cum

2106 3640 2227 3696 aliae
2266 3647 2456 3709 gentes
2491 3640 2650 3710 longe
2705 3639 2930 3704 distent,
2958 3636 3235 3694 Palaestini
3268 3653 3376 3693 non
3426 3639 3590 3695 modo
3633 3639 3698 3694 lio

2108 3733 2288 3788 nitimi
2325 3739 2475 3798 sunt,
2515 3745 2705 3788 verum
2754 3730 2922 3786 etiam
2968 3727 3209 3785 Jebusazi
3259 3727 3698 3802 Hierosolymam

2109 3826 2200 3881 diu
2238 3824 2611 3880 incoluerunt.
2653 3822 2749 3877 Sic
2779 3819 3099 3877 Gabaonitaa
3123 3820 3439 3876 Gabaonem
3473 3832 3699 3889 terram,

2110 3916 2295 3974 ῦπαιί
2327 3926 2509 3971 autem
2550 3922 2607 3971 et
2634 3913 2990 3978 Ascalonitae,
3023 3921 3079 3969 et
3128 3912 3241 3979 alii,
3263 3929 3431 3984 prope
3482 3914 3702 3969 habita-

2109 4011 2261 4066 bant.
2296 4009 2476 4079 Atque
2508 4007 2624 4063 haec
2655 4008 2858 4063 clarius
2904 4006 3147 4062 historia:
3196 4005 3498 4061 declarant.
3562 4006 3700 4062 Cum

2112 4104 2229 4158 haec
2260 4103 2330 4158 ab
2361 4101 2746 4156 universorum
2784 4099 2895 4154 Deo
2954 4099 3030 4154 ita
3068 4098 3354 4154 didicisset
3409 4099 3698 4168 propheta.

2111 4194 2300 4265 populi
2352 4191 2667 4250 felicitatem
2724 4199 2848 4262 post
2900 4189 3137 4246 reditum
3179 4188 3365 4244 videre
3404 4189 3701 4255 desiderat,

2110 4296 2165 4342 et
2197 4285 2273 4340 ait
2299 4301 2313 4337 :

488 4558 580 4626 ια’,
611 4557 701 4630 ιβ’.
740 4576 759 4609 ι
791 4558 891 4622 Τίς
921 4555 1119 4622 ἀπάξει
1149 4574 1219 4627 με
1239 4557 1321 4620 είς
1358 4555 1514 4609 πόλιν
1542 4555 1899 4628 περιοχῆςςῆ
1925 4555 1991 4609 τίς

2190 4555 2360 4612 Vens.
2388 4556 2476 4624 11,
2520 4556 2610 4611 12.
2650 4576 2669 4609 ι
2699 4556 2837 4623 Quis
2889 4555 3125 4615 deducet
3185 4572 3275 4612 me
3324 4559 3380 4612 in
3427 4558 3709 4615 civitatem

413 4649 676 4722 ὁδηγήσει
710 4666 778 4720 με
801 4648 909 4713 ἕως
936 4648 1035 4721 τῆς
1066 4646 1414 4719 Ἰδουμαίας;
1451 4648 1588 4718 Ούχὶ
1629 4649 1717 4712 σὺ,
1756 4647 1785 4701 ὁ
1807 4647 2009 4713 Θεὸς,ό

2119 4650 2389 4705 munitam
2406 4649 2538 4705 iant
2558 4649 2686 4720 quis
2714 4649 2948 4706 deducet
2976 4664 3064 4705 me
3088 4665 3264 4720 usque
3291 4650 3347 4705 in
3373 4648 3712 4707 Idumaeam?

412 4741 786 4814 ἀπωσάμενος
825 4742 1011 4812 ἠμᾶςς
1050 4759 1071 4793 ι
1121 4738 1188 4813 [³⁵
1229 4740 1364 4795 Οὐδὲ
1418 4741 1527 4812 γὰρ
1564 4736 1635 4812 ἦν
1675 4740 1866 4813 ἐτέρου
1910 4741 1991 4810 τῆι

2119 4740 2312 4795 Nonne
2342 4748 2423 4808 tu,
2447 4755 2481 4795 ο
2518 4740 2683 4805 Deus,
2727 4742 2821 4812 qui
2852 4741 3103 4812 repulisti
3155 4741 3301 4798 nos?
3335 4762 3354 4795 ι
3385 4741 3527 4815 [Νοη
3561 4744 3710 4798 enim

412 4834 674 4905 τοιαύτης
704 4834 851 4904 ἡμᾶς
884 4831 1124 4898 ἀξιῶσαι
1166 4830 1563 4904 προμηθείας]
1619 4831 1809 4886 Πόλιν
1832 4831 1880 4864 ⁴⁰
1908 4843 2013 4884 πει

404 4924 631 4997 ριοχῆς
683 4926 783 4998 τὴν
824 4925 1183 4998 Ἰερουσαλὴμ
1244 4925 1426 4981 καλεῖ.
1473 4925 1692 4996 Ταύτην
1732 4926 1761 4980 ό
1792 4924 2020 4995 Σύμμαο

414 5035 515 5089 χος
546 5015 980 5087 πεφραγμένην
998 5018 1041 5049 ⁸³
1066 5017 1438 5088 ἡρμήνευσεν.
1472 5016 1694 5086 Ἐπειδὴ
1729 5015 1843 5085 γὰρ
1879 5013 2016 5069 ἀνά-

2118 4832 2345 4889 alterius
2397 4842 2516 4888 erat
2545 4834 2648 4891 hac
2685 4849 2791 4891 nos
2838 4834 3052 4905 dignari
3104 4836 3328 4905 provida
3368 4834 3551 4910 eura,]
3587 4835 3715 4892 Hie-

2121 4926 2456 4998 rosolymam
2496 4938 2785 4999 nuncupat
2820 4929 3094 4983 civitatem
3160 4930 3496 4985 munitionis.
3558 4928 3715 4986 Hanc

2124 5015 2490 5089 Symmachus
2516 5019 2928 5089 circumseptam
2958 5021 3352 5090 interpretatus
3397 5029 3503 5076 est.
3563 5021 3715 5087 Quo-

419 5125 619 5173 στατος
656 5106 925 5202 ἐγεγόνει,
956 5109 1051 5164 καὶ
1063 5109 1329 5181 ἐστέρητο
1350 5110 1396 5141 δ’
1418 5108 1530 5163 τῶν
1549 5107 1747 5179 τειχῶν
1779 5107 1847 5174 ⁸³,
1873 5108 1991 5179 μετέ

2128 5108 2277 5163 niam
2319 5109 2464 5164 enim
2500 5118 2715 5165 vastata
2766 5118 2932 5181 atque
2993 5110 3269 5168 moenibus
3304 5112 3539 5182 spoliata
3588 5110 3711 5175 fuit,

496 5281 537 5310 ω
570 5269 773 5327 Ezech.
824 5287 902 5339 χι,
937 5273 991 5329 '5.
1075 5283 1100 5310 υ
1133 5269 1339 5330 Jerem.
1370 5273 1525 5339 ι,15.
1572 5298 1577 5303 -

491 5500 538 5534 ³⁸
565 5500 857 5569 Πλύσεώς

418 5570 570 5629 οὕτε.
670 5570 1011 5644 ³³ΪΡώλιην.
1045 5576 1168 5628 cod.
1207 5573 1229 5626 1
1270 5574 1467 5644 ῥοπήν.

421 5645 593 5700 habet
646 5643 839 5699 codex.
951 5642 996 5675 “
1035 5642 1512 5712 Καταναγκὰσω.
1573 5645 1762 5701 cod.l
1814 5647 1940 5701 add.
1986 5646 1999 5664 '

418 5713 552 5782 ﬁdei
582 5713 789 5767 alumni
829 5714 1170 5782 passionibus
1220 5713 1436 5768 obnoxii
1481 5727 1625 5772 sunt.
1723 5715 1767 5747 ³⁷
1808 5719 1890 5770 Οὐ

424 5780 539 5837 ⁸⁹.Ε
560 5785 683 5839 cod.
716 5783 742 5836 1
778 5780 963 5852 suppl,
1057 5783 1105 5815 ‘°
1139 5785 1348 5839 Πόλιν.
1386 5786 1511 5840 cod.
1546 5785 1718 5842 ladd.
1743 5784 1823 5841 δέ.

1917 5716 2133 5790 μόνον.
2161 5718 2283 5790 eod.
2312 5719 2347 5771 2
2379 5716 2580 5790 μόνων.

1935 5786 2206 5875 ηιξκιηὲ
2236 5786 2700 5875 ἀπεφραγμένην.
2733 5788 2925 5846 Moutf.
2958 5804 3089 5875 _vero
3128 5789 3183 5842 in
3218 5787 3446 5857 Hexapl.
3479 5788 3547 5841 ad
3579 5788 3635 5842 h.
3672 5789 3708 5843 Ι.

1536 5384 1777 5443 ῩΑΒΙᾹΞ
1810 5383 2200 5442 LECTIONES
2237 5387 2329 5443 ET
2369 5383 2604 5446 NOTIE.

877 5519 1019 5572 μου.
1047 5503 1167 5558 cod.
1206 5503 1224 5557 Ι
1254 5502 1382 5559 add.
1414 5503 1575 5559 τοῦτο
1605 5503 1717 5575 γὰρ
1738 5504 1888 5559 δοκεῖ
1909 5508 1976 5578 τῇ

877 5589 993 5608 ιη...
1045 5576 1145 5608 mu
1207 5573 1229 5608 ι
1271 5574 1445 5608 sua...
1567 5574 1614 5608 ιι
1643 5574 1682 5608 li‘
1716 5576 1816 5608 ..ΛΑ
1874 5577 1896 5608 ι

2088 5506 2562 5608 ξραῖξιὶδὲαλέκτῳ.
2586 5509 2671 5608 ’.³⁸
2693 5509 2815 5608 cod.
2847 5507 2884 5563 2
2905 5508 3004 5582 τὴν
3036 5506 3422 5608 Ῑξιαϐυλωνίαὶνἱι
3444 5506 3490 5608 Ἰ
3521 5505 3643 5563 cod.

1641 5574 1841 5631 E’cod.
1874 5577 1898 5629 1
1934 5574 1991 5632 s'u

1643 5645 1762 5700 d.l
1814 5647 1940 5701 add.
1986 5647 1991 5664 ‘

2088 5574 2155 5638 Ιξ,
2218 5577 2264 5610 ³⁸
2288 5574 2536 5648 Βρότονζ
2586 5579 2663 5636 Ita
2707 5580 2813 5652 leg.
2859 5574 2981 5637 esse
3015 5580 3229 5634 videtur
3259 5591 3360 5647 pro
3393 5575 3624 5647 βρόμον,
3656 5592 3717 5633 nt

2119 5647 2214 5702 καὶ
2242 5649 2314 5702 τά
2347 5649 2495 5711 πάθη
2531 5652 2646 5711 τοῖς
2690 5651 2981 5711 τροφίμοις
3013 5650 3115 5711 τῆς
3146 5648 3413 5710 πίστεως·
3447 5645 3515 5701 Ut
3543 5649 3715 5702 etiam

2242 5645 2495 5722 τάςπάθη
2531 5652 2646 5713 τοῖς
2690 5645 2981 5722 τροφίμοις
3013 5650 3116 5722 τῆς
3146 5645 3515 5722 πίστεωςξᾜὶ
3543 5649 3715 5722 etiarn

2689 5717 2736 5753 ³⁵
2768 5717 2877 5775 Καὶ
2901 5722 2957 5774 οἱ
2998 5721 3199 5777 ἄλλοι.
3234 5717 3358 5772 Des.
3396 5718 3448 5771 in
3495 5718 3619 5773 cod.
3654 5718 3710 5773 2.

424 5854 591 5911 habet
611 5853 1163 5927 περιπεφραγμένην.
1241 5855 1286 5887 ⁸³
1310 5855 1435 5911 cod.
1464 5856 1501 5910 2
1528 5857 1826 5930 ὲστερεῖτο.
1900 5856 1947 5890 ⁸³
1968 5870 1991 5912 c

2088 5896 2095 5913 .
2153 5857 2189 5911 ‘2
2228 5853 2441 5930 τοίχων.

717 5952 1001 6014 ΡΑτιιοι..
1037 5950 1154 6010 Gn.
1180 5947 1412 6009 LXXX.

3270 5948 3347 6015 42
