  <div class='ocr_page' id='page_1' title='image "/cluster/home/n/w/nwhite01/storage/ocr_20150623/80:no.1/coo.31924054869817/669.png"; bbox 0 0 4102 6408; ppageno 0'>
   <div class='ocr_carea' id='block_1_1' title="bbox 422 313 561 379">
    <p class='ocr_par' dir='ltr' id='par_1_1' title="bbox 422 313 561 379">
     <span class='ocr_line' id='line_1_1' title="bbox 422 313 561 379; baseline -0.007 0"><span class='ocrx_word' id='word_1_1' title='bbox 422 313 561 379; x_wconf 82' lang='grc'><strong>1323</strong></span> 
     </span>
    </p>
   </div>
   <div class='ocr_carea' id='block_1_2' title="bbox 1434 308 2708 373">
    <p class='ocr_par' dir='ltr' id='par_1_2' title="bbox 1434 308 2708 373">
     <span class='ocr_line' id='line_1_2' title="bbox 1434 308 2708 373; baseline -0.001 -2"><span class='ocrx_word' id='word_1_2' title='bbox 1434 310 1932 373; x_wconf 77' lang='lat' dir='ltr'><strong>TlIEODORETI</strong></span> <span class='ocrx_word' id='word_1_3' title='bbox 1960 308 2300 372; x_wconf 79' lang='lat' dir='ltr'><strong>EPISCOPI</strong></span> <span class='ocrx_word' id='word_1_4' title='bbox 2336 310 2708 373; x_wconf 78' lang='lat' dir='ltr'><strong>CYRENSIS</strong></span> 
     </span>
    </p>
   </div>
   <div class='ocr_carea' id='block_1_3' title="bbox 3569 309 3705 373">
    <p class='ocr_par' dir='ltr' id='par_1_3' title="bbox 3569 309 3705 373">
     <span class='ocr_line' id='line_1_3' title="bbox 3569 309 3705 373; baseline 0.022 -3"><span class='ocrx_word' id='word_1_5' title='bbox 3569 309 3705 373; x_wconf 70' lang='grc'><strong>1324</strong></span> 
     </span>
    </p>
   </div>
   <div class='ocr_carea' id='block_1_4' title="bbox 419 419 2018 502">
    <p class='ocr_par' dir='ltr' id='par_1_4' title="bbox 419 429 2010 502">
     <span class='ocr_line' id='line_1_4' title="bbox 419 429 2010 502; baseline -0.006 -11"><span class='ocrx_word' id='word_1_6' title='bbox 419 445 473 492; x_wconf 87' lang='lat' dir='ltr'><strong>et</strong></span> <span class='ocrx_word' id='word_1_7' title='bbox 515 443 638 502; x_wconf 88' lang='lat' dir='ltr'><strong>post</strong></span> <span class='ocrx_word' id='word_1_8' title='bbox 692 431 926 487; x_wconf 87' lang='lat' dir='ltr'><strong>reditum</strong></span> <span class='ocrx_word' id='word_1_9' title='bbox 961 429 1196 500; x_wconf 77' lang='lat' dir='ltr'><strong>propriis</strong></span> <span class='ocrx_word' id='word_1_10' title='bbox 1227 429 1502 484; x_wconf 74' lang='lat' dir='ltr'><strong>mmnibus</strong></span> <span class='ocrx_word' id='word_1_11' title='bbox 1535 429 1841 484; x_wconf 81' lang='lat' dir='ltr'><strong>instaurata</strong></span> <span class='ocrx_word' id='word_1_12' title='bbox 1903 437 2010 495; x_wconf 87' lang='lat' dir='ltr'><strong>est,</strong></span> 
     </span>
    </p>
   </div>
   <div class='ocr_carea' id='block_1_5' title="bbox 2122 419 3704 502">
    <p class='ocr_par' dir='ltr' id='par_1_5' title="bbox 2122 419 3704 498">
     <span class='ocr_line' id='line_1_5' title="bbox 2122 419 3704 498; baseline -0.002 -17"><span class='ocrx_word' id='word_1_13' title='bbox 2122 419 2173 481; x_wconf 81' lang='grc' dir='ltr'>δὲ</span> <span class='ocrx_word' id='word_1_14' title='bbox 2203 429 2302 496; x_wconf 73' lang='grc' dir='ltr'><strong>τὴν</strong></span> <span class='ocrx_word' id='word_1_15' title='bbox 2338 428 2622 490; x_wconf 80' lang='grc' dir='ltr'>ἐπάνοδον,</span> <span class='ocrx_word' id='word_1_16' title='bbox 2654 429 2781 492; x_wconf 75' lang='grc' dir='ltr'>τοὺς</span> <span class='ocrx_word' id='word_1_17' title='bbox 2820 427 3058 490; x_wconf 77' lang='grc' dir='ltr'><strong>οἰκείους</strong></span> <span class='ocrx_word' id='word_1_18' title='bbox 3096 423 3334 480; x_wconf 73' lang='grc' dir='ltr'>ἀπέλαϐε</span> <span class='ocrx_word' id='word_1_19' title='bbox 3361 425 3704 498; x_wconf 71' lang='grc' dir='ltr'>περιϐόλουξ,</span> 
     </span>
    </p>
   </div>
   <div class='ocr_carea' id='block_1_6' title="bbox 420 522 2011 595">
    <p class='ocr_par' dir='ltr' id='par_1_6' title="bbox 420 522 2011 595">
     <span class='ocr_line' id='line_1_6' title="bbox 420 522 2011 595; baseline -0.006 -11"><span class='ocrx_word' id='word_1_20' title='bbox 420 527 697 584; x_wconf 86' lang='lat' dir='ltr'><strong>desiderat</strong></span> <span class='ocrx_word' id='word_1_21' title='bbox 733 525 997 595; x_wconf 82' lang='lat' dir='ltr'><strong>prepheta</strong></span> <span class='ocrx_word' id='word_1_22' title='bbox 1036 523 1181 576; x_wconf 81' lang='lat' dir='ltr'><strong>illam</strong></span> <span class='ocrx_word' id='word_1_23' title='bbox 1228 523 1502 578; x_wconf 67' lang='lat' dir='ltr'><strong>inmitibus</strong></span> <span class='ocrx_word' id='word_1_24' title='bbox 1538 524 1774 576; x_wconf 82' lang='lat' dir='ltr'><strong>cinctam</strong></span> <span class='ocrx_word' id='word_1_25' title='bbox 1803 522 2011 587; x_wconf 82' lang='lat' dir='ltr'><strong>videre,</strong></span> 
     </span>
    </p>
   </div>
   <div class='ocr_carea' id='block_1_7' title="bbox 426 613 2016 691">
    <p class='ocr_par' dir='ltr' id='par_1_7' title="bbox 426 613 2016 691">
     <span class='ocr_line' id='line_1_7' title="bbox 426 613 2016 691; baseline -0.003 -21"><span class='ocrx_word' id='word_1_26' title='bbox 426 617 639 691; x_wconf 74' lang='lat'><strong>1007</strong></span> <span class='ocrx_word' id='word_1_27' title='bbox 667 624 719 669; x_wconf 86' lang='lat' dir='ltr'><strong>et</strong></span> <span class='ocrx_word' id='word_1_28' title='bbox 751 630 925 685; x_wconf 87' lang='lat' dir='ltr'><strong>usque</strong></span> <span class='ocrx_word' id='word_1_29' title='bbox 957 613 1011 668; x_wconf 90' lang='lat' dir='ltr'><strong>in</strong></span> <span class='ocrx_word' id='word_1_30' title='bbox 1057 613 1350 668; x_wconf 72' lang='lat' dir='ltr'><strong>ldummam</strong></span> <span class='ocrx_word' id='word_1_31' title='bbox 1389 624 1444 666; x_wconf 89' lang='lat' dir='ltr'><strong>nt</strong></span> <span class='ocrx_word' id='word_1_32' title='bbox 1507 629 1603 666; x_wconf 81' lang='lat' dir='ltr'><strong>rex</strong></span> <span class='ocrx_word' id='word_1_33' title='bbox 1659 627 1903 677; x_wconf 88' lang='lat' dir='ltr'><strong>currere,</strong></span> <span class='ocrx_word' id='word_1_34' title='bbox 1961 621 2016 666; x_wconf 88' lang='lat' dir='ltr'><strong>et</strong></span> 
     </span>
    </p>
   </div>
   <div class='ocr_carea' id='block_1_8' title="bbox 423 706 2014 778">
    <p class='ocr_par' dir='ltr' id='par_1_8' title="bbox 423 706 2014 778">
     <span class='ocr_line' id='line_1_8' title="bbox 423 706 2014 778; baseline -0.004 -11"><span class='ocrx_word' id='word_1_35' title='bbox 423 714 608 767; x_wconf 87' lang='lat' dir='ltr'><strong>videre</strong></span> <span class='ocrx_word' id='word_1_36' title='bbox 646 726 740 765; x_wconf 90' lang='lat' dir='ltr'><strong>eos</strong></span> <span class='ocrx_word' id='word_1_37' title='bbox 776 708 871 778; x_wconf 89' lang='lat' dir='ltr'><strong>qui</strong></span> <span class='ocrx_word' id='word_1_38' title='bbox 922 708 1171 778; x_wconf 93' lang='lat' dir='ltr'><strong>perpetui</strong></span> <span class='ocrx_word' id='word_1_39' title='bbox 1212 708 1396 761; x_wconf 76' lang='lat' dir='ltr'><strong>hostes</strong></span> <span class='ocrx_word' id='word_1_40' title='bbox 1437 716 1614 770; x_wconf 91' lang='lat' dir='ltr'><strong>erant,</strong></span> <span class='ocrx_word' id='word_1_41' title='bbox 1679 706 1731 759; x_wconf 94' lang='lat' dir='ltr'><strong>in</strong></span> <span class='ocrx_word' id='word_1_42' title='bbox 1770 706 2014 760; x_wconf 72' lang='lat' dir='ltr'><strong>servitu-</strong></span> 
     </span>
    </p>
   </div>
   <div class='ocr_carea' id='block_1_9' title="bbox 425 797 2012 868">
    <p class='ocr_par' dir='ltr' id='par_1_9' title="bbox 425 797 2012 868">
     <span class='ocr_line' id='line_1_9' title="bbox 425 797 2012 868; baseline -0.006 -7"><span class='ocrx_word' id='word_1_43' title='bbox 425 815 531 862; x_wconf 88' lang='lat' dir='ltr'><strong>tem</strong></span> <span class='ocrx_word' id='word_1_44' title='bbox 557 804 829 859; x_wconf 89' lang='lat' dir='ltr'><strong>redactos.</strong></span> <span class='ocrx_word' id='word_1_45' title='bbox 855 800 1126 855; x_wconf 71' lang='lat' dir='ltr'><strong>Czetcrum</strong></span> <span class='ocrx_word' id='word_1_46' title='bbox 1153 801 1287 864; x_wconf 73' lang='lat' dir='ltr'><strong>hzec,</strong></span> <span class='ocrx_word' id='word_1_47' title='bbox 1312 800 1510 868; x_wconf 88' lang='lat' dir='ltr'><strong>inquit,</strong></span> <span class='ocrx_word' id='word_1_48' title='bbox 1532 809 1610 861; x_wconf 90' lang='lat' dir='ltr'><strong>tu,</strong></span> <span class='ocrx_word' id='word_1_49' title='bbox 1640 797 1885 862; x_wconf 87' lang='lat' dir='ltr'><strong>Domine,</strong></span> <span class='ocrx_word' id='word_1_50' title='bbox 1908 797 2012 860; x_wconf 82' lang='lat' dir='ltr'><strong>fac,</strong></span> 
     </span>
    </p>
   </div>
   <div class='ocr_carea' id='block_1_10' title="bbox 429 889 2016 968">
    <p class='ocr_par' dir='ltr' id='par_1_10' title="bbox 429 889 2016 968">
     <span class='ocr_line' id='line_1_10' title="bbox 429 889 2016 968; baseline -0.006 -17"><span class='ocrx_word' id='word_1_51' title='bbox 429 897 518 968; x_wconf 85' lang='lat' dir='ltr'><strong>qui</strong></span> <span class='ocrx_word' id='word_1_52' title='bbox 558 893 805 965; x_wconf 86' lang='lat' dir='ltr'><strong>repulisti</strong></span> <span class='ocrx_word' id='word_1_53' title='bbox 841 908 962 957; x_wconf 89' lang='lat' dir='ltr'><strong>nos,</strong></span> <span class='ocrx_word' id='word_1_54' title='bbox 989 903 1042 946; x_wconf 88' lang='lat' dir='ltr'><strong>et</strong></span> <span class='ocrx_word' id='word_1_55' title='bbox 1063 892 1487 962; x_wconf 76' lang='lat' dir='ltr'><strong>Babyloniormn</strong></span> <span class='ocrx_word' id='word_1_56' title='bbox 1519 892 1747 959; x_wconf 86' lang='lat' dir='ltr'><strong>imperio</strong></span> <span class='ocrx_word' id='word_1_57' title='bbox 1774 906 1873 943; x_wconf 86' lang='lat' dir='ltr'><strong>nos</strong></span> <span class='ocrx_word' id='word_1_58' title='bbox 1890 889 2016 943; x_wconf 84' lang='lat' dir='ltr'><strong>sub-</strong></span> 
     </span>
    </p>
   </div>
   <div class='ocr_carea' id='block_1_11' title="bbox 424 984 2017 1056">
    <p class='ocr_par' dir='ltr' id='par_1_11' title="bbox 424 984 2017 1056">
     <span class='ocr_line' id='line_1_11' title="bbox 424 984 2017 1056; baseline -0.006 -10"><span class='ocrx_word' id='word_1_59' title='bbox 424 990 634 1046; x_wconf 89' lang='lat' dir='ltr'><strong>didisti.</strong></span> <span class='ocrx_word' id='word_1_60' title='bbox 666 987 964 1056; x_wconf 81' lang='lat' dir='ltr'><strong>Postquam</strong></span> <span class='ocrx_word' id='word_1_61' title='bbox 1005 987 1144 1040; x_wconf 89' lang='lat' dir='ltr'><strong>bona</strong></span> <span class='ocrx_word' id='word_1_62' title='bbox 1179 985 1259 1039; x_wconf 90' lang='lat' dir='ltr'><strong>sic</strong></span> <span class='ocrx_word' id='word_1_63' title='bbox 1324 984 1660 1037; x_wconf 68' lang='lat' dir='ltr'><strong>vaticinatus</strong></span> <span class='ocrx_word' id='word_1_64' title='bbox 1721 993 1860 1044; x_wconf 85' lang='lat' dir='ltr'><strong>erat,</strong></span> <span class='ocrx_word' id='word_1_65' title='bbox 1919 998 2017 1052; x_wconf 88' lang='lat' dir='ltr'><strong>pro</strong></span> 
     </span>
    </p>
   </div>
   <div class='ocr_carea' id='block_1_12' title="bbox 427 1074 2014 1150">
    <p class='ocr_par' dir='ltr' id='par_1_12' title="bbox 427 1074 2014 1150">
     <span class='ocr_line' id='line_1_12' title="bbox 427 1074 2014 1150; baseline -0.006 -13"><span class='ocrx_word' id='word_1_66' title='bbox 427 1083 673 1138; x_wconf 88' lang='lat' dir='ltr'><strong>molestis</strong></span> <span class='ocrx_word' id='word_1_67' title='bbox 709 1080 1005 1150; x_wconf 79' lang='lat' dir='ltr'><strong>supplicat.</strong></span> <span class='ocrx_word' id='word_1_68' title='bbox 1033 1098 1050 1128; x_wconf 83' lang='grc' dir='ltr'><strong>ι</strong></span> <span class='ocrx_word' id='word_1_69' title='bbox 1082 1077 1146 1130; x_wconf 68' lang='lat' dir='ltr'><strong>lit</strong></span> <span class='ocrx_word' id='word_1_70' title='bbox 1181 1093 1287 1130; x_wconf 91' lang='lat' dir='ltr'><strong>non</strong></span> <span class='ocrx_word' id='word_1_71' title='bbox 1327 1077 1647 1144; x_wconf 77' lang='lat' dir='ltr'><strong>egredieris,</strong></span> <span class='ocrx_word' id='word_1_72' title='bbox 1689 1074 1856 1140; x_wconf 83' lang='lat' dir='ltr'><strong>Deus,</strong></span> <span class='ocrx_word' id='word_1_73' title='bbox 1888 1091 2014 1129; x_wconf 88' lang='lat' dir='ltr'><strong>eutn</strong></span> 
     </span>
    </p>
   </div>
   <div class='ocr_carea' id='block_1_13' title="bbox 426 1168 2017 1237">
    <p class='ocr_par' dir='ltr' id='par_1_13' title="bbox 426 1168 2017 1237">
     <span class='ocr_line' id='line_1_13' title="bbox 426 1168 2017 1237; baseline -0.003 -11"><span class='ocrx_word' id='word_1_74' title='bbox 426 1173 720 1228; x_wconf 74' lang='lat' dir='ltr'><strong>virtutibus</strong></span> <span class='ocrx_word' id='word_1_75' title='bbox 771 1172 995 1226; x_wconf 87' lang='lat' dir='ltr'><strong>nostris.</strong></span> <span class='ocrx_word' id='word_1_76' title='bbox 1039 1190 1056 1221; x_wconf 74' lang='grc' dir='ltr'>ι</span> <span class='ocrx_word' id='word_1_77' title='bbox 1095 1168 1260 1222; x_wconf 69' lang='lat' dir='ltr'><strong>Vides</strong></span> <span class='ocrx_word' id='word_1_78' title='bbox 1293 1183 1411 1229; x_wconf 90' lang='lat' dir='ltr'><strong>nos,</strong></span> <span class='ocrx_word' id='word_1_79' title='bbox 1449 1168 1646 1237; x_wconf 88' lang='lat' dir='ltr'><strong>inquit,</strong></span> <span class='ocrx_word' id='word_1_80' title='bbox 1711 1170 1783 1222; x_wconf 84' lang='lat' dir='ltr'><strong>ita</strong></span> <span class='ocrx_word' id='word_1_81' title='bbox 1822 1168 2017 1222; x_wconf 86' lang='lat' dir='ltr'><strong>acerbe</strong></span> 
     </span>
    </p>
   </div>
   <div class='ocr_carea' id='block_1_14' title="bbox 422 1263 2017 1338">
    <p class='ocr_par' dir='ltr' id='par_1_14' title="bbox 422 1263 2017 1338">
     <span class='ocr_line' id='line_1_14' title="bbox 422 1263 2017 1338; baseline -0.004 -19"><span class='ocrx_word' id='word_1_82' title='bbox 422 1277 791 1338; x_wconf 76' lang='lat' dir='ltr'><strong>oppugnatos,</strong></span> <span class='ocrx_word' id='word_1_83' title='bbox 827 1274 882 1317; x_wconf 90' lang='lat' dir='ltr'><strong>ct</strong></span> <span class='ocrx_word' id='word_1_84' title='bbox 914 1279 1021 1315; x_wconf 90' lang='lat' dir='ltr'><strong>non</strong></span> <span class='ocrx_word' id='word_1_85' title='bbox 1057 1276 1116 1316; x_wconf 87' lang='lat' dir='ltr'><strong>es</strong></span> <span class='ocrx_word' id='word_1_86' title='bbox 1150 1263 1258 1314; x_wconf 75' lang='lat' dir='ltr'><strong>dux</strong></span> <span class='ocrx_word' id='word_1_87' title='bbox 1331 1270 1536 1323; x_wconf 89' lang='lat' dir='ltr'><strong>noster,</strong></span> <span class='ocrx_word' id='word_1_88' title='bbox 1596 1276 1696 1315; x_wconf 90' lang='lat' dir='ltr'><strong>nec</strong></span> <span class='ocrx_word' id='word_1_89' title='bbox 1749 1272 2017 1314; x_wconf 86' lang='lat' dir='ltr'><strong>consueto</strong></span> 
     </span>
    </p>
   </div>
   <div class='ocr_carea' id='block_1_15' title="bbox 425 1353 1448 1424">
    <p class='ocr_par' dir='ltr' id='par_1_15' title="bbox 425 1353 1448 1424">
     <span class='ocr_line' id='line_1_15' title="bbox 425 1353 1448 1424; baseline -0.01 -8"><span class='ocrx_word' id='word_1_90' title='bbox 425 1376 577 1416; x_wconf 80' lang='lat' dir='ltr'><strong>more</strong></span> <span class='ocrx_word' id='word_1_91' title='bbox 608 1357 799 1412; x_wconf 81' lang='lat' dir='ltr'><strong>\incis.</strong></span> <span class='ocrx_word' id='word_1_92' title='bbox 837 1355 1128 1424; x_wconf 79' lang='lat' dir='ltr'><strong>Propterea</strong></span> <span class='ocrx_word' id='word_1_93' title='bbox 1163 1353 1448 1416; x_wconf 76' lang='lat' dir='ltr'><strong>nimirum,</strong></span> 
     </span>
    </p>
   </div>
   <div class='ocr_carea' id='block_1_16' title="bbox 497 1446 2016 1514">
    <p class='ocr_par' dir='ltr' id='par_1_16' title="bbox 497 1446 2016 1514">
     <span class='ocr_line' id='line_1_16' title="bbox 497 1446 2016 1514; baseline -0.004 -8"><span class='ocrx_word' id='word_1_94' title='bbox 497 1451 661 1506; x_wconf 65' lang='lat' dir='ltr'><strong>Vens.</strong></span> <span class='ocrx_word' id='word_1_95' title='bbox 700 1451 785 1503; x_wconf 80' lang='grc'><strong>15.</strong></span> <span class='ocrx_word' id='word_1_96' title='bbox 824 1468 840 1498; x_wconf 82' lang='grc' dir='ltr'><strong>ι</strong></span> <span class='ocrx_word' id='word_1_97' title='bbox 899 1448 972 1499; x_wconf 76' lang='lat' dir='ltr'><strong>lla</strong></span> <span class='ocrx_word' id='word_1_98' title='bbox 1016 1447 1171 1500; x_wconf 84' lang='lat' dir='ltr'><strong>nobis</strong></span> <span class='ocrx_word' id='word_1_99' title='bbox 1211 1447 1476 1500; x_wconf 78' lang='lat' dir='ltr'><strong>auxilium</strong></span> <span class='ocrx_word' id='word_1_100' title='bbox 1525 1462 1591 1500; x_wconf 70' lang='lat' dir='ltr'><strong>ex</strong></span> <span class='ocrx_word' id='word_1_101' title='bbox 1645 1446 2016 1514; x_wconf 79' lang='lat' dir='ltr'><strong>tribulatione,</strong></span> 
     </span>
    </p>
   </div>
   <div class='ocr_carea' id='block_1_17' title="bbox 428 1538 2018 1608">
    <p class='ocr_par' dir='ltr' id='par_1_17' title="bbox 428 1538 2018 1608">
     <span class='ocr_line' id='line_1_17' title="bbox 428 1538 2018 1608; baseline -0.003 -11"><span class='ocrx_word' id='word_1_102' title='bbox 428 1552 482 1596; x_wconf 86' lang='lat' dir='ltr'><strong>et</strong></span> <span class='ocrx_word' id='word_1_103' title='bbox 584 1557 720 1596; x_wconf 90' lang='lat' dir='ltr'><strong>vana</strong></span> <span class='ocrx_word' id='word_1_104' title='bbox 761 1540 909 1594; x_wconf 86' lang='lat' dir='ltr'><strong>salus</strong></span> <span class='ocrx_word' id='word_1_105' title='bbox 943 1539 1248 1592; x_wconf 84' lang='lat' dir='ltr'><strong>hominum.</strong></span> <span class='ocrx_word' id='word_1_106' title='bbox 1291 1557 1309 1588; x_wconf 73' lang='grc' dir='ltr'>ι</span> <span class='ocrx_word' id='word_1_107' title='bbox 1335 1538 1793 1608; x_wconf 78' lang='lat' dir='ltr'><strong>Conjunctionem</strong></span> <span class='ocrx_word' id='word_1_108' title='bbox 1819 1552 1867 1593; x_wconf 87' lang='lat' dir='ltr'><strong>et</strong></span> <span class='ocrx_word' id='word_1_109' title='bbox 1898 1557 2018 1593; x_wconf 87' lang='lat' dir='ltr'><strong>mu-</strong></span> 
     </span>
    </p>
   </div>
   <div class='ocr_carea' id='block_1_18' title="bbox 426 1627 2017 1703">
    <p class='ocr_par' dir='ltr' id='par_1_18' title="bbox 426 1627 2017 1703">
     <span class='ocr_line' id='line_1_18' title="bbox 426 1627 2017 1703; baseline -0.003 -15"><span class='ocrx_word' id='word_1_110' title='bbox 426 1649 549 1688; x_wconf 89' lang='lat' dir='ltr'><strong>tans</strong></span> <span class='ocrx_word' id='word_1_111' title='bbox 583 1632 945 1703; x_wconf 81' lang='lat' dir='ltr'><strong>Symmachus</strong></span> <span class='ocrx_word' id='word_1_112' title='bbox 965 1627 1395 1682; x_wconf 80' lang='lat' dir='ltr'><strong>manifestiorem</strong></span> <span class='ocrx_word' id='word_1_113' title='bbox 1414 1630 1915 1699; x_wconf 74' lang='lat' dir='ltr'><strong>interpretationem</strong></span> <span class='ocrx_word' id='word_1_114' title='bbox 1939 1631 2017 1683; x_wconf 80' lang='lat' dir='ltr'><strong>l&#39;e-</strong></span> 
     </span>
    </p>
   </div>
   <div class='ocr_carea' id='block_1_19' title="bbox 421 1718 2020 1779">
    <p class='ocr_par' dir='ltr' id='par_1_19' title="bbox 421 1718 2020 1779">
     <span class='ocr_line' id='line_1_19' title="bbox 421 1718 2020 1779; baseline -0.004 -2"><span class='ocrx_word' id='word_1_115' title='bbox 421 1726 520 1779; x_wconf 76' lang='lat' dir='ltr'><strong>cit.</strong></span> <span class='ocrx_word' id='word_1_116' title='bbox 573 1723 716 1778; x_wconf 74' lang='lat' dir='ltr'><strong>Dixit</strong></span> <span class='ocrx_word' id='word_1_117' title='bbox 744 1730 924 1775; x_wconf 86' lang='lat' dir='ltr'><strong>autem</strong></span> <span class='ocrx_word' id='word_1_118' title='bbox 941 1720 1051 1774; x_wconf 90' lang='lat' dir='ltr'><strong>sic:</strong></span> <span class='ocrx_word' id='word_1_119' title='bbox 1080 1719 1161 1771; x_wconf 91' lang='lat' dir='ltr'><strong>Da</strong></span> <span class='ocrx_word' id='word_1_120' title='bbox 1180 1718 1331 1772; x_wconf 81' lang='lat' dir='ltr'><strong>nobis</strong></span> <span class='ocrx_word' id='word_1_121' title='bbox 1349 1720 1691 1773; x_wconf 75' lang='lat' dir='ltr'><strong>auxilimuex</strong></span> <span class='ocrx_word' id='word_1_122' title='bbox 1715 1721 2020 1774; x_wconf 82' lang='lat' dir='ltr'><strong>tribulatio-</strong></span> 
     </span>
    </p>
   </div>
   <div class='ocr_carea' id='block_1_20' title="bbox 2120 518 3706 591">
    <p class='ocr_par' dir='ltr' id='par_1_20' title="bbox 2120 518 3706 591">
     <span class='ocr_line' id='line_1_20' title="bbox 2120 518 3706 591; baseline -0.001 -21"><span class='ocrx_word' id='word_1_123' title='bbox 2120 518 2250 571; x_wconf 82' lang='grc' dir='ltr'>ἰδεῖν</span> <span class='ocrx_word' id='word_1_124' title='bbox 2287 518 2333 550; x_wconf 66' lang='grc'><strong>⁵⁵</strong></span> <span class='ocrx_word' id='word_1_125' title='bbox 2366 519 2539 589; x_wconf 80' lang='grc' dir='ltr'>αὐτὴν</span> <span class='ocrx_word' id='word_1_126' title='bbox 2571 519 2617 550; x_wconf 69' lang='grc'><strong><em>⁵⁵</em></strong></span> <span class='ocrx_word' id='word_1_127' title='bbox 2647 521 2982 591; x_wconf 67' lang='grc' dir='ltr'>ὁπροφήτης</span> <span class='ocrx_word' id='word_1_128' title='bbox 3000 519 3416 588; x_wconf 81' lang='grc' dir='ltr'>τετειχισμένην</span> <span class='ocrx_word' id='word_1_129' title='bbox 3460 519 3618 570; x_wconf 69' lang='grc' dir='ltr'>ποθεῖ</span> <span class='ocrx_word' id='word_1_130' title='bbox 3643 518 3706 583; x_wconf 70' lang='grc'><strong>⁸⁵,</strong></span> 
     </span>
    </p>
   </div>
   <div class='ocr_carea' id='block_1_21' title="bbox 2118 609 3712 682">
    <p class='ocr_par' dir='ltr' id='par_1_21' title="bbox 2118 609 3712 682">
     <span class='ocr_line' id='line_1_21' title="bbox 2118 609 3712 682; baseline -0.002 -20"><span class='ocrx_word' id='word_1_131' title='bbox 2118 611 2212 664; x_wconf 75' lang='grc' dir='ltr'><strong>καὶ</strong></span> <span class='ocrx_word' id='word_1_132' title='bbox 2244 611 2351 674; x_wconf 71' lang='grc' dir='ltr'>ἕως</span> <span class='ocrx_word' id='word_1_133' title='bbox 2377 609 2693 682; x_wconf 74' lang='grc' dir='ltr'><strong>Ἰδουμαίας</strong></span> <span class='ocrx_word' id='word_1_134' title='bbox 2724 609 2799 673; x_wconf 71' lang='grc' dir='ltr'>ὡς</span> <span class='ocrx_word' id='word_1_135' title='bbox 2836 610 3090 680; x_wconf 79' lang='grc' dir='ltr'>βασιλεὺς</span> <span class='ocrx_word' id='word_1_136' title='bbox 3117 610 3158 642; x_wconf 58' lang='grc'><strong>⁸⁷</strong></span> <span class='ocrx_word' id='word_1_137' title='bbox 3179 611 3434 680; x_wconf 81' lang='grc' dir='ltr'><strong>δραμεῖν,</strong></span> <span class='ocrx_word' id='word_1_138' title='bbox 3463 609 3558 660; x_wconf 72' lang='grc' dir='ltr'><strong>καὶ</strong></span> <span class='ocrx_word' id='word_1_139' title='bbox 3581 609 3712 661; x_wconf 74' lang='grc' dir='ltr'>ἰδεῖν</span> 
     </span>
    </p>
   </div>
   <div class='ocr_carea' id='block_1_22' title="bbox 2116 696 3706 772">
    <p class='ocr_par' dir='ltr' id='par_1_22' title="bbox 2116 696 3706 772">
     <span class='ocr_line' id='line_1_22' title="bbox 2116 696 3706 772; baseline -0.003 -18"><span class='ocrx_word' id='word_1_140' title='bbox 2116 703 2244 764; x_wconf 71' lang='grc' dir='ltr'>τοὺς</span> <span class='ocrx_word' id='word_1_141' title='bbox 2274 703 2360 755; x_wconf 76' lang='grc' dir='ltr'>ἀεὶ</span> <span class='ocrx_word' id='word_1_142' title='bbox 2393 701 2678 772; x_wconf 79' lang='grc' dir='ltr'><strong>δυσμενεῖς</strong></span> <span class='ocrx_word' id='word_1_143' title='bbox 2714 700 2986 754; x_wconf 80' lang='grc' dir='ltr'><strong>δουλεύειν</strong></span> <span class='ocrx_word' id='word_1_144' title='bbox 3011 699 3492 771; x_wconf 66' lang='grc' dir='ltr'>ἠναγκασμένους.</span> <span class='ocrx_word' id='word_1_145' title='bbox 3522 696 3706 750; x_wconf 79' lang='grc' dir='ltr'>Ταῦτα</span> 
     </span>
    </p>
   </div>
   <div class='ocr_carea' id='block_1_23' title="bbox 2117 790 3712 865">
    <p class='ocr_par' dir='ltr' id='par_1_23' title="bbox 2117 790 3712 865">
     <span class='ocr_line' id='line_1_23' title="bbox 2117 790 3712 865; baseline -0.003 -20"><span class='ocrx_word' id='word_1_146' title='bbox 2117 793 2196 854; x_wconf 81' lang='grc' dir='ltr'><strong>δὲ,</strong></span> <span class='ocrx_word' id='word_1_147' title='bbox 2232 793 2387 865; x_wconf 76' lang='grc' dir='ltr'>φησὶ,</span> <span class='ocrx_word' id='word_1_148' title='bbox 2426 793 2490 848; x_wconf 73' lang='grc' dir='ltr'><strong>σὺ</strong></span> <span class='ocrx_word' id='word_1_149' title='bbox 2521 793 2743 864; x_wconf 87' lang='grc' dir='ltr'>δράσον,</span> <span class='ocrx_word' id='word_1_150' title='bbox 2799 793 2994 861; x_wconf 79' lang='grc' dir='ltr'>Κύριε,</span> <span class='ocrx_word' id='word_1_151' title='bbox 3048 795 3075 846; x_wconf 78' lang='grc' dir='ltr'>ὀ</span> <span class='ocrx_word' id='word_1_152' title='bbox 3117 791 3488 861; x_wconf 81' lang='grc' dir='ltr'>ἀπωσάμενος</span> <span class='ocrx_word' id='word_1_153' title='bbox 3538 790 3712 858; x_wconf 73' lang='grc' dir='ltr'>ἡμᾶς.</span> 
     </span>
    </p>
   </div>
   <div class='ocr_carea' id='block_1_24' title="bbox 2120 881 3716 956">
    <p class='ocr_par' dir='ltr' id='par_1_24' title="bbox 2120 881 3716 956">
     <span class='ocr_line' id='line_1_24' title="bbox 2120 881 3716 956; baseline -0.004 -18"><span class='ocrx_word' id='word_1_154' title='bbox 2120 887 2217 938; x_wconf 75' lang='grc' dir='ltr'><strong>καὶ</strong></span> <span class='ocrx_word' id='word_1_155' title='bbox 2237 888 2302 955; x_wconf 81' lang='grc' dir='ltr'><strong>τῇ</strong></span> <span class='ocrx_word' id='word_1_156' title='bbox 2333 885 2443 938; x_wconf 87' lang='grc' dir='ltr'><strong>τῶν</strong></span> <span class='ocrx_word' id='word_1_157' title='bbox 2473 885 2836 940; x_wconf 76' lang='grc' dir='ltr'>Βαϐυλωνίων</span> <span class='ocrx_word' id='word_1_158' title='bbox 2862 885 3143 956; x_wconf 82' lang='grc' dir='ltr'>παραδοὺς</span> <span class='ocrx_word' id='word_1_159' title='bbox 3175 882 3503 953; x_wconf 71' lang='grc' dir='ltr'>δυναστείᾳ·</span> <span class='ocrx_word' id='word_1_160' title='bbox 3539 881 3716 942; x_wconf 77' lang='grc' dir='ltr'>οὓτως</span> 
     </span>
    </p>
   </div>
   <div class='ocr_carea' id='block_1_25' title="bbox 2117 975 3710 1049">
    <p class='ocr_par' dir='ltr' id='par_1_25' title="bbox 2117 975 3710 1049">
     <span class='ocr_line' id='line_1_25' title="bbox 2117 975 3710 1049; baseline -0.002 -19"><span class='ocrx_word' id='word_1_161' title='bbox 2117 977 2186 1031; x_wconf 86' lang='grc' dir='ltr'><strong>τά</strong></span> <span class='ocrx_word' id='word_1_162' title='bbox 2215 978 2398 1045; x_wconf 77' lang='grc' dir='ltr'>ἀγαθά</span> <span class='ocrx_word' id='word_1_163' title='bbox 2432 979 2834 1048; x_wconf 83' lang='grc' dir='ltr'>προθεσπίσας,</span> <span class='ocrx_word' id='word_1_164' title='bbox 2873 979 3014 1049; x_wconf 81' lang='grc' dir='ltr'>ὑπὲρ</span> <span class='ocrx_word' id='word_1_165' title='bbox 3052 977 3161 1030; x_wconf 87' lang='grc' dir='ltr'><strong>τῶν</strong></span> <span class='ocrx_word' id='word_1_166' title='bbox 3184 976 3426 1046; x_wconf 79' lang='grc' dir='ltr'>ἀνιαρῶν</span> <span class='ocrx_word' id='word_1_167' title='bbox 3452 975 3710 1027; x_wconf 83' lang='grc' dir='ltr'>ἱκετεύει.</span> 
     </span>
    </p>
   </div>
   <div class='ocr_carea' id='block_1_26' title="bbox 2125 1066 3706 1142">
    <p class='ocr_par' dir='ltr' id='par_1_26' title="bbox 2125 1066 3706 1142">
     <span class='ocr_line' id='line_1_26' title="bbox 2125 1066 3706 1142; baseline -0.003 -20"><span class='ocrx_word' id='word_1_168' title='bbox 2125 1091 2142 1122; x_wconf 86' lang='grc' dir='ltr'><strong>ι</strong></span> <span class='ocrx_word' id='word_1_169' title='bbox 2167 1073 2276 1125; x_wconf 74' lang='grc' dir='ltr'>Καὶ</span> <span class='ocrx_word' id='word_1_170' title='bbox 2301 1072 2402 1125; x_wconf 80' lang='grc' dir='ltr'><strong>οὐκ</strong></span> <span class='ocrx_word' id='word_1_171' title='bbox 2425 1071 2710 1142; x_wconf 80' lang='grc' dir='ltr'>ἐξελεύσῃ,</span> <span class='ocrx_word' id='word_1_172' title='bbox 2731 1074 2758 1123; x_wconf 88' lang='grc' dir='ltr'>ὁ</span> <span class='ocrx_word' id='word_1_173' title='bbox 2781 1072 2936 1137; x_wconf 81' lang='grc' dir='ltr'>Θεὸς,</span> <span class='ocrx_word' id='word_1_174' title='bbox 2963 1073 3020 1124; x_wconf 83' lang='grc' dir='ltr'>ὲν</span> <span class='ocrx_word' id='word_1_175' title='bbox 3039 1073 3160 1133; x_wconf 91' lang='grc' dir='ltr'>ταῖς</span> <span class='ocrx_word' id='word_1_176' title='bbox 3177 1071 3473 1139; x_wconf 83' lang='grc' dir='ltr'>δυνάμεσιν</span> <span class='ocrx_word' id='word_1_177' title='bbox 3495 1066 3706 1137; x_wconf 73' lang='grc' dir='ltr'>ἡμῶν.»</span> 
     </span>
    </p>
   </div>
   <div class='ocr_carea' id='block_1_27' title="bbox 2131 1159 3709 1237">
    <p class='ocr_par' dir='ltr' id='par_1_27' title="bbox 2131 1159 3709 1237">
     <span class='ocr_line' id='line_1_27' title="bbox 2131 1159 3709 1237; baseline -0.008 -15"><span class='ocrx_word' id='word_1_178' title='bbox 2131 1163 2297 1236; x_wconf 77' lang='grc' dir='ltr'>Ὁρᾷς</span> <span class='ocrx_word' id='word_1_179' title='bbox 2326 1165 2477 1236; x_wconf 77' lang='grc' dir='ltr'>ἡμᾶς</span> <span class='ocrx_word' id='word_1_180' title='bbox 2499 1165 2568 1229; x_wconf 74' lang='grc'><strong>⁸⁵³,</strong></span> <span class='ocrx_word' id='word_1_181' title='bbox 2605 1165 2793 1237; x_wconf 69' lang='grc' dir='ltr'>φησιν,</span> <span class='ocrx_word' id='word_1_182' title='bbox 2825 1164 2969 1218; x_wconf 79' lang='grc' dir='ltr'>οὓτω</span> <span class='ocrx_word' id='word_1_183' title='bbox 2995 1161 3212 1233; x_wconf 81' lang='grc' dir='ltr'><strong>πικρῶς</strong></span> <span class='ocrx_word' id='word_1_184' title='bbox 3243 1161 3371 1214; x_wconf 83' lang='grc' dir='ltr'>πολε</span> <span class='ocrx_word' id='word_1_185' title='bbox 3383 1177 3483 1230; x_wconf 86' lang='grc' dir='ltr'><strong>μου</strong></span> <span class='ocrx_word' id='word_1_186' title='bbox 3493 1159 3709 1229; x_wconf 81' lang='grc' dir='ltr'>μένους,</span> 
     </span>
    </p>
   </div>
   <div class='ocr_carea' id='block_1_28' title="bbox 2121 1251 3716 1329">
    <p class='ocr_par' dir='ltr' id='par_1_28' title="bbox 2121 1251 3716 1329">
     <span class='ocr_line' id='line_1_28' title="bbox 2121 1251 3716 1329; baseline -0.002 -20"><span class='ocrx_word' id='word_1_187' title='bbox 2121 1259 2216 1310; x_wconf 70' lang='grc' dir='ltr'>καὶ</span> <span class='ocrx_word' id='word_1_188' title='bbox 2245 1258 2304 1310; x_wconf 86' lang='grc' dir='ltr'>οὺ</span> <span class='ocrx_word' id='word_1_189' title='bbox 2343 1261 2692 1329; x_wconf 83' lang='grc' dir='ltr'>στρατηγεῖς,</span> <span class='ocrx_word' id='word_1_190' title='bbox 2727 1256 2850 1311; x_wconf 82' lang='grc' dir='ltr'>οὐδὲ</span> <span class='ocrx_word' id='word_1_191' title='bbox 2881 1255 3192 1328; x_wconf 83' lang='grc' dir='ltr'>άριστεύεις</span> <span class='ocrx_word' id='word_1_192' title='bbox 3220 1253 3490 1325; x_wconf 64' lang='grc' dir='ltr'>συνήθως.</span> <span class='ocrx_word' id='word_1_193' title='bbox 3524 1251 3592 1325; x_wconf 74' lang='grc'><strong>[³⁹</strong></span> <span class='ocrx_word' id='word_1_194' title='bbox 3615 1253 3716 1306; x_wconf 71' lang='grc' dir='ltr'>Διὰ</span> 
     </span>
    </p>
   </div>
   <div class='ocr_carea' id='block_1_29' title="bbox 2119 1350 2410 1422">
    <p class='ocr_par' dir='ltr' id='par_1_29' title="bbox 2119 1350 2410 1422">
     <span class='ocr_line' id='line_1_29' title="bbox 2119 1350 2410 1422; baseline 0.003 -20"><span class='ocrx_word' id='word_1_195' title='bbox 2119 1350 2183 1420; x_wconf 83' lang='grc' dir='ltr'>δὴ</span> <span class='ocrx_word' id='word_1_196' title='bbox 2211 1350 2410 1422; x_wconf 74' lang='grc' dir='ltr'>ταῦτα]</span> 
     </span>
    </p>
   </div>
   <div class='ocr_carea' id='block_1_30' title="bbox 2194 1437 3717 1514">
    <p class='ocr_par' dir='ltr' id='par_1_30' title="bbox 2194 1437 3717 1514">
     <span class='ocr_line' id='line_1_30' title="bbox 2194 1437 3717 1514; baseline -0.003 -20"><span class='ocrx_word' id='word_1_197' title='bbox 2194 1449 2286 1508; x_wconf 83' lang='grc' dir='ltr'>ιγ’.</span> <span class='ocrx_word' id='word_1_198' title='bbox 2327 1461 2344 1492; x_wconf 81' lang='grc' dir='ltr'><strong>ι</strong></span> <span class='ocrx_word' id='word_1_199' title='bbox 2387 1442 2484 1504; x_wconf 72' lang='grc' dir='ltr'><strong>Δὸς</strong></span> <span class='ocrx_word' id='word_1_200' title='bbox 2514 1444 2646 1514; x_wconf 75' lang='grc' dir='ltr'>ἡμῖν</span> <span class='ocrx_word' id='word_1_201' title='bbox 2685 1442 2943 1512; x_wconf 84' lang='grc' dir='ltr'>βοήθειαν</span> <span class='ocrx_word' id='word_1_202' title='bbox 2971 1443 3036 1495; x_wconf 80' lang='grc' dir='ltr'>ὲκ</span> <span class='ocrx_word' id='word_1_203' title='bbox 3073 1441 3330 1510; x_wconf 71' lang='grc' dir='ltr'>Θλίψεως,</span> <span class='ocrx_word' id='word_1_204' title='bbox 3363 1439 3458 1491; x_wconf 73' lang='grc' dir='ltr'>καὶ</span> <span class='ocrx_word' id='word_1_205' title='bbox 3505 1437 3717 1508; x_wconf 82' lang='grc' dir='ltr'>ματαία</span> 
     </span>
    </p>
   </div>
   <div class='ocr_carea' id='block_1_31' title="bbox 2124 1529 3717 1604">
    <p class='ocr_par' dir='ltr' id='par_1_31' title="bbox 2124 1529 3717 1604">
     <span class='ocr_line' id='line_1_31' title="bbox 2124 1529 3717 1604; baseline -0.004 -18"><span class='ocrx_word' id='word_1_206' title='bbox 2124 1534 2372 1603; x_wconf 74' lang='grc' dir='ltr'>σωτηρία</span> <span class='ocrx_word' id='word_1_207' title='bbox 2407 1533 2722 1604; x_wconf 82' lang='grc' dir='ltr'>ἀνθρώπου.</span> <span class='ocrx_word' id='word_1_208' title='bbox 2740 1555 2758 1586; x_wconf 77' lang='grc' dir='ltr'>ι</span> <span class='ocrx_word' id='word_1_209' title='bbox 2784 1537 2888 1587; x_wconf 80' lang='grc' dir='ltr'>Τὸν</span> <span class='ocrx_word' id='word_1_210' title='bbox 2917 1535 3019 1588; x_wconf 78' lang='grc' dir='ltr'><strong>καί</strong></span> <span class='ocrx_word' id='word_1_211' title='bbox 3041 1533 3339 1602; x_wconf 81' lang='grc' dir='ltr'>σύνδεσμον</span> <span class='ocrx_word' id='word_1_212' title='bbox 3354 1529 3657 1595; x_wconf 82' lang='grc' dir='ltr'>ἁναλλάξας</span> <span class='ocrx_word' id='word_1_213' title='bbox 3687 1531 3717 1580; x_wconf 86' lang='grc' dir='ltr'><strong>ὁ</strong></span> 
     </span>
    </p>
   </div>
   <div class='ocr_carea' id='block_1_32' title="bbox 2122 1627 3713 1702">
    <p class='ocr_par' dir='ltr' id='par_1_32' title="bbox 2122 1627 3713 1702">
     <span class='ocr_line' id='line_1_32' title="bbox 2122 1627 3713 1702; baseline -0.003 -20"><span class='ocrx_word' id='word_1_214' title='bbox 2122 1629 2446 1700; x_wconf 77' lang='grc' dir='ltr'>Σύμμαχος,</span> <span class='ocrx_word' id='word_1_215' title='bbox 2505 1632 2845 1702; x_wconf 71' lang='grc' dir='ltr'>σαφέστερον</span> <span class='ocrx_word' id='word_1_216' title='bbox 2907 1629 3004 1701; x_wconf 80' lang='grc' dir='ltr'>τὴν</span> <span class='ocrx_word' id='word_1_217' title='bbox 3051 1629 3352 1701; x_wconf 77' lang='grc' dir='ltr'>ἑρμηνείαν</span> <span class='ocrx_word' id='word_1_218' title='bbox 3393 1627 3713 1700; x_wconf 74' lang='grc' dir='ltr'>εἰργάσατο.</span> 
     </span>
    </p>
   </div>
   <div class='ocr_carea' id='block_1_33' title="bbox 2127 1721 3711 1793">
    <p class='ocr_par' dir='ltr' id='par_1_33' title="bbox 2127 1721 3711 1793">
     <span class='ocr_line' id='line_1_33' title="bbox 2127 1721 3711 1793; baseline -0.001 -19"><span class='ocrx_word' id='word_1_219' title='bbox 2127 1724 2271 1793; x_wconf 73' lang='grc' dir='ltr'>Ἔφη</span> <span class='ocrx_word' id='word_1_220' title='bbox 2321 1723 2376 1776; x_wconf 77' lang='grc' dir='ltr'><strong>δὲ</strong></span> <span class='ocrx_word' id='word_1_221' title='bbox 2419 1723 2593 1784; x_wconf 72' lang='grc' dir='ltr'>οὕτως</span> <span class='ocrx_word' id='word_1_222' title='bbox 2617 1739 2631 1753; x_wconf 80' lang='lat'><strong><em>°</em></strong></span> <span class='ocrx_word' id='word_1_223' title='bbox 2661 1723 2773 1788; x_wconf 74' lang='grc' dir='ltr'><strong>Δὸς</strong></span> <span class='ocrx_word' id='word_1_224' title='bbox 2803 1721 2949 1792; x_wconf 69' lang='grc' dir='ltr'>ἡμῖν</span> <span class='ocrx_word' id='word_1_225' title='bbox 2985 1723 3284 1787; x_wconf 76' lang='grc' dir='ltr'>,βοήθειαν</span> <span class='ocrx_word' id='word_1_226' title='bbox 3317 1722 3386 1774; x_wconf 81' lang='grc' dir='ltr'>ἐκ</span> <span class='ocrx_word' id='word_1_227' title='bbox 3412 1721 3672 1788; x_wconf 73' lang='grc' dir='ltr'>θλίψεως</span> <span class='ocrx_word' id='word_1_228' title='bbox 3696 1734 3711 1746; x_wconf 91' lang='grc'><strong>·</strong></span> 
     </span>
    </p>
   </div>
   <div class='ocr_carea' id='block_1_34' title="bbox 426 1799 2018 1886">
    <p class='ocr_par' dir='ltr' id='par_1_34' title="bbox 426 1811 2018 1882">
     <span class='ocr_line' id='line_1_34' title="bbox 426 1811 2018 1882; baseline -0.003 -11"><span class='ocrx_word' id='word_1_229' title='bbox 426 1835 510 1880; x_wconf 83' lang='lat' dir='ltr'><strong>ne,</strong></span> <span class='ocrx_word' id='word_1_230' title='bbox 542 1833 674 1870; x_wconf 80' lang='lat' dir='ltr'><strong>vana</strong></span> <span class='ocrx_word' id='word_1_231' title='bbox 706 1814 846 1868; x_wconf 82' lang='lat' dir='ltr'><strong>enim</strong></span> <span class='ocrx_word' id='word_1_232' title='bbox 867 1813 1016 1867; x_wconf 79' lang='lat' dir='ltr'><strong>salus</strong></span> <span class='ocrx_word' id='word_1_233' title='bbox 1041 1812 1293 1864; x_wconf 79' lang='lat' dir='ltr'><strong>hominis.</strong></span> <span class='ocrx_word' id='word_1_234' title='bbox 1322 1811 1424 1865; x_wconf 83' lang='lat' dir='ltr'><strong>Fer</strong></span> <span class='ocrx_word' id='word_1_235' title='bbox 1444 1827 1624 1881; x_wconf 88' lang='lat' dir='ltr'><strong>opem,</strong></span> <span class='ocrx_word' id='word_1_236' title='bbox 1652 1812 1848 1882; x_wconf 90' lang='lat' dir='ltr'><strong>inquit,</strong></span> <span class='ocrx_word' id='word_1_237' title='bbox 1881 1812 2018 1866; x_wconf 88' lang='lat' dir='ltr'><strong>male</strong></span> 
     </span>
    </p>
   </div>
   <div class='ocr_carea' id='block_1_35' title="bbox 2122 1799 3712 1886">
    <p class='ocr_par' dir='ltr' id='par_1_35' title="bbox 2122 1811 3712 1886">
     <span class='ocr_line' id='line_1_35' title="bbox 2122 1811 3712 1886; baseline -0.005 -16"><span class='ocrx_word' id='word_1_238' title='bbox 2122 1817 2342 1886; x_wconf 79' lang='grc' dir='ltr'>ματαία</span> <span class='ocrx_word' id='word_1_239' title='bbox 2376 1816 2486 1886; x_wconf 71' lang='grc' dir='ltr'><strong>γὰρ</strong></span> <span class='ocrx_word' id='word_1_240' title='bbox 2511 1817 2778 1883; x_wconf 81' lang='grc' dir='ltr'>σωτηρία</span> <span class='ocrx_word' id='word_1_241' title='bbox 2801 1815 3138 1879; x_wconf 74' lang='grc' dir='ltr'>ἀνθρώπου.</span> <span class='ocrx_word' id='word_1_242' title='bbox 3165 1815 3498 1882; x_wconf 82' lang='grc' dir='ltr'>Ἐπάμυνον,</span> <span class='ocrx_word' id='word_1_243' title='bbox 3521 1811 3712 1882; x_wconf 68' lang='grc' dir='ltr'>φησὶν,</span> 
     </span>
    </p>
   </div>
   <div class='ocr_carea' id='block_1_36' title="bbox 425 1901 2018 1978">
    <p class='ocr_par' dir='ltr' id='par_1_36' title="bbox 425 1901 2018 1978">
     <span class='ocr_line' id='line_1_36' title="bbox 425 1901 2018 1978; baseline -0.003 -16"><span class='ocrx_word' id='word_1_244' title='bbox 425 1907 656 1973; x_wconf 76' lang='lat' dir='ltr'><strong>allectis,</strong></span> <span class='ocrx_word' id='word_1_245' title='bbox 692 1901 1138 1978; x_wconf 89' lang='lat' dir='ltr'><strong>quandoquidem</strong></span> <span class='ocrx_word' id='word_1_246' title='bbox 1170 1913 1226 1958; x_wconf 91' lang='lat' dir='ltr'><strong>tu</strong></span> <span class='ocrx_word' id='word_1_247' title='bbox 1253 1903 1404 1958; x_wconf 90' lang='lat' dir='ltr'><strong>solus</strong></span> <span class='ocrx_word' id='word_1_248' title='bbox 1428 1903 1769 1958; x_wconf 81' lang='lat' dir='ltr'><strong>calamitates</strong></span> <span class='ocrx_word' id='word_1_249' title='bbox 1803 1904 2018 1958; x_wconf 79' lang='lat' dir='ltr'><strong>solvere</strong></span> 
     </span>
    </p>
   </div>
   <div class='ocr_carea' id='block_1_37' title="bbox 425 1999 2010 2076">
    <p class='ocr_par' dir='ltr' id='par_1_37' title="bbox 425 1999 2010 2076">
     <span class='ocr_line' id='line_1_37' title="bbox 425 1999 2010 2076; baseline -0.003 -17"><span class='ocrx_word' id='word_1_250' title='bbox 425 2017 619 2076; x_wconf 85' lang='lat' dir='ltr'><strong>potes:</strong></span> <span class='ocrx_word' id='word_1_251' title='bbox 650 2003 854 2058; x_wconf 79' lang='lat' dir='ltr'><strong>auxilia</strong></span> <span class='ocrx_word' id='word_1_252' title='bbox 884 2012 1064 2056; x_wconf 88' lang='lat' dir='ltr'><strong>autem</strong></span> <span class='ocrx_word' id='word_1_253' title='bbox 1099 2000 1556 2064; x_wconf 85' lang='lat' dir='ltr'><strong>hominum,cum</strong></span> <span class='ocrx_word' id='word_1_254' title='bbox 1598 2007 1654 2053; x_wconf 92' lang='lat' dir='ltr'><strong>tu</strong></span> <span class='ocrx_word' id='word_1_255' title='bbox 1693 2015 1798 2054; x_wconf 87' lang='lat' dir='ltr'><strong>non</strong></span> <span class='ocrx_word' id='word_1_256' title='bbox 1834 1999 2010 2065; x_wconf 77' lang='lat' dir='ltr'><strong>faves,</strong></span> 
     </span>
    </p>
   </div>
   <div class='ocr_carea' id='block_1_38' title="bbox 423 2092 1589 2159">
    <p class='ocr_par' dir='ltr' id='par_1_38' title="bbox 423 2092 1589 2159">
     <span class='ocr_line' id='line_1_38' title="bbox 423 2092 1589 2159; baseline -0.006 -7"><span class='ocrx_word' id='word_1_257' title='bbox 423 2113 566 2155; x_wconf 76' lang='lat' dir='ltr'><strong>.vana</strong></span> <span class='ocrx_word' id='word_1_258' title='bbox 593 2107 738 2153; x_wconf 91' lang='lat' dir='ltr'><strong>sunt.</strong></span> <span class='ocrx_word' id='word_1_259' title='bbox 775 2094 988 2150; x_wconf 83' lang='lat' dir='ltr'><strong>Idcirco</strong></span> <span class='ocrx_word' id='word_1_260' title='bbox 1021 2093 1218 2149; x_wconf 88' lang='lat' dir='ltr'><strong>merito</strong></span> <span class='ocrx_word' id='word_1_261' title='bbox 1260 2092 1548 2159; x_wconf 69' lang='lat' dir='ltr'><strong>subiunxit</strong></span> <span class='ocrx_word' id='word_1_262' title='bbox 1576 2109 1589 2146; x_wconf 93' lang='lat'><strong>:</strong></span> 
     </span>
    </p>
   </div>
   <div class='ocr_carea' id='block_1_39' title="bbox 496 2271 2018 2346">
    <p class='ocr_par' dir='ltr' id='par_1_39' title="bbox 496 2271 2018 2346">
     <span class='ocr_line' id='line_1_39' title="bbox 496 2271 2018 2346; baseline -0.003 -12"><span class='ocrx_word' id='word_1_263' title='bbox 496 2279 662 2335; x_wconf 74' lang='lat' dir='ltr'><strong>Vens.</strong></span> <span class='ocrx_word' id='word_1_264' title='bbox 696 2275 786 2332; x_wconf 74' lang='lat' dir='ltr'><strong>H.</strong></span> <span class='ocrx_word' id='word_1_265' title='bbox 821 2297 840 2329; x_wconf 73' lang='grc' dir='ltr'><strong>ι</strong></span> <span class='ocrx_word' id='word_1_266' title='bbox 878 2277 939 2333; x_wconf 83' lang='lat' dir='ltr'><strong>In</strong></span> <span class='ocrx_word' id='word_1_267' title='bbox 968 2274 1080 2332; x_wconf 94' lang='lat' dir='ltr'><strong>Deo</strong></span> <span class='ocrx_word' id='word_1_268' title='bbox 1101 2276 1486 2330; x_wconf 79' lang='lat' dir='ltr'><strong>exercebimus</strong></span> <span class='ocrx_word' id='word_1_269' title='bbox 1512 2274 1790 2330; x_wconf 79' lang='lat' dir='ltr'><strong>virtutem.</strong></span> <span class='ocrx_word' id='word_1_270' title='bbox 1830 2293 1847 2326; x_wconf 76' lang='grc' dir='ltr'>ι</span> <span class='ocrx_word' id='word_1_271' title='bbox 1879 2271 2018 2346; x_wconf 80' lang='lat' dir='ltr'><strong>[Hoc</strong></span> 
     </span>
    </p>
   </div>
   <div class='ocr_carea' id='block_1_40' title="bbox 423 2367 2018 2438">
    <p class='ocr_par' dir='ltr' id='par_1_40' title="bbox 423 2367 2018 2438">
     <span class='ocr_line' id='line_1_40' title="bbox 423 2367 2018 2438; baseline -0.004 -11"><span class='ocrx_word' id='word_1_272' title='bbox 423 2381 528 2438; x_wconf 88' lang='lat' dir='ltr'><strong>est,</strong></span> <span class='ocrx_word' id='word_1_273' title='bbox 559 2371 625 2425; x_wconf 89' lang='lat' dir='ltr'><strong>ad</strong></span> <span class='ocrx_word' id='word_1_274' title='bbox 668 2370 821 2424; x_wconf 90' lang='lat' dir='ltr'><strong>illum</strong></span> <span class='ocrx_word' id='word_1_275' title='bbox 847 2367 1160 2431; x_wconf 85' lang='lat' dir='ltr'><strong>redeamus,</strong></span> <span class='ocrx_word' id='word_1_276' title='bbox 1185 2367 1344 2437; x_wconf 85' lang='lat' dir='ltr'><strong>eique</strong></span> <span class='ocrx_word' id='word_1_277' title='bbox 1359 2367 1663 2421; x_wconf 87' lang='lat' dir='ltr'><strong>servientes</strong></span> <span class='ocrx_word' id='word_1_278' title='bbox 1691 2381 1877 2420; x_wconf 90' lang='lat' dir='ltr'><strong>curam</strong></span> <span class='ocrx_word' id='word_1_279' title='bbox 1900 2367 2018 2431; x_wconf 63' lang='lat' dir='ltr'><strong>eius</strong></span> 
     </span>
    </p>
   </div>
   <div class='ocr_carea' id='block_1_41' title="bbox 425 2458 2018 2534">
    <p class='ocr_par' dir='ltr' id='par_1_41' title="bbox 425 2458 2018 2534">
     <span class='ocr_line' id='line_1_41' title="bbox 425 2458 2018 2534; baseline -0.006 -14"><span class='ocrx_word' id='word_1_280' title='bbox 425 2459 776 2534; x_wconf 61' lang='lat' dir='ltr'><strong>sentiamus]</strong></span> <span class='ocrx_word' id='word_1_281' title='bbox 815 2480 833 2513; x_wconf 85' lang='grc' dir='ltr'><strong>ι</strong></span> <span class='ocrx_word' id='word_1_282' title='bbox 871 2459 937 2514; x_wconf 84' lang='grc' dir='ltr'><strong>Ει</strong></span> <span class='ocrx_word' id='word_1_283' title='bbox 971 2461 1086 2530; x_wconf 90' lang='lat' dir='ltr'><strong>ipse</strong></span> <span class='ocrx_word' id='word_1_284' title='bbox 1111 2459 1176 2513; x_wconf 89' lang='lat' dir='ltr'><strong>ad</strong></span> <span class='ocrx_word' id='word_1_285' title='bbox 1208 2459 1438 2512; x_wconf 88' lang='lat' dir='ltr'><strong>nihilum</strong></span> <span class='ocrx_word' id='word_1_286' title='bbox 1473 2459 1702 2512; x_wconf 79' lang='lat' dir='ltr'><strong>deducet</strong></span> <span class='ocrx_word' id='word_1_287' title='bbox 1749 2458 2018 2513; x_wconf 84' lang='lat' dir='ltr'><strong>tribulan-</strong></span> 
     </span>
    </p>
   </div>
   <div class='ocr_carea' id='block_1_42' title="bbox 425 2551 2018 2625">
    <p class='ocr_par' dir='ltr' id='par_1_42' title="bbox 425 2551 2018 2625">
     <span class='ocr_line' id='line_1_42' title="bbox 425 2551 2018 2625; baseline -0.003 -14"><span class='ocrx_word' id='word_1_288' title='bbox 425 2566 511 2613; x_wconf 90' lang='lat' dir='ltr'><strong>tes</strong></span> <span class='ocrx_word' id='word_1_289' title='bbox 540 2571 658 2612; x_wconf 91' lang='lat' dir='ltr'><strong>nos.</strong></span> <span class='ocrx_word' id='word_1_290' title='bbox 695 2574 714 2608; x_wconf 86' lang='grc'><strong>›</strong></span> <span class='ocrx_word' id='word_1_291' title='bbox 751 2551 883 2625; x_wconf 88' lang='lat' dir='ltr'><strong>Ejus</strong></span> <span class='ocrx_word' id='word_1_292' title='bbox 930 2568 1112 2624; x_wconf 84' lang='lat' dir='ltr'><strong>Opem,</strong></span> <span class='ocrx_word' id='word_1_293' title='bbox 1161 2552 1358 2622; x_wconf 89' lang='lat' dir='ltr'><strong>inquit,</strong></span> <span class='ocrx_word' id='word_1_294' title='bbox 1401 2551 1785 2621; x_wconf 88' lang='lat' dir='ltr'><strong>implorcmus,</strong></span> <span class='ocrx_word' id='word_1_295' title='bbox 1815 2559 1870 2604; x_wconf 89' lang='lat' dir='ltr'><strong>et</strong></span> <span class='ocrx_word' id='word_1_296' title='bbox 1917 2551 2018 2606; x_wconf 88' lang='lat' dir='ltr'><strong>hac</strong></span> 
     </span>
    </p>
   </div>
   <div class='ocr_carea' id='block_1_43' title="bbox 423 2644 2018 2716">
    <p class='ocr_par' dir='ltr' id='par_1_43' title="bbox 423 2644 2018 2716">
     <span class='ocr_line' id='line_1_43' title="bbox 423 2644 2018 2716; baseline -0.004 -12"><span class='ocrx_word' id='word_1_297' title='bbox 423 2649 546 2704; x_wconf 81' lang='lat' dir='ltr'><strong>freti</strong></span> <span class='ocrx_word' id='word_1_298' title='bbox 583 2649 780 2703; x_wconf 91' lang='lat' dir='ltr'><strong>simus.</strong></span> <span class='ocrx_word' id='word_1_299' title='bbox 811 2645 927 2716; x_wconf 90' lang='lat' dir='ltr'><strong>Ipsa</strong></span> <span class='ocrx_word' id='word_1_300' title='bbox 962 2660 1202 2716; x_wconf 89' lang='lat' dir='ltr'><strong>namque</strong></span> <span class='ocrx_word' id='word_1_301' title='bbox 1233 2645 1348 2700; x_wconf 87' lang='lat' dir='ltr'><strong>sola</strong></span> <span class='ocrx_word' id='word_1_302' title='bbox 1383 2644 1524 2699; x_wconf 89' lang='lat' dir='ltr'><strong>satis</strong></span> <span class='ocrx_word' id='word_1_303' title='bbox 1546 2652 1632 2700; x_wconf 89' lang='lat' dir='ltr'><strong>est</strong></span> <span class='ocrx_word' id='word_1_304' title='bbox 1671 2644 1738 2698; x_wconf 90' lang='lat' dir='ltr'><strong>ad</strong></span> <span class='ocrx_word' id='word_1_305' title='bbox 1772 2659 1860 2698; x_wconf 90' lang='lat' dir='ltr'><strong>res</strong></span> <span class='ocrx_word' id='word_1_306' title='bbox 1919 2644 2018 2698; x_wconf 89' lang='lat' dir='ltr'><strong>tri-</strong></span> 
     </span>
    </p>
   </div>
   <div class='ocr_carea' id='block_1_44' title="bbox 423 2738 2015 2809">
    <p class='ocr_par' dir='ltr' id='par_1_44' title="bbox 423 2738 2015 2809">
     <span class='ocr_line' id='line_1_44' title="bbox 423 2738 2015 2809; baseline -0.005 -10"><span class='ocrx_word' id='word_1_307' title='bbox 423 2753 535 2800; x_wconf 85' lang='lat' dir='ltr'><strong>stes</strong></span> <span class='ocrx_word' id='word_1_308' title='bbox 564 2741 965 2805; x_wconf 85' lang='lat' dir='ltr'><strong>dissolvendas,</strong></span> <span class='ocrx_word' id='word_1_309' title='bbox 999 2751 1162 2809; x_wconf 87' lang='lat' dir='ltr'><strong>atque</strong></span> <span class='ocrx_word' id='word_1_310' title='bbox 1191 2739 1256 2793; x_wconf 89' lang='lat' dir='ltr'><strong>ad</strong></span> <span class='ocrx_word' id='word_1_311' title='bbox 1294 2738 1652 2794; x_wconf 91' lang='lat' dir='ltr'><strong>inimicorum</strong></span> <span class='ocrx_word' id='word_1_312' title='bbox 1700 2746 2015 2794; x_wconf 89' lang='lat' dir='ltr'><strong>nostrorum</strong></span> 
     </span>
    </p>
   </div>
   <div class='ocr_carea' id='block_1_45' title="bbox 424 2833 1132 2907">
    <p class='ocr_par' dir='ltr' id='par_1_45' title="bbox 424 2833 1132 2907">
     <span class='ocr_line' id='line_1_45' title="bbox 424 2833 1132 2907; baseline -0.004 -14"><span class='ocrx_word' id='word_1_313' title='bbox 424 2837 722 2907; x_wconf 88' lang='lat' dir='ltr'><strong>potentiam</strong></span> <span class='ocrx_word' id='word_1_314' title='bbox 763 2833 1132 2890; x_wconf 82' lang='lat' dir='ltr'><strong>evertendam.</strong></span> 
     </span>
    </p>
   </div>
   <div class='ocr_carea' id='block_1_46' title="bbox 813 2990 1621 3046">
    <p class='ocr_par' dir='ltr' id='par_1_46' title="bbox 813 2990 1621 3046">
     <span class='ocr_line' id='line_1_46' title="bbox 813 2990 1621 3046; baseline 0.001 -1"><span class='ocrx_word' id='word_1_315' title='bbox 813 2991 1134 3046; x_wconf 81' lang='lat' dir='ltr'><strong>&#39;INTERP.</strong></span> <span class='ocrx_word' id='word_1_316' title='bbox 1191 2990 1446 3046; x_wconf 76' lang='lat' dir='ltr'><strong>PSALMI</strong></span> <span class='ocrx_word' id='word_1_317' title='bbox 1511 2991 1621 3046; x_wconf 80' lang='lat' dir='ltr'><strong>LX.</strong></span> 
     </span>
    </p>
   </div>
   <div class='ocr_carea' id='block_1_47' title="bbox 495 3125 2088 3201">
    <p class='ocr_par' dir='ltr' id='par_1_47' title="bbox 495 3125 2088 3201">
     <span class='ocr_line' id='line_1_47' title="bbox 495 3125 2088 3201; baseline -0.003 -17"><span class='ocrx_word' id='word_1_318' title='bbox 495 3129 662 3186; x_wconf 73' lang='lat' dir='ltr'><strong>Vens.</strong></span> <span class='ocrx_word' id='word_1_319' title='bbox 691 3129 739 3183; x_wconf 86' lang='lat' dir='ltr'><strong>l.</strong></span> <span class='ocrx_word' id='word_1_320' title='bbox 779 3147 796 3179; x_wconf 85' lang='grc' dir='ltr'><strong>ι</strong></span> <span class='ocrx_word' id='word_1_321' title='bbox 837 3127 893 3181; x_wconf 91' lang='lat' dir='ltr'><strong>ln</strong></span> <span class='ocrx_word' id='word_1_322' title='bbox 932 3128 1116 3192; x_wconf 84' lang='lat' dir='ltr'><strong>linem,</strong></span> <span class='ocrx_word' id='word_1_323' title='bbox 1150 3127 1203 3180; x_wconf 93' lang='lat' dir='ltr'><strong>in</strong></span> <span class='ocrx_word' id='word_1_324' title='bbox 1241 3127 1457 3197; x_wconf 83' lang='lat' dir='ltr'><strong>hymnis</strong></span> <span class='ocrx_word' id='word_1_325' title='bbox 1506 3125 1718 3180; x_wconf 81' lang='lat' dir='ltr'><strong>Davidi.</strong></span> <span class='ocrx_word' id='word_1_326' title='bbox 1756 3143 1779 3178; x_wconf 75' lang='grc' dir='ltr'>ι</span> <span class='ocrx_word' id='word_1_327' title='bbox 1844 3125 2017 3180; x_wconf 82' lang='lat' dir='ltr'><strong>Exor-</strong></span> <span class='ocrx_word' id='word_1_328' title='bbox 2047 3144 2088 3201; x_wconf 72' lang='grc' dir='ltr'>ο</span> 
     </span>
    </p>
   </div>
   <div class='ocr_carea' id='block_1_48' title="bbox 424 3217 2020 3290">
    <p class='ocr_par' dir='ltr' id='par_1_48' title="bbox 424 3217 2020 3290">
     <span class='ocr_line' id='line_1_48' title="bbox 424 3217 2020 3290; baseline -0.003 -13"><span class='ocrx_word' id='word_1_329' title='bbox 424 3224 575 3278; x_wconf 90' lang='lat' dir='ltr'><strong>dium</strong></span> <span class='ocrx_word' id='word_1_330' title='bbox 638 3220 801 3290; x_wconf 87' lang='lat' dir='ltr'><strong>hujus</strong></span> <span class='ocrx_word' id='word_1_331' title='bbox 837 3219 1054 3288; x_wconf 76' lang='lat'><strong>1008</strong></span> <span class='ocrx_word' id='word_1_332' title='bbox 1089 3218 1281 3288; x_wconf 80' lang='lat' dir='ltr'><strong>psalmi</strong></span> <span class='ocrx_word' id='word_1_333' title='bbox 1315 3219 1616 3288; x_wconf 84' lang='lat' dir='ltr'><strong>superioris</strong></span> <span class='ocrx_word' id='word_1_334' title='bbox 1637 3217 1832 3288; x_wconf 85' lang='lat' dir='ltr'><strong>psalmi</strong></span> <span class='ocrx_word' id='word_1_335' title='bbox 1857 3218 2020 3274; x_wconf 81' lang='lat' dir='ltr'><strong>linem</strong></span> 
     </span>
    </p>
   </div>
   <div class='ocr_carea' id='block_1_49' title="bbox 427 3309 2022 3384">
    <p class='ocr_par' dir='ltr' id='par_1_49' title="bbox 427 3309 2022 3384">
     <span class='ocr_line' id='line_1_49' title="bbox 427 3309 2022 3384; baseline -0.002 -15"><span class='ocrx_word' id='word_1_336' title='bbox 427 3314 700 3384; x_wconf 81' lang='lat' dir='ltr'><strong>sequitur.</strong></span> <span class='ocrx_word' id='word_1_337' title='bbox 732 3311 869 3366; x_wconf 88' lang='lat' dir='ltr'><strong>Nam</strong></span> <span class='ocrx_word' id='word_1_338' title='bbox 899 3327 1022 3366; x_wconf 92' lang='lat' dir='ltr'><strong>cum</strong></span> <span class='ocrx_word' id='word_1_339' title='bbox 1047 3312 1275 3365; x_wconf 73' lang='lat' dir='ltr'><strong>dixisset</strong></span> <span class='ocrx_word' id='word_1_340' title='bbox 1312 3331 1323 3365; x_wconf 95' lang='lat'>:</span> <span class='ocrx_word' id='word_1_341' title='bbox 1365 3329 1382 3365; x_wconf 88' lang='grc' dir='ltr'><strong>ι</strong></span> <span class='ocrx_word' id='word_1_342' title='bbox 1417 3311 1473 3364; x_wconf 91' lang='lat' dir='ltr'><strong>ln</strong></span> <span class='ocrx_word' id='word_1_343' title='bbox 1505 3309 1616 3366; x_wconf 90' lang='lat' dir='ltr'><strong>Deo</strong></span> <span class='ocrx_word' id='word_1_344' title='bbox 1641 3313 2022 3367; x_wconf 84' lang='lat' dir='ltr'><strong>exercebintus</strong></span> 
     </span>
    </p>
   </div>
   <div class='ocr_carea' id='block_1_50' title="bbox 426 3401 2020 3472">
    <p class='ocr_par' dir='ltr' id='par_1_50' title="bbox 426 3401 2020 3472">
     <span class='ocr_line' id='line_1_50' title="bbox 426 3401 2020 3472; baseline -0.002 -11"><span class='ocrx_word' id='word_1_345' title='bbox 426 3408 708 3470; x_wconf 90' lang='lat' dir='ltr'><strong>virtutem,</strong></span> <span class='ocrx_word' id='word_1_346' title='bbox 743 3412 798 3458; x_wconf 86' lang='lat' dir='ltr'><strong>et</strong></span> <span class='ocrx_word' id='word_1_347' title='bbox 838 3404 953 3472; x_wconf 87' lang='lat' dir='ltr'><strong>ipse</strong></span> <span class='ocrx_word' id='word_1_348' title='bbox 993 3401 1060 3456; x_wconf 89' lang='lat' dir='ltr'><strong>ad</strong></span> <span class='ocrx_word' id='word_1_349' title='bbox 1113 3403 1346 3456; x_wconf 89' lang='lat' dir='ltr'><strong>nihilum</strong></span> <span class='ocrx_word' id='word_1_350' title='bbox 1405 3403 1639 3458; x_wconf 85' lang='lat' dir='ltr'><strong>deducet</strong></span> <span class='ocrx_word' id='word_1_351' title='bbox 1697 3403 2020 3458; x_wconf 86' lang='lat' dir='ltr'><strong>tribulantes</strong></span> 
     </span>
    </p>
   </div>
   <div class='ocr_carea' id='block_1_51' title="bbox 427 3495 2020 3566">
    <p class='ocr_par' dir='ltr' id='par_1_51' title="bbox 427 3495 2020 3566">
     <span class='ocr_line' id='line_1_51' title="bbox 427 3495 2020 3566; baseline -0.001 -14"><span class='ocrx_word' id='word_1_352' title='bbox 427 3512 550 3564; x_wconf 89' lang='lat' dir='ltr'><strong>nos,</strong></span> <span class='ocrx_word' id='word_1_353' title='bbox 595 3516 612 3548; x_wconf 84' lang='grc'>›</span> <span class='ocrx_word' id='word_1_354' title='bbox 657 3497 817 3550; x_wconf 86' lang='lat' dir='ltr'><strong>docet</strong></span> <span class='ocrx_word' id='word_1_355' title='bbox 842 3496 1119 3565; x_wconf 86' lang='lat' dir='ltr'><strong>captivum</strong></span> <span class='ocrx_word' id='word_1_356' title='bbox 1155 3495 1438 3564; x_wconf 80' lang='lat' dir='ltr'><strong>papulum,</strong></span> <span class='ocrx_word' id='word_1_357' title='bbox 1470 3511 1610 3564; x_wconf 89' lang='lat' dir='ltr'><strong>quas</strong></span> <span class='ocrx_word' id='word_1_358' title='bbox 1661 3511 1853 3566; x_wconf 83' lang='lat' dir='ltr'><strong>preces</strong></span> <span class='ocrx_word' id='word_1_359' title='bbox 1911 3496 2020 3550; x_wconf 90' lang='lat' dir='ltr'><strong>Deo</strong></span> 
     </span>
    </p>
   </div>
   <div class='ocr_carea' id='block_1_52' title="bbox 427 3585 2019 3657">
    <p class='ocr_par' dir='ltr' id='par_1_52' title="bbox 427 3585 2019 3657">
     <span class='ocr_line' id='line_1_52' title="bbox 427 3585 2019 3657; baseline -0.002 -15"><span class='ocrx_word' id='word_1_360' title='bbox 427 3587 623 3642; x_wconf 74' lang='lat' dir='ltr'><strong>aﬂ‘erre</strong></span> <span class='ocrx_word' id='word_1_361' title='bbox 667 3587 878 3642; x_wconf 88' lang='lat' dir='ltr'><strong>deceat.</strong></span> <span class='ocrx_word' id='word_1_362' title='bbox 915 3585 1194 3657; x_wconf 68' lang='lat' dir='ltr'><strong>[Prmdicit</strong></span> <span class='ocrx_word' id='word_1_363' title='bbox 1222 3601 1349 3640; x_wconf 85' lang='lat' dir='ltr'><strong>vero</strong></span> <span class='ocrx_word' id='word_1_364' title='bbox 1379 3586 1545 3641; x_wconf 87' lang='lat' dir='ltr'><strong>etiam</strong></span> <span class='ocrx_word' id='word_1_365' title='bbox 1580 3602 1704 3656; x_wconf 83' lang='lat' dir='ltr'><strong>quae</strong></span> <span class='ocrx_word' id='word_1_366' title='bbox 1753 3585 2019 3640; x_wconf 87' lang='lat' dir='ltr'><strong>Dominus</strong></span> 
     </span>
    </p>
   </div>
   <div class='ocr_carea' id='block_1_53' title="bbox 427 3676 2020 3746">
    <p class='ocr_par' dir='ltr' id='par_1_53' title="bbox 427 3676 2020 3746">
     <span class='ocr_line' id='line_1_53' title="bbox 427 3676 2020 3746; baseline -0.001 -13"><span class='ocrx_word' id='word_1_367' title='bbox 427 3677 680 3734; x_wconf 76' lang='lat' dir='ltr'><strong>Christus</strong></span> <span class='ocrx_word' id='word_1_368' title='bbox 713 3676 857 3732; x_wconf 90' lang='lat' dir='ltr'><strong>Deus</strong></span> <span class='ocrx_word' id='word_1_369' title='bbox 894 3684 1080 3731; x_wconf 91' lang='lat' dir='ltr'><strong>noster</strong></span> <span class='ocrx_word' id='word_1_370' title='bbox 1107 3690 1207 3746; x_wconf 94' lang='lat' dir='ltr'><strong>pro</strong></span> <span class='ocrx_word' id='word_1_371' title='bbox 1225 3676 1385 3732; x_wconf 88' lang='lat' dir='ltr'><strong>nobis</strong></span> <span class='ocrx_word' id='word_1_372' title='bbox 1419 3687 1776 3746; x_wconf 80' lang='lat' dir='ltr'><strong>suscepturus</strong></span> <span class='ocrx_word' id='word_1_373' title='bbox 1802 3678 1895 3742; x_wconf 88' lang='lat' dir='ltr'><strong>sit,</strong></span> <span class='ocrx_word' id='word_1_374' title='bbox 1921 3691 2020 3732; x_wconf 90' lang='lat' dir='ltr'><strong>nec</strong></span> 
     </span>
    </p>
   </div>
   <div class='ocr_carea' id='block_1_54' title="bbox 427 3769 1943 3842">
    <p class='ocr_par' dir='ltr' id='par_1_54' title="bbox 427 3769 1943 3842">
     <span class='ocr_line' id='line_1_54' title="bbox 427 3769 1943 3842; baseline -0.003 -15"><span class='ocrx_word' id='word_1_375' title='bbox 427 3787 537 3828; x_wconf 79' lang='lat' dir='ltr'><strong>non</strong></span> <span class='ocrx_word' id='word_1_376' title='bbox 593 3770 779 3842; x_wconf 89' lang='lat' dir='ltr'><strong>populi</strong></span> <span class='ocrx_word' id='word_1_377' title='bbox 813 3786 843 3826; x_wconf 92' lang='lat' dir='ltr'><strong>e</strong></span> <span class='ocrx_word' id='word_1_378' title='bbox 874 3770 1130 3841; x_wconf 74' lang='lat' dir='ltr'><strong>gentibus</strong></span> <span class='ocrx_word' id='word_1_379' title='bbox 1158 3769 1465 3825; x_wconf 86' lang='lat' dir='ltr'><strong>adducendi</strong></span> <span class='ocrx_word' id='word_1_380' title='bbox 1497 3771 1943 3825; x_wconf 88' lang='lat' dir='ltr'><strong>conversionem.</strong></span> 
     </span>
    </p>
   </div>
   <div class='ocr_carea' id='block_1_55' title="bbox 494 3945 2013 4018">
    <p class='ocr_par' dir='ltr' id='par_1_55' title="bbox 494 3945 2013 4018">
     <span class='ocr_line' id='line_1_55' title="bbox 494 3945 2013 4018; baseline -0.005 -17"><span class='ocrx_word' id='word_1_381' title='bbox 494 3945 662 4002; x_wconf 70' lang='lat' dir='ltr'><strong>Vens.</strong></span> <span class='ocrx_word' id='word_1_382' title='bbox 681 3947 736 4001; x_wconf 75' lang='lat'><strong>2.</strong></span> <span class='ocrx_word' id='word_1_383' title='bbox 763 3966 781 3999; x_wconf 91' lang='grc' dir='ltr'><strong>ι</strong></span> <span class='ocrx_word' id='word_1_384' title='bbox 804 3946 1043 4013; x_wconf 63' lang='lat' dir='ltr'><strong>Exaudi,</strong></span> <span class='ocrx_word' id='word_1_385' title='bbox 1076 3963 1109 4002; x_wconf 91' lang='grc' dir='ltr'><strong>ο</strong></span> <span class='ocrx_word' id='word_1_386' title='bbox 1139 3945 1308 4011; x_wconf 89' lang='lat' dir='ltr'><strong>Deus,</strong></span> <span class='ocrx_word' id='word_1_387' title='bbox 1333 3947 1772 4018; x_wconf 88' lang='lat' dir='ltr'><strong>deprecationem</strong></span> <span class='ocrx_word' id='word_1_388' title='bbox 1812 3961 2013 4011; x_wconf 84' lang='lat' dir='ltr'><strong>meam,</strong></span> 
     </span>
    </p>
   </div>
   <div class='ocr_carea' id='block_1_56' title="bbox 411 4038 2013 4110">
    <p class='ocr_par' dir='ltr' id='par_1_56' title="bbox 411 4038 2013 4110">
     <span class='ocr_line' id='line_1_56' title="bbox 411 4038 2013 4110; baseline -0.001 -16"><span class='ocrx_word' id='word_1_389' title='bbox 411 4040 644 4095; x_wconf 82' lang='lat' dir='ltr'><strong>attende</strong></span> <span class='ocrx_word' id='word_1_390' title='bbox 676 4039 742 4094; x_wconf 87' lang='lat' dir='ltr'><strong>ad</strong></span> <span class='ocrx_word' id='word_1_391' title='bbox 800 4042 1105 4095; x_wconf 88' lang='lat' dir='ltr'><strong>orationem</strong></span> <span class='ocrx_word' id='word_1_392' title='bbox 1171 4055 1369 4095; x_wconf 86' lang='lat' dir='ltr'><strong>meam.</strong></span> <span class='ocrx_word' id='word_1_393' title='bbox 1417 4059 1435 4092; x_wconf 74' lang='grc' dir='ltr'>ι</span> <span class='ocrx_word' id='word_1_394' title='bbox 1496 4038 1727 4110; x_wconf 88' lang='lat' dir='ltr'><strong>Suscipe</strong></span> <span class='ocrx_word' id='word_1_395' title='bbox 1752 4081 1764 4104; x_wconf 91' lang='lat'><strong>,</strong></span> <span class='ocrx_word' id='word_1_396' title='bbox 1795 4039 2013 4109; x_wconf 91' lang='lat' dir='ltr'><strong>inquit,</strong></span> 
     </span>
    </p>
   </div>
   <div class='ocr_carea' id='block_1_57' title="bbox 427 4131 2016 4203">
    <p class='ocr_par' dir='ltr' id='par_1_57' title="bbox 427 4131 2016 4203">
     <span class='ocr_line' id='line_1_57' title="bbox 427 4131 2016 4203; baseline 0.001 -17"><span class='ocrx_word' id='word_1_397' title='bbox 427 4149 578 4188; x_wconf 87' lang='lat' dir='ltr'><strong>meas</strong></span> <span class='ocrx_word' id='word_1_398' title='bbox 609 4149 822 4203; x_wconf 87' lang='lat' dir='ltr'><strong>preces,</strong></span> <span class='ocrx_word' id='word_1_399' title='bbox 856 4149 889 4187; x_wconf 92' lang='grc' dir='ltr'><strong>ο</strong></span> <span class='ocrx_word' id='word_1_400' title='bbox 922 4131 1170 4200; x_wconf 89' lang='lat' dir='ltr'><strong>Domine,</strong></span> <span class='ocrx_word' id='word_1_401' title='bbox 1205 4141 1259 4187; x_wconf 91' lang='lat' dir='ltr'><strong>et</strong></span> <span class='ocrx_word' id='word_1_402' title='bbox 1289 4133 1523 4202; x_wconf 82' lang='lat' dir='ltr'><strong>benigne</strong></span> <span class='ocrx_word' id='word_1_403' title='bbox 1555 4135 1720 4188; x_wconf 88' lang='lat' dir='ltr'><strong>verba</strong></span> <span class='ocrx_word' id='word_1_404' title='bbox 1751 4133 2016 4188; x_wconf 87' lang='lat' dir='ltr'><strong>orationis</strong></span> 
     </span>
    </p>
   </div>
   <div class='ocr_carea' id='block_1_58' title="bbox 424 4226 2015 4298">
    <p class='ocr_par' dir='ltr' id='par_1_58' title="bbox 424 4226 2015 4298">
     <span class='ocr_line' id='line_1_58' title="bbox 424 4226 2015 4298; baseline 0.002 -18"><span class='ocrx_word' id='word_1_405' title='bbox 424 4243 560 4281; x_wconf 75' lang='lat' dir='ltr'><strong>mea:</strong></span> <span class='ocrx_word' id='word_1_406' title='bbox 587 4228 806 4282; x_wconf 78' lang='lat' dir='ltr'><strong>exaudi.</strong></span> <span class='ocrx_word' id='word_1_407' title='bbox 834 4226 986 4298; x_wconf 68' lang='lat' dir='ltr'><strong>[llaec</strong></span> <span class='ocrx_word' id='word_1_408' title='bbox 1012 4228 1173 4282; x_wconf 90' lang='lat' dir='ltr'><strong>etiam</strong></span> <span class='ocrx_word' id='word_1_409' title='bbox 1197 4228 1322 4297; x_wconf 86' lang='lat' dir='ltr'><strong>jure</strong></span> <span class='ocrx_word' id='word_1_410' title='bbox 1348 4228 1528 4282; x_wconf 89' lang='lat' dir='ltr'><strong>dicere</strong></span> <span class='ocrx_word' id='word_1_411' title='bbox 1560 4236 1742 4298; x_wconf 87' lang='lat' dir='ltr'><strong>potest</strong></span> <span class='ocrx_word' id='word_1_412' title='bbox 1767 4228 2015 4296; x_wconf 83' lang='lat' dir='ltr'><strong>quisquis</strong></span> 
     </span>
    </p>
   </div>
   <div class='ocr_carea' id='block_1_59' title="bbox 423 4319 2014 4389">
    <p class='ocr_par' dir='ltr' id='par_1_59' title="bbox 423 4319 2014 4389">
     <span class='ocr_line' id='line_1_59' title="bbox 423 4319 2014 4389; baseline -0.003 -13"><span class='ocrx_word' id='word_1_413' title='bbox 423 4320 482 4376; x_wconf 90' lang='lat' dir='ltr'><strong>in</strong></span> <span class='ocrx_word' id='word_1_414' title='bbox 517 4320 885 4374; x_wconf 88' lang='lat' dir='ltr'><strong>calamitatem</strong></span> <span class='ocrx_word' id='word_1_415' title='bbox 917 4321 1190 4387; x_wconf 89' lang='lat' dir='ltr'><strong>inciderit,</strong></span> <span class='ocrx_word' id='word_1_416' title='bbox 1223 4331 1282 4375; x_wconf 88' lang='lat' dir='ltr'><strong>ut</strong></span> <span class='ocrx_word' id='word_1_417' title='bbox 1308 4321 1490 4375; x_wconf 84' lang='lat' dir='ltr'><strong>verbis</strong></span> <span class='ocrx_word' id='word_1_418' title='bbox 1543 4319 1693 4375; x_wconf 83' lang='lat' dir='ltr'><strong>hisce</strong></span> <span class='ocrx_word' id='word_1_419' title='bbox 1725 4320 2014 4389; x_wconf 91' lang='lat' dir='ltr'><strong>supplicet,</strong></span> 
     </span>
    </p>
   </div>
   <div class='ocr_carea' id='block_1_60' title="bbox 425 4410 2014 4482">
    <p class='ocr_par' dir='ltr' id='par_1_60' title="bbox 425 4410 2014 4482">
     <span class='ocr_line' id='line_1_60' title="bbox 425 4410 2014 4482; baseline 0 -17"><span class='ocrx_word' id='word_1_420' title='bbox 425 4411 555 4466; x_wconf 85' lang='lat' dir='ltr'><strong>velit</strong></span> <span class='ocrx_word' id='word_1_421' title='bbox 589 4410 732 4466; x_wconf 92' lang='lat' dir='ltr'><strong>Deus</strong></span> <span class='ocrx_word' id='word_1_422' title='bbox 758 4427 946 4482; x_wconf 86' lang='lat' dir='ltr'><strong>preces</strong></span> <span class='ocrx_word' id='word_1_423' title='bbox 997 4423 1254 4475; x_wconf 87' lang='lat' dir='ltr'><strong>acceptas</strong></span> <span class='ocrx_word' id='word_1_424' title='bbox 1291 4413 1516 4476; x_wconf 87' lang='lat' dir='ltr'><strong>habere,</strong></span> <span class='ocrx_word' id='word_1_425' title='bbox 1549 4420 1605 4465; x_wconf 90' lang='lat' dir='ltr'><strong>et</strong></span> <span class='ocrx_word' id='word_1_426' title='bbox 1655 4412 1882 4481; x_wconf 87' lang='lat' dir='ltr'><strong>provida</strong></span> <span class='ocrx_word' id='word_1_427' title='bbox 1917 4427 2014 4467; x_wconf 86' lang='lat' dir='ltr'><strong>sua</strong></span> 
     </span>
    </p>
   </div>
   <div class='ocr_carea' id='block_1_61' title="bbox 411 4504 2014 4578">
    <p class='ocr_par' dir='ltr' id='par_1_61' title="bbox 411 4504 2014 4578">
     <span class='ocr_line' id='line_1_61' title="bbox 411 4504 2014 4578; baseline -0.002 -18"><span class='ocrx_word' id='word_1_428' title='bbox 411 4520 556 4560; x_wconf 80' lang='lat' dir='ltr'><strong>cura</strong></span> <span class='ocrx_word' id='word_1_429' title='bbox 581 4505 795 4576; x_wconf 83' lang='lat' dir='ltr'><strong>dignari</strong></span> <span class='ocrx_word' id='word_1_430' title='bbox 845 4504 1167 4578; x_wconf 64' lang='lat' dir='ltr'><strong>petentem]</strong></span> <span class='ocrx_word' id='word_1_431' title='bbox 1203 4504 1408 4561; x_wconf 86' lang='lat' dir='ltr'><strong>Deinde</strong></span> <span class='ocrx_word' id='word_1_432' title='bbox 1459 4504 1620 4559; x_wconf 88' lang='lat' dir='ltr'><strong>docet</strong></span> <span class='ocrx_word' id='word_1_433' title='bbox 1662 4505 1756 4574; x_wconf 90' lang='lat' dir='ltr'><strong>qui</strong></span> <span class='ocrx_word' id='word_1_434' title='bbox 1815 4505 1927 4560; x_wconf 92' lang='lat' dir='ltr'><strong>sint</strong></span> <span class='ocrx_word' id='word_1_435' title='bbox 1978 4505 2014 4558; x_wconf 90' lang='lat' dir='ltr'><strong>ii</strong></span> 
     </span>
    </p>
   </div>
   <div class='ocr_carea' id='block_1_62' title="bbox 419 4593 930 4664">
    <p class='ocr_par' dir='ltr' id='par_1_62' title="bbox 419 4593 930 4664">
     <span class='ocr_line' id='line_1_62' title="bbox 419 4593 930 4664; baseline 0.006 -17"><span class='ocrx_word' id='word_1_436' title='bbox 419 4593 522 4664; x_wconf 89' lang='lat' dir='ltr'><strong>qui</strong></span> <span class='ocrx_word' id='word_1_437' title='bbox 549 4595 930 4663; x_wconf 83' lang='lat' dir='ltr'><strong>deprecantur.</strong></span> 
     </span>
    </p>
   </div>
   <div class='ocr_carea' id='block_1_63' title="bbox 501 4683 2012 4754">
    <p class='ocr_par' dir='ltr' id='par_1_63' title="bbox 501 4683 2012 4754">
     <span class='ocr_line' id='line_1_63' title="bbox 501 4683 2012 4754; baseline 0.003 -16"><span class='ocrx_word' id='word_1_438' title='bbox 501 4683 672 4740; x_wconf 77' lang='lat' dir='ltr'><strong>VEns.</strong></span> <span class='ocrx_word' id='word_1_439' title='bbox 697 4687 749 4741; x_wconf 76' lang='lat'><strong>5.</strong></span> <span class='ocrx_word' id='word_1_440' title='bbox 786 4707 804 4739; x_wconf 88' lang='grc' dir='ltr'><strong>ι</strong></span> <span class='ocrx_word' id='word_1_441' title='bbox 840 4688 883 4740; x_wconf 88' lang='grc' dir='ltr'>Α</span> <span class='ocrx_word' id='word_1_442' title='bbox 914 4688 1116 4744; x_wconf 85' lang='lat' dir='ltr'><strong>tinibus</strong></span> <span class='ocrx_word' id='word_1_443' title='bbox 1153 4695 1312 4742; x_wconf 76' lang='lat' dir='ltr'><strong>terra:</strong></span> <span class='ocrx_word' id='word_1_444' title='bbox 1333 4687 1398 4743; x_wconf 86' lang='lat' dir='ltr'><strong>ad</strong></span> <span class='ocrx_word' id='word_1_445' title='bbox 1428 4696 1480 4742; x_wconf 89' lang='lat' dir='ltr'><strong>te</strong></span> <span class='ocrx_word' id='word_1_446' title='bbox 1501 4686 1752 4743; x_wconf 87' lang='lat' dir='ltr'><strong>clamavi.</strong></span> <span class='ocrx_word' id='word_1_447' title='bbox 1798 4707 1817 4740; x_wconf 70' lang='grc' dir='ltr'>ι</span> <span class='ocrx_word' id='word_1_448' title='bbox 1863 4689 2012 4754; x_wconf 83' lang='lat' dir='ltr'><strong>Quo-</strong></span> 
     </span>
    </p>
   </div>
   <div class='ocr_carea' id='block_1_64' title="bbox 419 4777 2016 4852">
    <p class='ocr_par' dir='ltr' id='par_1_64' title="bbox 419 4777 2016 4852">
     <span class='ocr_line' id='line_1_64' title="bbox 419 4777 2016 4852; baseline 0.003 -21"><span class='ocrx_word' id='word_1_449' title='bbox 419 4777 573 4832; x_wconf 75' lang='lat' dir='ltr'><strong>niam</strong></span> <span class='ocrx_word' id='word_1_450' title='bbox 609 4779 753 4833; x_wconf 88' lang='lat' dir='ltr'><strong>enim</strong></span> <span class='ocrx_word' id='word_1_451' title='bbox 785 4781 973 4836; x_wconf 84' lang='lat' dir='ltr'><strong>multis</strong></span> <span class='ocrx_word' id='word_1_452' title='bbox 1005 4780 1385 4836; x_wconf 85' lang='lat' dir='ltr'><strong>mansionibus</strong></span> <span class='ocrx_word' id='word_1_453' title='bbox 1411 4779 1654 4852; x_wconf 60' lang='lat' dir='ltr'><strong>Babylon</strong></span> <span class='ocrx_word' id='word_1_454' title='bbox 1677 4796 1708 4836; x_wconf 86' lang='lat' dir='ltr'><strong>a</strong></span> <span class='ocrx_word' id='word_1_455' title='bbox 1729 4781 2016 4837; x_wconf 67' lang='lat' dir='ltr'><strong>Palaestina</strong></span> 
     </span>
    </p>
   </div>
   <div class='ocr_carea' id='block_1_65' title="bbox 419 4871 2016 4942">
    <p class='ocr_par' dir='ltr' id='par_1_65' title="bbox 419 4871 2016 4942">
     <span class='ocr_line' id='line_1_65' title="bbox 419 4871 2016 4942; baseline 0.001 -15"><span class='ocrx_word' id='word_1_456' title='bbox 419 4871 690 4938; x_wconf 80' lang='lat' dir='ltr'><strong>distabat,</strong></span> <span class='ocrx_word' id='word_1_457' title='bbox 727 4874 762 4926; x_wconf 93' lang='lat' dir='ltr'><strong>ii</strong></span> <span class='ocrx_word' id='word_1_458' title='bbox 792 4874 885 4942; x_wconf 92' lang='lat' dir='ltr'><strong>qui</strong></span> <span class='ocrx_word' id='word_1_459' title='bbox 927 4873 980 4928; x_wconf 92' lang='lat' dir='ltr'><strong>in</strong></span> <span class='ocrx_word' id='word_1_460' title='bbox 1016 4873 1338 4928; x_wconf 88' lang='lat' dir='ltr'><strong>servitutem</strong></span> <span class='ocrx_word' id='word_1_461' title='bbox 1397 4873 1619 4929; x_wconf 86' lang='lat' dir='ltr'><strong>abducti</strong></span> <span class='ocrx_word' id='word_1_462' title='bbox 1681 4885 1861 4942; x_wconf 88' lang='lat' dir='ltr'><strong>erant,</strong></span> <span class='ocrx_word' id='word_1_463' title='bbox 1916 4891 2016 4930; x_wconf 80' lang='lat' dir='ltr'><strong>ex-</strong></span> 
     </span>
    </p>
   </div>
   <div class='ocr_carea' id='block_1_66' title="bbox 425 4964 2014 5037">
    <p class='ocr_par' dir='ltr' id='par_1_66' title="bbox 425 4964 2014 5037">
     <span class='ocr_line' id='line_1_66' title="bbox 425 4964 2014 5037; baseline 0.001 -19"><span class='ocrx_word' id='word_1_464' title='bbox 425 4964 917 5021; x_wconf 66' lang='lat' dir='ltr'><strong>tremitatesterrae</strong></span> <span class='ocrx_word' id='word_1_465' title='bbox 962 4978 1022 5020; x_wconf 85' lang='lat' dir='ltr'><strong>se</strong></span> <span class='ocrx_word' id='word_1_466' title='bbox 1079 4965 1319 5021; x_wconf 87' lang='lat' dir='ltr'><strong>incolere</strong></span> <span class='ocrx_word' id='word_1_467' title='bbox 1355 4965 1803 5037; x_wconf 85' lang='lat' dir='ltr'><strong>suspicabantur,</strong></span> <span class='ocrx_word' id='word_1_468' title='bbox 1866 4969 2014 5021; x_wconf 88' lang='lat' dir='ltr'><strong>illam</strong></span> 
     </span>
    </p>
   </div>
   <div class='ocr_carea' id='block_1_67' title="bbox 2122 1903 3714 1979">
    <p class='ocr_par' dir='ltr' id='par_1_67' title="bbox 2122 1903 3714 1979">
     <span class='ocr_line' id='line_1_67' title="bbox 2122 1903 3714 1979; baseline -0.003 -18"><span class='ocrx_word' id='word_1_469' title='bbox 2122 1909 2488 1979; x_wconf 77' lang='grc' dir='ltr'>διακειμένοις</span> <span class='ocrx_word' id='word_1_470' title='bbox 2527 1909 2750 1970; x_wconf 79' lang='grc' dir='ltr'>κακῶς·</span> <span class='ocrx_word' id='word_1_471' title='bbox 2790 1909 2874 1960; x_wconf 71' lang='grc' dir='ltr'><strong>σοὶ</strong></span> <span class='ocrx_word' id='word_1_472' title='bbox 2927 1909 3038 1978; x_wconf 81' lang='grc' dir='ltr'><strong>γάρ</strong></span> <span class='ocrx_word' id='word_1_473' title='bbox 3080 1907 3226 1977; x_wconf 85' lang='grc' dir='ltr'>μόνῳ</span> <span class='ocrx_word' id='word_1_474' title='bbox 3253 1906 3479 1959; x_wconf 78' lang='grc' dir='ltr'>δυνατὸν</span> <span class='ocrx_word' id='word_1_475' title='bbox 3525 1903 3714 1958; x_wconf 84' lang='grc' dir='ltr'>διαλῦ-</span> 
     </span>
    </p>
   </div>
   <div class='ocr_carea' id='block_1_68' title="bbox 2124 1997 3711 2071">
    <p class='ocr_par' dir='ltr' id='par_1_68' title="bbox 2124 1997 3711 2071">
     <span class='ocr_line' id='line_1_68' title="bbox 2124 1997 3711 2071; baseline -0.003 -17"><span class='ocrx_word' id='word_1_476' title='bbox 2124 2019 2214 2054; x_wconf 83' lang='grc' dir='ltr'><strong>σαι</strong></span> <span class='ocrx_word' id='word_1_477' title='bbox 2249 2001 2344 2064; x_wconf 62' lang='lat' dir='ltr'><strong>tit;</strong></span> <span class='ocrx_word' id='word_1_478' title='bbox 2378 2001 2664 2071; x_wconf 68' lang='grc' dir='ltr'>συμφοράς</span> <span class='ocrx_word' id='word_1_479' title='bbox 2683 2017 2696 2030; x_wconf 89' lang='grc'><strong>·</strong></span> <span class='ocrx_word' id='word_1_480' title='bbox 2727 2001 2784 2054; x_wconf 87' lang='grc' dir='ltr'>αἱ</span> <span class='ocrx_word' id='word_1_481' title='bbox 2811 2001 2866 2053; x_wconf 82' lang='grc' dir='ltr'><strong>δὲ</strong></span> <span class='ocrx_word' id='word_1_482' title='bbox 2889 2001 3000 2054; x_wconf 86' lang='grc' dir='ltr'><strong>τῶν</strong></span> <span class='ocrx_word' id='word_1_483' title='bbox 3028 1999 3338 2069; x_wconf 80' lang='grc' dir='ltr'>ἀνθρώπων</span> <span class='ocrx_word' id='word_1_484' title='bbox 3367 1997 3711 2068; x_wconf 78' lang='grc' dir='ltr'>ἐπικουρίαι,</span> 
     </span>
    </p>
   </div>
   <div class='ocr_carea' id='block_1_69' title="bbox 2123 2091 3714 2164">
    <p class='ocr_par' dir='ltr' id='par_1_69' title="bbox 2123 2091 3714 2164">
     <span class='ocr_line' id='line_1_69' title="bbox 2123 2091 3714 2164; baseline -0.003 -19"><span class='ocrx_word' id='word_1_485' title='bbox 2123 2093 2218 2147; x_wconf 74' lang='grc' dir='ltr'><strong>σοῦ</strong></span> <span class='ocrx_word' id='word_1_486' title='bbox 2270 2093 2346 2164; x_wconf 84' lang='grc' dir='ltr'>μὴ</span> <span class='ocrx_word' id='word_1_487' title='bbox 2402 2094 2557 2156; x_wconf 77' lang='grc' dir='ltr'>ὄντος</span> <span class='ocrx_word' id='word_1_488' title='bbox 2590 2093 2657 2158; x_wconf 80' lang='grc' dir='ltr'><strong>⁵ο,</strong></span> <span class='ocrx_word' id='word_1_489' title='bbox 2697 2093 2918 2163; x_wconf 81' lang='grc' dir='ltr'>μάταιοι</span> <span class='ocrx_word' id='word_1_490' title='bbox 2956 2093 3022 2146; x_wconf 78' lang='grc'><strong>⁸⁸.</strong></span> <span class='ocrx_word' id='word_1_491' title='bbox 3064 2091 3156 2144; x_wconf 80' lang='grc' dir='ltr'><strong>Διὸ</strong></span> <span class='ocrx_word' id='word_1_492' title='bbox 3213 2091 3442 2154; x_wconf 85' lang='grc' dir='ltr'>εἰκότως</span> <span class='ocrx_word' id='word_1_493' title='bbox 3499 2092 3714 2160; x_wconf 72' lang='grc' dir='ltr'>ἐπήγα-</span> 
     </span>
    </p>
   </div>
   <div class='ocr_carea' id='block_1_70' title="bbox 2122 2204 2253 2256">
    <p class='ocr_par' dir='ltr' id='par_1_70' title="bbox 2122 2204 2253 2256">
     <span class='ocr_line' id='line_1_70' title="bbox 2122 2204 2253 2256; baseline -0.008 -14"><span class='ocrx_word' id='word_1_494' title='bbox 2122 2204 2218 2256; x_wconf 83' lang='grc' dir='ltr'><strong>γεν</strong></span> <span class='ocrx_word' id='word_1_495' title='bbox 2242 2204 2253 2217; x_wconf 90' lang='grc'><strong>¹</strong></span> 
     </span>
    </p>
   </div>
   <div class='ocr_carea' id='block_1_71' title="bbox 2194 2275 3715 2349">
    <p class='ocr_par' dir='ltr' id='par_1_71' title="bbox 2194 2275 3715 2349">
     <span class='ocr_line' id='line_1_71' title="bbox 2194 2275 3715 2349; baseline -0.003 -17"><span class='ocrx_word' id='word_1_496' title='bbox 2194 2279 2276 2332; x_wconf 78' lang='grc' dir='ltr'>ιδ’.</span> <span class='ocrx_word' id='word_1_497' title='bbox 2320 2299 2336 2331; x_wconf 81' lang='grc' dir='ltr'><strong>ι</strong></span> <span class='ocrx_word' id='word_1_498' title='bbox 2373 2279 2465 2331; x_wconf 87' lang='grc' dir='ltr'>Ἐν</span> <span class='ocrx_word' id='word_1_499' title='bbox 2497 2277 2574 2348; x_wconf 81' lang='grc' dir='ltr'>τῷ</span> <span class='ocrx_word' id='word_1_500' title='bbox 2605 2278 2723 2349; x_wconf 83' lang='grc' dir='ltr'>Θεῷ</span> <span class='ocrx_word' id='word_1_501' title='bbox 2757 2279 3059 2347; x_wconf 77' lang='grc' dir='ltr'>ποιήσομεν</span> <span class='ocrx_word' id='word_1_502' title='bbox 3109 2277 3367 2348; x_wconf 85' lang='grc' dir='ltr'>δύναμιν.</span> <span class='ocrx_word' id='word_1_503' title='bbox 3404 2295 3420 2327; x_wconf 75' lang='grc' dir='ltr'>ι</span> <span class='ocrx_word' id='word_1_504' title='bbox 3463 2275 3534 2348; x_wconf 70' lang='grc' dir='ltr'><strong>[η</strong></span> <span class='ocrx_word' id='word_1_505' title='bbox 3563 2276 3715 2330; x_wconf 75' lang='grc' dir='ltr'>Ἀντὶ</span> 
     </span>
    </p>
   </div>
   <div class='ocr_carea' id='block_1_72' title="bbox 2121 2367 3714 2440">
    <p class='ocr_par' dir='ltr' id='par_1_72' title="bbox 2121 2367 3714 2440">
     <span class='ocr_line' id='line_1_72' title="bbox 2121 2367 3714 2440; baseline -0.002 -17"><span class='ocrx_word' id='word_1_506' title='bbox 2121 2368 2240 2435; x_wconf 78' lang='grc' dir='ltr'>τοῦ,</span> <span class='ocrx_word' id='word_1_507' title='bbox 2280 2372 2370 2422; x_wconf 80' lang='grc' dir='ltr'><strong>ἐπ’</strong></span> <span class='ocrx_word' id='word_1_508' title='bbox 2402 2370 2570 2423; x_wconf 79' lang='grc' dir='ltr'>αὐτὸν</span> <span class='ocrx_word' id='word_1_509' title='bbox 2604 2370 3051 2440; x_wconf 61' lang='grc' dir='ltr'>ἐπιστρέψωμεν,</span> <span class='ocrx_word' id='word_1_510' title='bbox 3079 2372 3175 2422; x_wconf 61' lang='grc' dir='ltr'><strong>καὶ¹</strong></span> <span class='ocrx_word' id='word_1_511' title='bbox 3199 2367 3348 2438; x_wconf 79' lang='grc' dir='ltr'>αὐτῷ</span> <span class='ocrx_word' id='word_1_512' title='bbox 3376 2367 3714 2439; x_wconf 76' lang='grc' dir='ltr'>λατρεύσανο</span> 
     </span>
    </p>
   </div>
   <div class='ocr_carea' id='block_1_73' title="bbox 2123 2458 3716 2533">
    <p class='ocr_par' dir='ltr' id='par_1_73' title="bbox 2123 2458 3716 2533">
     <span class='ocr_line' id='line_1_73' title="bbox 2123 2458 3716 2533; baseline -0.001 -19"><span class='ocrx_word' id='word_1_513' title='bbox 2123 2479 2215 2525; x_wconf 90' lang='grc' dir='ltr'><strong>τες</strong></span> <span class='ocrx_word' id='word_1_514' title='bbox 2243 2462 2520 2532; x_wconf 72' lang='grc' dir='ltr'>κηδεμόνα</span> <span class='ocrx_word' id='word_1_515' title='bbox 2553 2462 2719 2514; x_wconf 78' lang='grc' dir='ltr'>αὑτὸν</span> <span class='ocrx_word' id='word_1_516' title='bbox 2765 2460 3130 2533; x_wconf 77' lang='grc' dir='ltr'>ὀρισώμεθα.]</span> <span class='ocrx_word' id='word_1_517' title='bbox 3165 2481 3183 2512; x_wconf 85' lang='grc' dir='ltr'><strong>ι</strong></span> <span class='ocrx_word' id='word_1_518' title='bbox 3219 2462 3328 2514; x_wconf 74' lang='grc' dir='ltr'>Καὶ</span> <span class='ocrx_word' id='word_1_519' title='bbox 3367 2461 3529 2522; x_wconf 71' lang='grc' dir='ltr'>αὐτὸς</span> <span class='ocrx_word' id='word_1_520' title='bbox 3561 2458 3716 2524; x_wconf 79' lang='grc' dir='ltr'>ὲξου·</span> 
     </span>
    </p>
   </div>
   <div class='ocr_carea' id='block_1_74' title="bbox 2122 2553 3710 2626">
    <p class='ocr_par' dir='ltr' id='par_1_74' title="bbox 2122 2553 3710 2626">
     <span class='ocr_line' id='line_1_74' title="bbox 2122 2553 3710 2626; baseline -0.003 -17"><span class='ocrx_word' id='word_1_521' title='bbox 2122 2556 2348 2609; x_wconf 82' lang='grc' dir='ltr'>δενώσει</span> <span class='ocrx_word' id='word_1_522' title='bbox 2379 2557 2506 2618; x_wconf 73' lang='grc' dir='ltr'>τοὺς</span> <span class='ocrx_word' id='word_1_523' title='bbox 2539 2555 3008 2626; x_wconf 74' lang='grc' dir='ltr'>Ολίϐονταςημᾶς.</span> <span class='ocrx_word' id='word_1_524' title='bbox 3042 2574 3060 2606; x_wconf 72' lang='grc' dir='ltr'>ι</span> <span class='ocrx_word' id='word_1_525' title='bbox 3095 2555 3207 2624; x_wconf 81' lang='grc' dir='ltr'>Τὴν</span> <span class='ocrx_word' id='word_1_526' title='bbox 3235 2554 3402 2607; x_wconf 73' lang='grc' dir='ltr'>αὑτοῦ</span> <span class='ocrx_word' id='word_1_527' title='bbox 3431 2555 3496 2618; x_wconf 85' lang='grc'><strong>⁸³,</strong></span> <span class='ocrx_word' id='word_1_528' title='bbox 3523 2553 3710 2622; x_wconf 66' lang='grc' dir='ltr'>φησιν,</span> 
     </span>
    </p>
   </div>
   <div class='ocr_carea' id='block_1_75' title="bbox 2122 2647 3710 2721">
    <p class='ocr_par' dir='ltr' id='par_1_75' title="bbox 2122 2647 3710 2721">
     <span class='ocr_line' id='line_1_75' title="bbox 2122 2647 3710 2721; baseline -0.001 -19"><span class='ocrx_word' id='word_1_529' title='bbox 2122 2647 2587 2718; x_wconf 76' lang='grc' dir='ltr'>ἐπικαλετώμεθα</span> <span class='ocrx_word' id='word_1_530' title='bbox 2626 2651 2901 2719; x_wconf 70' lang='grc' dir='ltr'>πρόνοιαν,</span> <span class='ocrx_word' id='word_1_531' title='bbox 2936 2648 3219 2721; x_wconf 69' lang='grc' dir='ltr'>καὶταύτῃ</span> <span class='ocrx_word' id='word_1_532' title='bbox 3239 2649 3284 2680; x_wconf 71' lang='grc'><strong><em>⁸⁵</em></strong></span> <span class='ocrx_word' id='word_1_533' title='bbox 3312 2647 3710 2719; x_wconf 61' lang='grc' dir='ltr'>θαρρήσωμεν</span> 
     </span>
    </p>
   </div>
   <div class='ocr_carea' id='block_1_76' title="bbox 2122 2738 3720 2813">
    <p class='ocr_par' dir='ltr' id='par_1_76' title="bbox 2122 2738 3720 2813">
     <span class='ocr_line' id='line_1_76' title="bbox 2122 2738 3720 2813; baseline -0.002 -16"><span class='ocrx_word' id='word_1_534' title='bbox 2122 2740 2264 2812; x_wconf 80' lang='grc' dir='ltr'>αὕτη</span> <span class='ocrx_word' id='word_1_535' title='bbox 2295 2744 2404 2812; x_wconf 82' lang='grc' dir='ltr'><strong>γάρ</strong></span> <span class='ocrx_word' id='word_1_536' title='bbox 2433 2742 2478 2774; x_wconf 84' lang='grc'>⁸³</span> <span class='ocrx_word' id='word_1_537' title='bbox 2505 2744 2668 2812; x_wconf 87' lang='grc' dir='ltr'>ἀρκεῖ</span> <span class='ocrx_word' id='word_1_538' title='bbox 2726 2744 2864 2813; x_wconf 78' lang='grc' dir='ltr'>μόνη</span> <span class='ocrx_word' id='word_1_539' title='bbox 2900 2743 3058 2796; x_wconf 83' lang='grc' dir='ltr'>λῦσαι</span> <span class='ocrx_word' id='word_1_540' title='bbox 3091 2742 3160 2795; x_wconf 85' lang='grc' dir='ltr'><strong>τὰ</strong></span> <span class='ocrx_word' id='word_1_541' title='bbox 3201 2741 3432 2813; x_wconf 79' lang='grc' dir='ltr'>χαλεπά,</span> <span class='ocrx_word' id='word_1_542' title='bbox 3479 2741 3574 2794; x_wconf 76' lang='grc' dir='ltr'><strong>καὶ</strong></span> <span class='ocrx_word' id='word_1_543' title='bbox 3603 2738 3720 2795; x_wconf 77' lang='grc' dir='ltr'><strong>τῶν</strong></span> 
     </span>
    </p>
   </div>
   <div class='ocr_carea' id='block_1_77' title="bbox 2031 2835 3521 2908">
    <p class='ocr_par' dir='ltr' id='par_1_77' title="bbox 2031 2835 3521 2908">
     <span class='ocr_line' id='line_1_77' title="bbox 2031 2835 3521 2908; baseline -0.001 -17"><span class='ocrx_word' id='word_1_544' title='bbox 2031 2877 2042 2891; x_wconf 86' lang='grc'><strong>.</strong></span> <span class='ocrx_word' id='word_1_545' title='bbox 2124 2835 2508 2907; x_wconf 82' lang='grc' dir='ltr'>πολεμούντων</span> <span class='ocrx_word' id='word_1_546' title='bbox 2539 2838 2673 2908; x_wconf 78' lang='grc' dir='ltr'>ἡμῖν</span> <span class='ocrx_word' id='word_1_547' title='bbox 2705 2835 3014 2891; x_wconf 83' lang='grc' dir='ltr'>καταλῦσαι</span> <span class='ocrx_word' id='word_1_548' title='bbox 3043 2836 3143 2907; x_wconf 79' lang='grc' dir='ltr'><strong>τὴν</strong></span> <span class='ocrx_word' id='word_1_549' title='bbox 3179 2835 3521 2890; x_wconf 81' lang='grc' dir='ltr'>δυναστείαν.</span> 
     </span>
    </p>
   </div>
   <div class='ocr_carea' id='block_1_78' title="bbox 2470 2991 3357 3048">
    <p class='ocr_par' dir='ltr' id='par_1_78' title="bbox 2470 2991 3357 3048">
     <span class='ocr_line' id='line_1_78' title="bbox 2470 2991 3357 3048; baseline -0.005 -1"><span class='ocrx_word' id='word_1_550' title='bbox 2470 2992 2737 3048; x_wconf 83' lang='grc' dir='ltr'><strong>ΕΡΜΗΝ.</strong></span> <span class='ocrx_word' id='word_1_551' title='bbox 2779 2992 2918 3046; x_wconf 83' lang='grc' dir='ltr'><strong>ΤΟΥ</strong></span> <span class='ocrx_word' id='word_1_552' title='bbox 2947 2992 2998 3046; x_wconf 86' lang='grc' dir='ltr'><strong>Ξ¹</strong></span> <span class='ocrx_word' id='word_1_553' title='bbox 3035 2991 3357 3047; x_wconf 78' lang='grc' dir='ltr'><strong>ΨΑΛΜΟΥ.</strong></span> 
     </span>
    </p>
   </div>
   <div class='ocr_carea' id='block_1_79' title="bbox 2191 3125 3717 3199">
    <p class='ocr_par' dir='ltr' id='par_1_79' title="bbox 2191 3125 3717 3199">
     <span class='ocr_line' id='line_1_79' title="bbox 2191 3125 3717 3199; baseline -0.003 -15"><span class='ocrx_word' id='word_1_554' title='bbox 2191 3137 2261 3185; x_wconf 87' lang='grc' dir='ltr'>α’.</span> <span class='ocrx_word' id='word_1_555' title='bbox 2297 3150 2314 3182; x_wconf 82' lang='grc' dir='ltr'><strong>ι</strong></span> <span class='ocrx_word' id='word_1_556' title='bbox 2356 3132 2448 3193; x_wconf 83' lang='grc' dir='ltr'>Εἰς</span> <span class='ocrx_word' id='word_1_557' title='bbox 2479 3130 2542 3183; x_wconf 77' lang='grc' dir='ltr'>τὸ</span> <span class='ocrx_word' id='word_1_558' title='bbox 2576 3129 2749 3194; x_wconf 82' lang='grc' dir='ltr'>τέλος,</span> <span class='ocrx_word' id='word_1_559' title='bbox 2775 3130 2832 3182; x_wconf 81' lang='grc' dir='ltr'>ὲν</span> <span class='ocrx_word' id='word_1_560' title='bbox 2868 3128 3058 3199; x_wconf 76' lang='grc' dir='ltr'>ὕμνοις</span> <span class='ocrx_word' id='word_1_561' title='bbox 3079 3129 3155 3198; x_wconf 83' lang='grc' dir='ltr'>τῷ</span> <span class='ocrx_word' id='word_1_562' title='bbox 3189 3127 3372 3182; x_wconf 76' lang='grc' dir='ltr'>Δαϐίδ.</span> <span class='ocrx_word' id='word_1_563' title='bbox 3404 3145 3422 3176; x_wconf 76' lang='grc' dir='ltr'>ι</span> <span class='ocrx_word' id='word_1_564' title='bbox 3455 3126 3544 3197; x_wconf 86' lang='grc' dir='ltr'><strong>Τῷ</strong></span> <span class='ocrx_word' id='word_1_565' title='bbox 3571 3125 3717 3180; x_wconf 80' lang='grc' dir='ltr'>τέλει</span> 
     </span>
    </p>
   </div>
   <div class='ocr_carea' id='block_1_80' title="bbox 2126 3215 3715 3292">
    <p class='ocr_par' dir='ltr' id='par_1_80' title="bbox 2126 3215 3715 3292">
     <span class='ocr_line' id='line_1_80' title="bbox 2126 3215 3715 3292; baseline -0.003 -18"><span class='ocrx_word' id='word_1_566' title='bbox 2126 3219 2220 3274; x_wconf 80' lang='grc' dir='ltr'>τοῦ</span> <span class='ocrx_word' id='word_1_567' title='bbox 2277 3220 2775 3292; x_wconf 76' lang='grc' dir='ltr'>προγεγραμμένου</span> <span class='ocrx_word' id='word_1_568' title='bbox 2813 3219 2859 3250; x_wconf 74' lang='grc'>⁸⁸</span> <span class='ocrx_word' id='word_1_569' title='bbox 2897 3218 3117 3288; x_wconf 69' lang='grc' dir='ltr'>ψαλμοῦ</span> <span class='ocrx_word' id='word_1_570' title='bbox 3142 3219 3186 3250; x_wconf 80' lang='grc'><strong>⁸⁷</strong></span> <span class='ocrx_word' id='word_1_571' title='bbox 3228 3216 3515 3271; x_wconf 71' lang='grc' dir='ltr'>ἀκολουθεῖ</span> <span class='ocrx_word' id='word_1_572' title='bbox 3561 3215 3715 3270; x_wconf 76' lang='grc' dir='ltr'>τοῦδε</span> 
     </span>
    </p>
   </div>
   <div class='ocr_carea' id='block_1_81' title="bbox 2123 3307 3716 3382">
    <p class='ocr_par' dir='ltr' id='par_1_81' title="bbox 2123 3307 3716 3382">
     <span class='ocr_line' id='line_1_81' title="bbox 2123 3307 3716 3382; baseline -0.004 -15"><span class='ocrx_word' id='word_1_573' title='bbox 2123 3314 2218 3367; x_wconf 79' lang='grc' dir='ltr'><strong>τοῦ</strong></span> <span class='ocrx_word' id='word_1_574' title='bbox 2254 3314 2298 3345; x_wconf 82' lang='grc'><strong>⁸⁸</strong></span> <span class='ocrx_word' id='word_1_575' title='bbox 2327 3312 2544 3382; x_wconf 72' lang='grc' dir='ltr'>ψαλμοῦ</span> <span class='ocrx_word' id='word_1_576' title='bbox 2576 3313 2636 3364; x_wconf 72' lang='grc' dir='ltr'>τὸ</span> <span class='ocrx_word' id='word_1_577' title='bbox 2669 3311 2976 3381; x_wconf 84' lang='grc' dir='ltr'>προοίμιον.</span> <span class='ocrx_word' id='word_1_578' title='bbox 3015 3309 3270 3382; x_wconf 81' lang='grc' dir='ltr'>Εἱρηκὼ,</span> <span class='ocrx_word' id='word_1_579' title='bbox 3307 3310 3437 3379; x_wconf 76' lang='grc' dir='ltr'>γὰρ,</span> <span class='ocrx_word' id='word_1_580' title='bbox 3473 3327 3491 3360; x_wconf 80' lang='grc' dir='ltr'><strong>ι</strong></span> <span class='ocrx_word' id='word_1_581' title='bbox 3531 3307 3716 3379; x_wconf 84' lang='grc' dir='ltr'><strong>Ἐντῷ</strong></span> 
     </span>
    </p>
   </div>
   <div class='ocr_carea' id='block_1_82' title="bbox 2123 3399 3714 3477">
    <p class='ocr_par' dir='ltr' id='par_1_82' title="bbox 2123 3399 3714 3477">
     <span class='ocr_line' id='line_1_82' title="bbox 2123 3399 3714 3477; baseline -0.003 -18"><span class='ocrx_word' id='word_1_582' title='bbox 2123 3407 2242 3476; x_wconf 84' lang='grc' dir='ltr'><strong>θεῷ</strong></span> <span class='ocrx_word' id='word_1_583' title='bbox 2295 3406 2673 3477; x_wconf 68' lang='grc' dir='ltr'>ποιήσομενδθ</span> <span class='ocrx_word' id='word_1_584' title='bbox 2707 3405 2958 3474; x_wconf 87' lang='grc' dir='ltr'>δύναμιν,</span> <span class='ocrx_word' id='word_1_585' title='bbox 3005 3405 3101 3456; x_wconf 81' lang='grc' dir='ltr'><strong>καί</strong></span> <span class='ocrx_word' id='word_1_586' title='bbox 3149 3403 3314 3464; x_wconf 71' lang='grc' dir='ltr'>αὐτὸς</span> <span class='ocrx_word' id='word_1_587' title='bbox 3363 3399 3714 3465; x_wconf 80' lang='grc' dir='ltr'>ὲξουδενὼσει</span> 
     </span>
    </p>
   </div>
   <div class='ocr_carea' id='block_1_83' title="bbox 2123 3492 3714 3568">
    <p class='ocr_par' dir='ltr' id='par_1_83' title="bbox 2123 3492 3714 3568">
     <span class='ocr_line' id='line_1_83' title="bbox 2123 3492 3714 3568; baseline -0.004 -17"><span class='ocrx_word' id='word_1_588' title='bbox 2123 3500 2249 3563; x_wconf 78' lang='grc' dir='ltr'>τοὺς</span> <span class='ocrx_word' id='word_1_589' title='bbox 2271 3497 2556 3560; x_wconf 78' lang='grc' dir='ltr'>θλίϐοντας</span> <span class='ocrx_word' id='word_1_590' title='bbox 2579 3498 2748 3568; x_wconf 74' lang='grc' dir='ltr'>ἡμᾶς,</span> <span class='ocrx_word' id='word_1_591' title='bbox 2772 3515 2789 3548; x_wconf 81' lang='grc' dir='ltr'>ι</span> <span class='ocrx_word' id='word_1_592' title='bbox 2818 3495 3058 3548; x_wconf 78' lang='grc' dir='ltr'>διδάσκει</span> <span class='ocrx_word' id='word_1_593' title='bbox 3083 3497 3172 3548; x_wconf 78' lang='grc' dir='ltr'><strong>τὸν</strong></span> <span class='ocrx_word' id='word_1_594' title='bbox 3198 3497 3254 3547; x_wconf 83' lang='grc' dir='ltr'>ὲν</span> <span class='ocrx_word' id='word_1_595' title='bbox 3272 3495 3336 3563; x_wconf 80' lang='grc' dir='ltr'>τῇ</span> <span class='ocrx_word' id='word_1_596' title='bbox 3367 3492 3714 3564; x_wconf 79' lang='grc' dir='ltr'>αἰχμαλωσίᾳ</span> 
     </span>
    </p>
   </div>
   <div class='ocr_carea' id='block_1_84' title="bbox 2122 3585 3712 3660">
    <p class='ocr_par' dir='ltr' id='par_1_84' title="bbox 2122 3585 3712 3660">
     <span class='ocr_line' id='line_1_84' title="bbox 2122 3585 3712 3660; baseline -0.004 -17"><span class='ocrx_word' id='word_1_597' title='bbox 2122 3591 2274 3659; x_wconf 81' lang='grc' dir='ltr'>λαὸν,</span> <span class='ocrx_word' id='word_1_598' title='bbox 2308 3590 2502 3643; x_wconf 81' lang='grc' dir='ltr'>ὁποίαν</span> <span class='ocrx_word' id='word_1_599' title='bbox 2535 3590 2806 3660; x_wconf 81' lang='grc' dir='ltr'>προσήκει</span> <span class='ocrx_word' id='word_1_600' title='bbox 2853 3590 3247 3659; x_wconf 83' lang='grc' dir='ltr'>προσενεγκεῖν</span> <span class='ocrx_word' id='word_1_601' title='bbox 3286 3586 3362 3656; x_wconf 78' lang='grc' dir='ltr'>τῷ</span> <span class='ocrx_word' id='word_1_602' title='bbox 3387 3585 3508 3656; x_wconf 81' lang='grc' dir='ltr'><strong>Θεῷ</strong></span> <span class='ocrx_word' id='word_1_603' title='bbox 3541 3603 3712 3657; x_wconf 87' lang='grc' dir='ltr'>προσ-</span> 
     </span>
    </p>
   </div>
   <div class='ocr_carea' id='block_1_85' title="bbox 2123 3677 3712 3752">
    <p class='ocr_par' dir='ltr' id='par_1_85' title="bbox 2123 3677 3712 3752">
     <span class='ocr_line' id='line_1_85' title="bbox 2123 3677 3712 3752; baseline -0.003 -18"><span class='ocrx_word' id='word_1_604' title='bbox 2123 3681 2314 3751; x_wconf 78' lang='grc' dir='ltr'>ευχήν.</span> <span class='ocrx_word' id='word_1_605' title='bbox 2383 3679 2452 3752; x_wconf 72' lang='grc' dir='ltr'><strong>[⁵ο</strong></span> <span class='ocrx_word' id='word_1_606' title='bbox 2483 3680 2746 3749; x_wconf 80' lang='grc' dir='ltr'>Προλέγει</span> <span class='ocrx_word' id='word_1_607' title='bbox 2799 3679 2854 3732; x_wconf 88' lang='grc' dir='ltr'>δὲ</span> <span class='ocrx_word' id='word_1_608' title='bbox 2887 3679 2980 3732; x_wconf 71' lang='grc' dir='ltr'><strong>καὶ</strong></span> <span class='ocrx_word' id='word_1_609' title='bbox 3011 3678 3104 3732; x_wconf 78' lang='grc' dir='ltr'>τοῦ</span> <span class='ocrx_word' id='word_1_610' title='bbox 3149 3679 3423 3731; x_wconf 74' lang='grc' dir='ltr'>Δεσπὸτου</span> <span class='ocrx_word' id='word_1_611' title='bbox 3474 3677 3712 3748; x_wconf 80' lang='grc' dir='ltr'>Χριστοῦ</span> 
     </span>
    </p>
   </div>
   <div class='ocr_carea' id='block_1_86' title="bbox 2123 3772 3712 3844">
    <p class='ocr_par' dir='ltr' id='par_1_86' title="bbox 2123 3772 3712 3844">
     <span class='ocr_line' id='line_1_86' title="bbox 2123 3772 3712 3844; baseline -0.002 -17"><span class='ocrx_word' id='word_1_612' title='bbox 2123 3773 2218 3827; x_wconf 84' lang='grc' dir='ltr'>τοῦ</span> <span class='ocrx_word' id='word_1_613' title='bbox 2243 3773 2378 3826; x_wconf 83' lang='grc' dir='ltr'>Θεοῦ</span> <span class='ocrx_word' id='word_1_614' title='bbox 2405 3773 2564 3844; x_wconf 81' lang='grc' dir='ltr'>ἡμῶν</span> <span class='ocrx_word' id='word_1_615' title='bbox 2589 3772 2688 3844; x_wconf 85' lang='grc' dir='ltr'>τὴν</span> <span class='ocrx_word' id='word_1_616' title='bbox 2723 3772 2791 3826; x_wconf 75' lang='grc' dir='ltr'>δι’</span> <span class='ocrx_word' id='word_1_617' title='bbox 2821 3773 2969 3844; x_wconf 81' lang='grc' dir='ltr'>ἡμᾶς</span> <span class='ocrx_word' id='word_1_618' title='bbox 2990 3773 3304 3843; x_wconf 72' lang='grc' dir='ltr'>οἰκονομίαν</span> <span class='ocrx_word' id='word_1_619' title='bbox 3335 3774 3431 3826; x_wconf 79' lang='grc' dir='ltr'><strong>καὶ</strong></span> <span class='ocrx_word' id='word_1_620' title='bbox 3465 3772 3564 3843; x_wconf 79' lang='grc' dir='ltr'>τὴν</span> <span class='ocrx_word' id='word_1_621' title='bbox 3596 3774 3712 3824; x_wconf 72' lang='grc' dir='ltr'>ἐπι-</span> 
     </span>
    </p>
   </div>
   <div class='ocr_carea' id='block_1_87' title="bbox 2126 3862 3015 3936">
    <p class='ocr_par' dir='ltr' id='par_1_87' title="bbox 2126 3862 3015 3936">
     <span class='ocr_line' id='line_1_87' title="bbox 2126 3862 3015 3936; baseline 0.001 -20"><span class='ocrx_word' id='word_1_622' title='bbox 2126 3865 2370 3936; x_wconf 79' lang='grc' dir='ltr'>στροφὴν</span> <span class='ocrx_word' id='word_1_623' title='bbox 2403 3864 2496 3917; x_wconf 81' lang='grc' dir='ltr'>τοῦ</span> <span class='ocrx_word' id='word_1_624' title='bbox 2538 3864 2598 3928; x_wconf 80' lang='grc' dir='ltr'><strong>ἐξ</strong></span> <span class='ocrx_word' id='word_1_625' title='bbox 2629 3863 2801 3918; x_wconf 76' lang='grc' dir='ltr'>ἐθνῶν</span> <span class='ocrx_word' id='word_1_626' title='bbox 2836 3862 3015 3936; x_wconf 79' lang='grc' dir='ltr'>λαοῦ.]</span> 
     </span>
    </p>
   </div>
   <div class='ocr_carea' id='block_1_88' title="bbox 2195 3956 3710 4028">
    <p class='ocr_par' dir='ltr' id='par_1_88' title="bbox 2195 3956 3710 4028">
     <span class='ocr_line' id='line_1_88' title="bbox 2195 3956 3710 4028; baseline -0.001 -17"><span class='ocrx_word' id='word_1_627' title='bbox 2195 3957 2261 4028; x_wconf 84' lang='grc' dir='ltr'><strong>β’.</strong></span> <span class='ocrx_word' id='word_1_628' title='bbox 2297 3976 2315 4008; x_wconf 87' lang='grc' dir='ltr'><strong>ι</strong></span> <span class='ocrx_word' id='word_1_629' title='bbox 2347 3958 2706 4023; x_wconf 85' lang='grc' dir='ltr'>Εἰσάκουσον,</span> <span class='ocrx_word' id='word_1_630' title='bbox 2739 3959 2766 4009; x_wconf 88' lang='grc' dir='ltr'>ὁ</span> <span class='ocrx_word' id='word_1_631' title='bbox 2795 3956 2950 4021; x_wconf 83' lang='grc' dir='ltr'>Θεὸς,</span> <span class='ocrx_word' id='word_1_632' title='bbox 2976 3959 3074 4026; x_wconf 73' lang='grc' dir='ltr'>τῆς</span> <span class='ocrx_word' id='word_1_633' title='bbox 3131 3957 3372 4027; x_wconf 77' lang='grc' dir='ltr'>δεήσεως</span> <span class='ocrx_word' id='word_1_634' title='bbox 3407 3975 3509 4028; x_wconf 88' lang='grc' dir='ltr'><strong>μου</strong></span> <span class='ocrx_word' id='word_1_635' title='bbox 3533 3975 3544 3987; x_wconf 89' lang='grc'><strong>·</strong></span> <span class='ocrx_word' id='word_1_636' title='bbox 3574 3957 3710 4028; x_wconf 82' lang='grc' dir='ltr'>πρό-</span> 
     </span>
    </p>
   </div>
   <div class='ocr_carea' id='block_1_89' title="bbox 2123 4050 3712 4122">
    <p class='ocr_par' dir='ltr' id='par_1_89' title="bbox 2123 4050 3712 4122">
     <span class='ocr_line' id='line_1_89' title="bbox 2123 4050 3712 4122; baseline 0.001 -19"><span class='ocrx_word' id='word_1_637' title='bbox 2123 4067 2252 4122; x_wconf 85' lang='grc' dir='ltr'>σχες</span> <span class='ocrx_word' id='word_1_638' title='bbox 2288 4053 2353 4121; x_wconf 82' lang='grc' dir='ltr'>τῇ</span> <span class='ocrx_word' id='word_1_639' title='bbox 2387 4053 2666 4122; x_wconf 80' lang='grc' dir='ltr'>προσευχῇ</span> <span class='ocrx_word' id='word_1_640' title='bbox 2701 4067 2824 4121; x_wconf 90' lang='grc' dir='ltr'>μου.</span> <span class='ocrx_word' id='word_1_641' title='bbox 2855 4071 2872 4100; x_wconf 77' lang='grc' dir='ltr'>ι</span> <span class='ocrx_word' id='word_1_642' title='bbox 2898 4050 3056 4117; x_wconf 76' lang='grc' dir='ltr'>Δέξαι</span> <span class='ocrx_word' id='word_1_643' title='bbox 3089 4068 3215 4120; x_wconf 89' lang='grc' dir='ltr'>μου,</span> <span class='ocrx_word' id='word_1_644' title='bbox 3261 4053 3449 4122; x_wconf 78' lang='grc' dir='ltr'>φησὶν,</span> <span class='ocrx_word' id='word_1_645' title='bbox 3475 4051 3570 4122; x_wconf 76' lang='grc' dir='ltr'><strong>τὴν</strong></span> <span class='ocrx_word' id='word_1_646' title='bbox 3595 4054 3712 4106; x_wconf 85' lang='grc' dir='ltr'>ἱκε-</span> 
     </span>
    </p>
   </div>
   <div class='ocr_carea' id='block_1_90' title="bbox 2119 4137 3705 4213">
    <p class='ocr_par' dir='ltr' id='par_1_90' title="bbox 2119 4137 3705 4213">
     <span class='ocr_line' id='line_1_90' title="bbox 2119 4137 3705 4213; baseline 0.001 -19"><span class='ocrx_word' id='word_1_647' title='bbox 2119 4143 2293 4209; x_wconf 89' lang='grc' dir='ltr'>τείαν,</span> <span class='ocrx_word' id='word_1_648' title='bbox 2331 4137 2376 4195; x_wconf 81' lang='grc' dir='ltr'>ὧ</span> <span class='ocrx_word' id='word_1_649' title='bbox 2411 4146 2681 4209; x_wconf 84' lang='grc' dir='ltr'>Δέποστα,</span> <span class='ocrx_word' id='word_1_650' title='bbox 2718 4144 2812 4196; x_wconf 79' lang='grc' dir='ltr'>καὶ</span> <span class='ocrx_word' id='word_1_651' title='bbox 2837 4143 3082 4211; x_wconf 82' lang='grc' dir='ltr'>εὐμενῶς</span> <span class='ocrx_word' id='word_1_652' title='bbox 3123 4142 3358 4195; x_wconf 80' lang='grc' dir='ltr'>ἄκουσον</span> <span class='ocrx_word' id='word_1_653' title='bbox 3393 4143 3434 4174; x_wconf 79' lang='grc'><strong><em>⁸³</em></strong></span> <span class='ocrx_word' id='word_1_654' title='bbox 3472 4144 3577 4195; x_wconf 86' lang='grc' dir='ltr'><strong>τῶν</strong></span> <span class='ocrx_word' id='word_1_655' title='bbox 3607 4144 3705 4213; x_wconf 80' lang='grc' dir='ltr'>τῆς</span> 
     </span>
    </p>
   </div>
   <div class='ocr_carea' id='block_1_91' title="bbox 2120 4234 3707 4307">
    <p class='ocr_par' dir='ltr' id='par_1_91' title="bbox 2120 4234 3707 4307">
     <span class='ocr_line' id='line_1_91' title="bbox 2120 4234 3707 4307; baseline 0 -19"><span class='ocrx_word' id='word_1_656' title='bbox 2120 4236 2431 4306; x_wconf 80' lang='grc' dir='ltr'>προσευχῆς</span> <span class='ocrx_word' id='word_1_657' title='bbox 2471 4253 2574 4304; x_wconf 91' lang='grc' dir='ltr'><strong>μου</strong></span> <span class='ocrx_word' id='word_1_658' title='bbox 2616 4235 2901 4305; x_wconf 77' lang='grc' dir='ltr'>ῥημάτων.</span> <span class='ocrx_word' id='word_1_659' title='bbox 2944 4234 3010 4307; x_wconf 77' lang='grc'><strong>[⁶²</strong></span> <span class='ocrx_word' id='word_1_660' title='bbox 3038 4234 3226 4288; x_wconf 75' lang='grc' dir='ltr'>Ταῦτα</span> <span class='ocrx_word' id='word_1_661' title='bbox 3285 4235 3341 4287; x_wconf 82' lang='grc' dir='ltr'>δὲ</span> <span class='ocrx_word' id='word_1_662' title='bbox 3377 4235 3604 4298; x_wconf 81' lang='grc' dir='ltr'>δικαίως</span> <span class='ocrx_word' id='word_1_663' title='bbox 3633 4237 3707 4288; x_wconf 83' lang='grc' dir='ltr'>εῖ-</span> 
     </span>
    </p>
   </div>
   <div class='ocr_carea' id='block_1_92' title="bbox 2120 4323 3689 4395">
    <p class='ocr_par' dir='ltr' id='par_1_92' title="bbox 2120 4323 3689 4395">
     <span class='ocr_line' id='line_1_92' title="bbox 2120 4323 3689 4395; baseline 0 -18"><span class='ocrx_word' id='word_1_664' title='bbox 2120 4342 2212 4378; x_wconf 90' lang='grc' dir='ltr'><strong>ποι</strong></span> <span class='ocrx_word' id='word_1_665' title='bbox 2251 4327 2343 4378; x_wconf 75' lang='grc' dir='ltr'><strong>καὶ</strong></span> <span class='ocrx_word' id='word_1_666' title='bbox 2377 4327 2487 4388; x_wconf 76' lang='grc' dir='ltr'><strong>πᾶς</strong></span> <span class='ocrx_word' id='word_1_667' title='bbox 2513 4326 2662 4387; x_wconf 83' lang='grc' dir='ltr'>ὅστις</span> <span class='ocrx_word' id='word_1_668' title='bbox 2700 4326 2766 4377; x_wconf 77' lang='grc' dir='ltr'><strong>ἂν</strong></span> <span class='ocrx_word' id='word_1_669' title='bbox 2790 4323 2900 4378; x_wconf 86' lang='grc' dir='ltr'><strong>τῶν</strong></span> <span class='ocrx_word' id='word_1_670' title='bbox 2932 4323 3242 4394; x_wconf 81' lang='grc' dir='ltr'>ἀνθρώπων</span> <span class='ocrx_word' id='word_1_671' title='bbox 3272 4326 3594 4395; x_wconf 83' lang='grc' dir='ltr'>περιστάσει</span> <span class='ocrx_word' id='word_1_672' title='bbox 3621 4342 3689 4377; x_wconf 86' lang='grc' dir='ltr'><strong>πε</strong></span> 
     </span>
    </p>
   </div>
   <div class='ocr_carea' id='block_1_93' title="bbox 2125 4415 3710 4488">
    <p class='ocr_par' dir='ltr' id='par_1_93' title="bbox 2125 4415 3710 4488">
     <span class='ocr_line' id='line_1_93' title="bbox 2125 4415 3710 4488; baseline 0.001 -20"><span class='ocrx_word' id='word_1_673' title='bbox 2125 4417 2336 4488; x_wconf 85' lang='grc' dir='ltr'>ριπὲσοι</span> <span class='ocrx_word' id='word_1_674' title='bbox 2362 4433 2375 4446; x_wconf 82' lang='lat'><strong>&#39;</strong></span> <span class='ocrx_word' id='word_1_675' title='bbox 2408 4417 2497 4470; x_wconf 75' lang='grc' dir='ltr'><strong>διὰ</strong></span> <span class='ocrx_word' id='word_1_676' title='bbox 2525 4416 2733 4470; x_wconf 83' lang='grc' dir='ltr'>τούτων</span> <span class='ocrx_word' id='word_1_677' title='bbox 2765 4416 3063 4470; x_wconf 81' lang='grc' dir='ltr'>ἀντιϐολῶν</span> <span class='ocrx_word' id='word_1_678' title='bbox 3097 4415 3292 4487; x_wconf 80' lang='grc' dir='ltr'>δεκτὴν</span> <span class='ocrx_word' id='word_1_679' title='bbox 3318 4416 3577 4485; x_wconf 77' lang='grc' dir='ltr'>γενέσθαι</span> <span class='ocrx_word' id='word_1_680' title='bbox 3609 4417 3710 4488; x_wconf 76' lang='grc' dir='ltr'>τὴν</span> 
     </span>
    </p>
   </div>
   <div class='ocr_carea' id='block_1_94' title="bbox 2122 4507 3707 4582">
    <p class='ocr_par' dir='ltr' id='par_1_94' title="bbox 2122 4507 3707 4582">
     <span class='ocr_line' id='line_1_94' title="bbox 2122 4507 3707 4582; baseline 0.002 -21"><span class='ocrx_word' id='word_1_681' title='bbox 2122 4509 2360 4562; x_wconf 78' lang='grc' dir='ltr'>ἱκετείαν</span> <span class='ocrx_word' id='word_1_682' title='bbox 2417 4509 2511 4562; x_wconf 75' lang='grc' dir='ltr'><strong>καὶ</strong></span> <span class='ocrx_word' id='word_1_683' title='bbox 2552 4513 2653 4579; x_wconf 82' lang='grc' dir='ltr'>τῆς</span> <span class='ocrx_word' id='word_1_684' title='bbox 2703 4510 2918 4563; x_wconf 78' lang='grc' dir='ltr'>ἐκεῖθεν</span> <span class='ocrx_word' id='word_1_685' title='bbox 2972 4507 3324 4581; x_wconf 84' lang='grc' dir='ltr'>προμηθείας</span> <span class='ocrx_word' id='word_1_686' title='bbox 3374 4508 3707 4582; x_wconf 81' lang='grc' dir='ltr'>άξιοῦσθαι.]</span> 
     </span>
    </p>
   </div>
   <div class='ocr_carea' id='block_1_95' title="bbox 2047 4575 3134 4673">
    <p class='ocr_par' dir='ltr' id='par_1_95' title="bbox 2047 4575 3134 4673">
     <span class='ocr_line' id='line_1_95' title="bbox 2047 4575 3134 4673; baseline 0.001 -19"><span class='ocrx_word' id='word_1_687' title='bbox 2047 4575 2094 4632; x_wconf 77' lang='lat' dir='ltr'><strong>D</strong></span> <span class='ocrx_word' id='word_1_688' title='bbox 2123 4598 2257 4654; x_wconf 79' lang='grc' dir='ltr'>Εἶτα</span> <span class='ocrx_word' id='word_1_689' title='bbox 2292 4601 2535 4655; x_wconf 82' lang='grc' dir='ltr'>διδάσκει</span> <span class='ocrx_word' id='word_1_690' title='bbox 2569 4575 2718 4666; x_wconf 80' lang='grc' dir='ltr'>τίνες</span> <span class='ocrx_word' id='word_1_691' title='bbox 2743 4603 2792 4654; x_wconf 89' lang='grc' dir='ltr'><strong>οἰ</strong></span> <span class='ocrx_word' id='word_1_692' title='bbox 2823 4575 3134 4673; x_wconf 78' lang='grc' dir='ltr'>εὐχόμενοι.</span> 
     </span>
    </p>
   </div>
   <div class='ocr_carea' id='block_1_96' title="bbox 2192 4688 3710 4762">
    <p class='ocr_par' dir='ltr' id='par_1_96' title="bbox 2192 4688 3710 4762">
     <span class='ocr_line' id='line_1_96' title="bbox 2192 4688 3710 4762; baseline 0 -20"><span class='ocrx_word' id='word_1_693' title='bbox 2192 4697 2261 4759; x_wconf 88' lang='grc' dir='ltr'>γ’.</span> <span class='ocrx_word' id='word_1_694' title='bbox 2304 4709 2322 4742; x_wconf 84' lang='grc' dir='ltr'><strong>ι</strong></span> <span class='ocrx_word' id='word_1_695' title='bbox 2365 4691 2499 4743; x_wconf 79' lang='grc' dir='ltr'>Ἀπὸ</span> <span class='ocrx_word' id='word_1_696' title='bbox 2550 4690 2660 4744; x_wconf 87' lang='grc' dir='ltr'><strong>τῶν</strong></span> <span class='ocrx_word' id='word_1_697' title='bbox 2721 4693 2974 4762; x_wconf 86' lang='grc' dir='ltr'>περάτων</span> <span class='ocrx_word' id='word_1_698' title='bbox 3024 4692 3124 4760; x_wconf 86' lang='grc' dir='ltr'>τῆς</span> <span class='ocrx_word' id='word_1_699' title='bbox 3183 4690 3289 4762; x_wconf 79' lang='grc' dir='ltr'>γῆς</span> <span class='ocrx_word' id='word_1_700' title='bbox 3339 4691 3475 4762; x_wconf 72' lang='grc' dir='ltr'>πρὸς</span> <span class='ocrx_word' id='word_1_701' title='bbox 3507 4690 3564 4743; x_wconf 81' lang='grc' dir='ltr'>σὲ</span> <span class='ocrx_word' id='word_1_702' title='bbox 3591 4688 3710 4743; x_wconf 71' lang='grc' dir='ltr'><strong>ἐκέ-</strong></span> 
     </span>
    </p>
   </div>
   <div class='ocr_carea' id='block_1_97' title="bbox 2122 4783 3710 4856">
    <p class='ocr_par' dir='ltr' id='par_1_97' title="bbox 2122 4783 3710 4856">
     <span class='ocr_line' id='line_1_97' title="bbox 2122 4783 3710 4856; baseline 0 -20"><span class='ocrx_word' id='word_1_703' title='bbox 2122 4783 2324 4853; x_wconf 77' lang='grc' dir='ltr'>κραεα.</span> <span class='ocrx_word' id='word_1_704' title='bbox 2364 4801 2382 4835; x_wconf 76' lang='grc' dir='ltr'>ι</span> <span class='ocrx_word' id='word_1_705' title='bbox 2433 4783 2656 4855; x_wconf 84' lang='grc' dir='ltr'>Ἐπειδὴ</span> <span class='ocrx_word' id='word_1_706' title='bbox 2684 4784 2795 4854; x_wconf 84' lang='grc' dir='ltr'><strong>γάρ</strong></span> <span class='ocrx_word' id='word_1_707' title='bbox 2831 4783 3050 4848; x_wconf 85' lang='grc' dir='ltr'>πολλοῖς</span> <span class='ocrx_word' id='word_1_708' title='bbox 3081 4783 3125 4816; x_wconf 76' lang='grc'><strong><em>⁵³</em></strong></span> <span class='ocrx_word' id='word_1_709' title='bbox 3158 4784 3421 4856; x_wconf 87' lang='grc' dir='ltr'>σταθμοῖς</span> <span class='ocrx_word' id='word_1_710' title='bbox 3457 4785 3490 4855; x_wconf 84' lang='grc' dir='ltr'>ή</span> <span class='ocrx_word' id='word_1_711' title='bbox 3533 4783 3710 4837; x_wconf 76' lang='grc' dir='ltr'>Βαϐυ-</span> 
     </span>
    </p>
   </div>
   <div class='ocr_carea' id='block_1_98' title="bbox 2122 4873 3709 4946">
    <p class='ocr_par' dir='ltr' id='par_1_98' title="bbox 2122 4873 3709 4946">
     <span class='ocr_line' id='line_1_98' title="bbox 2122 4873 3709 4946; baseline -0.002 -19"><span class='ocrx_word' id='word_1_712' title='bbox 2122 4873 2229 4927; x_wconf 86' lang='grc' dir='ltr'>λὼν</span> <span class='ocrx_word' id='word_1_713' title='bbox 2260 4875 2360 4945; x_wconf 81' lang='grc' dir='ltr'>τῆς</span> <span class='ocrx_word' id='word_1_714' title='bbox 2400 4874 2770 4944; x_wconf 75' lang='grc' dir='ltr'>Παλαιστίνης</span> <span class='ocrx_word' id='word_1_715' title='bbox 2825 4875 3129 4946; x_wconf 80' lang='grc' dir='ltr'>ἀφέστηκε,</span> <span class='ocrx_word' id='word_1_716' title='bbox 3177 4875 3277 4937; x_wconf 82' lang='grc' dir='ltr'><strong>τὰς</strong></span> <span class='ocrx_word' id='word_1_717' title='bbox 3316 4874 3576 4945; x_wconf 79' lang='grc' dir='ltr'>ἐσχατιάς</span> <span class='ocrx_word' id='word_1_718' title='bbox 3611 4874 3709 4927; x_wconf 84' lang='grc' dir='ltr'>ὐπ-</span> 
     </span>
    </p>
   </div>
   <div class='ocr_carea' id='block_1_99' title="bbox 2121 4965 3708 5041">
    <p class='ocr_par' dir='ltr' id='par_1_99' title="bbox 2121 4965 3708 5041">
     <span class='ocr_line' id='line_1_99' title="bbox 2121 4965 3708 5041; baseline -0.001 -21"><span class='ocrx_word' id='word_1_719' title='bbox 2121 4966 2437 5037; x_wconf 76' lang='grc' dir='ltr'>ελάμϐανον</span> <span class='ocrx_word' id='word_1_720' title='bbox 2461 4969 2559 5038; x_wconf 82' lang='grc' dir='ltr'>τῆς</span> <span class='ocrx_word' id='word_1_721' title='bbox 2595 4969 2924 5038; x_wconf 81' lang='grc' dir='ltr'>οἰκουμένης</span> <span class='ocrx_word' id='word_1_722' title='bbox 2950 4969 3123 5022; x_wconf 78' lang='grc' dir='ltr'>οἰκεῖν</span> <span class='ocrx_word' id='word_1_723' title='bbox 3148 4967 3198 5022; x_wconf 73' lang='grc' dir='ltr'>οἱ</span> <span class='ocrx_word' id='word_1_724' title='bbox 3231 4966 3278 4999; x_wconf 70' lang='grc'>⁸⁸</span> <span class='ocrx_word' id='word_1_725' title='bbox 3318 4965 3708 5041; x_wconf 78' lang='grc' dir='ltr'>ἐξανδραποδιο</span> 
     </span>
    </p>
   </div>
   <div class='ocr_carea' id='block_1_100' title="bbox 1527 5189 2594 5248">
    <p class='ocr_par' dir='ltr' id='par_1_100' title="bbox 1527 5189 2594 5248">
     <span class='ocr_line' id='line_1_100' title="bbox 1527 5189 2594 5248; baseline 0.003 -5"><span class='ocrx_word' id='word_1_726' title='bbox 1527 5189 1761 5246; x_wconf 62' lang='grc' dir='ltr'>νΑιιιλΕ</span> <span class='ocrx_word' id='word_1_727' title='bbox 1802 5190 2191 5248; x_wconf 73' lang='lat' dir='ltr'><strong>LECTIONES</strong></span> <span class='ocrx_word' id='word_1_728' title='bbox 2229 5190 2320 5246; x_wconf 87' lang='grc' dir='ltr'><strong>ΕΤ</strong></span> <span class='ocrx_word' id='word_1_729' title='bbox 2358 5189 2594 5246; x_wconf 71' lang='grc' dir='ltr'><strong>ΝΟΤΔΕ.</strong></span> 
     </span>
    </p>
   </div>
   <div class='ocr_carea' id='block_1_101' title="bbox 499 5339 2018 5423">
    <p class='ocr_par' dir='ltr' id='par_1_101' title="bbox 499 5339 2018 5423">
     <span class='ocr_line' id='line_1_101' title="bbox 499 5339 2018 5423; baseline 0.007 -30"><span class='ocrx_word' id='word_1_730' title='bbox 499 5343 782 5423; x_wconf 48' lang='lat' dir='ltr'><strong>gaesa».</strong></span> <span class='ocrx_word' id='word_1_731' title='bbox 811 5339 932 5423; x_wconf 59' lang='lat' dir='ltr'><strong>eod.</strong></span> <span class='ocrx_word' id='word_1_732' title='bbox 970 5339 1341 5423; x_wconf 40' lang='grc' dir='ltr'>1-πριοεὼρα.¹</span> <span class='ocrx_word' id='word_1_733' title='bbox 1391 5344 1436 5376; x_wconf 64' lang='grc'><strong>⁸³</strong></span> <span class='ocrx_word' id='word_1_734' title='bbox 1461 5344 1689 5423; x_wconf 44' lang='lat' dir='ltr'><strong>Aonie:</strong></span> <span class='ocrx_word' id='word_1_735' title='bbox 1717 5345 1843 5423; x_wconf 71' lang='lat' dir='ltr'><strong>Des.</strong></span> <span class='ocrx_word' id='word_1_736' title='bbox 1880 5349 1933 5423; x_wconf 85' lang='lat' dir='ltr'><strong>in</strong></span> <span class='ocrx_word' id='word_1_737' title='bbox 1963 5362 2018 5423; x_wconf 81' lang='lat' dir='ltr'><strong>ce</strong></span> 
     </span>
    </p>
   </div>
   <div class='ocr_carea' id='block_1_102' title="bbox 2122 5339 3710 5423">
    <p class='ocr_par' dir='ltr' id='par_1_102' title="bbox 2122 5346 3710 5423">
     <span class='ocr_line' id='line_1_102' title="bbox 2122 5346 3710 5423; baseline 0.003 -22"><span class='ocrx_word' id='word_1_738' title='bbox 2122 5346 2183 5423; x_wconf 70' lang='lat'><strong>2._</strong></span> <span class='ocrx_word' id='word_1_739' title='bbox 2243 5347 2524 5423; x_wconf 56' lang='lat' dir='ltr'><strong>_“_1700_s?.</strong></span> <span class='ocrx_word' id='word_1_740' title='bbox 2545 5347 2602 5402; x_wconf 84' lang='lat' dir='ltr'><strong>In</strong></span> <span class='ocrx_word' id='word_1_741' title='bbox 2634 5347 2758 5423; x_wconf 70' lang='lat' dir='ltr'><strong>cod.</strong></span> <span class='ocrx_word' id='word_1_742' title='bbox 2856 5356 3210 5423; x_wconf 64' lang='grc' dir='ltr'>βοβιτετειχ.</span> <span class='ocrx_word' id='word_1_743' title='bbox 3236 5352 3508 5421; x_wconf 89' lang='lat' dir='ltr'><strong>sequitur,</strong></span> <span class='ocrx_word' id='word_1_744' title='bbox 3543 5352 3624 5407; x_wconf 73' lang='grc' dir='ltr'><strong>διδ</strong></span> <span class='ocrx_word' id='word_1_745' title='bbox 3647 5351 3710 5423; x_wconf 78' lang='grc' dir='ltr'>δὴ</span> 
     </span>
    </p>
   </div>
   <div class='ocr_carea' id='block_1_103' title="bbox 427 5412 2266 5483">
    <p class='ocr_par' dir='ltr' id='par_1_103' title="bbox 427 5412 2266 5483">
     <span class='ocr_line' id='line_1_103' title="bbox 427 5412 2266 5483; baseline 0.002 -14"><span class='ocrx_word' id='word_1_746' title='bbox 427 5413 523 5469; x_wconf 74' lang='grc' dir='ltr'><strong>καὶ</strong></span> <span class='ocrx_word' id='word_1_747' title='bbox 548 5413 810 5468; x_wconf 81' lang='grc' dir='ltr'>ὲπεπόθει</span> <span class='ocrx_word' id='word_1_748' title='bbox 831 5412 934 5475; x_wconf 84' lang='grc' dir='ltr'>ἓως</span> <span class='ocrx_word' id='word_1_749' title='bbox 963 5412 1410 5482; x_wconf 15' lang='grc' dir='ltr'>τῆςήίδουμαίας</span> <span class='ocrx_word' id='word_1_750' title='bbox 1439 5433 1493 5468; x_wconf 90' lang='grc' dir='ltr'><strong>κ.</strong></span> <span class='ocrx_word' id='word_1_751' title='bbox 1519 5414 1571 5468; x_wconf 89' lang='grc' dir='ltr'>λ.</span> <span class='ocrx_word' id='word_1_752' title='bbox 1613 5412 1616 5413; x_wconf 47' lang='grc'><strong><em>⁷</em></strong></span> <span class='ocrx_word' id='word_1_753' title='bbox 1647 5417 1689 5446; x_wconf 70' lang='grc'>⁸⁷</span> <span class='ocrx_word' id='word_1_754' title='bbox 1727 5419 2049 5483; x_wconf 77' lang='grc' dir='ltr'>Βασιλεύς.</span> <span class='ocrx_word' id='word_1_755' title='bbox 2084 5418 2207 5473; x_wconf 88' lang='lat' dir='ltr'><strong>cod.</strong></span> <span class='ocrx_word' id='word_1_756' title='bbox 2231 5419 2266 5473; x_wconf 74' lang='grc'>2</span> 
     </span>
    </p>
   </div>
   <div class='ocr_carea' id='block_1_104' title="bbox 427 5483 2018 5557">
    <p class='ocr_par' dir='ltr' id='par_1_104' title="bbox 427 5483 2018 5557">
     <span class='ocr_line' id='line_1_104' title="bbox 427 5483 2018 5557; baseline 0.004 -21"><span class='ocrx_word' id='word_1_757' title='bbox 427 5483 592 5539; x_wconf 78' lang='grc' dir='ltr'>οὕτω.</span> <span class='ocrx_word' id='word_1_758' title='bbox 667 5485 714 5557; x_wconf 51' lang='grc' dir='ltr'><strong>ξέ</strong></span> <span class='ocrx_word' id='word_1_759' title='bbox 747 5485 793 5557; x_wconf 57' lang='grc' dir='ltr'>ιε</span> <span class='ocrx_word' id='word_1_760' title='bbox 827 5483 1004 5557; x_wconf 74' lang='lat' dir='ltr'><strong>cod._i</strong></span> <span class='ocrx_word' id='word_1_761' title='bbox 1055 5483 1170 5557; x_wconf 69' lang='lat' dir='ltr'><strong>haec</strong></span> <span class='ocrx_word' id='word_1_762' title='bbox 1203 5483 1551 5557; x_wconf 4' lang='lat' dir='ltr'><strong>supplupqua:</strong></span> <span class='ocrx_word' id='word_1_763' title='bbox 1573 5485 1739 5557; x_wconf 83' lang='lat' dir='ltr'><strong>etiam</strong></span> <span class='ocrx_word' id='word_1_764' title='bbox 1767 5488 1964 5542; x_wconf 78' lang='lat' dir='ltr'><strong>Carafa</strong></span> <span class='ocrx_word' id='word_1_765' title='bbox 1992 5506 2018 5543; x_wconf 92' lang='lat' dir='ltr'><strong>e</strong></span> 
     </span>
    </p>
   </div>
   <div class='ocr_carea' id='block_1_105' title="bbox 2122 5483 3247 5557">
    <p class='ocr_par' dir='ltr' id='par_1_105' title="bbox 2122 5483 3247 5557">
     <span class='ocr_line' id='line_1_105' title="bbox 2122 5483 3247 5557; baseline 0.002 -13"><span class='ocrx_word' id='word_1_766' title='bbox 2122 5483 2316 5544; x_wconf 46' lang='lat' dir='ltr'><strong>&#39;essitf</strong></span> <span class='ocrx_word' id='word_1_767' title='bbox 2363 5489 2410 5521; x_wconf 79' lang='grc'><strong>⁵⁸</strong></span> <span class='ocrx_word' id='word_1_768' title='bbox 2439 5491 2667 5554; x_wconf 79' lang='grc' dir='ltr'>Ὅντος.</span> <span class='ocrx_word' id='word_1_769' title='bbox 2693 5491 2818 5545; x_wconf 91' lang='lat' dir='ltr'><strong>cod.</strong></span> <span class='ocrx_word' id='word_1_770' title='bbox 2843 5483 2892 5557; x_wconf 60' lang='grc'><strong>1⁷,</strong></span> <span class='ocrx_word' id='word_1_771' title='bbox 2915 5483 3247 5556; x_wconf 62' lang='grc' dir='ltr'>ἷνεύοντος.</span> 
     </span>
    </p>
   </div>
   <div class='ocr_carea' id='block_1_106' title="bbox 425 5553 1191 5623">
    <p class='ocr_par' dir='ltr' id='par_1_106' title="bbox 425 5553 1191 5623">
     <span class='ocr_line' id='line_1_106' title="bbox 425 5553 1191 5623; baseline -0.003 -16"><span class='ocrx_word' id='word_1_772' title='bbox 425 5569 600 5610; x_wconf 84' lang='grc' dir='ltr'>ταιαι.</span> <span class='ocrx_word' id='word_1_773' title='bbox 672 5553 718 5587; x_wconf 83' lang='grc'>⁸¹</span> <span class='ocrx_word' id='word_1_774' title='bbox 746 5554 788 5608; x_wconf 88' lang='grc' dir='ltr'>Ε</span> <span class='ocrx_word' id='word_1_775' title='bbox 810 5554 932 5608; x_wconf 89' lang='lat' dir='ltr'><strong>cod.</strong></span> <span class='ocrx_word' id='word_1_776' title='bbox 961 5555 983 5609; x_wconf 93' lang='grc'><strong>1</strong></span> <span class='ocrx_word' id='word_1_777' title='bbox 1014 5554 1191 5623; x_wconf 86' lang='lat' dir='ltr'><strong>suppl.</strong></span> 
     </span>
    </p>
   </div>
   <div class='ocr_carea' id='block_1_107' title="bbox 428 5626 942 5680">
    <p class='ocr_par' dir='ltr' id='par_1_107' title="bbox 428 5626 942 5680">
     <span class='ocr_line' id='line_1_107' title="bbox 428 5626 942 5680; baseline 0.006 -3"><span class='ocrx_word' id='word_1_778' title='bbox 428 5626 597 5680; x_wconf 80' lang='lat' dir='ltr'><strong>Abest</strong></span> <span class='ocrx_word' id='word_1_779' title='bbox 646 5639 676 5678; x_wconf 86' lang='lat' dir='ltr'><strong>a</strong></span> <span class='ocrx_word' id='word_1_780' title='bbox 729 5626 852 5679; x_wconf 92' lang='lat' dir='ltr'><strong>cod.</strong></span> <span class='ocrx_word' id='word_1_781' title='bbox 894 5626 942 5680; x_wconf 84' lang='grc'><strong>1.</strong></span> 
     </span>
    </p>
   </div>
   <div class='ocr_carea' id='block_1_108' title="bbox 427 5693 1210 5766">
    <p class='ocr_par' dir='ltr' id='par_1_108' title="bbox 427 5693 1210 5766">
     <span class='ocr_line' id='line_1_108' title="bbox 427 5693 1210 5766; baseline 0.001 -22"><span class='ocrx_word' id='word_1_782' title='bbox 427 5693 557 5747; x_wconf 79' lang='grc' dir='ltr'>τοῦ.</span> <span class='ocrx_word' id='word_1_783' title='bbox 579 5694 728 5766; x_wconf 67' lang='lat' dir='ltr'><strong>cod.</strong></span> <span class='ocrx_word' id='word_1_784' title='bbox 751 5695 776 5747; x_wconf 98' lang='grc'><strong>1</strong></span> <span class='ocrx_word' id='word_1_785' title='bbox 806 5695 900 5748; x_wconf 82' lang='grc' dir='ltr'><strong>τοῦ</strong></span> <span class='ocrx_word' id='word_1_786' title='bbox 933 5695 1210 5766; x_wconf 82' lang='grc' dir='ltr'>δευτέρου.</span> 
     </span>
    </p>
   </div>
   <div class='ocr_carea' id='block_1_109' title="bbox 2306 5418 3709 5547">
    <p class='ocr_par' dir='ltr' id='par_1_109' title="bbox 2306 5418 3709 5547">
     <span class='ocr_line' id='line_1_109' title="bbox 2306 5418 3709 5493; baseline 0.004 -21"><span class='ocrx_word' id='word_1_787' title='bbox 2306 5418 2630 5489; x_wconf 86' lang='grc' dir='ltr'>βασιλεύων.</span> <span class='ocrx_word' id='word_1_788' title='bbox 2711 5420 2760 5451; x_wconf 70' lang='grc'><strong>⁸⁸</strong></span> <span class='ocrx_word' id='word_1_789' title='bbox 2795 5418 3001 5489; x_wconf 69' lang='grc' dir='ltr'>Ἢμᾱς.</span> <span class='ocrx_word' id='word_1_790' title='bbox 3034 5421 3091 5475; x_wconf 90' lang='lat' dir='ltr'><strong>In</strong></span> <span class='ocrx_word' id='word_1_791' title='bbox 3117 5418 3242 5477; x_wconf 79' lang='lat' dir='ltr'><strong>cod.</strong></span> <span class='ocrx_word' id='word_1_792' title='bbox 3273 5418 3558 5491; x_wconf 48' lang='lat' dir='ltr'><strong>{ponitur</strong></span> <span class='ocrx_word' id='word_1_793' title='bbox 3587 5418 3709 5493; x_wconf 80' lang='lat' dir='ltr'><strong>posi</strong></span> 
     </span>
     <span class='ocr_line' id='line_1_110' title="bbox 2363 5489 3709 5547; baseline 0.005 -7"><span class='ocrx_word' id='word_1_794' title='bbox 2363 5489 2410 5521; x_wconf 81' lang='grc'><strong>⁵⁸</strong></span> <span class='ocrx_word' id='word_1_795' title='bbox 2439 5491 2667 5547; x_wconf 79' lang='grc' dir='ltr'>Ὅντος.</span> <span class='ocrx_word' id='word_1_796' title='bbox 2693 5491 2818 5545; x_wconf 91' lang='lat' dir='ltr'><strong>cod.</strong></span> <span class='ocrx_word' id='word_1_797' title='bbox 2843 5492 2892 5547; x_wconf 89' lang='grc'><strong>1.</strong></span> <span class='ocrx_word' id='word_1_798' title='bbox 2915 5490 2951 5543; x_wconf 71' lang='grc'><strong>’2</strong></span> <span class='ocrx_word' id='word_1_799' title='bbox 2978 5491 3247 5547; x_wconf 75' lang='grc' dir='ltr'>νεύοντος.</span> <span class='ocrx_word' id='word_1_800' title='bbox 3325 5493 3370 5524; x_wconf 80' lang='grc'><strong>⁵⁸</strong></span> <span class='ocrx_word' id='word_1_801' title='bbox 3393 5495 3514 5547; x_wconf 82' lang='lat' dir='ltr'><strong>Cod.</strong></span> <span class='ocrx_word' id='word_1_802' title='bbox 3545 5495 3568 5547; x_wconf 89' lang='grc'><strong>1</strong></span> <span class='ocrx_word' id='word_1_803' title='bbox 3603 5492 3709 5547; x_wconf 71' lang='grc' dir='ltr'><strong>μά-</strong></span> 
     </span>
    </p>
   </div>
   <div class='ocr_carea' id='block_1_110' title="bbox 3393 5507 3710 5562">
    <p class='ocr_par' dir='ltr' id='par_1_110' title="bbox 3393 5507 3710 5562">
     <span class='ocr_line' id='line_1_111' title="bbox 3393 5507 3710 5562; baseline -0.006 -14"><span class='ocrx_word' id='word_1_804' title='bbox 3393 5507 3514 5548; x_wconf 81' lang='lat' dir='ltr'><strong>Coo.</strong></span> <span class='ocrx_word' id='word_1_805' title='bbox 3545 5507 3568 5547; x_wconf 84' lang='grc' dir='ltr'><strong>⁴ι</strong></span> <span class='ocrx_word' id='word_1_806' title='bbox 3602 5507 3710 5562; x_wconf 82' lang='grc' dir='ltr'>μα-</span> 
     </span>
    </p>
   </div>
   <div class='ocr_carea' id='block_1_111' title="bbox 1271 5554 2018 5638">
    <p class='ocr_par' dir='ltr' id='par_1_111' title="bbox 1271 5554 2018 5638">
     <span class='ocr_line' id='line_1_112' title="bbox 1271 5554 2018 5638; baseline 0.011 -34"><span class='ocrx_word' id='word_1_807' title='bbox 1271 5554 1317 5584; x_wconf 80' lang='grc'><strong><em>⁵³</em></strong></span> <span class='ocrx_word' id='word_1_808' title='bbox 1333 5555 1452 5606; x_wconf 88' lang='lat' dir='ltr'><strong>cod.</strong></span> <span class='ocrx_word' id='word_1_809' title='bbox 1481 5555 1516 5606; x_wconf 74' lang='grc'><strong>2</strong></span> <span class='ocrx_word' id='word_1_810' title='bbox 1540 5554 1735 5638; x_wconf 70' lang='grc' dir='ltr'>αὐτὴν.</span> <span class='ocrx_word' id='word_1_811' title='bbox 1798 5559 1844 5589; x_wconf 68' lang='grc'><strong>⁸⁵</strong></span> <span class='ocrx_word' id='word_1_812' title='bbox 1884 5560 2018 5612; x_wconf 68' lang='lat' dir='ltr'><strong>Tati:</strong></span> 
     </span>
    </p>
   </div>
   <div class='ocr_carea' id='block_1_112' title="bbox 2122 5554 3712 5638">
    <p class='ocr_par' dir='ltr' id='par_1_112' title="bbox 2137 5554 3712 5638">
     <span class='ocr_line' id='line_1_113' title="bbox 2137 5554 3712 5638; baseline 0.004 -26"><span class='ocrx_word' id='word_1_813' title='bbox 2137 5560 2326 5638; x_wconf 77' lang='lat' dir='ltr'><strong>cod._l</strong></span> <span class='ocrx_word' id='word_1_814' title='bbox 2359 5562 2423 5631; x_wconf 77' lang='grc' dir='ltr'>τῇ</span> <span class='ocrx_word' id='word_1_815' title='bbox 2451 5559 2653 5638; x_wconf 39' lang='grc' dir='ltr'>αὐτοὶ</span> <span class='ocrx_word' id='word_1_816' title='bbox 2674 5563 2794 5638; x_wconf 83' lang='lat' dir='ltr'><strong>cod.</strong></span> <span class='ocrx_word' id='word_1_817' title='bbox 2823 5562 2862 5638; x_wconf 59' lang='grc' dir='ltr'><strong>ξι</strong></span> <span class='ocrx_word' id='word_1_818' title='bbox 2985 5562 3152 5616; x_wconf 80' lang='grc' dir='ltr'>αὑτοῦ</span> <span class='ocrx_word' id='word_1_819' title='bbox 3178 5554 3429 5638; x_wconf 82' lang='grc' dir='ltr'>δυνάμει.</span> <span class='ocrx_word' id='word_1_820' title='bbox 3453 5565 3542 5638; x_wconf 8' lang='grc'><strong>,⁸⁸⁵7</strong></span> <span class='ocrx_word' id='word_1_821' title='bbox 3561 5554 3712 5638; x_wconf 58' lang='lat' dir='ltr'><strong>fde.</strong></span> 
     </span>
    </p>
   </div>
   <div class='ocr_carea' id='block_1_113' title="bbox 1055 5626 2558 5756">
    <p class='ocr_par' dir='ltr' id='par_1_113' title="bbox 1055 5626 2558 5756">
     <span class='ocr_line' id='line_1_114' title="bbox 1055 5626 2555 5700; baseline 0.005 -24"><span class='ocrx_word' id='word_1_822' title='bbox 1055 5626 1102 5656; x_wconf 77' lang='lat'><strong>&quot;</strong></span> <span class='ocrx_word' id='word_1_823' title='bbox 1133 5626 1696 5693; x_wconf 63' lang='grc' dir='ltr'>ΙΙρογε-ιιυαμμένου.</span> <span class='ocrx_word' id='word_1_824' title='bbox 1730 5630 1851 5682; x_wconf 90' lang='lat' dir='ltr'><strong>cod.</strong></span> <span class='ocrx_word' id='word_1_825' title='bbox 1891 5626 2422 5700; x_wconf 60' lang='grc' dir='ltr'>1προτεταγμένουῖ</span> <span class='ocrx_word' id='word_1_826' title='bbox 2513 5629 2555 5660; x_wconf 87' lang='grc'><strong>⁵⁷</strong></span> 
     </span>
     <span class='ocr_line' id='line_1_115' title="bbox 1055 5693 2558 5756; baseline 0.003 -9"><span class='ocrx_word' id='word_1_827' title='bbox 1055 5695 1210 5756; x_wconf 49' lang='grc' dir='ltr'>ηέρου.</span> <span class='ocrx_word' id='word_1_828' title='bbox 1291 5693 1336 5722; x_wconf 77' lang='grc'><strong><em>⁵⁸</em></strong></span> <span class='ocrx_word' id='word_1_829' title='bbox 1366 5697 1488 5747; x_wconf 90' lang='lat' dir='ltr'><strong>cod.</strong></span> <span class='ocrx_word' id='word_1_830' title='bbox 1541 5695 1560 5747; x_wconf 90' lang='grc'><strong>1</strong></span> <span class='ocrx_word' id='word_1_831' title='bbox 1619 5700 1950 5756; x_wconf 76' lang='grc' dir='ltr'>ποιήσωμεν.</span> <span class='ocrx_word' id='word_1_832' title='bbox 2027 5699 2071 5730; x_wconf 84' lang='grc'><strong><em>⁶⁰</em></strong></span> <span class='ocrx_word' id='word_1_833' title='bbox 2103 5698 2144 5752; x_wconf 82' lang='grc' dir='ltr'>Ε</span> <span class='ocrx_word' id='word_1_834' title='bbox 2179 5701 2302 5756; x_wconf 88' lang='lat' dir='ltr'><strong>cod.</strong></span> <span class='ocrx_word' id='word_1_835' title='bbox 2347 5700 2558 5756; x_wconf 86' lang='lat' dir='ltr'><strong>lsunDl</strong></span> 
     </span>
    </p>
   </div>
   <div class='ocr_carea' id='block_1_114' title="bbox 427 5715 2018 5839">
    <p class='ocr_par' dir='ltr' id='par_1_114' title="bbox 427 5715 2018 5839">
     <span class='ocr_line' id='line_1_116' title="bbox 427 5715 1950 5768; baseline 0.005 -24"><span class='ocrx_word' id='word_1_836' title='bbox 427 5715 557 5747; x_wconf 75' lang='grc' dir='ltr'>του.</span> <span class='ocrx_word' id='word_1_837' title='bbox 595 5715 718 5748; x_wconf 82' lang='lat' dir='ltr'><strong>cnu.</strong></span> <span class='ocrx_word' id='word_1_838' title='bbox 751 5715 776 5747; x_wconf 76' lang='lat'>1</span> <span class='ocrx_word' id='word_1_839' title='bbox 806 5715 900 5748; x_wconf 89' lang='grc' dir='ltr'><strong>του</strong></span> <span class='ocrx_word' id='word_1_840' title='bbox 933 5715 1210 5766; x_wconf 82' lang='grc' dir='ltr'>οευτερου.</span> <span class='ocrx_word' id='word_1_841' title='bbox 1291 5715 1334 5722; x_wconf 81' lang='lat'><strong>&quot;</strong></span> <span class='ocrx_word' id='word_1_842' title='bbox 1366 5715 1488 5747; x_wconf 82' lang='lat' dir='ltr'><strong>cuu.</strong></span> <span class='ocrx_word' id='word_1_843' title='bbox 1541 5715 1560 5747; x_wconf 89' lang='grc' dir='ltr'>ι</span> <span class='ocrx_word' id='word_1_844' title='bbox 1619 5715 1950 5768; x_wconf 78' lang='grc' dir='ltr'>ποιησωμεν.</span> 
     </span>
     <span class='ocr_line' id='line_1_117' title="bbox 427 5762 2018 5839; baseline 0.004 -21"><span class='ocrx_word' id='word_1_845' title='bbox 427 5765 615 5834; x_wconf 75' lang='lat' dir='ltr'><strong>suppl.</strong></span> <span class='ocrx_word' id='word_1_846' title='bbox 692 5764 740 5796; x_wconf 75' lang='grc'>⁸³</span> <span class='ocrx_word' id='word_1_847' title='bbox 771 5767 1032 5833; x_wconf 66' lang='grc' dir='ltr'>Πολλοῖς</span> <span class='ocrx_word' id='word_1_848' title='bbox 1059 5795 1131 5807; x_wconf 80' lang='grc'><strong><em>-</em></strong></span> <span class='ocrx_word' id='word_1_849' title='bbox 1156 5762 1488 5839; x_wconf 67' lang='grc' dir='ltr'>ἀφέστηκε,</span> <span class='ocrx_word' id='word_1_850' title='bbox 1523 5765 1652 5833; x_wconf 81' lang='grc' dir='ltr'>τάς.</span> <span class='ocrx_word' id='word_1_851' title='bbox 1687 5766 1814 5824; x_wconf 88' lang='lat' dir='ltr'><strong>Des.</strong></span> <span class='ocrx_word' id='word_1_852' title='bbox 1845 5770 1898 5824; x_wconf 89' lang='lat' dir='ltr'><strong>in</strong></span> <span class='ocrx_word' id='word_1_853' title='bbox 1923 5769 2018 5826; x_wconf 88' lang='lat' dir='ltr'><strong>cod</strong></span> 
     </span>
    </p>
   </div>
   <div class='ocr_carea' id='block_1_115' title="bbox 2122 5715 2580 5839">
    <p class='ocr_par' dir='ltr' id='par_1_115' title="bbox 2122 5715 2580 5826">
     <span class='ocr_line' id='line_1_118' title="bbox 2122 5715 2580 5826; baseline 0.002 -74"><span class='ocrx_word' id='word_1_854' title='bbox 2122 5715 2144 5752; x_wconf 75' lang='grc' dir='ltr'><strong>ε.</strong></span> <span class='ocrx_word' id='word_1_855' title='bbox 2347 5715 2364 5752; x_wconf 92' lang='grc' dir='ltr'>ι</span> <span class='ocrx_word' id='word_1_856' title='bbox 2399 5715 2580 5826; x_wconf 60' lang='lat' dir='ltr'><strong>suppl.</strong></span> 
     </span>
     <span class='ocr_line' id='line_1_119' title="bbox 2122 5771 2580 5826; baseline 0.004 -2"><span class='ocrx_word' id='word_1_857' title='bbox 2122 5807 2134 5824; x_wconf 92' lang='lat'><strong>.</strong></span> <span class='ocrx_word' id='word_1_858' title='bbox 2291 5773 2376 5825; x_wconf 82' lang='lat' dir='ltr'><strong>Oi.</strong></span> <span class='ocrx_word' id='word_1_859' title='bbox 2413 5786 2476 5826; x_wconf 91' lang='lat' dir='ltr'><strong>co</strong></span> <span class='ocrx_word' id='word_1_860' title='bbox 2524 5811 2536 5825; x_wconf 95' lang='lat'><strong>.</strong></span> <span class='ocrx_word' id='word_1_861' title='bbox 2568 5771 2580 5826; x_wconf 82' lang='lat' dir='ltr'><strong>l</strong></span> 
     </span>
    </p>
   </div>
   <div class='ocr_carea' id='block_1_116' title="bbox 3449 5631 3710 5688">
    <p class='ocr_par' dir='ltr' id='par_1_116' title="bbox 3449 5631 3710 5688">
     <span class='ocr_line' id='line_1_120' title="bbox 3449 5631 3710 5688; baseline 0 0"><span class='ocrx_word' id='word_1_862' title='bbox 3449 5635 3495 5667; x_wconf 85' lang='grc'>⁸⁸</span> <span class='ocrx_word' id='word_1_863' title='bbox 3533 5631 3710 5688; x_wconf 72' lang='grc' dir='ltr'>Τοὺόε</span> 
     </span>
    </p>
   </div>
   <div class='ocr_carea' id='block_1_117' title="bbox 2683 5703 3707 5774">
    <p class='ocr_par' dir='ltr' id='par_1_117' title="bbox 2683 5703 3707 5774">
     <span class='ocr_line' id='line_1_121' title="bbox 2683 5703 3707 5774; baseline 0.003 -18"><span class='ocrx_word' id='word_1_864' title='bbox 2683 5703 2877 5774; x_wconf 43' lang='grc' dir='ltr'>ξδεοιι.</span> <span class='ocrx_word' id='word_1_865' title='bbox 2910 5704 2940 5774; x_wconf 85' lang='grc'><strong>1</strong></span> <span class='ocrx_word' id='word_1_866' title='bbox 2961 5704 3302 5774; x_wconf 81' lang='grc' dir='ltr'>εἰσάκουσον.</span> <span class='ocrx_word' id='word_1_867' title='bbox 3383 5706 3428 5738; x_wconf 76' lang='grc'><strong>⁸⁸</strong></span> <span class='ocrx_word' id='word_1_868' title='bbox 3455 5704 3499 5760; x_wconf 88' lang='grc' dir='ltr'>Ε</span> <span class='ocrx_word' id='word_1_869' title='bbox 3527 5711 3650 5761; x_wconf 71' lang='lat' dir='ltr'><strong>cod.</strong></span> <span class='ocrx_word' id='word_1_870' title='bbox 3681 5704 3707 5759; x_wconf 85' lang='grc'><strong>1</strong></span> 
     </span>
    </p>
   </div>
   <div class='ocr_carea' id='block_1_118' title="bbox 2568 5771 3044 5845">
    <p class='ocr_par' dir='ltr' id='par_1_118' title="bbox 2568 5771 3044 5845">
     <span class='ocr_line' id='line_1_122' title="bbox 2568 5771 3044 5845; baseline 0.004 -19"><span class='ocrx_word' id='word_1_871' title='bbox 2568 5771 2591 5826; x_wconf 94' lang='grc'><strong>1</strong></span> <span class='ocrx_word' id='word_1_872' title='bbox 2630 5771 2781 5827; x_wconf 82' lang='lat' dir='ltr'><strong>addit</strong></span> <span class='ocrx_word' id='word_1_873' title='bbox 2805 5776 2864 5827; x_wconf 77' lang='grc' dir='ltr'>ἐν</span> <span class='ocrx_word' id='word_1_874' title='bbox 2887 5773 3044 5845; x_wconf 79' lang='grc' dir='ltr'>αὐτῇ.</span> 
     </span>
    </p>
   </div>
   <div class='ocr_carea' id='block_1_119' title="bbox 2513 5618 3371 5700">
    <p class='ocr_par' dir='ltr' id='par_1_119' title="bbox 2513 5618 3371 5700">
     <span class='ocr_line' id='line_1_123' title="bbox 2513 5618 3371 5700; baseline 0.006 -17"><span class='ocrx_word' id='word_1_875' title='bbox 2513 5629 2555 5660; x_wconf 86' lang='grc'><strong>⁵⁷</strong></span> <span class='ocrx_word' id='word_1_876' title='bbox 2601 5631 2869 5700; x_wconf 66' lang='grc' dir='ltr'>Ψαλμοῦ.</span> <span class='ocrx_word' id='word_1_877' title='bbox 2904 5618 3073 5688; x_wconf 59' lang='grc' dir='ltr'><strong>Αἰνεδί</strong></span> <span class='ocrx_word' id='word_1_878' title='bbox 3102 5651 3132 5687; x_wconf 86' lang='lat' dir='ltr'><strong>a</strong></span> <span class='ocrx_word' id='word_1_879' title='bbox 3163 5636 3286 5690; x_wconf 85' lang='lat' dir='ltr'><strong>cod.</strong></span> <span class='ocrx_word' id='word_1_880' title='bbox 3317 5618 3371 5688; x_wconf 61' lang='grc' dir='ltr'>Ξ.</span> 
     </span>
    </p>
   </div>
  </div>
