4102 6410
531 359 553 423 i
565 363 667 424 339

1518 363 2013 424 THEODORETI
2051 365 2391 428 EPISCOPI
2417 365 2787 428 CYRENSIS

3649 371 3788 437 1310

527 483 591 527 ut
619 470 952 535 custodiant,
998 471 1099 525 huc
1141 471 1364 538 faciunt,
1404 475 1506 530 sibi
1543 475 1676 546 ipsis
1720 478 2098 534 succedentes.

2207 480 2298 533 τὸν
2325 481 2638 550 νυκτερινὴν
2668 481 2861 551 καιρὸν
2908 481 2956 534 οἱ
2991 480 3284 549 φυλάττειν
3332 486 3788 554 πεπιστευμένοι,

528 560 594 614 Et
625 560 714 613 alii
743 560 960 630 quidem
1007 571 1115 615 tres
1147 561 1199 614 in
1230 571 1410 631 partes
1438 565 1710 634 dividunt,
1762 569 1852 622 alii
1893 585 2018 623 vero
2051 571 2103 624 in

525 658 783 720 quatuor.
822 649 884 704 Et
927 649 1193 705 Dominus
1227 653 1280 705 in
1329 663 1525 722 quarta
1579 657 1760 726 vigilia
1816 659 1994 714 noctis
2034 659 2104 715 ad

522 755 709 795 sacros
732 743 1009 810 apostolos
1039 745 1183 798 venit
1205 753 1249 796 κ.
1289 744 1424 800 Dicit
1457 748 1620 817 igitur
1645 750 1862 805 divinus
1890 749 2058 806 David
2085 771 2100 807 :

523 832 698 903 Super
746 845 920 888 strato
974 852 1097 890 meo
1145 837 1358 906 jacens,
1413 840 1798 898 dulcissimum
1847 859 2101 900 somnum

521 926 831 995 abigeham,
867 943 964 998 per
1001 929 1250 1000 singulas
1288 932 1501 1002 vigilias
1534 934 1588 989 in
1633 937 1986 992 meditatione
2011 948 2102 993 tua

519 1019 729 1072 haerens
765 1039 778 1074 :
820 1023 1152 1092 hymnisque
1198 1025 1462 1080 beneﬁcia
1500 1041 1528 1080 a
1580 1035 1632 1082 te
1685 1030 1736 1082 in
1771 1045 1858 1084 me
1904 1031 2102 1086 collata

517 1115 968 1182 compcnsabam.
1014 1115 1148 1169 Nam
1197 1117 1366 1171 veluti
1408 1119 1645 1188 quodam
1692 1121 1901 1176 alarum
1943 1131 2102 1194 tegu-

516 1216 702 1261 mento
731 1207 1138 1279 inexpugnabili
1168 1211 1508 1279 providentia
1554 1229 1641 1268 me
1673 1216 1934 1271 custodis.
1970 1215 2100 1288 [Eo-

514 1299 636 1352 dcm
670 1315 890 1368 quoque
921 1303 1086 1355 modo
1119 1303 1352 1372 populus
1395 1319 1425 1358 e
1469 1306 1763 1374 gentilibus
1797 1323 2100 1365 conversus

517 1394 841 1446 recordatur
874 1409 1041 1464 super
1091 1406 1285 1460 strato,
1324 1413 1483 1452 mane
1515 1400 1802 1456 celebrans
1851 1403 2098 1458 omnium

516 1484 888 1538 Sci-valerem.
925 1505 944 1537 ι
982 1487 1119 1553 Quia
1170 1490 1285 1558 ipse
1316 1489 1468 1545 fuisti
1495 1492 1732 1562 adjutor,
1767 1504 1820 1548 et
1862 1496 1914 1549 in
1945 1507 2100 1566 tegu-

515 1584 700 1628 mento
736 1577 948 1631 alarum
979 1587 1192 1634 tuarum
1225 1584 1536 1637 exsultaho.
1566 1604 1584 1636 ι
1609 1586 1739 1639 Alas
1768 1595 1948 1641 autem
1974 1588 2099 1657 jure

513 1667 710 1720 dixerit
729 1669 931 1738 aliquis
958 1683 1069 1724 tum
1098 1673 1262 1728 Vetus
1282 1684 1394 1728 tum
1424 1674 1634 1731 Novum
1659 1677 2094 1750 Testamentum,

516 1758 568 1810 in
607 1773 714 1827 quo
753 1769 945 1827 tectus,
983 1761 1285 1818 innutritus
1317 1775 1370 1819 et
1401 1767 1598 1836 gaudio
1629 1768 1856 1824 aﬂ'cctus
1883 1786 1976 1838 per
2008 1787 2096 1826 re-

515 1851 928 1916 generationem
961 1864 1152 1907 sancto
1190 1855 1410 1910 lavacro
1442 1857 1642 1911 factam
1674 1870 1896 1915 evectus
1922 1871 2006 1915 est
2043 1871 2101 1915 ut
2133 1836 2172 1890 Β

515 1942 666 1994 lieret
711 1943 796 1994 vir
842 1942 1139 2012 perlectus,
1187 1955 1354 2015 utque
1407 1949 1616 2003 veniret
1665 1950 1733 2004 ad
1780 1966 2098 2006 mensuram

512 2045 736 2091 statura:
769 2038 1126 2107 plenitudinis
1159 2040 1364 2096 Christi
1382 2041 1461 2116 1.]

583 2305 751 2362 Vens.
798 2307 850 2361 9.
906 2325 923 2358 ι
962 2306 1205 2362 Adhaasit
1254 2309 1436 2363 anima
1489 2326 1607 2364 mea
1653 2321 1772 2380 post
1817 2319 1890 2366 te.
1934 2331 1952 2364 ι
1996 2311 2100 2367 Ne-

509 2413 674 2468 queo,
721 2398 922 2469 inquit,
976 2401 1057 2455 vel
1108 2401 1391 2468 paululum
1443 2417 1619 2456 meam
1675 2415 1910 2459 mentem
1943 2422 1972 2459 a
2004 2415 2096 2460 tua

509 2492 776 2545 memoria
803 2493 1082 2556 divellere,
1110 2493 1203 2547 sed
1233 2493 1434 2562 pbiltro
1458 2495 1680 2549 ardente
1704 2497 2094 2562 inﬂammatus,

513 2585 586 2640 tui
630 2586 842 2656 1022
871 2588 1068 2650 amori,
1105 2587 1329 2656 perinde
1356 2602 1420 2642 ac
1445 2589 1656 2656 glutino
1682 2591 1943 2659 quodam,
1983 2607 2098 2646 me-

510 2680 683 2732 moria
733 2695 855 2732 sum
907 2678 1118 2733 aliixus.
1180 2678 1386 2733 Deinde
1439 2680 1681 2734 ostendit
1727 2682 1932 2735 amoris
1979 2683 2097 2737 l‘ru-

506 2778 676 2823 ctum.
728 2787 747 2820 ι
783 2768 862 2824 Me
905 2771 1146 2839 suscepit
1179 2771 1402 2824 dextera
1436 2779 1548 2824 tua.
1594 2789 1612 2822 ι
1659 2771 1796 2825 Cum
1831 2773 1975 2827 enim
2017 2773 2095 2826 vi-

505 2858 635 2910 deas
666 2870 752 2911 me
781 2857 861 2912 sic
906 2857 1186 2922 aﬂ‘ectum,
1221 2866 1316 2912 tuo
1345 2857 1550 2912 auxilio
1580 2873 1667 2912 me
1691 2858 1915 2928 dignum
1945 2859 2095 2930 judi-

505 2964 619 3003 C88.

579 3038 749 3096 Vens.
793 3039 881 3094 10.
929 3057 950 3092 ι
991 3039 1096 3110 Ipsi
1145 3054 1279 3094 vero
1338 3039 1394 3094 in
1455 3055 1658 3094 vanum
1722 3041 2096 3110 quaesiverunt

2205 573 2362 626 τοῦτο
2386 573 2554 644 δρῶσι
2590 576 2732 642 σφᾶς
2758 574 2955 637 αὐτοὺς
2985 573 3378 644 διαδεχόμενοι.
3427 575 3539 628 Καὶ
3579 576 3629 628 οἱ
3685 578 3788 644 μὲν

2205 666 2363 734 τριχῆ
2387 662 2706 735 διαιροῦσιν,
2749 664 2797 716 oi
2852 664 2910 717 δὲ
2963 664 3229 735 τετραχῆ.
3292 662 3403 717 Καὶ
3451 663 3480 714 6
3515 663 3720 733 Κύριος
3743 663 3794 696 ιι

2205 759 2440 830 τετάρτῃ
2471 757 2684 828 φυλακῇ
2711 759 2806 829 τῆς
2841 759 3037 821 νυκτὸς
3070 758 3206 829 πρὸς
3239 759 3366 822 τοὺς
3422 759 3604 828 ἱεροὺς
3653 759 3796 812 ἀπο-

2208 850 2428 914 στόλους
2456 851 2704 920 ἐλήλυθε.
2755 851 2920 918 Λέγει
2966 850 3150 904 τοίνυν
3192 853 3220 904 6
3281 850 3426 914 θεῖος
3483 849 3667 913 Δαϐὶδ,
3709 852 3795 904 ὅτι

2205 943 2316 996 Καὶ
2364 943 2459 996 ἐπὶ
2515 945 2870 1014 στρωμνῆς¹⁷
2926 943 3350 1013 κατακείμενος,
3423 944 3516 996 τὸν
3568 943 3794 1014 ἥδιστον

2206 1032 2373 1086 ὐπνον
2426 1034 2799 1105 ἀνεϐαλλόμην
2825 1035 2894 1098 ’⁸,
2929 1035 3051 1088 καθ’
3100 1036 3338 1107 ἑκάστην
3393 1035 3645 1105 φυλακὴν
3688 1034 3794 1104 τὴν

2204 1125 2304 1196 σὴν
2339 1124 2476 1195 ἔχων
2512 1126 2744 1196 μελέτην
2764 1143 2778 1156 ο
2806 1127 2900 1179 καὶ
2921 1127 2968 1158 ”
3011 1126 3205 1197 ὕμνοις
3234 1125 3334 1190 τὰς
3366 1128 3446 1189 εἰς
3480 1127 3582 1196 ἐμὲ
3623 1141 3794 1195 γεγε-

2202 1217 2445 1286 νημένας
2501 1217 2810 1288 ὴμειόόμην
2833 1218 2878 1248 ³⁸
2921 1217 3265 1288 εὐεργεσίας.
3340 1210 3470 1269 Οἷον
3517 1217 3628 1287 γάρ
3678 1233 3792 1270 τινι

2203 1309 2493 1381 πτερύγων
2518 1310 2716 1383 σκέπῃ,
2747 1313 2813 1380 τῇ
2838 1311 3040 1380 ἀμάχῳ
3067 1310 3190 1380 με²¹
3228 1309 3546 1380 προμηθείᾳ
3579 1309 3791 1378 φυλάτ-

2201 1416 2338 1464 τεις.
2375 1398 2448 1471 [³³
2476 1401 2586 1454 Καὶ
2634 1399 2794 1453 τοῦτο
2831 1399 2887 1453 δὲ
2917 1401 3050 1454 αὐτὸ
3095 1401 3124 1453 6
3157 1400 3216 1466 ἐξ
3254 1399 3426 1454 ἐθνῶν
3456 1401 3584 1464 λαὸς
3623 1417 3793 1454 πεπι-

2203 1491 2447 1555 στευκὼς
2479 1493 2814 1563 μνημονεύει
2845 1493 3066 1556 πάντως
3097 1493 3194 1545 ἐπὶ
3223 1492 3327 1562 τῆς
3377 1494 3696 1562 στρωμνῆς,
3730 1493 3792 1545 ἐν

2199 1584 2276 1654 τῷ
2310 1584 2495 1656 ὄρθρῳ
2526 1584 2780 1656 ἀνυμνῶν
2807 1585 2898 1639 τὸν
2929 1584 3040 1638 τῶν
3093 1585 3232 1638 ὅλων
3289 1585 3543 1656 Σωτῆρα.
3585 1603 3604 1636 ι
3662 1585 3795 1640 Ὀτι

2199 1677 2464 1750 ἐγενήθης
2486 1679 2647 1743 αὐτὸς
2681 1678 2899 1749 βοηθὸς,
2933 1680 3027 1732 καὶ
3051 1679 3110 1731 ὲν
3139 1680 3205 1748 τῇ
3231 1679 3412 1748 σκέπῃ
3443 1677 3554 1730 τῶν
3581 1675 3792 1749 πτερύ-

2199 1787 2312 1838 γων
2345 1788 2436 1824 σου
2476 1771 2900 1842 ἀγαλλιάσομαι.
2947 1789 2965 1823 ι
3021 1770 3326 1839 Πτέρυτας
3343 1770 3390 1801 ³³
3437 1769 3496 1822 δὲ
3562 1769 3791 1834 δικαίως

2204 1863 2270 1916 ἂν
2300 1865 2445 1916 εἴποι
2473 1867 2501 1918 6
2525 1864 2688 1924 αὐτὸς
2711 1865 2952 1918 παλαιάν
2982 1881 3040 1917 τε
3073 1864 3169 1916 καὶ
3215 1864 3345 1917 νέαν
3390 1861 3680 1933 διαθήκην,
3715 1862 3790 1916 δι’

2201 1951 2271 2028 ἧς
2324 1957 2661 2026 σκεπόμενος
2715 1961 2807 2010 καὶ
2864 1958 3202 2030 τρεφόμενος
3235 1956 3331 2010 καὶ
3377 1955 3792 2027 ἀγαλλιώμενος

2203 2049 2288 2101 διὰ
2324 2051 2420 2117 τῆς
2458 2048 2550 2102 τοῦ
2603 2049 2829 2120 λουτροῦ
2891 2049 3316 2118 παλιγγενεσίας
3391 2049 3644 2121 προήχθη
3705 2050 3790 2113 είς

2203 2139 2370 2209 ἄνδρα
2399 2140 2624 2204 τέλειον,
2669 2143 2746 2203 εἰς
2785 2141 2984 2212 μέτρον
3010 2140 3228 2213 ἡλικίας
3270 2141 3366 2195 τοῦ
3410 2140 3789 2212 πληρώματος

2200 2231 2294 2282 τοῦ
2326 2232 2623 2304 Χριστοῦ.]

2272 2324 2337 2376 θ’.
2380 2343 2397 2374 ι
2453 2324 2748 2396 Ἑκολλήθη
2795 2327 2827 2395 ή
2874 2325 3022 2395 ψυχή
3075 2343 3178 2396 μου
3213 2326 3392 2380 ὀπίσω
3420 2341 3534 2380 σου.
3567 2344 3586 2379 ›
3647 2323 3789 2379 Οὐδὲ

2202 2415 2338 2485 πρὶς
2369 2415 2563 2484 βραχὺ,
2594 2418 2748 2486 φησὶ,
2775 2425 2866 2468 τὸν
2891 2417 3024 2486 ἐμὸν
3050 2417 3315 2486 λογισμὸν
3372 2419 3472 2486 τῆς
3509 2419 3610 2488 σῆς
3647 2417 3790 2469 ἀπο-

2203 2507 2639 2576 στῆταιδύναμαι
2674 2507 2918 2578 μνήμης·
2945 2506 3082 2559 ἀλλά
3100 2508 3309 2578 φίλτρῳ
3337 2505 3530 2578 θερμῷ
3553 2505 3790 2577 πυρευό-

2202 2597 2444 2668 μενοςνι,
2501 2596 2615 2652 οἷόν
2668 2617 2774 2652 τινι
2813 2599 2979 2671 κόλλῃ
3021 2603 3085 2671 τῇ
3143 2601 3336 2673 μνήμῃ
3383 2599 3460 2670 τῷ
3505 2598 3582 2668 σῷ
3631 2597 3790 2669 πόθῳ

2199 2691 2586 2761 προσδέδεμαι.
2626 2688 2764 2746 Εἶτα
2799 2694 3040 2747 δείκνυσι
3085 2694 3179 2747 τὸν
3203 2693 3298 2746 τοῦ
3345 2693 3511 2746 πόθου
3548 2691 3786 2762 καρπόν.

2205 2803 2223 2835 ι
2247 2785 2414 2852 Ἐμοῦ
2436 2786 2480 2816 ³⁵
2510 2784 2566 2837 δὲ
2599 2786 2926 2841 ἀντελάϐετο
2944 2789 2988 2820 ³⁸
3015 2788 3047 2856 ή
3074 2787 3225 2851 δεξιά
3257 2804 3373 2841 σου.
3416 2804 3434 2838 ι
3471 2784 3632 2840 Οὕτω
3675 2786 3788 2855 γάρ

2202 2893 2268 2946 με
2301 2877 2646 2947 διακείμενον
2675 2878 2838 2949 ὁρῶν,
2889 2880 2988 2949 τῆς
3045 2878 3148 2948 σῆς
3193 2878 3367 2946 ἀξιοῖς
3414 2877 3787 2949 προμηθείας.

2273 3065 2324 3114 ι’.
2359 3078 2379 3112 ι
2416 3060 2580 3114 Αὐτοὶ
2608 3059 2665 3112 δὲ
2721 3060 2802 3122 είς
2853 3059 3090 3130 μάτην³⁷
3143 3059 3417 3129 ἐζήτησαν
3466 3057 3567 3127 τὴν
3604 3057 3792 3128 ψυχήν

507 3131 748 3185 animam
784 3147 988 3185 meam.
1033 3149 1050 3181 ι
1094 3134 1110 3152 '
1150 3131 1289 3184 Cum
1337 3131 1600 3186 adversus
1642 3147 1738 3186 eos
1784 3133 1920 3187 nihil
1958 3132 2095 3186 deli-

2203 3170 2328 3223 μου.
2372 3173 2390 3206 ι
2436 3153 2601 3206 Οὐδὲν
2622 3152 2923 3222 ἠδικηκότα
2956 3169 3022 3222 με
3056 3150 3450 3214 σπουδάζουσιν
3480 3149 3699 3204 ἀνελεῖν
3720 3149 3788 3202 ⁸⁸.

507 3223 745 3293 querim,
789 3224 1014 3278 student
1057 3232 1235 3276 tamen
1273 3237 1361 3277 me
1397 3237 1427 3276 e
1458 3223 1638 3277 medio
1686 3223 1895 3276 tollere.
1956 3241 1974 3275 ι
2011 3221 2097 3276 ln-

511 3315 759 3369 troibunt
804 3315 858 3368 in
903 3313 1164 3368 inferiora
1213 3325 1393 3368 terras.
1435 3333 1454 3366 »
1491 3316 1560 3368 At
1611 3315 1738 3368 novi
1785 3330 1881 3370 eos
1925 3326 2103 3371 morte

513 3407 854 3462 adiciendos.
889 3405 1096 3461 Deinde
1135 3407 1297 3461 etiam
1342 3407 1565 3461 modum
1612 3407 1871 3463 interitus
1911 3424 2099 3463 eorum

513 3499 780 3569 praedicit.

583 3589 748 3645 Vens.
793 3589 876 3644 11.
916 3609 936 3641 ι
979 3588 1290 3645 Tradentur
1333 3591 1388 3645 in
1436 3607 1634 3646 manus
1683 3593 1867 3662 gladii.
1910 3612 1928 3644 ο
1987 3594 2102 3651 Hoc

510 3683 580 3736 ah
636 3682 876 3736 hostium
925 3681 1149 3736 dextera
1210 3681 1504 3750 patientur.
1556 3700 1574 3733 ι
1612 3683 1800 3736 Partes
1853 3683 2098 3754 vulpium

510 3785 692 3830 erunt.
726 3794 744 3827 ›
781 3775 844 3829 Et
870 3776 996 3841 hoe,
1026 3775 1226 3844 inquit,
1255 3791 1362 3828 non
1389 3790 1419 3828 a
1442 3776 1848 3845 potentioribus
1872 3777 2101 3846 quibus-

509 3868 634 3920 dam
669 3866 920 3921 hostibus
953 3867 1227 3936 patientur
1265 3883 1281 3921 :
1316 3866 1411 3922 sed
1441 3883 1470 3920 a
1498 3867 1747 3922 ﬁnitimis
1772 3869 2094 3940 Allophylis,

506 3959 602 4029 qui
633 3958 852 4028 quidem
887 3974 1040 4013 more
1068 3959 1313 4026 vulpium
1360 3973 1756 4028 nonnunquam
1807 3958 2094 4022 invadunt,

506 4051 826 4119 frequenter
881 4065 1011 4104 vero
1069 4061 1120 4104 et
1173 4051 1292 4105 sine
1349 4051 1758 4105 intermissione
1825 4049 2095 4120 proﬂigati

504 4142 742 4212 fugiunt.
772 4143 938 4197 Porro
963 4142 1253 4211 expeditus
1276 4152 1328 4195 ct
1351 4143 1635 4211 proximus
1663 4158 1860 4196 sensus
1893 4143 2092 4208 innuit,

505 4236 692 4304 plures
736 4251 802 4288 ex
857 4234 964 4299 his,
1021 4235 1116 4304 qui
1173 4235 1226 4288 in
1272 4235 1529 4289 conllictu
1573 4233 1981 4298 oecunibercnt,
2028 4249 2096 4288 ne

487 4327 790 4396 sepultura
821 4325 1042 4396 quidem
1072 4326 1268 4397 dignos
1294 4327 1433 4392 fore,
1486 4327 1578 4381 sed
1621 4342 1650 4379 a
1683 4325 1814 4380 feris
1858 4324 2092 4378 dilania—

2212 3262 2229 3294 ι
2276 3242 2755 3296 Είσελεύσονται³⁹
2808 3244 2888 3306 είς
2950 3242 3019 3294 τὰ
3084 3241 3378 3295 κατώτατα
3403 3241 3503 3308 τῆς
3563 3242 3689 3309 γῆς.
3761 3259 3784 3293 ι

2217 3337 2356 3388 Ἀλλ’
2382 3331 2500 3388 οἶδα
2531 3334 2606 3398 ὡς
2643 3335 2858 3404 θανάτῳ
2901 3333 3398 3404 παραδοθήσονται.
3449 3328 3585 3386 Εἶτα
3601 3333 3649 3364 ⁸⁸
3695 3332 3794 3387 καὶ

2203 3428 2295 3482 τὸν
2321 3428 2522 3498 τρόπον
2556 3425 2913 3494 προθεσπίζει
2939 3427 3037 3495 τῆς
3065 3425 3324 3494 τελευτῆς
3343 3425 3411 3479 ⁸⁸.

2278 3611 2367 3658 ια’.
2434 3622 2452 3654 ι
2507 3603 2990 3673 Παραδοθήσονται
3043 3604 3124 3665 είς
3171 3604 3361 3672 χεῖρας
3430 3601 3728 3672 ῥομφαίας.
3765 3619 3785 3654 ι

2214 3696 2350 3750 ’Υπδ
2370 3697 2414 3727 ⁴¹
2448 3694 2754 3764 πολεμικῆς
2780 3691 2937 3746 τοῦτο
2959 3693 3241 3746 πείσονται
3263 3690 3464 3756 δεξιᾶς.
3505 3711 3523 3743 ι
3553 3692 3790 3764 Μερίδες

2202 3786 2503 3841 ἀλωπέκων
2531 3785 2775 3838 ἔσονται.
2839 3802 2858 3836 ι
2918 3784 3030 3837 Καὶ
3063 3783 3241 3849 τοῦτο,
3293 3783 3477 3852 φησιν,
3532 3782 3632 3850 οὐχ
3681 3783 3792 3836 ὑπὸ

2201 3877 2441 3932 δυνατῶν
2476 3894 2638 3930 τινων
2677 3874 3082 3944 ὑποστήσονται
3120 3872 3428 3943 πολεμίων·
3462 3872 3578 3926 ἀλλ’
3615 3873 3722 3926 ὑπὸ
3744 3874 3791 3906 ⁸³

2200 3968 2310 4021 τῶν
2355 3967 2666 4038 προσοίκων
2709 3963 3022 4032 ἀλλοφύλων
3061 3981 3074 3994 ·
3125 3962 3173 4016 οἳ
3229 3963 3386 4032 δίκην
3444 3963 3788 4027 ἀλωπέκων,

2199 4057 2330 4110 ποτὲ
2375 4057 2474 4126 μὲν
2529 4057 2750 4120 ἐπίασι,
2804 4053 2955 4124 θαμὰ
2997 4053 3055 4106 δὲ
3103 4053 3197 4105 καὶ
3230 4052 3470 4122 συνεχῶς
3504 4052 3790 4119 ἐξελαυνό-

2201 4165 2356 4218 μενοι
2376 4148 2421 4178 ⁸⁸
2473 4145 2795 4214 φεύγουσιν.
2845 4143 3152 4195 Αίνίττεται
3195 4141 3252 4196 δὲ
3301 4141 3362 4194 τὸ
3389 4142 3432 4173 ⁸⁸
3494 4141 3791 4211 πρόχειρον

2199 4239 2400 4308 νόημα,
2430 4237 2504 4298 ὡς
2531 4235 2639 4288 τῶν
2665 4237 2723 4288 ὲν
2759 4233 2837 4304 τῷ
2876 4232 3101 4302 πολέμῳ
3149 4231 3425 4285 πεσόντων
3464 4233 3514 4286 οί
3565 4230 3789 4294 πλείους

2197 4331 2318 4383 οὐδὲ
2341 4329 2520 4396 ταφῆς
2560 4325 2968 4395 ,ἀξιωθήσονται
2993 4351 3016 4382 ν
3062 4323 3198 4377 ἀλλά
3243 4323 3629 4394 προκείσονται
3672 4325 3788 4388 τοῖς

2199 4422 2407 4492 θηρίοις
2439 4420 2594 4490 βορά.

573 4512 737 4569 Vsus.
785 4513 870 4568 1'2.
919 4533 938 4564 ι
984 4512 1100 4570 Rex
1147 4528 1278 4568 vero
1321 4513 1592 4570 laatalvitur
1640 4513 1692 4566 in
1741 4511 1871 4566 Deo.
1908 4531 1926 4563 ι
1982 4510 2091 4580 Ego

2269 4516 2352 4584 ιβ’.
2391 4534 2410 4564 ι
2454 4515 2510 4567 Ὀ
2532 4514 2586 4566 δὲ
2620 4511 2874 4582 βασιλεὺς
2900 4510 3335 4579 εὐφρανθήσεται
3362 4508 3457 4562 ἐπὶ
3487 4507 3564 4579 τῷ
3588 4506 3730 4578 Θεῷ.
3761 4527 3782 4561 ι

502 4617 651 4665 vero,
689 4604 885 4673 inquit,
928 4620 1158 4674 regnum
1196 4604 1293 4658 abs
1328 4612 1381 4657 te
1425 4602 1684 4672 adeptus,
1729 4619 1836 4656 non
1867 4603 1937 4656 ob
1967 4601 2089 4654 illo-

502 4709 621 4748 rum
678 4696 956 4753 interitum
1009 4697 1253 4761 lmtabor,
1311 4696 1406 4751 sed
1463 4697 1534 4749 ob
1584 4705 1737 4749 tuum
1795 4694 2085 4757 auxilium,

499 4801 611 4854 quo
658 4786 831 4845 fretus
861 4787 1194 4856 multiplices
1239 4788 1589 4842 inimicorum
1625 4786 1858 4840 insidias
1899 4784 2086 4855 eﬂ‘ugi.

506 4897 526 4932 ι
557 4878 953 4937 Laudabuutur
1003 4895 1212 4948 omnes,
1251 4880 1346 4951 qui
1390 4879 1581 4950 jurant
1610 4879 1665 4934 in
1692 4894 1783 4944 eo,
1828 4878 1956 4949 quia
1989 4879 2089 4933 ob-

573 5057 599 5088 !
629 5047 795 5104 Marc.
829 5062 906 5110 γι,
947 5043 1035 5099 48.
1112 5051 1141 5093 1'
1170 5043 1369 5113 Ephes.
1402 5059 1476 5112 tv,
1500 5044 1588 5100 l5.

2211 4607 2353 4674 Ἐγὼ
2373 4607 2450 4667 δὲ,
2472 4623 2544 4673 φη
2555 4606 2625 4664 ct,
2653 4603 2801 4672 παρὰ
2820 4601 2913 4654 σοῦ
2934 4601 3032 4669 τὴν
3051 4599 3329 4670 βασιλείαν
3350 4597 3667 4667 δεξάμενος,
3685 4598 3788 4650 οὐκ

2199 4694 2292 4748 ἐπὶ
2315 4693 2392 4763 τῷ
2419 4692 2642 4745 ἐκείνων
2671 4692 2981 4759 ἡσθήσομαι
3030 4688 3242 4758 θανάτῳ
3267 4730 3283 4755 ,
3337 4687 3452 4741 ἀλλ’
3477 4689 3569 4741 ἐπὶ
3610 4691 3678 4758 τῇ
3717 4689 3786 4758 σῇ

2197 4784 2536 4858 προμηθείᾳ,
2589 4783 2659 4835 δι’
2703 4778 2770 4852 ἦς
2825 4779 3090 4850 ἐξέφυγον
3129 4779 3229 4844 τὰς
3277 4777 3630 4842 παντοδαπὰς
3672 4776 3785 4831 τῶν

2199 4877 2479 4947 πολεμίων
2553 4874 2874 4938 ἐπιϐουλάς.
2915 4877 2966 4924 ἰ
3043 4872 3501 4944 Ἐπαινεθήσεται
3575 4871 3686 4935 πᾶς
3754 4872 3786 4925 6

1614 5195 1848 5252 VARIIE
1888 5193 2273 5252 LECTIONES
2312 5193 2401 5248 ET
2436 5191 2671 5249 NOTIE.

567 5319 614 5350 "
647 5314 862 5383 Κύριος
907 5311 1034 5368 cod.
1068 5312 1093 5365 1
1130 5322 1183 5366 et
1207 5311 1385 5367 Qadd.
1411 5311 1489 5366 δέ.

500 5471 834 5532 ιντοῃγεγενᾷ
862 5453 1023 5506 habet
1063 5452 1377 5532 γινομένας.

1593 5314 1638 5346 ’⁷
1682 5316 1806 5368 Ἐπί
1840 5313 2180 5384 στρωμνῆς.
2217 5313 2340 5368 cod.
2377 5314 2397 5384 1
2430 5311 2556 5384 add.

495 5387 545 5419 ’⁸
584 5381 944 5456 Ἀνε6.οοι1.1
974 5383 1340 5456 ἁπεσειόμην.
1371 5383 1496 5456 cod.
1525 5383 1560 5436 ἓ
1587 5381 2012 5456 ἀπεϐαλλόμηνξ
2035 5387 2104 5456 ,⁸³
2131 5387 2263 5456 Καὶ.
2292 5382 2487 5456 σού.ᾼὲ
2511 5381 2666 5456 τοξςᾷ
2718 5381 2768 5456 _’°
2797 5383 3008 5449 Γεγεν.
3035 5381 3230 5456 murto;
3259 5381 3312 5434 in
3338 5381 3551 5456 cod_._2.

1457 5453 1501 5484 ³¹
1526 5453 1613 5507 Μέ
1631 5455 1751 5509 Des.
1785 5457 1836 5508 in
1872 5449 1994 5510 cod.
2019 5455 2073 5510 2.

2226 5456 2263 5507 Ε
2281 5455 2404 5509 cod.
2427 5454 2475 5505 1.
2555 5452 2598 5483 ³³
2617 5450 2924 5520 Πτέρυγας
2949 5481 3014 5491 —
3041 5449 3355 5518 διαθήκην.
3385 5449 3508 5506 Vid.
3533 5467 3586 5521 p.
3617 5451 3776 5521 i009,

501 5522 553 5585 ἱ..
590 5522 654 5580 5.-
722 5525 1001 5594 ³⁴Π·ινρευ.
1035 5523 1157 5577 cod.
1195 5523 1676 5592 1πυρσευόμενος.
1753 5524 1800 5556 ³³
1831 5526 2030 5594 Ἐμοῡ,
2065 5543 2098 5580 (ιη

2215 5527 2234 5578 1
2273 5525 2396 5579 add.
2429 5522 2627 5591 λέγων.

2589 5326 2714 5392 μου.
2748 5309 2873 5365 cod.
2894 5308 2930 5363 2
2962 5308 3126 5364 habet
3147 5308 3206 5363 ὲν
3349 5313 3608 5434 στρωμνῇ
3653 5327 3780 5380 μου.

2589 5399 2643 5434 ις.
2724 5381 2768 5411 ³⁰
2797 5383 3008 5434 Γετεν.
3035 5379 3230 5434 ducto.
3259 5396 3312 5434 tn
3338 5395 3424 5434 COt
3450 5420 3463 5433 .
3537 5422 3551 5434 .
3585 5383 3711 5434 cod.
3749 5384 3774 5434 1

2724 5381 2768 5411 ³⁸
2797 5383 3008 5449 Feror.
3035 5379 3230 5447 ήμειό.
3259 5379 3312 5434 in
3338 5379 3463 5434 cod.
3497 5379 3551 5435 2.
3583 5379 3711 5437 cod.
3749 5384 3774 5437 1

2705 5521 2750 5551 ³⁵
2779 5523 2899 5575 cod.
2937 5521 2959 5573 1
2995 5521 3297 5574 ἀντιλάϐοι.
3365 5522 3408 5553 ³⁷
3435 5521 3778 5590 Εὶςμάττέν·

501 5603 660 5663 llcbr.
697 5591 910 5693 Πιεῆιιῠξ),
936 5607 1004 5659 ad
1029 5605 1397 5668 vastationem,
1418 5621 1464 5660 s.
1487 5591 1788 5662 interitum.
1865 5591 1910 5639 ⁸⁵
1942 5609 2098 5662 Ἀνεὰ

2203 5627 2224 5663 ’.
2252 5609 2375 5664 cod.
2404 5607 2428 5660 1
2461 5605 2586 5660 add.
2613 5603 2703 5659 διὰ
2727 5605 2792 5675 δὴ
2826 5601 3002 5657 ταῦτα
3033 5603 3162 5674 βοῶ.
3246 5604 3289 5636 ³⁸
3320 5604 3443 5659 cod.
3477 5605 3502 5658 1
3538 5605 3780 5658 εἰσελεύ-

499 5725 735 5781 εξοιινσιο.Δ
787 5712 833 5743 ⁸ο
859 5707 1027 5781 Εἶτα.
1064 5708 1192 5764 Des.
1229 5709 1446 5781 incod.
1469 5710 1520 5764 1.
1599 5710 1640 5743 υ
1671 5711 1968 5781 Τελευτῆς
1992 5714 2092 5768 cod

2223 5713 2347 5768 add.
2385 5713 2634 5768 ἐκείνων.
2713 5711 2760 5745 ⁸³
2801 5711 2937 5765 Ὑπὸ
2966 5742 3038 5752 -
3069 5711 3296 5779 δεξιᾶς.
3324 5711 3453 5770 Des.
3483 5713 3540 5770 in
3570 5713 3694 5770 cod.
3722 5712 3776 5768 1.

500 5777 538 5829 l’
555 5793 616 5834 ro
645 5779 755 5833 ὑπὸ
779 5779 903 5836 cod.
934 5781 970 5832 ‘2
1004 5780 1167 5833 habet
1198 5779 1324 5834 ἀπό.
1404 5780 1450 5812 ’⁵³
1476 5781 1597 5836 eod.
1631 5783 1666 5835 2
1689 5783 1817 5840 ἀπό.
1896 5777 2092 5839 “cod.

2203 5785 2382 5838 ὲλαυνό
2390 5801 2571 5855 μενος.

2652 5783 2698 5817 ⁸⁵
2750 5781 2843 5839 Τό.
2882 5785 3051 5838 Abest
3083 5800 3111 5838 a
3137 5785 3260 5840 cod.
3285 5783 3339 5839 2.
