4102 6404
501 4957 518 5023 l

544 356 679 420 1343

1538 360 2033 422 TIIEODORETI
2066 361 2409 421 EPISCOPI
2450 363 2824 423 CYRENSIS

3692 357 3832 424 1344

542 473 721 526 dtxit:
762 471 1132 526 Firnmverunl
1170 488 1460 527 sermonem
1493 491 1736 544 pravum,
1775 484 2130 530 narraueram

2239 474 2459 546 εἴρηκεν
2483 490 2496 506 ο
2570 475 2944 545 Ἐκράτυναν
3001 477 3193 547 λόγον
3242 473 3534 543 πονηρὸν,
3583 475 3835 544 statarii-

543 575 600 618 ut
631 564 959 618 occultarent
990 565 1228 635 laqueos.
1267 565 1440 622 Meam
1473 569 1618 622 enim
1649 570 1942 624 molientes
1976 583 2129 623 mor-

543 666 676 720 tem,
713 668 1146 726 proposuerunt,
1202 673 1257 714 et
1303 661 1712 727 consultarunt,
1760 663 1964 736 quibus
2008 677 2129 715 ma-

540 748 957 804 chinationibus
989 762 1183 807 e0ntra
1215 768 1302 807 me
1335 753 1598 808 utendum
1629 765 1798 820 essm,
1829 765 1887 810 et
1919 770 1976 810 re
2010 757 2130 825 ipsa

541 857 827 897 sermones
867 845 1288 900 conﬁrmarunt.
1335 844 1464 900 llaec
1502 856 1684 901 autem
1727 848 1954 913 audent,
2001 849 2132 918 quia

542 935 814 988 neminem
852 946 1042 1006 putant
1068 940 1232 994 rebus
1259 941 1519 994 humanis
1545 956 1800 1009 przeesse.
1835 940 1950 996 Hoc
1983 941 2130 996 enim

540 1039 603 1077 ea
661 1040 782 1094 quae
832 1037 1142 1096 sequuntur
1193 1029 1524 1086 declarant:
1581 1051 1599 1082 ι
1638 1031 1954 1086 Dixerunt:
1997 1029 2132 1096 Quis

542 1115 748 1170 videbit
777 1117 916 1172 eos?
947 1136 966 1169 ι
1008 1117 1340 1188 Opinantur,
1384 1121 1481 1185 ait,
1524 1123 1799 1176 neminem
1831 1137 1953 1177 esse
1986 1121 2134 1191 judi-

541 1223 660 1262 cem
692 1225 885 1264 eorum
917 1227 1041 1281 qua:
1071 1214 1226 1268 (iunt.
1267 1213 1407 1286 [Hoc
1433 1215 1654 1284 quidem
1685 1216 1824 1270 valet
1859 1216 1926 1271 de
1961 1217 2133 1271 Absa-

543 1301 712 1368 lomo,
759 1303 926 1358 Saule
963 1313 1017 1358 et
1048 1306 1300 1376 reliquis,
1337 1307 1480 1362 idem
1520 1325 1650 1362 vero
1695 1309 1762 1363 de
1806 1309 1986 1379 impiis
2019 1326 2136 1365 om-

544 1394 706 1449 nibus
757 1397 926 1463 valet,
982 1398 1078 1468 qui
1128 1409 1437 1469 opportuno
1495 1410 1742 1470 tempore
1795 1402 2028 1458 insidias
2080 1415 2136 1458 et

544 1485 851 1542 tendieulas
885 1499 1081 1558 parant
1110 1489 1369 1547 Ecclesiis
1398 1493 1513 1548 Dei.
1543 1494 1754 1564 1025
1781 1493 1917 1552 Vide
1947 1507 2132 1552 autem

545 1576 676 1645 quid
709 1577 856 1632 dicat
892 1579 944 1633 in
975 1583 1382 1656 sequentibus.]

622 1668 780 1724 Vens.
819 1673 867 1725 7.
905 1692 921 1724 ι
972 1674 1208 1730 Scrutati
1255 1688 1382 1732 sunt
1419 1678 1760 1750 iniquitates,
1813 1680 2136 1736 defecerunt

545 1775 854 1820 scrutantes
886 1770 1175 1824 scrutinio.
1220 1788 1239 1822 ι
1303 1770 1555 1840 Omnem,
1609 1774 1807 1842 inquit,
1868 1775 2137 1830 adhibue-

548 1873 676 1912 runt
733 1862 1140 1931 cegitationem.
1201 1881 1393 1921 omnes
1447 1868 1711 1924 adversus
1763 1886 1849 1924 me
1913 1869 2135 1939 excogi-

547 1961 731 2006 tarunt
795 1955 1260 2018 machinationes,
1327 1958 1534 2012 nullam
1587 1959 1698 2013 doli
1756 1962 1995 2030 speciem
2054 1961 2138 2014 in-

548 2053 749 2098 tactam
785 2031 1146 2117 reliquerunt,
1199 2050 1380 2118 palam
1432 2051 1778 2119 invadentes,
1821 2054 2136 2108 clanculum

546 2137 911 2204 insidiantes,
977 2140 1418 2210 speculatoribus
1486 2155 1744 2211 utentes,
1811 2146 2138 2202 solitudines

545 2231 832 2294 obeuntes,
874 2247 1071 2286 saxosa
1115 2233 1234 2288 loca
1285 2235 1650 2304 requirentes,
1701 2236 1780 2308 [in
1828 2238 2136 2304 montibus,

545 2325 824 2389 speluncis
857 2333 910 2378 et
947 2324 1161 2380 ﬁssuris
1199 2336 1358 2382 terra:
1379 2338 1689 2398 quaerentes
1724 2331 1958 2386 athletas
1993 2333 2135 2402 pios,

544 2415 612 2470 de
643 2415 846 2485 quibus
867 2416 1092 2473 divinus
1128 2419 1332 2476 Paulus
1359 2421 1529 2476 dicit:
1562 2421 1765 2487 Quibus
1803 2441 1908 2477 non
1941 2424 2136 2496 dignus

543 2515 660 2559 erat
694 2507 944 2562 mundus.
977 2505 998 2580 ]

617 2595 785 2650 Vens.
814 2597 867 2652 8.
905 2617 924 2650 ι
959 2599 1196 2655 Accedet
1226 2601 1412 2669 homo,
1451 2610 1507 2658 et
1534 2619 1632 2658 cor
1660 2603 1853 2660 altum.
1889 2605 1952 2661 Et
1983 2607 2138 2662 exal-

546 2687 931 2754 tabiturDeus,
956 2707 973 2739 ι
1011 2692 1126 2747 Hoc
1168 2694 1414 2764 apertius
1464 2693 1810 2752 Theodotion
1867 2699 2139 2770 interpre-

546 2787 692 2833 tatus
725 2788 842 2847 est;
878 2781 1011 2837 dicit
1035 2794 1215 2840 autem
1255 2788 1334 2841 sic
1360 2806 1372 2840 :
1403 2785 1470 2839 Et
1503 2799 1724 2843 mentem
1754 2793 1876 2857 viri,
1927 2802 1978 2845 et
2012 2808 2142 2862 pro-

548 2871 777 2940 fundum
805 2891 916 2941 cor,
939 2873 1079 2929 Deus
1110 2879 1320 2948 sagittis
1343 2881 1586 2950 conﬁget.
1617 2882 1728 2936 Etsi
1759 2884 1904 2937 euitn
1941 2885 2140 2940 millies

546 2981 644 3018 sua
695 2981 862 3036 prava
898 2972 1077 3026 studia
1120 2972 1488 3040 occultat-int,
1526 2975 1815 3030 manifesta
1849 2985 1978 3030 sunt
2029 2975 2137 3032 Deo

547 3059 731 3115 omnia
783 3062 1122 3133 inspieienti,
1169 3066 1260 3135 qui
1299 3067 1573 3136 propriam
1615 3068 1857 3122 ostendit
1891 3069 2135 3125 altitudi-

548 3163 695 3216 nem,
731 3153 860 3208 dum
895 3170 1088 3224 pinnas
1119 3155 1188 3210 ab
1217 3155 1489 3226 ejusmodi
1527 3158 1844 3214 hominibus
1873 3161 2063 3232 exigit.

626 3349 646 3383 ι
685 3335 703 3355 ⁶
740 3331 965 3402 Sagittae
995 3335 1349 3404 parvulorum
1383 3337 1539 3393 facta:
1569 3346 1700 3394 sunt
1723 3338 1894 3410 plagae
1922 3355 2136 3394 eorum.

549 3421 830 3496 [Vens.9.]
869 3424 933 3478 Et
962 3425 1253 3482 inﬁrmata:
1279 3439 1409 3482 sunt
1440 3439 1630 3485 contra
1659 3447 1755 3485 eos
1800 3432 2000 3503 lingua:
2046 3448 2142 3486 eo-

550 3531 694 3568 rum.
732 3535 751 3567 »
793 3515 1062 3572 Caeterum
1106 3520 1322 3574 tametsi
1376 3528 1526 3574 tanta
1571 3522 1928 3577 contentione
1975 3533 2143 3577 utun-

551 3619 660 3674 tur,
701 3624 732 3663 a
761 3611 1041 3680 proposito
1086 3612 1428 3667 exciderunt.
1476 3612 1954 3680 Quemadmodum
1993 3617 2140 3671 enim

546 3701 730 3770 jacula
757 3719 786 3757 a
819 3704 1004 3774 pueris
1035 3705 1234 3760 emissa
1266 3707 1399 3761 nihil
1430 3707 1616 3762 damni
1647 3707 1889 3764 aﬂ‘crunt
1921 3709 2008 3764 his
2047 3711 2140 3780 qui

553 3803 833 3864 petuntur,
887 3797 969 3852 sic
1020 3798 1250 3853 istorum
1287 3798 1486 3870 lingua:
1513 3800 1648 3855 nihil
1671 3800 2020 3856 offenderunt
2043 3816 2140 3857 eos

550 3887 645 3955 qui
692 3888 1127 3960 conﬁgebantur,
1169 3892 1384 3963 1026
1407 3901 1463 3946 at
1504 3893 1557 3946 in
1578 3901 1740 3962 caput
1773 3891 2140 3962 jaculantium

550 3992 715 4033 omne
753 3981 960 4035 malum
998 3981 1208 4037 recidit.
1238 4002 1255 4034 ι
1288 3981 1611 4038 Conturbati
1646 3993 1773 4040 sunt
1805 4000 2000 4041 omnes
2048 3985 2143 4055 qui

553 4072 810 4128 videbant
830 4090 945 4131 eos.
977 4094 996 4126 ι
1025 4074 1128 4142 Qui
1150 4092 1278 4132 vero
1302 4077 1419 4132 suis
1440 4078 1733 4134 conatibus
1747 4094 1840 4134 eos
1859 4077 1882 4132 l'
1885 4079 2143 4136 raudatos

554 4163 830 4231 viderunt,
871 4167 1288 4236 perturbatione
1317 4175 1370 4222 et
1401 4165 1695 4222 formidine
1746 4169 1954 4239 impleti
1990 4177 2141 4234 sunt,

551 4257 910 4330 divinamque
956 4259 1365 4316 Providentiam
1407 4261 1663 4316 admirati
1705 4271 1854 4318 sunt.
1894 4261 2009 4319 Hoc
2045 4278 2145 4318 au-

553 4359 662 4405 tem
691 4353 972 4422 sequentia
1003 4354 1266 4410 indicant.

625 4440 792 4501 Vens.
829 4445 917 4501 10.
958 4465 975 4498 ι
1009 4444 1077 4502 Ει
1112 4446 1294 4501 timuit
1338 4445 1520 4502 omnis
1547 4445 1732 4512 homo,
1764 4454 1818 4502 et
1846 4446 2143 4502 annuntia-

2233 581 2425 622 σαντο
2454 569 2681 637 κρύψαι
2713 569 2992 638 παγίδας.
3043 568 3148 623 Τὸν
3180 567 3288 639 γὰρ
3314 566 3448 637 ἐμὸν
3499 566 3834 631 καττύοντις

2235 660 2491 729 θάνατον,
2519 664 2892 733 εἰσηγήσαντο
2939 662 3033 717 καὶ
3091 659 3616 724 συνεϐουλεύσαντο,
3649 659 3838 722 ποίαις

2234 753 2316 806 δεῖ
2340 755 2648 825 χρήσασθαι
2678 755 2801 808 κατ’
2838 755 2974 826 ἐμοῦ
3018 756 3294 826 μηχαναῖς
3321 753 3390 815 ⁸⁸,
3425 753 3520 806 καὶ
3570 751 3650 822 τῷ
3683 751 3836 821 ἔργῳ

2233 847 2359 910 τούς
2387 847 2582 916 λόγους
2613 849 2926 919 ἐκράτυναν
2951 866 2967 880 ·
3012 848 3186 902 ταῦτα
3215 847 3274 902 δέ
3307 846 3606 916 τολμῶσιν,
3637 844 3836 898 οὐδένα.

2236 941 2644 1010 προμηθεῖσθαι
2706 942 2820 996 τῶν
2859 943 3222 1014 ἀνθρωπίνων
3271 941 3594 1012 ἡγούμενοι.
3653 939 3836 992 Τοῦτο

2235 1033 2345 1104 γάρ
2392 1033 2546 1105 δηλοῖ
2592 1034 2669 1088 τά
2711 1036 3074 1107 ιπξπαγόμενει⁹
3115 1054 3133 1088 ι
3171 1031 3350 1088 Εἶπαν
3367 1035 3409 1066 ⁸⁸
3441 1051 3454 1065 ·
3486 1032 3584 1096 Τίς
3637 1031 3838 1103 ὄψεται

2235 1125 2468 1193 αὐτούς;
2517 1145 2536 1177 ι
2581 1126 2900 1196 Ἥγοῦνται,
2948 1128 3106 1198 φησὶ,
3168 1125 3376 1198 μηδένα
3404 1120 3544 1180 εἶναι
3581 1125 3693 1178 τῶν
3745 1143 3838 1194 γι-

2235 1219 2476 1296 νομένων
2509 1221 2727 1294 κριτήν.
2763 1211 2836 1283 [⁷⁸
2871 1219 3044 1274 Τοῦτο
3077 1221 3177 1292 μὲν
3221 1221 3269 1274 oi
3315 1221 3446 1290 περὶ
3497 1218 3589 1272 τὸν
3643 1219 3838 1272 Ἀϐεσ-

2239 1312 2434 1384 σαλὼμ
2469 1313 2564 1366 καὶ
2597 1313 2692 1367 τὸν
2718 1313 2892 1367 Σαοὺλ
2924 1315 3020 1366 καὶ
3065 1313 3194 1375 τούς
3244 1310 3470 1374 λοιπούς
3494 1326 3508 1341 ⁸
3565 1307 3724 1364 τοῦτο
3779 1309 3838 1362 δὲ

2237 1404 2335 1458 καὶ
2359 1405 2407 1457 οἱ
2433 1404 2746 1475 παράνομοι
2781 1405 2832 1457 oi
2856 1405 2999 1457 κατὰ
3027 1403 3220 1474 καιρὸν
3241 1402 3489 1472 μηχανὰς
3524 1402 3620 1454 καὶ
3648 1400 3836 1467 πάγας

2238 1498 2382 1552 κατὰ
2412 1497 2523 1550 τῶν
2561 1496 2906 1566 Ἐκκλησιῶν
2937 1494 3032 1548 τοῦ
3064 1494 3202 1548 Θεοῦ
3247 1493 3680 1564 συστησάμενοι.
3721 1493 3837 1546 Καὶ

2236 1594 2340 1666 δρα
2373 1594 2424 1646 τί
2459 1609 2595 1662 φησι
2628 1593 2717 1646 διὰ
2744 1593 2850 1645 τῶν
2876 1590 3051 1662 ἐξῆς.]

2311 1686 2376 1750 ζ’.
2419 1704 2437 1737 ι
2494 1683 2902 1755 Ἐξηρεύνησαν
2956 1683 3189 1754 ἀνομίαν
3221 1683 3307 1749 τί,
3362 1680 3614 1747 ἐξέλιπον
3655 1679 3701 1713 ⁷³
3747 1680 3839 1748 ἐξ·

2239 1775 2572 1847 ερευνῶντες
2597 1776 2980 1846 ὲξερευνήσεις
3001 1775 3066 1827 ⁷³.
3111 1793 3127 1826 ι
3163 1773 3381 1836 Πάντα,
3416 1771 3585 1843 φησὶν
3606 1813 3620 1837 ,
3653 1773 3837 1841 ἐκίνη-

2241 1881 2342 1918 σαν
2384 1863 2649 1934 λογισμόν
2675 1882 2688 1895 ·
2737 1865 2919 1916 πᾶσαν
2965 1862 3272 1932 ἐπενόησαν
3293 1861 3340 1894 ⁷⁸
3381 1863 3501 1915 κατ’
3542 1863 3675 1932 ἐμοῦ
3725 1879 3836 1933 μη-

2239 1958 2410 2029 χανήν
2440 1976 2454 1990 ·
2517 1957 2671 2010 οὐδὲν
2734 1955 3033 2024 ἐπιϐουλῆς
3119 1955 3586 2009 καταλελοίπασιν
3655 1950 3834 2020 εἶδος,

2239 2050 2539 2123 προφανῶς
2575 2050 2856 2115 ἐπιόντες,
2906 2049 3151 2121 κρύϐδην
3195 2048 3501 2119 λοχῶντες,
3554 2048 3834 2102 κατασκό-

2239 2159 2365 2206 ποις
2425 2141 2739 2213 χρὼμενοι,
2789 2141 2890 2204 τὰς
2933 2141 3179 2212 ἐρήμους
3223 2139 3719 2210 περινοστοῦντες,
3767 2141 3835 2194 τὰ

2241 2233 2492 2306 πετρώδη
2543 2235 2721 2304 χωρία
2761 2231 3184 2303 διερευνώμενοι
3215 2235 3261 2265 ⁷³
3316 2231 3338 2304 [
3380 2233 3426 2264 ⁷⁸
3455 2233 3514 2285 ἐν
3547 2233 3700 2302 ὄρεσι
3739 2233 3838 2285 καὶ

2242 2324 2530 2395 σπηλαίοις
2564 2324 2660 2378 καὶ
2682 2326 2806 2387 ταῖς
2831 2325 2996 2386 ὀπαῖς
3025 2324 3125 2393 τῆς
3157 2323 3260 2394 γῆς
3285 2323 3681 2393 ἀναζητοῦντες
3706 2323 3837 2386 τοὺς

2240 2416 2481 2486 ἀθλητὰς
2539 2416 2643 2486 τῆς
2695 2415 3021 2479 εὐσεϐείας,
3079 2417 3213 2488 περὶ
3259 2410 3334 2469 ὧν
3371 2417 3574 2484 φάσκει
3611 2416 3638 2467 ὁ
3688 2415 3838 2480 θεῖος

2241 2509 2456 2572 Παῦλος
2475 2549 2489 2572 ,
2522 2502 2609 2562 ὧν
2643 2509 2755 2562 οὐκ
2775 2504 2854 2579 ἦν
2883 2507 3055 2574 ἄξιος
3081 2511 3114 2562 ὀ
3148 2509 3422 2580 κόσμος].

2317 2619 2336 2652 ι
2381 2600 2820 2670 Προσελεύσεται
2856 2601 3238 2672 ἄνθρωπος’τ,
3268 2601 3363 2654 καὶ
3388 2601 3585 2672 καρδία
3615 2600 3831 2671 βαθεῖα.

2241 2691 2363 2765 [η’.]
2389 2694 2498 2746 Καὶ
2531 2691 2880 2762 ὑψωθήσεται
2901 2690 2945 2723 ⁷⁸
2980 2694 3008 2745 ό
3033 2693 3188 2755 Θεός.
3228 2711 3247 2745 ι
3280 2691 3457 2746 Τοῦτο
3475 2694 3520 2724 ⁷³
3557 2693 3834 2760 σαφέστε-

2245 2803 2338 2857 ρον
2376 2788 2405 2838 ὁ
2441 2783 2744 2838 Θεοδοτίων
2785 2786 3105 2856 ¹ήρμήνευσε
3128 2803 3141 2817 ·
3189 2785 3340 2854 λέγει
3383 2787 3438 2839 δέ
3475 2785 3650 2850 οὕτως
3676 2803 3690 2817 ·
3725 2784 3837 2840 Kal

2241 2878 2515 2932 διάνοιαν
2539 2877 2781 2945 ἀνδρὸς,
2835 2877 2936 2933 καὶ
2991 2878 3248 2946 καρδίαν
3275 2879 3536 2944 ,βαθεῖαν
3584 2895 3836 2933 κατατο-

2243 2970 2448 3036 ξεύσει
2473 2974 2506 3025 ὁ
2533 2972 2697 3036 Θεός.
2722 2970 2844 3024 Κᾶν
2889 2969 2998 3040 γὰρ
3027 2971 3289 3040 μυριάκις
3318 2969 3500 3024 αὐτῶν
3544 2969 3834 3040 κατακρύ-

2240 3063 2384 3134 ψωσι
2423 3064 2491 3117 τὰ
2519 3062 2955 3133 ἐπιτηδεύματα,
2980 3063 3117 3133 δῆλα
3147 3062 3324 3117 ταῦτά
3344 3063 3389 3098 ⁸ο
3415 3064 3532 3117 ἐστι
3556 3063 3633 3132 τῷ
3666 3062 3833 3117 πάντ’

2163 3177 2208 3237 C
2243 3156 2514 3226 ἐφορῶντι
2541 3155 2661 3227 Θεῷ
2680 3172 2694 3186 ο
2712 3154 2771 3218 ὃς
2792 3156 2835 3186 ⁸¹
2857 3156 2919 3208 τὸ
2939 3156 3142 3209 οίεκεῖον
3167 3155 3547 3210 ὑποδείκνυσιν
3578 3155 3734 3227 ὕψος,
3751 3157 3838 3210 δία

2245 3267 2348 3314 κας
2373 3249 2419 3281 ⁸⁸
2492 3248 2619 3311 τοὺς
2676 3247 2954 3311 τοιούτους
3007 3249 3496 3320 εἰσπραττόμενος.

2320 3361 2337 3393 ι
2379 3342 2545 3405 Βέλος
2572 3340 2788 3411 νηπίων
2815 3341 2861 3374 ⁸³
2903 3341 3249 3412 ἐγενήθησαν
3289 3343 3346 3395 at
3386 3341 3592 3413 πληγαὶ
3626 3341 3832 3398 αὐτῶν.

2246 3431 2363 3506 [θ’.]
2396 3433 2506 3487 Καὶ
2537 3431 2910 3504 ἐξησθένησαν
2945 3432 3034 3486 ἐπ’
3063 3432 3263 3497 αὐτοὺς
3285 3433 3332 3465 ⁸⁸
3356 3434 3414 3486 al
3445 3433 3692 3502 γλῶσσαι
3733 3433 3836 3487 αὐ-

2244 3525 2372 3579 τῶν.
2404 3543 2423 3576 ι
2474 3523 2617 3578 ⁹Αλλ’
2639 3525 2790 3594 ὅμως
2818 3525 2915 3578 xal.
2951 3523 3195 3596 τοσαύτῃ
3232 3524 3503 3595 δεινότητι
3531 3524 3838 3596 χρώμενοι,

2244 3615 2544 3688 διήμαρτον
2575 3615 2672 3669 τοῦ
2705 3615 2932 3670 σκοποῦ.
2968 3614 3239 3685 Καθάπερ
3271 3615 3384 3687 γὰρ
3428 3617 3497 3670 τὰ
3528 3617 3680 3686 παρὰ
3725 3615 3839 3668 τῶν

2245 3707 2442 3778 κομιδῆ
2472 3708 2609 3762 νέων
2644 3706 2922 3778 ἀφιέμενα
2941 3707 2989 3738 ⁸⁵
3023 3707 3150 3779 βέλη
3187 3707 3395 3778 βλάϐην
3425 3708 3678 3778 οὐδεμίαν
3711 3711 3840 3761 ἐπι-

2245 3802 2404 3872 φέρει
2427 3803 2541 3863 τοῖς
2568 3799 2884 3870 δεχομένοις
2905 3841 2920 3864 ,
2950 3799 3124 3866 οὕτως
3155 3803 3211 3855 αἱ
3231 3801 3277 3832 ⁸⁸
3309 3800 3518 3854 τούτων
3549 3799 3797 3868 γλῶσσαι
3819 3839 3838 3866 ,

2245 3892 2372 3955 τοὺς
2399 3891 2496 3963 μὲν
2526 3890 2825 3962 βληθέντας
2851 3891 2951 3944 οὐκ
2976 3890 3223 3962 ἔϐλαψαν
3244 3909 3258 3923 ·
3287 3892 3432 3946 κατὰ
3465 3892 3524 3945 δὲ
3546 3891 3655 3948 τῶν
3683 3909 3843 3945 τινα·

2246 3982 2454 4051 ξάντων
2481 3984 2515 4055 ή
2541 3982 2691 4052 λώϐη
2710 3982 3051 4055 κεχώρηκεν.
3071 4003 3090 4036 ι
3114 3983 3534 4054 Ἐταράχθησαν
3564 3983 3767 4046 πάντες
3785 3985 3841 4037 oi

2247 4077 2584 4151 θεωροῦντες
2605 4075 2860 4140 αὐτούς.»
2892 4077 2955 4130 Οί
2983 4075 3042 4130 δὲ
3061 4077 3104 4109 ⁸⁷
3138 4076 3474 4147 θεασάμενοι
3499 4075 3697 4138 αὐτοὺς
3726 4073 3842 4127 τῶν

2245 4167 2671 4242 ἐγχειρημάτων
2705 4167 3115 4239 διαμαρτόντας
3136 4209 3151 4233 ,
3195 4166 3429 4238 θορύϐου
3459 4165 3505 4198 ⁸⁸
3548 4165 3643 4218 καὶ
3681 4164 3847 4229 δέους

2245 4261 2680 4333 πλησθήσονται,
2708 4259 2803 4332 ἥθ’
2833 4258 3213 4330 ἐπλήσθησαν,
3247 4260 3342 4312 καὶ
3367 4258 3467 4326 τὴν
3493 4257 3646 4310 θείαν
3674 4255 3847 4309 ἐθαύ-

2248 4370 2432 4425 μασαν
2461 4352 2744 4423 πρόνοιαν.
2774 4349 2948 4404 Τοῦτο
2969 4351 3016 4382 ⁸ο
3047 4349 3157 4418 γὰρ
3191 4348 3261 4402 τὰ
3299 4347 3440 4419 μετὰ
3467 4346 3642 4401 ταῦτα
3665 4345 3845 4417 δηλοῖ.

2319 4439 2372 4498 ι’.
2426 4459 2448 4494 ι
2484 4441 2597 4496 Καὶ
2637 4439 2883 4512 ἐφοϐήθη
2921 4441 3031 4504 πᾶς
3070 4439 3401 4508 ἄνθρωπος,
3445 4437 3543 4491 καὶ
3580 4438 3846 4508 ἀνήγγει-

556 4545 750 4592 verunt
779 4551 945 4607 opera
976 4536 1093 4604 Dei,
1129 4547 1184 4593 et
1213 4537 1355 4593 facta
1380 4537 1501 4608 ejus
1527 4537 1946 4615 intellexerunt.
1977 4558 1995 4590 ›
2034 4537 2137 4593 Co-

2246 4535 2347 4591 λαν
2370 4535 2440 4590 τὰ
2473 4533 2614 4606 ἔργα
2641 4534 2740 4587 τοῦ
2773 4532 2911 4586 Θεοῦ
2933 4549 2948 4565 ο
2973 4532 3069 4588 καὶ
3101 4532 3172 4584 τά
3197 4515 3482 4603 ποιήματα
3509 4529 3675 4583 αὑτοῦ
3712 4546 3845 4582 συν-

552 4625 790 4697 gitantes
817 4627 966 4682 enim
1015 4635 1072 4682 et
1118 4627 1462 4683 revolventes
1520 4627 1977 4698 gubernationem
2019 4626 2140 4695 Dei,

552 4719 799 4776 divinum
826 4719 1097 4791 judicium
1137 4720 1461 4774 timuerunt.

2249 4628 2426 4700 ἧκαν.
2453 4645 2471 4678 ι
2533 4625 2623 4678 Ἐν
2667 4624 2920 4697 περινοίᾳ
2965 4622 3075 4695 γάρ
3116 4624 3160 4655 ⁹¹
3206 4623 3307 4693 τῆς
3355 4620 3450 4674 τοῦ
3497 4619 3634 4674 Θεοῦ
3681 4621 3847 4690 κηδεο

2252 4717 2445 4790 μονίας
2475 4720 2804 4788 γενόμενοι,
2835 4715 2899 4769 τὸ
2930 4715 3075 4769 θεῖον
3106 4714 3394 4786 κριτήριον
3423 4714 3660 4768 ἔδεισαν.

1643 4894 1884 4953 νᾹῐὶῐιΕ
1924 4895 2314 4954 LECTIONES
2350 4895 2440 4950 ΕΤ
2491 4893 2726 4950 NOTAE.

665 5009 1093 5084 “dllnzaraic.
1138 5011 1338 5084 cod.)
1379 5016 1714 5084 συμφοραῖς,
1763 5015 1999 5082 ascripta
2047 5024 2137 5070 tan

2288 5013 2520 5070 lectione
2545 5012 2737 5067 altera.

2851 5010 2895 5044 "
2937 5009 3060 5066 cod.
3102 5010 3138 5062 2
3179 5005 3353 5063 εἷπον.
3459 5008 3506 5041 ’⁸
3543 5007 3584 5061 Ε
3627 5009 3751 5064 cod.
3789 5011 3842 5068 1.

556 5083 602 5115 ⁷⁸
633 5082 754 5138 cod.
792 5083 817 5136 1
853 5081 1106 5152 ἀνομίας.
1181 5083 1229 5115 ⁷³
1265 5083 1430 5141 Hebr.
1453 5078 1627 5164 ’δεξιῇ
1661 5078 1959 5154 consumpti
1979 5103 2132 5140 suum

2239 5085 2315 5140 dii
2341 5092 2678 5138 consumunt.
2754 5081 2884 5136 Ree.
2917 5081 3078 5136 lectio
3100 5090 3184 5136 est
3207 5080 3572 5152 ἐξερευνήσει.
3650 5078 3695 5110 ’⁸
3716 5083 3843 5137 eod.

557 5189 595 5242 2
621 5189 960 5260 κατενόησαν
985 5228 1000 5255 ,
1043 5189 1188 5259 quod
1219 5191 1420 5248 ibidem
1456 5166 1681 5266 ponitur
1711 5203 1832 5266 post
1874 5192 1996 5247 κατ’
2031 5194 2134 5263 ὲμο

2269 5192 2315 5224 ’⁵
2351 5190 2473 5246 cod.
2515 5191 2539 5245 1
2575 5188 2981 5262 διερευνῶντες.
3059 5187 3106 5219 ⁷⁸
3138 5186 3181 5241 Ε
3209 5187 3334 5244 cod.
3365 5187 3418 5241 1.
3492 5186 3540 5219 '"
3579 5189 3844 5254 Προσελ.

557 5294 726 5364 ἄνθρ.
757 5293 920 5352 Hebr.
965 5299 1083 5374 uim
1305 5301 1536 5354 medium
1578 5304 1716 5354 enim
1772 5316 1821 5354 s.
1854 5299 2108 5354 intimum
2141 5299 2261 5352 viri.
2336 5299 2383 5331 ’⁸
2407 5296 2518 5355 Καὶ
2559 5299 2755 5366 ὑψωθ.
2802 5294 2966 5350 Hebr.
3180 5302 3229 5348 et
3267 5292 3605 5364 jaculabitur
3635 5295 3690 5346 in
3733 5311 3844 5348 eos.

557 5405 603 5439 τε
633 5403 836 5459 Τοῦτο.
881 5371 1066 5460 cod.t
1119 5369 1259 5461 add?
1304 5405 1383 5460 δε.
1459 5404 1746 5475 “Tuom.
1778 5405 1900 5475 eod.
1934 5404 1968 5457 2
2023 5421 2134 5475 pra:

2239 5404 2418 5459 τάντα.
2495 5403 2537 5435 θ’
2567 5404 2692 5475 Ὃς.
2725 5401 2901 5475 c_od.l
2939 5399 3036 5475 ᾡς.
3068 5369 3159 5475 ξεὲ
3196 5400 3397 5475 Δίκας.
3442 5399 3498 5453 In
3527 5400 3645 5475 cod.
3687 5400 3844 5475 ipo-

561 5476 711 5530 nitur
738 5483 862 5545 post
883 5476 1180 5539 τοιούτους.
1257 5475 1590 5542 ⁸³Νηπίων.
1616 5473 1778 5530 Hebr.
2014 5468 2137 5544 ἔρρει

2239 5515 2242 5528 .
2318 5475 2367 5506 ⁸³⁵
2401 5475 2640 5540 Ἐξησθ.
2667 5473 2758 5526 ἐπ’
2785 5472 3029 5537 αὐτούς.
3068 5469 3199 5526 Rec.
3241 5471 3401 5525 lectio
3435 5479 3522 5524 est
3558 5470 3845 5540 ἐξουθένη-

563 5597 662 5634 σαν
695 5581 877 5637 αὐτόν.
927 5580 1092 5637 Hebr.
1125 5565 1293 5644 1137537
1331 5564 1597 5650 't't'DWDH.
1644 5582 1785 5650 Aqu.
1835 5557 2230 5634 ἐσκανδάλισαν
2261 5579 2432 5650 αὐτὴν
2483 5579 2570 5631 ἐπ’
2617 5577 2836 5650 αὐτούς.
2883 5576 3106 5650 ξγηιῐη.
3137 5575 3390 5650 πταίουσι
3444 5576 3567 5650 καθ’
3608 5574 3841 5650 ἑαυτῶν.

561 5653 608 5683 ⁸⁸
645 5654 766 5707 cod.
797 5654 822 5706 1
855 5652 1138 5722 ἐφιέμενα.

1233 5652 1279 5682 ⁸⁸
1322 5651 1410 5704 Ai.
1459 5649 1581 5704 cod.
1626 5651 1644 5702 1
1709 5644 1896 5719 praem.
1929 5651 2044 5706 καί.

2239 5653 2306 5704 lé.
2344 5644 2510 5704 Abest
2544 5665 2569 5700 a
2603 5650 2725 5702 cod.
2757 5648 2812 5702 ‘2.
2889 5644 3398 5719 θένΘορύϐουηςυρ.
3428 5647 3472 5719 42
3505 5661 3692 5719 praeui:
3731 5644 3842 5719 καί.

557 5724 608 5755 ⁸⁹
641 5715 1115 5788 Πλησθήὶγοὶθται
1146 5720 1208 5786 ἢ.
1250 5721 1378 5774 Haec
1423 5720 1475 5775 in
1509 5721 1630 5774 cod.
1660 5723 1680 5774 1
1710 5715 1777 5775 ⁷(ιι
1802 5721 1838 5773 2
1860 5721 2080 5784 desunt,
2121 5739 2137 5774 t

2267 5721 2545 5775 adtextum
2593 5719 2866 5789 pertinere
2905 5718 3178 5789 videntur.
3257 5717 3302 5748 9°
3338 5715 3622 5789 Τοῦτογ-
3648 5715 3842 5789 amici.

563 5794 686 5863 cod.
719 5795 739 5841 1
774 5791 834 5843 τὸ
865 5791 978 5863 γὰρΔ
1005 5789 1248 5860 ἐφοϐήθη
1290 5792 1399 5853 πᾶς
1439 5789 1724 5860 ἄνθρωπος
1761 5790 1922 5863 τοῦτο
1977 5791 2146 5863 δηλοῖ.

567 5861 730 5915 habet
763 5859 1038 5932 παροινίᾳ,
1069 5859 1211 5917 ascr.
1236 5859 1418 5918 tamen
1444 5859 1676 5920 lectione
1725 5862 1916 5917 altera.

2261 5792 2305 5824 θ’
2355 5792 2451 5845 Ἐν
2508 5783 2696 5859 sceptra
2734 5787 2864 5859 γάρ.
2900 5788 3020 5843 cod.
3070 5789 3205 5843 1δτι
3245 5789 3302 5841 ἐν
3337 5788 3606 5859 περινοίᾳ.
3645 5783 3767 5842 cod.
3812 5784 3848 5836 2
