4102 6442
256 348 407 414 1383

1606 369 1686 430 ΙΝ
1736 372 1945 435 PSAL.
1968 374 2167 438 LXVI.

3413 378 3552 445 137-!

330 470 397 530 δ’.
427 477 489 527 ε’.
556 490 577 525 ι
642 473 1280 550 Ἐξομολογησάσθωσάν
1311 496 1395 535 σοι
1449 480 1597 548 λαοὶ,
1650 483 1680 535 6
1708 481 1862 549 Θεὸς,

2041 484 2205 543 Vens.
2245 489 2300 555 4,
2340 488 2392 544 5.
2425 507 2445 535 α
2484 491 2865 550 Conﬁteantur
2908 494 3005 550 tibi
3039 491 3247 564 populi,
3287 506 3320 546 ο
3369 466 3551 546 Deus.

254 563 853 638 ἐξομολογησάσθωσάν
904 588 986 625 σοι
1041 572 1162 625 λαοὶ
1202 572 1406 638 πάντες
1459 573 1504 607 ⁷⁸
1531 613 1546 628 .
1605 574 1859 645 Εὐφραν-

258 655 515 728 θήτωσαν
585 660 681 714 καὶ
755 661 1213 730 άγαλλιάσθωσαν
1285 665 1454 737 ἔθνη·
1514 667 1599 722 ὅτι
1646 668 1692 700 ⁷⁸
1737 684 1859 739 κρι-

257 751 375 812 νεῖς
412 748 581 814 λαοὺς
611 752 669 806 ὲν
704 752 985 826 εὐθύτητι,
1014 770 1017 779 ·
1043 759 1140 810 καὶ
1192 756 1321 829 ἔθνη
1358 760 1417 811 ὲν
1459 761 1527 830 τῇ
1559 760 1629 830 γῇ
1656 758 1859 831 ὁδηγή-

260 856 400 901 σεις.
441 859 460 893 ι
495 843 595 896 Διά
622 860 705 895 τοι
741 844 900 899 τοῦτο
949 848 1224 917 προσήκει
1254 848 1349 901 καὶ
1386 847 1551 912 λαοὺς
1583 848 1854 915 ἅπαντας,

258 931 357 985 καὶ
385 934 454 985 τὰ
490 934 633 988 κατὰ
668 935 770 1006 τὴν
788 935 1123 1008 οἰκουμένην
1155 938 1306 1010 ἔθνη,
1333 938 1731 1011 εὐφραίνεσθαι
1759 940 1858 995 καὶ

258 1024 537 1096 χορεύειν,
570 1026 664 1079 καί
694 1025 794 1090 τὰς
855 1027 953 1091 σὰς
982 1030 1308 1100 εὐεργεσίας
1335 1030 1614 1097 διεξιέναι.
1647 1033 1857 1099 Ἔγνω-

261 1133 365 1169 σαν
396 1116 505 1187 γάρ
534 1117 617 1171 δτι
646 1118 693 1150 ⁸ο
722 1119 876 1172 οὐδὲν
918 1120 1027 1175 τῶν
1080 1121 1254 1176 ὄντων
1296 1123 1668 1193 ἀτημέλητον,
1731 1124 1855 1178 οὐδὲ

262 1206 711 1277 άκηδεμόνευτον
745 1210 787 1241 ⁸¹
816 1225 829 1239 ⁸
872 1211 1010 1264 ἀλλὰ
1054 1213 1272 1266 πάντων
1314 1214 1585 1284 ὑπάρχεις
1636 1217 1853 1287 κριτὴς,

256 1296 486 1362 δικαίας
518 1300 564 1331 δ’
585 1300 837 1370 ἐκφέρων
901 1304 1000 1367 τὰς
1054 1303 1311 1375 ψήφους’
1359 1306 1452 1359 καὶ
1489 1305 1701 1376 ὁδηγῶν
1756 1307 1856 1378 μὲν

256 1391 392 1452 τοὺς
423 1390 818 1461 πλανωμένους
844 1395 984 1468 πρὸς
1033 1396 1133 1468 τήν
1162 1397 1445 1470 ἀλήθειαν,
1476 1399 1607 1464 τοὺς
1647 1400 1705 1454 δὲ
1735 1401 1856 1454 πεί-

259 1482 455 1538 θεσθαι
489 1483 564 1555 μὴ
601 1484 966 1556 βουλομένους
1010 1487 1274 1554 κολάζων.

333 1575 411 1641 ς’.
451 1596 471 1628 ι
506 1577 1137 1649 Ἐξομολογησάτθωσάν
1191 1598 1275 1634 σοι
1329 1580 1473 1647 λαοὶ,
1515 1583 1543 1636 ὁ
1587 1582 1742 1649 Θεὸς,
1775 1583 1856 1650 ἔξ-

258 1668 805 1740 ομολογησάσθωσάν
831 1671 1052 1727 σοιλαοὶ
1082 1673 1303 1736 πάντες.
1346 1692 1364 1724 ι
1403 1674 1517 1745 Οὐχ
1541 1675 1727 1739 ἁπλῶς
1754 1676 1855 1746 τὴν

254 1760 624 1829 ταυτολογίαν
667 1762 951 1817 τέθεικεν’
1004 1762 1141 1818 ἀλλὰ
1208 1763 1656 1836 προθυμοτέρους
1724 1767 1854 1830 τοὺς

255 1853 566 1950 άκούοντας
611 1856 1103 1950 ἐργαςόμενο;,-[⁸³
1133 1859 1229 1950 καί
1283 1858 1522 1923 δεικνὺς,
1568 1860 1653 1914 ὅτι
1692 1859 1854 1924 αὐτός
1887 1895 1929 1950 Β

258 1945 384 1998 ἐστι
406 1944 543 2007 Θεὸς
568 1945 665 1999 καὶ
692 1946 887 2019 Σωτὴρ
913 1946 1227 2020 άπάντων.]

335 2032 405 2098 ζ’.
434 2035 509 2106 Γῆ
561 2035 731 2089 ἔδωκε
785 2037 878 2090 τὸν
930 2037 1145 2109 καρπὸν
1178 2037 1372 2107 αὐτῆς.
1404 2057 1422 2090 ι
1465 2038 1580 2093 Οὐκ
1635 2038 1716 2094 ἔτι
1742 2039 1855 2112 γάρ

256 2128 557 2198 ἀγνοοῦσιν
585 2131 635 2182 οἱ
673 2127 733 2195 ἐξ
766 2130 938 2203 αὐτῆς
979 2132 1070 2185 τὸν
1109 2133 1202 2185 ἐπὶ
1233 2132 1454 2186 πάντων
1492 2132 1627 2186 Θεόν
1647 2150 1662 2164 ο
1691 2133 1750 2198 ὃς
1783 2133 1856 2200 ⁸⁸,

259 2220 415 2275 κατὰ
432 2220 522 2275 τὸν
541 2221 856 2293 Προφήτην,
880 2242 898 2275 ι
922 2223 1113 2293 ἐξεῦρε
1147 2226 1328 2279 πᾶσαν
1357 2226 1476 2280 ὁδὸν
1503 2227 1817 2298 ἐπιστήμης
1839 2244 1855 2260 ο

266 2311 413 2385 μετὰ
466 2314 628 2369 τοῦτο
650 2314 698 2348 ⁸⁸
725 2316 817 2370 ἐπὶ
844 2319 950 2389 γῆς
1001 2316 1184 2391 ὤφθη,
1220 2320 1316 2374 καὶ
1345 2321 1404 2375 ὲν
1441 2319 1491 2352 ⁸⁸
1514 2323 1627 2385 τοῖς
1655 2319 1863 2392 ἀνθρώ-

260 2422 390 2470 ποις
411 2409 832 2480 συνανεστράφη
852 2426 897 2462 't
921 2402 983 2464 οὗ
1009 2412 1073 2483 δὴ
1113 2412 1272 2486 χάριν
1306 2413 1372 2480 ⁸⁷,
1404 2412 1495 2467 τὸν
1516 2413 1737 2486 ἥδιστον
1764 2416 1861 2469 αὐ-

259 2497 342 2569 τῷ
372 2499 751 2571 προσφέρουσι
776 2500 879 2572 τῆς
907 2504 1192 2570 εὐσεϐείας
1219 2508 1455 2578 καρπόν.

345 2719 366 2753 ι
404 2700 716 2774 Εὐλογήσαι
750 2704 899 2776 ἡμᾶς
926 2706 955 2759 ό
991 2704 1161 2772 Θεὸς,
1193 2708 1222 2761 6
1247 2707 1382 2772 Θεὸς
1444 2710 1605 2780 ήμῶν
1634 2710 1700 2764 ⁸⁸.
1737 2709 1859 2784 [η’.]

268 2793 579 2863 Εὐλογήσαι
634 2798 782 2868 ἡμᾶς
810 2798 877 2854 δ’.
922 2817 941 2851 ι
990 2800 1203 2871 Ὠσπερ
1227 2801 1309 2865 δίς
1338 2801 1383 2836 ³⁸
1412 2802 1482 2856 τά
1531 2802 1662 2874 ἔθνη
1722 2804 1862 2876 πρὸς

275 2885 554 2958 ὑμνῳδίαν
582 2888 875 2961 διήγειρεν,
907 2891 1052 2945 οὕτω
1073 2892 1158 2959 δὶς
1187 2894 1373 2958 αὐτοῖς
1401 2894 1503 2966 τὴν
1531 2894 1787 2963 εὐλογίαν
1812 2896 1857 2928 ’⁸

274 2980 549 3051 ἐζήτησεν
580 2982 646 3037 ⁹¹.
677 2983 892 3038 Είδέναι
921 2984 1111 3055 μέντοι
1155 2987 1448 3056 προσήκει,
1480 2985 1557 3050 ὡς
1584 2986 1864 3056 εὐλογοῦν-

270 3090 366 3137 τες
421 3073 698 3146 ἄνθρωποι
745 3076 836 3131 τὸν
868 3077 1027 3142 Θεὸν,
1056 3077 1248 3147 λόγους
1291 3078 1442 3149 αὐτῷ
1490 3079 1864 3151 προσφέρουσι

272 3163 496 3235 μόνους,
527 3164 675 3237 ἔργῳ
704 3167 762 3221 δὲ
808 3168 973 3221 αὐτὸν
1012 3170 1374 3240 εὐεργετῆσαι
1403 3171 1463 3225 οὐ
1507 3171 1759 3225 δύνανται
1784 3188 1799 3201 ·
1835 3174 1864 3226 6

265 3233 332 3311 δὲ
365 3258 499 3323 Θεὸς
528 3233 792 3328 εὐλογῶν,
842 3260 1055 3332 βεϐαιοῖ
1093 3233 1221 3328 τούς
1251 3233 1297 3297 δ’
1323 3264 1517 3333 λόγους
1563 3265 1642 3335 τῷ
1690 3265 1861 3337 ἔργῳ,
1889 3233 1938 3295 c

265 3351 371 3404 καὶ
400 3352 767 3407 παντοδαπῶν
796 3352 1021 3422 ἀγαθῶν
1052 3356 1286 3428 παρέχει
1313 3358 1428 3421 τοῖς
1449 3356 1865 3427 εὐλογουμένοις

267 3443 474 3513 φοράν.
494 3441 630 3497 Εἶτα
659 3444 903 3499 διδάσκει
931 3445 1051 3510 πῶς
1061 3447 1295 3502 δυνατὸν
1318 3449 1417 3519 τῆς
1440 3448 1595 3513 θείας
1614 3448 1868 3518 εὐλογίας

264 3537 483 3605 τυχεῖν.
526 3555 546 3588 ι
578 3538 692 3590 Καὶ
722 3537 1120 3608 φοϐηθήτωσαν
1150 3538 1314 3594 αὐτὸν
1345 3540 1524 3596 πάντα
1553 3540 1624 3595 τὰ
1653 3540 1870 3613 πέρατα

265 3626 381 3696 τῆς
414 3626 542 3695 γῆς.
578 3645 598 3679 ι
646 3628 708 3681 '0
739 3628 840 3699 μὲν
873 3629 921 3662 ⁸⁵
945 3629 1052 3700 γὰρ
1090 3629 1338 3694 εὐλαϐῶς
1371 3630 1502 3704 περὶ
1526 3630 1654 3696 τοὺς
1692 3631 1872 3695 θείους

264 3717 631 3789 διακείμενος
656 3719 879 3789 νόμους,
905 3720 1003 3775 καὶ
1034 3721 1096 3775 τὸ
1128 3721 1322 3792 μέλλον
1344 3723 1639 3794 δειμαίνων
1667 3724 1713 3757 ⁸⁵
1743 3741 1871 3793 κρι-

263 3810 493 3880 τήριον,
524 3810 613 3865 διὰ
638 3813 738 3882 τῆς
765 3811 974 3867 τούτων
995 3814 1245 3884 φυλακῆς
1269 3816 1364 3870 τὸν
1384 3815 1518 3870 Θεὸν
1540 3814 1868 3887 θεραπεύει·

266 3904 311 3976 ἡ
347 3903 405 3955 δὲ
435 3902 557 3958 θεία
589 3904 857 3976 θεραπεία
883 3906 984 3978 τὴν
1009 3906 1057 3940 ’⁸
1085 3906 1340 3976 εὐλογίαν
1379 3909 1703 3980 προσφέρει.
1761 3910 1875 3964 Καὶ

266 3992 419 4049 αὐτὸ
447 3995 630 4047 τοίνυν
650 3994 712 4048 τὸ
740 3995 895 4059 τέλος
921 3996 1025 4051 οὐκ
1064 3996 1361 4064 Ἰουδαίοις,
1396 3998 1535 4053 ἀλλὰ
1573 4000 1741 4054 πᾶσιν
1775 3999 1873 4053 άν-

269 4081 531 4155 θρώποις
557 4083 649 4137 τὸν
681 4084 826 4139 θεῖον
855 4085 1001 4157 ἔχειν
1027 4088 1365 4159 εἰσηγήσατο
1394 4088 1561 4159 φόϐον
1582 4104 1597 4121 ·
1622 4090 1717 4144 καὶ
1748 4107 1877 4144 παι-

267 4172 432 4230 δεύει
461 4173 539 4237 ὡς
565 4174 729 4238 αὐτός
751 4176 900 4230 ἔστιν
919 4178 948 4231 6
981 4177 1113 4242 Θεὸς
1145 4178 1325 4249 ήμῶν,
1349 4181 1378 4233 6
1405 4180 1507 4251 τὴν
1538 4180 1874 4252 σωτηρίαν⁰⁷

268 4263 399 4317 τῶν
464 4264 835 4320 πιστευόντων
866 4266 914 4299 ⁸⁸
952 4271 1551 4342 πραγματευσάμενος.
1611 4273 1877 4344 Δίσχυνέ-

275 4356 510 4411 σθωσαν
533 4357 582 4410 οἱ
610 4356 1002 4425 δυσσεϐοὖντες
1018 4362 1308 4432 αίρετικοὶ,
1336 4365 1432 4418 καὶ
1457 4365 1533 4436 μὴ
1553 4365 1880 4435 ὁμολογοῦν-

273 4462 384 4509 τες
410 4446 575 4501 αὐτὸν
604 4447 740 4502 Θεὸν
762 4450 828 4504 ἐκ
866 4450 1025 4519 Θεοῦ,
1069 4453 1162 4506 τὸν
1187 4455 1233 4487 ⁹⁹
1270 4458 1539 4528 μονογενῆ
1590 4457 1669 4529 τῷ
1706 4458 1880 4529 Πατρὶ

1966 578 2336 634 conﬁteantur
2359 581 2455 637 tibi
2487 582 2672 652 populi
2703 598 2917 639 omnes.
2951 583 3254 644 Laetentur,
3285 588 3340 635 et
3368 581 3556 635 exsul-

1964 680 2080 726 tent
2111 681 2323 742 gentes,
2360 676 2619 741 quoniam
2651 675 2869 745 jndicas
2902 676 3136 745 populos
3174 674 3228 727 in
3270 675 3552 741 arquitate,

1962 773 2015 819 et
2040 771 2233 834 gentes
2270 765 2323 819 in
2357 775 2502 821 terra
2529 767 2743 836 dirigis.
2785 787 2805 821 ι
2837 766 3133 834 Pr0pterea
3167 765 3445 831 convenit,
3492 774 3553 817 ut

1962 871 2155 911 omnes
2196 858 2400 927 populi,
2439 868 2495 912 et
2543 868 2754 927 gentes,
2810 875 2932 930 quae
2983 875 3082 929 per
3130 866 3302 913 totum
3358 857 3549 910 orbem

1962 957 2115 1009 sunt,
2149 948 2404 1003 laetentur
2431 957 2484 1003 et
2521 950 2844 1019 tripudient,
2890 962 3091 1020 tuaque
3125 949 3390 1005 beneﬁcia
3423 963 3552 1001 nar-

1961 1045 2104 1092 rent.
2158 1036 2550 1107 Cognoveruut
2595 1041 2767 1105 enim,
2822 1042 2959 1095 nihil
3005 1056 3198 1096 eorum
3246 1055 3369 1109 qua:
3398 1044 3547 1101 sunt,

1963 1129 2271 1198 neglectum
2300 1140 2354 1185 et
2385 1131 2505 1186 sine
2533 1146 2665 1185 cura
2693 1146 2816 1186 esse
2845 1150 2858 1185 :
2893 1133 2989 1187 sed
3023 1141 3076 1185 te
3109 1132 3358 1186 omnium
3392 1129 3548 1199 judi-

1960 1236 2078 1276 cem
2100 1224 2388 1288 exsistere,
2418 1225 2513 1294 qui
2538 1223 2719 1293 justas
2750 1225 3056 1279 sententias
3084 1221 3433 1293 pronuntias.
3465 1229 3551 1274 at-

1959 1329 2067 1382 que
2106 1324 2357 1371 errantes
2385 1316 2451 1371 ad
2489 1318 2775 1371 veritatem
2817 1316 3117 1383 convertis,
3165 1317 3393 1372 credere
3419 1329 3550 1369 vero

1961 1407 2210 1463 nolentes
2240 1410 2525 1480 suppliciis
2553 1408 2745 1466 aﬂicis.

2029 1585 2199 1643 Vsus.
2230 1587 2283 1643 6.
2310 1607 2329 1639 ι
2369 1586 2749 1643 Conﬁtcantur
2783 1587 2880 1642 tibi
2917 1586 3126 1656 populi,
3157 1600 3191 1640 ο
3225 1583 3388 1649 Deus,
3420 1596 3553 1637 con-

1957 1677 2220 1734 ﬁteantur
2254 1677 2349 1732 tibi
2383 1678 2570 1749 populi
2600 1692 2815 1733 omnes.
2857 1695 2876 1731 ι
2919 1675 3036 1731 Non
3062 1684 3270 1732 temere
3296 1672 3552 1727 eumdem

1958 1786 2267 1827 sermonem
2321 1771 2559 1840 repetiit,
2620 1771 2715 1827 sed
2760 1770 3044 1825 auditores
3091 1768 3392 1824 alacriores
3429 1763 3554 1818 red-

1958 1864 2086 1919 dere
2139 1860 2451 1934 [simulque
2503 1863 2793 1918 ostendere
2875 1860 3069 1928 voluit,
3123 1859 3378 1916 eumdem
3430 1871 3555 1913 esse

1958 1952 2130 2009 Deum
2165 1963 2219 2008 et
2255 1951 2594 2009 Salvatorem
2626 1951 2926 2024 omnium.]

2037 2038 2200 2096 Vens.
2239 2040 2293 2095 7.
2331 2059 2351 2093 ι
2393 2038 2565 2095 Terra
2610 2039 2764 2095 dedit
2810 2039 3054 2097 fructum
3104 2054 3293 2095 suum.
3330 2056 3350 2091 ι
3384 2038 3406 2060 ⁴’
3434 2035 3555 2091 Non

1961 2134 2109 2189 enim
2152 2133 2390 2204 amplius
2428 2133 2685 2190 homines
2729 2148 2794 2189 ex
2844 2143 2991 2189 terra
3037 2133 3152 2189 nati
3204 2131 3404 2195 Deum,
3457 2129 3557 2200 qui

1959 2226 2218 2281 omnibus
2264 2235 2483 2297 praeest,
2522 2227 2792 2296 ignorant,
2827 2226 2943 2297 qui,
2966 2223 3265 2280 secundum
3310 2222 3553 2291 Prophe-

1962 2326 2095 2382 tatn,
2137 2336 2155 2369 ι
2195 2317 2642 2374 invenitomnem
2676 2319 2818 2373 viam
2872 2317 3115 2372 scientia:
3148 2332 3163 2369 :
3200 2315 3444 2384 posthaec
3496 2313 3553 2365 in

1961 2408 2124 2464 terris
2184 2409 2341 2463 visus
2395 2417 2515 2473 est,
2570 2418 2626 2464 et
2660 2425 2785 2465 cum
2831 2408 3147 2464 hominibus
3194 2413 3556 2462 conversatus

1959 2510 2043 2555 est
2068 2508 2115 2555 ο.
2151 2519 2171 2553 ι
2213 2501 2422 2556 Idcirco
2467 2501 2855 2558 dulcissimum
2903 2500 3124 2570 pictatis
3179 2497 3394 2569 1053
3436 2498 3556 2551 fru-

1961 2600 2111 2648 ctum
2153 2592 2230 2646 illi
2266 2593 2516 2649 oll‘erent.

2038 2728 2057 2762 ι
2094 2708 2386 2771 Benedicat
2429 2707 2592 2765 nobis
2629 2705 2966 2771 Deus,Dens
2999 2715 3208 2761 noster.
3246 2703 3437 2776 [Vens
3470 2700 3552 2773 8.]

1964 2800 2256 2856 Benedicat
2284 2802 2447 2856 nobis
2477 2799 2645 2856 Deus.
2685 2818 2706 2852 ι
2741 2798 3220 2866 Quemadmodum
3256 2797 3342 2852 bis
3362 2805 3567 2867 gentes.

1963 2892 2030 2948 ad
2083 2893 2318 2964 hymnos
2361 2894 2640 2948 canendos
2684 2892 2981 2957 excitavit,
3031 2891 3222 2945 eodem
3275 2888 3438 2942 modo
3469 2885 3557 2941 bis

1963 2968 2399 3039 benedictionem
2434 2985 2544 3039 illis
2565 2984 2884 3054 postulavit.
2919 2982 3215 3039 Sciendum
3240 2989 3324 3035 est
3346 2988 3556 3039 autem.

1964 3077 2110 3147 quod
2146 3077 2401 3132 homines
2449 3075 2560 3132 Deo
2589 3077 2999 3140 benedicentes,
3034 3074 3201 3129 verba
3235 3078 3445 3127 tantum
3477 3070 3556 3123 illi

1966 3171 2220 3236 oﬂ‘erant,
2262 3170 2526 3239 operibus
2576 3185 2710 3225 vero
2745 3169 2814 3224 de
2855 3169 2951 3223 illo
3005 3167 3147 3222 bene
3199 3164 3398 3219 mereri
3449 3177 3558 3216 non

1968 3264 2186 3334 possint
2213 3279 2229 3316 :
2260 3261 2408 3317 Deus
2436 3272 2620 3317 autem
2665 3260 3014 3322 benedicens,
3060 3270 3346 3313 sermones
3378 3251 3564 3322 Operi-

1966 3356 2073 3413 bus
2102 3353 2415 3418 conﬁrmat,
2434 3362 2489 3409 et
2518 3354 2702 3410 omnis
2721 3351 2939 3424 generis
2960 3351 3231 3405 bonorum
3258 3346 3562 3400 ubertatem

1968 3448 2276 3528 benedictis
2310 3449 2537 3519 praebet.
2582 3446 2791 3504 Deinde
2832 3444 3016 3510 docet,
3072 3440 3352 3512 quomodo
3390 3437 3565 3507 possit

1970 3541 2158 3597 divina
2186 3538 2501 3595 benedictio
2521 3539 2779 3594 obtineri.
2812 3556 2830 3589 ι
2859 3535 2927 3590 Ει
2950 3544 3200 3590 metuant
3223 3548 3348 3588 eum
3371 3543 3565 3585 omnes

1972 3633 2112 3689 ﬁnes
2147 3641 2327 3687 terrae.
2361 3651 2380 3684 ι
2414 3631 2520 3697 Qui
2550 3630 2697 3686 enim
2730 3630 2986 3698 religiose
3014 3642 3141 3697 erga
3175 3625 3391 3679 divinas
3419 3623 3566 3691 leges

1973 3723 2208 3780 ali'ectus
2255 3734 2360 3786 est,
2396 3721 2758 3791 futurumque
2803 3717 3075 3790 judicium
3121 3721 3418 3784 exspectat,
3466 3725 3567 3781 per

1976 3818 2171 3872 harum
2223 3814 2662 3871 observationem
2717 3812 2888 3865 Deum
2926 3810 3098 3865 colit:
3130 3807 3351 3861 divinus
3379 3813 3562 3858 autem

1975 3911 2159 3967 cultus
2189 3906 2629 3964 benedictionem
2681 3912 2962 3973 operatur.
3017 3901 3138 3970 Ipse
3172 3898 3336 3968 igitur
3362 3893 3565 3950 Psalmi

1976 4005 2101 4060 ﬁnis
2147 4019 2256 4058 non
2295 4000 2517 4057 Iudaeos
2564 4000 2766 4064 solum,
2810 3998 2905 4052 sed
2956 4011 3149 4050 οιιιηοε
3200 3992 3452 4047 homines
3482 3989 3567 4043 in-

1977 4098 2163 4159 struit,
2221 4103 2276 4149 ut
2331 4095 2579 4148 divinum
2634 4092 2885 4146 timorem
2938 4089 3194 4149 habeant,
3233 4095 3290 4141 et
3324 4082 3568 4139 declarat

1979 4191 2161 4262 ipsum
2189 4202 2314 4243 esse
2345 4186 2514 4242 Deum
2549 4193 2818 4247 nostrum,
2871 4182 2963 4251 qui
2992 4181 3224 4235 salutem
3256 4177 3344 4241 iis,
3389 4175 3482 4246 qui
3511 4174 3568 4227 in

1980 4300 2107 4338 etim
2138 4281 2392 4345 credunt,
2426 4280 2789 4350 comparavit.
2830 4276 3172 4331 Erubescant
3194 4271 3433 4328 haeretici
3461 4270 3567 4323 im-

1982 4378 2071 4446 pie
2092 4382 2337 4448 agentes,
2376 4383 2431 4429 et
2472 4373 2697 4428 minime
2728 4371 3052 4427 conﬁtentes
3088 4369 3265 4440 ipsum
3305 4365 3472 4418 [leum
3502 4378 3568 4417 ex

1986 4471 2116 4537 Deo,
2157 4468 2496 4536 unigenitum
2554 4466 2729 4520 Patris
2786 4463 2987 4518 Filium
3033 4470 3161 4516 ante
3208 4459 3429 4521 saecula,
3476 4455 3571 4525 qui

276 4535 425 4592 Υὶὸν
478 4539 830 4611 προαιώνιον,
890 4540 985 4596 τὸν
1042 4545 1208 4599 αὐτὸν
1258 4547 1346 4600 ἐπ’
1374 4547 1623 4618 ἐσχάτων
1653 4549 1871 4621 ἡμερῶν

1985 4535 2297 4616 novissimis
2322 4560 2517 4614 diebus
2550 4559 2666 4628 ipse
2685 4556 2862 4611 Filius
2890 4553 3135 4609 hominis
3163 4551 3343 4606 factus
3373 4548 3574 4603 estimva

278 4629 423 4685 Υἰὸν
451 4630 744 4702 ἀνθρώπου
775 4636 1076 4707 γενόμενον
1118 4638 1434 4711 ἀτρέπτως,
1455 4640 1532 4704 ὥς
1561 4660 1763 4715 φαμεν,
1798 4644 1871 4700 διέ

1972 4655 2333 4721 mutabiliter,
2368 4664 2428 4709 ut
2456 4653 2719 4718 dicimus,
2746 4650 2820 4706 ob
2852 4648 3137 4704 hominum
3169 4632 3430 4703 salutem.

274 4723 392 4797 τὴν
417 4723 528 4778 τῶν
558 4725 869 4798 ἀνθρώπων
895 4731 1199 4805 σωτηρίαν.

321 4911 350 4936 ⁸
383 4898 625 4959 Baruch.
667 4921 752 4971 nt,
786 4907 880 4965 38.

1406 5069 1644 5128 VARIE
1683 5067 2069 5127 LECTlONES
2106 5068 2197 5125 ET
2223 5067 2464 5125 NOTIE.

366 5187 419 5222 ⁷⁸
454 5188 686 5254 Πάντες
719 5194 843 5248 cod.
868 5194 894 5247 1
952 5195 1080 5253 add.
1130 5197 1242 5251 ἰδοὺ
1304 5197 1401 5251 καὶ
1450 5197 1615 5252 πάλιν
1688 5197 1781 5251 τὸν
1853 5195 2017 5251 αὐτὸν

342 5259 609 5342 ρεεφήτης.
643 5246 1415 5390 Ezed'oEaC'Ecc‘é'ireéEih
1458 5246 1743 5322 Eiidem"
1763 5246 2261 5333 beiiitfriou'iyéio
2314 5246 2483 5319 alium
2540 5246 2596 5317 ἷῖι
2656 5246 2767 5318 alio
2820 5263 2968 5317 docet
3026 5246 3315 5333 Propheta.
3380 5260 3582 5315 Deinde

342 5340 483 5385 tm.»
535 5333 578 5366 τ’
608 5334 762 5389 Ὅτι.
795 5351 861 5390 c0
910 5380 920 5390 .
949 5339 970 5390 1
1011 5353 1198 5390 prtem.
1232 5338 1384 5390 λέγει
1417 5338 1474 5390 δὲ
1501 5339 1596 5390 καὶ
1629 5340 1773 5390 τίνος
1794 5340 2005 5390 ἕνεκεν.
2082 5334 2131 5368 ⁸⁸
2167 5338 2315 5389 Ὅτι.
2341 5336 2464 5389 cod.
2494 5335 2515 5387 1
2555 5335 2652 5390 ὡς.
2747 5333 2793 5365 ⁸¹
2824 5332 3359 5390 Ἀκηδε’μόνευτον.
3388 5332 3510 5385 cod.
3546 5332 3582 5385 2

285 5332 483 5408 «ιιι-ξι.-
535 5333 578 5408 ’μ’
608 5334 762 5408 έοτι.
789 5332 920 5408 cud.
949 5339 970 5390 1
1011 5353 1198 5405 praem.
1232 5338 1384 5408 λέγει
1417 5338 1474 5392 δὲ
1501 5339 1596 5391 καὶ
1629 5340 1773 5404 τίνος
1794 5340 1871 5393 Eva

1968 5355 2005 5393 ν.
2082 5334 2131 5368 ⁸⁸
2167 5335 2515 5408 '0;¢._cod._l_
2555 5335 2652 5408 ᾡς.

968 5408 1016 5440 ⁸⁸
1042 5409 1301 5474 Amatae.
1336 5411 1454 5464 cod.
1493 5409 1527 5462 2
1555 5425 1743 5478 praem.
1790 5409 1903 5462 καί.

285 5259 609 5333 πρτέφήτης.
643 5262 779 5317 Εἶτά
822 5281 860 5333 φ

288 5399 633 5469 κηδεμονίας
673 5405 854 5468 ἐκτός.

2096 5194 2230 5249 Θεὸν
2314 5194 2407 5247 καὶ
2482 5193 2583 5263 οὐχ
2638 5190 2829 5263 ἕτερον
2892 5192 2953 5246 ὲν
3016 5190 3194 5263 έ-τέρῳ
3259 5190 3502 5263 διδάσκει
3542 5192 3580 5263 A6

2747 5333 2793 5365 ⁸¹
2824 5332 3359 5400 Ἀκηδενιόνευτον.
3388 5332 3510 5400 cod.
3546 5332 3583 5385 2

2017 5408 2064 5441 ⁸⁸
2100 5408 2141 5460 Ε
2164 5407 2286 5460 cod.
2325 5405 2377 5460 1.
2476 5403 2525 5437 ⁸⁵
2560 5407 2660 5471 ’ος
2687 5435 2756 5446 -
2779 5403 2975 5472 χάριν.
3001 5398 3122 5457 Des.
3160 5403 3213 5455 in
3241 5399 3362 5455 cod.
3387 5398 3473 5472 2.7
3532 5400 3581 5472 ξ’

288 5470 477 5549 ξορρ-1
502 5474 713 5549 ταῦτα.
779 5477 836 5549 _"
863 5476 980 5533 Ἐν.
1037 5480 1201 5535 Abest
1229 5470 1406 5534 a'cod.
1441 5480 1491 5534 1.
1549 5470 1595 5511 ⁵⁷
1629 5474 1711 5535 Οὔ
1744 5480 1823 5549 δὴ
1856 5498 1871 5549 ;

1968 5495 2052 5532 ιιν.
2081 5476 2203 5531 cod.
2237 5475 2259 5528 1
2288 5475 2368 5529 διὸ
2396 5475 2493 5549 δήζ
2553 5475 2599 5549 3f
2626 5470 2690 5527 '0
2726 5470 2869 5549 eseg'
2894 5472 3281 5549 ήμῷζηᾼικει
3315 5485 3346 5523 a
3378 5471 3499 5549 ωδ.
3527 5470 3579 5549 1,

291 5538 581 5614 {Titurio
617 5548 739 5603 cod.
772 5546 808 5599 2
835 5549 962 5604 add.
990 5550 1018 5603 6
1040 5549 1193 5613 Θεός.
1271 5551 1317 5582 ὀ
1344 5551 1465 5614 Δίς.
1494 5550 1615 5603 cod.
1648 5552 1671 5604 1
1707 5550 1795 5614 δή·

293 5609 596 5683 ἐξῄτησεν,
633 5632 800 5683 quam
832 5620 1120 5674 lectionem
1154 5609 1436 5686 expressit
1461 5619 1679 5675 Cat-ala.

296 5694 452 5758 est}!
482 5689 604 5740 co-l.
640 5689 691 5743 1.
794 5690 841 5723 ’⁵
872 5691 1216 5758 Δειμαίνων.
1258 5692 1381 5746 cod.
1419 5690 1438 5744 1
1478 5694 1544 5744 ἀν

299 5709 390 5735 ι’δι
425 5709 452 5732 ἱΙ
482 5709 604 5740 (ΞΠ-1ο
640 5709 691 5743 ’1.
796 5709 841 5723 ’⁷
872 5709 1216 5758 Δειμαινων.
1258 5709 1381 5746 0011.
1419 5709 1438 5744 1
1478 5709 1581 5745 ανα
1629 5732 1631 5738 η

522 5758 568 5790 "
586 5758 700 5813 Kal
723 5788 796 5800 —
818 5759 1143 5830 σωτηρίαν.
1173 5760 1300 5817 Des.
1334 5763 1387 5817 in
1420 5761 1541 5819 cod.

1875 5545 2277 5617 ὗιἰξὺλογιῐαν.
2317 5545 2521 5617 cod._2.
2564 5545 2859 5616 ὑμνῳδίαν.

1776 5623 1798 5652 ι
1832 5619 1982 5686 τοὺς
2009 5647 2075 5699 .-
2101 5610 2272 5699 eam
2309 5616 2433 5699 οειάο
2454 5610 2842 5699 ²-τ<ξῖξ.λεχοις
2869 5612 3135 5699 esse
3285 5610 3582 5699 eve-

1629 5692 1785 5758 ἐνων,
1817 5706 1984 5760 quam
2019 5686 2309 5760 lectionem
2342 5686 2542 5760 carata
2574 5686 2784 5760 habuit.

1727 5752 1783 5795 ’⁸⁷
1813 5752 2256 5815 Πιστευόντων.
2290 5757 2413 5812 cod.
2455 5757 2478 5811 l
2520 5772 2710 5828 prmia.
2743 5756 2823 5820 si;
2863 5752 3045 5810 αὐτόν.

2937 5539 2983 5574 δ’
3005 5540 3352 5610 Ἑζήτησεν.
3384 5543 3507 5595 cod.
3551 5539 3578 5594 1

2909 5682 2956 5714 ’⁸
2985 5680 3124 5750 Τήν.
3161 5680 3287 5736 cod.
3328 5681 3353 5734 l
3386 5696 3580 5752 praem.

3150 5752 3199 5785 ”
3235 5752 3371 5809 Τόν.
3390 5750 3520 5809 cod.
3548 5751 3586 5808 1.
