4102 6406
383 351 510 420 lilii
1092 381 1097 386 λ
1736 349 1816 411 IN
1870 350 2077 410 PSAL.
2107 350 2339 412 LXVII.

3526 356 3666 426 1332

389 470 497 543 γὰρ
524 470 581 522 ἐν
611 468 688 541 τῷ
710 471 842 524 Σινᾶ
865 467 1004 542 ὄρει,
1033 466 1168 539 φησὶ
1198 466 1266 530 θ’,
1296 467 1409 530 τοῖς
1443 462 1733 536 ἡμετέροις
1772 463 1973 537 προγό-

2079 462 2157 519 vit
2207 473 2452 537 tempore
2496 464 2808 537 passionis,
2858 476 3095 523 vestram
3147 467 3423 526 insaniam
3473 481 3666 531 redar-

379 577 493 625 νοςς
543 565 735 630 φανεὶς
762 564 831 631 ⁸³,
865 554 1024 626 οὗτος
1052 561 1098 592 ⁸³
1148 558 1245 615 καὶ
1295 555 1394 628 τὴν
1437 556 1542 625 γῆν
1575 555 1754 609 ἔσεισε
1817 553 1971 626 παρά

2083 570 2256 628 guens
2278 597 2291 618 .
2323 565 2374 611 et
2405 556 2644 627 Spiritus
2672 559 2902 628 gratiam
2936 560 3162 633 largitus
3196 572 3300 620 est.

378 655 474 710 τὸν
523 655 617 710 τοῦ
651 657 858 723 πάθους
936 655 1153 729 καιρὸν,
1224 654 1324 727 τὴν
1372 651 1646 725 ὑμετέραν
1671 650 1716 683 ⁸⁵
1776 649 2070 721 διελέγχων
2137 650 2371 722 μανίαν,
2419 653 2512 706 καὶ
2572 653 2671 724 τὴν
2727 655 2822 709 τοῦ
2887 655 3209 728 Πνεύματος
3273 659 3586 733 ἐδωρήσατο
3616 663 3664 699 ⁸ο

419 767 564 805 αοιν.

419 769 451 804 α
495 767 564 805 ιν.

378 769 417 821 χ
545 859 565 893 ι
598 840 812 912 Βροχὴν
842 839 1090 893 ἑκούσιον
1113 839 1383 909 άφοριεῖς,
1400 839 1427 891 ὁ
1445 835 1678 907 Θεὸς,τῇ
1701 834 1934 906 κληρονο
1952 862 1968 875 ο

2154 829 2313 886 Vens.
2377 831 2463 885 10.
2545 850 2564 883 ι
2610 830 2856 887 Pluviam
2922 835 3285 893 voluntariam
3351 840 3662 914 Segregahis

384 934 488 1006 μία
509 935 554 966 ⁸⁸
586 951 704 988 σου.
750 952 768 985 ι
803 933 1019 1004 ’Λσπερ
1047 934 1089 965 ⁸⁷
1115 932 1226 986 ἄνω
1258 930 1531 1001 ψεκάδας
1567 928 1848 995 ἐκάλεσεν,
1879 928 1971 979 ἐν-

2078 923 2245 989 Deus,
2270 924 2575 977 haereditati
2616 933 2773 979 ture.»
2810 927 2958 993 Quas
2998 931 3253 998 superius
3288 944 3466 1001 guttas
3497 950 3662 988 voca-

379 1026 558 1081 ταῦθα
620 1026 800 1083 ὑετὸν
858 1027 1293 1098 προσηγόρευσε.
1330 1026 1471 1097 Πρὸς
1516 1024 1626 1093 γάρ
1655 1023 1753 1093 τὴν
1775 1022 1969 1093 χρείαν

2080 1014 2174 1079 vit,
2209 1015 2311 1068 hoc
2350 1014 2404 1067 in
2445 1014 2564 1069 loco
2591 1015 2824 1082 pluviam
2858 1021 3213 1087 nuncupavit.
3248 1022 3326 1075 Ad
3369 1025 3663 1079 utilitatem

378 1123 492 1176 τῶν
526 1121 910 1193 μανθανόντων
937 1123 1262 1194 ἐχορηγεῖτο
1290 1123 1400 1184 τοῖς
1431 1119 1773 1181 διδασκάλοις
1801 1120 1833 1188 ἡ
1867 1118 1969 1187 χά-

386 1235 493 1288 ρις.
535 1216 746 1270 ’Υετὸν
767 1215 877 1287 γάρ
897 1215 996 1286 τῆς
1030 1213 1379 1278 διδασκαλίας
1408 1215 1508 1283 τὴν
1534 1208 1756 1282 άρδείαν
1777 1209 1967 1263 καλεῖ·

382 1307 672 1361 ἑκούσιον
698 1307 754 1360 δὲ
787 1307 960 1378 αὐτὴν
1010 1306 1451 1379 προσηγόρευσε,
1485 1303 1575 1357 διά
1612 1304 1674 1357 τὸ
1705 1305 1803 1373 τῆς
1829 1299 1974 1371 γνὼ-

386 1416 496 1469 μης
529 1397 876 1471 αὐθαίρετον.
915 1399 991 1453 Ού
1023 1398 1135 1469 γὰρ
1185 1398 1404 1468 ἀνάγκη
1439 1414 1523 1459 τις
1562 1396 1806 1466 ἄρδεται,
1836 1394 1974 1449 ἀλλὰ

382 1492 450 1561 τῇ
505 1489 827 1562 διδασκαλία
866 1489 1211 1561 πειθόμενος,
1265 1489 1536 1543 ἀπολαύει
1577 1489 1679 1554 τῆς
1722 1487 1969 1558 χάριτος.

388 1601 407 1633 ι
440 1583 551 1634 Καὶ
575 1580 877 1652 ἠσθένησε·
922 1582 990 1635 σὺ
1026 1582 1085 1636 δὲ
1117 1580 1436 1651 κατηρτίσω
1485 1580 1680 1649 αὐτήν.
1718 1598 1737 1629 ι
1778 1579 1972 1632 Ἡσθε-

2076 1107 2220 1160 enim
2251 1106 2647 1176 discipulorum
2684 1107 2856 1178 gratia
2891 1109 3092 1165 aﬂ'atim
3132 1114 3410 1183 magistris
3461 1132 3664 1186 suppe—

2074 1197 2378 1251 ditabatur.
2441 1196 2691 1251 Plueiam
2750 1199 2896 1253 enim
2958 1201 3219 1257 doctrina:
3282 1205 3661 1275 irrigationcnt

2072 1288 2253 1353 dixit;
2286 1289 2642 1343 voluntariam
2714 1300 2897 1345 autem
2952 1293 3282 1362 appellavit,
3318 1297 3389 1350 ob
3429 1297 3660 1352 liberum

2074 1381 2386 1436 arbitrium.
2417 1381 2534 1436 Non
2568 1383 2714 1437 enim
2736 1398 2815 1452 ex
2856 1386 3183 1440 necessitate
3216 1386 3476 1457 irrigatur
3504 1391 3661 1459 quis-

2072 1486 2268 1540 quam,
2300 1472 2395 1526 sed
2429 1471 2693 1527 doctrinae
2722 1474 3082 1544 acquiescens
3104 1513 3118 1537 ,
3148 1476 3504 1545 consequitur
3537 1495 3663 1547 gra-

2075 1562 2224 1616 tiam.
2274 1580 2293 1613 ι
2327 1564 2393 1617 Et
2425 1565 2699 1617 inﬁrmata
2730 1572 2814 1619 est
2843 1583 2854 1616 :
2893 1573 2947 1619 tu
2981 1579 3113 1619 vero
3148 1564 3424 1633 perfecisti
3458 1583 3599 1621 eam.
3638 1589 3658 1620 ι

381 1642 612 1743 νηκέναι
652 1674 711 1727 ού
742 1642 812 1746 [λδ
836 1672 1059 1746 βροχὴν.
1097 1642 1388 1745 άλλὰῖτὴν
1413 1642 1781 1743 κληρονομίαν
1812 1670 1915 1740 ἔφη
1953 1687 1963 1701 ·

2078 1653 2411 1710 lniirmatam
2436 1671 2561 1711 esse
2597 1655 2748 1727 [non
2781 1657 3056 1727 pluviam,
3087 1656 3226 1729 sed]
3274 1658 3448 1728 ipsam
3489 1660 3662 1714 haereo

380 1762 708 1818 ἀσθένειαν
743 1764 799 1817 δέ
825 1764 925 1826 τὰς
950 1762 1061 1817 τῶν
1087 1761 1370 1816 δυσσεδών
1392 1760 1798 1824 ἐπαναστάσεις
1837 1759 1969 1813 ἐκά-

380 1854 559 1909 λεσεν.
595 1853 785 1919 Οῦτως
822 1855 917 1908 καὶ⁵
952 1855 981 1908 ό
1013 1853 1217 1925 Κύριος
1263 1854 1399 1925 πρὸς
1430 1851 1524 1906 τὸν
1570 1850 1782 1904 Παῦλον
1822 1850 1926 1922 ἔφη
1952 1869 1966 1883 ·

391 1968 408 1998 ι
456 1950 644 2019 ’Λρκεῖ
699 1964 783 2001 σοι
836 1949 867 2018 ἡ
918 1949 1080 2017 χάρις
1108 1963 1212 2018 μου
1237 1964 1250 1978 ·
1288 1946 1458 2016 ἡγὰρ
1508 1944 1741 2014 δύναμίς
1778 1962 1881 2015 μου
1913 1945 1971 1998 ἐν

379 2039 643 2110 ἀσθενείᾳ
697 2038 1024 2094 τελειοῦται.
1077 2037 1242 2092 Ἀλλὰ
1291 2038 1384 2091 καὶ
1422 2040 1480 2091 ἐν
1509 2036 1587 2108 τῷ
1643 2039 1739 2107 τῆς
1770 2039 1973 2089 ἐπανα-

382 2133 632 2195 στάσεως
696 2132 877 2203 καιρῷ
907 2173 922 2196 ,
973 2133 1041 2186 σὺ
1103 2130 1345 2203 βεϐαιοῖς
1383 2130 1477 2184 καὶ
1520 2130 1801 2203 στηρίζεις
1846 2128 1973 2192 τοὺς

381 2227 647 2298 ἀθλητάς.
705 2226 942 2290 Τούτους
972 2227 1083 2297 γὰρ
1136 2224 1283 2297 ἔχεις
1307 2226 1351 2257 ⁸³
1392 2224 1784 2296 κληρονομίαν,
1832 2224 1976 2279 κατὰ

383 2320 484 2391 τὴν
514 2318 854 2391 προφητείαν
870 2318 968 2390 τὴν
984 2318 1250 2387 λέγουσαν
1267 2336 1279 2348 ο
1296 2337 1314 2370 ι
1340 2315 1572 2387 Αίτησαι
1599 2318 1728 2389 παρ’
1753 2314 1972 2386 ἐμοῦτθ,

382 2417 478 2467 καὶ
506 2413 663 2466 δώσω
714 2430 797 2465 σοι
831 2411 961 2483 ἔθνη
992 2412 1093 2483 τὴν
1149 2410 1521 2484 κληρονομίαν
1581 2427 1699 2473 σου,
1751 2408 1848 2462 καὶ⁵
1875 2408 1974 2478 τὴν

384 2505 722 2576 κατάσχεσίν
756 2522 873 2568 σου,
906 2504 974 2558 τὰ
1034 2503 1246 2576 πέρατα
1276 2503 1375 2573 τῆς
1400 2504 1521 2572 γῆς.
1559 2521 1578 2553 ι
1614 2500 1770 2554 Οῦτω
1795 2500 1851 2554 δέ
1880 2499 1976 2553 καὶ¹

385 2600 413 2652 ὁ
437 2596 734 2669 Σύμμαχος
751 2597 1101 2668 ἡρμήνευσεν
1116 2612 1130 2627 °
1159 2597 1272 2650 Ἦν
1285 2595 1652 2663 ἐξεποίησας
1675 2593 1775 2647 καὶ
1796 2592 1975 2661 ἡδρα-

385 2706 505 2757 om;
533 2709 546 2721 ·
587 2691 645 2744 Ὀ
695 2690 753 2743 δέ
781 2689 1015 2754 Ἀκύλας
1079 2690 1435 2761 σαφέστερον,
1497 2689 1608 2741 Καὶ
1672 2689 1976 2757 μεμοχθη-

393 2784 573 2838 κυῖαν
599 2784 641 2815 "‘
674 2782 756 2839 σὺ
778 2783 1051 2852 ῆδρασας
1075 2785 1143 2837 τ’.
1176 2770 1614 2855 Καμοῦσανγαρ
1638 2782 1695 2835 ἐν
1716 2783 1830 2844 τοῖς
1893 2779 1975 2835 δι-

393 2872 603 2941 ωγμοῖς
634 2869 850 2941 ἀτρεμῆ
874 2868 1222 2940 διεφύλαξας.

468 2968 557 3017 ια’.
603 2982 623 3015 ι
655 2962 734 3016 Τά
762 2960 883 3027 ζῶά
937 2979 1031 3016 σου
1089 2959 1439 3016 κατοικοῦσιν
1479 2961 1538 3013 ἐν
1586 2959 1749 3032 αὐτῇ.
1795 2980 1815 3012 ι
1842 2958 1976 3014 Ζῶα
2003 2986 2047 3048 c

392 3054 543 3111 Θεοῦ
593 3056 723 3119 τοὺς
755 3055 932 3126 ἱεροὺς
969 3054 1306 3117 ἀποστόλους
1340 3053 1516 3107 καλεῖ·
1538 3045 1614 3105 ὧν
1650 3053 1849 3117 ἐπιϐάς
1871 3052 1972 3125 τὴν

387 3148 599 3215 πλάνην
640 3146 895 3220 ἐξήλασε,
928 3147 1026 3201 καὶ
1062 3148 1190 3210 τοὺς
1231 3144 1556 3217 ἀνθρώπους
1612 3148 1691 3209 είς
1737 3146 1973 3214 θεογνω-

386 3241 512 3295 σίαν
542 3239 899 3309 ἐπέστρεψεν.
932 3236 1090 3292 Οῦτω
1118 3238 1215 3293 καὶ
1243 3238 1373 3310 περὶ
1403 3237 1496 3291 τοῦ
1536 3237 1751 3291 Παύλου
1779 3236 1970 3308 φησιν’

393 3352 412 3385 ι
455 3332 580 3387 Ὀτι
607 3331 802 3396 σκεῦος
824 3329 1063 3401 ἐκλογῆς
1109 3330 1201 3402 μοί
1236 3331 1386 3384 ἐστιν
1431 3323 1612 3397 οὗτος,
1643 3327 1737 3383 τοῦ
1772 3328 1976 3400 βαστά-

390 3442 483 3480 σαι
512 3424 576 3479 τδ
608 3424 784 3496 όνομά
834 3440 936 3494 μου
986 3422 1222 3477 ἐνώπιον
1273 3423 1466 3487 ἐθνῶν,
1517 3423 1613 3477 καὶ
1683 3420 1973 3492 βασιλέων.

388 3516 525 3572 υἱῶν
554 3534 616 3571 τε
656 3515 901 3590 Ἰσραήλ.
929 3535 947 3568 ι
979 3514 1188 3570 Τούτου
1215 3516 1376 3586 χάριν
1397 3516 1618 3581 ἵππους
1652 3508 1852 3577 αὐτοὺς
1882 3513 1911 3566 ό
1931 3510 1978 3544 ⁷⁸

388 3609 536 3673 θεῖος
565 3609 851 3681 ὠνόμασεν
879 3607 1161 3679 Ἀδακούμ
1187 3608 1235 3641 ⁷⁸
1254 3624 1300 3659 οι
1330 3605 1698 3670 Ἐπεδίδασας
1725 3606 1856 3678 γὰρ,
1873 3622 1980 3677 φη-

391 3703 479 3757 σὶν
508 3702 574 3769 ⁷⁸,
606 3705 687 3767 εἰς
738 3702 1017 3757 θάλασσαν
1049 3701 1177 3765 τοὺς
1212 3700 1415 3764 ἵππους
1457 3716 1575 3763 σου,
1601 3700 1979 3769 ταράσσοντας

391 3791 564 3847 ὕδατα
602 3793 800 3847 πολλά.
844 3810 864 3844 ι
904 3790 1145 3855 Τούτους
1172 3792 1345 3845 οίκεῖν
1373 3791 1434 3845 ἐν
1464 3792 1532 3862 τῇ
1556 3790 1651 3844 τοῦ
1676 3789 1814 3843 Θεοῦ
1841 3789 1977 3860 κλη-

391 3881 627 3952 ρονομίᾳ
657 3921 673 3948 ,
704 3882 988 3936 τουτέστιν
1019 3882 1078 3936 ἐν
1125 3882 1243 3944 τοῖς
1289 3879 1528 3943 ἔθνεσιν,
1563 3881 1592 3933 ό
1638 3878 1981 3951 προφητικὺς

391 3972 653 4027 ἐθέσπισε
697 3973 878 4041 λόγος.
935 3972 1164 4028 Οίκοῦσι
1209 3972 1268 4026 δὲ
1303 3972 1466 4043 μέχρι
1491 3970 1589 4025 καὶ
1621 3972 1890 4042 τήμερον,
1917 3970 1978 4023 ού

395 4063 560 4134 μόνον
588 4065 635 4096 ⁷⁸
660 4066 782 4128 ταῖς
816 4064 1018 4136 θήκαις
1053 4065 1167 4119 τῶν
1209 4064 1479 4134 σωμάτιον
1505 4061 1828 4131 άγιάζοντες
1853 4062 1983 4125 τοὺς

395 4152 736 4218 πελάζοντας
773 4156 819 4187 ’⁷
846 4171 859 4185 ·
888 4154 1028 4208 ἀλλὰ
1082 4154 1181 4208 καὶ
1208 4156 1276 4225 τῇ
1309 4152 1501 4223 διδαχῇ
1534 4151 1644 4205 τῶν
1690 4166 1981 4221 συγγραμ-

396 4248 587 4318 μάτων
620 4248 722 4313 τάς
749 4247 860 4305 τῶν
889 4247 1200 4321 ἀνθρώπων
1234 4246 1416 4317 ψυχὰς
1457 4244 1882 4316 ἐπιστρέφοντες
1910 4243 1979 4299 ⁷⁸.

2069 1747 2296 1802 ditatem
2345 1749 2526 1803 dicit:
2583 1749 2953 1819 inﬁrmitatem
2995 1765 3121 1805 vero
3152 1751 3447 1821 impiorum
3489 1752 3662 1808 insul-

2069 1845 2183 1891 tum
2212 1838 2565 1907 nuncupavit.
2600 1839 2693 1894 Sic
2729 1848 2782 1893 et
2814 1839 3080 1894 Dominus
3107 1839 3279 1894 Paulo
3305 1841 3382 1893 ait
3416 1859 3429 1893 :
3480 1859 3500 1891 ι
3535 1838 3663 1895 Suf-

2071 1930 2299 1995 licittibi
2337 1930 2508 1999 gratia
2533 1946 2696 1996 mea;
2734 1946 2856 1985 nam
2898 1931 3076 1987 virtus
3112 1946 3233 1986 mra
3268 1930 3321 1984 in
3349 1931 3666 1988 inﬁrmitate

2070 2024 2343 2093 perlicitur
2368 2034 2418 2077 ιι.
2448 2042 2467 2075 ι
2510 2021 2652 2089 Quin
2676 2033 2727 2079 et
2747 2023 3065 2091 irruptionis
3095 2034 3339 2093 tempore
3374 2033 3429 2077 tu
3465 2024 3669 2078 contir-

2072 2129 2190 2169 mas
2206 2122 2259 2168 ct
2276 2114 2599 2169 corroboras
2621 2114 2871 2169 athletas.
2902 2113 3008 2169 llos
3024 2115 3170 2168 enim
3192 2113 3357 2169 habes
3376 2114 3666 2169 haeredita-

2074 2214 2181 2259 tcm
2205 2246 2219 2271 ,
2249 2202 2549 2259 secundum
2585 2201 2925 2273 prophetiam
2955 2202 3227 2257 dicentem
3256 2221 3268 2255 :
3318 2218 3337 2252 ι
3368 2200 3592 2257 Postula
3629 2219 3663 2259 a

2073 2315 2183 2363 tne,
2213 2306 2266 2352 et
2296 2295 2510 2368 1060
2537 2296 2678 2351 dabo
2702 2295 2796 2350 tibi
2837 2303 3027 2364 gentes
3066 2295 3435 2351 haereditatem
3474 2307 3622 2352 tuam
3646 2335 3663 2361 ,

2073 2399 2128 2445 et
2159 2389 2558 2460 possessionem
2589 2396 2736 2442 tuam
2764 2388 3030 2443 terminos
3067 2397 3226 2442 terra:
3248 2397 3300 2442 ν.
3329 2406 3348 2441 ι
3383 2386 3473 2445 Sic
3497 2391 3664 2444 etiam

2075 2479 2444 2551 Symmachus
2473 2479 2729 2547 exposuit
2767 2496 2781 2531 :
2815 2476 2991 2542 Quam
3028 2477 3334 2547 perfecisti,
3366 2490 3415 2533 et
3453 2479 3665 2533 stabili-

2076 2574 2217 2628 visti.
2265 2571 2333 2627 Et
2362 2570 2556 2641 Aquila
2591 2569 2943 2627 manifestius
2993 2571 3135 2626 dixit
3171 2589 3185 2624 :
3231 2569 3309 2624 Tu
3344 2572 3664 2641 confortasti

2074 2682 2210 2735 eam,
2241 2680 2359 2739 qut:
2395 2664 2696 2720 laborabat.
2729 2661 2861 2718 Eam
2898 2662 3045 2717 enim
3087 2678 3211 2733 qua:
3248 2663 3302 2718 in
3340 2674 3661 2734 persecuto-

2073 2757 2229 2813 ribus
2272 2755 2478 2811 multos
2519 2754 2762 2825 suscepit
2800 2753 3051 2821 labores,
3105 2754 3391 2810 immotam
3439 2771 3663 2812 conser-

2076 2851 2239 2906 vasti.

2150 2935 2319 2993 νεεδ.
2353 2936 2441 2992 11.
2504 2953 2528 2990 ι
2570 2934 2843 2991 Animalia
2900 2945 2992 2992 tua
3039 2936 3367 2993 habitabant
3416 2938 3471 2993 in
3522 2954 3607 2996 ea.
3637 2957 3660 2994 ι

2082 3028 2282 3084 Sacros
2319 3028 2599 3099 apostolos
2652 3040 2932 3098 nuncupat
2969 3030 3231 3085 animalia
3282 3029 3421 3098 Dei,
3459 3033 3664 3102 quibus

2081 3121 2324 3178 insidens
2345 3136 2588 3178 errorem
2626 3122 2843 3193 abegit,
2874 3125 2894 3144 ‘
2933 3122 3297 3196 hominesque
3333 3127 3401 3182 ad
3439 3127 3533 3185 Dei
3569 3143 3664 3185 co-

2081 3214 2377 3287 gnitionem
2406 3216 2696 3271 convertit.
2730 3214 2824 3270 Sic
2852 3216 3000 3273 etde
3030 3216 3201 3273 Paulo
3231 3219 3411 3274 dixit:
3458 3239 3478 3273 ι
3512 3219 3691 3287 Quo-‘

2078 3309 2231 3363 niam
2253 3323 2350 3363 vas
2375 3308 2663 3364 electionis
2689 3308 2823 3363 mihi
2859 3318 2945 3365 est
2980 3311 3103 3376 iste,
3141 3322 3202 3367 ut
3239 3322 3421 3381 portet
3465 3329 3664 3370 nomen

2083 3414 2265 3453 meum
2292 3413 2479 3453 coram
2512 3398 2767 3469 gentibus
2796 3409 2849 3454 et
2876 3401 3119 3470 regibus,
3146 3410 3201 3457 et
3229 3404 3355 3460 [iliis
3386 3402 3552 3461 Israel
3572 3414 3620 3462 κ.
3640 3427 3661 3460 ι

2083 3486 2294 3545 idcirco
2334 3488 2486 3560 ipsos
2526 3504 2686 3559 equos
2738 3489 2960 3547 divinus
3016 3489 3275 3549 Habacue
3322 3496 3666 3553 nominavit:

2092 3599 2111 3632 ι
2147 3578 2458 3637 Ascendere
2521 3580 2698 3637 fecisti
2723 3620 2738 3645 ,
2767 3583 2914 3637 enim
2946 3582 3159 3655 inquit.
3206 3599 3265 3652 tu
3303 3600 3457 3642 mare
3497 3604 3668 3659 equos

2085 3683 2249 3741 tuos,
2306 3675 2593 3731 turbantes
2639 3690 2815 3746 aquas
2852 3676 3058 3733 multas
3083 3686 3134 3733 1.
3174 3677 3287 3735 Hos
3321 3678 3573 3737 habitare
3614 3685 3668 3738 in

2088 3770 2182 3826 Dei
2227 3769 2579 3834 haereditate,
2630 3769 2734 3825 hoc
2775 3778 2898 3833 est,
2953 3770 3011 3825 in
3061 3771 3356 3842 gentibus,
3402 3775 3668 3844 propheta

2086 3860 2361 3932 praedixit.
2386 3856 2650 3913 Habitant
2669 3858 2815 3913 enim
2844 3873 3021 3929 usque
3046 3860 3115 3930 ad
3143 3860 3465 3918 hodiernum
3485 3864 3667 3921 diem:

2086 3951 2181 4023 qui
2237 3966 2348 4008 non
2398 3949 2562 4006 modo
2609 3964 2904 4020 corporum
2960 3951 3137 4008 thecis
3169 3960 3395 4009 sanctos
3436 3956 3675 4013 reddunt

2086 4057 2184 4100 eos
2213 4044 2308 4114 qui
2336 4040 2782 4112 appropinquant
2806 4056 2822 4095 :
2851 4056 3042 4097 verum
3068 4044 3232 4099 etiam
3262 4045 3512 4101 doctrina
3544 4063 3676 4103 suo-

2090 4149 2212 4189 rum
2277 4133 2608 4203 scriptorum
2679 4132 2966 4203 hominum
3039 4133 3257 4191 animos
3322 4145 3670 4193 convertunt.

2095 4246 2115 4279 ι
2152 4224 2366 4280 Parasti
2390 4200 2461 4278 vin
2500 4224 2752 4280 bonitate
2784 4234 2876 4279 tua
2906 4200 3152 4295 pauperi,
3172 4224 3336 4282 Deus.
3367 4244 3386 4278 ι
3421 4226 3548 4281 Haec
3575 4244 3671 4282 au-

399 4316 420 4392 ὲ
458 4341 794 4413 Ἠτοίμασας
813 4343 873 4398 ἐν
888 4344 956 4413 τῇ
976 4316 1309 4414 χρηστότητι
1322 4356 1419 4394 σου
1435 4337 1513 4410 τῷ
1526 4337 1731 4409 πτωχῷ
1745 4340 1774 4390 ό
1787 4336 1942 4401 Θεός.
1966 4356 1976 4390 ι

2096 4328 2207 4376 tem
2233 4358 2246 4382 ,
2284 4318 2496 4388 inquit,
2533 4316 2684 4387 inopi
2720 4316 3004 4372 hominum
3035 4326 3248 4373 natura:
3274 4334 3370 4384 per
3399 4329 3545 4374 tuam
3574 4321 3671 4376 bo-

396 4430 588 4485 Ταῦτα
604 4409 688 4495 δὲ.
724 4432 883 4504 φησὶ,
904 4409 1205 4503 τιὴ-πτωχῇ
1230 4409 1344 4483 τῶν
1365 4409 1673 4501 ἀνθρώπων
1707 4426 1869 4496 φύσει
1901 4426 1993 4481 διά
2095 4413 2323 4467 υίιῧιεω
2353 4409 2581 4481 largitus
2613 4424 2696 4465 88-

394 4520 497 4593 τὴν
529 4522 629 4594 σὴν
650 4523 697 4556 ’⁸
727 4522 990 4595 ἐδωρήσω
1014 4521 1387 4593 χρηστότητα.

468 4612 559 4683 ιβ’.
591 4632 612 4666 ι
652 4613 861 4685 Κύριος
892 4613 1057 4670 δώσει
1081 4612 1236 4685 ῥῆμα
1262 4615 1375 4677 τοῖς
1402 4612 1449 4644 ⁸⁸
1472 4610 1993 4683 εὐαγγελιζομένοις

2160 4604 2328 4662 Vens.
2364 4604 2452 4659 12.
2489 4621 2509 4657 ι
2541 4602 2808 4660 Dominus
2845 4602 2997 4659 dabit
3030 4606 3258 4661 verbum
3295 4610 3675 4680 evangelizan-

396 4702 629 4774 δυνάμει
646 4703 841 4776 πολλῇ.
870 4721 889 4755 ι
920 4703 1029 4767 Οὓς
1049 4702 1163 4759 άνω
1187 4702 1301 4765 ζῶα
1319 4701 1795 4774 προσηγόρευσεν,
1816 4702 1976 4773 εὐαί»

2092 4698 2239 4753 tibus
2272 4698 2329 4752 in
2376 4697 2577 4752 virtute
2623 4698 2816 4752 multa.
2847 4714 2867 4750 ι
2923 4696 3074 4763 Quos
3123 4700 3376 4770 superius
3402 4705 3677 4774 {animalia

397 4795 686 4864 τελιστὰς
719 4794 955 4850 ἐνταῦθα
988 4794 1168 4849 καλεῖ.
1220 4795 1332 4848 Καὶ
1377 4792 1570 4863 ἐπειδὴ
1613 4791 1788 4855 ἁλιεῖς
1824 4785 1991 4864 ἦσαν,

2093 4788 2429 4860 appellavit,
2482 4789 2588 4844 hoc
2636 4788 2691 4843 in
2737 4787 2861 4845 loco
2904 4790 3256 4861 evangelista:
3303 4795 3570 4851 nominat.
3613 4794 3679 4852 Et

474 4971 506 5000 ιι
543 4959 588 5015 ll
613 4959 746 5017 Cor.
783 4977 898 5030 ιιι,
932 4963 988 5018 2.
1065 4970 1092 5001 ν
1122 4961 1269 5019 Psal.
1301 4977 1381 5029 ιι,
1412 4960 1469 5016 8.
1546 4968 1574 4997 ³
1603 4959 1728 5016 Αοῑ.
1763 4975 1819 5015 rx
1846 5001 1862 5026 ,
1896 4958 1976 5015 15.

2078 4967 2089 4992 ν
2132 4956 2339 5013 Hahae.
2378 4972 2476 5023 ιιι,
2516 4957 2605 5013 15.

1507 5093 1743 5151 νΑΒΙΑζ
1780 5093 2170 5152 LECTIONES
2202 5094 2290 5150 ΕΤ
2318 5092 2557 5151 NOTAE.

475 5216 518 5248 ⁸⁸
554 5216 733 5280 Φησί.
770 5216 894 5270 cod.
929 5215 952 5269 1
988 5215 1194 5283 ὀφθείς.

1309 5217 1356 5254 ⁸·
1382 5218 1619 5283 Φανείς.
1671 5214 1799 5272 Des.
1857 5215 1912 5271 in
1959 5216 2088 5271 cod.
2146 5219 2198 5273 1.

2304 5217 2351 5250 ⁸³
2378 5211 2574 5303 ρῦτος
2598 5248 2668 5260 -
2702 5217 2932 5303 κεερέῖ·
2972 5218 3095 5303 θεῖά·
3128 5220 3149 5274 ί
3185 5213 3345 5303 αὖτις
3365 5222 3433 5303 si
3466 5222 3540 5303 xi
3579 5203 3697 5303 βε-’

400 5282 558 5359 δίσας
581 5283 707 5359 ses
744 5282 1160 5359 φιλανθρωπίας
1191 5285 1336 5340 κατὰ
1362 5287 1452 5359 τὸν
1478 5282 1583 5340 τοῦ
1605 5286 1811 5350 πάθους
1846 5286 2013 5359 αὑτοῦ
2039 5289 2252 5359 καιρὸν,
2291 5286 2499 5359 ταύτην
2532 5282 2734 5359 ἔσεισε.
2762 5282 2817 5359 "7
2841 5288 3171 5357 Ὺμετέραν.
3207 5282 3333 5345 cod.
3363 5292 3381 5343 Ι
3408 5282 3540 5342 ξιιΙὶΙῖ
3571 5282 3680 5344 τῶν

402 5355 725 5410 θεοκτόνων.
802 5355 847 5386 ⁸⁸
862 5356 929 5408 Ἐ

402 5495 538 5564 εχει.
655 5494 703 5526 ⁷⁸
730 5493 854 5549 cdd.
890 5493 912 5547 ι
942 5493 1099 5564 ἐμοί.
1179 5496 1222 5527 ⁷¹
1254 5496 1376 5551 cod.
1414 5498 1437 5551 1

404 5565 529 5637 cod.
563 5564 688 5637 1,2
721 5579 909 5634 prem.
944 5564 1074 5637 καί.
1138 5565 1185 5637 ’ξ
1209 5566 1335 5637 cod.
1361 5569 1396 5620 2
1443 5564 1790 5637 Ἀμϐακούμ.

402 5632 1016 5705 ’τληελάζοὶατεᾳοοίι
1054 5635 1079 5689 1
1118 5633 1247 5689 add.
1282 5637 1380 5689 καὶ
1410 5632 1560 5705 πάθη
1588 5632 1926 5698 ἐλαύνοντες.

402 5703 532 5773 σὴν
550 5737 622 5750 -
649 5704 1056 5775 χρηστότητα.
1085 5704 1206 5762 eod.
1231 5705 1258 5759 1
1286 5705 1387 5776 τῆς
1413 5706 1515 5776 σῆς
1536 5703 1601 5748 ὲ-
1627 5706 1962 5776 οἰκονομίας.

406 5789 678 5847 νιαςηιιηι.

1880 5566 1926 5598 η

1958 5569 2177 5633 Φησίν.
2213 5567 2382 5622 Abest
2417 5583 2449 5623 a
2473 5569 2595 5624 cod.
2630 5567 2681 5621 1.
2780 5568 2825 5601 ⁷⁸
2859 5571 2941 5623 οὐ
2982 5567 3194 5636 μόνον.
3238 5568 3359 5621 Des.

2024 5634 2645 5707 "__’E.1zt_a'tpésaortsc.
2683 5637 2809 5693 cod.
2855 5638 2879 5692 1
2934 5635 3372 5707 εὐεργετοῦντες.

2075 5705 2124 5738 ⁸⁸
2154 5705 2582 5777 Τοῖς-πολλῇ.
2613 5706 2777 5763 Hebr.
2818 5707 2942 5763 (arta
2989 5705 3351 5763 nuntiantium
3373 5720 3456 5769 ut
3496 5722 3683 5777 agnum

969 5355 1264 5427 ωρήσατο.
1298 5357 1420 5427 cod.
1448 5358 1473 5410 1
1516 5372 1706 5426 praem.
1739 5359 1853 5427 τοῖς
1882 5358 1976 5411 ἀπε

2078 5355 2225 5422 Ξλοις,
2249 5356 2410 5411 τοῦτο
2432 5357 2543 5427 γὰρ
2572 5355 2715 5410 θέλει
2776 5355 2972 5412 εἰπεῖν.
3049 5360 3096 5393 ⁸⁸
3118 5360 3243 5413 cod.
3280 5359 3317 5412 2
3346 5373 3489 5413 ascr.
3519 5359 3680 5415 habet

403 5425 694 5480 lectionem
725 5422 824 5495 τὴν
849 5422 1235 5496 κληρονομίαν.
1331 5426 1376 5458 ⁸⁸
1417 5422 1651 5495 Ἀάπερ
1673 5455 1740 5468 ·-
1770 5425 1976 5494 χάριτο

403 5495 538 5567 εχει.
572 5564 582 5567 Α
655 5494 703 5567 ζ’
730 5493 854 5549 cod.
890 5493 912 5547 ι
947 5495 1091 5567 ἐμοί.
1140 5565 1157 5567 Α
1179 5496 1222 5527 ⁷¹
1254 5496 1376 5567 cod.
1414 5498 1437 5551 1
1474 5496 1791 5567 μεμοχθεϊν,
1822 5497 1976 5551 umis:

2078 5428 2194 5484 Des.
2227 5422 2455 5483 incod.
2478 5422 2533 5481 2'.
2626 5427 2670 5458 ⁸⁸
2709 5427 2748 5480 Ε
2780 5429 2903 5484 cod.
2936 5430 2956 5482 1
2999 5436 3053 5483 et
3080 5429 3116 5482 2
3140 5429 3318 5497 suppl.

2078 5497 2164 5553 σύ.
2275 5499 2321 5528 ⁷⁸
2359 5497 2443 5551 Σὺ
2472 5496 2766 5565 ἢδρασας.
2800 5500 2923 5553 cod.
2953 5501 2989 5552 2
3040 5498 3318 5567 συνήδρασ

2275 5429 2441 5483 read.
2478 5429 2533 5481 2.
2626 5429 2670 5458 ⁸⁸
2709 5429 2748 5480 Ε
2780 5429 2903 5484 cod.
2936 5430 2956 5482 1
2999 5436 3053 5483 ct
3080 5429 3116 5482 2
3140 5429 3318 5497 suppl.
3423 5429 3469 5461 ⁶⁹
3496 5431 3620 5483 cod.
3648 5429 3682 5482 2

2275 5499 2321 5528 ⁷⁸
2359 5497 2443 5551 Σὺ
2472 5496 2766 5568 ἢδρασας.
2800 5500 2923 5553 cod.
2953 5501 2989 5552 2
3040 5498 3403 5568 συνήδρασας.
3506 5498 3556 5532 ⁷³
3597 5498 3683 5555 Ὀ.

2982 5568 3208 5636 μόνον.
3238 5568 3359 5621 Des.
3396 5568 3448 5621 in
3471 5568 3592 5622 cod.
3624 5570 3684 5622 2.

3478 5639 3524 5671 "
3558 5636 3683 5704 Τὴν

2780 5568 2825 5601 7.
2859 5571 2941 5623 οὐ
