4102 6434
387 269 522 335 1387
565 323 568 326 .

1417 260 1908 320 TIIEODORETI
1953 259 2287 321 EPISCOPI
2321 263 2689 325 C't'REN'SlS

3513 264 3646 329 1383

383 374 758 434 habitaculum
814 387 972 426 suum
1023 367 1290 423 reddidit?
1342 387 1358 418 ι
1422 365 1632 420 Etenim
1685 368 1947 419 Dominus

2070 368 2338 432 ζονεύεσθε
2371 371 2448 440 τῷ
2477 373 2614 443 ὄρει,
2653 373 2682 425 ὃ
2727 374 3045 445 οἰκητήριον
3085 373 3364 445 ἀπέφηνεν
3402 377 3430 427 ὁ
3469 377 3602 436 Θεός
3633 411 3644 428 .

383 468 655 524 habitabit
688 468 740 519 in
767 466 950 518 liuent.
992 481 1010 512 ι
1048 459 1164 514 Non
1194 460 1338 513 enim
1367 458 1507 512 sicut
1535 459 1676 527 apud
1715 474 1830 522 vos,
1865 459 1963 514 Ju-

382 563 508 628 daei,
549 561 618 615 ad
648 558 1068 613 determinatum
1099 563 1315 623 tempus
1349 551 1638 616 habitavit,
1689 551 1769 606 sic
1819 562 1875 607 et
1907 553 1961 605 in

387 656 494 709 hoc
528 654 684 722 deget
717 669 730 704 :
765 649 857 703 sed
905 647 1297 716 sempiternam
1339 643 1731 699 habitationem
1770 645 1822 699 in
1871 646 1967 701 illo

369 745 625 801 habebit.
647 741 773 796 .lloc
803 740 947 796 enim
981 740 1224 794 declarat
1250 756 1263 792 :
1291 737 1358 790 In
1395 739 1573 808 ﬁnem.

454 924 624 979 Vsus.
680 925 761 978 18.
807 941 825 973 ι
881 922 1090 977 Currus
1137 920 1227 973 Dei
1277 920 1462 973 decem
1501 921 1744 974 millibus
1782 922 1966 974 multi-

383 1021 524 1089 plex,
555 1016 723 1072 millia
750 1015 1070 1071 laetantium.
1113 1031 1132 1066 ι
1174 1013 1294 1068 Non
1317 1013 1460 1066 enim
1500 1014 1641 1066 sicut
1671 1014 1809 1083 apud
1845 1029 1963 1079 vos,

381 1113 575 1178 .ludzci,
610 1125 816 1180 paucos
862 1117 1085 1163 sanctos
1138 1106 1350 1169 habuit,
1406 1121 1572 1175 super
1600 1105 1800 1175 quibus
1829 1122 1964 1160 con-

345 1211 350 1216 '
385 1202 620 1265 scendit,
661 1208 715 1254 et
747 1199 799 1252 in
834 1199 1034 1267 quibus
1075 1195 1364 1260 habitavit,
1414 1194 1493 1248 sic
1523 1205 1574 1248 et
1617 1211 1760 1247 nunc
1793 1195 1964 1249 hahe-

387 1295 483 1348 bit.
519 1293 750 1347 Inlinitis
787 1293 931 1343 enim
967 1287 1214 1357 partibus
1245 1287 1428 1355 plures
1457 1286 1564 1340 illis
1596 1295 1745 1352 sunt,
1777 1287 1962 1342 divina

365 1385 782 1442 ~conseensione
811 1383 984 1451 digni.
1018 1379 1163 1434 Nova
1193 1381 1338 1434 enim
1369 1380 1657 1434 hzercditas
1689 1381 1849 1435 habet
1880 1382 1963 1434 in-

386 1494 614 1533 numera
639 1477 834 1538 millia,
865 1485 919 1528 et
961 1475 1192 1528 decades
1223 1473 1479 1537 millium,
1507 1483 1820 1527 sanctorum
1865 1474 1964 1526 ho-

369 1573 593 1626 minum
622 1568 946 1630 lzetantium,
980 1577 1032 1621 ct
1059 1566 1398 1621 alTercntium
1447 1564 1555 1618 Deo
1586 1565 1818 1620 fructum
1845 1565 1961 1634 pie-

369 1662 530 1724 -tatis,
558 1660 649 1729 qui
685 1667 829 1714 recte
857 1659 1064 1720 vivunt,
1096 1659 1301 1727 quique
1335 1656 1548 1727 1065
1582 1657 1647 1711 ad
1675 1657 1958 1726 praemium

2075 481 2092 513 ι
2126 463 2236 514 Καὶ
2267 463 2376 534 γάρ
2403 465 2431 515 6
2466 464 2669 535 Κύριος
2714 467 3131 535 κατασκηνώσει
3166 467 3246 529 είς
3283 463 3455 529 τέλος.
3505 486 3522 519 ι
3573 470 3646 522 Oi

2067 551 2176 623 γάρ
2200 552 2276 616 ὠς
2311 553 2441 624 παρ’
2474 554 2624 624 ὑμῖν,
2652 549 2696 608 ὦ
2729 555 2975 610 Ἰουδαῖοι
2995 556 3060 620 ³⁵,
3094 557 3258 628 ῥητόν
3302 575 3427 610 τινα
3463 559 3648 628 ᾤκησε

2067 645 2281 716 χρόνον,
2320 644 2494 709 οὕτως
2510 647 2554 678 ³⁸
2600 647 2695 700 καὶ
2725 647 2782 701 ὲν
2813 647 2988 717 τούτῳ
3018 648 3189 715 διάξει
3215 665 3229 678 ο
3283 649 3399 702 ἀλλ’
3432 649 3650 703 αἰώνιον

2065 738 2124 790 ὲν
2156 736 2333 808 τούτῳ
2361 739 2553 808 σχήσει
2582 738 2682 809 τὴν
2724 737 2959 810 οἷκησιν.
3016 739 3190 793 Τοῦτο
3223 740 3331 811 γὰρ
3380 741 3532 810 δηλοῖ
3567 742 3648 807 τὺ,

2068 833 2154 897 εὶς
2175 832 2370 896 τέλος.

2137 924 2229 997 ιη’.
2276 945 2295 978 ι
2327 926 2401 980 T6
2443 927 2597 998 ἅρμα
2629 928 2724 983 τοῦ
2759 927 2919 990 Θεοῦ,
2974 926 3367 998 μυριοπλάσιον
3415 926 3652 997 χιλιάδες

2066 1016 2440 1088 εὐθηνούντων
2459 1019 2526 1075 ³⁷.
2557 1038 2576 1071 ι
2632 1020 2705 1073 Οὐ
2745 1019 2854 1088 γάρ
2874 1019 2919 1051 ³⁸
2966 1018 3042 1081 ὡς
3097 1018 3226 1088 παρ’
3263 1019 3408 1089 ὑμῖν,
3440 1013 3485 1072 ὣ
3522 1021 3654 1072 ἰου-

2063 1109 2228 1172 δαῖοι,
2261 1109 2478 1178 ὀλίγους
2509 1109 2668 1180 ἔσχεν
2690 1111 2904 1179 ἁγίους,
2933 1103 3008 1164 ὧν
3037 1109 3234 1175 ἐπέϐη,
3259 1112 3367 1164 οιαὶ
3395 1107 3476 1174 οἷς
3511 1113 3656 1164 ἐκοι-

2063 1199 2306 1269 νώνησεν
2328 1201 2395 1266 ³³,
2424 1199 2571 1254 οὕτω
2614 1201 2710 1255 καὶ
2755 1199 2852 1254 νῦν
2877 1202 3090 1273 σχήσει.
3119 1201 3522 1272 Μυριοπλάσιοι
3545 1203 3654 1272 γέιρ

2063 1291 2290 1344 ἐκείνων
2307 1291 2374 1356 ⁸⁸,
2395 1293 2444 1345 oi
2469 1293 2571 1362 τῆς
2595 1291 2746 1356 θείας
2766 1292 3075 1356 ἑπιϐάσεως
3097 1291 3261 1358 ἄξιοι.
3286 1293 3394 1346 Καὶ
3415 1291 3656 1364 ἀριθμοῦ

2063 1383 2348 1454 κρείττους
2387 1383 2635 1454 χιλιάδας
2673 1383 2772 1438 καὶ
2802 1384 3071 1455 μυριάδας
3114 1385 3508 1457 εὐθηνούντων,
3557 1388 3656 1438 καὶ

2063 1474 2560 1544 καρποφορούντων
2589 1474 2668 1546 τῷ
2699 1475 2818 1545 Θεῷ
2850 1477 2950 1546 τὴν
2981 1474 3288 1542 εὐσέϐειαν,
3320 1476 3355 1546 ή
3403 1476 3498 1529 νέα
3541 1476 3657 1548 ἔχει

2065 1565 2429 1638 κληρονομία,
2463 1567 2786 1639 ίθυνομὲνας
2813 1568 2964 1622 uel.“
3004 1569 3115 1622 τῶν
3154 1568 3434 1638 στεφάνων
3469 1569 3655 1633 ἀξιου-

2069 1660 2259 1728 μένας,
2289 1660 2384 1713 καὶ
2409 1661 2502 1713 ἐπὶ
2531 1659 2591 1713 τὸ
2625 1659 2878 1730 βραϐεῖον
2910 1659 3010 1730 τῆς
3052 1659 3166 1714 ἄνω
3207 1660 3459 1731 κλήσεως
3504 1663 3656 1714 ἐπει-

373 1751 626 1806 -cmlestis
655 1749 958 1804 vocationis
1003 1747 1288 1811 festinant,
1319 1758 1373 1802 et
1402 1748 1624 1802 coronis
1661 1748 1956 1803 donantur.

2070 1747 2331 1818 γομένας.
2373 1767 2389 1798 ι
2419 1748 2624 1818 Κύριος
2654 1749 2712 1800 ὲν
2733 1748 2940 1811 αὐτοῖς,
2966 1749 3024 1800 ὲν
3055 1747 3224 1814 Σιναῒ,
3251 1749 3308 1801 ὲν
3330 1749 3408 1818 τῷ
3435 1749 3590 1818 ἁγίῳ,
3631 1771 3649 1798 ι

392 1863 410 1892 ι
450 1840 715 1895 Dominus
772 1839 826 1893 in
861 1839 963 1901 eis,
1001 1839 1055 1892 iu
1094 1838 1281 1902 Sinai,
1331 1838 1384 1892 in
1433 1848 1645 1893 sancto.
1687 1857 1706 1890 ι
1761 1839 1862 1904 Qui
1913 1841 1966 1893 in

393 1942 578 1987 monte
611 1932 784 1997 Sinai,
812 1932 1008 2001 inquit,
1043 1932 1248 1986 nostris
1285 1930 1585 2001 majoribus
1636 1946 1696 1986 se
1747 1933 1968 2002 conspi-

379 2027 639 2080 ciendum
675 2025 927 2094 pra'buit,
961 2025 1075 2094 ipse
1102 2024 1266 2079 etiam
1320 2025 1486 2079 homo
1525 2024 1702 2080 factus
1735 2027 1834 2081 hos
1885 2041 1968 2080 re-

368 2120 483 2191 git.
517 2117 632 2171 Non
657 2118 801 2172 enim
837 2117 977 2171 alius
1013 2117 1121 2183 ille,
1169 2126 1224 2172 et
1273 2117 1414 2172 alius
1445 2117 1555 2172 hic.
1613 2117 1758 2171 Idem
1795 2119 1965 2185 enim,

390 2229 409 2262 ι
443 2211 706 2264 Dominus
742 2209 1016 2274 omnium,
1049 2209 1202 2264 dives
1232 2209 1286 2263 in
1332 2224 1547 2274 omnes,
1581 2210 1672 2278 qui
1715 2210 1970 2266 invocant

385 2305 538 2358 illum
573 2304 622 2356 ιι.
657 2321 675 2354 ι
713 2301 805 2357 Sic
836 2302 1188 2372 prephcticus
1215 2317 1400 2357 sermo
1421 2311 1708 2374 postquam
1743 2304 1968 2358 demon-

387 2398 578 2451 stravit
598 2412 744 2461 eum,
776 2395 1218 2458 descendentem,
1246 2406 1299 2449 et
1323 2395 1558 2449 hostium
1587 2410 1780 2465 agmen
1817 2413 1969 2451 ever-

383 2499 612 2550 tentem,
639 2487 877 2542 ostendit
911 2486 1086 2556 ipsum
1137 2487 1544 2550 ascendentem,
1581 2496 1636 2542 et
1677 2488 1811 2544 olim
1874 2503 1966 2544 ca—

387 2581 553 2652 ptivis
583 2581 887 2634 libertatem
908 2579 1252 2648 largirutem.

458 2672 626 2726 Vnus.
662 2671 747 2725 19.
804 2690 823 2723 ι
862 2671 1170 2725 Asecndisti
1208 2671 1258 2724 in
1297 2671 1488 2736 altum,
1519 2672 1789 2741 captivam
1833 2671 1965 2727 feei-

387 2767 458 2822 sti
481 2765 872 2835 captivitatem.
931 2782 951 2816 ›
991 2764 1270 2820 Ascensus
1316 2765 1637 2819 descensum
1683 2766 1961 2820 ostendit:

393 2869 448 2913 et
498 2858 650 2912 testis
677 2857 973 2926 Apostolus
1019 2857 1206 2912 dicens
1242 2876 1254 2909 :
1297 2875 1315 2907 ι
1348 2857 1501 2922 Quod
1549 2867 1732 2912 autem
1767 2873 1966 2912 ascen-

393 2951 493 3014 dit,
523 2949 654 3020 quid
689 2959 795 3013 est,
828 2949 934 3003 nisi
971 2947 1115 3018 quod
1160 2956 1214 3002 et
1241 2948 1522 3003 descendit
1546 2950 1698 3017 prius
1725 2949 1780 3003 in
1828 2950 1967 3002 infe-

394 3043 566 3096 riores
592 3049 775 3110 partes
807 3039 996 3093 terrae?
1039 3037 1140 3105 Qui
1186 3038 1488 3101 descendit,
1534 3039 1648 3107 ipse
1678 3048 1762 3094 est
1791 3047 1845 3093 et
1872 3039 1974 3108 qui

390 3133 636 3188 ascendit
665 3148 828 3202 supra
874 3146 1066 3186 onmes
1093 3131 1263 3186 malos
1296 3133 1336 3185 ί.
1397 3149 1418 3182 ›
1459 3131 1741 3200 Captivam
1785 3140 1966 3186 autem

385 3225 523 3279 Iecit
551 3225 946 3293 captivitatem,
972 3239 1097 3277 cum
1131 3223 1337 3291 recepit
1383 3237 1478 3278 eos
1511 3223 1747 3292 quiolim
1769 3223 1970 3294 captivi

392 3317 629 3379 fuerant,
665 3323 719 3370 et
751 3315 1159 3385 quodammodo
1188 3318 1206 3336 ⁶
1239 3315 1490 3384 captivos
1519 3315 1796 3384 cepisset,
1815 3326 1869 3370 et
1899 3315 1969 3380 li-

387 3409 652 3464 bertatem
695 3405 830 3476 ipsis
858 3406 1085 3476 largitus
1109 3415 1215 3460 est.
1251 3423 1270 3456 ι
1292 3405 1566 3476 Aceepisti
1599 3407 1738 3462 dona
1783 3407 1835 3462 in
1871 3409 1969 3462 ho-

392 3499 652 3553 minibus.
693 3515 712 3548 ι
761 3497 1058 3566 Apostolus
1090 3498 1226 3552 dixit
1259 3495 1276 3548 i
1318 3497 1488 3552 dedit.
1516 3498 1822 3568 Utrumque
1870 3515 1970 3554 au-

390 3600 498 3643 tem
531 3588 732 3642 factum
754 3597 858 3643 est.
887 3589 1124 3657 Accepta
1159 3589 1304 3643 enim
1332 3589 1402 3643 ab
1425 3589 1814 3644 accedentibus
1839 3589 1966 3653 ﬁde,

392 3680 620 3751 largitur
648 3680 904 3750 gratiam.
935 3677 1038 3750 [Ita
1075 3680 1218 3734 enim
1245 3689 1420 3735 cmtus
1450 3681 1821 3749 apostolorum
1849 3697 1970 3737 cre-

391 3773 636 3827 dentium
675 3773 820 3842 qnod
861 3771 1004 3827 Deus
1026 3789 1090 3826 ex
1127 3771 1238 3828 Deo
1269 3773 1361 3839 sit,
1387 3773 1536 3844 regni
1583 3775 1822 3830 caelestis
1861 3776 1971 3830 hcc-

387 3880 480 3920 res
511 3865 824 3920 declaratus
875 3865 1090 3935 1066
1131 3873 1259 3920 est:
1299 3867 1372 3920 ita
1426 3882 1646 3936 quoque
1697 3869 1968 3924 innumeri

391 3971 662 4033 martyres
684 3969 739 4015 ct
769 3961 862 4030 qui
897 3961 1177 4014 honestam
1201 3961 1416 4016 vivendi
1446 3962 1710 4017 rationem
1737 3963 1970 4032 ingressi

391 4063 538 4116 sunt,
573 4069 636 4108 ac
668 4069 768 4123 pro
796 4051 906 4108 Deo
934 4055 1096 4107 verba
1147 4052 1416 4116 iecerunt,
1458 4054 1744 4125 gloriﬁcati
1796 4054 1968 4126 snnt.]

397 4167 414 4197 ι
453 4147 664 4202 Etenim
708 4147 1134 4215 inobsequentes
1165 4148 1230 4200 ad
1259 4147 1696 4202 inhabitandnm.
1730 4167 1748 4198 ι
1772 4149 1968 4218 Aquila

390 4241 597 4296 clarius
629 4229 1016 4309 interpretatus
1048 4248 1150 4302 est,
1185 4238 1361 4293 Etiam
1398 4241 1627 4295 rebelles
1657 4241 1722 4295 ad
1755 4241 1972 4297 inhabio

391 4333 639 4387 tanilum.
674 4331 793 4385 Non
841 4331 1151 4400 respexisti,
1190 4331 1388 4398 inquit,
1435 4333 1488 4386 in
1531 4333 1814 4404 antiquam
1871 4349 1968 4389 co-

2083 1841 2140 1894 Ὀ
2173 1842 2230 1893 ἐν
2254 1840 2332 1912 τῷ
2369 1841 2518 1911 Σινᾷ,
2557 1841 2710 1912 φησὶ,
2755 1843 2866 1905 τοῖς
2891 1840 3182 1910 ἡμετέροις
3213 1841 3501 1912 προγόνοις
3532 1843 3655 1895 επι-

2071 1936 2343 2006 φανεὶςδί,
2397 1935 2618 1999 αύτδς⁸³
2671 1936 2765 1989 καὶ
2817 1935 3037 1998 τούτους
3058 1934 3101 1966 ⁸⁵
3155 1935 3377 2005 ἡνιοχεῖ.
3427 1934 3502 1986 Ού
3547 1935 3657 2002 γάρ

2069 2030 2228 2092 ἄλλος
2254 2032 2486 2094 ἐκεῖνος,
2507 2032 2602 2082 καὶ
2625 2028 2783 2092 ἄλλος
2809 2023 2983 2090 οὗτος.
3015 2047 3032 2078 ι
3055 2027 3114 2080 '0
3135 2027 3242 2097 γάρ
3266 2027 3426 2090 αὐτὸς
3447 2027 3653 2096 Κύριος

2069 2124 2311 2188 πάντων,
2361 2121 2606 2176 πλουτῶν
2653 2122 2732 2184 εἰς
2774 2122 2980 2182 πάντας
3023 2121 3150 2183 τοὺς
3189 2119 3656 2188 ἐπικαλουμένους

2069 2215 2251 2268 αὐτόν.
2287 2233 2308 2266 ι
2357 2213 2514 2267 Οῦτω
2550 2214 2729 2279 δείξας
2753 2213 2799 2245 ⁸⁵
2842 2212 2871 2264 6
2918 2211 3255 2281 προφητικὸς
3301 2210 3459 2278 λόγος
3486 2227 3655 2262 κατα-

2069 2303 2364 2374 ϐεϐηκότα,
2396 2303 2487 2355 καὶ
2511 2303 2892 2357 καταλύσαντα
2919 2302 3027 2354 τῶν
3052 2300 3324 2370 πολεμίων
3355 2300 3417 2352 τὸ
3446 2300 3652 2368 στίφος.

2067 2395 2337 2448 δείκνυσιν
2373 2394 2536 2448 αὑτὸν
2566 2395 2787 2448 ἀνιόντα
2801 2393 2870 2458 ⁸⁸,
2914 2393 3007 2446 καὶ
3035 2395 3148 2456 τοῖς
3179 2391 3348 2445 πάλαι
3374 2392 3656 2462 αἰχμαλώ-

2066 2503 2181 2549 τοις
2211 2486 2312 2556 τὴν
2342 2485 2662 2556 ἐλευθερίαν
2691 2485 3054 2556 δωρούμενον.

2141 2677 2225 2732 ιθ’.
2273 2696 2291 2729 ι
2335 2677 2563 2748 Ἀνέϐης
2601 2680 2681 2742 εἰς
2725 2677 2879 2747 ὕψος,
2910 2677 3341 2750 ᾑχμαλώτευσας
3369 2675 3656 2746 αἰχμαλω-

2069 2771 2209 2825 σίαν.
2253 2791 2271 2823 ι
2331 2771 2398 2823 Ἠ
2445 2772 2712 2835 ἀνάϐασις
2752 2771 2902 2838 δηλοῖ
2947 2771 3047 2840 τὴν
3102 2771 3462 2825 κοιτάϐατινδ⁷
3493 2785 3507 2800 ⁸
3563 2765 3662 2820 καὶ

2070 2865 2278 2936 μάρτυς
2304 2867 2332 2917 6
2360 2864 2680 2928 Ἀπόστολος
2700 2864 2874 2933 λέγων
2893 2881 2907 2895 ο
2947 2884 2964 2916 ι
2993 2864 3068 2917 Τὸ
3091 2863 3148 2916 δὲ
3179 2863 3370 2933 ἀνέϐη,
3402 2863 3455 2916 τί
3483 2863 3656 2922 ἐστιν,

2067 2958 2116 3009 εί
2148 2955 2224 3028 μή
2255 2957 2339 3010 ὅτι
2367 2957 2462 3011 καὶ
2492 2957 2699 3027 κατέϐη
2733 2957 2952 3028 πρῶτον
2978 2958 3058 3020 είς
3085 2957 3152 3010 τά
3188 2957 3481 3026 κατώτερα
3513 2955 3656 3024 μέρη

2069 3050 2168 3118 τῆς
2215 3052 2347 3121 γῆς;
2406 3050 2465 3102 Ὀ
2519 3050 2794 3114 καταϐάς,
2849 3050 3010 3112 αὑτός
3059 3051 3176 3102 ἔστι
3228 3048 3323 3100 καὶ
3373 3049 3402 3101 6
3446 3046 3657 3102 ἀναϐάς

2072 3141 2328 3211 ὑπεράνω
2364 3141 2582 3195 πάντων
2630 3141 2738 3194 τῶν
2769 3139 3035 3212 ούρανῶν.
3071 3159 3091 3191 ι
3139 3138 3566 3211 ᾚχμαλώτευσε
3599 3137 3658 3191 δὲ

2071 3231 2471 3302 αἰχμαλωσίαν,
2499 3233 2624 3295 τοὺς
2651 3231 2819 3286 πάλαι
2847 3231 3250 3301 γεγενημένους
3275 3228 3658 3298 αἰχμαλώτους

2073 3322 2364 3378 ἀπολαϐών
2389 3340 2402 3353 ·
2457 3325 2554 3377 καὶ
2585 3324 2749 3377 οἱονεὶ
2783 3324 3304 3395 ἀνταιχμαλωτίσας
3324 3324 3388 3386 ⁸⁸,
3430 3322 3524 3376 καὶ
3556 3322 3657 3391 τὴν

2071 3417 2384 3488 ἐλευθερίαν
2411 3417 2596 3482 αὐτοῖς
2625 3418 3033 3489 δωρησάμενος.
3068 3435 3086 3466 ο
3114 3418 3346 3480 Ἐλαϐες
3369 3417 3575 3486 δόματα
3598 3419 3658 3468 ἐν

2071 3513 2459 3586 ἀνθρώποις⁵⁹.
2509 3533 2530 3566 ι
2593 3514 2654 3567 '0
2697 3514 3089 3577 ’Δπᾶστολοςδο
3131 3513 3356 3566 ἔδωκεν
3387 3513 3612 3582 εἴρηκεν
3639 3525 3652 3536 ⁸

2071 3607 2360 3677 ἀμφότερα
2389 3605 2446 3659 δὲ
2476 3606 2823 3676 γεγένηνται.
2861 3607 3173 3678 Λαμϐάνων
3215 3605 3323 3675 γάρ
3361 3605 3513 3675 παρὰ
3548 3603 3660 3657 τῶν

2072 3699 2408 3771 προσιόντων
2434 3699 2476 3732 ⁸⁸
2524 3699 2622 3770 τὴν
2676 3700 2951 3761 trist-tv",
3012 3699 3268 3768 δωρεῖται
3313 3699 3416 3768 τὴν
3469 3698 3652 3768 χάριν.

2071 3787 2156 3860 [⁸³
2179 3787 2336 3841 Οὕτω
2362 3787 2472 3857 γὰρ
2500 3788 2529 3840 6
2550 3788 2659 3842 τῶν
2686 3788 3008 3843 ἀποστόλων
3038 3787 3336 3852 πιστεύσας
3365 3787 3542 3859 χορὸς,
3574 3789 3656 3839 ὅτι

2071 3880 2206 3944 Θεὸς
2248 3882 2311 3933 ὲκ
2355 3881 2491 3934 Θεοῦ
2520 3881 2777 3951 ὑπάρχει,
2826 3880 2924 3949 τῆς
2951 3879 3057 3933 τῶν
3100 3881 3346 3950 ούρανῶν
3378 3879 3658 3949 βασιλείας

2071 3972 2412 4044 κληρονόμος
2449 3974 2733 4045 ἀνεδείχθη
2759 3991 2772 4004 ·
2817 3975 2960 4028 οῦτω
2999 3975 3260 4044 μυριάδες
3283 3973 3393 4025 τῶν
3427 3973 3659 4038 ἀθλοφό-

2075 4081 2183 4134 ρων
2207 4065 2302 4118 καὶ
2327 4065 2434 4118 τῶν
2455 4065 2550 4118 ἐπὶ
2577 4065 2824 4135 πολιτείᾳ
2852 4065 3064 4134 σεμνῶς
3096 4065 3488 4133 βιοτευσάντων
3513 4064 3659 4131 ὑπὲρ

2071 4150 2206 4204 Θεοῦ
2231 4152 2547 4222 ποιούμενοι
2569 4153 2696 4216 τοὺς
2716 4153 2908 4221 λόγους
2929 4151 3339 4223 ἐδοξάσθησαν.]
3369 4171 3386 4203 ι
3416 4153 3526 4205 Καὶ
3545 4152 3660 4220 γὰρ

2072 4241 2430 4307 ἀπειθοῦντας
2459 4242 2556 4297 τοῦ
2589 4244 3091 4312 κατασκηνῶσαι⁸⁸.
3125 4263 3143 4295 ι
3191 4243 3363 4296 Τοῦτο
3394 4242 3659 4309 σαφέστε-

2076 4349 2168 4402 ρον
2189 4334 2218 4384 6
2241 4332 2474 4396 Ἀκύλας
2503 4334 2838 4403 ἡρμήνευσε,
2865 4333 3067 4404 καίπερ
3097 4332 3343 4396 ἀπειθεῖς
3362 4331 3458 4386 τοῦ
3489 4348 3660 4385 tura-

392 4440 509 4478 rum
544 4423 824 4494 perﬁdiam
858 4441 872 4476 :
907 4438 1098 4476 verum
1129 4432 1183 4476 et
1215 4432 1578 4492 repugnantes
1606 4424 1816 4484 videns.
1850 4439 1968 4494 per-

2076 4421 2376 4492 σκηνῶσαι.
2415 4423 2529 4475 Ούκ
2557 4423 2892 4494 animo“,
2925 4425 3089 4493 φησιν
3111 4425 3178 4487 ⁸⁵,
3216 4425 3297 4485 είς
3327 4421 3426 4493 τὴν
3456 4423 3655 4492 προτέ-

389 4515 655 4570 sevcrasti
683 4530 780 4570 eos
817 4515 1099 4570 henetieiis
1144 4514 1375 4581 allicere,
1409 4515 1582 4568 donec
1630 4514 1777 4584 ipsos
1814 4528 1961 4570 tuam

390 4606 784 4662 habltationem
819 4606 1096 4662 redderes.

460 4791 483 4829 ιι
544 4787 704 4842 Rom.
747 4803 800 4852 χ,
849 4788 934 4842 12.

1019 4786 1036 4824 ί
1082 4786 1283 4856 Ephes.
1333 4803 1404 4853 ιν,
1439 4787 1494 4850 9,
1534 4785 1617 4838 10.
1697 4786 1710 4837 i
1750 4787 1878 4841 ibid.
1910 4787 1993 4840 11.

2081 4531 2180 4586 ραν
2215 4514 2396 4568 αὐτῶν
2423 4515 2738 4569 ἀπείθειαν’
2783 4515 2922 4570 ἀλλά
2957 4517 3054 4570 καὶ⁷
3082 4516 3461 4584 ἀντιλέγοντας
3488 4513 3656 4586 δρῶν,

2074 4605 2371 4676 ἔπέμεινας
2399 4605 2723 4679 εὐεργετῶν,
2762 4607 2864 4670 ἓως
2896 4607 3093 4670 αὐτοὺς
3118 4607 3433 4676 οἰκητήριον
3456 4605 3659 4657 οἰκεῖον

2075 4697 2380 4770 ἀπέφηνας.
2407 4739 2424 4756 .

1531 4875 1765 4931 VARUE
1809 4874 2194 4932 LECTIONES
2231 4875 2318 4930 ET
2350 4873 2583 4930 NOTAE.

465 4974 510 5004 ³⁸
577 4972 877 5028 Ἰουδαῖοι.
915 4974 1036 5027 cod.
1100 4972 1119 5023 1
1164 4972 1289 5024 add.
1353 4973 1448 5026 καὶ
1478 4971 1768 5041 αἱρετικῶν
1805 4973 1968 5025 παῖδει

2087 4973 2132 5005 ⁸⁸
2157 4972 2356 5036 Οὕτως
2385 5001 2451 5011 -—
2479 4969 2672 5034 τέλος.
2711 4969 2877 5041 eod.t
2908 4965 3068 5041 habet
3103 4974 3320 5041 tantum
3352 4979 3522 5041 pauca
3550 4963 3654 5041 ista

387 5046 546 5096 τοῦτο
568 5045 676 5112 γὰρ
707 5043 768 5095 τὸ
808 5045 887 5104 εἰς
925 5043 1082 5104 τέλος
1123 5041 1293 5112 δηλοῖ.
1357 5045 1415 5112 ﬂ"
1487 5036 1786 5111 Μινριοπλ.
1825 5048 1946 5111 χιλ.

2070 5045 2185 5110 ἳην.
2222 5041 2538 5112 Ilehradnm
2570 5039 2856 5112 mgriades,
2900 5036 3413 5112 nti/liqﬂerqtiouis,
3449 5051 3494 5090 s.
3516 5037 3654 5087 mul-

388 5126 440 5166 ta
469 5111 660 5166 millia.
738 5113 783 5144 ³⁸
820 5114 902 5166 Οὐ
957 5115 1067 5180 γὰρ
1094 5129 1147 5162 κ.
1177 5111 1229 5164 τ.
1259 5113 1310 5163 λ.
1354 5111 1618 5168 Pauciora
1653 5116 1814 5167 habet
1867 5113 2030 5166 Cord.

1519 5185 1564 5214 ⁸⁰
1593 5185 1716 5237 cod.
1753 5187 1772 5237 1
1810 5186 1968 5236 ὲκείνι

2078 5176 2150 5212 ’⁸¹
2214 5182 2413 5236 Καὶι-
2449 5180 2833 5250 ἀξιουμένας.
2878 5177 2952 5250 In,
2982 5179 3104 5231 cod.
3140 5176 3317 5250 {et}
3344 5191 3498 5250 sequ.
3534 5185 3657 5250 ppst

390 5185 674 5237 lectionem
716 5184 880 5236 etiam
919 5180 1115 5236 Caral‘a
1148 5183 1440 5250 expressit.

2078 5103 2128 5182 p.
2177 5113 2303 5168 557.
2397 5111 2440 5143 "
2480 5103 2698 5182 ‘Enoir.
2742 5108 2927 5182 cod._l
2975 5106 3090 5182 et?
3131 5103 3429 5182 ένῲκησεν,
3487 5121 3651 5174 quam

391 5255 476 5306 illa
505 5254 599 5304 καὶ
619 5283 689 5292 -
716 5252 1104 5320 ὲπειγόμενας.
1142 5239 1402 5304 Ειιῖῖὶιὶυιιι
1437 5253 1726 5308 verborum
1768 5255 1968 5306 ordinm

2070 5253 2219 5306 cuuit
2257 5250 2474 5306 Carafa.
2509 5239 2519 5243 ⁷
2555 5251 2599 5282 ⁸³
2623 5239 3006 5318 ”Επιςρατ”ει’ς.
3067 5246 3193 5320 cod.
3226 5244 3290 5320 _2
3325 5239 3505 5320 ΔιιιΙὶΙῇ

389 5324 432 5354 ⁸³
463 5323 677 5387 Αὐτός.
701 5323 822 5376 cod.
853 5313 979 5375 add.
1035 5313 1492 5392 ὲνανθριιιπήσας,
1555 5340 1717 5389 quam
1783 5324 1968 5377 lectior

2070 5349 2072 5372 ι
2136 5324 2297 5376 etiam
2349 5321 2547 5392 Caral‘n
2611 5313 2849 5392 secutus
2883 5326 3029 5392 cst.__
3141 5317 3266 5392 cod;
3321 5314 3357 5365 2
3406 5313 3649 5392 τούτους.

389 5395 433 5424 ⁸³
464 5384 695 5457 Δείξτίς.
729 5393 854 5446 cod.
900 5393 919 5444 1
957 5393 1082 5445 add.
1121 5384 1308 5444 αὐτόν.
1353 5384 1432 5422 ’⁵⁸
1479 5384 1772 5448 Ἂιὲιόγτα.
1809 5393 1930 5448 eod.

2070 5393 2153 5445 [Μ.
2181 5393 2303 5445 ὅθεν
2332 5410 2399 5444 κα
2413 5391 2576 5453 ναϐἀς
2612 5391 2710 5443 οὐκ
2741 5389 2909 5457 ἀπῆν.
2987 5388 3029 5418 ⁵⁷
3064 5385 3427 5457 ιιάτᾲίῗασιις.
3458 5384 3577 5457 eod.
3614 5394 3650 5457 Δι

395 5463 514 5518 add.
563 5462 776 5533 panos
795 5461 852 5516 δὲ
887 5462 987 5532 τὴν
1014 5461 1445 5533 συγκατάϐασιν.
1509 5463 1705 5533 "cod.
1730 5465 1764 5517 2
1788 5462 2222 5533 αἰχμαλωτίσας.

2291 5464 2333 5494 δ’
2359 5461 2485 5514 Rev.
2521 5462 2679 5515 lectio
2708 5459 2814 5511 τῶν
2841 5453 2895 5510 Ο⁹
2927 5455 3327 5536 εει-ἀνθρώπῳ.
3347 5523 3364 5536 κ
3387 5454 3431 5483 ⁵⁰
3477 5453 3655 5535 ’ίιπιὶ-

389 5523 637 5596 οτολὸς.
680 5531 804 5588 cod.
857 5534 880 5586 1
924 5523 1051 5585 add.
1097 5523 1184 5585 δέ.
1264 5533 1308 5562 δ’
1348 5532 1747 5597 Προσιόντων.
1781 5523 1952 5588 coll

2070 5533 2113 5585 J.
2147 5523 2284 5603 αύιῇ
2357 5534 2402 5563 ⁸¹
2440 5532 2672 5603 ῌίστιν.
2703 5531 2824 5581 eod.
2863 5531 2882 5580 1
2926 5527 3050 5580 add.
3087 5523 3197 5577 τῶν
3241 5523 3655 5592 ὁμολογούντων

392 5620 553 5671 αὑτὸν
582 5619 714 5672 Θεὸν
746 5619 810 5671 ὲκ
836 5617 994 5673 Θεοῦ.
1046 5617 1063 5636 ⁵
1097 5617 1142 5648 ⁸⁸
1181 5615 1222 5669 Ε
1253 5615 1379 5670 cod.
1422 5616 1474 5670 1.

1581 5618 1626 5650 ⁵⁸
1668 5619 1782 5672 Τοῦ
1827 5635 1968 5673 κατα

2071 5658 2082 5669 .
2143 5599 2307 5671 Hebr.
2340 5599 2521 5702 pm“).
2557 5615 2624 5668 ad
2664 5613 3036 5673 habitandum,
3065 5625 3112 5664 ε.
3147 5606 3445 5702 tit-habitet
3492 5607 3652 5702 (Deus

395 5704 448 5774 in
478 5703 628 5771 illis).
659 5701 790 5774 Quze
817 5711 1124 5774 sequuntur
1149 5683 1330 5761 cenbis
1361 5708 1420 5758 nt
1452 5701 1632 5757 minus
1665 5714 1810 5756 recte
1844 5703 1897 5755 in
1928 5711 2073 5757 textu
2101 5701 2290 5756 Graeco
2323 5683 2384 5756 ςιίΙ
2418 5715 2573 5770 sequ.
2604 5713 2747 5754 vers.
2781 5697 2946 5752 relata
2985 5702 3134 5750 sunt.
3213 5692 3257 5723 ⁸⁵
3282 5691 3498 5756 Φησίν·
3529 5690 3652 5744 C04-

393 5772 433 5823 9.
463 5786 648 5841 praem.
675 5773 804 5843 γάρ.
