4102 6470
382 399 517 467 “(Il

1658 410 1740 469 IN
1775 411 1979 469 PSAL.
2024 412 2291 473 LXVIII.

3507 412 3643 479 lilii

452 518 520 588 β’.
555 538 574 570 ι
594 518 777 572 Σῶσόν
810 536 900 589 με,
930 520 959 571 ὁ
991 518 1146 583 Θεὺς,
1182 519 1265 571 ὅτι
1301 519 1624 589 εἰσήλοοσαν
1656 519 1828 573 ὕδατα
1859 520 1960 582 ἕως

2140 521 2306 577 \‘Ens.
2335 524 2388 577 2.
2429 542 2447 574 ι
2475 523 2697 578 Salvum
2738 538 2823 578 mc
2855 523 2958 587 fac,
3001 522 3162 585 Deus,
3189 521 3451 591 quoniam
3472 522 3644 576 intra-

375 610 559 681 ψυχῆς
595 628 719 680 μου.
763 634 783 663 ι
830 612 898 663 'll
922 611 1032 664 τῶν
1058 612 1765 681 εὐσεϐεστέρωνῗσυμμορία
1790 630 1959 681 προσ-

379 702 538 771 φέρει
562 700 662 771 τὴν
687 701 924 755 ἱκετείαν
948 702 1242 754 ⁹⁰.“’Υδατα
1265 703 1320 755 δὲ
1344 702 1502 754 καλεῖ
1527 700 1635 754 τῶν
1662 702 1961 771 συμφορῶν

376 792 443 848 τὸ
482 792 709 862 πλῆθος.
741 793 1034 860 Πάντοθεν,
1068 792 1221 863 φησὶ,
1258 795 1371 856 τοῖς
1405 794 1652 863 ἀνιαροῖς
1698 793 1959 864 περικλύ-

378 884 544 954 ζομαι
568 884 636 936 ⁸³.

450 1057 522 1125 γ’.
566 1074 584 1107 ι
636 1055 944 1125 Ἐνεπάγην
1002 1058 1083 1119 εἰς
1134 1054 1246 1109 ἰλὺν
1276 1054 1473 1125 βυθοῦ,
1528 1057 1624 1109 καὶ
1672 1056 1773 1109 οὑκ
1812 1056 1960 1108 ἔστιν

379 1150 681 1211 ὑπόστασις
704 1150 771 1202 ⁸³.
827 1166 847 1200 ι
905 1149 962 1202 Ὀ
1006 1147 1064 1200 δὲ
1084 1147 1130 1178 ⁸³
1186 1146 1518 1218 Σύμμαχος-ο
1560 1148 1962 1214 Ἐϐαπτίσθην

378 1243 470 1307 εὶς
505 1239 882 1308 ἀπεράντους
933 1237 1296 1305 καταδύσεις
1321 1277 1336 1302 ,
1375 1238 1473 1291 καὶ
1510 1240 1621 1292 οὐκ
1654 1238 1785 1292 ἔστι
1818 1242 1961 1292 στά-

379 1350 514 1398 σις·
566 1334 632 1385 ἐκ
690 1333 1006 1402 μεταφορᾶς
1050 1331 1159 1384 τῶν
1191 1334 1271 1394 εἰς
1298 1331 1390 1384 τὸν
1420 1332 1517 1402 τῆς
1549 1331 1825 1402 θαλάσσης
1862 1333 1961 1401 ἐμ-

378 1423 691 1477 πιπτόντων
736 1424 918 1494 βυθὸν,
952 1424 1044 1476 καὶ
1086 1423 1434 1476 ὲπιπλεῖστον
1465 1424 1956 1493 καταφερομένων,

380 1518 476 1571 καὶ
532 1516 691 1588 μόγις
726 1517 827 1586 τῆς
866 1516 1029 1587 ἕδρας
1078 1517 1507 1587 ὲφικνουμένων.
1566 1516 1727 1587 Δηλοῖ
1760 1517 1818 1569 δὲ
1871 1517 1959 1570 διὰ

376 1608 585 1663 τούτων
630 1609 693 1661 τὸ
725 1608 953 1678 μέγεθος
985 1609 1093 1662 τῶν
1140 1610 1568 1681 συμϐεϐηκότων
1613 1611 1725 1672 τοῖς
1758 1608 1959 1679 ἀνδρα-

377 1701 755 1755 ποδισθείσι⁹δ
814 1701 1025 1755 κακῶν.
1091 1720 1110 1753 ι
1164 1697 1372 1754 τΗλθον
1426 1704 1505 1764 είς
1553 1700 1624 1754 τὰ
1678 1700 1821 1770 βάθη
1861 1702 1959 1769 τῆς

376 1793 695 1860 θαλάσσης,
729 1793 824 1845 καὶ
855 1795 1112 1861 καταιγὶς
1146 1793 1504 1846 κατεπόντισε
1548 1811 1636 1864 με.
1683 1812 1701 1845 ι
1740 1793 1959 1846 Ποικίλ-

375 1882 463 1935 λει
489 1883 584 1936 τὸν
614 1882 776 1950 λόγον
818 1885 937 1946 ταῖς
969 1883 1250 1954 διαφόροις
1280 1883 1507 1949 εἰκόσιν,
1544 1884 1643 1955 οὐχ
1684 1884 1955 1955 εὑρίσκων

373 1975 536 2042 ἀξίαν
566 1975 753 2028 εἰκόνα
780 1974 889 2027 τῶν
916 1975 1259 2044 κατεχόντων
1290 1976 1532 2044 ἀνιαρῶν
1550 1976 1617 2029 9⁸.

445 2068 508 2122 δ’.
560 2087 577 2117 ι
638 2067 939 2120 Ἐκοπίατα
974 2066 1227 2137 κράζωνο
1278 2067 1644 2138 ὲὸραγχίασεν
1676 2065 1703 2117 ὁ
1744 2064 1957 2136 λάρυγξ

377 2177 504 2230 μου.
547 2178 565 2211 ι
609 2158 904 2228 Διηνεκῶς,
956 2159 1113 2228 φησὶ,
1150 2158 1519 2228 ποτνιώμενος
1566 2157 1695 2228 βοῶ,
1744 2158 1818 2220 ὼς
1864 2156 1958 2210 καὶ

374 2251 519 2306 αὑτά
548 2254 747 2321 καμεῖν
775 2251 821 2283 ⁸⁸
854 2251 922 2304 τὰ
954 2252 1165 2319 ὄργανα
1193 2251 1291 2319 τῆς
1324 2250 1531 2321 φωνῆς.
1577 2248 1862 2319 Κραυγὴν
1903 2248 1959 2300 δὲ

374 2345 477 2413 τὴν
507 2344 763 2398 ἐπίτασιν
790 2343 938 2412 λέγει
967 2344 1063 2414 τῆς
1097 2343 1239 2397 κατά
1267 2343 1507 2397 διάνοιαν
1538 2342 1851 2413 προσευχῆς
1890 2341 1956 2395 ³⁷.

380 2454 401 2488 ι
426 2436 701 2501 Ἐξέλιπον
717 2436 767 2489 οί
798 2435 1067 2507 ὀφθαλμοί
1099 2452 1223 2507 μου,
1251 2436 1358 2491 ἀπὸ
1391 2435 1485 2489 τοῦ
1500 2436 1740 2500 ἐλπίζειν
1772 2454 1839 2507 με
1869 2437 1962 2489 ἐπὶ

374 2528 469 2583 τὸν
501 2527 637 2583 Θεόν
671 2545 796 2598 μου.
832 2546 852 2581 ι
902 2529 997 2582 Ἐκ
1027 2530 1339 2599 μεταφορᾶς
1366 2528 1422 2581 δὲ
1448 2528 1580 2581 αὐτὸ
1613 2528 1827 2581 τέθεικε
1855 2527 1961 2582 τῶν

380 2620 587 2693 συνήθη
619 2622 740 2677 τινὰ
775 2622 871 2674 καὶ
916 2620 1195 2692 γνώριμον
1230 2620 1289 2686 ἐξ
1320 2620 1633 2690 ἀποδημίας
1668 2620 1961 2673 ἐπανιόντα

382 2713 822 2783 προσμενόντων,
855 2714 950 2766 καὶ
980 2712 1082 2775 τὰς
1102 2712 1258 2775 ὀδοὺς
1288 2709 1794 2781 περισκοπούντων.
1831 2710 1960 2762 Ἀπ-

385 2805 612 2875 ἐκαμον,
647 2805 832 2876 φησιν,
866 2804 1158 2873 ἀναμένων
1190 2803 1288 2873 τὴν
1317 2804 1418 2874 σὴν
1447 2803 1722 2873 βοήθειαν.
1754 2799 1888 2856 Εἶτα
1926 2802 1961 2856 ἃ

386 2895 662 2967 τροπικῶς
687 2895 799 2950 ἄνω
831 2895 1070 2960 τέθεικε,
1105 2893 1350 2947 διδάσκει
1380 2892 1735 2962 σαφέστερον.

455 2984 517 3040 ε’.
564 3005 584 3040 ι
642 2985 1094 3056 Ἐπληθύνθησαν
1132 2986 1272 3056 ὑπὲρ
1312 2987 1408 3049 τὰς
1443 2986 1636 3055 τρίχας
1669 2985 1766 3055 τῆς
1798 3002 1965 3053 κεφα-

379 3076 479 3147 λῆς
509 3095 614 3147 μου
656 3078 707 3131 οί
760 3077 1051 3148 μισοῦντές
1082 3093 1148 3146 με
1204 3076 1431 3148 δωρεάν.
1479 3075 1962 3146 Ἐκραταιώθησαν

2064 625 2265 668 verunt
2294 630 2449 683 aqua:
2495 630 2669 685 usque
2701 614 2765 666 ad
2820 613 3061 667 animam
3104 628 3301 667 meam.
3342 632 3359 664 ι
3422 612 3494 667 Ea
3542 612 3642 667 Ju-

2062 706 2306 761 dzeorum
2373 706 2651 770 societas,
2719 721 2840 774 quae
2919 706 3007 774 pia
3086 705 3256 772 magis
3313 713 3478 767 erat,
3542 707 3643 758 luas

2061 814 2251 867 preces
2281 798 2458 852 olfert.
2497 799 2674 867 Aquas
2711 814 2839 852 vero
2876 806 3035 852 vocat
3072 797 3451 851 calamitatum
3494 797 3641 849 mul-

2061 888 2372 945 titudinem.
2406 886 2677 957 Undique,
2719 888 2816 954 ait,
2860 902 2948 942 res
2983 888 3225 941 molestae
3275 890 3642 939 circumstant

2065 996 2172 1034 IllC.

2139 1070 2303 1125 Vens.
2344 1070 2398 1124 5.
2431 1089 2448 1121 ι
2487 1069 2683 1123 lnﬁxus
2724 1086 2842 1124 sum
2869 1071 2922 1123 in
2959 1071 3089 1123 limo
3121 1066 3400 1137 profundi,
3439 1077 3492 1121 et
3527 1081 3639 1120 non

2061 1173 2145 1218 est
2196 1164 2524 1218 substantia.
2558 1182 2576 1215 ι
2619 1162 2977 1233 Symmachus
3035 1164 3114 1215 sic
3159 1163 3364 1214 vertit:
3419 1157 3640 1212 Inmter-

2061 1271 2150 1309 sus
2183 1271 2298 1307 sum
2327 1255 2383 1308 in
2421 1255 2657 1322 inﬁnitas
2701 1255 2992 1322 voragines,
3054 1261 3102 1305 et
3138 1268 3244 1304 non
3295 1259 3370 1304 est
3415 1259 3636 1313 status;

2062 1349 2380 1416 metaphora
2410 1347 2569 1400 ducta
2607 1347 2674 1400 ab
2700 1347 2826 1409 illis,
2857 1346 2948 1413 qui
2981 1346 3030 1397 in
3068 1343 3277 1411 1077
3310 1342 3636 1410 profundum

2063 1455 2212 1491 mare
2241 1437 2573 1502 inciderunt,
2603 1448 2658 1490 ct
2692 1437 2949 1489 deorsum
2984 1434 3077 1486 diu
3127 1433 3401 1492 feruntur,
3445 1440 3497 1485 ct
3546 1430 3636 1483 vix

2062 1530 2293 1583 fundum
2314 1529 2582 1598 attingere
2608 1536 2856 1597 possunt.
2902 1525 3150 1579 Declarat
3179 1532 3359 1576 autem
3393 1538 3487 1590 per
3520 1522 3640 1573 lucc

2062 1621 2330 1673 tnalormn
2386 1619 2992 1688 magnitudinem,qu:e
3044 1616 3099 1669 in
3147 1613 3516 1682 captivitatem
3545 1613 3637 1665 ab-

2060 1710 2239 1765 ductis
2278 1710 2620 1764 acciderunt.
2675 1730 2692 1761 ι
2732 1708 2863 1763 Veni
2901 1709 2955 1762 in
2988 1706 3334 1760 altitudinem
3368 1703 3557 1767 maris,
3587 1710 3642 1755 et

2061 1812 2354 1872 tempestas
2384 1802 2647 1857 demersit
2679 1816 2785 1855 me.
2824 1819 2842 1852 ι
2876 1797 3059 1853 Variis
3088 1797 3277 1869 figuris
3332 1793 3638 1848 orationem

2059 1906 2308 1962 exornat,
2363 1910 2469 1949 non
2530 1895 2820 1949 inveniens
2877 1892 3101 1961 dignam
3172 1886 3638 1957 comparationem

2058 1990 2348 2051 malorum,
2390 2004 2418 2041 a
2446 1988 2645 2057 quibus
2674 1986 3041 2040 detinebnlur.

2129 2082 2144 2099 ‘
2177 2077 2341 2133 Vens.
2366 2079 2420 2132 4.
2462 2098 2480 2130 ι
2517 2077 2783 2131 Laborari
2815 2076 3081 2137 clamans,
3112 2085 3295 2128 rauca:
3324 2068 3480 2123 facte
3511 2071 3642 2120 sunt

2060 2170 2246 2225 fauces
2272 2185 2424 2224 meae.
2467 2189 2487 2222 ι
2533 2167 2793 2237 Semper,
2828 2166 3039 2236 inquit,
3073 2163 3390 2233 supplicans
3423 2159 3638 2218 clamo,

2063 2271 2122 2317 ut
2166 2270 2222 2317 et
2269 2262 2387 2331 ipsa
2436 2261 2803 2339 instrumenta
2841 2258 2993 2313 vocis
3030 2256 3300 2310 laborent.
3335 2250 3641 2317 Clamorem

2062 2370 2189 2410 vero
2246 2354 2605 2408 intentionem
2672 2337 2873 2405 mentis
2931 2349 2984 2403 in
3050 2343 3432 2402 obsecratione
3483 2337 3639 2393 dicit.

2067 2466 2086 2500 ι
2112 2446 2437 2502 Defecernnt
2458 2445 2601 2499 oculi
2625 2444 2750 2508 mei,
2776 2444 2906 2497 dum
2928 2454 3087 2511 spero
3111 2440 3166 2493 in
3187 2436 3358 2490 Deum
3385 2445 3587 2487 meum.
3614 2445 3636 2481 ι

2062 2539 2176 2595 Hoc
2202 2539 2339 2594 dixit
2362 2553 2428 2593 ex
2454 2536 2810 2592 translatione
2831 2549 3020 2590 eorum
3076 2530 3169 2601 qui
3195 2529 3429 2596 aliquem
3455 2534 3643 2578 neces-

2062 2631 2267 2687 sarium
2299 2639 2356 2685 et
2386 2638 2574 2683 notum
2603 2640 2830 2698 peregre
2861 2625 3180 2679 redeuntem
3214 2623 3558 2688 exspectant,
3588 2620 3643 2667 et

2061 2725 2179 2779 vias
2209 2720 2681 2791 circumspiciunt.
2733 2717 2992 2773 Defessus
3022 2729 3144 2770 sum
3172 2752 3187 2776 ,
3236 2709 3442 2780 inquit,
3489 2715 3639 2760 tuam

2062 2830 2218 2887 opem
2246 2822 2591 2883 exspectans.
2621 2812 2826 2866 Deinde
2853 2824 2975 2879 qua:
3003 2806 3254 2878 superius
3284 2803 3514 2875 figurate
3539 2812 3641 2870 po-

2063 2909 2195 2973 suit,
2232 2904 2580 2961 manifestius
2609 2903 2788 2958 docet.

2135 2999 2299 3055 Vsns.
2326 3000 2379 3054 5.
2418 3016 2437 3049 ι
2464 2996 2803 3067 Multiplicali
2836 3003 2963 3050 sunt
2997 3007 3161 3061 super
3189 2990 3416 3059 capillos
3445 2984 3644 3054 Capitis

2063 3093 2169 3148 mei
2197 3092 2286 3162 qui
2319 3092 2552 3145 oderunt
2580 3104 2665 3143 me
2693 3088 2884 3159 gratis.
2921 3083 3183 3140 Roborati
3213 3091 3362 3143 sunt,
3393 3077 3485 3148 qui
3516 3091 3642 3147 per-

376 3170 428 3224 οί
459 3169 643 3242 ἐχθροί
674 3188 799 3241 μου,
827 3170 878 3223 oi
906 3168 1261 3233 ὲκδιώκοντές
1295 3188 1363 3241 με
1393 3168 1614 3232 ἀδίκως.
1652 3188 1670 3221 ι
1715 3168 1880 3222 ’Λλλά
1912 3169 1959 3200 ⁸⁸

2064 3184 2237 3241 secuti
2268 3192 2398 3237 sunt
2420 3196 2508 3236 me
2540 3179 2750 3233 inimici
2786 3178 2891 3232 mei
2920 3175 3149 3244 injuste.
3179 3192 3198 3225 ι
3235 3173 3500 3227 Caeterum
3524 3175 3643 3222 stu-

381 3262 573 3334 μηδεὶς
609 3262 873 3315 ὑπολάῦοι
904 3261 1015 3315 τῶν
1059 3261 1563 3332 φιλομαθεστέρων,
1609 3260 1863 3330 εἰρῆσθαι
1896 3261 1961 3312 ὲκ

379 3353 678 3424 προσώπου
704 3352 798 3406 τοῦ
845 3353 982 3407 Θεοῦ
1034 3356 1130 3408 καὶ
1161 3354 1416 3425 Σωτῆρος
1443 3353 1635 3407 ταῦτα.
1685 3352 1821 3405 Οὐδὲ
1850 3351 1962 3422 γὰρ

377 3448 615 3517 εἴρηται,
646 3448 748 3500 οὐκ
782 3448 1019 3516 εἴρηται,
1054 3448 1105 3499 εί
1137 3448 1211 3518 μὴ
1251 3450 1317 3501 ὲκ
1362 3445 1681 3518 προσώπου,
1715 3446 1791 3508 ὡς
1822 3446 1963 3498 ἀνω-

377 3536 524 3606 τέρω
572 3538 706 3606 ἡμῖν
753 3536 1121 3607 ἐσχεδίασται,
1154 3537 1265 3590 τῶν
1314 3535 1848 3607 ἀνδραποδισθέντων
1898 3536 1964 3588 ὲκ

376 3631 479 3698 τῆς
519 3630 881 3701 Ἰερουσαλὴμ
925 3631 1020 3684 ἐπὶ
1060 3630 1161 3700 τὴν
1211 3629 1529 3683 Βαϐυλῶνα.
1580 3631 1744 3697 Λέγει
1782 3630 1837 3683 δὲ
1879 3631 1963 3684 ὅτι

379 3723 491 3777 Καὶ
535 3722 772 3794 ἀριθμὸν
816 3722 1045 3776 νικῶσιν
1073 3723 1125 3775 οἱ
1168 3724 1479 3792 δυσμενεῖς,
1527 3723 1622 3776 καὶ
1674 3722 1964 3793 δυναστείᾳ

378 3815 743 3884 περίκεινται,
766 3815 863 3868 καὶ
890 3814 1291 3885 ἀπεχθάνονται
1322 3814 1459 3884 πρός
1494 3830 1584 3883 με,
1621 3813 1802 3866 αἰτίαν
1827 3811 1961 3881 ἐμοῦ

382 3905 476 3960 τοῦ
513 3906 705 3975 μίσους
752 3906 814 3958 οὐ
863 3904 1176 3968 δεδωκότος.
1232 3923 1251 3955 ι
1306 3905 1377 3957 Ἀ
1420 3904 1464 3936 θ’
1498 3904 1594 3972 οὐχ
1625 3903 1873 3972 ἥρπαζον
1918 3904 1959 3965 ⁸,

378 3995 505 4050 τότε
535 3995 881 4049 ἀπετίννυον.
940 4013 960 4047 ι
1016 3989 1115 4047 Ὧν
1151 3995 1251 4048 οὐκ
1297 3994 1555 4064 ἠδίκησα,
1595 3993 1755 4055 δίκας
1794 3995 1814 4024 ³
1847 3994 1959 4045 εἰσ-

380 4087 719 4157 πράττομαι.
768 4087 844 4141 Οὐ
876 4086 897 4118 ³
926 4086 1036 4157 γὰρ
1064 4086 1138 4149 ὡς
1168 4084 1374 4157 ἅρπαξ,
1406 4085 1439 4155 ἦ
1472 4084 1765 4154 ἀδικήσας,
1797 4082 1964 4153 φησὶν

379 4178 411 4232 ὁ
444 4177 591 4242 λαὸς,
628 4178 801 4231 ταῦτα
828 4177 1329 4248 ὲξηνδραπόδισμαι
1362 4176 1494 4247 παρ’
1526 4174 1732 4230 αὐτῶν.

455 4269 532 4336 ς’.
581 4289 599 4321 ι
637 4270 695 4323 '0
725 4269 879 4332 Θεὸς,
917 4270 980 4322 σὺ
1016 4271 1189 4337 ἔγνως
1222 4270 1322 4340 τὴν
1348 4267 1663 4342 ἀφροσύνην
1695 4286 1796 4339 μου
1818 4285 1830 4297 ·
1868 4271 1963 4324 καὶ

378 4362 441 4417 al
470 4361 844 4433 πλημμέλειαί
880 4380 982 4434 μου
1028 4361 1137 4417 ἀπὸ
1186 4362 1279 4417 cui}
1324 4362 1424 4416 οὐκ
1466 4363 1878 4435 ἀπεκρύϐησαν.
1937 4381 1957 4417 ι

383 4455 593 4518 Πάντα,
626 4455 894 4522 Δέσποτα,
930 4456 996 4508 σὺ
1028 4453 1339 4522 γινώσκεις,
1371 4455 1468 4509 καὶ
1502 4454 1692 4525 λέληθέ
1715 4473 1776 4508 σε
1817 4472 1962 4524 γινο-

2065 3279 2252 3334 diosus
2279 3289 2440 3330 nemo
2465 3272 2761 3336 existimet,
2791 3270 2937 3324 dicta
2970 3269 3074 3322 ista
3107 3265 3278 3321 fuisse
3310 3278 3375 3318 ex
3409 3271 3643 3330 persona

2070 3367 2162 3423 Dei
2191 3378 2246 3422 et
2286 3362 2607 3420 Salvatoris.
2635 3360 2754 3415 Non
2790 3359 2935 3414 enim
2972 3358 3112 3413 dicta
3139 3364 3302 3418 sunt,
3335 3361 3394 3406 ut
3422 3367 3452 3404 a
3484 3345 3644 3402 nobis

2064 3458 2319 3530 superius
2341 3455 2641 3510 indicatum
2670 3461 2772 3517 est,
2804 3451 2913 3505 nisi
2944 3464 3011 3504 ex
3063 3455 3295 3518 persona
3323 3455 3511 3498 eorum
3552 3436 3647 3508 qui

2064 3573 2128 3612 ex
2160 3553 2537 3624 Hierosolyma
2584 3549 2788 3619 captivi
2827 3547 2975 3603 ducti
3018 3544 3236 3600 fuerant
3293 3538 3644 3610 Babylonem.

2064 3647 2157 3701 Ait
2200 3652 2383 3699 autem
2412 3683 2427 3709 ,
2466 3640 2531 3695 Et
2565 3654 2852 3693 numerum
2892 3644 3152 3705 superant
3183 3634 3403 3695 hostes,
3441 3637 3494 3682 et
3528 3639 3648 3679 ma-

2065 3752 2223 3807 gnam
2257 3734 2459 3788 habent
2491 3729 2812 3801 potentiam,
2846 3736 2901 3782 et
2933 3727 3061 3781 odio
3100 3740 3187 3778 me
3217 3725 3646 3793 prosequuntur,

2065 3824 2183 3877 licet
2226 3821 2338 3876 odii
2382 3834 2604 3875 causam
2658 3818 2793 3887 ipsis
2840 3831 2950 3870 non
2988 3814 3251 3869 dederim.
3308 3829 3326 3862 ι
3359 3810 3491 3874 Quae
3537 3819 3647 3859 non

2064 3913 2241 3983 rapui,
2279 3920 2409 3965 tunc
2435 3909 2804 3964 exsolvebam.
2837 3926 2857 3960 ι
2893 3905 3095 3961 Earum
3128 3902 3477 3970 iniuriarum,
3507 3912 3649 3968 quas

2067 4018 2176 4058 non
2209 4002 2366 4057 intuli
2391 4040 2407 4065 ,
2442 4000 2645 4069 injuste
2684 4013 2880 4068 pinnas
2906 3998 3020 4051 luo.
3050 3994 3173 4051 Non
3206 3994 3354 4049 enim
3390 4005 3527 4063 ego,
3572 3989 3649 4043 ait

2064 4095 2317 4167 populus,
2358 4102 2420 4148 ut
2446 4109 2633 4162 rapax,
2671 4102 2768 4147 aut
2805 4090 3025 4160 1078
3060 4086 3210 4157 prior
3237 4085 3387 4155 ipsos
3424 4082 3646 4148 laedens,

2064 4186 2132 4240 ab
2161 4185 2268 4239 illis
2299 4184 2352 4237 in
2388 4183 2707 4238 servitutem
2744 4181 3001 4235 redactus
3031 4193 3176 4233 sum.

2137 4274 2302 4331 Vens.
2335 4274 2388 4329 6.
2432 4293 2450 4326 ι
2486 4274 2652 4337 Deus,
2700 4280 2759 4328 tu
2806 4272 2916 4327 scis
2953 4266 3320 4339 insipientiam
3341 4276 3549 4323 meam,
3595 4267 3650 4313 ct

2066 4368 2262 4425 delicta
2297 4382 2416 4421 mea
2445 4382 2475 4421 a
2504 4377 2556 4421 te
2585 4379 2696 4419 non
2725 4372 2858 4419 sunt
2887 4358 3233 4417 abscondita.
3267 4375 3285 4409 ι
3338 4352 3535 4410 Omnia
3559 4390 3575 4414 ,
3616 4366 3653 4404 υ

2068 4459 2329 4523 Domine,
2367 4467 2423 4513 tu
2452 4454 2743 4526 cognoscis
2764 4493 2779 4521 ,
2811 4462 2867 4509 et
2895 4452 3033 4508 nihil
3064 4464 3254 4506 eorum
3278 4487 3294 4514 ,
3326 4459 3449 4517 quin
3477 4443 3649 4505 ῦυιιῑν

387 4546 567 4616 μένων
590 4546 613 4578 ⁸
634 4545 808 4601 οὐδέν.
839 4542 1002 4609 Οἶδας
1026 4544 1343 4616 τοιγαροῦν,
1375 4546 1449 4610 ὼς
1486 4548 1566 4611 εἰς
1591 4547 1833 4611 ἐκείνους
1860 4548 1960 4617 μὲν

2067 4562 2119 4608 te
2167 4552 2318 4607 latet.
2361 4550 2483 4605 Scis
2511 4550 2710 4621 igitur,
2762 4563 2848 4603 me
2891 4548 2945 4601 in
2978 4545 3099 4601 illos
3127 4541 3263 4598 nihil
3288 4535 3651 4599 commisisse,

342 4646 361 4665 κ
383 4638 539 4692 οὐδὲν
571 4640 592 4671 ⁸
616 4638 1017 4710 ἐπλημμέλησα
1036 4655 1051 4670 ο
1086 4639 1215 4701 τοὺς
1238 4638 1296 4691 δὲ
1327 4639 1453 4701 σοὺς
1488 4639 1851 4711 παραϐέϐηκα
1874 4640 1963 4695 νό-

387 4745 542 4796 μους.
578 4728 764 4799 Τούτῳ
789 4727 932 4782 ἔοικε
958 4727 1019 4781 τὸ
1051 4728 1094 4794 ⁸,
1130 4746 1149 4779 ι
1189 4728 1280 4781 Σοὶ
1317 4728 1462 4798 μόνῳ
1491 4728 1758 4800 ἥμαρτον,
1785 4732 1964 4785 καὶτὸ

385 4821 621 4890 πονηρὸν
649 4819 881 4873 ἐνώπιόν
914 4837 1005 4873 σου
1042 4819 1297 4889 ἐποίησα.
1347 4837 1366 4871 ι

456 4914 523 4979 ζ’,
570 4932 589 4964 ι
634 4912 729 4982 Μὴ
759 4910 1181 4982 αἰσχυνθείησαν
1214 4909 1302 4962 ἐπ’
1345 4909 1449 4980 ἐμὲ
1492 4912 1540 4964 al
1595 4911 1967 4983 ὑπομένοντες

388 5022 472 5073 σε,
496 5004 692 5074 Κύριε,
723 5003 899 5075 Κύριε
921 5003 1029 5057 τῶν
1055 5002 1359 5070 δυνάμεων.
1384 5002 1536 5070 Μηδὲ
1566 5004 1968 5074 ἐντραπείησαν

386 5098 477 5151 ἐπ’
506 5096 608 5165 ἐμὲ
637 5096 685 5149 οἱ
730 5093 1022 5165 ζητοῦντές
1056 5110 1137 5161 σε,
1172 5093 1201 5145 ὀ
1233 5091 1367 5156 Θεὸς
1396 5091 1491 5146 τοῦ
1531 5094 1773 5164 Ἰσραήλ.
1813 5115 1832 5148 ι
1872 5096 1964 5167 Μὴ

460 5215 489 5257 7
524 5206 669 5264 Psal.
705 5225 769 5275 ι,
808 5211 861 5263 4.

2072 4655 2199 4700 tuas
2232 4654 2413 4699 autem
2445 4643 2591 4712 leges
2618 4656 2740 4696 esse
2775 4650 3198 4709 transgressum.
3221 4633 3337 4687 lloc
3368 4630 3447 4685 illi
3474 4627 3655 4684 simile

2069 4747 2155 4791 est
2197 4755 2209 4791 :
2254 4756 2273 4788 ι
2316 4734 2435 4789 Tibi
2478 4734 2580 4791 soli
2622 4734 2841 4803 peccavi
2868 4768 2884 4795 ,
2922 4740 2978 4785 et
3015 4729 3220 4784 malum
3257 4738 3447 4781 coram
3484 4729 3539 4777 te
3575 4718 3654 4775 fe-

2072 4829 2198 4883 cii.
2248 4847 2267 4880 ι

2145 4919 2311 4976 Vens.
2353 4921 2403 4975 7.
2443 4938 2461 4971 ι
2490 4918 2608 4974 Non
2639 4919 2973 4973 erubescant
3001 4915 3055 4969 in
3087 4928 3175 4967 me
3203 4910 3298 4982 qui
3335 4913 3657 4978 exspectant

2076 5020 2149 5076 te,
2184 5010 2412 5067 Domine
2435 5049 2451 5074 ,
2477 5010 2707 5066 Domine
2741 5008 3028 5063 virtutum.
3081 5002 3201 5057 Non
3251 4996 3657 5057 confundantur

2074 5118 2241 5173 ευΡε(
2274 5118 2361 5158 mc
2393 5104 2485 5173 qui
2527 5110 2780 5174 quaerunt
2822 5111 2872 5157 te
2899 5141 2915 5166 ,
2951 5099 3093 5156 Deus
3128 5095 3320 5153 Israel.
3358 5112 3376 5145 ι
3427 5089 3505 5145 Nc
3550 5087 3655 5143 sim

1477 5366 1712 5423 VARUE
1753 5366 2136 5425 LECTIONES
2176 5367 2263 5423 ET
2296 5366 2532 5424 NOTIE.

461 5509 507 5541 ’°
556 5510 865 5564 'Ixerelar.
905 5510 1026 5565 cod.
1067 5511 1088 5564 1
1122 5509 1248 5563 add.
1290 5509 1518 5579 ταύτην.
1568 5511 1638 5579 7“
1677 5510 1960 5577 Περικλύζ

2064 5527 2124 5564 ιι.
2166 5509 2287 5565 cod.
2324 5509 2347 5563 1
2385 5508 2511 5579 add.
2543 5505 2705 5579 τοῦτο
2733 5503 2845 5574 γὰρ
2887 5501 2977 5579 διὰ
3022 5498 3130 5579 τῶν
3148 5495 3286 5579 ἑξῆς
3321 5492 3660 5579 σαφέστερον

390 5579 517 5649 ἔφη.
593 5579 638 5611 ⁹²
693 5564 1072 5644 Ὺπόστασις.
1121 5580 1285 5649 llebr.
1321 5564 1518 5644 maia,
1556 5578 1703 5649 locus
1740 5564 1808 5631 ἇά
1848 5564 1960 5633 coni

2064 5564 2283 5633 mduim.
2336 5578 2387 5649 ’f
2426 5578 2518 5649 Aé.
2563 5564 2966 5649 Abest'a:c0tl_.
3022 5570 3071 5622 1.
3148 5567 3195 5649 ’_‘
3229 5564 3660 5649 Evyb’efib-Vter}

390 5597 456 5647 εφ
503 5619 517 5634 .
595 5597 638 5611 ἰ
698 5597 732 5631 νι
750 5597 1072 5644 ποστασις.
1122 5597 1285 5633 uenr.
1321 5597 1518 5644 myn,
1556 5597 1703 5632 tocus
1740 5597 1807 5631 aa
1848 5597 1960 5633 com

388 5597 719 5723 άῄνὲραποδ.
750 5649 870 5723 Des.
899 5651 952 5703 in
985 5650 1103 5723 cod.
1134 5648 1189 5701 2.
1214 5722 1221 5723 ί
1247 5650 1313 5723 _"
1365 5648 1668 5723 Ἀ-νιαρῶις..
1703 5649 1822 5723 end.
1855 5649 1899 5723 ί
1919 5666 1960 5702 at

2064 5597 2263 5633 maum.
2338 5597 2385 5611 "
2426 5597 2518 5631 Δε.
2563 5597 2732 5630 ADCSI.
2778 5597 2806 5625 a
2845 5597 2966 5624 cuu.
3026 5597 3071 5622 ι.
3232 5597 3478 5633 ...υμνοιη
3538 5597 3652 5627 "In.

2064 5650 2161 5723 διὰ
2189 5650 2257 5723 δὴ
2285 5647 2615 5723 ταῦταΔβοᾷ,
2689 5644 2736 5676 οο
2774 5639 3015 5723 βαρεῖζ,
3072 5629 3653 5723 εριίέἓΔκρξιυῙςςεξῖΣ

391 5702 436 5753 ⁸⁷
476 5702 600 5773 ceti.
637 5721 660 5773 1
712 5702 905 5788 εὐχῆς.
940 5702 949 5703 7
983 5720 1030 5751 ⁸⁸
1081 5720 1267 5773 Ἀλλὰ
1298 5702 1377 5761 -ν
1408 5702 1569 5786 λέγει
1607 5718 1676 5771 δὲ
1708 5717 1816 5770 ὅτι.
1868 5718 1960 5773 Des

2064 5722 2114 5771 in
2146 5702 2268 5773 cod'.
2321 5718 2375 5771 2.
2452 5702 2507 5750 ’θ’
2536 5702 2631 5769 Ἃ.
2696 5717 2817 5767 θυιΙ.
2859 5702 2898 5763 2
2951 5702 3065 5788 (EDA,
3127 5704 3143 5734 ⁸
3188 5702 3341 5788 nec:
3373 5702 3534 5785 lecti’o
3573 5705 3659 5753 est

390 5789 638 5857 ἥρπασα.
715 5790 736 5821 ³
777 5774 900 5841 é‘o’d.
933 5789 967 5842 2
996 5789 1217 5849 ἀδίκως.
1296 5790 1317 5821 ³
1360 5792 1441 5841 Οὐ
1474 5774 1541 5828 έ-
1566 5788 1770 5841 ταῦτα.
1804 5788 1924 5839 rod.
1948 5790 1981 5840 2
2006 5790 2104 5841 οὐκ
2130 5789 2301 5855 ἄρξας
2326 5788 2435 5857 γὰρ
2463 5787 2563 5857 τῆς
2581 5786 2663 5847 είς
2696 5783 2888 5842 αὐτοὺς
2920 5776 3152 5838 ἀδικίας.
3232 5774 3253 5804 ⁸
3292 5774 3654 5840 Γινομένων.

392 5856 517 5913 (ἑυύ.
553 5860 578 5914 1
613 5868 665 5916 ct
697 5859 731 5912 ‘2
761 5874 945 5931 praem.
978 5859 1103 5913 τῶν.
1181 5860 1199 5890 ⁸
1241 5859 1360 5912 Cod.
1408 5859 1429 5910 1
1474 5858 1747 5927 οὐδαμῶς.
1832 5859 1849 5886 ⁸
1898 5860 1960 5913 Τό

2064 5860 2138 5913 )d.
2168 5859 2201 5910 2
2233 5872 2423 5927 praem.
2475 5856 2586 5908 καί.
