4102 6412
369 317 507 384 1409

367 544 525 589 σεως.
582 526 831 595 Ἔρημος
883 526 993 595 γὰρ
1040 526 1137 579 καὶ
1189 525 1379 593 γέγονε
1423 524 1518 576 καὶ
1561 523 1874 592 μεμένηκεν
1926 521 1959 589 ἡ

366 617 649 681 Βαϐυλὼν,
681 619 842 689 μέχρι
874 620 969 672 καὶ
1006 620 1252 689 τήμερον
1279 634 1293 647 ·
1326 616 1525 669 εἰδέναι
1554 616 1652 685 μέν
1680 633 1762 668 τοι
1793 630 1961 684 προσ-

365 712 515 782 ήκει,
575 712 651 774 ὡς
703 711 848 781 ἅπερ
918 711 1130 783 ⁴ᾔτησαν
1198 710 1448 763 Ἰουδαῖοι
1500 708 1879 771 Βαϐυλωνίους
1915 708 1961 739 δι

366 803 588 866 παθεῖν,
624 803 920 875 δυσσεϐείᾳ
968 804 1063 857 καὶ
1119 802 1359 873 πονηρίᾳ
1391 801 1515 854 κατ’
1542 800 1725 854 αὐτῶν
1755 817 1963 871 κεχρη-

369 897 570 966 μένους
600 897 670 960 ⁸⁹,
697 898 873 949 ταῦτα
908 895 1245 972 πεπόνθασιν
1277 894 1454 958 αὐτοὶ,
1493 892 1635 947 κατά
1663 891 1758 945 τοῦ
1802 893 1963 960 εὐερ·

366 988 534 1057 γέτου
570 988 669 1042 καὶ
696 988 741 1021 ⁶⁰
777 987 1033 1057 Σωτῆρος
1063 987 1453 1057 λυττήσαντες.
1496 984 1829 1038 Βαϐυλώνιοι
1865 986 1964 1053 μὲν

366 1079 480 1150 γὰρ
510 1078 700 1142 αὐτοῖς
733 1078 944 1149 πικράν
980 1078 1314 1148 εἰργάσαντο
1344 1076 1444 1146 τὴν
1490 1076 1732 1147 τροφήν·
1767 1075 1830 1127 οὐ
1855 1091 1964 1127 τοι-

369 1172 544 1240 αύτην
573 1172 760 1233 αὐτοῖς
792 1169 1086 1232 δεδωκότες
1129 1168 1341 1239 τροφήν
1366 1184 1381 1197 ο
1432 1167 1571 1221 ἀλλά
1615 1169 1682 1238 τῇ
1717 1167 1967 1236 ἑπιπόνῳ

370 1263 588 1335 δουλείᾳ
621 1262 721 1331 τὴν
754 1261 995 1333 ἔμφυτον
1025 1264 1126 1331 τῆς
1153 1261 1363 1331 τροφῆς
1394 1261 1589 1331 ἡδονὴν
1610 1260 1961 1329 ἀφελόμενοι.

385 1356 632 1409 Ἰουδαῖοι
659 1354 715 1407 δὲ
740 1355 841 1406 οὐκ
875 1352 1251 1420 ἀδικούμενοι,
1270 1350 1409 1404 ἀλλά
1430 1350 1778 1412 παντοδαπὰς
1812 1350 1967 1417 εὐερ-

372 1448 568 1516 γεσίας
615 1446 922 1517 δεχόμενοι,
960 1443 1111 1514 αὐτῷ
1153 1443 1233 1512 τῷ
1267 1444 1534 1515 εὐεργέτῃ
1581 1444 1967 1514 προσήνεγκαν

370 1541 474 1612 τὴν
526 1539 709 1610 χολὴν,
743 1540 838 1593 καὶ
888 1539 1023 1591 αὐτὸ
1066 1539 1128 1590 τὸ
1176 1537 1319 1602 ὅξος,
1362 1531 1532 1589 οἷόν⁶¹
1568 1553 1652 1596 τις
1703 1533 1968 1604 ἁμπελὼν

372 1630 688 1700 ἐπιζήμιος.
729 1624 805 1683 Οὐ
836 1628 900 1699 δὴ
928 1629 1090 1701 χάριν
1147 1630 1270 1690 ταῖς
1300 1628 1495 1689 αὐταῖς
1518 1628 1562 1658 θ’
1582 1625 1968 1695 ὑπεϐλήθησαν

372 1724 692 1795 τιμωρίαις,
738 1724 832 1777 καὶ
853 1706 1072 1790 ἐγένετο
1120 1724 1153 1793 ἡ
1188 1722 1440 1792 τράπεζα
1471 1724 1655 1777 αὐτῶν
1682 1725 1764 1786 εἰς
1800 1724 1966 1792 παγί-

370 1815 460 1882 δα,
499 1815 595 1869 καὶ
627 1816 706 1877 εἰς
743 1813 1132 1876 ἀνταπόδοσιν,
1166 1814 1259 1866 καὶ
1312 1815 1392 1877 εἰς
1428 1813 1748 1868 σκάνδαλον.
1817 1815 1966 1868 Ἀντὶ

373 1909 487 1979 γὰρ
509 1908 608 1979 τῆς
635 1908 912 1978 προτέρας
940 1906 1238 1977 εὐκληρίας
1274 1906 1523 1960 δουλείαν
1548 1907 1964 1976 κατεψηφίσθη-

376 2016 523 2053 σανο
585 2000 682 2052 καὶ
702 1999 747 2031 ⁸³
776 2000 825 2051 oi
880 1997 1159 2068 ὀφθαλμοὶ
1197 1998 1255 2052 δὲ
1312 1998 1494 2051 αὐτῶν
1545 1998 1962 2067 ὲσκοτίσϐησαν,

378 2089 510 2141 ἰδεῖν
532 2087 595 2141 τὸ
629 2086 886 2157 ἀληθινὸν
907 2088 1009 2142 οὐκ
1043 2086 1088 2120 ⁸⁵
1138 2087 1503 2157 ἀνασχόμενοι
1528 2089 1573 2121 ⁸⁸
1625 2088 1763 2155 φῶς,
1803 2091 1897 2141 καὶ
1939 2091 1968 2143 ὁ

375 2178 547 2238 νῶτος
578 2178 636 2231 δὲ
672 2178 857 2231 αὐτῶν
877 2178 1146 2249 διηνεκῶς
1166 2178 1211 2211 ⁶⁶
1232 2181 1300 2250 τῇ
1334 2178 1555 2251 δουλεία
1585 2181 1679 2232 καὶ
1705 2182 1769 2252 τῇ
1804 2181 1968 2252 πενία

378 2268 829 2337 συγκέκαμπται,
881 2267 974 2320 διὰ
1020 2268 1115 2320 τὸν
1180 2268 1389 2338 γαῦρον
1456 2268 1679 2338 αὐχένα,
1728 2269 1821 2322 καὶ
1878 2267 1969 2321 τὸν

379 2357 620 2429 σκληρὸν
676 2355 861 2408 αὐτῶν
890 2355 1201 2427 τράχηλον·
1243 2358 1339 2410 καὶ
1388 2359 1420 2428 ἡ
1458 2358 1687 2423 ἔπαυλις
1722 2358 1901 2412 αὐτῶν
1921 2360 1966 2391 ⁸⁷

377 2450 603 2518 ὲγένετο
652 2446 883 2517 ἔρημος,
939 2447 1108 2500 xci“
1157 2449 1217 2500 ἐν
1269 2449 1383 2512 τοῖς
1441 2448 1540 2517 τῆς
1610 2446 1971 2519 Ἰερουσαλὴμ

381 2539 745 2612 σκηνώμασιν
796 2539 976 2600 οὐδεὶς
1034 2538 1218 2592 αὐτῶν
1248 2542 1518 2593 κατοικεῖ.
1548 2540 1679 2602 Ταῖς
1737 2538 1971 2602 οἰκείαις

379 2629 565 2682 τοίνυν
605 2629 771 2699 ἀραῖς
798 2626 1190 2699 ὑπεϐλήθησαν
1209 2645 1224 2659 θ
1259 2628 1356 2681 καὶ
1399 2628 1435 2683 ἀ
1466 2631 1579 2693 τοῖς
1603 2629 1971 2693 Βαϐυλωνίοις

383 2720 739 2791 ἐπηράσαντο
771 2718 1148 2790 ἀδικούμενοι,
1195 2719 1373 2775 ταῦτα
1411 2720 1748 2775 πεπόνθασιν
1780 2721 1973 2791 ἀδική·

390 2830 585 2876 σαντες
610 2815 673 2875 ⁶⁹,
702 2813 799 2867 καὶ
829 2814 1121 2884 ἀχάριστοι
1148 2814 1280 2886 περὶ
1298 2813 1394 2867 τὸν
1417 2815 1721 2885 εὐεργέτην
1741 2815 1974 2886 γενόμε·

390 2921 495 2959 νοι.
555 2904 755 2958 Τούτου
802 2904 968 2977 χάριν
1022 2906 1120 2959 καὶ
1154 2906 1205 2958 οἱ
1265 2905 1404 2959 θεῖοι
1437 2904 1731 2961 ἀπόστολοι
1760 2907 1808 2938 ⁷ο
1850 2908 1973 2971 ταῖς

387 2996 641 3052 ἐντεῦθεν
667 2999 978 3069 ἐχρήσαντο
1002 2999 1360 3070 μαρτυρίαις,
1410 2998 1512 3068 τῆς
1541 2999 1883 3071 προφητείας
1912 2998 1975 3053 τὸ

384 3090 610 3145 διπλοῦν
660 3089 1040 3162 ἐπιστάμενοι.
1110 3089 1254 3143 Ἀλλ’
1289 3089 1331 3120 ⁷⁸
1384 3089 1478 3143 ἐπὶ
1524 3090 1595 3144 τά
1626 3092 1827 3161 συνεχῆ
1874 3093 1975 3161 τῆς
2004 3103 2052 3168 c

383 3184 689 3255 ἑρμηνείας
712 3182 1043 3254 βαδίσωμεν.

455 3277 562 3341 κζ’.
603 3277 758 3331 «Ὅτι
785 3277 844 3330 ὃν
864 3278 930 3331 σὺ
964 3276 1263 3341 ἐπάταξας,
1306 3275 1821 3340 αὐτοὶ’κατεδίωξαν
1845 3292 1858 3307 °
1886 3276 1979 3329 ml.

385 3369 484 3424 ἐπὶ
513 3369 575 3422 τὸ
598 3368 764 3437 ἄλγος
790 3368 901 3422 τῶν
946 3368 1282 3440 τραυμάτων
1311 3385 1415 3439 μου
1442 3368 1815 3439 προσέθηκαν.
1855 3387 1875 3420 ι
1904 3368 1979 3421 Σὺ

392 3459 495 3529 μὲν
520 3460 657 3530 γὰρ,
709 3460 866 3529 φησὶ,
897 3457 1057 3521 δίκας
1099 3476 1167 3528 με
1196 3460 1240 3491 ⁷⁸
1279 3461 1380 3528 τῆς
1409 3459 1757 3529 παρανομίας
1787 3459 1833 3489 ’³³
1865 3461 1980 3512 eia-

388 3550 792 3623 πραττόμενος,
812 3542 927 3600 οἷόν
957 3564 1069 3601 τισι
1098 3546 1315 3618 δημίοις
1339 3547 1670 3617 παρέδωκας
1685 3547 1978 3611 τούτοιςτδο

388 3635 539 3695 οὗτοι
592 3641 651 3694 δὲ
701 3639 915 3693 πλείοσί
952 3656 1045 3710 με,
1074 3639 1109 3710 ἢ
1160 3640 1525 3711 προσέταξας,
1583 3643 1771 3705 κακοῖς
1828 3659 1986 3712 περι-

391 3725 587 3784 έϐαλον
612 3745 628 3761 ⁶
681 3732 780 3784 καὶ
824 3727 1146 3801 ἐπηύξησάν
1168 3746 1262 3800 μοι
1305 3730 1406 3801 τὴν
1440 3730 1529 3784 διὰ
1572 3732 1672 3802 τὴν
1703 3733 1984 3803 ἁμαρτίαν

392 3820 610 3891 ὀδύνην.
640 3820 859 3890 Ταύτην
904 3819 1088 3874 αὐτῶν
1122 3820 1218 3874 καὶ
1252 3820 1282 3873 ὁ
1318 3821 1428 3873 τῶν
1468 3820 1607 3874 ὅλων
1654 3822 1789 3885 Θεὸς
1844 3840 1983 3877 κατ-

391 3915 591 3984 ηγορεί
619 3912 716 3983 τὴν
742 3911 1028 3982 ὠμότητα,
1059 3911 1156 3965 καί
1189 3927 1378 3983 φησιν,
1417 3930 1436 3963 ι
1460 3911 1600 3980 Ἐγὼ
1624 3913 1826 3976 αὐτοὺς
1842 3930 1986 3984 παρ-

397 4006 578 4059 έδωκα
619 4007 701 4067 εἰς
730 4005 829 4068 τὰς
864 4004 1057 4076 χεῖράς
1083 4021 1204 4069 σου,
1256 4005 1321 4058 σὺ
1346 4003 1403 4057 δὲ
1425 4004 1527 4057 οὐκ
1552 4004 1762 4067 ἔδωκας
1798 4006 1984 4070 αὐτοῖς

397 4097 550 4149 ἔλεον
570 4112 585 4128 ⁸
619 4097 774 4149 xui."
798 4096 897 4149 τοῦ
939 4093 1320 4166 πρεσϐυτέρου
1350 4094 1625 4165 ἐϐάρυνας
1672 4095 1764 4147 τὸν
1795 4096 1984 4165 ζυγὸν,

401 4190 497 4242 καὶ
525 4189 793 4260 νεώτερον
829 4188 929 4241 οὐκ
957 4188 1221 4257 ὴλέησας.
1265 4206 1284 4237 ι

471 4287 582 4351 κη’.
620 4300 639 4334 ι
674 4279 922 4352 Πρόσθες
959 4279 1192 4349 ἀνομίαν
1239 4278 1335 4332 ἐπὶ
1360 4280 1429 4349 τῇ
1470 4278 1673 4349 ἀνομία
1705 4280 1751 4311 ⁷⁸
1779 4281 1983 4341 αὐτῶν,

400 4374 498 4425 καὶ
547 4373 623 4443 μὴ
650 4373 693 4404 ⁷⁷
726 4370 1121 4423 εἰσελεὲτωσαν
1164 4371 1223 4422 ὲν
1266 4369 1582 4439 δικαιοσύνῃ
1607 4371 1672 4423 ⁷⁸.
1710 4391 1729 4423 ι
1765 4371 1874 4442 Τὴν
1901 4372 1987 4425 διὰ

1712 312 1794 370 ΙΝ
1840 310 2037 369 PSAL.
2075 310 2341 369 LXVI“.

364 432 550 488 αὐτῶν
585 431 819 485 ἱκετεύει
891 432 1127 503 πατρίδα
1155 447 1167 461 ·
1207 430 1300 483 καὶ
1353 428 1623 498 τετύχηκε
1663 427 1758 493 τῆς
1806 426 1960 494 αἰτή-

2075 425 2249 492 pulus,
2284 436 2337 479 et
2367 442 2589 494 compos
2633 429 2909 497 petitionis
2943 428 3122 483 factus
3163 437 3262 482 cst.
3296 425 3431 480 Nam
3472 427 3640 499 ltahy-

3514 308 3651 372 Ῑίίο

2066 514 2154 566 lon
2191 515 2435 570 desolata
2473 518 2597 584 fuit,
2642 528 2695 573 et
2732 535 2903 590 usque
2946 521 2997 574 in
3032 519 3355 573 hodiernum
3391 520 3533 573 diem
3571 520 3652 573 sic

2065 613 2373 671 permanet.
2413 604 2618 661 Tamen
2657 609 2949 664 sciendum
2980 619 3084 673 est,
3119 625 3241 679 qua:
3267 608 3440 663 Judzei
3477 610 3651 677 petic-

2064 704 2196 749 runt
2256 705 2318 749 ut
2348 696 2632 768 Babylonii
2683 710 3027 769 paterentur.
3068 702 3212 771 quod
3251 702 3415 770 impie
3450 701 3573 756 illos
3601 711 3655 757 et

2062 786 2335 841 scelerate
2381 797 2733 853 tractassent,
2792 792 2906 847 haec
2967 793 3118 863 ipsos
3167 809 3455 863 perpessos
3503 810 3650 856 esse,

2064 894 2190 932 cum
2230 895 2282 933 In
2314 880 2619 937 beneﬁcum
2653 893 2707 938 et
2734 882 3078 941 Salvatorem
3115 888 3323 942 rabiem
3363 889 3651 943 exercuis-

2065 978 2208 1025 sent.
2247 971 2531 1045 Babylonii
2576 975 2723 1029 enim
2758 991 3012 1031 amarum
3049 979 3233 1033 cibum
3282 979 3418 1049 ipsis
3468 979 3654 1034 reddi-

2068 1063 2288 1126 derunt,
2345 1079 2453 1118 non
2492 1065 2652 1119 talem
2687 1067 2865 1121 cibum
2910 1070 3044 1138 ipsis
3074 1071 3398 1138 praebentes,
3437 1073 3529 1126 sed
3568 1072 3652 1125 la-

2068 1152 2296 1207 boriosa
2327 1154 2593 1210 servitute
2619 1159 2971 1222 suavitatem,
3007 1175 3130 1230 quae
3157 1162 3296 1217 cibis
3331 1163 3510 1217 innata
3543 1176 3650 1228 est,

2068 1244 2396 1301 auferentes.
2440 1247 2616 1303 Judaai
2662 1260 2844 1305 autem
2880 1254 3027 1307 nulla
3064 1254 3263 1323 injuria
3309 1254 3506 1316 aﬂ'ecti,
3556 1255 3652 1307 ειιιι

2067 1339 2327 1393 omnibus
2385 1341 2677 1397 beneﬁciis
2731 1344 2933 1407 ornati,
2987 1345 3091 1411 ipsi
3145 1346 3393 1400 beneﬁcii
3442 1347 3655 1401 auctori

2070 1424 2136 1477 fel
2165 1434 2219 1479 et
2254 1437 2468 1483 acetum
2502 1430 2680 1499 ipsum
2712 1432 2980 1498 obtulere,
3016 1434 3181 1489 veluti
3214 1436 3461 1504 quaedam
3495 1437 3653 1491 vinea

2068 1518 2402 1585 perniciosa.
2453 1522 2664 1579 Idcirco
2699 1524 2890 1580 iisdem
2939 1527 3227 1596 suppliciis
3259 1527 3460 1582 addicti
3502 1538 3654 1591 sunt,

2066 1618 2122 1664 et
2152 1610 2297 1667 facta
2344 1623 2428 1668 est
2459 1630 2652 1671 mensa
2691 1617 2912 1671 illm'um
2947 1618 3163 1691 ιε)εᾷ
3193 1620 3244 1674 in
3288 1619 3565 1689 laqueum,
3600 1629 3657 1674 et

2070 1700 2124 1755 in
2158 1702 2608 1771 retributionem,
2660 1715 2716 1761 et
2764 1707 2816 1760 in
2848 1710 3194 1763 scandalum.
3239 1709 3521 1778 Siquidem
3560 1727 3659 1779 pro

2071 1794 2301 1863 pristina
2334 1795 2600 1853 felicitate
2651 1799 2719 1854 ad
2766 1800 3087 1855 servitutem
3134 1803 3484 1859 condemnati
3537 1803 3657 1859 fue-

2068 1896 2218 1951 runt,
2254 1897 2309 1943 ct
2352 1890 2495 1945 oculi
2531 1905 2723 1947 eorum
2767 1893 3052 1949 obscurati
3092 1904 3244 1958 sunt,
3295 1911 3421 1951 cum
3470 1912 3656 1952 veram

2071 1979 2244 2033 lucem
2277 1980 2468 2036 videre
2499 1998 2612 2036 non
2641 1993 2893 2053 possent.
2924 1993 2979 2040 et
3016 1997 3161 2055 terga
3195 1987 3410 2042 illorum
3437 1989 3658 2044 assidua

2070 2073 2331 2127 servitute
2378 2085 2432 2129 et
2493 2085 2822 2145 paupertate
2879 2077 3074 2132 inﬂexa
3128 2089 3277 2145 sunt,
3336 2080 3407 2134 ob
3458 2081 3658 2136 elatam

2071 2164 2373 2232 cervicem,
2420 2175 2475 2220 et
2505 2168 2706 2222 durum
2761 2184 2954 2223 eorum
3010 2171 3233 2233 collum,
3286 2181 3339 2226 et
3392 2172 3661 2227 habitatio

2071 2270 2263 2310 eorum
2316 2256 2461 2313 facta
2499 2268 2584 2314 est
2618 2262 2859 2323 deserta,
2889 2269 2941 2315 et
2978 2261 3031 2315 in
3067 2262 3436 2317 tabernaculis
3464 2262 3659 2319 Hiero-

2073 2348 2302 2419 solymae
2335 2364 2501 2403 nemo
2534 2350 2756 2404 illorum
2789 2352 3021 2407 habitat.
3060 2349 3187 2407 Suis
3224 2352 3388 2422 igitur
3412 2368 3663 2407 exsecrac

2075 2439 2317 2494 tionibus
2367 2441 2599 2511 subjecti
2639 2442 2882 2507 meruut,
2932 2453 2987 2498 et
3040 2460 3162 2515 qua:
3197 2445 3507 2516 Babyloniis
3555 2447 3659 2517 ipsi

2076 2531 2279 2601 injuria
2332 2534 2508 2589 aﬂ‘ecti
2560 2535 2843 2604 imprecati
2891 2546 3044 2602 sunt,
3097 2539 3214 2595 haac
3254 2541 3496 2610 perpessi
3531 2552 3664 2597 sunt

2073 2634 2199 2674 cum
2241 2622 2497 2692 injuriam
2532 2624 2867 2693 intulissent,
2902 2627 3218 2698 ingratique
3246 2644 3374 2700 erga
3408 2631 3660 2686 beneﬁcii

2074 2725 2355 2772 auctorem
2411 2719 2667 2775 fuissent.
2725 2719 3021 2790 Propterea
3081 2730 3138 2776 et
3190 2721 3360 2776 divini
3426 2725 3661 2793 apostoli

2077 2808 2243 2877 hujus
2281 2812 2475 2880 psalmi
2525 2813 2862 2869 testimoniis
2906 2814 2988 2868 usi
3029 2823 3179 2879 sunt,
3224 2815 3497 2885 geminum
3533 2831 3663 2886 pro-

2075 2902 2276 2972 phetia:
2326 2920 2551 2960 sensum
2590 2906 2851 2961 scientes.
2899 2904 3005 2962 Sed
3046 2906 3113 2961 ad
3160 2906 3445 2977 sequentia
3488 2906 3663 2963 inter-

2077 2996 2444 3064 pretationem
2474 3008 2885 3053 convertemus.

2155 3270 2321 3326 Vens.
2364 3273 2454 3327 2'7.
2502 3293 2519 3324 ι
2558 3272 2830 3341 Quoniam
2876 3292 3038 3347 quem
3069 3288 3123 3333 tu
3159 3279 3496 3348 percussisti,
3538 3296 3666 3350 pcr-

2083 3366 2258 3419 secuti
2290 3374 2442 3429 sunt,
2476 3374 2530 3420 et
2573 3360 2819 3421 dolorem
2853 3369 3141 3423 vulnerum
3193 3385 3441 3425 meorum
3492 3387 3665 3429 auxe-

2083 3466 2234 3512 runt.
2279 3477 2298 3508 ι
2336 3457 2415 3512 Tu
2447 3460 2619 3521 enim,
2667 3461 2868 3531 inquit,
2914 3471 3266 3531 peccatorum
3298 3480 3328 3518 a
3363 3480 3449 3519 me
3476 3481 3662 3535 ρωπος

2084 3552 2332 3620 exigens,
2362 3553 2485 3608 istis
2527 3554 2671 3609 velut
2721 3556 3051 3625 quibusdam
3092 3559 3448 3616 carnificibus
3498 3561 3668 3615 tradi-

2087 3643 2216 3697 disti
2258 3661 2272 3697 :
2318 3644 2373 3697 hi
2417 3659 2550 3699 vero
2597 3647 2849 3715 pluribus
2883 3664 3047 3718 quam
3091 3653 3466 3720 prmeepisses,
3507 3654 3669 3706 malis

2086 3748 2175 3788 me
2221 3734 2728 3800 circumdederunt,
2784 3749 2839 3794 et
2894 3740 3161 3806 dolorem,
3217 3742 3310 3811 qui
3360 3744 3493 3796 mihi
3541 3748 3555 3765 ‘
3598 3745 3671 3796 oh

2086 3833 2371 3894 peccatum
2416 3827 2634 3891 accidit,
2678 3838 2974 3883 auxerunt.
3018 3829 3380 3886 llanccorum
3412 3833 3667 3885 inhuma-

2088 3920 2311 3972 nitatem
2343 3920 2720 3975 universitatis
2750 3919 3015 3977 Dominus
3041 3924 3409 3993 reprehendit,
3437 3924 3626 3979 dicens
3652 3944 3666 3979 :

2093 4027 2111 4059 ι
2155 4008 2268 4078 Ego
2291 4024 2389 4072 eos
2415 4012 2616 4067 tradidi
2657 4013 2710 4067 in
2740 4029 2940 4069 manus
2975 4025 3119 4078 tuas,
3150 4026 3204 4069 tu
3239 4025 3419 4070 autem
3454 4018 3669 4072 miscri-

2089 4099 2335 4154 cordiam
2364 4113 2474 4154 non
2522 4101 2820 4157 exbihuisti
2849 4102 2950 4167 eis,
2984 4112 3037 4156 et
3060 4105 3252 4172 jugum
3283 4105 3518 4160 senioris
3542 4122 3668 4175 gra-

2090 4189 2254 4250 vasti,
2284 4197 2336 4242 et
2357 4189 2577 4257 juvenis
2604 4206 2711 4243 non
2744 4191 3007 4245 misertus
3037 4208 3094 4245 es
3125 4202 3168 4246 τ.
3214 4211 3233 4243 ι

2171 4279 2336 4333 Vnus.
2380 4280 2473 4334 28.
2521 4298 2541 4332 ι
2581 4283 2805 4349 Appone
2840 4280 3181 4350 iniquitatem
3219 4298 3385 4353 super
3414 4284 3672 4354 iniquita-

2094 4383 2200 4428 tem
2248 4389 2466 4438 corum,
2521 4385 2574 4429 ct
2624 4375 2836 4445 1085
2889 4392 2995 4428 non
3048 4376 3251 4430 intrent
3304 4376 3354 4427 in
3401 4372 3671 4441 justitiam

400 4466 500 4536 τὴν
533 4465 811 4536 ἁμαρτίαν
868 4463 1222 4533 ἐπαγομένην
1258 4462 1535 4534 τιμωρίαν
1572 4463 1830 4532 ἀνομίαν
1859 4466 1963 4519 ἑκά

2100 4476 2269 4520 tuam.
2313 4486 2331 4518 ι
2388 4466 2612 4522 Pmnam
2663 4468 2735 4521 ob
2793 4479 3070 4537 peccatum
3118 4468 3433 4536 irrogatam,
3476 4467 3676 4535 iuiun

402 4560 560 4612 λεσεν
592 4574 607 4589 ο
636 4557 760 4610 ἀντὶ
788 4554 906 4616 τοῦ.
938 4556 1158 4617 Ἐπίθες
1185 4555 1374 4618 αὐτοῖς
1412 4555 1631 4624 ἀνόμως
1656 4554 1793 4619 ζῶσι
1815 4574 1990 4627 τιμω-

405 4652 527 4721 ρίαν
561 4650 720 4715 ἀξίαν
749 4662 763 4677 ⁸
798 4650 895 4702 καὶ
927 4648 1003 4719 μὴ
1026 4647 1267 4717 τύχωσιν
1297 4646 1522 4716 ἀγαθῶν
1556 4648 1591 4701 ἀ
1619 4651 1735 4713 τοῖς
1758 4646 1990 4713 δικαίοις

403 4740 600 4806 εῖωοας
629 4740 946 4808 ἀπονέμειν.

479 4951 503 4980 ι
531 4941 637 4997 lsa.
662 4956 833 5008 XLVII,
856 4943 924 4999 6.’

2102 4568 2266 4611 tatem
2305 4559 2563 4612 vocavit:
2602 4560 2759 4628 quasi
2803 4560 3027 4621 diceret,
3074 4560 3296 4627 impone
3340 4558 3473 4627 ipsis
3512 4558 3676 4626 impie

2099 4648 2415 4703 viventibus
2451 4650 2671 4720 dignam
2702 4664 2939 4719 pmnam,
2978 4660 3031 4703 ct
3063 4666 3130 4705 nc
3158 4650 3297 4705 bona
3333 4663 3678 4721 consequan-

2104 4751 2213 4805 tur,
2250 4757 2373 4811 qurc
2397 4742 2562 4811 justis
2591 4743 2921 4799 distribuere
2947 4745 3110 4799 soles.

1511 5145 1745 5201 VARle
1801 5145 2189 5204 LECTIONES
2234 5145 2319 5201 ET
2351 5144 2581 5200 NOTAE.

482 5348 536 5434 5“
558 5348 683 5431 οριΙ.
722 5349 1179 5434 2.βαβυλωνίοις.
1257 5349 1300 5382 δ’
1325 5351 1449 5434 cod.
1476 5350 1496 5403 1
1528 5358 1587 5434 ﬁt
1615 5351 1970 5434 g‘xpngapév

2075 5391 2090 5407 .
2169 5353 2214 5385 ⁸ο
2248 5351 2379 5405 Καί.
2414 5350 2537 5405 cod.
2579 5349 2602 5403 ί
2631 5364 2818 5434 praem;
2853 5347 2968 5434 τοῦ..
3014 5345 3287 5434 (flenda?
3319 5339 3427 5398 οἷα.
3554 5342 3681 5434 cod.

413 5418 450 5472 9.
477 5420 677 5474 αὐτῶν.
757 5420 801 5453 ⁸³
828 5422 958 5475 Καί.
995 5421 1115 5474 Des.
1153 5419 1205 5472 in
1240 5420 1363 5474 cod.
1394 5419 1449 5473 2.
1528 5418 1572 5451 ⁵⁸
1605 5418 1733 5476 0ὔὶ
1780 5418 1973 5489 (iraa;

413 5490 447 5541 τι
471 5489 788 5545 διαπαντός.
867 5491 908 5522 ⁸⁷
941 5490 1070 5544 Καὶ.
1098 5489 1222 5542 cuti.
1254 5489 1281 5542 1
1337 5490 1464 5543 add.
1491 5489 1676 5545 μέντοι
1708 5492 1820 5545 καί.
1903 5493 1946 5523 ⁸⁸
1972 5540 1973 5544 η

2075 5439 2214 5476 ενοι.
2246 5421 2367 5476 Des.
2407 5420 2462 5474 in
2503 5421 2625 5476 cod.
2661 5420 2711 5473 1.

2075 5490 2201 5544 [ὧν.
2232 5492 2355 5544 cod.
2391 5491 2426 5542 2
2452 5505 2641 5545 prtem.
2678 5489 2711 5542 δι

2023 5509 2201 5545 υτων.
2232 5507 2331 5544 (⁵0ίῖ
2342 5530 2355 5544 .

413 5490 447 5541 τι
471 5489 788 5554 διαπαντός.
867 5491 908 5522 ⁸⁷
941 5490 1070 5544 Καὶ.
1098 5489 1222 5542 and.
1254 5489 1281 5542 1
1337 5490 1464 5543 add.
1491 5489 1676 5558 μέντοι
1708 5492 1820 5545 καί.

2791 5419 2833 5450 ⁸⁸
2858 5420 2977 5472 cod.
3014 5417 3049 5472 2
3078 5415 3413 5485 ἀνεχόμενοι.
3557 5415 3684 5485 cod.

2452 5505 2641 5559 prtem.
2678 5489 2755 5544 δέ.
2837 5489 2879 5521 ⁸⁸
2917 5483 3558 5559 ‘46!?¢1}Ci00d._i}ltid.
3593 5484 3687 5535 τὸν

414 5552 761 5630 Δημιουργὸν
810 5560 903 5615 τοῦ
932 5559 1132 5641 παντὸς
1177 5560 1398 5641 σταυρῷ
1449 5552 1904 5641 κατα-κρίναντες.
1982 5563 2028 5592 "°
2069 5562 2189 5641 cod.
2222 5561 2257 5613 2
2351 5552 2495 5641 (λεῖός
2528 5560 2873 5641 Ἀπόστολος.
2939 5557 2992 5641 1⁸
3023 5553 3200 5641 λιὶβζ
3221 5552 3684 5641 -ρβᾷδίςξιψξῇο

418 5628 544 5683 Des.
578 5628 643 5683 iui
663 5630 786 5684 cod.
818 5632 874 5684 2.
949 5630 995 5660 "
1047 5628 1151 5683 Μέ.
1178 5628 1511 5698 υοίιζίμοι.

419 5769 542 5823 cod.
575 5769 594 5822 l
627 5769 775 5823 addit
804 5787 916 5835 σου,
954 5770 1143 5838 sicque
1169 5768 1271 5839 leg.
1301 5771 1353 5824 in
1388 5779 1532 5823 lcxm
1572 5771 1679 5823 τῶν
1701 5774 1754 5822 0'

1590 5632 1636 5661 ⁷³
1668 5632 1788 5684 cod.
1822 5631 1858 5683 2
1897 5633 2207 5699 παροινίας.

416 5699 583 5753 Abest
612 5715 640 5754 a
667 5701 791 5754 cmi.
818 5702 874 5756 2.
950 5699 995 5731 ⁷⁸
1023 5700 1147 5754 cod.
1190 5700 1210 5751 1
1250 5712 1301 5753 et
1326 5700 1361 5753 2
1388 5700 1485 5767 τὴν
1516 5700 1770 5766 ἀνομίαν.
1793 5717 1913 5769 quae
1930 5716 1973 5757 es

2075 5716 2155 5757 cc.
2199 5700 2358 5756 lectio
2389 5700 2445 5754 Il.
2485 5701 2520 5753 l.

2287 5630 2333 5662 ⁷⁵
2361 5614 2624 5696 Τούτοις.
2664 5631 2784 5681 cod.
2878 5627 2989 5685 τοῖς
3023 5614 3408 5696 Βαϐυλωνίοις.
3444 5694 3450 5696 Α
3484 5624 3529 5654 τ’

2598 5702 2640 5732 ⁷⁷
2672 5699 2789 5767 Μή.
2826 5698 2988 5751 Abest
3022 5693 3193 5765 acod.
3217 5691 3273 5745 2.
3347 5694 3395 5723 ’⁸
3424 5694 3687 5747 Amator.
