4112 6400
511 292 648 360 1435

1500 296 1987 357 TlIEODORETl
2031 298 2369 359 EPISCOPI
2409 297 2776 359 CYRENSIS

3644 294 3784 364 1436

508 409 682 465 heret.
715 405 789 460 Ex
817 421 883 461 eo
905 413 1085 460 autem
1114 406 1464 474 temporc,ait
1495 409 1857 477 evangelista,
1887 409 2090 479 incepit

2205 412 2350 482 στὴς,
2400 413 2604 483 ἤρξατο
2643 427 2935 481 κηρυττειν
2975 412 3068 465 καὶ
3105 411 3311 480 λέγειν,
3370 431 3389 466 ι
3427 415 3782 482 Μετανοεῖτε,

509 501 826 575 praedicare,
859 510 913 553 et
937 499 1117 552 dicere
1147 517 1159 552 :
1182 498 1594 552 «Paenitentiam
1619 501 1784 570 agite,
1801 502 2094 571 appl'Opill-

511 593 856 665 quavitenim
879 607 1105 660 regnum
1135 593 1398 645 cmlorum
1432 601 1474 644 τ.
1493 611 1510 644 ι
1535 590 1744 647 Idcirco
1769 603 1820 646 et
1839 595 2096 648 vaticina-

511 688 590 743 tio
611 687 770 742 dicit:
801 684 1212 739 «Dominabitur
1239 700 1268 737 a
1295 685 1518 738 ﬂumine
1548 701 1722 754 usque
1743 687 1807 739 ad
1829 687 2095 740 terminos

511 782 660 838 orbis
694 790 985 834 terrarum.
1023 797 1042 829 ι
1081 777 1282 831 Deinde
1307 785 1362 831 et
1392 778 1498 831 alio
1525 779 1685 832 modo
1707 779 1808 833 hoc
1837 781 2093 833 illustrat.

589 870 754 926 Vens.
785 870 838 934 9,
873 867 959 921 10.
999 886 1016 917 ι
1056 867 1250 934 Coram
1278 866 1370 921 illo
1393 867 1680 936 procident
1707 866 2015 937 Ethiolies,
2045 878 2098 922 et

511 963 723 1020 inimici
759 962 880 1032 ejus
917 971 1118 1015 terram
1152 959 1379 1027 lingent.
1419 958 1594 1028 Reges
1635 957 1886 1019 Tharsis.
1927 968 1982 1012 ct
2013 958 2097 1012 in—

510 1058 676 1119 sillae.
730 1069 958 1110 munera
1000 1051 1231 1107 oﬂerent
1261 1069 1275 1105 :
1309 1066 1466 1119 rcges
1515 1051 1792 1116 Arabum,
1849 1060 1902 1105 et
1953 1050 2096 1104 Saba

509 1149 655 1203 dona
703 1147 994 1202 adducent.
1033 1163 1052 1194 ›
1107 1142 1325 1196 Titanis
1383 1142 1768 1213 Carthaginem
1820 1142 2094 1197 civitatem

511 1241 694 1312 Libyae
729 1239 1054 1309 principem,
1089 1247 1146 1292 et
1189 1238 1379 1290 beatus
1423 1233 1614 1301 Isaias,
1667 1246 1724 1290 et
1757 1235 2097 1290 admirabilis

511 1332 766 1388 Ezechiel
812 1337 1155 1398 nuncupant.
1204 1325 1348 1382 Saba
1389 1338 1599 1392 autem,
1639 1326 1932 1397 Ethiopize
1966 1341 2097 1396 gens

512 1436 615 1480 est.
662 1423 766 1477 Sed
826 1423 1018 1493 l.lbyes
1070 1421 1162 1491 qui
1215 1429 1271 1475 et
1322 1421 1440 1474 Afri
1488 1429 1906 1488 nuncupantur,
1955 1419 2100 1473 oeci-

515 1515 791 1569 dentalem
827 1513 978 1566 orbis
1014 1522 1221 1582 partem
1253 1521 1552 1580 occupant,
1584 1510 1869 1580 Aithiopes
1915 1519 2096 1564 autem

520 1607 732 1676 1107
777 1605 1096 1658 orientalem
1157 1615 1211 1658 et
1240 1604 1558 1665 australem.
1589 1603 1798 1658 Arabes
1827 1619 1954 1657 vero
1982 1619 2100 1656 me-

517 1701 664 1754 diam
707 1699 1100 1754 continentem.
1136 1696 1206 1751 At
1245 1697 1511 1752 insulares
1539 1711 1633 1750 eas
1678 1697 1948 1765 regiones,
1976 1711 2100 1766 qua

519 1792 575 1846 in
613 1791 782 1844 maris
819 1791 995 1843 medio
1024 1798 1174 1849 sunt,
1217 1789 1488 1842 obtinent.
1519 1785 1630 1841 llos
1659 1797 1842 1840 autem
1871 1788 1948 1840 ait
1971 1805 2096 1856 pro-

518 1894 795 1937 straturos
839 1897 960 1935 80.80
990 1896 1110 1934 ιιεδιε
1137 1889 1263 1933 ante
1292 1880 1492 1948 ipsum,
1528 1887 1583 1932 (ξι
1622 1877 1946 1934 adoraturos
1969 1894 2094 1932 ειιιιι

520 1984 580 2028 ιιι
627 1973 818 2035 Deum,
865 1981 919 2025 ct
953 1974 969 1990 '
1007 1972 1146 2024 dona
1195 1970 1498 2036 oblaturos,
1553 1978 1613 2023 ut
1657 1970 1766 2036 regi
1803 1989 1813 2021 :
1845 1969 2098 2024 inimicos

518 2080 650 2118 vero
684 2062 1157 2117 exstcrationibus
1195 2061 1248 2114 in
1283 2069 1590 2131 serpentem
1635 2061 1793 2114 lat-tis
1820 2062 2096 2116 addictum

520 2157 586 2210 iri
618 2174 630 2209 :
667 2177 684 2206 ι
719 2155 893 2224 Super
918 2166 1105 2223 pectus
1137 2163 1190 2208 et
1218 2163 1458 2207 ventrem
1488 2153 1775 2223 gradieris,
1815 2164 1869 2208 et
1896 2164 2096 2209 terram

519 2249 775 2304 comedes
801 2249 1014 2302 etim-tis
1041 2247 1231 2301 diebus
1263 2248 1385 2301 vitae
1413 2256 1516 2300 lu:e
1541 2255 1587 2298 ⁸.
1622 2265 1640 2298 ι
1681 2246 1890 2300 Inimici
1915 2257 2098 2302 autent

522 2339 612 2394 ltei
644 2350 697 2394 et
725 2339 1027 2394 Salvatoris
1061 2341 1255 2404 nostri,
1287 2339 1611 2408 nequissimi
1638 2348 1766 2393 sunt
1798 2340 2097 2402 daemones,

520 2433 574 2486 in
615 2448 755 2500 quos
794 2431 1150 2486 conculcandi
1197 2446 1363 2499 supra
1415 2433 1662 2500 scorpios
1705 2441 1758 2484 et
1817 2440 2100 2500 serpentes

520 2521 669 2578 dedit
697 2532 1036 2593 potestatem.
1072 2523 1365 2592 Postquam
1401 2534 1582 2577 autem
1630 2523 1793 2576 trium
1834 2523 1916 2576 vel
1962 2538 2102 2591 qua-

521 2627 649 2672 tuor
703 2617 986 2671 nationum
1023 2616 1151 2672 l'eeit
1189 2615 1554 2678 mentionem,
1595 2625 1649 2669 et
1697 2614 1932 2668 obscure
1979 2628 2102 2667 om-

520 2710 672 2765 nium
731 2711 970 2778 gentium
1020 2708 1380 2763 mutationem
1448 2707 1743 2773 indicavit,
1812 2704 2100 2761 clariorem

520 2801 824 2856 orationem
868 2800 1016 2855 facit.

599 2891 758 2944 Vens.
805 2891 892 2944 ll.
953 2907 973 2942 ι
1025 2889 1091 2943 Ει
1143 2887 1456 2944 adorabunt
1509 2901 1633 2940 eum
1699 2899 1893 2940 omnes
1948 2899 2102 2956 reges

525 2989 705 3036 terrae.
750 2999 768 3031 ι
825 2980 932 3034 Alii
958 2980 1179 3049 quidem
1207 2979 1259 3033 in
1291 2976 1544 3048 praesenti
1571 2975 1677 3030 vita
1704 2975 1972 3037 volentes,
2005 2974 2100 3029 alii

2195 503 2391 573 ἧγγικε
2422 504 2531 574 γάρ
2557 506 2588 574 ὴ
2619 501 2865 572 βασιλεία
2899 502 3006 555 τῶν
3039 503 3308 573 οὐρανῶν.
3347 523 3365 557 ι
3405 499 3480 558 Οὗ
3505 504 3569 576 δὴ
3599 507 3761 574 χάριν

2196 597 2289 650 καὶ
2317 597 2349 666 ἡ
2388 596 2692 665 προφητεία
2715 596 2903 664 φησὶν,
2934 597 3015 648 ὅτι
3048 615 3066 646 ι
3097 597 3380 666 Κρατήσει
3412 599 3520 652 ἀπὸ
3553 599 3648 651 τοῦ
3685 617 3788 652 πο⁹

2194 685 2372 754 ταμοῦ
2404 685 2506 748 ἓως
2537 684 2643 737 τῶν
2689 684 2943 752 περάτων
2971 684 3070 754 τῆς
3093 685 3442 757 οἰκουμένης.
3476 706 3494 738 ›
3534 685 3667 741 Εἶτα
3687 688 3788 741 καὶ

2197 775 2465 846 ἑτέρωθεν
2497 775 2656 829 τοῦτο
2687 778 2831 829 ποιεῖ
2855 777 3091 845 φανερόν
3107 777 3175 832 ⁵⁷.

2269 867 2333 929 θ’,
2365 873 2415 919 ι’.
2461 884 2481 917 ι
2515 865 2780 920 Ἐνώπιον
2811 865 2978 920 αὑτοῦ
3011 867 3416 938 προπεσοῦνται
3438 868 3786 931 Αίθίοπες⁸⁸,

2198 959 2292 1011 καὶ
2317 960 2364 1010 οἱ
2390 958 2572 1028 ἐχθροὶ
2593 956 2760 1010 αὑτοῦ
2782 957 2911 1028 χοῦν
2933 957 3188 1022 λείξουσι.
3213 958 3464 1022 Βασιλεῖς
3486 959 3721 1028 Θαρσεῖς
3738 962 3787 993 ⁵³

2198 1051 2292 1102 καὶ
2327 1049 2481 1118 νῆσοι
2511 1050 2659 1122 δῶρα
2689 1050 3042 1120 προσοίσουσι
3062 1067 3076 1082 ·
3127 1051 3366 1120 βασιλεῖς
3413 1053 3663 1124 Ἀράϐων
3691 1053 3791 1107 καὶ

2197 1142 2382 1196 Σαϐσά
2407 1142 2452 1174 ⁶⁰
2493 1142 2642 1212 δῶρα
2677 1142 3030 1212 προσάξουσι.
3065 1163 3083 1195 ι
3143 1143 3396 1211 Θαρσεῖς
3429 1145 3529 1215 τὴν
3562 1147 3793 1215 Καρχη-

2196 1237 2342 1300 δόνα,
2371 1236 2470 1307 τὴν
2488 1235 2590 1306 τῆς
2617 1233 2823 1304 Λιϐύης
2852 1233 3305 1305 προκαθημένην,
3335 1235 3430 1288 καὶ
3455 1235 3482 1287 ὁ
3511 1234 3793 1305 μακάριος

2209 1327 2438 1390 Ἡσαΐας
2508 1329 2607 1381 καὶ
2659 1329 2688 1379 ὁ
2737 1325 3042 1396 θαυμάσιος
3117 1324 3385 1396 Ίεζεκιὴλ
3431 1325 3787 1397 ὀνομάζουσι.

2199 1421 2395 1474 Σαϐὅὰ
2428 1419 2486 1472 δὲ
2519 1417 2837 1472 Αἰθιοπικὸν
2880 1417 3032 1481 ἔθνος
3065 1431 3079 1450 ⁸
3121 1417 3260 1472 ἀλλὰ
3302 1417 3501 1482 Λίϐυες
3547 1417 3645 1488 μὲν
3675 1417 3790 1470 oi"

2200 1514 2294 1566 καὶ
2322 1511 2517 1581 ’Δερροὶ
2548 1513 3110 1582 προσαγορευόμενοι,
3136 1510 3206 1563 τὰ
3233 1508 3464 1580 ἑσπέρια
3486 1509 3589 1578 τῆς
3615 1510 3790 1562 οἰκου-

2203 1604 2371 1675 μένης
2403 1602 2697 1672 κατέχουσι
2727 1602 2994 1672 τμήματα
3017 1617 3032 1630 ⁸
3081 1600 3339 1664 Αἰθίοπες
3369 1600 3426 1654 δὲ
3453 1601 3520 1654 τὰ
3549 1599 3662 1670 ἑῷα
3691 1600 3798 1653 καὶ

2201 1696 2352 1748 νότια
2375 1711 2390 1725 °
2426 1693 2663 1764 Ἀραῦες
2691 1691 2747 1745 δὲ
2776 1691 2876 1761 τὴν
2911 1691 3086 1762 μέσην
3118 1691 3379 1762 ἤπειρον·
3423 1692 3473 1743 οἱ
3503 1690 3559 1742 δέ
3589 1687 3796 1760 νησιῶ-

2131 1751 2173 1806 Β
2200 1805 2290 1839 ται
2343 1786 2440 1856 τῆς
2491 1751 2768 1853 θαλάσσης
2811 1751 2880 1836 τά
2911 1751 3077 1853 μέσά.
3116 1751 3354 1843 ’έούτους
3388 1781 3446 1834 δέ
3491 1781 3597 1851 ἔφη
3643 1751 3794 1850 ’προ-

2200 1877 2484 1932 πεσεῖσθαι
2517 1875 2744 1929 ἐνώπιον
2771 1873 2960 1939 αὑτοῦ,
2992 1875 3089 1928 καὶ
3112 1874 3424 1944 προσοίσειν
3444 1872 3520 1933 ὡς
3548 1871 3670 1942 Θεῷ
3687 1871 3798 1942 τὴν

2201 1970 2575 2041 προσκύνησιν
2600 2009 2614 2032 ,
2667 1968 2761 2020 καὶ
2787 1966 2938 2038 δῶρα
2966 1969 3326 2037 προσκομιεῖν
3346 1967 3390 1997 ⁸⁸
3421 1965 3498 2028 ὡς
3531 1965 3747 2034 βασιλεῖ
3772 1980 3791 1996 ⁸

2199 2065 2327 2127 τοὺς
2346 2063 2402 2116 δὲ
2428 2063 2654 2132 ἐχθροὺς
2679 2058 3162 2131 ὕποϐληθήσεσθαι
3189 2061 3309 2122 ταῖς
3330 2056 3470 2111 κατὰ
3491 2056 3587 2110 τοῦ
3611 2057 3793 2124 ὄφεως

2201 2155 2598 2224 γεγενημέναις
2631 2154 2819 2223 ἀραῖς·
2854 2171 2874 2204 ι
2898 2153 3022 2204 Ἐπὶ
3053 2149 3131 2220 τῷ
3169 2149 3356 2220 στήθει
3391 2149 3484 2203 καὶ
3514 2152 3580 2218 τῇ
3609 2149 3798 2220 κοιλίᾳ

2205 2250 2468 2322 πορεύσιιν
2498 2250 2592 2303 καὶ
2621 2249 2725 2318 γῆν
2754 2250 2904 2318 φαγῇ
2938 2247 3120 2310 πάσας
3143 2245 3242 2308 τὰς
3269 2244 3484 2316 ἡμέρας
3511 2244 3614 2312 τῆς
3640 2243 3800 2312 ζωῆς

2204 2359 2318 2395 σου.
2353 2361 2370 2392 ι
2423 2340 2640 2409 Ἐχθροὶ
2673 2339 2733 2392 δὲ
2779 2338 2872 2392 τοῦ
2906 2337 3042 2391 Θεοῦ
3079 2337 3174 2390 καὶ
3223 2337 3474 2406 Σωτῆρος
3511 2333 3691 2406 ἡμῶν,
3735 2336 3794 2388 οἱ

2203 2430 2556 2500 παμπόνηροι
2605 2429 2882 2499 δαίμονες,
2930 2428 3055 2482 καθ’
3100 2421 3176 2481 ὧν
3217 2427 3385 2480 ἔδωκε
3404 2426 3448 2457 ⁸³
3491 2426 3592 2496 τὴν
3634 2425 3832 2491 ἐξω-ν’

2205 2525 2326 2578 σίαν
2344 2524 2391 2556 ⁸⁸
2438 2523 2532 2576 τοῦ
2555 2523 2599 2555 ⁸⁵
2642 2525 2834 2575 πατεῖν
2880 2522 3066 2576 ἐπάνω
3112 2520 3291 2587 δφεων
3335 2517 3430 2571 καὶ
3479 2515 3792 2587 σκορπίων.

2216 2615 2438 2684 Ἐπειδὴ
2469 2614 2523 2666 δὲ
2545 2615 2591 2646 ⁸⁸
2629 2613 2852 2685 τριῶνῆ
2882 2613 3158 2683 τεττάρων
3183 2611 3351 2664 ἐθνῶν
3383 2609 3802 2679 ἐμνημόνευσε⁹

2204 2709 2300 2761 καὶ
2329 2706 2747 2775 αἰνιγματωδῶς
2775 2705 2879 2772 τὴν
2924 2704 3033 2757 τῶν
3086 2703 3258 2757 ἐθνῶν
3309 2703 3568 2757 ἁπάντων
3623 2718 3800 2772 μετα-

2205 2799 2368 2868 ϐολὴν
2399 2797 2774 2868 παρεδήλωσε,
2817 2797 3153 2866 σαφέστερον
3183 2795 3274 2848 τὸν
3309 2794 3468 2862 λόγον
3497 2794 3723 2851 ποιεῖσῆ

2279 2897 2368 2944 ια’.
2407 2908 2426 2940 ι
2466 2891 2576 2943 Καὶ
2603 2890 3083 2960 προσκυνήσουσιν
3120 2888 3271 2959 αὐτῷ
3300 2888 3505 2952 πάντες
3533 2889 3586 2942 οἱ
3637 2887 3802 2958 βασι-

2205 2983 2318 3047 λεῖς
2362 2982 2462 3052 τῆς
2507 2982 2610 3052 γῆς
2633 2982 2696 3036 ⁸⁸.
2764 3002 2784 3035 ι
2825 2982 2889 3034 Οἱ
2923 2982 3022 3051 μὲν
3074 2982 3214 3035 κατά
3246 2981 3340 3034 τὸν
3383 2981 3637 3052 παρόντα
3679 2981 3793 3047 βίον

523 3085 655 3124 vero
672 3085 865 3125 omnes
900 3078 1024 3138 post
1047 3068 1520 3123 resurrectionem.
1557 3083 1575 3116 ι
1608 3064 1856 3118 Nondum
1881 3065 2049 3128 enim,
2080 3083 2097 3115 ι

2205 3076 2424 3138 ἑκόντες
2445 3091 2459 3104 ·
2508 3076 2558 3128 οἱ
2585 3073 2644 3126 δὲ
2677 3073 2815 3144 μετὰ
2845 3074 2947 3142 τὴν
2991 3074 3293 3127 ἀνάστασιν
3327 3072 3590 3135 ἅπαντες.
3629 3091 3646 3123 ι
3690 3072 3800 3126 Οὓ-

525 3163 672 3218 sicut
701 3162 833 3216 dicit
863 3161 1083 3216 divinus
1128 3159 1444 3229 Apostolus,
1481 3175 1500 3209 ι
1538 3158 1786 3213 videmus
1815 3157 1890 3211 illi
1921 3157 2105 3210 omnia

526 3254 775 3321 Subiecta
805 3254 850 3318 ⁸,
903 3271 920 3304 ι
965 3253 1062 3308 sed
1099 3257 1235 3307 tunc
1267 3268 1286 3301 ι
1321 3250 1396 3304 illi
1442 3250 1692 3304 llectetur
1721 3263 1886 3302 omne
1943 3263 2106 3318 genu,

528 3345 879 3412 cmlestium,
936 3353 990 3399 et
1013 3343 1385 3408 terrestrium,
1434 3351 1490 3396 et
1537 3340 1948 3394 infernorum".
1997 3357 2112 3390 ι-

533 3456 554 3489 ι
586 3435 790 3491 Omnes
818 3445 1006 3505 gentes
1054 3437 1291 3491 servient
1318 3435 1390 3489 ei.
1431 3453 1449 3484 ι
1489 3430 1618 3487 llaec
1659 3430 1986 3501 patriarcha:
2021 3429 2113 3484 Ja-

532 3528 656 3582 Cobi
685 3525 1062 3581 vaticinationi
1097 3525 1432 3595 respondent
1461 3541 1475 3577 :
1523 3541 1542 3574 ι
1574 3521 1844 3588 Quoniam
1870 3520 1985 3589 ipse
2009 3521 2114 3575 erit

529 3615 868 3686 exspectatio
915 3614 1159 3683 gentium
1184 3623 1232 3668 ν.
1274 3631 1292 3664 ι
1336 3611 1609 3667 Caeterum
1646 3609 2016 3679 praedictionis
2051 3608 2113 3661 li-

531 3722 656 3763 nem
692 3705 944 3761 videmns
976 3724 988 3759 :
1035 3704 1164 3767 quia
1201 3719 1310 3757 non
1369 3712 1451 3757 est
1487 3717 1621 3772 gens
1668 3715 1792 3770 quae
1833 3699 2112 3770 Evangelii

532 3798 980 3870 praedicationem
1015 3812 1128 3852 non
1159 3795 1416 3860 audierit,
1466 3794 1558 3850 sed
1610 3801 1740 3848 sunt
1786 3792 1839 3848 in
1883 3790 2114 3862 singulis

528 3891 624 3962 qui
659 3891 858 3946 divinae
889 3888 1222 3960 cognitionis
1252 3889 1436 3942 lumen
1468 3894 1819 3957 acceperunt.

603 4069 769 4125 Vens.
798 4068 886 4134 Η,
911 4067 999 4123 l3.
1039 4065 1206 4134 «Quia
1231 4064 1788 4135 liberavitpaupcrcm
1809 4077 1838 4116 a
1869 4069 2106 4133 potente,

531 4173 585 4218 et
628 4176 922 4233 pauperem
953 4162 1040 4215 cui
1066 4177 1173 4215 non
1215 4169 1335 4215 erat
1375 4159 1614 4229 adiutor.
1657 4155 1852 4210 Parcet
1883 4154 2110 4224 pauperi

528 4265 584 4311 et
623 4255 794 4324 inepi,
843 4263 896 4309 et
938 4255 1150 4308 animas
1195 4265 1495 4323 pauperum
1547 4249 1764 4320 [108
1815 4249 2000 4304 salvas
2047 4246 2120 4302 fa-

2210 3166 2360 3220 δέπω
2386 3166 2530 3237 γὰρ,
2570 3185 2587 3218 ι
2623 3159 2657 3239 ᾖ
2693 3182 2860 3235 φησιν
2884 3167 2912 3218 ὁ
2941 3164 3088 3227 θεῖος
3136 3163 3492 3229 Ἀπόστολος,
3515 3183 3534 3215 ‹
3575 3164 3811 3234 δρῶμεν

2209 3258 2359 3328 αὺτῷ
2388 3258 2456 3311 τὰ
2483 3257 2662 3310 πάντα
2680 3257 3098 3325 ὑποτεταγμένα
3118 3295 3132 3320 ,
3171 3273 3190 3304 ι
3214 3254 3350 3309 ἀλλὰ
3367 3255 3488 3309 τότε
3518 3272 3537 3304 ι
3581 3255 3804 3324 κάμψει

2210 3351 2358 3421 αὐτῷ
2390 3352 2498 3404 πᾶν
2536 3349 2666 3419 γόνυ
2696 3348 3071 3418 ἐπουρανίων,
3107 3346 3201 3400 καὶ
3243 3346 3507 3415 ἐπιγείων
3527 3387 3541 3410 ,
3573 3346 3670 3399 καὶ⁵
3703 3363 3805 3399 κα-

2209 3441 2531 3512 ταχθονίων.
2593 3460 2612 3494 ι
2667 3471 2737 3482 --
2791 3457 2810 3488 ι
2873 3440 3060 3493 Πάντα
3117 3438 3186 3492 τὰ
3233 3437 3362 3510 ἔθνη
3409 3435 3812 3491 δουλεύσουσιν

2211 3533 2382 3603 αὐτῷ.
2431 3552 2449 3585 ι
2493 3532 2793 3602 Συμόαίνει
2832 3530 3004 3585 ταῦτα
3044 3531 3112 3600 τῇ
3160 3528 3256 3583 τοῦ
3293 3529 3640 3598 πατριάρχου
3687 3529 3804 3582 Ἰα-

2213 3622 2330 3678 κὼϐ
2364 3623 2693 3692 προφητείᾳ,
2741 3640 2760 3672 ι
2813 3621 2936 3674 Ὅτι
2980 3619 3144 3683 αὐτὸς
3187 3618 3488 3690 προσδοκία
3533 3618 3728 3671 ἐθνῶν.
3774 3638 3796 3670 ι

2218 3711 2474 3785 Ὀρῶμεν
2495 3712 2552 3766 δὲ
2589 3713 2684 3765 καὶ
2715 3711 2776 3764 τὸ
2811 3713 2914 3782 τῆς
2940 3711 3300 3782 προρρήσεως
3327 3709 3501 3771 τέλος·
3535 3708 3658 3761 οὐδὲ
3689 3708 3812 3779 γάρ

2215 3806 2364 3858 ἐστιν
2397 3803 2550 3866 ἔθνος
2572 3803 2680 3856 τῶν
2714 3801 3093 3871 εὐαγγελικῶν
3115 3801 3493 3871 κηρυγμάτων
3523 3800 3764 3870 ἀνήκοον
3783 3817 3802 3831 ·

2215 3897 2332 3953 ἀλλ’
2363 3897 2504 3950 είσὶν
2535 3899 2591 3950 ἐν
2623 3896 2840 3966 ἑκάστῳ
2868 3897 2918 3948 οἱ
2960 3895 3060 3965 τῆς
3087 3893 3425 3963 θεογνωσίας
3455 3893 3552 3964 τὴν
3602 3892 3808 3963 αἴγλην

2216 3988 2504 4058 δεξάμενοι
2524 3989 2592 4042 ⁸⁸.

2293 4080 2386 4151 ιβ’,
2419 4087 2511 4149 ιγ’.
2557 4097 2576 4130 ι
2615 4079 2734 4134 ’Ότι
2770 4076 3044 4150 ἐρρύσατο
3073 4076 3288 4148 πτωχὸν
3325 4078 3388 4130 ἐκ
3418 4075 3683 4130 δυνάστου
3717 4075 3813 4141 ⁷ο,

2220 4172 2316 4227 καὶ
2340 4172 2550 4242 πένητα
2577 4163 2622 4238 ᾧ
2655 4171 2754 4240 οὐχ
2777 4169 2992 4240 ὑπῆρχε
3029 4168 3245 4239 βοηθός.
3290 4167 3544 4221 Φείσεται
3579 4165 3808 4238 πτωχοῦ

2223 4265 2319 4318 καὶ
2367 4263 2600 4332 πένητος
2626 4302 2640 4325 ,
2698 4261 2793 4314 καὶ
2836 4261 3015 4330 ψυχὰς
3049 4261 3297 4330 πενήτων
3329 4259 3558 4314 σώσει.»
3617 4259 3809 4328 Προσ-

533 4349 662 4402 ciet.
701 4365 720 4398 ι
758 4345 1082 4401 Adorabunt
1127 4345 1303 4415 ipsum
1335 4357 1551 4406 omnes,
1593 4341 1660 4395 ab
1686 4342 1881 4397 acerba
1911 4340 2106 4396 diaboli

2224 4353 2548 4422 κυνήσουσιν
2571 4350 2614 4381 ⁷⁸
2650 4348 2801 4420 αὑτῷ
2839 4349 3080 4412 ἅπαντες
3101 4389 3117 4415 ,
3156 4353 3259 4418 τῆς
3320 4350 3526 4419 πικρᾶς
3555 4347 3648 4402 τοῦ
3681 4348 3807 4402 δια-

538 4437 823 4508 tyrannide
847 4437 1080 4492 liberati.
1108 4432 1381 4488 Potentem
1405 4432 1548 4487 enim
1575 4435 1756 4504 ipsum
1785 4432 2106 4504 appellarit;

2223 4421 2379 4497 δόλου
2437 4440 2754 4512 τυραννίδος
2813 4441 3246 4508 ἀπαλλαγέντες.
3305 4439 3625 4506 Δυνὰστην
3689 4439 3815 4508 γάρ

534 4545 816 4598 pauperem
859 4544 1025 4593 vero,
1074 4527 1370 4581 humanam
1419 4535 1707 4590 naturam,
1762 4535 1950 4596 utpote
1996 4541 2118 4595 que

537 4631 667 4677 tunc
694 4621 955 4692 temporis
985 4619 1097 4676 Deo
1135 4619 1399 4676 destituta
1431 4628 1567 4674 erat.
1615 4617 1884 4672 Przeterea
1911 4618 2112 4672 divinis

535 4715 652 4769 suis
683 4716 894 4787 legibus
927 4722 1172 4784 potentes
1222 4711 1493 4782 reprimit,
1545 4721 1600 4766 et
1647 4711 1909 4781 gebenna:
1953 4710 2118 4764 minis

537 4805 954 4875 perterrefacit,
1013 4803 1331 4874 ellicitque,
1384 4811 1443 4856 ut
1491 4801 1729 4874 quadam
1782 4801 2118 4872 indulgentia

537 4913 761 4960 utantur
824 4917 950 4974 erga
1011 4917 1296 4973 pauperes.
1362 4900 1476 4956 Hoc
1544 4900 1692 4958 enim
1761 4901 1927 4955 etiam
1998 4900 2119 4954 sub-

537 4994 740 5066 junxit.

2224 4533 2388 4588 αὐτὸν
2413 4533 2668 4602 ὠνόμασε
2689 4573 2705 4598 ,
2731 4531 2972 4600 πτωχὸν
2999 4531 3056 4584 δὲ
3081 4531 3180 4601 τὴν
3213 4530 3563 4602 ἀνθρωπείαν
3596 4529 3764 4597 φύσιν
3784 4569 3805 4593 ,

2219 4626 2295 4689 ὡς
2336 4625 2544 4696 ἔρημον
2583 4622 2882 4693 γενομένην
2920 4621 3228 4693 τηνικαῦτα
3273 4619 3435 4674 Θεοῦ.
3476 4619 3692 4682 Ἄλλως
3741 4635 3806 4671 τε

2220 4717 2315 4770 καὶ
2344 4718 2457 4779 τοῖς
2484 4714 2650 4776 θείοις
2680 4714 2846 4767 αὑτοῦ
2874 4713 3061 4782 νόμοις
3093 4712 3447 4768 καταστέλλει
3481 4713 3608 4775 τοὺς
3644 4711 3812 4764 δυνα-

2224 4807 2534 4871 στεύοντας,
2559 4808 2653 4860 καὶ
2681 4809 2800 4870 ταῖς
2825 4810 2925 4877 τῆς
2951 4808 3180 4876 γεέννης
3207 4805 3459 4869 ἀπειλαῖς
3483 4803 3810 4872 καταπλήτ-

2221 4918 2341 4962 τει,
2398 4898 2493 4952 καὶ
2549 4898 2960 4968 παρασκευάζει
3012 4898 3180 4966 φειδώ
3233 4914 3356 4951 τινα
3397 4898 3508 4950 τῶν
3554 4896 3810 4966 πενήτων

2223 4987 2515 5043 ποιεῖσθαι.
2549 4986 2721 5040 Τοῦτο
2745 4988 2854 5059 γάρ
2889 4988 2984 5040 καὶ
3009 4988 3054 5019 ⁷³
3086 4988 3392 5058 ἐπήγαγεν.

621 5118 645 5146 τ
684 5109 877 5164 Matth.
919 5125 1008 5175 ιιι,
1045 5111 1102 5164 2.
1179 5115 1202 5146 ⁸
1237 5106 1374 5164 Gen.
1412 5122 1496 5173 ιιι,
1537 5107 1625 5162 M.
1709 5110 1727 5145 ί
1763 5106 1928 5161 Hebr.
1967 5121 2026 5168 ιι,
2058 5104 2106 5159 8.

2205 5113 2215 5140 ι
2255 5104 2489 5172 Philipp.
2529 5119 2587 5166 ιι,
2628 5102 2709 5157 l0.
2787 5113 2813 5141 '
2847 5103 2984 5159 Gen.
3021 5119 3168 5167 xux,
3217 5099 3298 5156 l0.

1627 5219 1861 5274 VARIE
1901 5217 2286 5273 LECTIONES
2322 5217 2406 5271 ET
2441 5216 2672 5272 ΝυΤίΕ.

653 5341 698 5373 ⁸⁷
743 5339 1028 5407 Φανερόν.
1085 5339 1207 5392 cod.
1267 5339 1286 5392 Ι
1333 5337 1456 5390 add.
1503 5336 1695 5405 λέγων.
1786 5335 2106 5407 ⁸⁸7Ᾱὶοἰοπε

2215 5405 2229 5407 _
2250 5334 2412 5407 ll_e_br.
2444 5340 2610 5407 “Dm:

1337 5409 1384 5439 ⁸ο
1407 5407 1528 5462 cod.
1564 5399 1585 5460 ί
1619 5407 1787 5460 Σαϐᾶ.
1811 5406 1912 5460 Alii
1938 5399 2143 5458 habent
2194 5404 2363 5458 Σαϐὰ.
2438 5405 2480 5435 ⁸⁸
2532 5407 2615 5456 Οί.
2661 5399 2832 5456 Ἀὺθει
2861 5417 2890 5454 a
2919 5402 3040 5454 cod.
3070 5399 3125 5452 2.

547 5408 707 5465 lectio
769 5411 822 5464 ll.
861 5410 893 5461 I.
925 5417 1007 5462 est
1042 5409 1263 5477 Θαρσίς.

555 5480 730 5549 μίσαι.
807 5480 852 5510 ⁸⁸
878 5475 1213 5532 Ἔδωκεξῑιι
1244 5477 1431 5532 cod.l
1485 5477 1703 5545 ponitur
1754 5485 1876 5546 post
1947 5493 2106 5546 σκορι

555 5549 866 5599 πιστεύουσι
1003 5549 1047 5578 ⁸³
1113 5549 1241 5599 Τοῦ.
1307 5549 1467 5599 Abest
1542 5561 1572 5598 a
1631 5545 1750 5599 cod.
1807 5545 1862 5598 ‘2.
1937 5546 1984 5576 ⁸⁸
2007 5545 2097 5599 Δέ.

2205 5491 2250 5529 ν.
2350 5475 2396 5505 ⁸⁸
2442 5475 2652 5534 Ἐξουο

2205 5559 2275 5598 es.
2339 5543 2392 5597 in
2439 5543 2562 5596 cod.
2617 5541 2652 5594 2

2083 5583 2097 5598 .
2154 5558 2275 5598 D83.
2339 5560 2392 5597 Ill
2439 5558 2562 5596 C00.
2617 5558 2671 5596 Ζ.

552 5545 866 5602 πιστεύουσι
1003 5549 1047 5578 ⁸³
1113 5549 1241 5602 Τοῦ.
1307 5549 1467 5600 Abest
1542 5561 1572 5598 a
1631 5545 1765 5599 cod.
1807 5545 1862 5598 ‘2.

2649 5333 2738 5402 qui
2793 5332 2845 5384 in
2901 5331 3120 5402 desertis
3191 5329 3498 5402 habitant._
3568 5332 3614 5362 "
3670 5331 3801 5388 Rec.

3229 5400 3273 5429 ⁸³
3305 5401 3426 5452 cod.
3481 5400 3502 5452 1
3567 5416 3807 5470 προσκο-

2350 5472 2396 5505 ⁶¹ι
2442 5473 2788 5534 Ἐξουσίαν.
2847 5470 2972 5524 cod.
3030 5470 3053 5522 1
3129 5468 3254 5522 add.
3324 5470 3436 5532 τοῖς
3507 5468 3811 5532 sig—addi;

2751 5542 2794 5573 ⁵⁷
2849 5540 3027 5593 Ποιεῖ.
3085 5539 3211 5592 cod.
3284 5537 3307 5591 1
3373 5537 3501 5593 add.
3553 5540 3646 5593 διά
3684 5541 3813 5601 ,τῶν

556 5618 702 5685 ἑξῆς.
781 5621 821 5650 δι’
854 5617 974 5686 Τῆς
1021 5616 1150 5687 γῆς.
1184 5618 1418 5672 Additur
1445 5616 1498 5668 in
1537 5614 1752 5687 edit._et
1783 5614 2106 5687 Compl.__"

2205 5613 2491 5687 εξάμενρι.
2514 5611 2636 5667 cod.
2666 5611 2692 5664 1
2721 5609 2858 5687 add._
2879 5612 2974 5687 καὶ
2991 5609 3132 5670 τίνος
3148 5607 3334 5687 ἔνεικεν
3357 5607 3530 5687 λέγει,
3619 5610 3667 5642 νο
3678 5611 3807 5687 ,νεῖκ

557 5683 885 5744 δυνάστου,
920 5683 1090 5742 Hebr.
1117 5689 1280 5752 ww"):
1311 5688 1627 5757 clumqntem
1661 5683 1868 5757 Symtn.
1922 5684 2224 5756 ὀμώζοντα.

567 5759 732 5810 ἐστιν.
809 5760 853 5790 τ’
888 5759 1014 5815 Καί.
1047 5761 1214 5816 Abest
1249 5776 1276 5814 ιι
1312 5757 1432 5814 cod.
1463 5754 1520 5807 2.

2324 5685 2368 5718 ⁷⁸
2403 5685 2705 5752 Προσκυν.
2762 5680 2882 5736 cod.
2921 5680 2942 5734 1
2997 5693 3184 5751 prtem.
3221 5676 3250 5731 δ
3277 5675 3336 5732 δὲ
3376 5677 3520 5748 λέγει
3559 5679 3812 5734 τοιοῦτόν
