4112 6410
1535 340 2030 401 TIIEODORETI
2081 339 2424 401 EPISCOPI
2485 339 2856 401 CYRENSIS

543 348 683 413 Ml.)
1535 346 2030 401 TIIEODORETI
2081 346 2423 401 EPISCOPI
2485 346 2856 401 CYRENSIS
3677 346 3834 416 καί

535 457 853 516 hominibus
883 459 1226 525 procuraret,
1264 449 1411 504 lrunc
1461 450 1792 519 conscripsit
1829 449 2120 519 psalmum,

2230 466 2404 518 μενοι.
2459 448 2649 503 Ταῦτα
2699 451 2732 519 ἡ
2785 448 2882 503 τοῦ
2943 450 3213 519 παναγίου
3272 452 3590 523 Πνεύματος
3651 459 3817 531 χάρις

534 562 591 606 et
621 551 836 604 illorum
870 543 1314 598 ratiocinationes
1349 541 1525 611 palam
1559 542 1877 602 enuntians,
1912 540 2120 612 1114

2231 539 2520 610 πόρρωθεν
2537 539 2852 611 προορῶσα,
2874 540 3146 610 ὠφέλειαν
3165 543 3395 606 ἐκείνοις
3414 550 3814 620 μηχανωμένη,

535 653 589 697 et
625 640 982 710 quaesitorum
1010 635 1338 690 solutionem
1365 633 1620 690 aﬂercns.
1664 634 1931 706 Congruit
1959 636 2120 705 igitur

2231 629 2326 681 καὶ
2357 629 2543 700 μέντοι
2583 632 2677 683 καὶ
2714 631 2884 684 πᾶσιν
2929 629 3274 702 ἀνθρώποις,
3330 632 3522 688 τοῦτον
3564 635 3816 710 γέγραφε

536 732 729 802 psalmi
759 729 1004 783 doctrina
1041 726 1318 792 omnibus,
1350 726 1442 795 qui
1479 725 1682 781 similia
1723 726 2124 781 ratiocinantur

535 828 618 880 vel
648 826 967 893 loquuntur.
1001 818 1393 873 Verumtamen
1418 835 1483 872 cx
1519 834 1752 888 persona
1785 835 1976 874 eorum
2009 819 2122 874 for-

537 928 736 976 matur,
788 915 879 984 qui
937 914 990 966 in
1044 911 1276 980 patriam
1328 911 1533 964 reversi
1583 919 1761 975 erant,
1819 919 1874 964 et
1923 911 2124 964 mentis

535 1010 888 1079 agitationem
918 1005 1270 1060 enarrabant.
1307 1021 1325 1053 ι
1367 1001 1540 1069 Quam
1570 1003 1748 1058 bonus
1777 1004 1916 1058 Deus
1951 1001 2126 1057 Israe-

535 1102 624 1156 lis.
659 1121 676 1152 ι
722 1098 895 1163 Quam
927 1113 1033 1149 non
1065 1094 1437 1162 comparative
1473 1093 1678 1160 posuit,
1713 1092 1809 1147 sed
1843 1101 1902 1145 ut
1937 1106 2128 1146 exces-

536 1209 656 1249 sum
699 1190 962 1246 bonitatis
986 1189 1320 1242 ostenderet.
1358 1184 1498 1238 Dicit
1548 1195 1732 1244 autem
1785 1183 1954 1238 Deum
1986 1198 2125 1252 quo-

534 1303 642 1356 que
677 1285 896 1338 Israelis
921 1281 1149 1334 multam
1175 1293 1363 1332 curam
1389 1293 1595 1348 gerere.
1628 1297 1646 1327 ι
1694 1275 1790 1330 liis
1835 1275 1929 1349 qui
1969 1283 2120 1329 recto

535 1390 664 1433 sunt
708 1375 890 1430 corde.
935 1391 952 1423 ι
1007 1370 1112 1426 Sed
1146 1371 1249 1425 hoc
1272 1386 1380 1424 non
1419 1384 1614 1424 omnes
1638 1369 1844 1431 sciunt,
1899 1365 1994 1421 sed
2023 1365 2114 1435 qui

534 1471 700 1527 rectis
725 1479 777 1522 et
818 1465 969 1522 sanis
999 1462 1424 1534 cogitationibus
1453 1470 1698 1516 utuntur.
1734 1457 1824 1516 Sic
1853 1456 1964 1514 illis
1994 1457 2115 1512 lau-

533 1563 676 1617 datis
725 1558 1070 1632 propriarum
1123 1554 1514 1625 cogitationum
1563 1551 1915 1622 agitationem
1963 1556 2117 1620 pate-

533 1655 684 1710 facit.

2226 719 2320 772 τὸν
2350 719 2563 790 ψαλμὸν
2577 722 2644 786 ⁸³,
2667 723 2764 775 καὶ
2779 722 2906 786 τοὺς
2928 723 3156 778 ἐκείνων
3187 725 3380 794 σαφῶς
3402 724 3815 796 ἐξαγγέλλουσα

2228 812 2546 882 λογισμοὺς,
2589 816 2684 867 καὶ
2709 814 2819 867 τῶν
2851 815 3204 885 ζητουμένων
3254 817 3357 885 τὴν
3384 817 3540 872 λύσιν
3569 822 3817 890 προσφέ-

2229 919 2417 975 ρουσα.
2461 904 2751 974 Ἀρμόττει
2785 906 2884 976 μὲν
2915 901 3010 960 οὖν
3059 907 3264 962 ἅπασιν
3281 909 3328 939 δι
3371 910 3404 979 ὴ
3456 908 3549 963 τοῦ
3579 910 3808 981 ψαλμοῦ

2229 992 2552 1047 διδασκαλία
2601 997 2716 1057 τοῖς
2773 996 2846 1048 τὰ
2888 996 3116 1050 τοιαῦτα
3176 997 3268 1068 ﬁ"
3320 998 3716 1070 λογιζομένοις,
3775 1002 3812 1074 ἢ

2231 1084 2623 1152 φθεγγομένοις
2648 1103 2661 1117 ·
2695 1087 3100 1156 ἐσχημάτισται
3123 1089 3180 1141 δὲ
3213 1090 3384 1158 ὅμως,
3415 1090 3554 1153 ὠ,³³
3581 1093 3640 1158 ἐξ
3669 1093 3817 1146 ὲκεί-

2228 1190 2335 1226 νων
2359 1174 2844 1244 ἐπανεληλυθότων
2882 1177 3005 1246 μὲν,
3049 1177 3427 1247 διηγουμένων
3465 1179 3524 1232 δὲ
3555 1179 3654 1248 τῆς
3694 1179 3817 1233 δια-

2227 1263 2378 1328 νοίας
2428 1265 2491 1318 τὸ
2539 1267 2733 1330 πάθος.
2803 1287 2821 1320 ι
2888 1267 3033 1332 Ὠς⁶⁷
3093 1269 3296 1338 ἀγαθὸς
3365 1271 3394 1322 ό
3449 1271 3582 1334 Θεὸς
3652 1270 3816 1325 τοῦτ⁸

2246 1358 2490 1429 Ἰσραήλ.
2534 1379 2552 1411 ι
2589 1361 2662 1414 Τὸ
2711 1361 2790 1426 ὠς
2821 1361 2884 1415 οὐ
2928 1364 3318 1434 παραϐολικῶς
3365 1365 3636 1430 τέθεικεν.
3672 1367 3816 1423 ἀλλὰ

2222 1450 2322 1520 τῆς
2360 1451 2698 1524 ἀγαθότητος
2755 1453 2971 1516 δεικνὺς
3013 1456 3115 1526 τὴν
3163 1456 3504 1528 ὑπερϐολήν.
3537 1457 3702 1527 Λέγει
3754 1459 3814 1514 δὲ

2221 1543 2305 1596 ὅτι
2329 1545 2532 1617 πολλὴν
2564 1545 2660 1600 καὶ
2678 1548 2722 1579 ⁵⁸
2753 1548 2781 1600 ό
2812 1546 2946 1612 Θεὸς
2985 1547 3081 1600 τοῦ
3127 1546 3348 1619 Ἰσραὴλ
3391 1552 3626 1604 ποιεῖται
3654 1551 3817 1621 κηδε-

2227 1634 2420 1703 μονίαν
2449 1637 2516 1690 ⁸⁸.
2548 1655 2567 1688 ι
2602 1637 2727 1700 Τοῖς
2755 1636 2945 1690 εύθέσι
2966 1640 3032 1709 τῇ
3061 1639 3264 1709 καρδία
3285 1641 3352 1693 ⁸⁸.
3394 1659 3413 1693 ι
3456 1640 3618 1694 ’Δλλὰ
3649 1641 3816 1696 τοῦτο

531 1749 593 1802 οὺ
630 1746 832 1808 πάντες
857 1741 1056 1803 ῐσασιν,
1103 1736 1223 1791 ἀλλ’
1251 1738 1300 1790 οἱ
1328 1735 1513 1808 ὀρθοῖς
1547 1735 1641 1788 καὶ
1670 1735 1850 1802 ὺγιέσι
1907 1729 2184 1804 χρώμενοι
2245 1731 2554 1802 λογισμοῖς.
2611 1727 2800 1793 Οὕτως
2854 1727 3101 1794 ἑκείνους
3119 1731 3571 1800 έπαινέσας,τῶν
3588 1732 3816 1788 οίκείων

532 1840 810 1911 λογισμῶν
834 1839 1149 1912 δημοσιεύει
1179 1841 1281 1910 τὴν
1309 1837 1500 1908 ζάλην.

606 1934 773 1990 Vens.
809 1935 864 1990 2.
911 1953 929 1986 ι
976 1934 1147 1990 Pedes
1189 1942 1370 1988 autem
1409 1931 1514 1986 mei
1557 1945 1691 2000 pene
1724 1931 1856 1984 moti
1905 1938 2054 1985 sunt.
2095 1947 2114 1981 ι

2295 1920 2363 1990 β’.
2404 1937 2424 1971 ι
2475 1916 2644 1988 Ἐμοῦ
2697 1916 2756 1969 δὲ
2781 1917 2825 1949 ⁸⁸
2870 1916 3020 1988 παρὰ
3065 1915 3265 1989 μικρὸν
3317 1914 3693 1987 ὲσαλεύθησαν
3758 1923 3817 1976 οἱ

534 2024 648 2094 Ego
684 2027 847 2094 igitur
882 2025 992 2080 fere
1021 2041 1050 2079 a
1079 2023 1291 2094 propria
1324 2023 1410 2076 via
1439 2021 1708 2076 abductus
1737 2037 1883 2077 sum.
1923 2042 1941 2074 ι
1981 2022 2124 2076 Pene

531 2117 688 2172 eﬂusi
725 2125 852 2172 sunt
895 2133 1117 2187 gressus
1161 2120 1176 2138 '
1210 2117 1338 2170 mei.
1375 2134 1394 2166 ι
1430 2112 1797 2184 Symmachus
1832 2123 2014 2168 autem
2044 2115 2126 2169 sic

532 2209 694 2264 vertit
725 2226 740 2263 :
773 2207 1165 2278 Propemodum
1203 2208 1379 2262 soluta
1413 2217 1535 2262 sunt
1582 2223 1643 2260 ea
1672 2222 1789 2276 qua?
1833 2207 2123 2276 fulciebant

531 2318 632 2358 me.
657 2301 1004 2358 l’ericlitalus
1044 2317 1190 2365 sum,
1229 2300 1424 2372 inquit,
1460 2315 1527 2353 ne
1555 2299 1865 2354 exciderem
1907 2315 1938 2354 a
1976 2299 2126 2356 sanis

531 2403 585 2448 et
623 2396 794 2449 ﬁrmis
829 2393 1285 2464 cogitationibus,
1341 2402 1397 2448 et
1463 2389 1762 2462 perferrem
1821 2391 2123 2446 maximum

531 2488 770 2558 lapsum.
823 2487 938 2542 lloc
992 2489 1138 2541 enim
1190 2486 1464 2558 signiﬁcat
1496 2485 1651 2552 effusi
1682 2493 1826 2548 sunt,
1862 2493 2124 2555 tanquam

533 2596 593 2636 re
615 2580 808 2645 eﬁ‘usa,
832 2589 886 2634 et
916 2579 1204 2643 dissalnta,
1231 2589 1285 2632 et
1313 2577 1726 2633 subterﬂuente.
1749 2574 1916 2630 Pedes
1941 2585 2124 2631 autem

533 2681 587 2726 et
614 2688 849 2742 gressus,
886 2687 981 2740 per
1012 2671 1430 2726 translationem
1465 2667 1912 2726 ratiocinationes
1944 2676 2122 2724 vocat.

530 2762 736 2820 Deinde
765 2777 989 2819 causam
1016 2763 1215 2833 aperit.

601 2943 765 3006 Vsus.
797 2948 852 3002 5.
888 2966 906 3000 ι
941 2946 1080 3013 Quia
1107 2945 1225 3000 zelo
1249 2943 1432 3000 exarsi
1467 2958 1630 3014 super
1661 2942 1904 3013 iniquos,
1934 2955 2123 3011 pacem

528 3052 879 3113 peccatorum
913 3039 1127 3096 videns.
1161 3057 1179 3090 ι
1221 3036 1425 3094 Urebar
1449 3038 1617 3103 enim,
1650 3035 1842 3090 videns
1874 3034 2126 3088 homines

529 3132 696 3203 impie
728 3141 786 3186 et
832 3131 1018 3199 inique
1057 3129 1300 3183 viventes
1345 3128 1398 3183 in
1448 3143 1604 3199 pace,
1649 3137 1814 3197 atque
1857 3126 1910 3180 in
1955 3124 2123 3179 multa

531 3221 814 3278 felicitate.
872 3219 1161 3292 [Videmus
1213 3228 1396 3274 autem
1439 3235 1586 3274 nunc
1637 3219 1800 3274 etiam
1855 3216 2120 3288 quosdam

2226 2014 2406 2076 πόδες.
2447 2029 2466 2064 ι
2526 2009 2668 2078 Ἐγὼ
2701 2009 2804 2079 μέν
2849 2025 2935 2062 τοι
2985 2008 3185 2080 μικροῦ
3231 2009 3345 2062 δεῖν
3390 2009 3491 2078 τῆς
3532 2009 3815 2072 οἰκείας⁶⁸

2223 2103 2535 2174 ἐξετράπην
2561 2099 2710 2155 ὁδοῦ.
2748 2123 2767 2152 ι
2798 2101 2937 2172 Παρ’
2962 2103 3008 2134 ⁸⁸
3039 2101 3222 2169 ὀλίγον
3247 2099 3478 2171 ἐξεχύθη
3519 2099 3588 2152 τὰ
3614 2099 3815 2172 διαϐή-

2226 2194 2374 2269 ματά
2399 2211 2521 2264 μου.
2561 2211 2580 2244 ι
2634 2193 2693 2245 '0
2722 2191 2780 2246 δὲ
2823 2194 3118 2262 Σύμμαχος
3173 2192 3382 2256 οὓτως·
3439 2193 3582 2260 Παρ’
3623 2191 3817 2248 οὐδὲν

2222 2287 2414 2354 ἐλύθη
2437 2287 2509 2340 τὰ
2539 2285 2918 2353 ὐπορθοῦντά
2938 2302 3034 2354 με.
3071 2285 3195 2339 Τῶν
3230 2285 3610 2353 ὑγιαινόντων,
3647 2285 3814 2355 φησι,

2225 2380 2320 2432 καὶ
2349 2377 2742 2450 ύπερειδόντων
2771 2379 3030 2432 ἐκπεσεῖν
3087 2378 3447 2432 ἐκινδύνευσα
3497 2378 3814 2448 λογισμῶν,

2225 2471 2320 2524 καὶ
2348 2470 2562 2524 ὄλισθον
2615 2469 2888 2540 ὑπέμεινα
2932 2469 2999 2523 ἂν
3054 2468 3330 2541 μέγιστον.
3387 2469 3560 2524 Τοῦτο
3585 2471 3696 2540 γὰρ
3750 2469 3820 2525 τὸ

2224 2562 2482 2632 ἐξεχύθη
2509 2562 2680 2632 δηλοῖ,
2735 2561 2811 2624 ὡς
2864 2560 2958 2615 τοῦ
3007 2561 3375 2632 ἐκχεομένου,
3428 2562 3816 2632 διαλυομένου,

2226 2655 2322 2708 καὶ
2356 2655 2746 2726 ὑπορρέοντος·
2803 2654 2998 2720 πόδας
3053 2654 3112 2707 δὲ
3171 2654 3266 2708 καὶ
3302 2653 3637 2723 διαδήματα
3676 2655 3818 2722 τοὺς

2225 2745 2521 2818 λογισμοὺς
2566 2746 2726 2802 καλεῖ
2779 2747 3080 2820 τροπικῶς.
3131 2741 3266 2801 Εἶτα
3313 2749 3411 2801 καὶ
3460 2749 3561 2820 τὴν
3621 2748 3816 2803 αἰτίαν

2225 2838 2394 2908 λέγει.

2297 2937 2362 2998 γ’.
2402 2948 2421 2983 ι
2461 2930 2586 2983 Ὀτι
2635 2929 2886 3002 ἐζήλωσα
2925 2932 3022 2984 ἐπὶ
3083 2931 3196 2995 τοῖς
3256 2930 3514 3000 ἀνόμοις,
3583 2931 3810 3003 εἰρήνην

2227 3021 2568 3093 ἁμαρτωλῶν
2598 3021 2840 3091 θεωρῶν.
2880 3041 2900 3076 ι
2944 3021 3404 3093 Ἐπυρπολούμην
3433 3022 3562 3094 γὰρ,
3593 3022 3805 3092 βλέπων

2227 3115 2352 3178 τοὺς
2424 3113 2716 3184 δυσσεϐεία
2774 3115 2869 3168 καὶ
2936 3113 3258 3184 παρανομίᾳ
3281 3115 3325 3145 ⁶⁵
3395 3112 3676 3177 συζῶντας
3750 3115 3810 3168 ὲν

2228 3205 2420 3276 εἰρήνῃ
2452 3205 2545 3258 καὶ
2575 3204 2847 3276 εὐποτμίᾳ
2883 3204 3070 3275 πολλῇ.
3119 3203 3186 3278 [⁸⁸
3218 3204 3464 3276 Ὀρῶμεν
3492 3204 3549 3258 δὲ
3579 3205 3676 3258 καὶ⁹
3707 3205 3810 3260 νῦν

528 3315 697 3370 simili
733 3313 846 3368 fere
877 3312 1037 3366 modo
1063 3313 1348 3381 loquentes
1388 3319 1580 3366 c-mtra
1614 3307 1912 3364 nonnullos
1941 3307 2116 3376 quiin

2224 3313 2374 3360 τινας
2425 3299 2494 3350 τὰ
2571 3297 2934 3369 παραπλήσια
3014 3297 3246 3361 ἐκείνοις
3329 3298 3588 3366 λέγοντας
3663 3299 3812 3353 κατά

533 3405 750 3478 1115
793 3405 1070 3475 impietate
1117 3415 1170 3460 et
1215 3404 1443 3459 avaritia
1491 3403 1702 3466 vivunt,
1740 3411 1795 3457 et
1831 3399 2003 3472 gloria
2053 3413 2118 3456 ac

529 3497 746 3566 opibus,
778 3503 836 3549 ut
865 3503 1079 3565 putant,
1105 3494 1158 3549 in
1187 3495 1322 3549 alios
1352 3487 1756 3562 dominantur.]

603 3669 770 3726 Vens.
810 3671 864 3725 4.
920 3689 938 3723 ‹
972 3671 1110 3738 Quia
1143 3685 1250 3728 non
1280 3677 1364 3724 est
1399 3668 1672 3723 renutatio
1722 3666 1776 3721 in
1812 3674 1987 3721 morte
2025 3679 2120 3720 eo-

529 3778 706 3816 rum.»
749 3760 947 3830 Aquila
984 3771 1164 3816 autem
1195 3762 1275 3815 sic
1305 3755 1575 3829 expressit
1604 3774 1618 3810 ε
1660 3755 1781 3809 Non
1807 3765 1930 3811 sunt
1962 3755 2121 3826 wgri—

530 3853 733 3906 tudines
759 3853 916 3905 morti
946 3867 1150 3906 eorum.
1187 3848 1551 3920 Symmachus
1573 3862 1734 3903 vero:
1766 3846 1886 3901 Non
1917 3846 2118 3916 cogita-

527 3946 654 4000 bant
679 3944 741 3997 de
769 3955 938 3998 morte
971 3959 1090 3997 sua.
1123 3939 1242 3996 Non
1269 3939 1439 4004 enim,
1474 3938 1672 4006 inquit,
1705 3937 2118 3993 discriminibus

527 4037 719 4109 agitati
763 4037 832 4092 de
865 4037 1063 4107 seipsis
1093 4035 1479 4106 desperabant.
1520 4032 1693 4088 Porro
1733 4032 2008 4104 signiﬁcat
2033 4049 2118 4087 re-

528 4129 734 4181 nutatio
779 4125 1242 4196 denegationem:
1287 4124 1415 4194 quia
1464 4138 1564 4177 nos
1613 4123 1857 4178 volentes
1909 4122 2116 4191 aliquid

528 4234 762 4290 negare,
814 4217 1056 4271 abnuere
1107 4215 1368 4271 solemus.
1428 4235 1445 4267 ι
1486 4215 1552 4268 Et
1597 4214 2003 4268 ﬁrmamentum
2062 4215 2114 4268 in

529 4310 687 4378 plaga
713 4322 925 4363 eorum.
968 4325 986 4358 ι
1024 4306 1128 4361 [les
1163 4307 1368 4370 tristes,
1410 4305 1606 4378 inquit,
1640 4306 1936 4376 perexiguo
1975 4315 2114 4360 tem-

527 4401 678 4471 poris
707 4399 884 4470 spatio
910 4396 1042 4468 ipsis
1069 4397 1367 4454 adhaerent.

600 4492 766 4547 Vens.
796 4491 851 4545 5.
888 4509 907 4543 ι
942 4489 1001 4544 lu
1041 4489 1229 4545 labore
1263 4489 1550 4544 hominum
1581 4503 1689 4541 non
1714 4497 1865 4550 sunt,
1901 4495 1957 4541 et
1989 4502 2113 4542 cum

533 4582 846 4640 hominibus
870 4598 974 4638 non
1001 4581 1440 4656 ﬁagellabunlur.
1465 4599 1483 4632 ι
1515 4579 1782 4650 Prospere
1803 4587 1856 4634 et
1874 4594 1938 4633 ex
1963 4587 2112 4644 voto,

2221 3407 2381 3443 τινων
2403 3389 2512 3444 τῶν
2553 3391 2610 3444 ὲν
2664 3391 2956 3462 δυσσεϐείᾳ
3009 3391 3104 3444 καὶ
3159 3391 3444 3463 πλεονεξίᾳ
3490 3389 3806 3457 συζώντων,

2220 3483 2316 3536 καὶ
2341 3482 2558 3552 πλούτῳ
2579 3483 2674 3537 καὶ
2698 3482 2848 3557 δόξῃ,
2873 3485 2948 3548 ὡς
2971 3485 3274 3555 νομίζουσι,
3309 3483 3810 3539 καταδυναστευόν-

2218 3571 2374 3646 των.]

2289 3664 2352 3718 δ’.
2391 3684 2410 3718 ι
2442 3665 2566 3720 Ὅτι
2598 3667 2701 3719 οὐκ
2730 3665 2876 3720 ἐστιν
2905 3665 3199 3732 ἀνάνευσις
3218 3669 3261 3700 ⁶⁷
3289 3667 3348 3720 ὲν
3363 3667 3441 3738 τῷ
3463 3668 3678 3740 θανάτῳ
3707 3669 3807 3725 αύο

2217 3756 2347 3810 τῶν.
2365 3777 2381 3809 ι
2419 3757 2476 3812 ’0
2493 3757 2550 3811 δὲ
2583 3756 2817 3820 Ἀκύλας
2840 3756 3036 3821 οὕτως’
3055 3760 3176 3813 Οὐκ
3197 3759 3319 3812 εισι
3338 3757 3702 3816 δυσπάθειαι
3722 3760 3807 3827 τῷ

2217 3847 2452 3912 θανάτῳ
2472 3847 2674 3902 αὐτῶν
2696 3865 2710 3880 ο
2738 3850 2767 3902 ὁ
2789 3849 2844 3903 δὲ
2864 3849 3164 3920 Σύμμαχος
3189 3866 3204 3880 ο
3242 3852 3364 3904 Οὐκ
3391 3850 3807 3922 ἐνεθυμοῦντο

2217 3941 2350 4009 περὶ
2379 3940 2638 3995 θανάτου
2657 3941 2701 3973 ⁸⁸
2726 3940 2945 3996 αὐτῶν.
2978 3941 3112 3994 Ούδδ
3147 3941 3278 4014 γὰρ,
3302 3942 3467 4012 φησιν
3484 3945 3550 4008 ⁶⁹,
3583 3944 3642 3997 ὲν
3667 3961 3793 3997 κιν-

2213 4030 2389 4095 δύνοις
2419 4030 2800 4102 ἐξεταζόμενοι
2831 4033 2974 4102 σφᾶς
3037 4033 3236 4096 αὐτοὺς
3265 4033 3643 4104 ἀπηγόρευον.
3687 4037 3807 4089 Καὶ

2214 4125 2247 4194 ή
2273 4121 2594 4188 ἀνάνευσις
2616 4123 2673 4176 δὲ
2697 4124 2799 4194 τὴν
2829 4124 3205 4195 ἀπαγόρευσιν
3225 4125 3408 4193 δηλοῖ·
3435 4127 3809 4198 ἀπαγορεύειν

2214 4213 2320 4286 γάρ
2375 4231 2430 4267 τι
2489 4213 2806 4284 βουλόμενοι
2863 4216 3156 4268 ἁνάνευσιν
3193 4214 3488 4286 εἰώθαμεν.
3565 4235 3583 4267 ι
3625 4217 3739 4270 Καὶ
3760 4219 3809 4252 τ’

2216 4305 2509 4376 στερέωμα
2531 4306 2591 4357 ὲν
2617 4308 2681 4376 τῇ
2703 4305 2930 4376 μάστιγι
2956 4305 3191 4362 αὐτῶν.»
3220 4307 3364 4378 Πρὸς
3388 4307 3572 4374 ὀλίγον
3593 4309 3805 4375 αὐτοῖς.

2214 4395 2373 4466 φησὶ,
2405 4395 2634 4462 πελάζει
2656 4398 2699 4428 ⁷¹
2723 4397 2794 4450 τὰ
2825 4396 3047 4469 λυπηρά
3073 4399 3139 4454 τ’.

2285 4494 2348 4544 ε’.
2413 4506 2431 4540 ι
2483 4489 2573 4542 Ἐν
2617 4489 2807 4553 κόποις
2843 4489 3153 4560 ἀνθρώπων
3200 4490 3303 4544 οὐκ
3350 4491 3482 4556 εἶσὶ,
3532 4493 3628 4545 καὶ
3661 4491 3806 4560 μετὰ

2225 4577 2531 4649 ἀνθρώπων
2552 4577 2612 4632 οὐ
2636 4577 3173 4649 μαστιγωθησονται.
3215 4598 3233 4632 ι
3260 4578 3418 4634 Κατὰ
3445 4578 3574 4649 ῥοῦν
3595 4581 3807 4646 αὐτοῖς,

531 4675 746 4744 inquit,
799 4691 885 4731 res
926 4691 1117 4732 eorum
1159 4675 1436 4740 feruntur,
1482 4683 1537 4727 et
1577 4685 1756 4741 neque
1803 4670 2080 4727 laboribus
2105 4707 2120 4732 ,

2229 4675 2363 4744 φησὶ
2379 4673 2447 4738 ’³,
2476 4673 2546 4726 τὰ
2580 4673 2886 4746 πράγματα
2915 4674 3164 4743 φέρεται,
3197 4674 3292 4728 καὶ
3325 4671 3450 4726 οὔτε
3476 4674 3664 4738 πόνοις
3707 4677 3809 4727 καὶ

531 4786 707 4842 neque
741 4773 1022 4839 aerumnis,
1057 4785 1235 4841 neque
1283 4767 1735 4840 castigationibus
1763 4765 1928 4822 cincti
1983 4776 2114 4823 sunt

2224 4766 2642 4837 ταλαιπωρίαις,
2696 4764 2820 4820 οὔτε
2885 4763 3160 4828 παιδείαις
3219 4764 3643 4837 περιϐάλλονται
3689 4768 3808 4828 τοῖς

528 4862 761 4920 aliorum
796 4865 1078 4921 hominum
1112 4864 1299 4918 instar.

2224 4859 2404 4923 ἄλλοις
2431 4858 2742 4931 ἀνθρώποις
2776 4859 3199 4931 παραπλησίως.

1622 4967 1858 5022 ἾΛΠΗΕ
1899 4967 2290 5026 LECTIONES
2329 4971 2418 5027 ET
2456 4970 2687 5027 ΝΟΤίΕ.

599 5067 646 5099 ⁸³
677 5068 946 5139 Ψαλμόν.
1013 5065 1134 5139 cod.
1185 5065 1210 5118 1
1286 5065 1410 5139 add.
1433 5064 1578 5139 -διὰ-
1614 5063 1752 5139 τοῦ--
1779 5065 2070 5139 μακαρίου
2105 5071 2120 5118 Δ

2224 5067 2288 5139 ίδ.
2363 5066 2412 5098 ⁵⁸
2476 5068 2776 5139 "Armatae.
2824 5069 2951 5124 cod.
3007 5070 3032 5123 1
3095 5068 3190 5139 καὶ.
3250 5070 3416 5122 πᾶσιν
3464 5066 3808 5139 ἀνθρώποις.

532 5138 579 5170 ⁸⁸
620 5140 717 5192 Ἥ.
745 5134 915 5191 AbeSt
949 5151 979 5189 a
1014 5137 1137 5188 cod.
1177 5139 1228 5188 1.
1303 5136 1348 5166 ⁸⁸
1393 5134 1510 5201 Ὦς.
1548 5135 1673 5189 Des.
1719 5134 1852 5188 ibid.
1929 5135 1975 5166 "
2020 5135 2117 5201 Ὠς

530 5207 576 5238 ιιι
605 5208 715 5238 Τοῦ
769 5207 987 5238 ουκ-ιρι...
1021 5219 1112 5238 μορ
1170 5204 1331 5238 Ιοι-ιιίη
1365 5205 1396 5238 Ιι
1461 5206 1473 5238 Ι
1528 5204 1607 5238 eff.
1661 5220 1824 5238 nunc“
1859 5205 2023 5238 alio.“
2051 5221 2114 5238 nn

2224 5138 2340 5192 ehr.
2361 5147 2443 5226 ἰιι
2463 5139 2719 5207 profecto.
2754 5137 2965 5209 Symm.
2997 5139 3136 5209 πλὴν
3166 5138 3358 5201 ὅντως,
3387 5134 3614 5192 omnino
3652 5153 3811 5192 Vere.

2236 5219 2394 5238 “non...
2492 5209 2538 5238 89
2573 5209 2680 5238 νη]
2765 5211 2921 5238 Αιυιοι
2956 5225 2981 5238 ιι
3029 5210 3128 5238 ’.ΛΑ
3187 5208 3222 5238 Ο
3326 5210 3370 5238 60
3399 5207 3592 5238 1"...an
3681 5209 3786 5238 and

605 5208 736 5262 Τοῦ.
766 5207 994 5261 Praestat
1021 5219 1133 5258 rec.
1169 5204 1331 5258 lectio
1365 5205 1421 5258 h.
1460 5206 1496 5258 Ι.
1528 5204 1628 5274 τῷ,
1661 5220 1824 5274 quam
1859 5205 2023 5260 ctiam
2051 5205 2172 5260 cod.
2211 5204 2414 5264 tuctur'.
2463 5204 2538 5240 ’⁸⁸
2563 5204 2697 5264 Kal.
2755 5204 2926 5264 Abest
2954 5225 2982 5260 a
3028 5204 3151 5263 co'd.
3187 5208 3242 5262 2.
3326 5210 3370 5240 ⁶⁰
3395 5207 3614 5276 Κηδεμ.
3681 5209 3809 5276 eod.

533 5293 557 5346 1
595 5291 719 5362 add.
763 5290 856 5344 καὶ
887 5291 947 5343 οὐ
979 5287 1139 5342 τοῦτο
1173 5287 1353 5356 μόνον,
1384 5286 1520 5340 ἀλλὰ
1551 5271 1644 5340 καὶ
1676 5271 1895 5344 πάντων
1916 5287 2030 5342 ’τῶν
2062 5289 2142 5350 εἰς
2175 5289 2341 5342 αὑτὸν
2375 5293 2763 5346 πιστευόντων.
2843 5293 2886 5324 ⁶¹
2918 5293 3062 5346 Εὑθ.
3096 5289 3172 5358 τῇ
3198 5289 3432 5362 καρδίᾳ.
3467 5271 3634 5345 Hebr.
3671 5271 3808 5348 ηαθ
3841 5331 3896 5352 ---

527 5358 638 5433 :15
665 5373 811 5441 puris
842 5375 1018 5426 corde.
1063 5370 1281 5443 Syrum.
1324 5374 1438 5443 τοῖς
1477 5369 1736 5443 καθαροῖς
1781 5371 1882 5441 τὴν
1923 5370 2120 5442 καρδία

2254 5372 2297 5404 ιο
2324 5372 2418 5428 Δέ.
2453 5375 2576 5430 cod.
2620 5375 2866 5443 Ιλέγων.
2945 5375 2991 5406 η
3035 5358 3290 5440 οικείαςζ
3341 5373 3467 5428 cod.
3501 5373 3523 5426 ι
3562 5372 3799 5443 εὐθείᾳ.

532 5444 578 5473 ⁵⁸
607 5439 748 5510 [ldp'
773 5471 844 5484 σ-
869 5459 1012 5514 ppu.
1062 5439 1184 5496 Des.
1229 5442 1282 5493 in
1314 5441 1438 5493 cod.
1474 5441 1519 5493 l.
1598 5439 1641 5472 ⁵⁸
1670 5439 1892 5509 ΙΙαραὶι.
1957 5439 2082 5497 cod.

2224 5444 2477 5514 πονηρία.
2555 5447 2600 5478 ⁶⁶
2633 5446 2675 5500 Ε
2709 5439 2832 5502 cod.
2880 5446 2931 5501 1.
3010 5445 3052 5477 ⁸⁷
3089 5443 3450 5509 Ἀνάνευσις
3479 5473 3548 5483 ——
3579 5439 3799 5496 αὐτῶν.

531 5509 703 5580 Hebr.
733 5509 952 5584 :mb‘v
985 5532 1241 5584 1112311
1291 5522 1500 5576 vincula
1549 5523 1618 5576 ad
1660 5533 1881 5578 mortem
1924 5540 2104 5578 eorum

2224 5509 2377 5594 tuo."
2413 5509 2459 5559 ⁸⁸
2499 5530 2792 5582 Θανάτου.
2821 5527 2943 5583 cod.
2983 5525 3004 5581 1
3040 5536 3094 5582 et
3123 5529 3158 5580 9.
3192 5543 3379 5598 prann.
3408 5527 3525 5582 τοῦ.
3601 5526 3649 5558 ⁸⁸
3679 5523 3810 5592 Γὰρ

529 5623 742 5676 φησιν.
798 5608 919 5664 Des.
956 5609 1011 5663 in
1063 5609 1186 5662 cod.
1231 5607 1284 5659 1.
1361 5606 1406 5638 ⁷⁸
1436 5607 1546 5660 Καὶ
1578 5605 1893 5660 -αὺτῶν.
1937 5605 2100 5678 Hebr.

539 5673 582 5708 ιτ
605 5676 704 5708 ιιι-..1
761 5678 1186 5708 ο..-,.-..-⁶ιι.νε.
1291 5677 1335 5708 τί
1378 5675 1614 5708 Δμηηυυπῑ
1674 5678 1772 5708 tum!
1844 5678 1863 5708 Ι
1913 5679 2014 5708 ..Μ
2075 5697 2120 5708 υ.

2347 5620 2514 5694 avg-1:11
2549 5621 2599 5665 et
2653 5613 2844 5708 pingue
2883 5627 2932 5666 s.
2968 5609 3209 5696 validum
3259 5619 3337 5664 est
3393 5611 3806 5708 ςοὺον-Ᾱεοηιηξ.

535 5674 582 5708 ι’
604 5674 727 5757 cod.
761 5678 797 5732 2
820 5678 1213 5802 προσπελάζει.
1291 5677 1335 5708 ⁷⁸
1367 5675 1638 5743 Λυπηρά.
1673 5678 1796 5731 cod.
1844 5678 1865 5729 1
1911 5674 2039 5733 add.
2075 5697 2120 5734 κε

535 5750 794 5803 ﬁciuntur
825 5749 862 5804 il
888 5751 953 5805 is.
1031 5749 1076 5782 ⁷³
1105 5747 1284 5816 φησι.
1321 5747 1544 5813 Abesta
1576 5746 1697 5802 cod.
1730 5748 1754 5800 1
1784 5756 1838 5800 et
1875 5747 1931 5801 2.

2224 5682 2311 5735 ιύδ⁶
2339 5679 2514 5745 οὕτως
2560 5674 2921 5754 προσδέχεται
2965 5681 3128 5735 αὑτά.
3160 5691 3217 5737 et
3257 5696 3325 5736 ne
3364 5681 3442 5737 sic
3471 5679 3694 5752 quidem
3723 5674 3810 5732 af-
