4112 6414
432 347 572 414 14ί33

694 326 729 353 "
1718 343 1796 402 IN
1834 343 2038 402 esse
2075 338 2350 401 Lxxut.

3579 346 3721 411 1Ϊῖιᾶ

428 462 568 516 Θεὸν
604 457 905 529 ἐσχηκότες
945 454 1203 526 νυμφίον,
1238 454 1659 526 ἐξεπὸρνευσαν,
1690 452 1799 505 τῶν
1845 454 2030 522 δαιμό-

2140 455 2364 509 vitutcm
2404 455 2640 525 amplexi
2683 468 2885 513 essent.
2922 459 3127 515 \ernm
3179 474 3281 514 suo
3336 459 3585 531 periculo
3633 479 3722 518 sa-

428 572 538 609 νων
571 549 955 620 ἀσπασάμενοι
981 548 1078 617 τὴν
1108 546 1354 600 δουλείαν
1378 563 1392 575 ⁸
1428 547 1564 599 ἀλλὰ
1590 548 1654 616 τῇ
1708 545 1875 616 πείρᾳ
1925 562 2029 597 σω-

426 647 649 720 φρονεῖν
677 640 1023 712 διδαχθέντες
1053 639 1277 709 βοῶσιν’

496 733 607 803 κη’.
660 751 678 784 ι
727 732 883 802 Ἐμοὶ
914 729 973 785 δὲ
1005 730 1064 783 τὸ
1089 730 1133 762 ⁸³
1164 727 1607 801 προσκολλᾶσθαι
1639 727 1717 793 τῷ
1741 726 1861 797 Θεῷ
1891 728 2029 794 ἀγα-

425 824 518 882 θόν
567 828 708 888 ἐστι,
755 823 1001 877 τίθεσθαι
1036 824 1094 876 ἐν
1126 823 1207 893 τῷ
1234 822 1427 893 Κυρίῳ
1460 822 1558 892 τὴν
1606 821 1796 874 ἐλπίδα
1833 838 1956 890 μου.
2001 839 2021 871 ι

424 921 507 975 Δι’
540 918 724 975 αὐτῶν
753 916 862 987 γάρ
908 916 1018 969 τῶν
1052 916 1397 986 πραγμάτων
1444 914 1540 985 τὴν
1589 917 1787 986 πεῖραν
1820 913 2025 976 λαϐὼν,

425 1011 733 1083 ἀχώριστος
769 1009 967 1079 ἔσομαι
1014 1007 1110 1061 τοῦ
1162 1007 1473 1068 σεσωκότος
1509 1007 1667 1069 Θεοῦ,
1709 1006 1802 1058 καὶ
1847 1007 1912 1075 τῇ
1949 1006 2029 1067 είς

427 1103 593 1159 αὐτὸν
628 1100 805 1155 ἐλπίδι
839 1097 1307 1171 βεϐαιωθήσομαι.
1344 1116 1362 1148 ι
1402 1096 1509 1149 Τοῦ
1542 1096 1862 1163 ἐξαγγεῖλαί
1891 1113 1959 1165 με
1984 1095 2030 1127 ⁸⁸

430 1196 609 1259 πάσας
659 1194 759 1256 τὰς
795 1193 1035 1254 αἰνέσεις
1091 1207 1184 1243 σου
1222 1191 1289 1255 ⁸⁵,
1327 1191 1384 1243 ἐν
1429 1190 1474 1221 ⁵⁸
1520 1192 1639 1250 ταῖς
1683 1186 1884 1251 πύλαις
1928 1189 2028 1257 τῆς

431 1285 700 1356 θυγατρὸς
749 1284 907 1337 Σιών.
949 1305 965 1335 ι
1006 1282 1106 1336 Διά
1150 1282 1354 1352 ταύτης
1389 1281 1500 1351 γὰρ
1527 1282 1626 1350 τῆς
1672 1280 1886 1333 ἐλπίδος
1927 1281 2028 1350 τῆς

428 1377 687 1432 ἐπανόδου
720 1375 1023 1446 τετύχηκα,
1060 1373 1155 1426 καὶ
1184 1372 1285 1455 τὰς
1316 1371 1415 1433 σὰς
1457 1374 1516 1425 ὲν
1562 1373 1626 1442 τῇ
1671 1370 2029 1441 Ἰερουσαλὴμ

426 1470 735 1539 ἐξηγοῦμαι
796 1466 1273 1538 θαυματουργίας.
1341 1464 1558 1533 Ταύτην
1610 1463 1722 1534 γὰρ
1776 1464 2026 1533 ὠνόμασε

425 1560 727 1630 θυγατέρα
760 1557 931 1614 Σιών.
986 1559 1201 1628 ’Ὠσπερ
1233 1557 1341 1628 γὰρ
1381 1558 1531 1619 υἱοὺς
1562 1554 1868 1627 ἀνθρώπιον
1901 1557 2027 1620 τοὺς

424 1653 752 1725 ἀνθρώπους
778 1652 953 1713 καλεῖ,
980 1650 1121 1703 οὕτω
1149 1649 1428 1719 θυγατέρα
1446 1647 1585 1701 Σιὼν
1615 1648 1714 1719 τὴν
1738 1647 1878 1701 Σιὼν
1905 1649 2024 1702 ὀνο-

430 1744 614 1815 μάζει.
649 1743 930 1809 Διώνυμος
963 1742 1019 1794 δὲ
1049 1737 1117 1811 ἧν
1152 1744 1184 1810 ἠ
1221 1741 1375 1803 πόλις
1401 1757 1415 1771 ’
1448 1741 1480 1810 ὴ
1507 1740 1617 1809 γὰρ
1645 1739 1783 1810 αὐτὴ
1813 1738 1952 1793 Σιὼν
1978 1739 2022 1772 ⁸⁷

426 1837 525 1890 καὶ
566 1833 929 1906 Ἰερουσαλὴμ
957 1832 1060 1884 ὑπὸ
1085 1832 1183 1901 τῆς
1213 1830 1363 1894 θείας
1396 1830 1640 1884 καλεῖται
1673 1831 1916 1901 Γραφῆς.

750 1923 1017 1978 ΕΡΜΗΝ.
1062 1923 1202 1976 ΤΟΥ
1239 1923 1338 1976 Ol"
1377 1921 1702 1977 ΨΑΛΜΟΥ.

495 2017 566 2073 α’.
613 2036 632 2069 ι
676 2014 958 2078 Συνέσεως
999 2013 1078 2084 τῷ
1129 2013 1326 2084 Ἀσάφ.
1384 2032 1403 2066 ι
1456 2013 1570 2084 Τὴν
1612 2014 1878 2084 ἐσομένην
1924 2013 2027 2084 τῆς

453 2106 817 2181 Ἰερουσαλὴμ
851 2105 1233 2177 πανωλεθρίαν
1274 2107 1304 2160 ὁ
1352 2106 1690 2176 προφητικὸς
1735 2105 2029 2176 προθεσπί-

431 2201 542 2268 ζων
571 2201 750 2269 λόγος,
781 2198 1071 2269 ἐπιστῆναι
1096 2198 1143 2230 ⁸⁸
1175 2198 1273 2252 καὶ
1298 2199 1540 2252 συνιέναι
1566 2197 1778 2252 κελεύει
1798 2200 1912 2262 τοῖς
1941 2199 2027 2250 ἐν·

426 2293 762 2364 τυγχάνουσι
790 2288 886 2343 τοῦ
913 2288 1129 2359 ψαλμοῦ
1158 2287 1259 2359 τὴν
1288 2288 1529 2343 διάνοιαν
1557 2289 1626 2343 ⁵⁸.
1658 2289 1809 2349 Τινὲς
1839 2289 2024 2359 μέντοι

430 2387 539 2449 τοῖς
560 2382 665 2437 ὑπὸ
690 2380 965 2451 Ἀντιόχου
984 2380 1080 2434 τοῦ
1105 2380 1434 2449 Ἐπιφανοῦς
1445 2383 1837 2452 γεγενημένοις
1855 2398 2025 2450 προσ-

426 2478 684 2549 ήρμοσαν
716 2475 810 2529 τὸν
851 2474 1088 2544 ψαλμὸν,
1122 2473 1247 2526 οὔτε
1280 2477 1346 2544 τῇ
1388 2474 1601 2545 ἱστορίᾳ
1640 2474 2015 2545 προσεσχηκό.

425 2587 538 2635 τες,
576 2567 703 2622 οὔτε
737 2566 831 2622 τοῦ
875 2565 1095 2638 ψαλμοῦ
1143 2566 1243 2637 τὴν
1290 2568 1631 2637 προφητείαν
1660 2566 1908 2636 ἀκριϐῶς
1941 2585 2027 2620 νε-

426 2661 708 2732 νοηκότες.
754 2659 812 2712 '0
847 2658 949 2728 μέν
982 2659 1091 2728 γὰρ
1135 2655 1355 2727 ψαλμὸς
1404 2657 1738 2728 ἐμπρησμὸν
1784 2658 1932 2726 λέγει
1976 2661 2022 2692 ⁷ο

427 2749 524 2804 τοῦ
554 2749 701 2802 θείου
728 2746 857 2815 νεὼ,
885 2747 983 2801 καὶ
1024 2746 1324 2800 κατάλυσιν
1367 2746 1576 2812 οἰκιῶν,
1623 2748 1717 2801 καὶ
1754 2747 2022 2822 πόρθησιν

430 2842 532 2913 τῆς
573 2841 783 2901 πόλεως
810 2840 1052 2910 πάντελῆ
1076 2855 1090 2871 ·
1120 2838 1295 2893 ταῦτα
1326 2839 1383 2892 δὲ
1409 2839 1514 2892 ὑπὸ
1557 2840 1831 2910 Ἀντιόχου
1864 2858 2020 2909 γεγε-

431 2934 628 3006 νῆσθαι
657 2931 809 3003 παρά
834 2932 934 3001 τῆς
960 2931 1203 3002 ἱστορίας
1233 2931 1294 2985 ού
1331 2932 1377 2963 ⁷⁸
1411 2931 1837 3002 μεμαθήκαμεν.
1882 2933 2019 2987 Οὔτε

432 3025 541 3097 μὴν
565 3028 633 3095 τῇ
668 3022 1027 3079 Βαϐυλωνίων
1068 3023 1331 3095 ἁρμόττει
1371 3023 1663 3094 πολιορκίᾳ
1684 3039 1697 3052 ’
1732 3026 2021 3096 προφήτας

428 3117 537 3188 γὰρ
566 3115 713 3187 εἶχον
744 3116 1050 3185 τηνικαῦτα
1079 3116 1331 3180 πολλοὺς,
1360 3117 1452 3168 τὸν
1492 3117 1624 3187 Ἰερε
1635 3116 1785 3185 μίαν,
1817 3118 2019 3187 Οὐρίαν

2137 561 2264 614 pere
2297 548 2498 612 edct'ti,
2537 549 2844 603 exclamant
2876 566 2888 601 :

2214 724 2376 779 Vens.
2413 727 2502 781 28.
2548 747 2567 779 ι
2596 728 2723 783 Mihi
2767 742 2947 785 autem
3013 734 3295 789 atlliaarere
3356 735 3465 789 Deo
3523 735 3724 790 bunum

2138 826 2240 878 est,
2271 832 2473 882 ponere
2501 820 2553 873 in
2588 822 2696 875 Deo
2730 840 2882 892 spem
2926 841 3128 880 meam.
3158 844 3175 876 ι
3217 826 3401 882 Rebus
3433 829 3582 882 enim
3638 830 3722 898 ip-

2136 908 2213 960 sis
2244 911 2492 974 edoctus,
2520 927 2548 964 a
2582 910 2713 976 Deo,
2770 916 2862 982 qui
2905 917 3138 969 salvavit
3167 932 3272 988 me,
3301 934 3586 987 nunquam
3638 919 3722 972 di-

2137 997 2330 1063 vellar,
2366 1010 2421 1053 et
2471 1015 2567 1069 spe
2623 1003 2675 1055 iu
2729 1004 2906 1071 ipsum
2975 1007 3080 1061 tiva
3127 1009 3555 1063 corroborabor.
3595 1029 3614 1060 ι
3656 1009 3721 1064 Ut

2137 1094 2457 1146 annuntiem
2484 1108 2676 1151 omnes
2708 1098 2897 1152 laudes
2931 1110 3051 1154 tuas
3083 1102 3136 1154 in
3165 1103 3335 1170 portis
3364 1102 3487 1157 ﬁlim
3518 1105 3671 1158 Sion.
3701 1124 3719 1156 ι

2138 1179 2242 1233 Per
2271 1184 2410 1235 hanc
2439 1184 2587 1237 enim
2622 1200 2772 1254 spem
2805 1188 3170 1242 reversionem
3197 1200 3527 1244 consecutus
3575 1206 3722 1254 sunt,

2136 1283 2191 1326 et
2224 1284 2314 1327 tua
2365 1277 2637 1330 mirabilia
2712 1277 2764 1331 in
2821 1278 3196 1349 Hierosolyma
3245 1282 3502 1349 pt'mdico.
3572 1281 3725 1335 Hanc

2136 1368 2283 1420 enim
2314 1368 2488 1436 ﬁliam
2531 1368 2660 1425 Sion
2689 1373 3050 1439 nuncupavit.
3080 1370 3216 1425 Nam
3265 1381 3327 1427 ut
3361 1373 3502 1427 lilios
3542 1373 3723 1427 homi-

2138 1475 2267 1511 num
2312 1460 2563 1517 homines
2597 1473 2774 1529 vocat,
2804 1463 2885 1518 sic
2916 1463 3083 1517 tiliam
3115 1462 3251 1517 Sion
3293 1463 3515 1518 Sionem
3544 1464 3725 1517 nomi-

2137 1561 2252 1606 nat.
2298 1551 2591 1609 Geminum
2643 1571 2773 1610 vero
2835 1571 3036 1611 nomen
3073 1556 3162 1611 illa
3200 1556 3394 1611 civitas
3445 1556 3721 1611 habebat:

2134 1646 2324 1699 eadem
2355 1647 2501 1701 enim
2534 1664 2564 1703 a
2598 1649 2771 1705 sacris
2810 1649 3030 1706 Litteris
3062 1649 3196 1704 Sion
3238 1658 3293 1706 et.
3344 1649 3726 1720 Hierosolyma

2133 1749 2385 1792 vocatur.

2387 1914 2599 1987 1123
2629 1916 2900 1973 INTERP.
2939 1917 3194 1974 PSALMI
3230 1917 3472 1975 LXXIII.

2211 2005 2374 2060 Vens.
2412 2008 2461 2060 1.
2502 2026 2519 2058 ι
2558 2007 2868 2064 Intellectus
2894 2010 3138 2080 Asapho.
3173 2028 3192 2063 ι
3225 2009 3490 2066 Futuram
3528 2009 3721 2067 Hirro-

2135 2098 2358 2169 solynue
2389 2100 2692 2168 perniciem
2752 2104 3108 2172 propheticus
3158 2118 3340 2159 sermo
3390 2105 3719 2168 vaticinans,

2132 2188 2153 2209 ‘
2179 2188 2329 2259 jubet
2369 2198 2427 2243 ut
2460 2190 2555 2259 qui
2589 2190 2737 2247 hunc
2762 2194 3032 2261 psalmum
3057 2194 3310 2257 audiunt,
3336 2195 3649 2264 perdiscant
3665 2204 3722 2251 ει

2134 2281 2445 2352 intelligant
2484 2285 2680 2352 psalmi
2735 2287 3088 2341 sententiam.
3139 2286 3399 2342 N0nnulli
3443 2288 3610 2357 igitur
3649 2289 3720 2344 iis

2133 2391 2254 2446 quae
2289 2387 2533 2447 tempore
2564 2378 2821 2434 Antiochi
2886 2378 3119 2435 lllnstris
3174 2381 3512 2443 acciderunt,
3565 2381 3715 2450 psal-

2134 2482 2284 2519 mum
2315 2468 2822 2535 accommodarunt,
2847 2485 3026 2539 neque
3049 2472 3114 2524 ad
3130 2470 3415 2527 hiStoriam
3435 2473 3719 2527 attenden-

2132 2569 2237 2626 tes,
2274 2575 2455 2630 neque
2492 2552 2689 2631 psalmi
2718 2563 3164 2625 vaticinatione-in
3200 2571 3457 2617 accurate
3486 2578 3719 2634 perpen-

2132 2652 2347 2705 dentes.
2385 2652 2842 2722 Quandoquidem
2888 2654 3135 2722 psalmus
3189 2660 3255 2708 de
3299 2655 3471 2709 divini
3529 2657 3716 2726 templi

2131 2742 2410 2805 incendio,
2436 2743 2726 2797 domorum
2776 2746 3062 2800 eversione
3105 2747 3454 2815 civitatisque
3503 2747 3715 2819 integra

2129 2837 2439 2890 vastatione
2469 2835 2751 2904 loquitur:
2794 2838 2911 2891 hwc
2955 2854 3085 2892 vero
3141 2840 3209 2892 ab
3241 2840 3515 2895 Antiocho
3569 2840 3716 2896 facta

2131 2927 2305 2983 fuisse
2335 2943 2399 2983 ex
2435 2928 2663 2982 historia
2716 2945 3062 2999 nequaquam
3096 2933 3411 2987 didicimus.
3456 2933 3567 2989 Nec
3609 2935 3715 2990 Ba-

2131 3021 2483 3092 byloniorum
2536 3020 2808 3074 obsidioni
2872 3024 3145 3091 congruit.
3206 3022 3510 3093 PrOpbetas
3563 3026 3713 3081 enim

2129 3124 2262 3169 tunc
2294 3114 2559 3183 temporis
2591 3114 2793 3168 multos
2827 3115 3128 3170 habebant:
3173 3115 3490 3181 Jeremiam,
3524 3117 3713 3174 Uriam

427 3178 521 3261 τὸν
549 3178 890 3276 Σαυμαίουνη,
922 3207 1017 3260 τὸν
1055 3178 1338 3277 Ἰεζεκιὴλ,
1367 3178 1588 3276 Δανιὴλ..
1635 3178 1697 3259 ³ο
1725 3178 1782 3259 δέ
1810 3178 2021 3278 ψαλμός

2129 3205 2321 3260 διιωωί
2357 3205 2547 3267 filium,
2588 3205 2956 3270 Ezechielem,
2993 3210 3295 3265 Duniclem.
3328 3212 3587 3269 Psalmus
3612 3231 3713 3268 au-

428 3314 595 3367 φησιν
614 3315 630 3329 ·
663 3316 682 3349 ι
722 3297 838 3350 Ούκ
864 3296 1014 3351 ἔστιν
1040 3296 1122 3350 ἔτι
1152 3299 1462 3368 προφήτης,
1496 3298 1591 3350 καὶ
1617 3300 1766 3369 ἡμᾶς
1791 3301 1852 3352 ού
1883 3300 2022 3368 γνώ-

431 3407 586 3443 σεται
616 3388 716 3443 ἔτι.
761 3410 779 3443 ι
821 3391 885 3443 Εἰ
914 3389 970 3443 δὲ
1009 3390 1146 3461 μήτε
1185 3390 1572 3456 Βαϐυλωνίοις,
1608 3394 1745 3462 μήτε
1785 3394 2025 3446 Μακεδό-

431 3499 518 3536 σιν
547 3483 594 3514 ⁷³
625 3482 922 3553 ἁρμόττει,
950 3483 1113 3551 δῆλον
1156 3484 1239 3536 ὅτι
1282 3483 1381 3554 τὴν
1433 3483 1539 3537 ὑπὸ
1599 3484 1886 3554 Ῥωμαίων
1925 3487 2023 3537 ἐπ-

430 3573 747 3645 ενεχθεῖσαν
770 3574 954 3638 αὐτοῖς
995 3574 1379 3646 πανωλεθρίαν
1405 3576 1772 3647 προαγορεύει
1793 3577 1862 3641 ⁷⁸,
1903 3578 2023 3647 μεθ’

428 3667 498 3739 ἢν
531 3667 792 3736 οὐδεμιᾶς
838 3666 1201 3736 ἀνακλήσεως
1229 3667 1446 3737 ἔτυχον,
1475 3668 1578 3737 τῆς
1610 3674 1751 3722 κατὰ
1780 3668 1874 3723 τοῦ
1907 3671 2024 3724 Σω-

428 3760 594 3831 τῆρος
622 3760 668 3792 ⁷⁸
694 3759 951 3823 ἀσεϐείας
982 3760 1223 3824 τίνοντες
1249 3758 1425 3823 δίκας.
1458 3761 1751 3830 Θαυμάσαι
1780 3762 1836 3815 δέ
1873 3762 2024 3828 ἄξιον

427 3852 531 3921 τὴν
571 3850 812 3922 ἄρρητον
856 3851 902 3882 ⁷⁸
948 3850 1264 3919 ἁγαθότητα
1302 3850 1398 3903 τοῦ
1441 3853 1751 3904 Δεσπότου”
1802 3854 1885 3906 ὅτι
1931 3852 2026 3905 καὶ

429 3939 702 4010 προειδὼς
744 3939 926 3993 αὐτῶν
954 3940 1199 4011 ἀκριϐῶς
1240 3940 1282 3972 ⁷⁷
1314 3941 1413 4011 τὴν
1451 3941 1756 4008 ἀπείθειαν,
1789 3946 1857 4012 τῇ
1888 3959 2024 4014 προ-

432 4031 633 4103 φητείᾳ
661 4030 769 4083 τῶν
815 4030 1092 4100 ἐσομένων
1123 4031 1316 4084 κακῶν
1368 4031 1705 4103 ἀποτρέπειν
1746 4032 1846 4104 τῆς
1891 4034 2024 4087 ἀσε-

433 4125 589 4187 ϐείας
622 4124 900 4192 πειρᾶται.
930 4122 1093 4192 Δηλοϊ
1117 4123 1174 4175 δὲ
1196 4123 1346 4193 ὅμως
1374 4123 1469 4176 καὶ
1498 4123 1629 4175 αὐτὸ
1662 4122 1757 4177 τοῦ
1785 4124 2021 4196 Ψαλμοῦ

427 4216 491 4270 τὸ
522 4219 829 4285 προοίμιον,
865 4214 940 4279 ὡς
974 4214 1179 4286 ταύτην
1212 4215 1247 4285 ἡ
1277 4214 1585 4286 πρόρρησις
1616 4214 1716 4287 τὴν
1759 4216 2023 4274 ὑπόθεσιν

428 4307 543 4377 ἔχει
573 4307 640 4360 ⁷⁸.
693 4326 710 4358 ι
769 4306 953 4371 Ἰνατί,
981 4309 1008 4360 ὁ
1030 4305 1185 4369 Θεὸς,
1219 4307 1429 4359 ἀπώσω
1462 4309 1544 4370 είς
1584 4306 1768 4372 τέλος;
1807 4327 1827 4360 ι
1885 4308 2022 4363 Οὔτε

428 4400 559 4469 γὰρ,
586 4398 664 4462 ῶς
693 4399 789 4450 ἐπὶ
816 4396 1197 4460 Βαϐυλωνίων,
1229 4400 1295 4469 τῇ
1317 4397 1537 4468 δουλεία
1569 4397 1659 4451 τὸν
1692 4397 2023 4471 ἑϐδομηκον-

2126 3308 2234 3354 ιοηι
2266 3299 2401 3353 dicit
2432 3320 2443 3353 :
2481 3318 2499 3350 ι
2526 3297 2644 3352 Jam
2678 3316 2784 3353 non
2813 3309 2896 3355 est
2922 3303 3211 3370 p.0pheta,
3244 3313 3297 3359 et
3325 3320 3428 3361 nos
3460 3321 3569 3360 non
3621 3323 3716 3361 co-

2124 3389 2627 3459 gnoscetamplius.
2669 3408 2688 3440 ›
2714 3389 2866 3455 Quod
2901 3391 3147 3462 sineque
3180 3392 3495 3464 Babyloniis
3533 3412 3716 3470 neque

2123 3479 2770 3551 Macedonihusquadrat,
2787 3482 3136 3539 manifestum
3155 3494 3239 3541 est
3278 3503 3403 3542 eum
3420 3492 3714 3562 perniciem

2124 3587 2155 3625 a
2197 3570 2459 3625 Romanis.
2483 3574 2589 3628 illis
2626 3574 2883 3629 inﬂictam
2908 3577 3221 3646 przcdicere,
3249 3590 3372 3648 post
3402 3598 3567 3653 quam
3592 3588 3716 3643 uul-

2127 3661 2232 3715 lam
2259 3664 2657 3719 revocationem
2691 3666 3033 3730 sortitisunt,
3060 3685 3249 3738 pmnas
3269 3672 3564 3743 impietatis
3583 3694 3714 3748 pen-

2127 3753 2339 3817 dentes,
2374 3770 2481 3822 qua
2516 3755 2570 3808 in
2605 3755 2946 3811 Salvatorem
2996 3761 3080 3815 usi
3112 3771 3267 3816 sunt.
3325 3766 3712 3827 Admiratione

2126 3854 2308 3899 autem
2350 3846 2511 3915 digna
2571 3856 2657 3903 est
2714 3848 3115 3919 inexplicabilis
3170 3854 3388 3911 Domini
3448 3860 3707 3919 bonitas:

2129 3937 2278 4005 quod
2307 3951 2434 3991 cum
2467 3951 2657 3992 eorum
2700 3941 3100 3996 contumaciam
3154 3945 3316 4014 plane
3364 3951 3707 4017 pravideret.

2123 4028 2518 4083 vaticinatione
2549 4029 2864 4086 futurorum
2897 4035 3166 4089 malorum
3199 4035 3268 4091 ab
3301 4038 3589 4110 impietate
3611 4059 3710 4100 eos

2125 4131 2377 4176 avertere
2407 4133 2662 4177 conatur.
2727 4123 2980 4180 Declarat
3035 4136 3217 4182 autem
3277 4130 3458 4197 ipsum
3511 4137 3709 4203 psalmi

2123 4213 2438 4279 exordium,
2499 4215 2604 4269 hoc
2683 4228 2809 4269 esse
2863 4229 3246 4287 argumentum
3316 4222 3708 4289 praulictionis.

2129 4323 2149 4357 ι
2187 4305 2371 4367 Cur,o
2393 4304 2557 4373 Deus,
2584 4307 2834 4374 repulisti
2855 4308 3000 4377 (nos)
3027 4311 3078 4364 in
3113 4313 3314 4366 linem?
3339 4332 3358 4364 ι
3395 4313 3512 4370 Νοη
3538 4317 3708 4385 enim,

2125 4398 2590 4467 quemadmodum
2626 4399 2729 4453 sub
2764 4400 3101 4471 Babyloniis,
3132 4405 3450 4461 servitutem
3485 4418 3712 4479 septua-

426 4489 628 4558 τούτην
664 4487 872 4559 ὥρισας
917 4489 1132 4560 χρόνον,
1181 4486 1306 4541 οὔτε
1342 4488 1417 4552 ὼς
1466 4489 1559 4541 ἐπὶ
1622 4488 1919 4559 Ἀντιόχου,
1953 4491 2022 4545 τὰ

2129 4489 2275 4559 ginta
2313 4488 2529 4560 1124
2560 4504 2832 4545 annorum
2865 4494 3044 4561 spatio
3075 4494 3394 4561 deiiuivisti,
3440 4513 3618 4569 neque
3653 4509 3713 4556 ιιι

430 4583 571 4636 ἑπτὰ
612 4583 785 4653 ἦμισυ
821 4582 867 4614 ⁷⁹
903 4580 1020 4652 ἐτη,
1076 4582 1219 4636 κατὰ
1251 4582 1352 4652 τὴν
1401 4580 1497 4634 τοῦ
1545 4580 1742 4652 Δανιὴλ
1795 4599 2008 4653 προφη-

430 4676 604 4736 τείαν,
644 4673 760 4727 ἀλλ’
788 4676 870 4736 εἰς
898 4674 1051 4736 τέλος
1082 4672 1309 4738 ἀπώσω,
1342 4673 1438 4726 καὶ
1469 4671 1853 4743 πανωλεθρίαν
1883 4689 2016 4727 κατ-

428 4766 704 4837 εψηφίσω.
767 4783 785 4816 ι
858 4764 1115 4835 Ὠργίσθη
1164 4760 1193 4812 ό
1247 4762 1418 4834 θυμός
1468 4779 1561 4815 σου
1622 4762 1718 4815 ἐπὶ
1770 4761 2017 4833 πρόϐατα

430 4858 603 4928 νομῆς
634 4875 750 4913 σου.
773 4875 792 4908 ι
823 4856 1111 4925 Ἐπίμονον
1135 4854 1290 4927 ἔσχες
1324 4855 1420 4926 τὴν
1443 4854 1586 4909 κατὰ
1604 4854 1713 4908 τῶν
1731 4854 2018 4924 προϐάτων

428 4947 541 5002 τῶν
574 4948 682 5002 σῶν
711 4947 1086 5039 ἀγανάκτησιν
1117 4948 1185 5002 ⁸ο.

2125 4580 2229 4632 sub
2258 4579 2554 4642 Antiocho,
2584 4588 2789 4650 septem
2822 4583 2983 4636 annis
3015 4595 3069 4637 et
3106 4583 3358 4650 dimidio,
3402 4590 3711 4645 secundum

2127 4668 2371 4727 Duniclis
2404 4672 2785 4741 prophetiam:
2820 4676 2911 4729 scd
2950 4675 3002 4729 in
3038 4676 3198 4731 tinem
3229 4679 3502 4750 repulisti,
3542 4693 3597 4737 et
3642 4685 3707 4740 ad

2124 4761 2353 4815 exitium
2385 4763 2789 4820 condemnasti.
2832 4784 2850 4816 ι
2884 4763 3104 4822 Exarsit
3139 4769 3220 4825 ira
3255 4778 3348 4826 tua
3381 4788 3548 4843 super
3579 4792 3710 4831 oves

2127 4854 2314 4922 pascui
2350 4855 2449 4910 tui.
2488 4875 2506 4907 ι
2542 4855 2960 4914 Permanentem
3022 4861 3460 4933 indignationem
3517 4879 3709 4924 contra

2128 4953 2250 4997 tuas
2276 4957 2405 4999 oves
2452 4945 2713 5000 habuisti.

1535 5104 1767 5160 V'ARIAE
1811 5102 2197 5160 LECTlONES
2210 5104 2324 5171 κΕΤ
2365 5104 2602 5161 NOTAE.

532 5220 582 5255 sa
625 5222 697 5309 τὸ
734 5251 807 5264 __
849 5220 993 5287 Θεῷ,
1037 5222 1206 5309 Hei",
1254 5203 1438 5309 ambs:
1464 5231 1647 5309 nn'ip,
1688 5221 2161 5309 pt'opiiiquituterit_
2194 5220 2311 5309 Dei.
2388 5220 2434 5253 °"
2458 5222 2566 5309 Μέ.
2612 5225 2902 5309 insertum
2943 5227 2998 5281 in
3053 5229 3185 5284 edit.
3219 5231 3341 5285 Ald.
3392 5240 3445 5285 ct
3491 5231 3707 5306 Compl.

437 5306 484 5341 "
510 5304 788 5384 Λινέσες
833 5321 973 5360 σου.
1037 5304 1198 5384 Hebr.
1259 5306 1437 5384 omnia
1481 5301 1655 5384 ’θρίξ-α
1717 5312 1862 5384 tua...
1896 5304 2030 5357 Mom

2148 5304 2200 5356 iu
2273 5304 2625 5384 Ilexa‘pl.._ad
2682 5308 2736 5364 h.
2875 5311 3037 5384 aliam
3100 5312 3209 5384 τῶν
3278 5315 3333 5366 0'
3377 5301 3710 5384 interpreta-

434 5380 639 5433 tionem
695 5375 873 5438 aﬂ‘ert,

431 5449 670 5505 videtur.
743 5445 899 5499 Conf.

434 5518 560 5574 cod.
609 5515 646 5568 2
684 5530 873 5585 praem.
934 5513 1049 5573 καί.

435 5588 481 5621 τι
526 5587 631 5640 Οὐ.
686 5584 893 5639 “Αί›οει
943 5600 973 5637 a
1033 5584 1155 5637 cod.
1224 5586 1280 5637 2.

436 5658 483 5690 ’⁵
528 5652 823 5720 Σωτῆρος.
882 5654 1004 5708 cod.
1052 5654 1075 5706 1
1123 5654 1246 5706 add.
1298 5654 1393 5706 καὶ
1434 5654 1569 5706 Θεοῦ

1001 5446 1175 5497 ieron.
1225 5444 1387 5511 epist.
1425 5445 1492 5498 ad
1541 5444 1676 5498 Sun.
1718 5440 1787 5498 et
1844 5440 1991 5498 Fret.

1156 5513 1351 5568 “col.
1390 5516 1411 5565 1
1466 5522 1523 5568 et
1572 5514 1607 5566 2
1657 5513 1970 5581 ἐπιστῆναι.

1378 5584 1424 5614 ⁷³
1473 5584 1597 5637 cod.
1649 5584 1684 5636 2
1740 5583 1997 5652 Σεμαίου.

1631 5653 1811 5739 ἡμῶν.

1901 5654 1944 5684 τυ
1988 5652 2294 5721 Ἅῤῥητον.
2349 5655 2470 5711 Dcs.
2547 5659 2598 5711 in
2668 5663 2788 5714 coll.
2852 5662 2894 5716 1.

436 5724 642 5786 cod.,i.
720 5723 764 5755 ⁷⁸
797 5725 985 5791 Ἔχει.
1017 5726 1138 5795 cod.
1164 5723 1186 5775 i
1217 5722 1341 5795 add.
1371 5724 1465 5776 καὶ
1483 5725 1587 5794 ὅρα
1610 5721 1662 5775 τί
1677 5721 1837 5792 φησι.
1914 5721 1959 5755 ’⁸
1981 5738 2030 5795 _c(

2130 5725 2152 5776 1
2190 5725 2383 5795 ἡμίση.

980 5390 1061 5449 ita:
1112 5375 1225 5428 haec
1277 5382 1378 5449 est,
1437 5372 1573 5449 τᾲςη
1593 5372 1933 5449 ἐπαγγελίας
1987 5391 2030 5426 σι

2129 5444 2136 5449 _
2180 5385 2338 5449 et_ex
2397 5375 2612 5449 Aquila:
2663 5380 2916 5449 versione
2971 5382 3233 5449 ἀγγελίας
3279 5399 3374 5435 σου
3414 5372 3540 5438 orta.
3585 5404 3710 5443 esse

2093 5444 2139 5475 “
2194 5442 2296 5497 Ἑν
2341 5474 2410 5485 -——
2460 5448 2633 5502 Σιών.
2702 5448 2823 5504 Des.
2876 5450 2928 5503 in
2984 5442 3131 5505 teiitu
3188 5442 3350 5508 llehr.

2084 5514 2312 5593 "__cod._
2351 5514 2420 5593 ΩΑ
2444 5519 2525 5593 τῇ,
2567 5518 2793 5593 διανοίᾳ.
2872 5520 3110 5593 τοροιί.⁸
3149 5533 3375 5593 uterque
3426 5525 3706 5593 προλέγει.

3444 5455 3488 5485 ⁸⁷
3529 5455 3705 5513 Σιών.

2122 5583 2170 5615 ⁷³
2214 5584 2336 5639 cod.
2390 5585 2426 5639 2
2471 5577 2849 5652 Μακεδονίοις.
2930 5589 2975 5623 ⁷*
3013 5589 3137 5643 cod.
3190 5590 3224 5644 2
3280 5577 3706 5664 προσαγορεύει.

2122 5671 2275 5691 ιιητηιο
2349 5655 2448 5691 nnc
2547 5659 2598 5691 in
2668 5663 2767 5691 nn.l
2852 5662 2867 5691 I
3005 5661 3048 5691 ττ
3092 5660 3372 5691 Ἀυ.ο.,ρ,ῗ.η
3469 5664 3620 5691 ΑΙ.....
3678 5684 3702 5691 ..

2461 5697 2470 5708 .
2547 5663 2598 5711 in
2668 5663 2788 5714 cod.
2852 5663 2894 5716 I.
3005 5663 3048 5691 7"
3092 5663 3392 5728 ’AxptG’tbc.
3459 5664 3625 5718 Abest
3676 5684 3707 5719 ιι

2461 5728 2507 5804 '_°
2539 5728 2985 5804 Ἀξανάκτηςγιν.
3009 5731 3130 5804 cod.
3154 5731 3175 5783 1
3202 5732 3325 5786 add.
3361 5733 3578 5804 Ἐπειδή
3601 5737 3709 5804 γὰρ

434 5798 530 5853 τὸν
562 5795 796 5865 ποιμένα
831 5795 922 5849 τὸν
955 5794 1208 5864 οὐράνιον
1241 5794 1334 5847 τόν
1369 5793 1885 5864 ποτεποιμάναντα
1914 5793 2041 5857 τοὺς
2070 5793 2372 5864 προγόνους
2404 5798 2497 5849 ἐπὶ
2532 5793 2626 5850 τοῦ
2658 5793 2892 5871 σταυροῦ
2934 5802 3289 5872 κατέκριναν,
3333 5793 3709 5876 ἐξήνεγκῖὀιλ
