4112 6416
358 346 493 412 M73

1744 340 1825 402 ΙΝ
1848 341 2054 403 PSAL.
2108 342 2328 404 LXXV.

3502 334 3637 402 117i

353 452 672 526 δεξαμένων
708 447 930 519 πληγὴν
948 487 961 511 ,
990 446 1151 517 δῆλος
1181 443 1401 515 ἐγένετο
1430 446 1597 501 πᾶσιν
1627 446 1654 500 6
1679 445 1788 500 τῶν
1817 447 1954 501 ὅλων

2071 466 2248 505 sorum
2277 451 2441 510 Deus,
2471 462 2725 519 magnam
2766 446 2832 501 de
2856 444 3058 501 Israele
3093 460 3282 502 curam
3314 460 3543 521 gerens,
3585 456 3638 500 et

354 548 493 610 Θεὸς
515 587 530 610 ,
570 547 714 612 ἄγαν
748 541 844 596 τοῦ
889 539 1111 611 Ἰσραὴλ
1154 538 1636 613 προμηθούμενος,
1669 539 1763 594 καὶ
1798 542 1854 593 ὲν
1886 542 1951 612 τῇ

369 638 604 710 Ἰουδαία
631 636 732 708 τὴν
763 633 972 688 οἰκείαν
1005 630 1380 703 ποιησάμενος
1410 631 1756 702 ἐπιφάνειαν.

428 734 501 798 γ’.
552 745 571 779 ι
614 725 730 779 Καὶ
775 722 1012 794 ἐγενήθη
1044 723 1102 775 ὲν
1141 721 1338 795 εἰρήνῃ
1363 720 1409 753 ⁸⁸
1431 722 1459 773 6
1487 720 1656 784 τόπος
1686 718 1853 774 αὑτοῦ
1873 719 1918 751 ⁵³⁵
1938 758 1953 783 ,

356 821 459 877 καὶ
512 819 577 873 τὸ
627 816 1062 887 κατοικητήριον
1094 813 1263 867 αὑτοῦ
1313 814 1374 867 ὲν
1412 811 1575 868 Σιών.
1635 832 1655 864 ι
1701 812 1809 865 Τοῦ
1846 811 1957 882 γὰρ

361 911 612 980 πλήθους
645 905 1061 979 ἀναιρεθέντος,
1098 905 1147 957 οἰ
1184 900 1606 972 ὑπολειφθέντες
1641 902 1955 973 διέδρασαν,

359 1002 589 1073 ἄγγελοι
627 1001 732 1070 τῆς
772 997 925 1062 θείας
979 995 1349 1067 γεγενημένοι
1397 995 1705 1066 δυνάμεως.
1752 992 1957 1047 Τούτου

361 1096 526 1167 χάριν
586 1094 685 1146 σὺν
708 1091 755 1123 ⁸⁸
780 1093 892 1154 τοῖς
923 1089 1107 1153 ἀλλοις
1132 1090 1233 1143 οὑκ
1267 1087 1635 1164 ἀνῃρέθησαν.
1678 1087 1960 1143 Ἐντεῦθεν

365 1187 403 1254 ἡ
431 1182 584 1245 πόλις
616 1180 718 1248 τῆς
748 1181 976 1251 εἰρήνης
1005 1179 1319 1250 ἀπήλαυσε,
1354 1179 1450 1233 καὶ
1484 1177 1756 1232 ὑπέλαϐον
1787 1178 1962 1232 ἅπαν-

368 1291 462 1337 τες
483 1312 498 1336 ,
529 1273 605 1336 ὡς
630 1273 672 1303 ⁸⁷
712 1271 932 1343 ἀληθῶς
967 1273 1026 1324 ὲν
1059 1274 1127 1343 τῇ
1162 1271 1302 1325 Σιὼν
1333 1273 1615 1324 κατοικεῖν
1657 1271 1963 1342 ηὐδόκησεν

370 1367 400 1419 6
448 1364 602 1426 Θεός.
658 1361 792 1433 Εἶτα
838 1364 1104 1429 διδάσκει,
1156 1362 1279 1429 πῶς
1329 1364 1574 1434 γνωστός
1621 1365 1773 1417 ἐστιν
1803 1364 1863 1417 ὲν
1895 1363 1960 1435 τῇ

382 1454 618 1526 Ἰουδαίᾳ
647 1455 676 1507 6
700 1454 859 1518 Θεός.

439 1544 505 1600 δ’.
550 1566 569 1597 ι
624 1545 774 1599 Ἐκεῖ
828 1542 1120 1615 συνέτριψε
1169 1541 1242 1597 τὰ
1293 1542 1472 1616 κράτη
1528 1542 1640 1597 τῶν
1680 1541 1853 1608 τόξων
1882 1540 1961 1608 ⁸⁸,

369 1637 559 1702 ὅπλον,
609 1637 705 1690 καὶ
740 1634 1047 1708 ῥομφαίαν,
1077 1634 1175 1689 καὶ
1207 1632 1472 1705 πόλεμον.
1513 1653 1534 1687 ›
1575 1632 1691 1704 Πρὸ
1718 1632 1830 1684 τῶν
1861 1630 1962 1702 τῆς

371 1729 607 1795 πόλεως,
639 1728 799 1798 φησὶ,
837 1725 1165 1797 περιϐόλων,
1194 1725 1422 1789 ὁπλίτας
1451 1725 1593 1779 κατά
1617 1724 1836 1789 ταύτὸν,
1867 1723 1963 1776 καὶ

2055 542 2112 597 in
2147 540 2337 597 Iudaea
2367 557 2426 597 se
2455 540 2904 611 conSpiciendum
2943 539 3210 608 praebens.

2132 717 2298 776 Vens.
2329 722 2385 776 '5.
2441 738 2458 772 ι
2510 720 2573 776 Et
2605 720 2779 778 factus
2818 730 2903 777 cst
2940 720 2993 776 in
3033 736 3165 792 pace
3204 720 3359 777 locus
3397 720 3550 792 ejus,
3588 728 3641 775 ct

2057 809 2322 866 habitatio
2352 810 2473 881 ejus
2506 811 2558 864 in
2591 811 2774 866 Sione.
2812 829 2831 862 ι
2862 809 3209 865 Multitudine
3242 811 3386 865 enim
3424 811 3493 865 de
3529 825 3640 865 mc-

2058 902 2151 958 dio
2184 905 2422 972 sublata,
2459 905 2554 974 qui
2605 904 2928 974 superstites
2965 915 3385 974 permanserant
3413 904 3641 976 aufuge-

2060 1005 2208 1061 runt,
2263 996 2462 1050 divinae
2504 997 2761 1067 potentiae
2807 996 2988 1051 nuntii
3041 996 3171 1052 facti
3212 1016 3225 1051 :
3274 997 3480 1053 idcirco
3533 1014 3642 1052 non

2062 1086 2289 1142 fuerunt
2313 1087 2479 1143 simul
2511 1104 2640 1143 cum
2666 1088 2788 1143 aliis
2811 1088 3089 1144 trucidati.
3122 1088 3261 1144 Ilinc
3286 1090 3482 1146 civitas
3510 1105 3642 1160 pace

2061 1175 2266 1246 perfrui
2301 1181 2486 1249 cmpit,
2520 1190 2573 1233 et
2612 1178 2816 1248 Opinati
2865 1188 2994 1239 sunt
3041 1195 3232 1236 omnes
3281 1179 3391 1236 Deo
3456 1197 3643 1237 revera

2061 1270 2341 1339 placuisse
2392 1270 2444 1323 in
2477 1268 2644 1323 Sione
2680 1270 2946 1323 habitare.
2981 1269 3150 1326 Docet
3191 1272 3450 1343 deinceps
3504 1289 3643 1345 quo-

2062 1361 2228 1417 modo
2276 1371 2439 1418 notus
2474 1363 2548 1418 sit
2577 1362 2633 1416 in
2660 1360 2850 1417 Iudaea
2883 1359 3048 1416 Deus.

2141 1542 2304 1600 Vens.
2335 1545 2390 1599 4.
2439 1562 2459 1597 ι
2519 1543 2595 1599 lbi
2629 1542 2898 1615 confregit
2925 1543 3198 1614 potentias
3233 1560 3487 1613 arcuum,
3521 1561 3648 1602 scu-

2063 1642 2201 1703 tum,
2237 1636 2476 1706 gladium
2519 1646 2574 1690 ct
2605 1634 2830 1690 bellum.
2873 1653 2891 1687 ι
2924 1635 3065 1690 Ante
3098 1635 3250 1690 urbis
3290 1637 3516 1703 moenia,
3563 1638 3650 1692 in—

2064 1728 2202 1797 quit,
2239 1739 2501 1793 armatos,
2556 1736 2612 1784 et
2664 1727 3000 1798 sagittarios,
3047 1737 3101 1784 et
3152 1738 3419 1794 scutatos,
3460 1732 3650 1787 eodem

372 1820 623 1886 τοξότας,
672 1819 768 1873 καὶ
804 1816 1113 1880 πελταστὰς
1140 1815 1187 1849 ⁸⁵
1222 1816 1466 1885 ἀνελὼν,
1506 1816 1765 1889 ἄχρηστα
1824 1832 1965 1869 παν-

2071 1829 2315 1889 tempore
2361 1820 2680 1892 proﬂigans,
2730 1835 2923 1876 eorum
2962 1822 3182 1891 penitus
3231 1839 3384 1887 arma
3437 1823 3652 1881 inutilia

373 1912 546 1976 τελῶς
579 1910 649 1966 τά
676 1909 883 1964 τούτων
912 1909 1197 1977 ἀπέφηνεν
1225 1905 1388 1961 ὅπλα.

447 2001 512 2058 ε’.
553 2022 573 2056 ι
610 2001 873 2075 Φωτίζεις
903 1999 948 2031 ’⁷ο
992 2002 1059 2053 σὺ
1100 1997 1434 2069 θαυμαστῶς
1466 1998 1577 2052 ἀπὸ
1624 1997 1800 2071 ὀρέων
1829 1999 1964 2054 αἰω-

377 2095 527 2153 νίων.
568 2111 589 2147 ι
636 2094 695 2148 Ὀ
740 2091 799 2146 δὲ
841 2089 1140 2162 Σύμμαχος
1188 2089 1392 2154 οὕτως,
1434 2088 1771 2160 Ἐπιφανὴς
1792 2091 1839 2121 ⁷³
1889 2085 1965 2157 εἷ,

378 2183 787 2256 ὑπερμεγέθης
817 2178 939 2238 ἀπὸ
961 2180 1150 2249 ὀρέων
1179 2179 1390 2249 θήρας.
1430 2180 1520 2234 Ἐν
1549 2181 1658 2251 γὰρ
1686 2183 1798 2244 τοῖς
1827 2182 1967 2253 ἡμεο

380 2278 566 2351 τέροις
609 2276 765 2349 ὄρεσι
793 2275 861 2344 τῇ
907 2270 1053 2343 θήρᾳ
1098 2271 1195 2325 τοῦ
1238 2270 1474 2326 θανάτου
1524 2275 1653 2337 τοὺς
1680 2274 1970 2342 δυσμενεῖς

384 2367 665 2442 παραδοὺς
690 2407 707 2435 ,
757 2362 1146 2436 ὑπερμεγέθης
1179 2362 1275 2416 καὶ
1309 2364 1581 2435 ἐπιφανὴς
1623 2363 1775 2433 ποιρά
1805 2365 1970 2417 πᾶσιν

382 2459 699 2531 ἀνεδείχθης
714 2460 782 2513 ⁷³.
800 2455 1009 2520 Φωτίζε
1017 2473 1064 2519 ις
1077 2454 1186 2529 γὰρ
1208 2454 1287 2526 τῷ
1304 2454 1544 2526 θαύματι
1568 2457 1694 2520 τοὺς
1714 2456 1972 2524 ἀγνοοῦν-

380 2569 480 2616 τας
504 2593 520 2621 ,
550 2552 649 2607 καί⁵
676 2548 951 2611 διδάσκεις
976 2549 1126 2610 ὅστις
1159 2545 1451 2617 ὑπάρχεις.

456 2641 533 2708 ς’.
595 2660 616 2695 ι
681 2639 1098 2715 Ἐταράχθησαν
1142 2638 1190 2671 ⁷³
1245 2640 1451 2702 πάντες
1502 2637 1551 2690 οἰ
1603 2636 1857 2691 ἀσύνετοι
1906 2639 1972 2709 τῇ

2068 1910 2321 1965 reddidit.
3198 1962 3207 1971 ,

2145 2001 2308 2058 Vsus.
2350 2002 2400 2059 5.
2447 2021 2465 2055 ι
2513 2002 2800 2060 llluminas
2839 2012 2896 2060 tu
2943 2005 3273 2061 mirabiliter
3301 2022 3331 2063 a
3371 2006 3653 2063 montibus

2067 2095 2310 2151 aeternis.
2350 2114 2368 2148 ι
2415 2094 2780 2168 Symmachus
2827 2096 2926 2164 sic,
2965 2095 3205 2153 Illustris
3231 2115 3307 2166 es,
3364 2116 3652 2153 immensus

2069 2203 2100 2242 a
2138 2187 2403 2241 montibus
2450 2189 2768 2243 venationis.
2819 2189 2874 2243 In
2919 2190 3128 2245 nostris
3170 2193 3315 2245 enim
3349 2192 3653 2256 montibus,

2071 2290 2197 2330 cum
2228 2277 2418 2331 hostes
2441 2277 2634 2332 mortis
2669 2279 2865 2348 praeda:
2897 2278 3237 2347 tradidisses,
3271 2280 3570 2335 immensus
3601 2290 3655 2335 et

2072 2366 2305 2422 illustris
2326 2370 2469 2438 apud
2503 2369 2714 2442 1141
2751 2386 2943 2425 omnes
2966 2380 3224 2427 ostensus
3258 2386 3338 2427 es.
3373 2370 3657 2429 llluminas

2071 2458 2219 2513 enim
2253 2459 2524 2514 miraculo
2557 2462 2800 2531 ignaros,
2843 2469 2897 2516 et
2927 2462 3093 2521 doces
3151 2463 3408 2535 quisnam
3448 2466 3547 2521 sis.

2146 2634 2314 2692 Vens.
2341 2637 2392 2694 6.
2431 2658 2450 2690 ι
2480 2637 2704 2693 Turbati
2735 2652 2861 2695 sunt
2888 2655 3079 2696 omnes
3107 2641 3425 2713 insipientes
3448 2643 3613 2700 corde
3640 2662 3656 2700 :

385 2734 584 2806 καρδίᾳ
612 2749 628 2765 ⁸
662 2734 921 2789 ὑπνωσαν
963 2730 1135 2785 ὑπνον
1185 2731 1369 2784 αὑτῶν
1393 2770 1409 2794 ,
1448 2729 1543 2784 καὶ
1566 2729 1614 2763 ⁷⁸
1656 2730 1756 2800 οὑχ
1813 2723 1969 2801 εὗρον

2075 2726 2455 2783 dern'iivct-unt
2490 2745 2744 2785 somnum
2782 2742 3038 2797 suurn,et
3074 2733 3211 2787 nihil
3248 2734 3594 2790 invenerunt.
3631 2754 3653 2789 ι

387 2824 564 2880 οὐδέν.
622 2840 644 2876 ι
677 2822 902 2886 Μείζονι
950 2821 1060 2892 γὰρ
1096 2820 1413 2891 φρονήματι
1443 2818 1786 2890 χρησάμενοι
1836 2818 1969 2870 κατᾶ

2075 2816 2265 2888 Magna
2307 2821 2452 2874 enim
2497 2821 2753 2890 superbia
2799 2823 2923 2876 elati
2959 2832 3148 2877 contra
3191 2833 3262 2889 te,
3312 2825 3659 2894 repentinum

392 2914 511 2983 σοῦ,
562 2915 770 2986 ἀθρόαν
803 2914 1109 2986 ὑπέμειναν
1143 2912 1414 2983 ταραχὴν,
1467 2910 1558 2964 διά
1610 2911 1711 2983 τὴν
1744 2910 1842 2981 τῆς
1875 2909 1969 2980 qn.»

2079 2912 2375 2966 tumultum
2425 2914 2670 2983 perpessi
2706 2925 2834 2970 sunt
2883 2916 2953 2971 ob
3004 2918 3205 2972 animae
3256 2919 3564 2983 stultitiam,
3607 2928 3660 2975 et

389 3012 493 3080 χῆς
537 3006 877 3079 ἀφροσύνην,
930 3006 1026 3059 καὶ
1055 3003 1233 3067 ἀδεῶς
1273 3002 1561 3058 καθεύδειν
1580 3001 1969 3067 ὑπολαϐόντες,

2077 3018 2272 3060 secure
2330 3019 2389 3059 se
2423 3004 2666 3061 dormire
2706 3008 3030 3077 opinantes,
3064 3024 3159 3079 spe
3201 3008 3451 3064 frustrati
3491 3018 3659 3074 sunt;

386 3098 490 3167 τῆς
543 3096 760 3160 ἐλπίδος
807 3094 1178 3166 ἐψεύσθησαν.
1219 3093 1325 3147 Τὸν
1375 3091 1486 3164 γὰρ
1517 3090 1686 3147 ὑπνον
1739 3091 1969 3154 θάνατος

2080 3095 2531 3166 quandoquidem
2561 3112 2757 3152 somno
2793 3113 2941 3153 mors
2972 3101 3259 3155 successit.
3287 3100 3305 3120 ‘
3340 3099 3455 3156 Hoc
3495 3102 3665 3155 etiam

388 3161 686 3259 διεδέξατο.
731 3161 906 3244 Τοῦτο
936 3161 1050 3241 καὶ-
1075 3189 1110 3259 ἡ
1153 3186 1367 3258 ἱστορία
1408 3161 1674 3251 διδάσκει,
1708 3183 1792 3238 ὅτι
1843 3184 1969 3238 ἀνα-

2079 3184 2305 3241 historia
2350 3187 2533 3243 docet.
2577 3187 2715 3242 Cum
2766 3190 2912 3244 enim
2962 3189 3360 3255 surrexissent,
3396 3191 3663 3246 cadavera

390 3283 615 3347 στάντες
656 3275 815 3355 εὗρον
850 3281 1071 3337 ἅπαντα
1115 3279 1187 3334 τὰ
1217 3278 1447 3350 σώματα
1477 3278 1670 3349 νεκρά.
1706 3295 1726 3329 ι
1767 3277 1976 3341 Πάντες

389 3376 441 3429 οἰ
490 3374 683 3449 ἄνδρες
711 3373 807 3430 τοῦ
838 3372 1075 3437 πλούτου
1113 3374 1237 3436 ταῖς
1285 3372 1476 3443 χερσὶν
1506 3369 1706 3424 αὐτῶν.
1762 3385 1781 3420 ι
1826 3368 1888 3421 '0
1917 3366 1976 3420 δὲ

391 3465 693 3539 ξύμμαχος
739 3466 912 3530 οὑτως
933 3483 947 3497 ο
987 3464 1222 3530 Πάντες
1272 3465 1329 3518 οἰ
1373 3461 1591 3531 ἄνδρες
1634 3463 1689 3516 οἱ
1736 3460 1976 3530 ἰσχυροὶ

389 3560 499 3627 τὰς
548 3558 752 3632 χεῖρας
795 3556 1016 3612 αὐτῶν.
1062 3555 1235 3611 οὐδὲν
1290 3554 1514 3619 αὐτοὺς,
1565 3552 1754 3625 φησιν,
1797 3549 1976 3622 ὢνησε

390 3652 502 3706 τῶν
539 3650 745 3722 χειρῶν
777 3651 811 3721 ἡ
850 3647 1011 3719 ῥώμη
1036 3689 1051 3716 ,
1083 3647 1152 3701 δι’
1179 3644 1248 3719 ἧς
1280 3646 1372 3700 τὸν
1403 3646 1665 3702 ἁπάντων
1707 3644 1978 3718 ἁρπάσειν

392 3742 813 3814 προσεδόκησαν
845 3739 1098 3797 πλοῦτον.
1132 3738 1248 3794 Καὶ
1276 3738 1544 3793 διδάσκων
1574 3737 1628 3792 τί
1653 3738 1857 3808 δήποτε
1889 3736 1981 3791 οὑ-

390 3834 480 3890 δὲν
500 3835 568 3867 ⁷⁵⁵
587 3832 842 3888 ἐντεῦθεν
871 3830 1160 3903 ἀπώναντο
1174 3872 1186 3896 ,
1205 3831 1487 3901 ιπήγαγεν
1502 3846 1517 3861 ο

465 3923 532 3988 ζ’.
567 3942 587 3975 ι
624 3921 763 3976 ’Δπδ
791 3919 1170 3994 ἐπιτιμήσεως
1201 3936 1317 3987 σου,
1352 3921 1380 3972 6
1420 3918 1557 3981 Θεὸς
1602 3916 1817 3989 Ἰακὼβ,
1852 3915 1981 3972 ὲνύ-.

395 4015 600 4080 σταξαν
616 4015 662 4047 ’⁸⁵
687 4015 739 4067 οἰ
766 4012 1162 4087 ἐπιϐεϐηκότες
1181 4013 1298 4075 τοῖς
1318 4010 1508 4073 ἵπποις
1530 4009 1597 4065 ⁷⁸.
1630 4027 1648 4060 ι
1683 4009 1976 4075 Ἐνευσας,

393 4107 565 4176 φησι,
613 4105 713 4161 καὶ
768 4106 1115 4177 παραχρῆμα
1163 4103 1474 4177 κατέπεσον
1516 4101 1568 4154 οἰ
1600 4099 1699 4172 τὴν
1743 4098 1981 4173 ἱππικὴν

395 4199 599 4255 εἰδέναι
627 4198 1085 4270 ἀλαζονευόμενοι
1128 4196 1346 4269 τέχνην.
1383 4195 1484 4248 Διά
1510 4194 1567 4248 δὲ
1596 4192 1693 4247 τοῦ
1724 4193 1982 4248 ἐνύστα-

395 4294 516 4359 ξαν
547 4293 650 4364 τὴν
676 4292 775 4346 τοῦ
811 4291 1043 4346 θανάτου
1090 4290 1362 4362 ἐδήλωσεν
1402 4287 1676 4342 εὐκολίαν.
1711 4287 1981 4360 Καθάπερ

396 4384 507 4456 γὰρ
535 4385 564 4438 6
595 4384 882 4450 νυστάζων
910 4383 1110 4456 ῥᾳδίως
1134 4382 1399 4454 ἐθελήσας
1414 4382 1460 4415 ⁷⁷
1488 4381 1746 4436 καθεύδει
1764 4421 1782 4449 ,
1806 4380 1981 4445 οὑτως

396 4478 603 4530 ἐκεῖνοι
636 4475 903 4547 σύντομον
930 4475 1185 4540 ἐδέξαντο
1215 4472 1310 4527 τοῦ
1338 4472 1456 4544 βίου
1480 4471 1541 4526 τὸ
1568 4472 1765 4546 πέρας.

467 4573 539 4640 η’.
574 4585 595 4620 ι
635 4568 709 4621 Σὺ
739 4567 976 4640 φοὸερὸς
1008 4561 1080 4646 εἷς
1115 4566 1213 4620 καὶ
1241 4565 1328 4628 τίς
1360 4563 1747 4633 ἀντιστήσεταί
1782 4579 1902 4629 σοις
1949 4581 1969 4615 ι

2078 3284 2292 3333 tantum
2351 3279 2697 3335 invenerunt.
2750 3301 2768 3333 ι
2823 3281 3027 3336 Omnes
3081 3283 3184 3337 viri
3235 3284 3550 3341 divitiarum
3604 3287 3663 3340 in

2080 3370 2335 3425 manibus
2364 3371 2505 3426 suis.
2552 3391 2569 3424 ι
2603 3374 2968 3444 Symmachus
2999 3374 3078 3429 sic
3103 3375 3293 3441 edidit,
3329 3374 3521 3432 Omnes
3560 3375 3666 3430 viri

2078 3459 2285 3514 robusti
2318 3462 2565 3516 manibus
2595 3464 2726 3516 suis.
2762 3464 2924 3529 Nihil,
2964 3465 3164 3535 inquit,
3196 3483 3460 3521 manuum
3493 3468 3666 3524 robur

2078 3551 2232 3622 ipsos
2266 3552 2503 3622 adjuvit,
2531 3569 2627 3623 per
2650 3554 2796 3623 quod
2820 3557 3065 3610 omnium
3092 3558 3311 3614 divitias
3332 3574 3397 3615 se
3418 3560 3664 3631 direptu-

2078 3658 2172 3698 ros
2208 3654 2588 3714 speraverunt.
2630 3645 2697 3701 Ει
2719 3648 2922 3703 docens
2971 3663 3071 3704 cur
3126 3650 3265 3705 nihil
3316 3651 3443 3707 inde
3491 3653 3663 3723 adjuti

2079 3735 2210 3803 sint,
2240 3735 2484 3813 subdidit
2514 3755 2530 3791 :

2151 3917 2323 3989 Vens.
2348 3921 2401 3977 7.
2439 3939 2458 3973 ι
2481 3919 2564 3976 Ab
2587 3920 2961 3991 increpatione
2996 3930 3107 3987 tua,
3132 3920 3276 3980 Deus
3304 3920 3516 3991 Jacobi,
3534 3924 3666 3981 dor-

2083 4012 2418 4067 mitavcrunt
2461 4006 2555 4082 qui
2609 4012 3057 4068 ascenderuntin
3106 4028 3300 4085 equos.
3345 4032 3364 4067 ι
3411 4014 3665 4073 Annuisti

2080 4110 2316 4171 tantum,
2339 4104 2536 4175 inquit,
2565 4115 2619 4159 et
2647 4114 2889 4159 actutum
2922 4106 3239 4161 ceciderunt
3285 4106 3359 4161 illi
3383 4108 3478 4183 qui
3499 4123 3667 4180 eque-

2083 4204 2255 4250 strem
2297 4203 2469 4250 artem
2515 4194 2658 4250 scire
2695 4210 2755 4250 se
2799 4195 3197 4266 gloriabantur.
3253 4195 3432 4255 Verbo
3476 4208 3665 4265 autem

2081 4285 2502 4341 dormitaverunt
2522 4286 2711 4342 mortis
2727 4287 3119 4358 proclivitatem
3135 4287 3451 4343 declaravit.
3465 4288 3668 4355 Quem-

2083 4380 2379 4436 admodum
2428 4378 2575 4434 enim
2630 4378 2796 4433 homo
2829 4379 3063 4445 nictans,
3102 4378 3281 4445 facile,
3326 4380 3371 4435 si
3406 4380 3671 4449 voluerit,

2085 4471 2311 4537 dormit,
2342 4471 2424 4526 sic
2457 4471 2534 4526 illi
2569 4471 2812 4527 subitum
2839 4472 2965 4526 vitae
2993 4471 3152 4527 firiem
3185 4481 3535 4544 acceperunt.

2156 4559 2325 4619 Vsus.
2356 4563 2390 4619 8
2417 4580 2436 4615 ι
2471 4561 2553 4618 Tu
2581 4563 2841 4618 terribilis
2866 4579 2947 4628 es,
2980 4573 3034 4619 et
3058 4565 3188 4634 quis
3224 4564 3445 4620 resistet
3473 4565 3572 4619 tibi
3593 4564 3618 4618 ἲ
3639 4583 3661 4618 s

396 4659 496 4724 Τίς
524 4661 635 4733 γὰρ
671 4661 858 4725 ἱκανὸς
899 4658 1221 4728 ἀντιστῆναί
1266 4673 1385 4721 σοι,
1421 4657 1516 4711 καὶ
1553 4656 1846 4727 διαφυγεῖν
1877 4655 1969 4726 τὴι

2086 4652 2222 4721 Quis
2244 4655 2391 4709 enim
2422 4662 2599 4725 potest
2634 4655 2730 4710 tibi
2756 4655 3038 4724 reluctari,
3067 4664 3121 4711 et
3151 4656 3390 4729 eﬂ‘ugcre
3445 4671 3667 4727 pinnam

397 4751 753 4826 ἐπαγομένην
801 4753 952 4824 παρὰ
986 4750 1082 4805 σοῦ
1118 4748 1432 4823 τιμωρίαν;
1467 4766 1489 4801 ι
1536 4747 1677 4802 Ἀπὸ
1699 4747 1742 4781 ’⁸
1786 4747 1912 4802 τότε
1945 4747 1969 4817 ἡ

2090 4761 2213 4817 qua:
2250 4761 2282 4801 a
2313 4755 2367 4803 te
2419 4746 2739 4819 irrogatur?
2772 4766 2790 4800 ι
2832 4745 2911 4803 Ex
2960 4757 3092 4804 tunc
3140 4749 3223 4805 ira
3262 4759 3376 4807 tua.
3411 4767 3434 4802 ι
3471 4748 3671 4805 Subito

1490 4951 1726 5010 VARIA‘J
1763 4953 2145 5013 LECTIONES
2181 4954 2272 5009 ET
2311 4953 2545 5010 NOTAE.

470 5141 519 5174 “
567 5140 672 5193 Ἐν
723 5137 953 5208 εἰρήνῃ.
1008 5134 1281 5208 liebr.,in
1343 5133 1575 5208 Saturn
1604 5132 1697 5208 Sic
1747 5150 1986 5208 quoque
2015 5135 2202 5208 Δνιειέιίι
2250 5132 2473 5208 llieron.
2523 5143 2819 5208 przeeunte,
2862 5143 2922 5208 ut
2969 5134 3202 5199 videtur,
3241 5136 3465 5208 Aquila,
3509 5137 3668 5204 cujus

400 5213 507 5267 hoc
537 5204 901 5277 fragmentum
920 5204 998 5262 ad
1026 5210 1078 5261 b.
1112 5207 1149 5260 I.
1183 5215 1383 5268 exstat,
1425 5206 1518 5258 καὶ
1561 5204 1780 5277 ἐγένετο
1811 5204 1969 5277 ενΣα

2071 5223 2087 5257 ι
2114 5207 2147 5275 ἡ
2178 5205 2352 5275 σκηνὴ
2402 5204 2589 5277 αὐτού.
2668 5206 2729 5277 ⁸⁸λ
2758 5206 2819 5259 '0
2850 5206 3034 5277 τόπος
3079 5206 3286 5277 αὐτοῦ.
3311 5204 3494 5277 ήΙΙιιίπ.
3528 5214 3665 5277 13p,

403 5273 801 5335 tabernaculum
849 5281 982 5345 ejus.
1062 5278 1108 5308 ⁶⁶
1146 5277 1287 5329 Σὺν.
1345 5276 1513 5330 Abest
1563 5289 1591 5327 a
1640 5274 1763 5328 cod.
1811 5273 1865 5328 2.
1944 5277 1969 5307 °‘

2071 5273 2348 5338 mansc'
2380 5275 2479 5339 ὠς.
2536 5274 2663 5330 Des.
2717 5275 2772 5329 in
2822 5276 2945 5331 cod.
2981 5276 3037 5330 2.
3115 5276 3167 5345 ⁶⁸ί
3201 5277 3276 5329 Τὰ
3312 5274 3497 5343 κράτη
3548 5275 3669 5329 τῶν

398 5352 614 5416 τόξων.
662 5348 825 5403 Hebr.
889 5358 1024 5416 mp
1054 5346 1227 5407 ἐὔ-ι,
1275 5361 1498 5411 prunas,
1548 5360 1594 5399 s.
1650 5345 1754 5398 tela
1790 5345 1947 5413 ignea

2071 5361 2167 5400 :us.
2277 5346 2321 5377 ⁵⁸
2360 5346 2484 5398 cod.
2515 5346 2551 5397 2
2582 5345 2804 5409 πέλτας.

2905 5345 2952 5378 ’⁸
2990 5344 3259 5411 Φωτίζως
3290 5373 3361 5385 --
3390 5345 3664 5399 αἰωνίων.

400 5433 566 5487 llcbr.
597 5429 838 5484 Illustris
863 5446 917 5484 es
953 5426 1049 5500 (et)
1070 5438 1254 5500 potens
1283 5442 1394 5496 prta
1422 5426 1686 5500 montibus
1720 5428 1936 5495 prtedw.
1965 5497 1969 5500 λ

2257 5432 2292 5481 2
2320 5430 2656 5500 ἐπιφανήσῃ.
2734 5433 2782 5465 ⁷³
2821 5431 2944 5486 cod.
2980 5428 3305 5500 Ωὲδείχθης.
3496 5429 3668 5500 ἰυςζα-

397 5502 719 5570 οάχθησαν
756 5496 1078 5570 έκαρδίᾲς
1115 5496 1308 5570 Hebr_.,
1345 5497 1560 5570 spoliati
1583 5505 1727 5570 sunt,
1762 5512 1809 5570 s_.
1833 5497 1969 5566 prasd

2071 5499 2163 5559 ιι·ιί
2196 5508 2345 5563 sunt,
2370 5496 2562 5555 omnes
2594 5496 2765 5556 fortes
2795 5503 3031 5570 corde.”
3054 5499 3104 5537 ”
3126 5496 3508 5570 Καί-έούδέν.
3537 5497 3668 5555 Ha-c

399 5565 525 5626 cuin
548 5565 1596 5639 sequentibus]oujungendafuissent.
1633 5567 1682 5639 Is
1708 5565 1853 5639 enim
1897 5576 1981 5624 est
2003 5585 2203 5639 sensus
2235 5570 2524 5635 verborum
2564 5579 2745 5639 textus
2775 5572 2944 5630 Hebr.
2981 5567 3095 5623 Nec
3122 5569 3319 5623 insanit
3346 5568 3496 5639 ullus
3521 5571 3667 5623 viro-

400 5657 519 5695 rum
566 5635 783 5709 fortium
811 5655 1023 5693 manum
1048 5635 1229 5709 suum.
1291 5636 1368 5709 "'_
1403 5635 1615 5709 ρὺδέν.
1651 5636 1824 5709 Abest
1850 5652 1880 5691 a
1914 5654 1969 5709 cc

2074 5638 2127 5694 Ξ.
2204 5639 2279 5709 ξ¹⁸Δ
2304 5637 2684 5709 Ἑνύσταξᾳν
2714 5672 2783 5682 -
2808 5642 3037 5709 ἵπποις.
3079 5639 3246 5709 Hebr.
3281 5657 3296 5694 :
3332 5637 3547 5707 Sopilus
3588 5646 3667 5693 est

403 5722 515 5765 tum
538 5704 745 5776 currus,
782 5719 892 5762 tum
925 5725 1108 5779 equus.
1131 5707 1232 5779 _"’“
1252 5705 1391 5760 ‘cod.
1422 5706 1459 5758 ‘2
1490 5705 1615 5768 τοὺς
1650 5704 1901 5779 ἵππους.Δ
1945 5707 1966 5738 ⁷

2071 5716 2151 5764 od.
2195 5706 2231 5777 2
2259 5707 2514 5778 θελήσας.
2581 5704 2637 5744 ’⁷⁸
2690 5708 2824 5771 Ἀπὸ
2862 5738 2931 5749 -
2956 5723 3098 5764 σου.
3138 5707 3269 5766 ﬂeo.
3302 5704 3466 5767 lectio
3521 5709 3578 5765 h.
3626 5710 3665 5765 Ι.

395 5794 477 5838 est
511 5780 619 5836 ἀπὸ
645 5775 742 5849 τῆς
775 5780 941 5850 ὀργῆς
965 5775 1087 5836 σου.
1130 5775 1290 5834 llebr.
1326 5780 1449 5855 ’ῙΞΝ
1486 5784 1625 5844 TNID,
1660 5790 1725 5831 ex
1749 5791 1852 5845 quo
1885 5776 1967 5885 ira

2071 5796 2110 5845 τ,
2134 5775 2217 5836 sc.
2243 5775 2468 5836 exarsit.
