4112 6418
361 317 505 389 14ΤἺ

1665 316 1748 377 ΙΝ
1778 316 1989 379 ΡΞΑΙ..
2033 315 2287 378 LXXVI.

3510 311 3537 377 1
3549 313 3650 378 478

432 461 497 529 βπ,
547 482 564 506 ὁ
617 455 775 525 Φωνῇ
817 468 919 521 μου
969 449 1107 520 πρὸς
1140 447 1345 519 Κύριον
1381 448 1683 519 ἐκέκραξα,
1728 450 1884 519 φωνῇ
1911 448 1958 479 ss

2133 449 2297 506 Vsus.
2333 450 2388 518 2,
2437 468 2454 502 ι
2496 448 2644 506 Voce
2685 467 2805 507 mea
2838 450 2903 506 ad
2940 447 3227 503 Dominum
3266 444 3520 512 clamavi,
3552 457 3644 499 vo-

363 568 467 622 μου
501 551 641 620 πρὸς
663 547 758 600 τὸν
786 544 944 600 Θεὸν.
978 544 1074 595 καὶ
1102 540 1374 610 προσέσχε
1405 558 1516 609 μοι.
1555 561 1571 591 ι
1607 538 1948 603 Σπουδαίως,

2058 558 2120 598 ce
2166 559 2287 598 mea
2326 544 2394 598 ad
2430 544 2626 608 Deum,
2669 556 2722 600 et
2773 543 3003 600 attendit
3044 542 3112 596 ad
3151 555 3259 594 me.
3307 557 3324 590 ι
3366 538 3645 605 Studiose,

359 642 532 711 φησὶ,
579 639 679 710 τὴν
727 634 1041 707 προσευχὴν
1080 633 1489 704 προσενήνοχα,
1529 631 1624 684 καὶ
1667 630 1954 698 συντόμως

2080 638 2256 707 nquit,
2300 652 2491 706 preces
2538 638 2735 705 obtuli,
2771 645 2825 693 et
2860 637 3044 693 statim
3094 634 3377 706 petitionis
3422 646 3650 703 compos

359 735 463 804 τὴν
515 732 736 801 αἴτησιν
789 726 1004 781 ἔλαϐον.
1062 721 1194 777 Εἶτα
1247 724 1339 777 τὸν
1377 723 1583 776 τούτων
1618 723 1664 755 ⁸⁵
1712 720 1955 774 διδάσκει

2074 729 2236 786 'actus
2269 745 2416 786 sum.
2453 729 2658 785 Deinde
2688 732 2884 785 horum
2915 740 3133 800 tempus
3169 728 3346 783 docet.

360 823 578 895 καιρόν.

432 940 504 1003 γ’.
536 952 554 985 ι
590 932 682 985 Ἐν
713 929 902 1001 ἡμέρᾳ
927 927 1161 997 θλίψεως
1195 945 1296 997 μου
1321 926 1412 979 τὸν
1430 925 1562 979 Θεὸν
1594 925 1950 996 ὲξεζήτησα.»

360 1030 612 1089 Ὀδύναις
665 1025 777 1093 γὰρ
832 1020 1166 1091 βαλλόμενος
1207 1017 1484 1087 ἐπιμελῶς
1514 1018 1612 1087 τὴν
1643 1017 1798 1069 θείαν
1837 1020 1959 1068 ἐπι-

365 1116 594 1186 κουρίαν
630 1110 939 1181 ὲξεζήτησα
961 1127 976 1140 ο
1012 1124 1077 1161 το
1133 1110 1242 1180 γὰρ
1291 1106 1626 1176 ἐξεζῆτησα
1663 1107 1760 1177 τὴν
1794 1123 1961 1159 σπου-

370 1206 527 1260 δαίαν
573 1204 878 1258 αἰνίττεται
932 1204 1266 1273 προσευχήν.
1312 1200 1547 1252 Ἔπειτα
1586 1198 1825 1252 δείκνυσι
1861 1200 1961 1270 τῆς

376 1297 615 1360 ἱκετείας
668 1294 761 1348 τὸν
809 1294 1036 1365 τρόπον.
1079 1313 1098 1345 ‹
1152 1294 1195 1345 Τ
1199 1295 1285 1355 αῖς
1308 1293 1354 1323 ⁸⁸
1402 1292 1562 1363 χερσί
1612 1309 1716 1362 μου
1766 1290 1961 1353 νυκτὸς

373 1388 614 1444 ἐναντίον
662 1386 866 1449 αὐτοῦ,
902 1388 999 1440 καὶ
1039 1386 1141 1440 οὐκ
1187 1386 1505 1457 ἠπατήθην.
1549 1404 1567 1437 ι
1628 1384 1688 1438 '0
1721 1384 1776 1437 δὲ
1818 1382 1965 1454 Σύμ-

374 1497 549 1552 μαχος
578 1478 754 1543 οὕτως
780 1495 795 1509 ’
839 1480 912 1534 Ἦ
959 1477 1088 1548 χείρ
1127 1495 1249 1547 μου
1312 1475 1537 1543 νυκτὸς
1583 1475 1891 1529 ἐκτέταται
1912 1473 1957 1505 ³⁷

370 1575 687 1646 διηνεκῶς.
732 1574 972 1645 Νύκτωρ
1026 1572 1261 1644 ἡσυχίαν
1306 1571 1457 1641 ἄγων
1498 1571 1599 1633 τὰς
1630 1571 1823 1640 χεῖρας
1876 1567 1965 1632 ἐξ·

382 1670 610 1733 ἐτεινον,
656 1670 843 1737 τυχεῖν
871 1663 1288 1736 φιλανθρωπίας
1323 1662 1643 1727 ἀντιϐολῶν,
1676 1662 1774 1715 καὶ
1800 1660 1861 1713 οὐ
1890 1660 1969 1713 δι-

2134 923 2302 982 Vens.
2355 927 2408 981 ὅ.
2470 946 2489 979 ι
2528 925 2624 982 Die
2668 927 3041 983 tribulationis
3081 940 3217 981 meae
3266 927 3433 981 Deum
3464 923 3652 995 exqui-

2062 1016 2190 1073 sivi.
2229 1037 2248 1071 ι
2296 1018 2589 1074 Doloribus
2617 1021 2764 1075 enim
2796 1020 3046 1075 conﬁxus
3085 1019 3376 1090 diligenter
3403 1018 3648 1071 divinam

2068 1124 2231 1179 opem
2264 1110 2528 1180 expetivi.
2576 1111 2862 1182 Siquidem
2906 1113 3037 1166 illud
3082 1112 3339 1181 exquisivi
3373 1110 3652 1167 studiosas

2065 1217 2259 1271 preces
2282 1202 2487 1257 innuit.
2509 1202 2711 1260 Deinde
2733 1204 2972 1259 ostendit
2987 1204 3384 1261 obsecrationis
3406 1204 3648 1258 modum.

2073 1313 2092 1347 ι
2131 1295 2391 1352 Manibus
2419 1297 2561 1353 meis
2598 1306 2762 1353 nocte
2795 1305 2988 1352 contra
3015 1312 3163 1363 eum,
3191 1306 3245 1351 et
3271 1312 3378 1352 non
3404 1312 3524 1351 sum
3552 1295 3652 1352 de-

2066 1398 2280 1458 ceptus.
2322 1407 2342 1442 ι
2385 1388 2752 1460 Symmachus
2778 1399 2962 1445 autem
2987 1391 3085 1455 sic,
3121 1388 3315 1443 Manus
3351 1404 3469 1443 mea
3501 1396 3653 1442 nocte

2068 1471 2316 1536 continue
2366 1492 2588 1538 extensa
2635 1495 2733 1538 est.
2780 1482 2959 1538 Noctu
2991 1482 3231 1552 quietem
3264 1495 3432 1551 agens
3458 1493 3655 1535 manus

2068 1575 2286 1641 suStuIi,
2308 1575 2627 1646 supplicans
2659 1585 2718 1631 ut
2744 1575 3143 1646 benignitatem
3167 1587 3556 1643 consequerer,
3600 1580 3656 1626 et

2070 1681 2167 1736 spe
2213 1667 2440 1721 minime
2489 1665 2692 1721 decidi.
2753 1666 2873 1721 Hoc
2923 1666 3071 1722 enim
3111 1666 3385 1737 signiﬁcat
3420 1684 3434 1720 :
3471 1682 3491 1716 ι
3530 1662 3657 1718 Νοιι

371 1762 625 1832 ήμαρτον
653 1759 753 1830 τῆς
780 1757 1018 1820 ἐλπίδος.
1058 1756 1229 1811 Τοῦτο
1258 1755 1367 1827 γὰρ
1409 1755 1670 1826 σημαίνει
1696 1753 1777 1819 τὸ,
1801 1772 1820 1804 ι
1854 1752 1969 1806 Οὐκ

2074 1772 2192 1811 sum
2220 1756 2437 1830 1144
2464 1758 2729 1829 deceptus
2756 1776 2772 1825 ;
2827 1777 2846 1810 ›
2885 1759 3045 1828 quasi
3076 1758 3223 1814 dicat
3253 1776 3269 1813 :
3296 1755 3417 1812 Non
3451 1755 3658 1814 frustra

368 1852 660 1925 ἡπατήθην
681 1891 696 1917 ,
738 1870 757 1902 ι
793 1851 918 1905 ἀντὶ
943 1849 1064 1913 τοῦ,
1107 1850 1183 1903 Οὐ
1216 1849 1395 1919 μάτην
1440 1848 1781 1919 ἡγρύπνησα
1804 1884 1819 1911 ,
1848 1844 1965 1899 ἀλλ’

373 1943 690 2016 ἐδρεψάμην
717 1943 816 2013 τῆς
843 1942 1012 2013 εὐχῆς
1038 1940 1129 1995 τὸν
1164 1939 1401 2012 καρπόν.

451 2075 471 2108 ι
525 2054 872 2127 ’Λπηνήνατο
922 2054 1355 2126 παρακληθῆναι
1412 2053 1625 2124 ἡψυχή
1668 2070 1796 2124 μου.
1851 2051 1964 2125 [δ’.]

387 2149 701 2220 Ἐμνὴσθην
748 2149 844 2202 τοῦ
876 2147 1011 2202 Θεοῦ
1038 2188 1053 2212 ,
1101 2149 1198 2201 καὶ
1244 2147 1564 2220 εὐφράνθην
1591 2147 1658 2201 ’⁸.
1703 2169 1721 2197 ι
1774 2147 1967 2200 Πᾶσαν

381 2238 481 2310 μὲν
510 2237 897 2308 ἀπεσεισάμην
918 2236 964 2270 ⁹⁹
1001 2235 1335 2308 παραψυχῆς
1386 2236 1646 2308 ἀφορμὴν
1667 2277 1681 2300 ,
1715 2237 1969 2307 ψυχαγω-

377 2329 504 2398 γίαν
532 2330 590 2383 δὲ
628 2329 798 2399 μόνην
828 2324 976 2399 εἶχον
1006 2328 1103 2382 τοῦ
1131 2327 1270 2382 Θεοῦ
1295 2329 1310 2360 ¹
1337 2328 1438 2400 τὴν
1468 2330 1713 2403 μνήμην.
1749 2348 1767 2383 ι
1812 2329 1970 2382 Ἦδο-

378 2421 624 2492 λέσχησα
641 2421 684 2487 ³,
725 2421 822 2473 καὶ
857 2419 1244 2491 ὠλιγοψύχησε
1273 2420 1335 2474 τὸ
1368 2419 1589 2491 πνεῦμά
1618 2438 1742 2492 μου.
1793 2440 1812 2473 ι
1866 2421 1923 2475 Ὁ
1949 2421 1971 2454 ⁸

377 2512 436 2567 δέ
468 2513 765 2583 Σύμμαχος
795 2511 1005 2575 οὓτως⁴
1038 2510 1371 2566 Διελάλουν
1394 2511 1653 2581 ἐμαυτῷ,
1685 2514 1783 2568 καὶ
1818 2514 1972 2568 ἐλει-

381 2605 712 2680 ποθύμοιθν.
746 2603 996 2674 Συνεχῶς
1028 2603 1255 2674 ἐμαυτῷ
1289 2602 1844 2675 προσδιαλεγόμενος,
1875 2603 1971 2658 καὶ

380 2692 452 2745 τά
503 2693 801 2762 συνέχοντά
841 2709 911 2762 με
963 2692 1112 2745 κακά
1148 2691 1543 2763 λογιζόμενος¹⁵
1568 2733 1583 2759 ,
1623 2693 1971 2765 ἀπηγόρευον

384 2783 487 2850 τὴν
522 2781 727 2835 τούτων
765 2781 1127 2853 ἀπαλλαγὴν,
1171 2786 1267 2838 καὶ
1316 2784 1524 2856 πικράς
1568 2785 1840 2857 ἐδεχόμην
1869 2787 1972 2858 τῆς

387 2872 623 2940 ἀθυμίας
655 2870 753 2936 τὰς
779 2872 996 2938 ἀκίδας.

457 2981 520 3037 ε’.
572 3001 591 3035 ι
664 2985 1145 3054 Προκατελάὸοντο
1184 2986 1207 3018 ⁵
1272 2986 1523 3056 φυλακὰς
1585 2991 1635 3044 oi
1699 2988 1972 3061 ὀφθαλμοί

389 3094 490 3148 μου
514 3077 554 3131 ⁸.
594 3095 613 3128 ι
646 3079 929 3144 Φυλακὰς
962 3078 1119 3132 καλεῖ
1166 3080 1266 3144 τάς
1295 3080 1397 3150 τῆς
1429 3082 1626 3147 νυκτὸς
1652 3082 1969 3157 διαιρέσεις,

386 3166 511 3220 καθ’
557 3165 623 3230 ἃς
666 3169 716 3220 οἱ
748 3167 990 3236 φύλακες
1020 3168 1276 3240 ἀλλήλοις
1317 3173 1416 3241 τὴν
1444 3173 1697 3244 φυλακὴν
1732 3176 1973 3248 ἐγχειρί-

386 3260 541 3323 ζουσι
566 3277 579 3291 ·
604 3258 755 3330 δηλοῖ
778 3259 836 3313 δὲ
854 3259 941 3313 διὰ
968 3259 1178 3315 τούτων
1200 3261 1300 3334 τὴν
1327 3263 1417 3318 διὰ
1448 3264 1629 3336 πάσης
1652 3269 1755 3339 τῆς
1780 3272 1976 3332 νυκτὸς

385 3350 717 3421 ἀγρυπνίαν.
748 3368 768 3402 ι
797 3350 1144 3425 Ἐταράχθην
1163 3394 1178 3420 ,
1208 3354 1303 3408 καὶ
1324 3354 1426 3409 οὐκ
1450 3356 1710 3428 ἐλάλησα.
1742 3378 1763 3413 ι
1790 3360 1975 3415 Ταῦτα

385 3443 437 3495 οἱ
488 3443 643 3496 αὐτοὶ
677 3444 772 3497 καὶ
798 3444 864 3498 ἐν
911 3443 991 3515 τῷ
1024 3451 1120 3516 μα’
1160 3445 1409 3519 ψώμῷ⁷
1445 3463 1461 3480 ο
1488 3449 1635 3522 Πρὸς
1672 3451 1912 3523 ἐμαυτὸν
1940 3456 1981 3526 η

387 3533 534 3605 ψυχή
565 3552 668 3606 μου
690 3535 991 3607 ἐταράχθη.
1021 3556 1041 3589 ι
1077 3537 1154 3592 Οὐ
1176 3537 1285 3612 γὰρ
1307 3540 1622 3614 ἠνεσχόμην
1645 3544 1825 3611 ἄλλοις
1850 3548 1977 3611 τοὺς

390 3625 559 3694 ἐμοὺς
584 3623 884 3696 λογισμοὺς
914 3627 1175 3699 ἐκφῆναι.

462 3742 541 3803 ς’,
583 3737 649 3802 ζ’.
687 3756 706 3789 ι
741 3737 1149 3811 Διελογισάμην
1186 3724 1405 3813 ἡμέρας
1438 3745 1678 3817 ἀρχαίας
1701 3768 1716 3781 ο
1756 3752 1852 3806 καὶ
1880 3751 1975 3824 ἐτη

326 3900 337 3907 ί
391 3825 587 3879 αἰώνια
627 3827 908 3899 ἐμνήσθην
935 3829 978 3884 ⁸.
1014 3830 1126 3882 Καὶ⁵
1170 3830 1483 3903 ἐμελέτησα
1506 3836 1550 3890 ³.
1589 3856 1609 3889 ι
1642 3839 1765 3894 Τῶν
1791 3843 1981 3915 προτέσ

392 3932 506 3990 ρων
537 3931 673 4006 σου,
705 3917 906 3988 φησὶν,
958 3920 1295 3991 εὐεργεσιῶν
1328 3923 1669 4000 ἀνενεούμην
1695 3931 1797 4002 τὴν
1838 3936 1977 4006 μνή-

393 4021 504 4076 μην
527 4045 542 4070 ,
590 4004 687 4058 καὶ
713 4007 1096 4081 ἐνεθυμούμην
1119 4051 1134 4076 ,
1169 4011 1315 4066 ὅσων
1358 4014 1516 4085 παρὰ
1550 4016 1644 4069 σοῦ
1679 4004 1978 4092 τετυχήκα-

393 4115 478 4151 σιν
532 4097 865 4171 εὐεργεσιῶν
910 4104 961 4156 οἱ
1002 4104 1267 4176 ἡμέτεροι
1324 4104 1624 4177 πρόγονοι*
1670 4110 1818 4177 ὅπως
1875 4115 1977 4186 τῆς

390 4191 708 4259 Αίγυπτίων
737 4192 983 4258 δουλείας
1016 4195 1501 4272 ἠλευθερώθησαν,
1525 4201 1676 4265 ὅπως
1701 4205 1799 4275 τὴν
1819 4206 1977 4278 Ἐρυ-

393 4281 532 4352 θράν
562 4282 825 4353 διέϐησαν
868 4286 1168 4354 θάλασσαν,
1211 4290 1364 4356 ὅπως
1415 4290 1515 4363 τὴν
1553 4295 1976 4368 ἐπηγγελμένην

388 4378 506 4441 τοῖς
544 4379 815 4450 πατράσιν
844 4381 1119 4436 ἀπέλαϐον
1145 4383 1189 4417 ’⁸
1225 4386 1348 4455 γῆν.
1400 4404 1419 4439 ι
1456 4387 1671 4453 Νυκτὸς
1705 4391 1846 4460 μετά
1875 4392 1974 4462 τῆς

2071 1851 2314 1922 vigilavi,
2345 1853 2441 1906 sed
2481 1851 2887 1907 obsecrationis
2917 1848 3159 1907 fructum
3186 1850 3426 1922 percepi.

2145 2067 2164 2102 ς
2198 2049 2402 2106 Renuit
2427 2050 2627 2107 solatio
2658 2051 2794 2120 erigi
2818 2050 3005 2106 anima
3035 2065 3177 2107 mea.
3212 2049 3402 2123 [νειιε.
3434 2048 3517 2126 ῤ.]
3544 2050 3661 2107 Me-

2072 2158 2193 2198 mor
2223 2140 2299 2197 fui
2335 2141 2453 2211 Dei,
2483 2153 2537 2198 et
2586 2144 2888 2200 delectatus
2919 2158 3064 2199 sum.
3106 2161 3127 2196 ι
3166 2143 3399 2199 Omnem
3431 2144 3655 2215 quidem

2069 2237 2468 2293 consolationis
2499 2252 2724 2292 causam
2751 2240 2767 2259 ‘
2809 2236 3008 2308 ahjeci,
3036 2236 3212 2292 solam
3240 2245 3423 2290 autem
3454 2251 3659 2292 conso-

2071 2329 2330 2385 lationem
2356 2328 2809 2385 Dei‘memoriam
2847 2329 3036 2385 habui.
3072 2346 3092 2381 ι
3133 2328 3465 2394 Exercebar,
3489 2329 3657 2385 etde-

2072 2422 2204 2479 l’ecit
2243 2424 2472 2493 Spiritus
2525 2438 2707 2479 meus.
2760 2441 2780 2475 ι
2832 2419 3199 2494 Symmachus
3229 2437 3358 2478 vero
3397 2423 3497 2486 sic,
3538 2421 3657 2477 Με-

2072 2530 2193 2569 cum
2244 2516 2356 2585 ipse
2407 2514 2681 2584 loquebar,
2733 2523 2782 2569 et
2826 2515 3005 2569 animo
3056 2514 3387 2585 deﬁciebant.
3443 2514 3656 2570 Mecum

2072 2607 2343 2662 continuo
2373 2608 2626 2676 loquens,
2651 2614 2707 2661 et
2740 2606 2885 2661 mala
2930 2606 3133 2675 quibus
3176 2606 3478 2661 distinebar
3507 2606 3660 2676 cogi-

2074 2708 2217 2765 tans,
2243 2700 2601 2770 deSperabam
2663 2713 2750 2753 me
2778 2714 3022 2769 unquam
3061 2698 3132 2753 ab
3162 2698 3272 2753 illis
3301 2699 3537 2755 liberum
3571 2698 3655 2754 fo-

2072 2806 2154 2859 re,
2186 2800 2245 2848 et
2282 2791 2536 2847 stimulos
2571 2791 2755 2847 acerbi
2787 2790 3046 2846 maeroris
3077 2790 3349 2861 patiebar.
3624 2800 3628 2804 ‘

2147 2987 2315 3044 Vens.
2349 2988 2401 3044 5.
2462 3010 2480 3040 ι
2514 2986 2964 3059 Anticipaverunt
3015 2990 3231 3062 vigilias
3269 2989 3415 3046 oculi
3460 2989 3587 3046 mei.
3631 3007 3653 3043 ι

2086 3079 2314 3152 Vigilias
2368 3091 2529 3137 vocat
2580 3083 2757 3138 noctis
2789 3081 3112 3149 divisiones,
3156 3083 3462 3138 secundum
3518 3096 3659 3152 quas

2077 3172 2333 3229 custodes
2365 3173 2471 3228 sibi
2522 3174 2756 3229 invicem
2799 3174 3062 3230 excubias
3108 3177 3351 3230 tradunt.
3409 3174 3662 3232 Declarat

2076 3278 2257 3321 autem
2303 3266 2389 3321 his
2432 3265 2613 3322 verbis
2658 3282 2718 3322 se
2769 3282 2865 3337 per
2909 3274 3076 3322 totam
3132 3274 3349 3323 noctem
3409 3268 3656 3339 vigilare.

2083 3379 2102 3414 ι
2136 3359 2415 3416 Turbatus
2435 3375 2582 3427 sum,
2616 3369 2672 3415 et
2701 3374 2810 3416 non
2843 3375 2966 3416 sum
3002 3361 3245 3417 locutus.
3274 3378 3293 3412 ι
3330 3360 3460 3416 [late
3489 3360 3657 3416 iidem

2078 3455 2134 3509 in
2163 3452 2591 3525 quadragesimo
2623 3454 2806 3525 primo
2853 3453 3067 3522 psalmo
3097 3453 3359 3508 dixerunt
3391 3471 3406 3508 :
3451 3471 3471 3505 ι
3499 3452 3661 3523 Apud

2078 3564 2167 3603 me
2202 3548 2381 3618 ipsqu
2413 3547 2600 3602 anima
2648 3548 2870 3602 turbata
2907 3552 2995 3602 est
3026 3554 3074 3599 ν.
3122 3563 3142 3597 ι
3171 3542 3293 3599 Non
3323 3545 3469 3600 enim
3501 3545 3664 3600 susti-

2076 3641 2277 3696 nebam
2309 3656 2462 3696 meas
2491 3639 2856 3711 cogitationes
2885 3637 3012 3694 aliis
3042 3636 3375 3708 patefacere.

2150 3749 2316 3807 Vens.
2351 3746 2495 3815 6,7.
2538 3767 2565 3802 ι
2614 3747 2861 3819 Cogitavr
2910 3748 3029 3804 dies
3069 3748 3350 3818 antiquos,
3399 3756 3455 3803 et
3484 3761 3663 3804 annos

2079 3852 2313 3900 aeternos
2342 3844 2397 3897 in
2428 3851 2615 3897 mente
2648 3839 2922 3896 habui.Et
2947 3840 3239 3896 meditatus
3274 3855 3418 3895 sum.
3453 3860 3471 3893 ι
3501 3838 3662 3894 Ρτίοο

2080 3953 2225 4000 rum,
2282 3935 2487 4006 inquit,
2522 3932 2913 3989 beneﬁciorum
2946 3938 3176 3987 tuorum
3207 3931 3550 4007 memoriam.
3573 3945 3660 3985 re-

2078 4027 2300 4093 novavi,
2333 4035 2386 4082 et
2420 4025 2684 4097 perpendi
2715 4033 2852 4095 quot
2907 4023 3173 4079 beneﬁcia
3202 4024 3449 4093 majores
3485 4023 3661 4078 nostri

2078 4136 2110 4175 a
2143 4130 2195 4175 te
2219 4118 2499 4176 consecuti
2529 4117 2641 4173 sint
2671 4135 2685 4171 :
2718 4115 2999 4187 quomodo
3028 4115 3097 4171 ab
3125 4113 3507 4193 Egyptiorum
3541 4128 3660 4169 ser-

2078 4216 2251 4269 vitute
2268 4211 2480 4268 liberati
2505 4210 3022 4281 fuerint,quomodo
3047 4224 3195 4263 mare
3214 4206 3461 4262 Rubrum
3484 4212 3665 4281 trama:

2079 4308 2268 4375 ierint,
2301 4315 2357 4361 et
2386 4304 2668 4376 quomodo
2730 4303 3001 4374 promissa
3033 4301 3279 4373 patribus
3327 4300 3468 4355 terra
3502 4298 3661 4369 potiti

2079 4402 2209 4456 sint.
2246 4418 2265 4452 ι
2305 4398 2475 4455 Nocte
2505 4413 2630 4454 cum
2674 4395 2886 4468 1145
2920 4395 3088 4451 corde
3129 4409 3250 4448 meo
3293 4391 3660 4456 exercilabar,

393 4470 629 4540 καρδίας
683 4489 788 4543 μου
839 4473 1198 4545 ὴδολέσχουν,
1253 4476 1347 4530 καὶ
1386 4477 1618 4532 ἓσκαλλε
1650 4480 1711 4533 τὸ
1757 4481 1980 4552 πνεῦμά

2087 4502 2143 4551 et
2171 4492 2440 4549 sarriebat
2471 4490 2703 4561 spiritus
2734 4504 2908 4543 meus.
2948 4507 2969 4540 ι
3004 4486 3113 4541 Pro
3159 4485 3451 4549 sarriebat,
3479 4480 3662 4537 Theo-

395 4576 520 4631 μου.
562 4579 582 4613 ι
636 4562 711 4615 Τὸ
747 4563 804 4617 δὲ
859 4563 1270 4634 ἕσκαλλενυ,
1312 4571 1339 4623 ὁ
1373 4570 1472 4640 μὲν
1523 4571 1851 4640 Θεοδοτίων,
1886 4574 1988 4639 ἐξ·

391 4652 814 4722 ηρεύνησενίί,
849 4658 879 4711 ό
907 4657 965 4711 δὲ
988 4658 1244 4727 Ἀκύλας,
1282 4660 1667 4718 ἐσκάλευσεν
1694 4665 1737 4697 ⁸³
1771 4665 1982 4737 εἴρηκε.

398 4741 590 4798 Ταῦτα
614 4744 694 4810 δέ,
728 4747 886 4818 φησὶ,
920 4747 1139 4822 νύκτωρ
1176 4752 1315 4823 πρὸς
1349 4754 1590 4823 ἐμαυτὸν
1613 4754 1657 4786 ³⁸
1680 4755 1986 4826 διαλογιζό-

459 4862 488 4893 ν
517 4855 665 4914 Psal.
706 4876 815 4923 xu,
848 4861 903 4915 7.

2084 4584 2237 4639 dotio
2263 4581 2402 4637 dixit
2433 4590 2707 4635 scrutatus
2736 4591 2837 4645 est,
2866 4577 3062 4647 Aquila
3094 4568 3246 4641 vero,
3291 4575 3448 4644 quasi
3478 4573 3666 4643 eﬂ'odi:

2082 4681 2135 4726 et
2182 4671 2425 4741 scalpsit.
2453 4670 2611 4726 ‘Cum
2649 4670 2786 4736 haec,
2830 4668 3032 4739 inquit,
3078 4677 3241 4722 noctu
3283 4679 3497 4720 mecum
3547 4665 3664 4734 ipse

2085 4772 2270 4819 mente
2300 4763 2663 4828 revolverem,
2695 4769 2973 4817 scrutatus
3038 4774 3160 4817 sum
3198 4774 3301 4816 cur
3341 4757 3410 4813 de
3459 4756 3665 4812 nostris

1496 4985 1731 5044 VARl/E
1770 4988 2153 5058 LECTIONES
2181 4990 2271 5045 ET
2300 4988 2533 5047 NOTAE.

498 5095 548 5128 ”
573 5095 769 5176 Φωνῇ.
819 5096 948 5153 Rec.
1001 5100 1163 5157 lectio
1203 5111 1286 5157 est
1348 5104 1443 5156 καὶ
1489 5105 1540 5176 ἡν
1578 5105 1773 5176 φωνή.
1830 5106 1877 5139 ³³
1920 5121 1980 5161 co

2091 5107 2127 5161 2
2173 5107 2386 5162 τούτου.
2465 5107 2514 5141 ⁸⁸
2550 5104 2684 5171 Ταῖς
2728 5133 2800 5176 έ-
2842 5102 3191 5176 ἠπατήθην.
3220 5100 3434 5176 Hebr.__:
3470 5100 3667 5176 Manus

393 5181 513 5237 mea
567 5175 726 5237 noctu
776 5178 992 5222 extensa
1042 5181 1141 5237 est,
1188 5188 1286 5227 nec
1339 5175 1659 5227 remittitur.

1759 5175 1805 5207 "
1841 5177 1963 5232 cod.

2076 5177 2356 5243 ἐκτέτατο,
2419 5192 2583 5247 quam
2636 5170 2924 5247 lectionem
2961 5174 3134 5247 etiam
3178 5173 3341 5247 habet
3371 5170 3566 5247 Mum].
3607 5171 3667 5247 i_n

398 5235 627 5306 llexapl.
652 5236 717 5290 ad
746 5237 801 5290 h.
840 5238 859 5291 l
933 5240 980 5272 ’⁸
1006 5235 1325 5311 Καὶέὺςρρ.
1358 5243 1521 5298 Hebr.
1558 5255 1795 5310 ninam,
1831 5258 1878 5300 et
1903 5262 1980 5315 ρει

2074 5263 2194 5317 ἐρο,
2229 5264 2273 5303 s.
2313 5235 2638 5319 iuge'tuisco.
2712 5246 2760 5277 ”
2790 5245 2914 5299 cod.
2954 5243 3371 5312 ἓάπεσειόμην.
3450 5242 3466 5272 ⁸
3492 5238 3666 5296 Θεοῦ.

395 5319 531 5391 cod.
548 5321 583 5391 2
610 5319 734 5374 add.
773 5336 896 5391 μου.

1011 5325 1032 5355 ³
1078 5323 1387 5393 Ἠδολέσχ.
1427 5326 1589 5380 Hebr.
1614 5322 1833 5394 .‘m’fzm,
1865 5330 2181 5387 meditabor.

2295 5331 2395 5385 "0
2424 5360 2489 5373 --
2509 5330 2716 5394 οὕτως.
2745 5326 2869 5382 Des.
2910 5328 2964 5381 in
3004 5327 3124 5381 cod.
3161 5327 3215 5380 Ξ.
3296 5325 3318 5356 ⁸
3342 5323 3462 5378 cod.
3492 5322 3666 5376 2δια-

396 5389 811 5468 λογιζόμενος,
918 5389 1526 5468 Προκαζελάόξόῶτ-ο-
1548 5398 1685 5468 ὀφθ.
1713 5389 1852 5466 μου.
1874 5397 1980 5468 μοι

2096 5400 2255 5457 Tenes
2303 5402 2599 5464 custodias,
2631 5389 2689 5452 sf
2714 5398 3024 5468 palpebras,
3067 5396 3342 5468 oculorum
3404 5408 3666 5468 meorum.

398 5459 421 5491 ⁸
447 5463 509 5513 Ol
543 5460 685 5529 ὀρθ.
702 5476 842 5529 μου.
874 5459 950 5515 Ita
990 5462 1036 5515 lc

396 5545 517 5581 πον.

1043 5477 1094 5541 ει.
1131 5465 1184 5517 in
1212 5466 1511 5541 edit.__A_ld.
1541 5458 1600 5541 _ei
1620 5458 1832 5541 Counpl.
1853 5466 1980 5541 nec

2074 5473 2191 5526 :ctio
2218 5481 2300 5528 est
2327 5474 2378 5524 οί
2410 5458 2598 5541 ἐχθροί
2627 5458 2755 5541 μού.
2806 5458 2845 5502 ’⁷
2874 5458 3116 5541 {Immo}.
3145 5464 3267 5519 cod.
3367 5478 3556 5533 praem.
3584 5458 3673 5541 εἷς

631 5529 654 5561 ⁸
678 5528 1122 5609 ᾞμνῄσθηνζίιῃ
1159 5541 1308 5609 textu
1343 5532 1504 5609 Hebr.
1541 5538 1610 5609 Ιι.Δ
1631 5539 1665 5591 Ι.
1700 5528 1891 5609 incipit
1914 5541 2111 5609 versic.
2141 5542 2195 5596 7.

2303 5534 2839 5608 θΚαῖἑὶιελέτησα.
2883 5534 3044 5608 Hebr.
3083 5534 3669 5608 ’DQ'IJJ.__it_tstrumenti

395 5598 498 5677 mei
522 5595 792 5677 pulsatilis
812 5595 1144 5677 (recordor):
1164 5604 1374 5677 Syrum.
1397 5606 1647 5677 ψαλμούς
1684 5595 1829 5676 μου..
1891 5608 1935 5640 ¹⁰
1957 5624 1980 5662 c

2074 5650 2080 5663 .
2112 5611 2146 5665 ε
2177 5595 2389 5666 nam;
2468 5595 2657 5666 ιιίιερ.
2686 5595 2849 5665 lectio
2868 5616 2951 5663 est
2978 5604 3260 5677 ἐσκαλλον.
3282 5601 3445 5658 Hebr.
3464 5595 3669 5677 earn).

397 5674 932 5758 tat—persc‘rutaltlatur.
1016 5673 1064 5758 ‘1
1089 5670 1284 5758 ’ξξῄμ
1307 5670 1662 5758 ¹ὃίιίψιξοριεεὶ
1684 5670 1921 5758 Syrtim,
1952 5694 1980 5758 ᾳ

2081 5682 2243 5739 habet
2265 5680 2603 5755 ἀνηρεύνων.
2682 5680 2728 5713 ¹³
2753 5679 2875 5736 cod.
2906 5677 2943 5731 2
2979 5674 3258 5742 ἐκάλεσεν,
3290 5687 3359 5730 ex
3383 5686 3570 5729 errore
3596 5670 3685 5728 li-‘

397 5736 588 5804 brarii,
622 5748 681 5795 ut
714 5740 945 5796 videtur.
1027 5744 1069 5775 ιδ
1096 5736 1253 5812 Πρὸξ·
1293 5736 1581 5809 ἐμαυτόν-ξ
1610 5736 1746 5804 Ι)εεῖ
1785 5748 1839 5802 in
1869 5736 1993 5804 cod'.
2022 5749 2077 5804 2.
