4112 6440
404 370 541 437 1485

400 487 791 559 παρέπεμψαν.
835 484 1005 540 Τοῦτο
1052 485 1192 550 δὲ³⁹,

402 578 719 648 πειθόμενοι
756 576 925 647 νόμῳ.
964 576 1138 631 Τοῦτο
1169 577 1279 648 γὰρ
1304 578 1557 648 ἐπήγαγε
1582 591 1595 605 ·

471 696 533 742 ε’.
584 708 602 740 ι
632 690 743 742 Καὶ
779 690 1049 756 ἀνέστησε
1089 688 1396 759 μαρτύριον
1432 689 1491 740 ἐν
1522 683 1739 748 Ἰακὼϐ,
1773 685 1869 737 καὶ
1903 684 1988 737 νό-

403 798 505 851 μον
532 780 685 834 ἔθετο
715 781 772 832 ἐν
806 780 1043 851 Ἰσραήλ.
1078 799 1097 830 ι
1133 780 1474 848 Μαρτύριον
1505 778 1662 832 καλεῖ
1697 778 1795 849 τὴν
1832 779 1888 829 ἐν
1917 778 1983 847 τῇ

398 872 595 942 ἐρήμῳ
616 873 886 937 παγεῖσαν
918 870 1144 942 σκηνὴν,
1173 871 1250 934 ὡς
1270 869 1502 941 ἔχουσαν
1528 870 1627 935 τὰς
1652 870 1869 932 πλάκας
1889 868 1985 922 τοῦ

401 961 731 1033 μαρτυρίου.
764 962 868 1015 Τὸν
902 961 1013 1034 γὰρ
1041 966 1250 1032 νόμον,
1291 963 1367 1027 ὡς
1407 963 1510 1035 ’ήδη
1550 962 1985 1035 προειρήκαμεν,

398 1052 495 1105 καὶ
522 1051 744 1114 ἐντολὰς
775 1052 952 1115 καλεῖ,
994 1052 1090 1107 καὶ
1123 1052 1426 1125 μαρτύρια,
1468 1053 1565 1107 καὶ
1592 1051 1859 1123 κρίματα,
1893 1051 1987 1105 καὶ

400 1140 748 1212 δικαιώματα
770 1161 785 1172 ·
822 1144 918 1196 καὶ
946 1143 1107 1198 τοῦτο
1146 1144 1484 1217 σαφέστερον
1518 1146 1648 1215 ἡμῖν
1682 1142 1898 1216 είρηται
1928 1143 1987 1195 ἐν

398 1235 477 1305 τῷ
502 1232 570 1304 ιη’
590 1233 810 1306 ψαλμῷ.
840 1230 859 1286 ἆ
884 1234 1025 1289 Ὅσα
1047 1236 1358 1289 ἐνετείλατο
1378 1239 1492 1300 τοῖς
1515 1236 1787 1306 πατράσιν
1806 1234 1983 1306 ήμῶν,

398 1327 492 1381 τοῦ
518 1327 788 1398 γνωρίσαι
822 1327 965 1381 αὐτὰ
988 1330 1103 1393 τοῖς
1134 1328 1271 1392 υἱοῖς
1302 1324 1505 1382 αὐτῶν.
1541 1346 1560 1380 ι
1606 1327 1799 1393 Τοῦτο,
1826 1326 1981 1396 φησὶ,

396 1420 485 1475 διὰ
532 1420 636 1489 τῆς
684 1419 1009 1489 νομοθεσίας
1058 1419 1277 1489 ἐκείνης
1320 1417 1788 1490 παρεκελεύσατο,
1840 1416 1983 1470 ὥστε

396 1512 652 1584 καθάπερ
707 1513 831 1565 τινὰ
880 1513 1177 1584 κλῆρον⁵⁸,
1222 1512 1322 1584 τὴν
1373 1511 1480 1565 τῶν
1546 1511 1839 1583 θαυμάτων
1902 1510 1984 1564 δι-

397 1607 602 1679 ήγησιν
668 1606 1044 1677 παραπέμψαι
1099 1606 1230 1671 τοὺς
1282 1604 1529 1676 πατέρας
1569 1606 1647 1668 είς
1711 1605 1836 1667 τοὺς
1894 1604 1985 1656 ἐκ·

395 1696 612 1764 γόνους.

466 1795 543 1854 ς’.
586 1806 606 1841 ι
637 1788 830 1853 Ὅπως
859 1788 926 1842 ἂν
947 1787 1062 1859 γνῷ
1091 1788 1256 1857 γενεὰ
1285 1788 1470 1859 ἑτέρα,
1498 1787 1604 1841 υἱοὶ
1634 1788 1683 1840 oi
1717 1786 1984 1858 τεχθησό-

398 1897 552 1953 μενοι
581 1882 676 1935 καὶ⁵
705 1881 1130 1951 ἀναστήσονται,
1155 1884 1250 1935 καὶ
1274 1879 1681 1950 ἀπαγγελοῦσιν
1707 1879 1847 1934 αὐτὰ
1868 1882 1983 1944 τοῖς

396 1974 533 2036 υίοῖς
563 1973 765 2028 αὐτῶν.
799 1992 818 2026 ι
876 1971 1036 2028 Οὕτω
1071 1973 1182 2045 γὰρ
1207 1966 1356 2028 οῦτοι
1390 1974 1541 2046 παρά
1582 1973 1689 2027 τῶν
1728 1974 1983 2045 πατέρων

395 2064 570 2119 ταῦτα
607 2063 1015 2136 μεμαθηκότες,
1044 2065 1209 2120 πάλιν
1239 2067 1357 2130 τοῖς
1381 2065 1440 2132 ἐξ
1469 2065 1653 2120 αὐτῶν
1679 2066 1780 2136 τὴν
1814 2066 1983 2135 αὐτὴν

396 2155 746 2211 διδασκαλίαν
804 2155 1178 2227 προσέφερον,
1240 2156 1336 2209 καὶ
1400 2154 1636 2227 άληστος
1686 2158 1719 2226 ἡ
1776 2155 1983 2209 τούτων

396 2248 778 2317 διεφυλάττετο
838 2249 1029 2319 μνήμη
1062 2263 1075 2277 ⁸
1134 2248 1228 2302 καὶ
1274 2247 1359 2312 τίς
1408 2248 1437 2300 ὁ
1485 2248 1584 2319 τῆς
1632 2247 1984 2312 διδασκαλίας

396 2341 609 2413 καρπός
632 2357 647 2407 ;

466 2434 530 2499 ζ’.
576 2452 594 2484 ι
626 2431 741 2486 ’Ίνα
772 2431 980 2486 θῶνται
1012 2433 1106 2485 ἐπὶ
1127 2432 1220 2485 τὸν
1249 2431 1385 2486 Θεὸν
1419 2431 1518 2504 τὴν
1546 2432 1739 2487 ἐλπίδα
1762 2432 1944 2487 αὐτῶν
1965 2448 1977 2461 ο

394 2516 490 2582 καὶ
516 2525 592 2598 μὴ
617 2524 987 2579 ἐπιλάθωνται
1014 2524 1124 2578 τῶν
1157 2523 1336 2596 ἔργων
1359 2523 1524 2578 αὐτοῦ
1544 2523 1610 2585 ⁸⁵,
1644 2525 1738 2578 καὶ
1767 2524 1867 2588 τὰς
1898 2527 1983 2578 ἐν-

396 2619 557 2682 τολὰς
582 2617 749 2674 αὐτοῦ
786 2617 1151 2686 ἐκζητήσωσι.
1184 2636 1204 2670 ι
1251 2616 1700 2680 Μανθάνοντες⁵⁸
1735 2617 1845 2688 γὰρ
1881 2618 1982 2686 τὴν

396 2711 491 2765 τοῦ
525 2708 662 2762 Θεοῦ
697 2707 954 2777 δύναμιν,
995 2708 1090 2761 καὶ
1116 2708 1264 2770 ὅπως
1296 2707 1446 2777 αὑτῷ
1480 2707 1551 2760 τὰ
1576 2706 1758 2777 ἀγαθὰ
1803 2709 1982 2761 ποιεῖν

396 2801 614 2856 ἅπαντα
669 2798 882 2871 ῥᾴδιον,
916 2796 1141 2868 βεϐαίαν
1191 2799 1485 2871 κτήσονται
1531 2797 1631 2869 τὴν
1683 2799 1765 2860 είς
1818 2796 1982 2850 αὐτὸν

400 2890 621 2945 ἐλπίδα·
673 2890 769 2943 καὶ
794 2888 909 2949 τοῖς
947 2888 1039 2940 ὑπ’
1076 2888 1243 2942 αὑτοῦ
1282 2887 1521 2941 τεθεῖσιν
1549 2885 1981 2959 ἀκολουθήσουσι

399 2982 735 3144 νόεήῗιῗἼνα
763 3073 837 3145 μὴ
859 3072 1123 3143 γένωνται
1146 3069 1222 3134 ὡς
1252 3069 1303 3122 οί
1326 3068 1566 3140 πατέρες
1591 3068 1792 3136 αὐτῶν,
1818 3068 1984 3136 γενεὰ

1680 369 1766 429 IN
1810 366 2017 428 PSAL.
2060 365 2352 429 LXXVII.

1250 486 1438 557 φησὶν,
1486 484 1705 538 ἐποίουν
1749 482 1826 551 τῷ
1863 480 1984 551 θείῳ

2098 482 2298 553 inquit,
2340 479 2612 547 fecerunt,
2659 479 2860 537 divinae
2903 479 3005 552 legi
3057 479 3524 552 obtemperantes.
3558 482 3674 539 lloc

3534 364 3669 428 1436

2090 579 2236 632 enim
2270 575 2518 632 subdidit
2548 593 2561 629 :

2161 690 2330 745 Vens.
2376 691 2430 744 5.
2479 709 2497 742 ‹
2532 688 2601 744 Ει
2631 691 2920 745 suscitavit
2947 691 3321 745 testimonium
3355 692 3409 746 in
3440 690 3669 757 Jacobo,

2089 789 2144 833 et
2179 780 2353 850 legem
2382 779 2569 850 posuit
2600 779 2652 831 in
2689 778 2951 835 lsraele.»
2979 777 3361 833 Testimonium
3397 789 3558 834 vocat
3588 793 3659 835 ta-

2089 876 2446 933 bernaculum
2495 875 2548 929 in
2589 875 2886 931 solitudine
2912 885 3178 942 erectum,
3218 885 3478 946 tanquam
3512 879 3670 932 tabu-

2089 969 2172 1024 las
2224 968 2528 1023 testimonii
2576 966 2806 1023 habens.
2850 966 2986 1022 Nam
3038 968 3221 1040 legem,
3274 977 3334 1024 ut
3383 971 3496 1039 jam
3544 980 3669 1028 ante

2088 1060 2351 1126 diximus,
2380 1069 2434 1114 et
2460 1068 2728 1129 praecepta
2768 1069 2946 1127 vocat,
2983 1070 3038 1115 et
3077 1063 3415 1132 testimonia,
3443 1064 3660 1133 ctjudi-

2088 1150 2197 1217 eia,
2225 1159 2278 1205 et
2308 1141 2733 1221 justiﬁcaiioncs
2768 1169 2781 1204 :
2834 1154 2978 1221 quod
3023 1153 3265 1223 apertius
3308 1169 3338 1208 a
3382 1154 3542 1209 nobis
3584 1156 3670 1212 di-

2088 1253 2236 1298 ctum
2269 1252 2353 1298 est
2384 1242 2439 1297 in
2484 1243 2697 1312 psalmo
2732 1260 2889 1298 xvm.
2939 1263 2958 1294 ι
2997 1243 3350 1315 Quaecunque
3392 1248 3671 1303 mandavit

2088 1335 2339 1405 patribus
2383 1335 2594 1400 nostris
2632 1344 2762 1390 nota
2800 1335 2980 1391 facere
3019 1352 3083 1391 ea
3126 1338 3251 1393 ﬁliis
3287 1340 3424 1395 suis.
3468 1359 3487 1393 ι
3529 1340 3666 1408 lloc,

2088 1427 2290 1495 inquit,
2332 1441 2429 1495 per
2461 1425 2609 1480 illam
2654 1426 3054 1496 legislationem
3085 1428 3271 1497 jussit,
3318 1439 3379 1484 ut
3413 1441 3669 1500 parentes

2089 1516 2235 1572 hanc
2283 1518 2678 1573 miraculorum
2722 1519 3121 1583 narrationem,
3155 1521 3323 1575 veluti
3373 1525 3668 1592 quamdam

2087 1608 2485 1675 bmrcditatem,
2522 1611 2756 1680 posteris
2787 1612 3247 1667 transmitterem.

2160 1788 2349 1843 'Vsns.
2427 1790 2482 1845 6.
2528 1808 2547 1841 ι
2589 1788 2657 1845 Ut
2685 1801 2982 1860 cognoscat
3020 1794 3304 1863 generatio
3343 1794 3537 1859 altera,
3573 1795 3670 1851 lilii

2088 1878 2182 1949 qni
2215 1891 2516 1936 nascentur
2545 1890 2601 1935 et
2629 1890 2952 1952 exsurgent,
2985 1891 3039 1938 et
3073 1885 3381 1939 narrabunt
3419 1885 3509 1941 illa
3540 1886 3667 1943 ﬁliis

2085 1973 2222 2028 suis.
2264 1992 2283 2026 ι
2347 1971 2437 2028 Sic
2485 1974 2631 2027 enim
2685 1974 2764 2029 illi
2817 1990 2848 2029 a
2915 1975 3238 2044 parentibus
3290 1976 3407 2032 haec
3465 1978 3666 2044 edocti,

2086 2079 2283 2120 rursus
2322 2065 2571 2121 eamdem
2617 2066 2924 2122 doctrinam
2954 2068 3071 2123 suis
3114 2068 3242 2124 ﬁliis
3275 2070 3580 2138 tradebant,
3613 2082 3671 2128 et

2086 2155 2283 2210 horum
2334 2157 2598 2213 memoria
2647 2169 2910 2228 perpetua
2956 2160 3393 2217 custodiebatur.
3442 2161 3507 2217 Et
3539 2164 3668 2234 quis

2085 2254 2169 2300 est
2201 2245 2466 2302 doctrina:
2498 2246 2750 2304 fruetus?

2157 2419 2324 2477 Vens.
2366 2422 2420 2478 7.
2469 2443 2488 2476 ι
2536 2423 2608 2479 Ut
2656 2435 2864 2494 ponant
2917 2427 2973 2481 in
3023 2427 3136 2485 Deo
3184 2445 3334 2500 spem
3382 2447 3563 2499 suam,
3614 2446 3668 2490 et

2085 2527 2194 2567 nun
2224 2514 2627 2571 obliviscantur
2646 2532 2875 2587 operum
2909 2518 3147 2588 Domini,
3179 2531 3233 2578 et
3257 2523 3512 2581 mandata
3544 2526 3665 2599 ejus

2084 2604 2394 2673 exquirant.
2422 2622 2441 2656 ι
2474 2605 2612 2661 Nam
2640 2606 2733 2662 Dei
2767 2610 3067 2678 potentiam
3099 2612 3396 2679 disrentes,
3433 2624 3488 2670 et
3528 2632 3668 2687 quo-

2085 2695 2250 2750 modo
2302 2697 2377 2751 illi
2432 2697 2576 2754 bona
2631 2702 2817 2756 omnia
2866 2701 3050 2759 facere
3105 2705 3314 2776 1151
3362 2706 3524 2764 facile
3573 2711 3666 2776 sit,

2086 2790 2300 2845 llrmam
2328 2806 2479 2861 spem
2509 2792 2565 2847 in
2597 2792 2776 2863 ipsum
2811 2794 3140 2866 concipient,
3172 2801 3427 2869 legesque
3454 2800 3523 2856 ab
3548 2800 3670 2872 ipso

2085 2883 2224 2939 latas
2250 2895 2570 2956 sequentur.

2157 3060 2325 3120 Vens.
2356 3064 2409 3119 8.
2449 3082 2469 3116 ι
2507 3062 2585 3120 Ne
2614 3065 2774 3131 ﬁant,
2807 3067 2950 3122 sicut
2979 3081 3164 3138 patres
3193 3084 3417 3137 eorum,
3444 3085 3674 3141 genera-

398 3166 589 3223 σκολιὰ
635 3167 731 3221 καὶ
785 3162 1324 3237 παραπικραίνουσα.
1368 3179 1389 3214 ι
1450 3160 1835 3224 Μανθάνοντες
1872 3159 1984 3248 γὰρ

2087 3153 2163 3209 tio
2192 3169 2358 3225 prava
2391 3165 2446 3211 et
2478 3170 2834 3227 exasperans.
2864 3177 2882 3210 ο
2920 3157 3056 3214 Nam
3081 3171 3369 3231 parentum
3395 3164 3670 3235 ingratum

396 3260 503 3315 τῶν
540 3261 794 3330 πατέρων
830 3258 930 3329 τὴν
976 3258 1271 3329 ἀχάριστον
1308 3254 1558 3326 γνώμην,
1603 3254 1700 3309 καὶ
1734 3255 1884 3318 ὅπως
1915 3257 1984 3327 τῇ

397 3352 709 3423 παραόάσει
760 3350 857 3404 τοῦ
893 3350 1062 3421 νόμου
1112 3347 1205 3402 τὸν
1246 3346 1380 3401 Θεὸν
1415 3346 1679 3411 πολλάκις
1724 3347 1987 3414 ἐκίνησαν

397 3446 482 3509 είς
502 3444 694 3515 ὀργὴν,
724 3444 824 3512 τὴν
853 3441 1079 3495 ἐκείνων
1111 3437 1442 3509 φυλάξονται
1475 3438 1728 3509 μίμησιν.
1773 3456 1793 3491 ‹
1820 3436 1987 3491 Γενεὰ

397 3536 518 3609 ήτις
545 3536 608 3590 οὐ
642 3533 943 3589 κατεύθυνε
973 3532 1073 3603 τὴν
1111 3529 1342 3602 καρδίαν
1365 3528 1411 3561 ⁸⁷
1462 3528 1632 3598 αὐτῆς
1648 3529 1718 3594 ⁸⁷,
1754 3528 1851 3582 καὶ
1885 3528 1986 3581 οὐκ

397 3629 677 3696 ἐπιστώθη
705 3628 843 3699 μετὰ
869 3624 965 3679 τοῦ
991 3623 1128 3679 Θεοῦ
1151 3623 1213 3678 τὸ
1232 3620 1453 3693 πνεῦμα
1475 3622 1668 3692 αὐτῆς.
1698 3640 1717 3675 ι
1757 3621 1986 3675 Ἐκεῖνοι

396 3723 507 3794 γὰρ
527 3721 750 3794 βεϐαίαν
766 3720 812 3753 ⁵⁸
834 3719 934 3790 τὴν
955 3720 1035 3781 είς
1054 3716 1147 3771 τὸν
1169 3716 1302 3770 Θεὸν
1323 3715 1426 3769 οὐκ
1446 3715 1747 3785 ἐκτήσαντο
1767 3713 1953 3768 πίστιν
1969 3753 1985 3780 ,

395 3815 495 3886 τὴν
531 3814 747 3867 εὐθεῖαν
783 3812 884 3865 οὐκ
908 3809 1268 3879 ἐθελήσαντες
1306 3807 1534 3878 πορείαν
1569 3805 1808 3871 ὁδεῦσαι,
1849 3806 1987 3860 ἀλλὰ

396 3907 624 3977 γνώμην
683 3902 978 3973 ἐσχηκότες
1025 3903 1137 3963 τοῖς
1190 3898 1357 3960 θείοις
1414 3899 1836 3971 ἐναντιουμένην
1896 3899 1986 3953 θε-

398 3997 581 4058 σμοῖς.

438 4013 605 4142 μθὶξῗοι
654 4084 777 4139 Υίοὶ
815 4079 1056 4155 Ἐφραίμ
1106 4079 1437 4144 ἐντείνοντες
1453 4079 1499 4111 ⁸⁸
1543 4078 1639 4133 καὶ
1699 4077 1985 4149 βάλλοντες

397 4180 593 4247 τόξοις,
645 4175 997 4245 ἐστράφησαν
1031 4174 1088 4227 ἐν
1136 4171 1322 4243 ἡμέρᾳ
1366 4170 1626 4241 πολέμου.
1674 4189 1693 4222 ι
1748 4171 1861 4241 Τῆς
1887 4170 1983 4224 τοῦ

410 4273 509 4340 Ἐφ
518 4269 654 4343 ραῒμ
676 4268 848 4339 φυλῆς
871 4265 1235 4337 διαφερόντως
1255 4266 1574 4333 κατηγορεῖ,
1603 4262 1680 4327 ώς
1706 4263 1835 4333 περὶ
1854 4262 1985 4316 πολ-

397 4361 494 4418 λοῦ
524 4359 907 4432 ποιησαμένης
930 4357 1040 4411 τῶν
1065 4356 1300 4411 εἰδώλων
1326 4354 1425 4426 τὴν
1459 4353 1757 4426 θεραπείαν
1777 4368 1792 4384 ⁸
1824 4352 1984 4407 τοῦτο

2089 3245 2336 3301 animum
2371 3247 2668 3315 discentes,
2698 3259 2753 3305 ct
2789 3252 3070 3320 quomodo
3092 3254 3164 3309 ob
3193 3254 3327 3325 legis
3363 3265 3672 3330 transgres-

2087 3337 2304 3394 sionem
2336 3338 2509 3395 Deum
2540 3341 2741 3410 sapius
2784 3342 3143 3411 irritaverint,
3182 3347 3252 3401 ab
3293 3348 3513 3404 illorum
3546 3351 3674 3406 imi-

2088 3432 2299 3488 tatione
2330 3432 2435 3490 sibi
2469 3433 2759 3491 carebunt.
2806 3454 2826 3486 ι
2862 3436 3158 3494 Generatio
3185 3456 3309 3510 quae
3337 3457 3444 3498 non
3474 3443 3677 3501 direxit

2087 3537 2185 3578 cor
2237 3537 2434 3590 suum,
2481 3535 2535 3579 et
2580 3541 2692 3581 non
2745 3526 2923 3584 ﬁdelis
2978 3528 3079 3590 fuit
3126 3546 3251 3586 cum
3291 3533 3400 3590 Deo
3448 3535 3677 3606 spiritus

2086 3614 2227 3685 ejus.
2266 3634 2286 3668 ι
2323 3616 2405 3672 llli
2435 3618 2584 3673 enim
2626 3619 2839 3674 ﬁrmam
2882 3620 3042 3677 lldem
3103 3638 3211 3679 non
3261 3625 3577 3684 habuerunt
3618 3630 3674 3684 in

2087 3702 2284 3771 Deum,
2308 3714 2460 3761 recto
2485 3707 2707 3763 tramite
2732 3709 2987 3765 incedere
3015 3711 3287 3780 nolentes,
3316 3716 3413 3771 sed
3437 3725 3673 3773 mentem

2085 3794 2286 3852 divinis
2307 3796 2551 3867 decretis
2576 3802 2915 3857 contrariam
2947 3802 3235 3860 habentes.

2159 4066 2323 4122 Vens.
2355 4068 2409 4123 9.
2457 4086 2476 4119 ι
2515 4067 2638 4123 Filii
2695 4068 2952 4139 Ephraim
2997 4072 3351 4130 intendcntcs
3379 4113 3395 4138 ,
3444 4084 3502 4131 et
3547 4075 3677 4132 mit—

2087 4167 2262 4215 tentes
2299 4162 2542 4218 arcubus
2566 4203 2582 4225 ,
2618 4163 2870 4219 conversi
2909 4172 3040 4220 sunt
3075 4164 3165 4221 die
3202 4166 3348 4222 belli.
3381 4186 3400 4218 ι
3446 4166 3675 4226 Tribum

2084 4250 2344 4323 prraim
2403 4255 2751 4325 potissimum
2799 4267 3066 4325 accusat,
3118 4268 3178 4316 ut
3224 4276 3348 4331 qua:
3401 4262 3673 4320 idolorum

2084 4345 2256 4400 cultui
2284 4345 2338 4400 in
2358 4347 2552 4416 primis
2566 4347 2749 4403 dedita
2767 4347 2887 4404 fuit.
2915 4346 3034 4406 Hoc
3050 4350 3199 4407 enim
3219 4350 3476 4408 Iudicum
3507 4354 3674 4409 etiam

399 4457 510 4529 γὰρ
542 4457 638 4511 καὶ
668 4457 702 4525 ἡ
734 4451 843 4507 τῶν
888 4450 1106 4522 Κριτῶν
1133 4451 1282 4520 ἡμᾶς
1322 4448 1532 4520 ἱστορία
1578 4448 1842 4513 διδάσκει,
1886 4448 1982 4502 καὶ

2087 4440 2312 4495 historia
2341 4456 2443 4497 nos
2477 4440 2677 4507 docet,
2714 4450 2770 4497 et
2803 4442 2998 4500 tertius
3031 4443 3346 4516 Regnorum
3384 4446 3540 4502 liber.
3571 4446 3675 4517 Ipsi

401 4513 435 4619 ή
469 4513 626 4619 τρίτη
652 4513 761 4599 τών
788 4513 1105 4599 Βασιλειῶν.
1145 4513 1316 4599 item
1351 4513 1461 4610 γὰρ
1490 4541 1726 4611 ἔστησαν
1754 4540 1852 4604 τὰς
1880 4541 1979 4594 δαυ-

2087 4532 2237 4588 enim
2283 4533 2552 4613 iuvencas
2592 4534 3036 4602 constituerunt,
3083 4513 3138 4592 et
3177 4552 3373 4594 novem
3424 4539 3599 4595 tribus
3644 4557 3674 4595 a

403 4637 619 4709 μὰλεις·
652 4635 868 4704 καὶτῆς
896 4633 1041 4688 κατὰ
1060 4633 1224 4704 νόμον
1254 4631 1510 4703 λατρείας
1536 4632 1855 4703 ἀπέστησαν
1883 4632 1983 4696 τὰς

400 4728 560 4782 ἐννέα
586 4726 759 4798 φυλάς
781 4743 798 4777 τ
849 4726 945 4780 καὶ
970 4724 1114 4779 οὕτω
1129 4725 1175 4757 ⁸⁸
1210 4724 1307 4795 τῆς
1344 4725 1700 4787 ἀποστάσεως
1733 4724 1983 4792 ἐγένοντο

403 4815 671 4886 πρόξενοι.
700 4815 870 4870 Τοῦτο
896 4814 1132 4887 μάλιστα
1164 4814 1457 4887 προορῶσα
1481 4814 1577 4868 τοῦ
1608 4814 1923 4885 [Ινεύματος
1949 4817 1983 4887 ή

404 4906 599 4978 χάρις,
651 4909 755 4979 τῆς
804 4908 1033 4978 μηδέπω
1079 4907 1457 4980 γεγενημένης
1506 4907 1784 4979 ἁμαρτίας
1850 4924 1983 4961 κατ-

400 5004 624 5072 ηγορεῖο
657 5001 759 5072 τὴν
781 5001 1165 5071 ἁρμόττουσαν
1195 5001 1381 5064 αὐτοῖς
1410 5000 1800 5072 προσφέρουσα
1844 5018 1984 5071 συμ-

401 5088 601 5161 ϐουλήν
621 5107 634 5121 ⁸
678 5090 851 5143 είδυῖα
878 5090 998 5161 μὲν,
1038 5091 1115 5155 ὡς
1140 5091 1202 5145 οὐ
1237 5091 1483 5157 δέξονται
1514 5091 1986 5163 τὴνπαραίνεσιν,

400 5181 500 5255 τὴν
538 5182 928 5254 προσήκουσαν
973 5183 1032 5236 δέ
1068 5183 1219 5254 ὅμως
1270 5183 1539 5252 ὠφέλειαν
1576 5185 1986 5256 προσφέρουσα.

400 5274 673 5340 Διδάξασα
696 5274 754 5327 δὲ
790 5274 969 5330 αὐτῶν
997 5274 1098 5347 τὴν
1121 5274 1333 5348 ῥώμην,
1361 5277 1458 5331 καὶ
1489 5276 1588 5349 τὴν
1615 5275 1834 5349 τοξικὴν
1864 5278 1985 5330 ἐπι-

2090 4626 2239 4683 cultu
2271 4625 2574 4682 secundum
2603 4627 2780 4699 legem
2811 4628 3120 4685 desciscere
3166 4629 3414 4687 fecerunt
3437 4670 3453 4695 ,
3502 4641 3558 4687 et
3597 4634 3680 4689 sic

2088 4717 2413 4776 defectionis
2442 4730 2695 4777 auctores
2725 4719 2973 4777 fuerunt.
3013 4721 3130 4779 Hoc
3161 4724 3214 4778 in
3242 4724 3438 4794 primis
3483 4727 3674 4795 praevi-

2092 4813 2229 4869 dens
2259 4811 2500 4883 Spiritus
2530 4814 2730 4885 gratia,
2763 4824 3007 4886 peccata,
3031 4832 3155 4886 quae
3186 4818 3428 4873 nondum
3462 4827 3677 4888 patrata

2085 4912 2264 4971 erant,
2297 4906 2498 4977 arguit,
2529 4906 3006 4961 accommodatum
3043 4908 3180 4978 ipsis
3217 4909 3512 4964 consilium
3546 4926 3679 4981 sug-

2088 5012 2282 5070 gerens
2337 5016 2351 5054 :
2411 4999 2592 5054 sciens
2642 4998 2862 5067 quidem
2921 4999 3068 5069 ipsos
3104 4999 3530 5056 admonitionem
3566 5016 3676 5056 non

2091 5102 2456 5163 accepturos,
2509 5101 2903 5163 congruentem
2968 5102 3149 5148 tamen
3200 5094 3490 5149 utilitatem
3543 5093 3677 5149 alle-

2093 5199 2244 5240 rens.
2278 5183 2414 5240 Cum
2452 5196 2637 5240 autem
2666 5185 2886 5240 illorum
2920 5185 3090 5240 robur
3111 5185 3410 5252 docuisset,
3440 5194 3494 5239 et
3518 5184 3679 5253 jacu«

2092 5276 2241 5332 landi
2276 5276 2547 5347 peritiam,
2578 5277 2927 5333 timiditatem
2952 5293 3173 5349 quoque
3203 5275 3499 5347 redarguit.
3531 5273 3680 5330 Con-

1473 5452 1710 5511 VARIIE
1744 5453 2133 5512 LECTIONES
2175 5453 2264 5509 ET
2306 5453 2542 5509 NOTAE.

465 5657 511 5689 "
556 5656 649 5713 Δέ.
695 5656 874 5712 cod.2
905 5656 1035 5726 γάρ.

402 5727 453 5761 ⁸⁵
481 5728 900 5792 Μανθάνοντες
943 5727 1262 5797 ρνόμοις.
1314 5727 1440 5782 Des.
1474 5728 1526 5781 in
1558 5729 1680 5782 cod.
1730 5729 1785 5782 ε.

402 5800 604 5871 ἑαυτῆς

1148 5657 1193 5690 ⁵⁸
1228 5656 1491 5733 Κλῇρον.
1533 5657 1657 5733 cod.
1694 5658 1758 5733 2Δ
1780 5658 2219 5733 δαίμ-πατρῷον.

1892 5730 1937 5762 ⁸⁸
1971 5729 2096 5799 Τὴν
2116 5729 2390 5799 καρδίαν.
2438 5731 2570 5786 Rec.
2598 5731 2757 5785 lectio
2788 5738 2873 5784 est
2908 5730 2966 5780 ἐν
2994 5730 3062 5799 τῇ

705 5796 752 5831 ⁸⁸
789 5799 1064 5854 Βεϐαίαν.
1106 5793 1228 5855 cod.
1264 5798 1299 5851 2
1336 5812 1523 5867 praem.
1556 5798 1710 5868 φησί.
1805 5797 1984 5855 ".‘Er:

2087 5818 2129 5856 ν’.
2155 5793 2317 5857 Hebr.
2354 5803 2515 5885 lpum
2543 5803 2762 5856 armati.
2846 5800 2891 5831 ⁸⁸
2926 5793 3114 5855 codri
3176 5793 3343 5854 οῦτοι.

2328 5659 2617 5714 “Aetati.
2675 5657 2808 5714 Bec.
2864 5658 3024 5713 lectio
3071 5658 3126 5711 h.
3177 5657 3214 5710 l.
3248 5665 3334 5712 est
3370 5654 3464 5709 τοῦ
3514 5655 3677 5714 Θεοῦ.

3107 5726 3325 5797 καρδίᾳ.
3397 5727 3440 5759 ’⁷
3479 5729 3601 5784 cod.
3640 5727 3679 5783 Ξ
