4112 6406
450 348 593 416 1487

1477 330 1976 397 THEODORETI
2024 330 2365 392 EPISCOPI
2406 329 2775 392 CYRENSIS

3603 330 3738 397 H83

452 464 599 523 versi
633 468 762 520 sunt
804 455 951 515 enim
992 452 1081 509 die
1118 449 1267 507 belli.
1319 446 1455 504 Nam
1505 447 1578 503 ob
1628 444 1915 503 scientiam
1968 443 2045 500 rei

2157 442 2250 512 στή
2260 458 2393 514 μην,
2416 441 2634 513 ἐλέγχει
2657 443 2749 496 καὶ
2768 442 2870 515 τὴν
2897 442 3119 500 δειλίαν.
3156 443 3543 517 Ἑστράφησαν
3569 444 3679 516 γὰρ
3696 448 3741 480 ⁸⁸

456 555 712 614 militaris
749 566 808 606 se
838 549 1126 604 efferentes
1151 583 1165 607 ,
1216 543 1506 611 ingruente
1547 538 1693 595 bello
1742 538 1797 593 in
1852 535 2040 607 fugam

455 651 597 705 versi
634 654 782 703 sunt.

530 830 694 885 Vens.
732 827 820 882 10.
861 844 878 877 ι
909 822 1027 880 Non
1060 819 1447 878 custodierunt
1490 815 1706 886 1152
1739 822 2041 869 testamen-

456 935 567 978 tum
612 921 740 985 Dei,
795 929 849 974 et
901 918 953 970 in
996 915 1113 985 lege
1156 913 1277 982 ejus
1322 910 1616 963 noluerunt
1668 903 1978 960 ambulare.
2022 919 2041 953 ι

457 1015 653 1070 Mentis
684 1013 917 1065 liberum
964 1006 1255 1062 arbitrium
1301 1010 1449 1056 recte
1489 995 1905 1054 demonstravit.
1940 992 2048 1045 No-

458 1112 679 1163 luerunt
704 1105 852 1159 enim
876 1142 889 1167 ,
924 1099 1140 1170 inquit,
1175 1096 1482 1151 secundum
1522 1093 1691 1162 legem
1720 1090 1923 1153 vivere,
1954 1101 2049 1142 nc-

454 1218 562 1273 que
588 1200 816 1270 legalem
850 1197 973 1250 vita:
1006 1194 1279 1247 rationem
1309 1186 1586 1259 amplecti.

532 1298 548 1314 ⁶
579 1291 746 1346 Vens.
786 1290 875 1343 ll.
925 1306 943 1339 ι
979 1285 1045 1340 Ει
1084 1284 1236 1339 obliti
1283 1290 1413 1338 sunt
1453 1281 1592 1334 bene
1639 1276 1950 1338 factorum,
1996 1281 2051 1328 et

460 1383 795 1440 mirabilium
828 1380 985 1450 ejus,
1031 1392 1154 1448 quae
1181 1374 1425 1431 ostendit
1456 1373 1555 1429 eis.
1592 1392 1611 1425 ι
1648 1370 1714 1425 Ει
1752 1368 2049 1425 ostendens

454 1474 677 1546 quando
702 1474 820 1527 lia‘c
848 1470 1074 1534 fecerit,
1109 1464 1394 1536 subjunxit
1420 1483 1433 1519 :

532 1566 698 1621 Vens.
730 1563 817 1616 l2.
858 1581 876 1613 ι
912 1561 1112 1616 Coram
1143 1558 1389 1628 patribus
1421 1570 1612 1611 eorum
1642 1550 1773 1607 fecit
1823 1547 2052 1605 mirabi-

460 1659 554 1713 lia.
594 1677 612 1709 ι
669 1654 877 1710 Deinde
934 1662 1148 1727 tempus
1197 1659 1251 1704 et
1292 1650 1474 1703 locum
1511 1646 1875 1701 demonstrat.
1930 1660 1951 1695 ι
1991 1640 2051 1694 In

2146 535 2206 588 ἐν
2240 534 2424 606 ἡμέρᾳ
2465 533 2702 606 πολέμου
2724 551 2739 566 ⁸
2782 536 2999 607 μεγάλα
3027 536 3196 608 γὰρ⁶²
3227 537 3323 591 ἐπὶ
3364 539 3432 608 τῇ
3468 536 3742 608 πολεμικῇ

2145 629 2408 700 ἐμπειρίᾳ
2448 626 2796 700 φρονοῦντες,
2838 628 3082 701 πολέμου
3133 631 3397 700 φανέντος
3446 631 3742 702 ἐτρέποντο

2147 722 2227 783 είς
2265 722 2469 789 φυγήν.

2222 820 2275 866 ι’.
2324 832 2342 864 ι
2374 815 2491 867 Οὐκ
2520 812 2793 884 ἐφύλαξαν
2821 816 2921 887 τὴν
2945 815 3215 887 διαθήκην
3244 815 3341 869 τοῦ
3373 815 3533 879 Θεοῦ,
3569 816 3666 870 καὶ
3688 817 3749 869 ἐν

2148 905 2225 975 τῷ
2262 906 2411 977 νόμῳ
2482 907 2650 962 αὑτοῦ
2715 908 2818 962 οὐκ
2855 908 3233 981 ἐϐουλήθησαν
3249 909 3295 940 ⁸³
3329 909 3682 981 πορεύεσθαι.
3722 927 3741 960 ι

2149 996 2347 1061 Καλῶς
2372 998 2599 1070 ἐνέφηνε
2623 999 2682 1052 τὸ
2705 999 2804 1069 τῆς
2829 1000 3053 1070 γνώμης
3080 1000 3430 1070 αὐθαίρετον.
3461 1002 3575 1053 Οὐκ
3598 1001 3747 1055 ἐϐου-

2148 1089 2391 1160 λήθησαν
2418 1091 2546 1162 γὰρ.
2581 1093 2736 1163 φησὶ,
2773 1092 2916 1146 κατὰ
2942 1093 3105 1164 νόμον
3141 1092 3357 1163 βιῶναι,
3384 1093 3507 1147 οὐδὲ
3534 1093 3633 1164 τὴν
3663 1094 3748 1147 ένί-

2151 1198 2313 1253 νομον
2334 1183 2689 1238 ἀσπάσασθαι
2720 1184 3019 1239 πολιτείαν.

2224 1283 2311 1331 ια’.
2361 1296 2379 1329 ι
2412 1278 2522 1331 Ka‘t
2560 1279 2888 1332 ἐπελάθοντο
2936 1278 3047 1331 τῶν
3090 1278 3427 1350 εὐεργεσιῶν
3464 1279 3630 1333 αὐτοῦ
3651 1280 3698 1312 ⁸⁸
3731 1319 3747 1343 ,

2150 1370 2246 1423 καὶ
2272 1370 2383 1423 τῶν
2410 1370 2731 1441 θαυμασίων
2760 1372 2949 1438 αὐτοῦ,
2979 1366 3058 1427 ὧν
3100 1371 3302 1437 ἔδειξεν
3332 1373 3540 1437 αὐτοῖς.
3571 1392 3591 1425 ι
3638 1375 3749 1429 Kal.

2150 1461 2367 1525 δεικνὺς
2399 1463 2531 1516 πότε
2559 1461 2736 1516 ταῦτα
2764 1450 3086 1535 εἰργάσατο,
3118 1463 3404 1534 ἐπήγαγεν
3426 1479 3439 1493 ·

2228 1552 2316 1624 ιβ’.
2375 1574 2392 1605 ι
2424 1555 2700 1609 Ἐναντίον
2743 1555 2853 1609 τῶν
2905 1557 3161 1627 πατέρων
3205 1556 3389 1610 αὐτῶν
3438 1554 3475 1609 ἃ
3523 1554 3747 1625 ἐποίησε

2155 1646 2457 1715 θαυμάσια.
2512 1667 2530 1698 ι
2594 1644 2729 1703 Εἶτα
2766 1649 2858 1703 τὸν
2900 1649 3095 1720 χρόνον
3144 1648 3239 1702 καὶ
3272 1647 3361 1701 τὸν
3403 1647 3572 1702 τόπον
3601 1647 3750 1702 διδά-

459 1761 606 1804 terra
644 1744 889 1817 Egypti,
922 1743 974 1797 in
1009 1755 1206 1810 campo
1238 1739 1476 1794 Tancos.
1516 1756 1535 1789 ι
1568 1736 1772 1792 Omnes
1804 1734 1919 1789 haec
1954 1731 2052 1787 Dei

2159 1754 2279 1791 σκει
2304 1755 2317 1769 ο
2347 1757 2364 1789 ι
2397 1738 2487 1791 Ἐν
2510 1741 2579 1809 γῇ
2612 1739 2895 1810 Αἰγύπτῳ,
2920 1740 2980 1791 ἐν
3012 1738 3182 1809 πεδίῳ
3210 1738 3512 1801 Τάνεως⁶⁸.
3547 1757 3566 1790 ι
3607 1737 3755 1791 Ταύ-

461 1838 724 1894 miracula
755 1836 807 1890 in
841 1833 1078 1905 [Egypto
1107 1832 1275 1897 edita,
1312 1846 1547 1901 quorum
1575 1835 1830 1899 parentes
1854 1840 2045 1882 eorum

460 1941 798 2003 spectatores
826 1927 1088 1991 fuerant,
1123 1941 1153 1980 ε
1182 1925 1448 1981 memoria
1483 1922 1816 1978 deleverant.

534 2108 700 2163 Vens.
734 2107 819 2161 15.
858 2126 875 2158 ι
908 2104 1161 2175 Perrupit
1193 2118 1341 2157 mare
1365 2144 1380 2168 ,
1408 2110 1462 2155 et
1487 2101 1746 2171 perduxit
1771 2113 1905 2155 eos:
1935 2109 2050 2154 sta-

466 2202 569 2257 tuit
614 2215 786 2271 aquas
838 2198 996 2269 quasi
1049 2206 1248 2251 utrem.
1283 2215 1301 2247 ι
1364 2188 1607 2248 llreviter
1656 2192 2048 2246 miraculorum

464 2294 835 2349 narrationem
873 2289 1150 2352 instituit,
1203 2296 1258 2341 et
1301 2302 1330 2340 a
1381 2284 1624 2339 maximo
1664 2298 1897 2338 exorsus
1944 2291 2049 2337 est.

465 2384 725 2440 Naturam
753 2383 898 2437 enim
925 2380 1141 2436 excedit
1163 2378 1333 2433 maris
1354 2375 1681 2432 miraculum
1701 2416 1716 2440 ,
1746 2383 1803 2432 et
1828 2374 1932 2429 iter
1956 2389 2053 2444 per

465 2476 599 2531 illud
628 2489 974 2531 concessum.
1014 2470 1149 2526 Nam
1198 2486 1371 2541 aquas
1399 2509 1414 2534 ,
1453 2483 1577 2540 qua:
1610 2476 1807 2523 natura
1848 2482 1948 2523 sua
1996 2466 2050 2521 in

464 2583 637 2641 prona
696 2566 945 2622 deﬂuunt
977 2608 991 2632 ,
1034 2565 1297 2634 utrinque
1371 2561 1611 2616 ﬁrmavit
1664 2559 2051 2615 universorum

462 2661 629 2729 Deus,
657 2664 823 2717 \‘Cl‘bO
852 2661 973 2715 illas
993 2668 1250 2728 tanquam
1277 2657 1329 2710 in
1360 2666 1482 2711 utre
1501 2656 1740 2725 quodam
1766 2667 2050 2710 coercens.

458 2755 736 2823 Quoniam
786 2756 931 2808 enim
979 2752 1180 2806 utrium
1230 2758 1448 2804 textura
1484 2746 1747 2818 liquidam
1798 2758 2051 2802 naturam

466 2847 567 2901 rite
594 2855 773 2915 potest
800 2844 1106 2907 continere,
1141 2841 1335 2896 rnerito
1368 2841 1511 2894 hanc
1542 2839 1959 2894 similitudinem
1998 2838 2051 2893 in

465 2939 605 2993 mari
631 2937 810 2993 diviso
841 2935 1062 3005 posuit,
1096 2933 1395 2989 ostendens
1431 2930 1731 3001 potentiam
1775 2930 1929 2986 verbi
1969 2930 2055 2984 di-

467 3031 599 3086 vini.
679 3054 683 3059 θ

539 3228 707 3284 Vsus.
755 3227 843 3281 H.
884 3246 903 3279 ι
933 3225 1002 3281 Ει
1030 3225 1223 3281 eduxit
1258 3236 1356 3279 eos
1400 3222 1459 3277 in
1500 3220 1649 3277 nube
1692 3218 1930 3276 interdiu
1955 3260 1969 3286 ,
2002 3228 2059 3275 et

470 3333 581 3379 tota
634 3331 794 3378 nocte
846 3322 901 3375 in
952 3318 1359 3375 illuminatioue
1415 3315 1579 3385 ignis.
1615 3332 1635 3365 ι
1688 3311 1826 3367 Nam
1882 3312 2059 3369 nubes

469 3417 662 3472 eadem
711 3414 952 3469 interdiu
989 3411 1124 3466 solis
1168 3408 1477 3464 molestiam
1513 3405 1847 3477 repellebat,
1901 3414 2059 3461 nocte

471 3524 600 3565 vero
629 3507 771 3579 ignis
800 3521 960 3562 usum
987 3503 1283 3574 pratbebat.

543 3692 710 3747 Vens.
742 3690 835 3757 15,
864 3707 882 3740 ι
908 3686 1119 3757 Dirnpit
1153 3685 1367 3756 1153
1393 3693 1601 3755 petram
1624 3678 1691 3737 in
1725 3681 1972 3746 deserto,
2004 3690 2059 3736 et

468 3802 613 3859 aqua
651 3783 861 3856 potavit
890 3797 987 3837 eos
1018 3781 1167 3837 velut
1213 3780 1413 3852 abysso
1450 3778 1644 3832 multa.
1678 3796 1697 3829 ι
1745 3775 1862 3831 Non
1909 3776 2057 3831 enim

468 3896 664 3952 parum
728 3876 966 3949 liquoris
1009 3875 1235 3939 eduxit,
1292 3873 1385 3928 sed
1439 3871 1683 3939 fontem,
1727 3871 1819 3941 qui
1870 3870 2058 3925 multis

470 3976 578 4032 illis
614 3974 856 4029 millibus
886 3971 1026 4027 satis
1056 3969 1180 4027 fuit.
1204 3969 1271 4024 Et
1302 3971 1405 4024 hoc
1437 3969 1681 4039 apertius
1710 3983 1804 4039 per
1827 3984 1913 4035 ea,
1937 3982 2060 4038 quze

470 4076 796 4139 sequuntur,
826 4065 1032 4120 docuit.

546 4159 707 4214 Vsus.
742 4158 830 4211 l6.
869 4174 890 4207 ‹
919 4154 987 4210 Et
1023 4153 1211 4211 eduxit
1240 4167 1444 4221 aquam
1476 4167 1508 4208 e
1542 4160 1696 4222 petra
1724 4192 1738 4217 ,
1780 4164 1834 4208 et
1871 4152 2061 4207 eduxit

472 4263 731 4322 tanquam
761 4249 987 4303 ﬂumina
1020 4262 1218 4317 aquas.
1256 4265 1276 4300 ι
1306 4247 1464 4317 Aqua
1496 4246 1642 4301 enim
1663 4287 1678 4312 ,
1706 4260 1831 4315 qua:
1870 4257 2059 4300 scatu-

472 4343 581 4406 riit,
612 4342 665 4395 in
695 4340 900 4394 multos
933 4339 1142 4393 rivulos
1167 4337 1341 4393 divisa
1370 4338 1492 4404 fuit,
1527 4337 1743 4394 facilem
1766 4348 1822 4393 et
1853 4338 2060 4409 magni-

472 4436 629 4489 licam
663 4431 896 4503 gratiam
924 4428 1234 4487 sitientibus
1267 4430 1538 4500 praebens.

542 4524 705 4579 Vens.
745 4523 811 4576 l7
836 4565 852 4588 ,
882 4523 971 4578 l8.
1014 4548 1033 4575 ι
1070 4523 1130 4577 Et
1162 4523 1524 4593 perstiterunt
1557 4523 1741 4578 adhuc
1772 4524 1823 4576 in
1854 4538 2056 4593 pecca-
2090 4515 2134 4571 D

472 4618 564 4682 tis,
596 4618 664 4672 ad
699 4618 836 4671 iram
868 4617 1235 4672 incitaverunt
1277 4616 1570 4672 Excelsum
1618 4616 1675 4671 in
1713 4624 1859 4671 terra
1890 4617 2055 4671 sicca.

2156 1847 2257 1895 τας
2288 1832 2528 1896 ἅπαντες
2546 1833 2591 1863 ⁸⁸
2625 1831 2720 1886 τοῦ
2752 1832 2887 1885 Θεοῦ
2919 1832 3017 1897 τὰς
3049 1831 3521 1903 θαυματουργίας,
3561 1831 3659 1894 τάς
3691 1834 3752 1885 ἐν

2156 1924 2420 1995 Αἰγύπτῳ
2456 1924 2850 1995 γεγενημένας,
2893 1917 2970 1979 ὧν
2999 1925 3049 1979 oi
3096 1924 3336 1996 πατέρες
3367 1924 3550 1979 αὐτῶν
3585 1924 3756 1978 αὐτό-

2158 2031 2289 2068 πται
2320 2016 2662 2086 γεγένηνται,
2695 2017 2797 2088 τῆς
2830 2018 3053 2087 μνήμης
3088 2015 3365 2081 ἐξέϐαλον.

2232 2104 2322 2174 ιγ’.
2389 2126 2407 2158 ι
2454 2105 2717 2179 Διέρρηξε
2758 2106 3056 2171 θάλασσαν,
3100 2109 3194 2161 καὶ
3223 2107 3488 2177 διήγαγεν
3525 2108 3751 2173 αὐτοὺς,

2159 2196 2509 2268 παρέστησεν
2524 2198 2566 2227 ⁶⁷
2593 2196 2766 2251 ὕδατα
2791 2196 2923 2250 ὡσεὶ
2949 2198 3118 2251 ἀσκόν
3137 2199 3202 2253 ⁸⁸.
3230 2216 3248 2248 ι
3277 2198 3565 2269 Συντόμως
3588 2201 3757 2252 ποιεί-

2158 2306 2250 2343 ται
2296 2289 2395 2358 τὴν
2423 2288 2534 2341 τῶν
2565 2288 2862 2359 θαυμάτων
2904 2289 3185 2358 διήγησιν,
3237 2290 3331 2342 καὶ
3375 2289 3438 2342 τὸ
3487 2291 3756 2360 μέγιστον

2157 2381 2268 2435 τῶν
2295 2381 2471 2436 ἄλλων
2507 2380 2825 2453 προέταξεν.
2868 2381 3321 2453 ’Υπερφυὲςλγάρ
3357 2385 3474 2437 ἐστι
3519 2386 3618 2454 τῆς
3662 2383 3759 2437 θα·

2159 2473 2366 2545 λάσσης
2410 2474 2471 2525 τὸ
2517 2473 2724 2544 Θαῦμα,
2764 2474 2860 2527 καὶ
2893 2476 2927 2546 ή
2973 2474 3064 2528 διὰ
3096 2474 3303 2545 ταύτης
3336 2475 3759 2546 παρασχεθεῖσα

2162 2568 2381 2639 πορεία.
2421 2566 2533 2638 Τὴν
2565 2567 2676 2637 γὰρ
2721 2569 2818 2621 ἐπὶ
2859 2569 2920 2622 τὸ
2952 2569 3161 2640 πρανὲς
3205 2572 3404 2639 χωρεῖν
3445 2572 3760 2638 πεφυκυῖαν

2159 2662 2268 2717 τῶν
2286 2663 2330 2696 ⁶⁹
2361 2663 2574 2720 ὑδάτων
2601 2662 2766 2732 φύσιν
2789 2661 3019 2731 ἔστησεν
3054 2662 3396 2733 ἑκατέρωθεν
3427 2664 3456 2717 ὁ
3482 2662 3589 2716 τῶν
3611 2663 3759 2717 ὅλων

2159 2754 2315 2820 Θεὸς,
2365 2755 2618 2827 καθάπερ
2659 2757 2717 2808 ἐν
2763 2753 2919 2824 ἁσκῷ
2974 2771 3081 2809 τινι
3118 2754 3415 2825 καθείρξας
3459 2753 3539 2825 τῷ
3584 2754 3754 2826 λόγῳ.

2173 2848 2395 2919 Ἐπειδὴ
2428 2848 2538 2918 γὰρ
2562 2849 2597 2918 ἡ
2623 2847 2733 2903 τῶν
2757 2847 2945 2902 ἀσκῶν
2972 2847 3289 2919 κατασκευὴ
3316 2847 3563 2919 συνέχειν
3587 2849 3757 2920 ἀκριο

2163 2940 2274 3003 ϐῶς
2308 2939 2407 3010 τὴν
2442 2940 2619 3011 ὑγρὰν
2655 2939 2881 2992 δύναται
2927 2938 3112 3007 φύσιν,
3161 2939 3388 3003 εἰκότως
3422 2940 3627 3009 ταύτην
3657 2940 3757 2993 ἐπὶ

2161 3032 2261 3101 τῆς
2292 3031 2661 3103 διαιρεθείσης
2679 3031 2727 3064 ’⁸
2753 3030 2969 3085 τέθεικε
3018 3031 3118 3103 τὴν
3162 3032 3370 3096 είκόνα,
3410 3031 3623 3094 δεικνὺς
3653 3031 3760 3085 τοῦ

2085 3162 2126 3219 c
2165 3125 2497 3195 θείου.λόγου
2526 3126 2626 3195 τὴν
2653 3126 2904 3194 δύναμιν.

2236 3216 2293 3273 ιδ’
2302 3259 2315 3274 .
2363 3238 2382 3271 ι
2416 3219 2525 3273 Kal.
2547 3218 2831 3288 ὡδήγησεν
2851 3218 3053 3282 αὐτοὺς
3072 3218 3132 3271 ἐν
3160 3218 3360 3289 νεφέλῃ
3386 3219 3626 3290 ἡμέρας,
3654 3216 3756 3272 καὶ

2157 3310 2287 3382 ὅλην
2315 3310 2414 3383 τὴν
2440 3310 2610 3363 νύκτα
2632 3310 2691 3363 ἐν
2711 3308 2982 3380 φωτισμῷ
3007 3310 3199 3378 πυρός.
3238 3330 3258 3361 ι
3319 3310 3382 3363 Ἦ
3410 3310 3516 3381 γὰρ
3545 3310 3686 3381 αὐτὴ
3702 3310 3749 3344 ’ί

2159 3404 2360 3473 νεφέλη
2422 3402 2545 3473 μεθ’
2584 3402 2800 3474 ἡμέραν
2866 3401 2967 3471 μέν
3006 3402 3069 3455 τὸ
3097 3401 3200 3471 τῆς
3238 3403 3458 3466 ἀκτῖνος
3506 3402 3755 3474 λυπηρὸν

2162 3494 2537 3566 ἀπεκρούετο,
2581 3491 2800 3565 νύκτωρ
2856 3493 2916 3547 δὲ
2978 3492 3074 3548 τοῦ
3138 3494 3314 3564 πυρὸς
3359 3497 3595 3566 παρεῖχε
3651 3495 3754 3566 τὴν

2160 3589 2375 3661 χρείαν.

2231 3688 2312 3735 ιε’.
2363 3700 2381 3731 ι
2417 3679 2679 3751 Διέρρηξε
2702 3678 2908 3749 πέτραν
2935 3678 2995 3733 ἐν
3017 3680 3229 3751 ἐρήμῳ,
3255 3680 3351 3733 καὶ
3381 3680 3632 3735 ἐπότισεν
3654 3683 3757 3736 αὒ-

2159 3776 2286 3838 τοὺς
2333 3774 2408 3837 ὼς
2461 3777 2518 3827 ἐν
2595 3773 2820 3844 ἀϐύσσῳ
2869 3773 3063 3845 πολλῇ.
3114 3793 3135 3827 ι
3193 3775 3269 3828 Οὐ
3321 3775 3430 3847 γὰρ
3488 3775 3758 3848 βραχεῖαν

2160 3868 2467 3937 άνεξήγαγε
2484 3866 2528 3898 ⁷³
2559 3866 2775 3931 λιϐάδα,
2810 3864 2947 3919 ἀλλὰ
2979 3868 3101 3929 ταῖς
3126 3866 3350 3932 πολλαῖς
3374 3869 3613 3933 ἐκείναις
3643 3887 3756 3939 μυ·

2166 3958 2351 4029 ριάσιν
2382 3956 2662 4026 ἀρκοῦσαν
2687 3957 2893 4026 πηγήν.
2940 3955 3050 4009 Καὶ
3079 3955 3239 4010 τοῦτο
3273 3956 3632 4029 σαφέστερον,
3658 3959 3756 4014 δια

2160 4049 2268 4103 τῶν
2297 4049 2660 4116 ἐπαγομένων
2695 4047 2984 4111 ἐδίδαξετῆ

2235 4147 2330 4206 ις’.
2377 4161 2397 4193 r
2430 4140 2541 4194 Kal.
2586 4138 2859 4209 ἐξήγαγεν
2901 4139 3044 4210 ὕδωρ
3082 4141 3147 4193 ἐκ
3196 4140 3427 4210 πέτρας,
3476 4142 3572 4195 καὶ
3619 4159 3754 4197 κατ-

2161 4236 2369 4305 ήγαγεν
2392 4232 2470 4296 ὼς
2506 4232 2787 4302 ποταμοὺς
2824 4231 3013 4285 ῦδατα.
3051 4250 3069 4282 ι
3096 4232 3170 4285 Τὸ
3207 4231 3316 4301 γάρ
3355 4232 3754 4287 ἀναϐλυσθέντδ

2162 4326 2307 4395 ὕδωρ
2332 4326 2410 4388 είς
2439 4325 2666 4387 πολλοὺς
2697 4325 2918 4395 ὀχετοὺς
2946 4324 3197 4395 διῃρέθη,
3224 4326 3440 4397 εὐμαρῆ
3470 4327 3569 4381 καὶ
3600 4327 3751 4396 φιλό-

2161 4436 2320 4490 τιμον
2356 4417 2598 4489 παρέχον
2629 4420 2742 4480 τοῖς
2780 4416 2977 4487 διψῶσι
3007 4418 3107 4487 τὴν
3141 4418 3320 4491 χάριν.

2236 4510 2322 4575 ιζ’,
2351 4510 2439 4580 ιη’.
2471 4529 2490 4562 ι
2508 4510 2620 4565 Καὶ
2641 4509 2971 4582 προσέθεντο
2992 4509 3072 4563 ἔτι
3091 4509 3188 4563 τοῦ
3208 4511 3546 4582 ἁμαρτάνειν
3569 4513 3747 4583 αὐτῷ·

2166 4602 2584 4673 παρεπίκραναν
2605 4601 2698 4655 τὸν
2728 4601 2995 4672 ’Ὕψιστον
3032 4603 3090 4655 ἐν
3124 4603 3363 4673 ἀνύδρῳ.
3400 4604 3507 4657 Καὶ
3541 4604 3753 4669 ὲξεπείο

472 4707 540 4762 Et
568 4716 915 4764 tentaverunt
940 4709 1108 4766 Deum
1143 4711 1197 4763 in
1233 4709 1496 4764 cordibus
1525 4709 1643 4765 suis
1671 4747 1686 4773 ,
1723 4719 1780 4765 ut
1814 4720 2055 4781 peterent

2168 4711 2342 4765 paaav
2371 4694 2463 4748 τὸν
2486 4694 2619 4748 Θεὸν
2646 4696 2708 4748 ὲν
2735 4697 2857 4758 ταῖς
2887 4695 3135 4765 καρδίαις
3161 4695 3343 4749 αὐτῶν
3363 4737 3378 4761 ,
3407 4696 3502 4750 τοῦ
3528 4698 3751 4768 αἰτῆσαι

472 4815 627 4855 escas
657 4802 944 4858 animabus
972 4805 1111 4858 suis.
1148 4821 1165 4854 ι
1206 4800 1595 4857 Verumtamen
1632 4817 1811 4873 neque
1852 4806 1956 4860 hoc
1989 4806 2055 4861 ab

2169 4786 2434 4859 βρώματα
2459 4790 2580 4851 ταῖς
2602 4787 2800 4857 ψυχαῖς
2830 4786 3031 4841 αὐτῶν.
3065 4807 3083 4839 ι
3115 4787 3258 4840 Ἀλλ’
3280 4788 3428 4857 ὅμως
3447 4789 3569 4843 οὐδὲ
3592 4790 3754 4844 τοῦτο

462 4890 663 4947 eorum
699 4904 877 4951 mente
896 4896 1223 4965 pravitatem
1250 4894 1480 4965 expulit,
1506 4895 1600 4950 sed
1634 4909 2055 4966 perseverarunt

2163 4880 2263 4948 τῆς
2289 4881 2514 4950 γνώμης
2538 4880 2716 4933 αὐτῶν
2746 4877 2845 4950 τὴν
2875 4880 3140 4951 πονηρίαν
3196 4878 3471 4946 ἐξέϐαλεν.
3506 4880 3621 4934 ἀλλ’
3651 4883 3756 4935 ἐπ-

474 4985 669 5056 ingrati
698 4988 866 5042 animi
896 4988 1032 5040 vitio
1059 4986 1352 5042 laborare:
1401 5000 1455 5044 et
1501 4999 1625 5061 post
1671 4997 1751 5045 tot
1790 4991 2055 5048 miracula

2170 4974 2397 5043 έμειναν
2423 4972 2522 5042 τὴν
2550 4973 2648 5041 τῆς
2681 4973 3006 5043 ἀχαριστίας
3034 4972 3411 5042 περικείμενοι
3442 4975 3594 5027 νόσον
3620 4991 3634 5003 υ
3652 4974 3753 5027 καὶ

472 5078 774 5147 periculum
815 5080 883 5135 de
920 5079 1109 5135 divina
1148 5081 1391 5148 potentia
1424 5081 1606 5139 facere
1640 5085 1969 5151 voluerunt,
2007 5093 2055 5141 et

2165 5067 2303 5137 μετὰ
2331 5065 2602 5129 τοσαύτας
2655 5064 2979 5136 εὐεργεσίας
3015 5066 3211 5137 πεῖραν
3243 5065 3428 5119 λαϐεῖν
3459 5065 3755 5135 ἠϐούλοντο

472 5171 595 5225 cibo
629 5172 939 5242 indigentes
960 5211 976 5236 ,
1030 5187 1139 5225 non
1182 5172 1516 5229 studuerunt
1546 5177 1800 5246 accipere
1829 5177 1884 5232 id
1913 5177 2055 5248 quod

2157 5160 2256 5229 τῆς
2278 5158 2428 5222 θείας
2457 5157 2761 5227 δυνάμεως,
2795 5156 2889 5210 καὶ
2916 5157 3123 5228 τροφῆς
3149 5157 3455 5227 δεηθέντες,
3480 5159 3541 5210 οὐ
3562 5156 3754 5210 λαϐεῖν

473 5277 697 5320 necesse
728 5274 868 5329 erat,
893 5264 987 5319 sed
1025 5262 1123 5318 Dei
1150 5265 1525 5332 impotentiam
1558 5247 1945 5325 accusarunta

2160 5252 2258 5319 τὴν
2289 5250 2478 5320 χρείαν
2516 5251 2814 5321 ἐζήτησαν,
2868 5249 2984 5303 ἀλλ’
3035 5249 3111 5312 ὡς
3169 5250 3436 5305 ἀδυνάτου
3469 5249 3562 5303 τοῦ
3608 5247 3752 5302 Θεοῦ

2170 5343 2575 5412 κατηγόρησαν.

1612 5448 1850 5502 VARIIE
1893 5450 2280 5508 LECTIONES
2319 5452 2406 5507 ET
2446 5451 2679 5508 NOTAE.

1569 5540 1613 5570 ⁶¹
1642 5540 1790 5609 Γάρ.
1836 5543 2003 5613 Altt‘sl

2163 5546 2251 5599 nd.
2287 5545 2342 5599 2.
2450 5546 2493 5577 ⁸³
2530 5545 3012 5613 Ἐϐουλήθησαν.
3072 5545 3201 5604 nec.
3257 5547 3419 5603 lectio
3466 5546 3524 5603 h.
3580 5547 3616 5601 Ι.
3660 5553 3754 5605 est

786 5614 830 5644 σε
864 5614 991 5667 Τῶν
1028 5618 1226 5687 εὺεργ.
1287 5620 1494 5674 αὑτοῦ.
1548 5623 1715 5678 Hebr.
1770 5612 2006 5691 19.11va
2049 5654 2055 5680 ς

830 5684 872 5713 ⁸⁷
894 5683 1023 5736 Rt'c.
1085 5688 1248 5736 it‘clio
1292 5697 1376 5736 est
1433 5690 1677 5736 Est-nasi),
1759 5695 1803 5727 ⁸⁸
1855 5698 2055 5736 ’Δηνιῖν

2157 5648 2266 5683 rum
2309 5631 2443 5700 ejus.
2563 5632 2609 5663 ⁸⁸
2652 5630 2899 5695 Τάνεως.
2960 5631 3124 5686 Hebr.
3175 5631 3345 5687 Zoan.
3460 5634 3507 5666 “
3552 5632 3677 5687 cod.
3712 5636 3753 5688 ‘2

2158 5700 2299 5736 Ilnlu-
2353 5713 2411 5736 στῆ
2452 5702 2721 5736 palmo-III"!
2825 5702 2868 5734 69
2921 5702 3042 5736 Ψρτιυ
3123 5704 3222 5736 ιιηά
3301 5705 3335 5736 ω
3371 5719 3534 5736 num-rs
3619 5701 3733 5736 ρέηἱ

943 5703 1026 5772 ec;
1085 5688 1248 5772 lecti?
1291 5697 1376 5772 ρει
1433 5690 1681 5764 ἔστησεν.
1759 5695 1803 5727 ⁸⁸
1855 5688 2055 5753 Ἀσθὶόν

2158 5688 2412 5760 Ilebr."t:
2450 5702 2745 5761 cumulum.
2825 5688 2870 5734 ‘5
2921 5702 3060 5757 Ίῶν.
3123 5704 3249 5758 cod.
3301 5705 3336 5756 ‘2
3371 5719 3556 5772 praem.
3619 5701 3747 5771 cini.

474 5746 522 5841 ᾆξ’
553 5754 1187 5874 εειδιρεοδηοέιὲςτξλεάα.
1218 5757 1513 5832 θαλάττης.
1550 5746 1561 5764 ο
1707 5766 1828 5821 eo...
1859 5746 2095 5840 ετοετηι
2160 5746 2745 5845 ’έῖὲὸὶιξεὲἐῆἶοὶξέῗ
2819 5772 2863 5803 τε
2896 5746 3749 5846 ’ὲὲἓέαέἔῗὲοιὶ’ἷέὲῖιῇωὲἒᾷ

666 5858 675 5871 ι
720 5855 751 5871 υ
805 5851 843 5871 nl
943 5858 987 5895 ιδ
1029 5855 1050 5876 ὖ
1090 5862 1103 5875 ο

555 5528 597 5559 ⁸⁸
630 5528 776 5599 Γάρ.
826 5533 945 5585 cod.
996 5533 1031 5586 ἓ
1083 5532 1209 5586 add.
1277 5535 1462 5603 φησίν.

474 5608 687 5679 ἤθελον.

477 5680 716 5743 ἁπάσας.
