4112 6412
414 357 553 422 14ιέ9

480 472 565 533 ιθ’,
598 476 688 527 ικθ.
737 491 754 523 ι
792 474 902 527 Καὶ
934 475 1320 547 κατελαλησαν
1360 476 1455 530 τοῦ
1492 476 1651 541 Θεοῦ,
1687 476 1783 529 καὶ
1809 469 1996 527 εἷπον·
2033 477 2072 531 Α

405 564 497 633 Μὴ
522 563 855 634 δυνήσεταιὸ
883 563 1015 628 Θεὸς
1044 566 1335 637 ἑτοιμάσαι
1365 565 1649 637 τράπεζαν
1676 568 1732 618 ἐν
1762 567 1958 636 ἐρήμῳ
1982 582 1995 631 ;

417 657 565 710 Ἐκεῖ
607 658 847 724 ἐπάταξε
897 660 1128 730 πέτραν,
1177 661 1275 715 καὶ
1324 663 1606 734 ἐρρύησαν
1653 660 1846 714 ὕδατα.
1903 662 1998 714 καὶ

403 751 698 821 χείμαρροι
730 753 1180 825 κατεκλύσθησαν
1202 773 1215 787 ·
1267 756 1340 827 μὴ
1383 757 1478 808 καὶ
1509 756 1674 825 ἄρτον
1706 752 1995 808 δύναται⁷⁸

400 841 608 906 δοῦναι,
659 843 692 914 ἢ
743 844 1037 914 ἑτοιμάσαι
1086 846 1363 917 τράπεζαν
1382 848 1429 879 ⁷⁸
1458 846 1537 917 τῷ
1581 846 1695 917 λαῷ
1728 846 1934 911 abem");
1972 865 1989 899 ι

400 935 666 999 Εὐπετές,
705 938 859 1005 φησι,
896 937 958 989 τὸ
987 938 1097 992 τῶν
1134 937 1364 1002 ὑδάτων,
1406 940 1503 994 καὶ
1539 940 1746 1011 ῥᾴδιον·
1782 941 1843 993 τὸ
1886 942 1994 1011 γὰρ

399 1029 459 1080 ἐν
506 1030 628 1090 ταῖς
682 1028 875 1096 λαγόσι
921 1031 1309 1101 κεκρυμμένον
1335 1031 1435 1100 τῆς
1473 1032 1579 1102 γῆς
1627 1036 1707 1096 εἰς
1736 1034 1834 1103 τὴν
1866 1036 1994 1086 ἐπιο

400 1121 630 1187 φάνειαν
675 1121 927 1192 ἀνεδόθη.
979 1122 1091 1192 Τὴν
1140 1123 1198 1176 δὲ
1247 1122 1341 1177 τοῦ
1389 1124 1556 1195 ἄρτου
1606 1124 1835 1197 τροφὴν,
1891 1127 1992 1196 τὴν

402 1212 793 1282 σπειρομένην,
854 1215 947 1266 καὶ
993 1214 1173 1286 χρόνῳ
1220 1216 1523 1286 φυομένην,
1576 1218 1692 1282 πῶς
1746 1218 1812 1272 ἂν
1862 1222 1993 1291 ἡμῖν

401 1303 614 1374 ἀθρόως
666 1306 977 1377 παράσχοι,
1032 1308 1128 1361 καὶ
1189 1309 1282 1363 τὸν
1335 1309 1686 1378 ἐπικείμενον
1745 1313 1992 1378 ἐξελάσοι

400 1393 557 1465 λιμόν
575 1411 592 1462 ;
1616 1404 1629 1415 '

469 1492 577 1540 κα’.
627 1506 646 1538 ι
675 1487 775 1541 Διὰ
800 1489 956 1543 τοῦτο
983 1491 1182 1561 ἤκουσε
1216 1496 1439 1566 Κύριος,
1476 1498 1570 1549 καὶ
1596 1496 1984 1550 άνεόάλετοπο

397 1580 493 1632 καὶ
521 1580 634 1649 πῦρ
665 1582 885 1655 ἀνήφθη
921 1587 977 1637 ἐν
1008 1585 1229 1651 Ἰακὼϐ,
1273 1589 1368 1641 καὶ
1402 1590 1539 1659 ὀργὴ
1580 1589 1749 1659 ἀνέϐη
1781 1591 1872 1643 ἐπὶ
1898 1590 1988 1643 τὸν

409 1670 648 1741 Ἰσραήλ.
697 1694 714 1725 ι
770 1667 846 1727 Οὗ
892 1673 955 1746 δὴ
1010 1675 1172 1747 χάριν
1216 1678 1606 1750 ἀγανακτήσας
1636 1680 1664 1732 ὁ
1708 1680 1816 1732 τῶν
1847 1679 1987 1732 ὅλων

396 1762 624 1832 Κύριος,
653 1767 839 1837 φησὶν,
862 1768 1160 1823 ἀνεϐάλετο
1189 1769 1287 1840 μὲν
1314 1772 1500 1835 αὐτοῖς
1527 1771 1713 1826 δοῦναι
1742 1771 1840 1843 τὴν
1858 1773 1980 1842 γῆν,

1708 361 1787 421 IN
1827 361 2035 420 PSAL.
2079 362 2371 425 LXXVII.

2178 477 2193 490 '
2226 472 2392 533 Vens.
2420 477 2487 531 l9
2508 519 2522 541 ,
2551 477 2644 531 20.
2698 497 2715 529 ι
2748 476 2812 533 Ει
2843 479 2984 534 male
3030 480 3198 535 locuti
3246 492 3371 535 sunt
3422 483 3489 536 de
3537 482 3645 537 llcu
3676 503 3693 540 :

2104 567 2397 629 dixerunt:
2433 569 2693 641 Nunquid
2730 573 2928 641 poterit
2961 572 3102 627 Deus
3128 589 3323 643 parare
3356 592 3601 630 mensam
3639 578 3697 632 in

2102 663 2360 717 deserto?
2409 662 2678 730 Quoniam
2715 667 2987 735 percussit
3030 677 3280 735 petram,
3320 678 3374 723 et
3419 668 3701 723 (luxerunt

2101 771 2285 825 aquae,
2324 767 2378 810 et
2410 766 2681 815 torrentes
2722 761 3170 817 inundareruut;
3226 761 3471 830 numquid
3518 773 3571 816 et
3597 778 3696 832 pa-

2102 861 2224 899 nem
2254 849 2456 916 poterit
2479 850 2629 916 dare,
2654 861 2747 906 aut
2770 868 2963 922 parare
2993 868 3237 908 mensam
3270 856 3478 925 populo
3508 857 3684 910 such

2099 936 2319 1005 Facile,
2359 940 2572 1011 inquit,
2621 952 2676 997 et
2725 945 2841 999 leve
2888 960 3156 1016 aquarum
3204 948 3486 1017 negotium
3544 947 3686 1002 fuit:

2100 1047 2223 1085 nam
2260 1049 2401 1103 aqua
2444 1035 2495 1088 in
2536 1044 2692 1090 terra:
2722 1039 2969 1094 cavernis
2997 1039 3203 1105 abdita,
3242 1041 3294 1094 in
3331 1042 3508 1095 lucem
3543 1041 3687 1096 edita

2097 1133 2201 1178 est.
2230 1125 2563 1179 Alimentum
2601 1143 2731 1181 vero
2762 1129 2940 1197 panis,
2968 1131 3061 1200 qui
3101 1132 3323 1194 seritur,
3356 1142 3409 1187 et
3441 1141 3686 1203 tempore

2095 1216 2438 1285 producitur,
2466 1220 2744 1288 quomodo
2773 1221 2934 1276 nobis
2960 1222 3162 1278 all‘atim
3190 1225 3472 1297 largietur,
3499 1226 3693 1280 immi-

2097 1321 2428 1381 nentemquc
2456 1310 2660 1367 famem
2691 1314 2937 1368 eximet?

2164 1487 2333 1545 Vsus.
2365 1489 2454 1545 2i.
2509 1511 2527 1542 ι
2565 1490 2691 1547 Ideo
2729 1493 2941 1549 audivit
2983 1492 3284 1561 Dominus,
3330 1504 3385 1549 et
3420 1495 3633 1550 distulit
3664 1513 3684 1553 :

2089 1591 2144 1636 et
2172 1582 2315 1654 ignis
2341 1599 2610 1641 accensus
2639 1595 2725 1642 est
2768 1589 2820 1641 in
2854 1586 3059 1653 Jacob,
3110 1596 3165 1643 et
3205 1589 3284 1642 ira
3329 1589 3577 1644 ascendit
3625 1591 3682 1644 in

2088 1671 2276 1728 Israel.
2302 1694 2319 1727 ι
2353 1674 2579 1742 Idcirco,
2604 1677 2798 1746 inquit,
2817 1677 3032 1749 1154
3060 1678 3279 1750 indigne
3299 1678 3475 1735 ferens
3505 1680 3686 1733 Domi-

2090 1781 2192 1819 nus
2230 1767 2635 1831 mdversorum,
2672 1768 2886 1823 distulit
2920 1770 3054 1838 ipsis
3089 1770 3220 1824 dare
3252 1778 3452 1823 terram
3490 1784 3681 1824 eorum

394 1849 492 1920 τὴν
519 1852 634 1914 τοῖς
669 1856 942 1923 πατράσιν
971 1858 1412 1930 ἐπηγγελμένην,
1460 1865 1582 1925 ταῖς
1627 1863 1680 1915 δὲ
1720 1865 1984 1917 παντοδα-

2091 1858 2389 1928 majoribus
2408 1860 2762 1929 promissam,
2794 1869 2847 1914 et
2879 1861 3115 1916 diversis
3148 1876 3243 1916 eos
3278 1861 3566 1930 suppliciis
3597 1860 3683 1915 af—

395 1945 525 2004 παίς
558 1946 855 2016 τιμωρίαις
892 1949 1179 2014 ἐξέδωκεν.
1231 1953 1344 2005 Οὐκ
1388 1955 1637 2025 ἐπήγαγε
1689 1954 1747 2008 δὲ
1800 1957 1984 2019 αὐτοῖς

393 2035 485 2086 τὸν
505 2033 728 2107 ὄλεθρον
751 2038 1037 2109 σύντομον,
1062 2043 1189 2105 τοὺς
1212 2044 1436 2097 ἐκείνων
1462 2045 1659 2109 παῖδας
1680 2047 1984 2118 αὐξηθῆναι

393 2129 741 2199 προσμένων.
778 2131 1070 2204 Μέμνηται
1096 2134 1154 2188 δὲ
1180 2136 1280 2205 τῆς
1307 2136 1397 2189 διὰ
1423 2136 1517 2190 τοῦ
1535 2137 1581 2169 ⁷⁸
1616 2140 1788 2209 πυρὸς
1813 2158 1988 2209 τιμω-

395 2217 516 2289 ρίας
549 2219 645 2272 τοῦ
678 2222 951 2293 μακαρίου
976 2224 1174 2278 Μωσοῦ
1196 2226 1242 2259 ⁷³
1271 2226 1336 2280 τὰ
1369 2229 1804 2301 συγγράμματα.
1835 2230 1983 2286 Ταύ-

390 2326 492 2379 την
519 2311 599 2377 δὲ,
634 2314 820 2384 φησὶν,
850 2316 1154 2385 ὑπέμειναν
1181 2321 1281 2390 τὴν
1314 2321 1551 2391 πληγήν,

463 2400 567 2471 κβ’.
615 2422 635 2453 r
668 2404 791 2457 Ὅτι
814 2406 914 2460 οὐκ
940 2408 1270 2485 ἐπίστευσαν
1305 2412 1363 2466 ἐν
1389 2411 1469 2481 τῷ
1495 2413 1633 2484 Θεῷ,
1670 2414 1792 2469 οὐδὲ
1819 2416 1983 2488 ἤλπι-

391 2509 492 2547 σαν
524 2495 620 2549 ἐπὶ
646 2496 708 2549 τὸ
740 2501 1008 2569 σωτήριον
1042 2500 1230 2556 αὐτοῦ.
1264 2521 1284 2556 ι
1334 2503 1474 2557 Ἀλλ’
1503 2507 1654 2576 ὅμως
1688 2510 1784 2563 καὶ
1813 2509 1993 2563 τοιού-·

389 2590 523 2650 τοις
550 2584 671 2642 οὖσι
720 2589 816 2661 τὴν
845 2592 1204 2663 ἀγεώργητον
1233 2596 1478 2667 παρέσχε
1525 2600 1735 2672 τροφήν
1757 2618 1772 2633 ο
1822 2600 1983 2656 τοῦτο

389 2679 500 2749 γὰρ
528 2680 769 2736 διδάσκει
802 2684 870 2737 τὰ
905 2686 1248 2756 ἐπαγόμενα.

464 2778 568 2841 κγ’,
607 2771 705 2827 κδ’.
753 2794 772 2827 ι
822 2777 931 2831 Kal.
967 2779 1274 2833 ἐνετείλατο
1314 2782 1567 2850 νεφέλαις
1601 2784 1978 2856 ὑπεράνωθεν,

2089 1951 2216 2007 fecit
2250 1970 2265 2006 :
2302 1952 2397 2007 sed
2433 1968 2542 2007 non
2570 1954 2801 2009 celerem
2835 1963 3067 2009 mortem
3094 1954 3229 2024 ipsis
3252 1955 3454 2021 intulit,
3486 1969 3681 2024 exspe-

2089 2056 2274 2109 ctans,
2310 2055 2368 2101 ut
2392 2045 2489 2101 lilii
2514 2047 3031 2117 multiplicareutur.
3062 2049 3136 2102 De
3169 2048 3273 2104 hac
3298 2057 3481 2103 autem
3516 2062 3683 2118 paena

2089 2154 2185 2209 per
2216 2139 2393 2209 ignem
2436 2140 2644 2195 inllicta
2686 2141 2848 2196 etiam
2903 2140 3204 2196 beatissimi
3256 2140 3427 2195 Musis
3472 2142 3677 2210 scripta

2089 2232 2424 2286 mentionem
2470 2232 2737 2288 fecerunt.
2788 2231 2940 2288 Hanc
2988 2248 3115 2287 vero
3158 2232 3373 2303 plagam
3400 2274 3415 2299 ,
3460 2232 3674 2302 inquit,

2086 2320 2234 2390 passi
2264 2330 2414 2385 sunt,

2160 2411 2325 2469 Vens.
2362 2413 2452 2468 22.
2506 2434 2524 2465 ι
2552 2413 2693 2480 Quia
2724 2429 2836 2470 non
2865 2415 3219 2470 crediderunt
3268 2414 3322 2468 in
3372 2413 3483 2470 Deo
3507 2452 3523 2480 ,
3574 2429 3679 2471 nec

2087 2510 2448 2571 speraveruut
2482 2501 2537 2556 in
2568 2502 2794 2557 salutari
2828 2502 2972 2571 ejus.
3008 2522 3026 2554 ι
3069 2501 3133 2557 Et
3164 2511 3349 2557 tamen
3378 2517 3505 2557 cum
3539 2503 3685 2559 tales

2084 2604 2302 2659 essent,
2341 2594 2525 2649 cibum
2557 2594 2678 2650 sine
2726 2595 2911 2650 labore
2941 2607 3320 2665 comparatum
3365 2597 3497 2667 ipsis
3530 2612 3675 2668 pra:-

2084 2685 2220 2740 buit.
2251 2684 2365 2741 Hoc
2391 2687 2539 2741 enim
2566 2685 2767 2741 docent
2794 2701 2920 2757 quae
2949 2697 3279 2755 sequuntur.

2155 2775 2323 2833 Vsus.
2362 2778 2455 2845 23,
2487 2778 2578 2833 24.
2619 2798 2637 2829 ι
2660 2778 2723 2832 Et
2752 2779 3037 2833 mandavit
3074 2779 3313 2835 nubibus
3346 2779 3601 2849 desuper,
3620 2789 3679 2835 et

392 2862 489 2916 καὶ
538 2862 706 2935 θύρας
760 2866 989 2939 οὐρα-λοῦ
1041 2869 1331 2941 ἀνέῳξε-⁸⁸.
1384 2875 1496 2927 Καὶ
1537 2874 1762 2947 ἔϐρεξεν
1792 2879 1980 2943 αὐτοῖς

2088 2870 2276 2938 ianuas
2300 2872 2424 2926 caeli
2454 2871 2687 2941 aperuit.
2712 2871 2780 2925 Et
2804 2871 2941 2942 pluit
2973 2870 3084 2925 illis
3114 2885 3314 2926 manna
3344 2871 3411 2926 ad
3442 2874 3675 2927 mandu-

395 2954 572 3027 μάννα
605 2961 822 3027 φαγεῖν.
855 2977 872 3009 ι
927 2961 1003 3013 Οὐ
1035 2963 1145 3034 γὰρ
1171 2963 1272 3027 τὰς
1303 2965 1557 3036 συνήθεις
1585 2967 1779 3033 ὠδῖνας
1807 2971 1862 3023 al
1893 2988 1979 3024 νε-

391 3050 549 3119 φέλαι
578 3055 874 3124 παρέσχον,
913 3055 1031 3108 ἀλλ’
1066 3058 1185 3110 ἀντὶ
1216 3058 1308 3111 τοῦ
1341 3060 1499 3113 ὑετοῦ
1528 3063 1622 3116 τοῦ
1663 3062 1845 3133 ἄρδειν
1875 3082 1976 3118 πε-

390 3146 623 3214 φυκότος
664 3147 732 3200 τὰ
778 3147 1232 3219 καταϐαλλόμενα
1272 3151 1586 3222 σπέρματα,
1634 3154 1734 3225 τὴν
1769 3155 1977 3228 θαυμα-
2004 3190 2050 3253 C

390 3237 512 3294 σίαν
537 3240 744 3310 τροφὴν
774 3240 1116 3312 ἀπεκύησαν.
1163 3243 1346 3316 Θύρας
1376 3244 1431 3298 δὲ
1461 3248 1692 3317 οὐρανοῦ
1738 3250 1973 3320 άνοιγείο

390 3345 488 3393 σας
541 3330 642 3401 τὴν
708 3330 919 3387 ἄνωθεν
962 3337 1245 3406 -χορηγίαν
1295 3337 1543 3394 ἐκάλεσε.
1593 3336 1812 3414 Ἐπειδὴ
1867 3346 1976 3420 γάρ

386 3426 497 3487 τοῖς
528 3425 796 3495 ταμιείοις
846 3427 1150 3507 ἐπιτιθέναι
1189 3430 1361 3509 θύρας
1390 3432 1688 3507 εἰώθαμεν,
1723 3437 1817 3490 καὶ
1851 3439 1978 3491 ταύ-

387 3532 487 3580 τας
520 3516 811 3589 ἀνοίγομεν
843 3520 1101 3595 ἐκφέρειν
1141 3541 1195 3576 τι
1245 3524 1581 3595 βουλόμενοι,
1631 3529 1904 3585 δείκνυσιν
1948 3536 1976 3587 ὁ

385 3612 731 3682 προφητικὸς
768 3612 927 3682 λόγος
964 3615 1058 3668 τὸν
1101 3615 1213 3670 τῶν
1252 3618 1390 3672 ὅλων
1437 3619 1591 3687 Θεὸν,
1638 3622 1830 3696 ὥσπερ
1868 3625 1976 3679 ἀπό

385 3719 548 3755 τινων
578 3700 844 3781 ταμιείων
858 3707 929 3772 βί,
962 3707 1310 3777 χορηγοῦντα
1341 3711 1403 3764 τὸ
1434 3713 1633 3782 μάννα.

451 3815 470 3848 ι
498 3796 610 3850 Καὶ
638 3794 1063 3871 ἄρτονόὖρανοῦ
1106 3803 1305 3856 ἔδωκεν
1343 3804 1548 3871 αὐτοῖς.
1596 3806 1745 3882 [κε¹.]
1778 3810 1975 3880 Ἀρτον

384 3890 696 3957 ἀγγέλων⁸⁸
745 3892 949 3961 ἔφαγεν
999 3895 1307 3966 ἄνθρωπος.
1362 3918 1380 3949 ι
1443 3901 1654 3968 Ἄρτον
1704 3905 1977 3976 ἀγγέλων

383 3981 559 4042 καλεῖ,
605 3978 681 4044 ὡς
723 3980 790 4035 δι’
828 3982 1078 4052 ἀγγέλων
1102 3987 1483 4058 χορηγηθέντα
1509 4006 1524 4022 ο
1581 3991 1803 4061 ἄγγελοι
1840 3995 1973 4067 γὰρ,

383 4075 460 4140 ὡς
489 4075 594 4129 ὑπὸ
624 4077 724 4147 τῆς
774 4078 926 4142 θείας
961 4081 1183 4152 Γραφῆς
1217 4083 1600 4155 ἐδιδάχθημεν,
1650 4090 1762 4152 τοῖς
1810 4088 1975 4155 θείοις

380 4170 648 4241 νεύμασιν
675 4171 1037 4244 ὑπουργοῦσι.
1065 4173 1306 4243 Λέγειδέ
1334 4175 1509 4241 οὕτως
1533 4179 1561 4231 ό
1584 4177 1729 4243 θεῖος
1744 4180 1791 4213 ⁸³
1819 4182 1977 4236 ’Λπό-

386 4263 571 4327 στολος
605 4279 618 4293 ·
680 4284 699 4316 ι
729 4267 864 4336 Οὐχὶ
899 4266 1101 4330 πάντες
1130 4268 1236 4323 εἰσὶ
1266 4268 1623 4339 λειτουργικὰ
1660 4271 1973 4344 πνεύματα,

383 4357 464 4420 είς
483 4354 763 4411 διακονίαν
792 4358 1238 4431 ἀποστελλόμενα
1268 4360 1356 4415 διὰ
1378 4364 1506 4426 τοὺς
1534 4362 1829 4433 μέλλοντας
1850 4366 1975 4437 κλη-

387 4451 636 4517 ρονομεῖν
666 4450 971 4523 σωτηρίανς
1002 4471 1019 4504 ι
1060 4452 1170 4506 Καὶ
1206 4454 1399 4508 πάλιν*
1440 4474 1458 4505 ι
1492 4454 1553 4509 Et
1583 4456 1694 4528 γὰρ
1721 4458 1749 4510 ὁ
1782 4457 1852 4511 δι’
1882 4459 1976 4528 ἅγ-

2082 2962 2338 3018 caudum.
2374 2981 2393 3014 ι
2448 2961 2564 3017 Non
2596 2961 2745 3016 enim
2777 2961 3015 3018 usitatos
3054 2971 3251 3032 partus
3279 2961 3456 3016 nubes
3487 2960 3676 3016 edide-

2082 3062 2230 3120 runt,
2257 3054 2355 3110 sed
2375 3069 2476 3124 pro
2499 3053 2695 3120 imbre,
2718 3055 2806 3109 cui
2830 3063 3026 3108 natura
3047 3052 3271 3109 insitum
3298 3061 3381 3107 est
3401 3067 3460 3108 ut
3479 3067 3676 3123 sparsa

2082 3147 2294 3203 semina
2354 3146 2583 3219 irriget,
2642 3145 3027 3203 admirabilem
3076 3144 3265 3201 cibum
3319 3153 3673 3215 pepererunt.

2084 3240 2378 3297 Reseratas
2409 3253 2591 3296 autem
2622 3240 2748 3296 caeli
2788 3238 2991 3311 januas
3025 3239 3403 3309 praebitionem
3437 3237 3675 3309 desuper

2085 3335 2284 3392 factam
2316 3337 2553 3401 vocavit.
2585 3334 2858 3403 Quoniam
2894 3334 3043 3388 enim
3082 3332 3236 3389 cellis
3278 3332 3561 3402 penuariis
3588 3332 3676 3402 ja—

2084 3445 2225 3485 nuas
2259 3430 2542 3499 imponere
2575 3427 2821 3482 solemus
2849 3466 2864 3491 ,
2908 3436 2962 3480 et
2999 3425 3099 3480 bas
3146 3438 3492 3490 reseramus,
3545 3437 3674 3478 cum

2085 3522 2291 3594 aliquid
2329 3521 2547 3578 auferre
2576 3521 2853 3588 volumus,
2884 3518 3237 3590 propheticus
3277 3532 3461 3573 sermo
3486 3525 3676 3571 osten-

2082 3619 2163 3674 dit
2211 3617 2379 3672 Deum
2427 3616 2848 3680 universorum,
2904 3622 3167 3683 tanquam
3221 3626 3288 3666 ex
3338 3609 3679 3682 quibusdam

2081 3711 2234 3767 cellis
2261 3708 2545 3781 penuariis
2568 3748 2582 3771 ,
2625 3720 2827 3761 manna
2866 3704 3206 3774 largientem.

2159 3808 2295 3864 ’rEt
2322 3817 2521 3875 panem
2570 3798 2700 3856 caeli
2744 3799 2899 3854 dedit
2953 3799 3054 3854 eis.
3111 3797 3301 3871 [\‘sns.
3336 3798 3432 3871 ‘25]
3469 3798 3675 3852 Panem

2083 3899 2402 3969 angelorum
2435 3891 2789 3947 manducavit
2832 3892 3018 3946 homo.
3054 3910 3071 3942 ι
3126 3887 3326 3943 Panem
3360 3889 3678 3960 angelorum

2085 4000 2273 4059 vocat,
2308 3989 2471 4046 veluti
2522 4003 2619 4058 per
2660 3986 2884 4057 angelos
2923 3984 3423 4040 subministratum.
3477 3982 3670 4053 Augeli

2083 4086 2273 4152 enim,
2317 4093 2379 4138 ut
2426 4096 2492 4136 ex
2541 4078 2743 4135 divinis
2785 4076 3004 4131 Litteris
3051 4075 3417 4145 percepimus,
3469 4072 3672 4129 divinis

2083 4178 2305 4234 nutibus
2331 4173 2704 4232 subserviunt.
2737 4170 2881 4225 Dicit
2924 4180 3108 4224 autem
3154 4169 3235 4224 sic
3274 4168 3494 4221 divinus
3522 4167 3673 4235 Apo-

2084 4272 2261 4326 stolus
2290 4287 2304 4324 :
2347 4288 2364 4320 ι
2396 4265 2590 4321 Nonne
2616 4279 2810 4319 omnes
2842 4270 2973 4319 sunt
3006 4259 3247 4316 ministri
3283 4259 3546 4329 spiritus,
3600 4256 3671 4311 ad

2083 4360 2450 4417 ministerium
2489 4355 2644 4411 missi
2690 4361 2915 4425 propter
2939 4366 3038 4408 eos
3062 4391 3078 4415 ,
3112 4355 3129 4375 '
3156 4351 3249 4421 qui
3295 4347 3668 4405 liaereditaturi

2085 4453 2457 4513 suntsalutem
2475 4450 2563 4503 ﬁ?)
2586 4447 2653 4502 Et
2674 4463 2899 4502 rursus:
2930 4463 2948 4497 ι
2976 4444 3034 4501 Si
3055 4443 3266 4514 1155
3286 4444 3433 4497 enim
3464 4456 3667 4506 sermo,

381 4540 556 4607 γέλων
609 4541 862 4613 λαληθεὶς
917 4542 1077 4612 λόγος
1139 4545 1357 4614 ἐγένετο
1392 4546 1688 4617 βέϐαιοςσδ,
1730 4567 1747 4600 ι
1777 4551 1871 4603 καὶ
1904 4550 1971 4604 τὰ

2088 4548 2174 4618 qui
2209 4560 2303 4614 per
2334 4546 2556 4614 angelos
2589 4540 2770 4597 dictus
2800 4549 2912 4603 cst,
2952 4537 3055 4592 fuit
3083 4539 3274 4591 lirmus
3308 4535 3336 4574 δ
3369 4575 3383 4601 ,
3422 4552 3441 4585 ι
3485 4542 3541 4588 et
3580 4550 3672 4587 re-

385 4632 530 4702 ἑξῆς.
584 4634 795 4703 Ἄρτον
842 4636 899 4689 δὲ
947 4637 1212 4704 οὐρανοῦ
1264 4638 1340 4703 ὡς
1405 4638 1615 4694 ἄνωθεν
1681 4641 1975 4712 ἐνεχθέντα

2088 4642 2250 4711 liqua.
2288 4634 2489 4690 Panem
2528 4648 2659 4688 vero
2695 4631 2813 4686 caeli
2846 4639 3108 4701 tanquam
3155 4643 3395 4699 superne
3425 4627 3672 4682 delatum

385 4727 559 4780 καλεῖ.
612 4729 723 4782 Καὶ
768 4730 894 4793 τοὺς
941 4729 1282 4801 ἀεροπόρους
1317 4732 1427 4804 γὰρ
1473 4732 1696 4804 ὄρνιθας
1750 4736 1974 4789 πετεινὰ

2088 4741 2257 4787 vocat.
2292 4728 2429 4783 Nam
2465 4737 2519 4783 et
2557 4742 2719 4789 aves,
2751 4741 2874 4796 qua:
2901 4740 2997 4795 per
3028 4737 3209 4778 aerem
3255 4730 3478 4785 meant,
3520 4718 3675 4773 vctu.

387 4819 616 4887 ούρανοῦ
648 4823 680 4892 ἡ
712 4821 829 4876 θεία
860 4824 1255 4893 προσαγορεύει
1284 4825 1499 4895 Γραφή.
1545 4844 1564 4877 ι
1594 4825 1976 4897 Ἐπισιτισμὺν

2088 4841 2200 4883 cres
2230 4824 2352 4880 οωίί
2385 4836 2540 4878 sacra
2569 4820 2852 4890 Scriptura
2883 4824 3188 4885 nuncupat.
3227 4831 3246 4865 ι
3274 4811 3495 4869 Cibaria
3520 4809 3672 4863 misit

391 4910 709 4966 ἀπέστειλεν
736 4914 943 4979 αὐτοῖς,
966 4917 1046 4979 είς
1079 4917 1415 4988 πλησμονήν.
1433 4938 1449 4968 ι
1485 4919 1578 4981 Et;
1607 4919 1787 4988 κόρον,
1815 4921 1972 4990 φησὶ,

2088 4920 2160 4976 eis
2206 4918 2260 4973 in
2310 4914 2724 4971 abundantiam.
2756 4931 2774 4963 ι
2831 4910 2910 4964 Ad
2954 4909 3259 4965 satietatem
3319 4918 3515 4974 usque,
3570 4900 3670 4966 ait,

389 5001 590 5072 ταύτης
627 5006 932 5075 μετέδωκεν
958 5008 1144 5071 αὐτοῖς
1176 5009 1275 5078 τῆς
1306 5010 1529 5081 τροφῆς.
1582 5004 1715 5063 Εἷτα
1749 5010 1844 5064 καὶ
1872 5008 1973 5082 τὴν

386 5093 497 5146 τῶν
522 5095 702 5166 κρεῶν
733 5096 955 5162 διέξεισι
989 5099 1286 5170 χορηγίανθ

2085 5014 2231 5068 hunc
2261 5012 2367 5067 illis
2401 5011 2586 5066 cibum
2632 5006 2913 5078 impertiit.
2951 5004 3158 5060 Deinde
3188 5011 3242 5058 et
3277 4998 3526 5056 carnium
3560 4994 3672 5048 lar-

2080 5098 2343 5171 gitionem
2385 5105 2592 5153 narrat.

458 5285 486 5314 ι
523 5271 689 5329 Hebr.
719 5286 770 5339 ι,
802 5272 894 5329 14.
975 5274 1003 5314 b
1034 5273 1199 5330 llebr.
1230 5292 1293 5341 ιι,
1323 5277 1377 5331 2.

328 5338 350 5368 ηιξ

1494 5450 1735 5507 VARUS
1771 5447 2156 5508 LECTIONES
2196 5447 2284 5504 ET
2326 5446 2565 5506 ΝΟΤΑΞ.

456 5599 500 5687 ⁷-⁸
533 5605 663 5661 tice.
690 5604 864 5687 lectio
892 5615 976 5687 est
1000 5607 1311 5687 δυνήσεται.
1388 5610 1437 5642 ⁷⁸
1469 5609 1987 5687 Τρᾴαςεζαν-.-Ηειιικ

2088 5614 2416 5687 ιζῤ-εαζιιοιη.
2448 5610 2645 5687 Aquila
2675 5617 2733 5687 _et
2756 5606 2973 5687 suum:
2997 5603 3155 5687 κρέα.
3199 5600 3669 5687 ..ττςλνεσέιετφ

386 5676 551 5756 [ιεὶιυχ.
588 5683 795 5756 '33:?an
826 5689 874 5732 et
906 5679 1083 5756 lngus
1119 5666 1222 5756 'est.
1252 5666 1588 5756 Synim._§<_al
1618 5666 1912 5756 ἐχολώθη.-

2088 5666 2212 5736 r25.
2244 5681 2472 5756 Abest_a
2507 5666 2630 5756 ὁοςι.
2670 5680 2727 5734 2.
2800 5666 2996 5756 τ’ζεοιι.
3026 5666 3070 5756 2_
3092 5671 3392 5756 bIngémq:
3470 5671 3669 5756 ιιυλςοιιἶ

384 5747 423 5801 2
447 5747 570 5823 ﬁve;
593 5740 675 5823 ξε.
730 5745 940 5823 fired.
972 5749 1006 5801 2
1037 5740 1315 5823 faltelmv:
1392 5751 1436 5823 δξ
1478 5740 1792 5821 Ἀγγέίὶων.
1821 5740 1984 5823 Hebr.

2088 5760 2262 5810 '7'1’38
2303 5751 2547 5819 fortium.
2590 5750 2798 5823 Symm.
2835 5745 3133 5801 δυναστῶν.
3210 5740 3256 5774 ⁸³
3292 5743 3476 5809 Θεῐος.
3513 5740 3676 5797 Abest

385 5836 416 5874 ιι
450 5820 572 5876 cod.
601 5819 656 5872 2.
728 5817 774 5849 “
807 5817 1073 5888 Ἐγένετο
1110 5817 1373 5887 βέϐαιος.
1416 5817 1556 5877 Des.
1579 5817 1630 5875 in
1668 5824 1788 5877 cod.
1818 5822 1870 5876 ἒ.
