4112 6420
509 351 637 417 ίαί-ἓί

1518 354 2013 415 THEODORETI
2052 354 2393 415 EPISCOPI
2435 354 2806 415 CYRENSIS

3618 352 3739 419 140?.

585 465 866 533 \'ns.26,
913 464 1003 519 27.
1061 484 1079 516 ι
1117 465 1360 520 Abstulit
1403 475 1655 521 austrum
1706 468 1773 521 de
1822 468 2002 529 coelo,
2050 477 2103 521 ct

2281 476 2390 535 zg'.
2426 466 2528 531 κζ’.
2564 486 2583 518 ι
2635 466 2899 537 ’Λπῆρε⁸⁸
2940 465 3092 520 νότον
3133 465 3192 532 ἐξ
3224 463 3450 536 οὐρανοῦ
3475 482 3486 495 ·
3522 464 3607 517 καὶ
3653 468 3742 518 ἐπι

505 560 726 615 induxit
757 558 810 612 in
842 558 1042 612 virtute
1075 572 1174 612 sua
1207 558 1465 611 africum.
1512 557 1577 612 Et
1612 557 1750 627 pluit
1788 573 1955 628 super
1995 572 2091 612 eos

505 653 648 708 sicut
676 651 956 721 pulverem
981 665 1196 713 carnes,
1228 661 1283 703 et
1323 654 1463 705 sicut
1489 666 1714 704 arenam
1746 651 1917 705 maris
1940 650 2095 703 vola-

508 744 620 798 tilia
652 751 909 813 pennata.
939 758 958 792 ι
997 740 1137 795 Nam
1176 756 1275 810 per
1308 750 1501 795 ventos
1531 741 1713 795 avium
1748 740 1964 794 illarum
1996 755 2091 807 ge-

507 849 612 889 nus
665 834 909 902 undique
954 834 1244 888 collectum
1294 832 1554 888 devolare
1588 833 1760 904 jussit
1800 835 1854 886 in
1900 846 2091 887 eorum

509 927 883 991 tabernacula,
916 925 1260 982 venationem
1304 927 1612 981 ultroneam
1657 925 1789 994 ipsis
1834 925 2092 994 largiens.

582 1103 744 1161 Vens.
785 1104 976 1160 28-30.
1018 1122 1036 1155 ι
1071 1103 1135 1157 Et
1165 1103 1481 1159 ceciderunt
1504 1103 1557 1156 in
1582 1099 1762 1157 medio
1783 1108 2095 1156 castrorum

508 1214 719 1263 eorum,
749 1208 804 1253 et
844 1199 991 1254 circa
1024 1197 1377 1253 tabernacula
1415 1211 1631 1251 eorum.
1678 1194 1744 1250 Et
1792 1194 2095 1250 manduca-

511 1301 726 1359 verunt,
754 1299 810 1346 et
831 1291 1062 1347 saturati
1094 1299 1226 1346 sunt
1251 1289 1436 1355 nimis,
1471 1289 1872 1345 etdesiderium
1903 1302 2096 1343 eorum

512 1386 693 1441 attulit
722 1384 822 1439 cis.
850 1381 974 1438 Non
1005 1393 1137 1439 sunt
1175 1382 1414 1437 fraudati
1444 1381 1716 1438 desiderio
1738 1396 1859 1435 suo.
1900 1399 1917 1431 ι
1949 1379 2094 1434 Con-

514 1480 687 1534 secuti
742 1486 900 1541 snnt,
938 1476 1140 1545 inquit,
1183 1474 1332 1546 quod
1381 1474 1794 1539 desiderarunt,
1834 1481 1889 1526 et
1921 1471 2098 1542 inglu-

517 1572 659 1626 viem
695 1568 1100 1638 impleverunt:
1136 1575 1375 1621 attamen
1401 1564 1746 1636 inexplebilis
1780 1562 2097 1633 cupiditatis

516 1677 709 1733 poenas
734 1659 1127 1731 pependerunt.

592 1776 612 1808 ι
658 1756 851 1810 Adhuc
900 1768 1039 1807 escae
1087 1767 1277 1806 eorum
1336 1760 1495 1805 erant
1549 1749 1602 1803 in
1662 1763 1760 1804 ore
1807 1747 2092 1818 ipsorum,

515 1848 707 1921 I\'sns.
738 1846 830 1919 3t]
879 1845 945 1900 Et
972 1845 1051 1899 ira
1084 1843 1176 1898 Dei
1203 1843 1451 1898 ascendit
1507 1856 1672 1912 super
1710 1855 1828 1907 eos,
1872 1840 2094 1895 etocci-
2129 1823 2168 1877 Β

514 1940 596 1996 dit
635 1942 862 2011 pingues
918 1952 1133 2000 eorum,
1175 1946 1230 1990 et
1263 1935 1469 1990 electos
1517 1932 1683 1988 Israel
1723 1932 2023 2003 impedivit.
2072 1951 2091 1983 ι

515 2032 785 2099 Quoniam
818 2029 989 2091 enim.
1037 2036 1160 2098 post
1189 2026 1548 2096 multiplicem
1579 2024 1975 2095 experientiam
2017 2023 2099 2078 di-

516 2125 654 2179 vina:
674 2123 950 2192 potentias,
974 2136 1082 2174 non
1126 2118 1482 2174 crediderunt
1506 2115 1675 2170 Deum
1705 2114 1922 2186 1156
1941 2129 2102 2184 posse

513 2216 698 2272 cibum
743 2213 1114 2284 suppeditare,
1156 2210 1574 2281 castigationem
1638 2208 1846 2272 intulit,
1898 2210 2102 2263 docens

514 2323 640 2363 eum
671 2316 905 2377 utraque
938 2320 1100 2375 posse
1135 2303 1341 2369 facere,
1373 2310 1428 2357 et
1465 2301 1610 2355 bona
1649 2300 1856 2371 largiri,
1894 2308 1950 2355 et
1980 2314 2096 2370 poe-

516 2416 616 2457 nas
659 2399 930 2470 inlligere.
993 2399 1247 2452 Attamen
1299 2395 1661 2451 nihilominus
1710 2408 1937 2463 peccare
1978 2407 2103 2463 per-

517 2501 800 2549 rexerunt.
841 2490 955 2545 lloc
982 2490 1128 2545 enim
1156 2488 1442 2559 subjnnxit
1483 2506 1496 2541 :

588 2669 756 2727 Vens.
794 2670 884 2735 32,
908 2670 998 2725 33.
1036 2688 1053 2721 ι
1090 2668 1148 2722 In
1188 2666 1446 2723 omnibus
1482 2666 1568 2722 his
1610 2671 1973 2735 peccaverunt
2003 2663 2103 2718 ad-

516 2766 646 2831 huc,
670 2774 854 2819 etnon
888 2761 1245 2818 crediderunt
1281 2759 1334 2813 in
1369 2757 1718 2813 mirabilibus
1740 2755 1883 2826 ejus.
1915 2755 1984 2810 Et
2011 2754 2107 2809 de—

518 2857 767 2912 l‘ecerunt
792 2858 845 2910 in
875 2856 1115 2910 vanitate
1135 2854 1253 2908 dies
1279 2866 1494 2915 eorum,
1522 2858 1577 2906 et
1605 2851 1734 2905 anni
1758 2864 1949 2904 eorum
1976 2863 2103 2903 cum

519 2950 890 3006 festinatione.
931 2969 951 3001 ι
1001 2947 1319 3012 Peccantes,
1353 2945 1552 3017 inquit,
1599 2953 1655 3000 et
1697 2945 2102 3014 delinquentes,

517 3052 572 3100 et
623 3044 824 3098 nullam
864 3058 1052 3097 curam
1108 3051 1359 3111 gerentes
1410 3040 1480 3095 de
1527 3040 1613 3095 his
1674 3054 1796 3108 qua:
1844 3037 2107 3108 prodesse

520 3137 654 3206 ipsis
718 3142 1000 3205 poterant,
1040 3134 1134 3190 sed
1188 3133 1448 3188 inanibus
1501 3131 1903 3200 inutilibusque
1954 3129 2103 3183 curis

521 3228 687 3294 amxi,
718 3237 772 3283 et
808 3228 909 3283 has
946 3244 1071 3282 cum
1103 3228 1252 3281 omni
1287 3226 1470 3281 studio
1492 3233 1899 3296 persequentes.
1937 3238 1966 3276 c
1996 3223 2104 3276 vita

520 3330 899 3375 ρχεοεεετυηι.

592 3499 760 3555 Vens.
800 3501 889 3564 54,
924 3500 1014 3554 35.
1061 3518 1079 3549 ι
1130 3500 1266 3555 Cum
1307 3499 1582 3554 occideret
1620 3514 1735 3563 eos.
1775 3507 1907 3553 tunc
1961 3514 2109 3568 qure-

520 3592 715 3646 rebant
741 3608 890 3652 eum,
933 3601 987 3646 et
1023 3592 1460 3657 revertebantur,
1490 3601 1544 3647 et
1586 3595 1688 3645 sub
1732 3591 1978 3645 diluculo
2020 3606 2110 3646 ve-

523 3683 747 3738 niebant
801 3684 867 3737 ad
923 3699 1071 3737 eum.
1122 3688 1141 3706 '
1178 3682 1244 3738 Et
1286 3684 1555 3739 recordati
1599 3692 1728 3739 sunt
1775 3683 1945 3738 Deum
1988 3698 2111 3739 esse

521 3774 827 3846 adjutorem
860 3790 1074 3841 eorum,
1107 3784 1161 3830 et
1191 3776 1360 3831 Deum
1406 3776 1687 3832 excelsum
1727 3792 1849 3832 esse
1896 3776 2110 3831 redem-

523 3877 736 3940 ptorem
769 3884 981 3925 eorum.
1014 3887 1032 3921 ι
1061 3866 1182 3924 Νοιι
1212 3867 1416 3925 frustra
1442 3868 1577 3939 ipsis
1618 3869 1934 3924 misericors
1965 3867 2109 3924 Dens

522 3963 813 4031 compedes
843 3962 1031 4033 injecit
1062 3986 1072 4018 :
1106 3962 1236 4033 quia
1286 3963 1417 4018 hinc
1452 3977 1560 4018 non
1610 3977 1803 4033 parum
1856 3964 2110 4019 utilitatis

522 4051 911 4123 percipiebant.
947 4050 1083 4106 Nam
1142 4051 1304 4107 bonis
1357 4051 1600 4107 fruentes
1658 4068 1770 4109 non
1826 4054 2109 4109 intellexe-

521 4151 652 4199 runt
685 4158 699 4195 :
736 4142 1022 4213 suppliciis
1057 4157 1185 4198 vero
1213 4142 1414 4209 aﬂ‘ecti,
1446 4143 1689 4200 divinam
1715 4144 2106 4217 benignitatem

521 4233 816 4304 implorare
846 4243 1156 4303 coeperunt.

594 4322 757 4380 Vens.
791 4325 880 4388 36,
917 4325 1005 4379 37.
1049 4344 1067 4376 ι
1108 4326 1174 4380 Et
1211 4324 1523 4382 dilexerunt
1569 4342 1695 4382 eum
1745 4342 1839 4383 ore
1884 4342 2007 4392 suo,
2055 4337 2109 4397 et

524 4413 708 4483 lingua
741 4428 841 4468 sua
871 4414 1083 4471 mentiti
1117 4423 1247 4472 sunt
1291 4417 1363 4472 ei.
1407 4416 1517 4472 Cor
1551 4427 1731 4474 autem
1764 4434 1957 4473 eorum
1995 4431 2105 4473 non

2193 564 2404 633 ήγαγεν
2447 559 2508 611 ἐν
2546 559 2614 628 τῇ
2654 557 2883 627 δυνάμει
2916 554 3087 609 αὑτοῦ
3143 554 3355 609 λί6α⁸⁶.
3385 554 3496 608 Kal
3540 552 3745 624 ἐδρεξεν

2191 657 2283 710 ἐπ’
2314 653 2513 717 αὐτοὺς
2549 652 2684 706 ὡσεὶ
2713 650 2876 723 χνοῦν
2892 652 2938 683 ⁸⁷
2973 652 3186 721 σάρκας
3211 666 3227 684 ο
3271 650 3366 703 xal
3407 649 3536 703 ὡσεὶ
3579 650 3747 719 ἅμμον

2194 746 2506 809 θαλασσῶν,
2530 745 2755 798 πετεινὰ
2783 743 3060 814 πτερωτά.
3093 762 3112 796 ι
3139 741 3241 796 Διὰ
3271 741 3381 812 γὰρ
3406 742 3513 795 τῶν
3547 742 3750 811 ἀνέμων

2196 839 2503 900 συνελάσας
2530 837 2868 906 πανταχόθεν
2890 839 3002 890 τῶν
3023 835 3256 906 ὀρνίθων
3274 834 3496 887 ἐκείνων
3510 834 3569 887 τὸ
3588 834 3747 901 γένος,

2195 930 2538 999 καταπτῆναι
2593 927 2897 999 προσέταξε
2949 927 3102 998 παρὰ
3158 928 3257 990 τὰς
3290 924 3494 979 τούτων
3540 924 3752 996 σκηνὰς,

2197 1023 2503 1089 αὖτόματον
2528 1021 2716 1083 αὐτοῖς
2748 1021 3123 1091 χαρισάμενος
3158 1020 3351 1090 θήραν.

2503 1114 2612 1165 Kal
2651 1111 2846 1164 ἔπεσεν
2884 1112 2931 1143 ⁸⁸
2970 1113 3051 1175 είς
3086 1111 3250 1180 μέσον
3279 1109 3379 1178 τῆς
3421 1108 3757 1181 παρεμϐολῆς

2197 1202 2400 1267 αὐτῶν,
2437 1201 2624 1271 κύκλῳ
2675 1202 2785 1254 τῶν
2821 1204 3203 1271 σκηνωμάτων
3253 1200 3453 1253 αὐτῶν.
3491 1200 3598 1255 Kal
3636 1199 3760 1268 ἐφα-

2196 1312 2293 1363 γον
2324 1294 2419 1348 καὶ
2448 1293 2867 1364 ἐνεπλήσθησαν
2892 1292 3102 1361 σφόδρα
3126 1308 3140 1323 ·
3199 1291 3295 1344 καὶ
3320 1290 3420 1361 τήν
3472 1288 3759 1359 ἐπιθυμίαν

2197 1384 2378 1439 αὐτῶν
2409 1384 2641 1455 ήνεγκεν
2669 1383 2874 1445 αὐτοῖς.
2911 1380 3030 1436 Οὐκ
3057 1381 3437 1451 ἐστερήθησαν
3456 1381 3498 1413 ⁸⁸
3526 1380 3630 1434 ἀπὸ
3670 1379 3761 1450 τῆς

2196 1475 2492 1545 ἐπιθυμίας
2540 1474 2744 1527 αὐτῶν.
2790 1493 2809 1526 ι
2850 1474 3228 1543 Ἀπήὶαυσαν,
3265 1472 3455 1542 φησὶν,
3517 1466 3590 1525 ὧν
3631 1471 3758 1540 ὡρέ-

2197 1568 2429 1638 χθησαν,
2466 1568 2559 1620 καὶ
2616 1567 2714 1635 τὴν
2767 1565 3214 1635 γαστριμαργίαν
3267 1562 3599 1633 ἐνέπλησαν·
3658 1562 3761 1617 ἀλλ’

2197 1660 2346 1729 ὅμιιις
2375 1659 2476 1730 τῆς
2503 1657 2813 1728 ἀπληστίας
2847 1656 3292 1727 είσεπράχθησαν
3323 1655 3501 1719 δίκας.

2279 1772 2296 1803 ι
2332 1752 2457 1805 Ἔτι
2481 1752 2581 1820 τῆς
2616 1750 2873 1821 βρώσεως
2891 1750 2939 1782 °°
2955 1747 3125 1819 οὔσης
3146 1751 3205 1803 ἐν
3228 1748 3305 1819 τῷ
3325 1751 3553 1817 στόματι
3577 1745 3764 1808 αὐτῶν,

2197 1841 2325 1915 [λα’]
2379 1843 2489 1894 Kal
2538 1841 2679 1911 ὀργὴ
2728 1838 2823 1891 τοῦ
2863 1838 2998 1891 Θεοῦ
3031 1837 3202 1908 ἀνέϐη
3262 1837 3351 1889 ἐπ’
3402 1836 3631 1898 αὐτοὺς,
3679 1836 3767 1886 καὶ

2197 1935 2521 1991 ἀπέκτεινεν
2550 1936 2605 1986 ἐν
2632 1936 2743 1995 τοῖς
2779 1932 3083 1984 πλείοσινθί
3119 1930 3322 1995 αὐτῶν,
3359 1930 3454 1983 καὶ
3477 1930 3601 1991 τοὺς
3626 1926 3766 1979 ἐκλε-

2198 2029 2363 2091 κτοὺς
2388 2029 2433 2060 ’³
2472 2026 2567 2080 τοῦ
2613 2025 2834 2095 Ἰσραὴλ
2861 2022 3214 2076 συνεπόδισεν
3236 2022 3304 2075 ’⁸.
3344 2039 3364 2072 ι
3421 2018 3640 2087 Ἐπειδὴ
3669 2016 3768 2085 γὰρ

2200 2123 2397 2192 πεῖραν
2446 2118 2650 2187 πολλὴν
2691 2116 2953 2179 λαϐόντες
2993 2116 3091 2183 τῆς
3140 2114 3291 2174 θείας
3354 2111 3654 2181 δυνάμεως,
3677 2108 3769 2160 οὐκ

2201 2211 2530 2264 ἐπίστευσαν
2587 2206 2850 2261 δύνασθαι
2893 2205 2986 2259 τὸν
3068 2202 3263 2257 Θεὸν⁹⁸
3328 2201 3636 2273 χορηγῆσαι
3679 2197 3770 2267 τήν

2200 2301 2428 2375 τροφὴν,
2465 2301 2557 2355 καὶ
2611 2300 2711 2370 τὴν
2743 2298 2995 2352 παιδείαν
3049 2299 3301 2367 ἐπήγαγε
3330 2296 3401 2358 ⁸³,
3452 2292 3711 2346 διδάσκων
3730 2289 3771 2322 ⁸⁸

2200 2392 2276 2456 ὡς
2297 2390 2586 2462 ἀμφότερα
2609 2391 2786 2443 ποιεῖν
2817 2388 3022 2452 ἱκανὸς,
3055 2387 3151 2440 καὶ
3188 2385 3258 2439 τὰ
3282 2384 3465 2454 ἀγαθὰ
3498 2382 3767 2453 παρέχειν,

2205 2482 2300 2536 καὶ
2332 2482 2432 2545 τὰς
2454 2480 2727 2552 τιμωρίας
2760 2480 3008 2548 ἐπάγειν.
3056 2471 3196 2533 ‘AD.’
3236 2477 3410 2546 ὅμως,
3440 2474 3590 2529 οὐδὲν
3625 2468 3774 2544 ἦττον

2204 2574 2501 2643 ἐπέμειναν
2528 2568 3005 2642 πλημμελοῦντες.
3046 2568 3218 2622 Τοῦτο
3241 2566 3355 2637 γὰρ
3390 2567 3661 2635 ἐπήγαγεν
3685 2578 3699 2591 °

2273 2665 2376 2738 λβ¹,
2409 2663 2511 2734 λγ’.
2550 2682 2570 2716 ι
2631 2664 2720 2716 Ἐν
2748 2663 2885 2715 πᾶσι
2907 2660 3119 2724 τούτοις
3151 2661 3407 2730 ἥμαρτον
3436 2657 3536 2721 ἐτι,
3569 2654 3661 2708 καὶ
3684 2653 3776 2706 οὐκ

2205 2759 2538 2815 ἐπίστευσαν
2563 2760 2622 2812 ἐν
2641 2759 2758 2821 τοῖς
2785 2755 3116 2826 θαυμασίοις
3148 2751 3341 2807 αὑτοῦ.
3393 2750 3502 2804 Kal
3529 2749 3573 2782 θ’
3615 2745 3774 2810 ἐξέλι-

2208 2871 2308 2907 πον
2347 2854 2407 2905 ἐν
2437 2849 2767 2921 ματαιότητι
2823 2849 2877 2901 αἱ
2925 2846 3134 2918 ήμέραι
3174 2842 3391 2897 αὐτῶν
3449 2839 3545 2894 καὶ
3589 2838 3654 2892 τὰ
3691 2836 3775 2905 ἐτη

2208 2944 2391 3000 αὐτῶν
2426 2944 2567 3016 μετὰ
2589 2942 2827 3011 σπουδῆς
2842 2941 2909 2996 ⁸⁸.
2945 2960 2962 2991 ι
3012 2938 3475 3010 Ἀμαρτάνοντες,
3512 2934 3661 3007 φησὶ,
3692 2932 3776 2985 καὶ

2207 3035 2685 3106 πλημμελοῦντες,
2736 3033 2836 3087 καὶ
2886 3032 2995 3086 τῶν
3056 3031 3155 3101 μέν
3204 3029 3441 3099 ὠφελεῖν
3481 3025 3776 3096 δυναμένων

2207 3127 2468 3199 οὐδεμίαν
2498 3125 2815 3197 ποιούμενοι
2835 3125 2879 3157 ⁹⁹
2935 3123 3219 3194 πρόνοιαν,
3265 3122 3386 3186 τοῖς
3436 3120 3496 3174 δέ
3546 3116 3776 3188 ματαίοις

2209 3218 2304 3273 καὶ
2331 3218 2585 3289 ἀκερδέσι
2618 3217 3053 3289 προστετηκότες
3081 3212 3509 3286 ἐπιτηδεύμασι,
3540 3213 3632 3265 καὶ
3654 3206 3776 3279 μετὰ

2210 3311 2391 3381 πάσης
2437 3310 2610 3363 ταῦτα
2663 3308 2944 3380 μετιόντες
2989 3306 3247 3377 σπουδῆς,
3305 3307 3406 3360 τὸν
3471 3305 3584 3376 βίον
3627 3297 3774 3363 ὑπεξ-

2208 3403 2372 3473 ῆλθον
2382 3442 2395 3456 .

2277 3495 2373 3560 λδ’,
2416 3496 2508 3548 λε’.
2543 3515 2560 3545 ι
2601 3492 2803 3547 ’οτ⁹ἂν
2828 3492 3151 3547 ἀπέκτεινεν
3181 3490 3419 3556 αὐτοὺς,
3456 3490 3578 3543 τότε
3607 3484 3776 3554 ἐξεζή-

2270 1111 2429 1180 κη’->.⁹
2438 1152 2451 1166 .

2208 3605 2335 3641 τουν
2354 3588 2369 3618 ¹
2404 3585 2588 3650 αὐτὸν,
2622 3586 2717 3639 καὶ
2743 3584 3104 3656 ἐπέστρεφον,
3128 3584 3225 3637 καὶ
3245 3580 3525 3654 ὥρθριζον
3552 3581 3683 3651 πρὸς
3702 3577 3780 3630 τὸν

2207 3679 2362 3733 Θεόν.
2416 3679 2526 3734 Kal
2581 3677 2936 3750 ἐμνήσθησαν
2974 3678 3057 3731 ὅτι
3105 3678 3134 3730 ό
3165 3674 3299 3739 Θεὸς
3337 3674 3536 3746 βοηθὸς
3580 3668 3779 3727 αὑτῶν’

2207 3774 2344 3836 ἐστι,
2376 3773 2472 3826 καὶ
2501 3774 2529 3825 ὁ
2557 3771 2690 3835 Θεὸς
2719 3772 2749 3824 ό
2781 3770 3007 3841 ὕψιστος
3045 3768 3333 3841 λυτρωτὴς
3377 3768 3562 3821 αὐτῶν
3592 3767 3724 3818 ἐστι.
3760 3778 3777 3810 ι

2209 3865 2284 3920 Οὐ
2318 3865 2496 3936 μάτην
2526 3865 2583 3917 δὲ
2626 3866 2811 3928 αὐτοῖς
2859 3867 2888 3918 ὁ
2937 3864 3327 3937 φιλάνθρωπος
3375 3860 3656 3929 Δεσπότης
3695 3853 3781 3915 τὰς

2209 3959 2415 4023 πέδας³
2447 3960 2766 4030 ἐπήγαγεν·
2807 3957 3080 4027 ὠφέλειαν
3123 3955 3234 4026 γὰρ
3285 3953 3545 4008 ἐντεῦθεν
3582 3950 3641 4005 οὐ
3674 3962 3779 4017 σμι-

2207 4050 2350 4123 κρὰν
2368 4051 2735 4122 ἐκαρποῦντο.
2767 4049 3163 4110 ’Δπολαύοντες
3184 4048 3281 4118 μέν
3302 4048 3417 4119 γὰρ
3433 4046 3542 4098 τῶν
3557 4038 3781 4111 ἀγαθῶν,

2207 4145 2309 4198 οὐκ
2330 4144 2632 4215 ᾐσθάνοντο
2654 4160 2668 4175 ·
2689 4143 3046 4214 κολαζόμενοι
3065 4138 3146 4207 δέ,
3168 4141 3269 4213 τὴν
3300 4138 3459 4193 θείαν
3485 4134 3782 4208 προσῄεσαν

2210 4235 2528 4300 αἱτοῦντεςξ
2562 4235 3001 4308 φιλανθρωπίαν.

2280 4329 2389 4393 λς’.
2422 4329 2519 4392 λζ’.
2556 4346 2575 4380 t
2618 4328 2730 4383 Kal
2768 4327 3102 4397 ήγάπησαν⁸
3149 4323 3313 4379 αὐτὸν
3350 4326 3412 4377 ἐν
3456 4320 3535 4393 τῷ
3573 4318 3784 4388 στόματι

2209 4422 2389 4476 αὐτῶν
2431 4437 2443 4450 ·
2486 4421 2581 4475 καὶ
2641 4422 2705 4491 τῇ
2759 4418 2981 4491 γλώσσῃ
3030 4417 3212 4472 αὐτῶν
3264 4414 3570 4486 ἐψεύσαντο
3626 4405 3781 4476 αὐτῷ·

523 4514 642 4560 erat
682 4516 889 4563 rectum
945 4524 1070 4565 cum
1111 4523 1200 4573 eo,
1237 4524 1338 4565 nec
1362 4507 1550 4564 ﬁdeles
1575 4510 1747 4565 habiti
1785 4519 1914 4565 sunt
1942 4509 1995 4564 in
2025 4518 2103 4565 te-

2223 4515 2290 4568 'H
2336 4515 2390 4568 δέ
2442 4513 2640 4585 καρδία
2662 4512 2844 4567 αὐτῶν
2892 4512 2991 4566 οὐκ
3030 4511 3216 4565 εὐθεῖα
3265 4516 3383 4580 μετ’
3421 4506 3628 4564 αὑτοῦ·
3674 4498 3784 4555 οὐδὲ

525 4606 794 4654 stamento
841 4599 984 4670 ejus.
1029 4621 1049 4654 ι
1109 4602 1285 4656 Porro
1338 4601 1518 4670 ipsum
1576 4601 1804 4673 diligere
1867 4604 2105 4673 sponde-

525 4687 675 4753 bant,
707 4689 856 4748 falsis
896 4692 1247 4748 sermonibus
1281 4701 1518 4749 utentes.
1562 4691 1699 4749 Nam
1741 4709 1898 4750 mens
1929 4695 2112 4751 verbis

2212 4606 2600 4675 ἐπιστώθησαν
2654 4608 2715 4660 ἐν
2786 4608 2855 4678 τῇ
2902 4603 3137 4676 διαθήκῃ
3196 4600 3385 4657 αὐτοῦ.
3462 4620 3482 4653 ›
3555 4592 3784 4665 ’Δγαπᾷν

2210 4698 2269 4754 δὲ
2307 4699 2470 4753 αὑτὸν
2513 4696 2878 4767 ὑπισχνοῦντο
2918 4696 3148 4768 ψευδέσι
3216 4691 3543 4767 χρώμενοι⁶
3595 4687 3781 4754 λόγοις-

1658 4925 1894 4985 νΑιιιΜ
1938 4926 2324 4984 LECTIONES
2362 4927 2449 4981 ET
2490 4926 2725 4981 NOTAE.

592 5097 641 5132 ⁸³
678 5095 907 5164 Ἀπῆρε.
949 5096 1113 5152 Hebr.
1145 5109 1242 5164 πων
1276 5103 1575 5157 concitavit.

1668 5103 1714 5135 ⁸⁸
1746 5103 1867 5158 cod.
1900 5104 1935 5156 2
1963 5102 2103 5156 λίσαι

2202 5103 2246 5135 ⁸⁷
2283 5101 2411 5157 Rec.
2446 5102 2604 5157 lectio
2652 5112 2735 5156 est
2788 5099 2935 5172 χοῦν.
3013 5100 3060 5134 ⁸⁸
3100 5102 3381 5160 Ἔπεσεν.
3442 5101 3573 5157 Rec.
3638 5095 3785 5172 lectip

524 5178 633 5238 li.l.
662 5189 749 5234 est
780 5160 1071 5236 ἐπέπεσον.
1111 5160 1272 5256 Ηίθὶπ.
1305 5170 1419 5244 5m
1449 5196 1497 5240 et
1526 5184 1719 5241 'cadere
1749 5187 1894 5256 fecit,
1913 5187 2103 5256 s.dejei

2224 5184 2432 5256 Symm.
2457 5185 2554 5256 καὶ
2582 5160 2869 5256 ἐπέϐαλεν.
2947 5182 2995 5216 ⁸⁸
3033 5184 3155 5256 0ρκ
3180 5184 3379 5256 camp.
3408 5183 3575 5239 Hebr.
3601 5160 3784 5256 Tj‘thL.‘

521 5263 646 5327 1m:
662 5260 1009 5327 recesserunt,
1041 5267 1088 5327 s.
1135 5254 1480 5327 destiterunt.
1506 5256 1725 5327 Symm.
1750 5254 1866 5310 οὐκ
1897 5254 2235 5327 ἀπεστησαν.

2332 5256 2377 5288 ’θ
2399 5255 2704 5321 Βρώσεως.
2725 5253 2807 5330 _ln
2834 5263 3000 5330 textu
3025 5253 3135 5306 τῶν
3162 5250 3369 5330 0_'_a_ddi
3420 5256 3563 5308 solet
3595 5250 3783 5330 αὐτῶν.

524 5319 907 5396 ξξζζλείοσιν.
944 5320 1039 5396 lta_
1075 5323 1180 5396 leg.
1226 5323 1277 5374 in
1314 5324 1447 5396 edit.
1489 5319 1609 5380 Ald.
1656 5335 1709 5380 et
1762 5326 1975 5396 Compl.
2031 5319 2103 5380 Pr

2202 5319 2490 5396 at__autem
2551 5319 2670 5379 rec.
2725 5324 2905 5396 lectio
2937 5324 3141 5396 πίοσιν.
3192 5322 3352 5396 Hebr.
3421 5322 3779 5396 anim.

527 5391 568 5422 "
593 5388 966 5465 ’βμεκτούᾳ
996 5388 1161 5465 Παῦε-⁷.
1193 5400 1399 5453 ειν-ππ
1418 5394 1653 5462 juvenes.
1730 5397 1778 5427 ⁸³
1804 5388 2103 5450 Συὶθεπόδιι

2202 5413 2232 5449 ·.
2259 5394 2424 5450 Hebr.
2449 5403 2622 5459 vi“)?!
2643 5394 2951 5465 prostravit.
2983 5392 3190 5465 Symm.
3218 5392 3491 5465 ὤκλασεν.
3568 5395 3613 5425 ἰ
3629 5390 3782 5465 pater.

523 5459 645 5514 cod.
669 5460 705 5513 2
729 5476 915 5531 prem.
943 5462 1347 5531 φιλάνθρωπον.

521 5556 595 5570 --
636 5529 855 5585 αὐτῶν.
891 5529 1053 5587 Hebr.

523 5612 724 5668 αὐτῶν.

522 5748 546 5780 ⁸
575 5748 922 5825 Alma-rec.
945 5748 1071 5810 cod.
1095 5756 1133 5809 2
1157 5754 1469 5825 ζητοῦντες.

527 5833 715 5889 praem.
739 5820 815 5874 δέ.

1476 5465 1521 5537 ’.⁸
1550 5465 1860 5537 Ὲπήγαγε.
1898 5466 2021 5537 cod.
2049 5466 2085 5519 2
2122 5467 2415 5537 ἐπήνεγκε.

1159 5534 1528 5601 tconsumpsit
1557 5536 1611 5588 in
1654 5531 1887 5589 vanitate
1912 5535 2025 5590 dies
2071 5551 2103 5589 ei

2205 5531 2274 5589 in.
2308 5531 2526 5605 Aquila.
2572 5535 2682 5588 Kal
2727 5533 3073 5587 συνετέλεσεν
3119 5531 3193 5597 ὡς
3224 5533 3399 5604 ἀτμὸν
3441 5533 3543 5595 τὰς
3588 5531 3784 5603 ήμέρας

635 5612 724 5694 ξῦν.
783 5691 791 5694 _
827 5615 1061 5694 ξξΜετὰ
1098 5613 1597 5694 σίντιξυδῆς..Ηρίὶνἶ
1846 5620 1900 5672 in
1937 5628 2155 5694 terrore.

524 5680 688 5757 lectio
716 5691 797 5757 est
829 5685 1077 5757 ἐζήτουν,
1112 5680 1333 5757 omisso
1354 5680 1499 5743 τότε.
1580 5690 1599 5719 ²
1629 5689 1857 5757 Βοηθὸς
1888 5687 2103 5742 αὐτῶν.

2202 5688 2311 5743 ebr.
2341 5697 2515 5747 mw
2545 5695 2695 5757 petra
2722 5702 2923 5741 eorum.

1603 5759 1624 5789 ⁵
1658 5756 2033 5826 Ἡγέὰπησαν.
2062 5757 2224 5813 Hebr.
2259 5767 2471 5820 τπτηεη
2512 5756 2559 5812 et
2601 5757 2927 5826 pellexerunt
2952 5772 3091 5812 eum.

2518 5466 2565 5498 "
2587 5453 2925 5534 Δίδὰσκων.
2951 5453 3071 5519 cod.
3108 5464 3144 5534 2
3174 5480 3358 5534 praeut.
3388 5464 3505 5534 καί.
3602 5461 3653 5534 7"
3678 5453 3784 5534 ‘Kal

2252 5619 2299 5651 ”
2340 5618 2461 5672 cod.
2502 5617 2539 5671 2
2588 5615 2893 5672 ἐποιοῦντο.
3005 5619 3022 5649 ¹
3079 5618 3216 5671 Τότε
3277 5615 3618 5686 ἐξεζήτουν.
3664 5613 3782 5686 nec.

3018 5686 3038 5718 ⁸
3062 5687 3275 5754 Πέδας.
3320 5681 3446 5742 Cod.
3498 5687 3534 5741 2
3561 5681 3779 5754 πληγάς;

3149 5774 3155 5779 ·
3204 5744 3569 5828 θ’Χρώμενοι.
3606 5744 3718 5811 cod.
3749 5744 3782 5811 2
