4112 6420
425 312 563 381 1493

430 431 908 503 ’Δντεφθέγγετο⁷
967 438 1075 512 γάρ
1137 445 1248 508 τοῖς
1311 446 1492 517 λόγοις

417 525 638 579 ἐναντία
672 532 787 590 τοῖς
820 529 987 593 θείοις
1035 532 1467 608 βουλευόμενοςθ
1503 544 1715 613 νόμοις,
1770 525 1865 600 καλ
1920 567 2008 601 πι-

419 618 636 675 στεύειν
668 625 783 688 τοῖς
817 622 984 690 θείοις
1019 626 1222 695 λογίοις
1246 630 1289 661 ¹⁰
1330 633 1431 687 οὐκ
1483 635 1813 707 ἀνεχόμενος
1837 640 1899 694 ¹¹.

489 707 594 780 λη’.
631 732 649 762 ι
679 713 853 777 Αὐτὸς
873 715 931 769 δέ
961 718 1112 771 ἐστιν
1144 722 1474 794 οἰκτίρμων,
1496 726 1592 780 καὶ
1617 728 1860 784 ίλάσεται
1887 735 2008 795 ταῖς

419 805 723 875 ἁμαρτίαις
753 807 1081 874 αὐτῶν,καὶ
1127 812 1190 865 οὐ
1223 815 1527 889 διαφθερεῖ.
1577 838 1596 871 ‹
1661 820 1800 874 Ἀλλ’
1856 823 2010 893 ὅμως

418 896 604 960 αὐτὸς,
645 900 711 969 τῇ
735 899 916 972 οίκείᾳ
942 901 1232 973 χρώμενος
1256 906 1580 981 άγαθότητι,
1604 911 1705 966 οὐκ
1745 914 2012 985 ἠνέσχετο

420 989 621 1051 αὐτοὺς
656 991 916 1045 παντελεῖ
934 995 1273 1065 παραδοῦναι
1299 999 1497 1073 φθορᾷ.
1538 1020 1558 1053 ι
1599 1004 1712 1058 Καὶ
1747 1005 2014 1075 πληθυνεῖ

420 1079 516 1133 τοῦ
543 1082 889 1153 ἀποστρέψαι
923 1085 1014 1138 τὸν
1045 1086 1217 1157 θυμὸν
1246 1092 1437 1153 αὐτοῦ.
1469 1096 1567 1150 καὶ
1592 1097 1716 1167 οὐχὶ
1746 1097 2011 1152 ἐκκαύσει

425 1174 608 1227 πᾶσαν
636 1173 733 1245 τὴν
763 1174 934 1247 ὀργὴν
971 1177 1160 1232 αὑτοῦ.
1203 1199 1222 1232 ι
1290 1181 1348 1234 Ὀ
1380 1183 1436 1236 δὲ
1461 1184 1760 1259 Σύμμαχος
1803 1187 2008 1253 οὕτως’

428 1265 535 1318 Καὶ
558 1264 655 1318 ἐπὶ
685 1266 847 1321 πολὺ
879 1267 1229 1340 ἀπέστρεψε
1256 1273 1372 1341 τὴν
1416 1277 1608 1346 ὀργὴν
1650 1279 1864 1342 αὐτοῦ,
1908 1281 2011 1337 καί

381 1403 392 1413 .
429 1359 500 1410 οὐ
524 1355 830 1428 διήγειρεν
876 1360 1028 1415 ὅλον
1066 1364 1177 1418 τὸν
1223 1366 1419 1433 θυμὸν
1451 1370 1661 1425 αὑτοῦ.
1709 1373 1822 1427 Οὐκ
1854 1373 2013 1440 ἀξίαν

428 1449 633 1515 αὐτοῖς,
714 1451 871 1520 φησὶ,
938 1453 1049 1507 τῶν
1123 1457 1687 1532 πεπλημμελημένων
1737 1464 2056 1538 τιμωρίαν

431 1542 734 1612 ἐπήγαγεν.

502 1632 599 1690 λθ’.
632 1653 651 1687 ‹
692 1637 804 1690 Καὶ
830 1640 1079 1713 ἐμνήσθη
1107 1642 1188 1696 ὅτι
1212 1645 1347 1716 σάρξ
1363 1646 1508 1714 δείσι,
1541 1649 1760 1722 πνεῦμα
1789 1650 2015 1722 πορευό-

434 1741 616 1795 μενον,
676 1727 774 1779 καὶ
806 1729 907 1781 οὐκ
963 1732 1124 1785 έπιστ

1704 343 1786 404 1N
1840 346 1972 405 PSA
1988 346 2046 407 L.
2090 348 2384 412 LXXVII.

1582 454 1611 506 ὁ
1675 453 1936 527 λογισμὸς
1959 461 2002 522 ⁸,

2122 466 2473 535 repugnabat,
2527 462 2741 535 1157
2790 464 3070 519 contraria
3125 461 3331 519 divinis
3364 464 3576 536 legibus
3607 483 3712 522 vo-

3568 353 3715 418 140i

2110 555 2252 621 lens,
2288 556 2600 626 divinisque
2639 557 2879 614 oraculis
2911 559 3136 613 credere
3175 557 3391 615 nolens.

2183 734 2349 791 Vens.
2380 735 2469 791 58.
2510 755 2528 785 ι
2567 734 2684 805 Ipse
2721 744 2905 790 autem
2937 744 3021 791 est
3051 735 3391 802 misericors,
3433 746 3490 793 et
3516 738 3705 809 propi-

2114 828 2224 883 tius
2273 829 2362 882 tiet
2393 827 2632 898 peccatis
2678 843 2893 891 eorum.
2944 837 2999 883 et
3035 843 3145 882 non
3183 828 3461 898 disperdet
3503 844 3618 885 eos.
3675 849 3701 882 ι

2112 921 2384 977 Cteterum
2425 921 2562 991 ipse,
2617 922 2834 991 prepria
2884 920 3219 990 benignitate
3241 920 3473 985 ductus,
3529 921 3709 975 uoluit

2113 1012 2267 1082 ipsos
2293 1012 2510 1083 penitus
2541 1013 2878 1067 interimere.
2909 1033 2927 1063 ‹
2967 1010 3032 1068 Ει
3059 1012 3378 1079 abundabit,
3410 1024 3467 1068 ut
3491 1021 3703 1068 avertat

2116 1103 2252 1157 iram
2285 1119 2469 1167 suam,
2499 1112 2555 1159 ct
2586 1118 2691 1159 non
2726 1105 2988 1159 accendet
3035 1119 3251 1159 onmem
3286 1103 3423 1158 iram
3456 1119 3634 1159 suam.
3674 1123 3695 1156 ι

2045 1243 2048 1247 .
2117 1192 2481 1264 Symmachus
2514 1202 2698 1248 autem
2732 1193 2814 1249 sic
2850 1212 2863 1247 :
2908 1192 2976 1246 Et
3002 1210 3311 1266 magnopere
3342 1195 3533 1248 avertit
3563 1196 3698 1248 iram

2114 1301 2290 1349 suam,
2323 1294 2372 1340 et
2418 1293 2582 1339 totam
2614 1302 2768 1339 ruant
2811 1285 2949 1339 iram
2991 1302 3095 1340 non
3134 1287 3405 1341 excitavit.
3448 1285 3701 1349 Minime,

2103 1354 2316 1447 inquit,
2357 1376 2583 1449 dignam
2612 1375 2748 1447 ipsis
2777 1385 3125 1447 peccatorum
3156 1391 3372 1447 patriam
3407 1376 3643 1433 inﬂixit-

2190 1665 2358 1722 Vsus.
2380 1664 2468 1722 59.
2503 1685 2522 1719 ι
2564 1664 2631 1721 Ει
2664 1665 2988 1722 recordatus
3022 1678 3108 1722 est
3144 1681 3368 1723 carnem
3394 1680 3518 1722 esse
3556 1665 3717 1730 illos,

1133 1733 1314 1803 ρέφον.
1388 1756 1407 1789 ι
1468 1737 1624 1810 ᾜδει
1667 1740 1779 1812 γάρ
1833 1740 2014 1795 αὐτῶν

2122 1758 2375 1830 spiritum
2401 1759 2497 1830 qui
2531 1758 2700 1826 vadit,
2724 1769 2779 1814 et
2818 1774 2927 1814 non
2963 1758 3125 1813 redit.
3161 1777 3180 1811 ι
3216 1756 3352 1813 Nam
3386 1772 3576 1813 eorum
3608 1771 3707 1809 na-

429 1819 530 1888 τῆς
559 1817 777 1886 φύσεως
808 1820 909 1890 τὴν
940 1823 1225 1879 ἀσθένειαν
1245 1843 1259 1856 ο
1307 1828 1402 1882 καὶ
1432 1830 1515 1883 ὅτι
1550 1832 1651 1886 οὐκ
1684 1835 1763 1898 είς
1796 1835 2015 1908 μακρὰν

2123 1817 2260 1907 tum
2283 1817 2717 1908 imbecillitatem
2752 1851 2923 1917 novit,
2960 1860 3015 1907 et
3043 1851 3200 1906 brevi
3251 1851 3414 1907 linem
3457 1850 3577 1905 vita:
3608 1864 3707 1904 eos

431 1909 676 1976 δέξονται
708 1912 804 1967 τοῦ
841 1914 956 1985 βίου
978 1916 1041 1969 τὸ
1061 1917 1239 1986 πέρας
1260 1920 1326 1974 ¹².

509 2004 583 2074 μ’,
648 2012 761 2076 μα’.
804 2025 824 2058 ι
865 2010 1111 2075 Ποσάκις
1161 2014 1587 2086 παρεπίκραναν
1634 2018 1799 2072 αὑτὸν
1845 2022 1903 2073 ὲν
1949 2023 2017 2093 τῇ

431 2101 626 2172 ἐρήμῳ
647 2118 660 2132 ·
696 2105 1060 2175 παρὼργισαν
1090 2108 1252 2162 αὐτὸν
1283 2111 1342 2164 ἐν
1388 2114 1460 2182 γῇ
1509 2113 1750 2186 ἀνύδρῳ.
1779 2115 1890 2169 Καὶ
1919 2117 2021 2170 ἐπ-

432 2194 721 2265 έστρεψαν.
770 2198 864 2251 καὶ
908 2200 1211 2271 ἐπείρασαν
1239 2203 1332 2257 τὸν
1380 2205 1539 2271 Θεὸν,
1594 2209 1689 2261 καὶ
1728 2209 1823 2262 τὸν
1860 2208 2017 2277 ἅγιον

432 2284 525 2338 τοῦ
566 2285 781 2359 Ἰσραὴλ
828 2290 1157 2359 παρώξυναν
1184 2294 1246 2348 ¹³.
1292 2314 1310 2346 ι
1348 2296 1445 2350 Διὰ
1497 2297 1706 2352 τούτων
1761 2300 2019 2355 ἁπάντων

432 2377 529 2448 τήν
563 2378 715 2434 θείαν
736 2381 977 2437 διδάσκει
1044 2387 1448 2459 μακροθυμίαν.
1499 2392 1919 2466 Ἀκριϐέστερον
1961 2395 2018 2449 δὲ

429 2470 885 2527 τούτωνέκαστον
912 2477 977 2529 ὲκ
1003 2477 1102 2547 τῆς
1134 2480 1376 2552 ἱστορίας
1407 2484 1751 2553 καταμαθεῖν
1769 2485 2011 2541 δυνατόν.

433 2561 571 2613 ιιοτε
605 2561 706 2631 μὲν
740 2563 849 2634 γάρ
896 2565 1051 2618 rev"
1098 2569 1299 2640 μόσχον
1339 2572 1700 2645 ὲθεοποίησαν
1727 2591 1740 2605 ·
1787 2577 1914 2631 ποτὲ
1960 2578 2017 2631 δὲ

431 2653 509 2723 τῷ
542 2650 865 2727 Βεελφεγὼρ
901 2657 1285 2731 ὲτελέσθησαν.
1340 2663 1566 2718 Ἀλλοτε
1600 2665 1699 2737 τὴν
1730 2667 1870 2722 κατὰ
1918 2668 2015 2722 τοῦ

438 2744 677 2812 μεγάλου
731 2746 936 2800 Μωσοῦ
989 2750 1334 2822 ἐμελέτησαν
1384 2756 1717 2824 τυραννίδα·
1761 2759 1862 2827 τῆς
1916 2758 2014 2812 τοῦ

439 2836 618 2904 μάννα
644 2838 853 2908 τροφῆς
907 2841 1294 2909 ἀπολαύοντες,
1338 2848 1720 2919 ήχαρίστηςαν
1747 2868 1759 2882 ·
1804 2852 2014 2905 ἀπολα-

436 2930 550 2985 ϐεῖν
595 2932 692 3004 τὴν
729 2938 1149 3010 ἐπηγγελμένην
1190 2942 1576 3008 κελευσθέντες
1630 2946 1757 3016 γῆν,
1803 2948 1861 3001 τὸ
1896 2947 2017 3013 δέος

435 3027 837 3095 προύϐάλλοντο
861 3045 875 3059 ο
905 3031 996 3083 καὶ
1019 3031 1155 3085 ἄλλα
1207 3033 1379 3104 μυρία
1411 3034 1548 3107 πρὸς
1570 3036 1778 3101 τούτοις
1829 3040 2017 3110 είργά-

2119 1951 2443 2013 accepturos
2466 1958 2609 2000 esse.

2192 2032 2358 2092 Vens.
2390 2034 2483 2101 ιο,
2513 2034 2604 2089 41.
2651 2053 2670 2087 ι
2709 2034 2941 2102 Quoties
2978 2033 3441 2091 exacerbaverunt
3478 2048 3601 2089 eum
3649 2033 3707 2087 in

2120 2126 2359 2191 deserto,
2407 2125 2474 2181 ad
2517 2127 2655 2181 iram
2688 2126 3056 2182 incitaverunt
3088 2142 3215 2181 eum
3250 2126 3305 2181 iu
3351 2135 3499 2182 terra
3534 2125 3704 2179 sicca.

2122 2217 2189 2274 Et
2210 2219 2460 2273 conversi
2494 2230 2643 2284 sunt,
2667 2227 2722 2274 et
2751 2226 3097 2275 teutaveruut
3131 2217 3323 2283 Deum,
3365 2224 3421 2272 et
3440 2215 3702 2271 Sanctum

2121 2309 2341 2367 lsraelis
2363 2312 2854 2367 exacerbaverunt.
2896 2332 2916 2365 ι
2946 2311 3049 2366 Per
3076 2310 3193 2367 haec
3237 2308 3423 2365 omnia
3450 2306 3705 2379 longani-

2122 2404 2364 2459 mitatem
2390 2403 2482 2458 Dei
2505 2404 2684 2459 docet.
2709 2401 3038 2460 Aecuratius
3059 2413 3244 2458 autem
3273 2400 3708 2471 unumquodque

2120 2508 2311 2549 eorum
2358 2507 2426 2547 ex
2472 2492 2701 2547 historia
2762 2493 2897 2547 disci
2957 2502 3160 2563 potest.
3217 2490 3355 2547 Nam
3409 2491 3709 2563 aliquando

2119 2586 2340 2657 quidem
2389 2585 2620 2640 vitulum
2683 2587 2846 2642 deum
2914 2587 3187 2653 fecerunt,
3231 2585 3528 2657 aliquando
3579 2601 3710 2641 vero

2120 2679 2491 2750 Beelpbegoro
2514 2679 2709 2735 initiati
2735 2689 2864 2735 sunt
2885 2691 2945 2747 ος
2973 2680 3115 2736 alias
3145 2679 3488 2752 tyrannidem
3513 2686 3708 2734 contra

2119 2788 2379 2841 magnum
2415 2772 2598 2827 Mosen
2638 2772 2882 2828 meditati
2913 2781 3062 2838 sunt,
3089 2780 3144 2827 et
3175 2787 3301 2827 eum
3335 2784 3537 2826 manna
3575 2785 3713 2825 con-

2120 2864 2294 2921 secuti
2328 2872 2537 2927 essent,
2577 2864 2777 2935 ingrati
2811 2863 3069 2932 fuerunt;
3109 2873 3164 2918 et
3192 2879 3317 2919 cum
3343 2861 3484 2934 jussi
3526 2869 3715 2917 essent

2121 2956 2447 3027 promissam
2493 2966 2693 3010 terram
2728 2956 2996 3026 accipere,
3043 2952 3300 3009 timorem
3335 2952 3715 3024 objiciebant,

2120 3057 2175 3103 et
2227 3056 2420 3117 praeter
2462 3046 2590 3102 llaec
2639 3046 3061 3101 innumerabilia
3118 3046 3223 3100 alia
3274 3043 3544 3108 fecerunt,
3588 3059 3714 3114 quae

437 3133 618 3181 σαντο,
656 3121 803 3192 άπερ
854 3122 1120 3193 μηκύνειν
1172 3126 1272 3180 οὑκ
1318 3126 1599 3194 ἐθέλοντες
1644 3130 1739 3184 τὸν
1790 3130 1948 3201 λόγον
1971 3134 2014 3167 ¹⁵

2126 3142 2466 3208 omittemus,
2505 3155 2573 3196 ne
2603 3140 2755 3212 justo
2795 3140 3074 3210 longiores
3104 3139 3299 3196 simus.

439 3206 866 3278 παραλείψομεν.

509 3296 617 3367 μβ’.
653 3316 672 3348 ι
714 3300 826 3353 Οὐκ
858 3300 1212 3373 ἐμνήσθησαν
1241 3304 1340 3374 τῆς
1360 3307 1542 3379 χειρὸς
1584 3308 1750 3362 αὐτοῦ
1804 3310 2019 3382 ἡμέρας

432 3382 504 3458 ἦς
524 3388 874 3461 ὲλντρώσατο
901 3392 1100 3457 αὐτοὺς
1159 3397 1224 3448 ἐκ
1273 3397 1455 3469 χειρὸς
1499 3398 1796 3465 θλίϐοντος,
1843 3419 1860 3451 ι
1907 3402 2020 3455 Οὐκ

436 3478 812 3552 ἐϐουλήθησαν
836 3483 1024 3538 λαϐεῖν
1050 3489 1131 3547 είς
1162 3487 1405 3558 διάνοιαν
1427 3491 1525 3555 τὰς
1554 3492 1831 3563 προτέρας
1864 3495 2020 3566 εὐερ-

438 3572 649 3638 γεσίας,
684 3573 807 3626 οὐδὲ
830 3574 1160 3643 λογίσασθαι
1190 3579 1287 3632 τοῦ
1332 3580 1469 3634 Θεοῦ
1498 3583 1598 3651 τὴν
1638 3586 1813 3654 ἰσχὺν,
1855 3585 1921 3639 δι’
1954 3582 2023 3658 ἦς

439 3661 841 3734 ἀπηλλάγησαν
870 3667 969 3737 τῆς
994 3669 1310 3737 Αἰγυπτίων
1334 3672 1600 3737 δουλείας.
1633 3671 1768 3729 Εἶτα
1798 3676 2023 3742 διέξεισι

438 3752 540 3817 τὰς
572 3757 690 3809 ἐκεῖ
714 3758 1089 3829 γεγενημένας
1130 3760 1599 3833 θαυματουργίας.

513 3852 626 3915 μγ’.
663 3865 681 3896 σ
737 3848 826 3911 Ὠς
857 3850 899 3881 ¹⁶
929 3848 1081 3903 ἔθετο
1102 3851 1161 3903 ὲν
1208 3854 1470 3924 Αἰγύπτῳ
1500 3856 1569 3910 τά
1607 3859 1811 3929 σημεῖα
1835 3859 2023 3924 αὑτοῦ,

442 3938 537 3992 καὶ
570 3937 637 3991 τὰ
659 3939 863 4010 τέρατα
891 3943 1055 3998 αὐτοῦ
1090 3947 1149 3999 ὲν
1182 3945 1351 4018 πεδίῳ
1385 3948 1624 4013 Τάνεως.
1662 3969 1680 4001 ι
1752 3951 1816 4003 Ἦ
1854 3951 2028 4018 Τάνις

441 4020 558 4097 εἶχε
574 4027 668 4082 τοῦ
695 4030 896 4102 Φαραὼ
918 4033 985 4087 τά
1009 4034 1281 4105 βασίλεια.
1324 4037 1472 4090 Ἐκεῖ
1498 4038 1556 4091 δὲ
1575 4041 1689 4102 τοῖς
1705 4041 2025 4107 Αἰγυπτίοις

439 4118 540 4182 τὰς
568 4122 841 4192 τιμωρίας
863 4124 893 4176 ὁ
926 4124 1103 4194 μέγας
1133 4128 1384 4198 ἐπήγαγε
1405 4129 1635 4200 Μωσῆς.

517 4208 622 4279 μδ’.
655 4229 674 4261 ι
714 4213 823 4265 Καὶ
856 4215 1230 4287 μετέστρεψεν
1263 4220 1345 4281 είς
1383 4212 1524 4289 αἷμα
1572 4222 1699 4283 τοὺς
1726 4222 2028 4292 ’ποταμοὺς

445 4299 645 4366 αὐτῶν,
667 4304 761 4357 καὶ
780 4306 849 4358 τά
882 4307 1062 4378 ὀμϐρή
1073 4310 1275 4377 ματα¹⁷
1291 4311 1494 4376 αὐτῶν,
1515 4313 1662 4377 ὅπως
1678 4314 1754 4386 μὴ
1774 4316 1990 4372 πίωσιν.
2004 4336 2023 4369 ι

443 4396 669 4468 Πρῶτον
711 4397 809 4468 μὲν
861 4399 970 4470 γάρ
1023 4400 1085 4453 οὐ
1140 4399 1211 4454 τὰ
1256 4403 1568 4474 ποτάμιαίδ
1625 4404 1787 4476 μόνον
1836 4405 2027 4474 ὕδατα,

2207 3315 2370 3371 Vens.
2426 3314 2515 3370 42.
2566 3334 2585 3367 ι
2629 3312 2748 3370 Νοη
2801 3323 2931 3369 sunt
2996 3313 3267 3369 recordati
3335 3325 3534 3367 manus
3592 3306 3715 3380 eius

2134 3406 2349 3479 1158
2382 3406 2470 3461 die
2504 3422 2613 3475 quo
2647 3407 2879 3461 redemit
2908 3420 3004 3459 eos
3043 3420 3073 3458 e
3106 3386 3273 3458 manu
3313 3399 3649 3458 tribulantis.
3690 3419 3710 3452 ι

2129 3500 2438 3556 Noluerunt
2474 3499 2528 3554 in
2572 3499 2891 3554 memoriam
2945 3512 3205 3553 revocare
3239 3495 3471 3568 pristina
3512 3493 3719 3549 beneﬁ-

2132 3596 2238 3657 cia,
2261 3609 2439 3665 neque
2457 3594 2553 3650 Dei
2583 3594 2599 3612 ‘
2618 3590 3000 3648 fortitudinem
3023 3590 3396 3655 considerare,
3423 3602 3522 3660 per
3548 3601 3718 3657 quam

2132 3687 2201 3743 ab
2233 3685 2617 3759 Egyptiorum
2662 3684 2923 3740 servitute
2962 3680 3179 3735 liberati
3225 3678 3468 3735 fuerunt.
3512 3675 3719 3732 Deinde

2133 3778 2423 3842 miracula,
2464 3792 2587 3845 qua:
2618 3774 2693 3829 ibi
2733 3774 2879 3828 edita
2911 3772 3085 3836 fuere,
3111 3770 3403 3840 percurrit.

2206 3869 2374 3925 Vens.
2398 3869 2489 3923 43.
2538 3886 2557 3919 ι
2592 3868 2744 3923 Sicut
2774 3863 2959 3935 posuit
2990 3862 3043 3917 in
3068 3861 3302 3932 Egypto
3336 3858 3490 3928 signa
3518 3873 3641 3923 sua,
3665 3866 3721 3913 et

2134 3961 2379 4035 prodigia
2413 3975 2513 4016 sua
2547 3959 2600 4014 in
2633 3971 2829 4026 campo
2875 3952 3112 4008 Tant-0s.
3148 3969 3166 4004 ι
3213 3951 3377 4005 Tunis
3414 3949 3720 4005 Pharaonis

2136 4056 2341 4124 regiam
2400 4053 2686 4108 habebat:
2731 4048 2806 4104 ibi
2849 4062 2980 4104 vero
3024 4060 3217 4118 poenas
3262 4059 3496 4116 magnus
3542 4040 3722 4104 Moses

2136 4145 2410 4216 Egyptiis
2440 4141 2722 4213 irrogavit.

2208 4234 2378 4291 Vsus.
2413 4234 2502 4289 44.
2559 4250 2577 4283 ι
2608 4232 2676 4286 Ει
2721 4228 2992 4285 convertit
3033 4228 3088 4282 in
3137 4225 3460 4297 sanguinem
3499 4220 3723 4276 ﬂumina

2138 4344 2351 4392 eorum,
2391 4335 2446 4381 et
2489 4324 2696 4379 imbres
2725 4336 2916 4376 eorum
2952 4334 3022 4375 ne
3050 4320 3320 4374 biberent.
3352 4334 3371 4367 ι
3421 4314 3554 4369 Nam
3608 4315 3726 4384 pri-

2141 4436 2290 4475 mum
2343 4418 2564 4488 quidem
2620 4429 2727 4468 non
2761 4412 2927 4467 modo
2966 4410 3261 4465 ﬂuviatiles
3299 4421 3493 4478 aquas,
3532 4419 3724 4460 verum

442 4486 582 4542 ἀλλὰ
620 4489 715 4543 καὶ
745 4491 814 4545 τά
850 4492 908 4557 ἐξ
943 4491 1117 4545 ὑετῶν
1169 4495 1541 4566 συνιστάμενα
1593 4497 1893 4567 μετέϐαλεν
1951 4502 2019 4564 είς

2134 4514 2299 4570 etiam
2331 4486 2454 4582 quae
2505 4507 2706 4579 pluviis
2752 4504 3111 4573 colliguntur,
3145 4503 3200 4557 in
3238 4497 3527 4571 sanguinis
3560 4509 3729 4553 natus

443 4579 678 4650 αίματος
731 4582 915 4650 φύσιν,
984 4583 1061 4655 τῷ
1122 4584 1331 4654 δίψειη
1370 4587 1574 4651 πιέζων
1622 4590 1750 4654 τοὺς
1814 4590 2031 4646 ἀντιλέ-

443 4688 661 4742 γοντας.

520 4771 622 4833 με’,
658 4763 772 4835 μς·’.
805 4784 825 4816 ‹
878 4764 1294 4832 Ἐξαπέστειλεν
1333 4771 1416 4833 εἰς
1442 4769 1642 4834 αὐτοὺς
1685 4772 1990 4843 κυνόμυιαν
2017 4815 2031 4841 ,

2137 4621 2254 4661 ram
2291 4601 2578 4666 convertit,
2614 4598 3052 4654 contradicentes
3081 4594 3171 4649 siti
3198 4607 3475 4664 premens.

2209 4781 2374 4836 Vens.
2418 4780 2509 4846 45,
2541 4779 2632 4834 46.
2677 4798 2695 4831 ι
2741 4777 2887 4833 Misit
2920 4777 2975 4831 in
3011 4791 3108 4831 eos
3138 4774 3510 4847 cynomyiam,
3551 4781 3605 4829 et
3632 4786 3729 4827 co-

447 4856 540 4907 καὶ
568 4858 883 4928 κατέφαγεν
905 4860 1128 4925 αὐτοὺς,
1160 4863 1256 4915 καὶ
1305 4861 1604 4933 βάτραχον,
1641 4863 1737 4917 καὶ
1791 4864 2019 4935 διέφθει‹

2143 4875 2312 4930 medit
2342 4889 2460 4937 eos,
2509 4886 2723 4936 ranam,
2755 4879 2811 4925 et
2839 4867 3162 4937 disperdidit
3190 4881 3308 4922 eos.
3353 4864 3422 4919 Et
3451 4864 3599 4919 dedit
3631 4878 3728 4916 ru-

451 4961 542 5017 ρεν
564 4949 783 5015 αὐτούς.
808 4951 921 5005 Καὶ
947 4951 1117 5006 ἔδωκε
1149 4956 1218 5025 τῇ
1255 4955 1490 5028 ἐρυσιϐῃ
1501 4956 1548 4988 ὀ
1570 4955 1696 5019 τοὺς
1720 4958 2027 5027 καρποὺς¹¹

447 5039 646 5107 αὐτῶν,
676 5043 929 5109 καὶτοὺς
978 5046 1177 5111 πόνους
1228 5047 1412 5102 αὐτῶν
1450 5050 1519 5119 τῇ
1547 5047 1751 5121 ἀκρίδι.
1793 5069 1811 5101 ι
1858 5052 2030 5105 Κυνο-

527 5194 549 5221 °
576 5196 750 5254 Exod.
775 5215 957 5269 xxxu;
986 5198 1150 5258 Num.
1197 5215 1338 5269 xxv;
1367 5201 1513 5259 Psal.
1550 5218 1659 5267 ενι,
1694 5203 1782 5261 Ξ8.

2141 4965 2314 5035 bigiui
2351 4964 2561 5018 fructus
2590 4976 2805 5025 eorum,
2865 4968 2919 5014 et
2958 4959 3176 5014 labores
3206 4969 3397 5011 eorum
3428 4956 3671 5009 locustae.
3704 4970 3724 5003 ι

2141 5055 2441 5127 Cyuomyia
2469 5062 2649 5110 autem
2670 5062 2725 5109 et
2754 5052 2901 5108 ranis
2921 5052 3015 5106 ira}
3040 5049 3313 5106 ministris
3337 5043 3733 5112 usus,acerbos

1554 5362 1791 5419 VARUS
1833 5361 2217 5419 LECTIONES
2253 5361 2341 5416 ET
2381 5360 2617 5416 ΝΟΤᾸΞ.

558 5500 580 5532 "
601 5499 746 5576 _cod.
776 5499 812 5554 2
838 5500 1297 5576 ἀντεφθέγγοντο.
1359 5505 1395 5576 7⁸
1425 5505 1550 5561 cod.
1582 5504 1617 5559 2
1641 5506 1690 5558 οἱ
1713 5504 1996 5576 λογισμοί.

450 5569 795 5641 ἀνεχόμενοι.
873 5573 915 5603 ¹¹¹
946 5569 1154 5641 Πέρας.
1187 5575 1308 5629 cod.
1341 5575 1377 5628 2
1405 5576 1580 5638 τέλος.

454 5640 585 5696 bere
621 5640 927 5696 voluerunt.

1687 5545 1690 5556 .
1724 5504 1996 5576 λογισμοί.

1687 5574 1730 5607 ⁸⁸
1770 5574 1980 5643 Παρωξ
1989 5614 2001 5628 .

2153 5502 2275 5558 cod.
2309 5503 2346 5556 2
2390 5502 2795 5572 βουλευόμενοι.
2879 5502 2920 5534 ¹⁰
2944 5502 3067 5556 cod.
3102 5502 3138 5553 2
3165 5502 3365 5567 λόγοις.
3468 5502 3507 5530 ιι
3540 5502 3661 5551 cod.
3700 5502 3734 5549 ’Ξ

2122 5575 2202 5628 br.
2226 5583 2353 5633 m1
2386 5573 2659 5643 limitibus
2680 5573 3232 5643 circumscripserunt,
3252 5584 3323 5643 _s.
3366 5567 3734 5643 circumscri-

1005 5636 1048 5674 α
1087 5636 1195 5697 Τὸν
1222 5674 1295 5687 —
1317 5646 1463 5699 ποτὲ
1500 5636 1587 5698 δέ.
1622 5643 1746 5698 Des.
1782 5636 1987 5699 iu'cod.

2162 5645 2204 5676 ιυ
2242 5642 2359 5698 Τὸν
2397 5642 2603 5712 λόγον.
2635 5641 2761 5698 Des.
2793 5642 2846 5697 in
2879 5636 3000 5695 cod.
3039 5642 3095 5694 ε.
3173 5640 3216 5670 ιο
3252 5638 3369 5704 Ὧς.
3400 5636 3563 5690 llebr.
3598 5636 3736 5696 wn

2390 5500 2795 5572 βουλευόμενοι.
2879 5502 2920 5534 ¹⁰
2944 5500 3067 5556 end.
3102 5498 3138 5553 2
3165 5498 3365 5567 λόγοις.
3401 5568 3412 5572 _
3468 5498 3507 5530 “
3540 5496 3661 5551 cod.
3686 5496 3741 5572 β

452 5742 576 5797 quo.
611 5741 691 5780 se.
727 5725 833 5781 die.
915 5725 955 5759 ”
994 5726 1071 5782 Τὰ
1098 5729 1265 5797 ὀμϐρ.
1298 5726 1462 5784 Hebr.
1506 5713 1749 5788 amb“:
1789 5730 1990 5799 ﬂuenta

2122 5746 2227 5783 um.
2266 5727 2477 5799 Symm.
2506 5726 2575 5779 τὰ
2612 5725 2805 5797 ῥεῖθρα
2833 5724 3033 5778 αὐτῶν.
3115 5722 3157 5755 ¹⁸
3185 5724 3307 5777 cod.
3337 5722 3373 5776 2
3403 5722 3729 5791 ποταμιαῖα.

459 5809 506 5845 ¹⁹
539 5811 661 5867 cod.
702 5811 737 5865 ‘2
767 5813 830 5884 τῇ
861 5811 1009 5883 δίψῃ.
1088 5814 1132 5845 ²⁰
1172 5812 1248 5881 Τῇ
1276 5814 1547 5882 ἐμισίϐει.
1580 5813 1742 5868 Hebr.
1778 5797 1949 5873 530:1“)
1973 5811 2188 5867 brucho.

2284 5812 2325 5842 ³⁸
2356 5808 2485 5865 Rcc.
2513 5809 2671 5863 lectio
2705 5809 2758 5861 Ι).
2788 5809 2823 5862 Ι.
2874 5816 2958 5862 est
2988 5807 3078 5862 τὸν
3117 5806 3350 5878 καρπόν.
