  <div class='ocr_page' id='page_1' title='image "/cluster/home/n/w/nwhite01/storage/ocr_20150623/80:no.1/coo.31924054869817/756.png"; bbox 0 0 4112 6424; ppageno 0'>
   <div class='ocr_carea' id='block_1_1' title="bbox 329 333 471 399">
    <p class='ocr_par' dir='ltr' id='par_1_1' title="bbox 329 333 471 399">
     <span class='ocr_line' id='line_1_1' title="bbox 329 333 471 399; baseline -0.042 0"><span class='ocrx_word' id='word_1_1' title='bbox 329 333 471 399; x_wconf 69' lang='lat' dir='ltr'><strong>illi?</strong></span> 
     </span>
    </p>
   </div>
   <div class='ocr_carea' id='block_1_2' title="bbox 1638 331 2304 396">
    <p class='ocr_par' dir='ltr' id='par_1_2' title="bbox 1638 331 2304 396">
     <span class='ocr_line' id='line_1_2' title="bbox 1638 331 2304 396; baseline 0.002 -5"><span class='ocrx_word' id='word_1_2' title='bbox 1638 331 1716 392; x_wconf 86' lang='lat' dir='ltr'><strong>IN</strong></span> <span class='ocrx_word' id='word_1_3' title='bbox 1752 333 1962 396; x_wconf 86' lang='lat' dir='ltr'>PSAL.</span> <span class='ocrx_word' id='word_1_4' title='bbox 2019 331 2304 396; x_wconf 81' lang='lat' dir='ltr'><strong>LXXVII.</strong></span> 
     </span>
    </p>
   </div>
   <div class='ocr_carea' id='block_1_3' title="bbox 3457 327 3598 394">
    <p class='ocr_par' dir='ltr' id='par_1_3' title="bbox 3457 327 3598 394">
     <span class='ocr_line' id='line_1_3' title="bbox 3457 327 3598 394; baseline 0 -3"><span class='ocrx_word' id='word_1_5' title='bbox 3457 327 3598 394; x_wconf 68' lang='grc'><strong>1498</strong></span> 
     </span>
    </p>
   </div>
   <div class='ocr_carea' id='block_1_4' title="bbox 317 439 1930 518">
    <p class='ocr_par' dir='ltr' id='par_1_4' title="bbox 317 439 1901 517">
     <span class='ocr_line' id='line_1_4' title="bbox 317 439 1901 517; baseline -0.001 -16"><span class='ocrx_word' id='word_1_6' title='bbox 317 449 568 517; x_wconf 74' lang='grc' dir='ltr'>ἐγένετο·</span> <span class='ocrx_word' id='word_1_7' title='bbox 601 445 802 499; x_wconf 84' lang='grc' dir='ltr'>ἐκεῖνοι</span> <span class='ocrx_word' id='word_1_8' title='bbox 833 442 888 496; x_wconf 82' lang='grc' dir='ltr'>δὲ</span> <span class='ocrx_word' id='word_1_9' title='bbox 934 444 1001 515; x_wconf 78' lang='grc' dir='ltr'>τῇ</span> <span class='ocrx_word' id='word_1_10' title='bbox 1033 439 1258 512; x_wconf 80' lang='grc' dir='ltr'>δυνάμει</span> <span class='ocrx_word' id='word_1_11' title='bbox 1291 443 1385 496; x_wconf 82' lang='grc' dir='ltr'>τοῦ</span> <span class='ocrx_word' id='word_1_12' title='bbox 1433 442 1569 498; x_wconf 83' lang='grc' dir='ltr'><strong>Θεοῦ</strong></span> <span class='ocrx_word' id='word_1_13' title='bbox 1613 444 1901 517; x_wconf 73' lang='grc' dir='ltr'>θαρρετνιο</span> 
     </span>
    </p>
   </div>
   <div class='ocr_carea' id='block_1_5' title="bbox 2033 439 3592 518">
    <p class='ocr_par' dir='ltr' id='par_1_5' title="bbox 2033 445 3592 518">
     <span class='ocr_line' id='line_1_5' title="bbox 2033 445 3592 518; baseline 0 -16"><span class='ocrx_word' id='word_1_14' title='bbox 2033 459 2192 504; x_wconf 66' lang='lat' dir='ltr'><strong>intem</strong></span> <span class='ocrx_word' id='word_1_15' title='bbox 2224 451 2278 504; x_wconf 89' lang='lat' dir='ltr'><strong>in</strong></span> <span class='ocrx_word' id='word_1_16' title='bbox 2306 447 2491 504; x_wconf 85' lang='lat' dir='ltr'><strong>divina</strong></span> <span class='ocrx_word' id='word_1_17' title='bbox 2514 447 2756 518; x_wconf 88' lang='lat' dir='ltr'><strong>potentia</strong></span> <span class='ocrx_word' id='word_1_18' title='bbox 2789 445 3066 502; x_wconf 80' lang='lat' dir='ltr'><strong>conﬁdere</strong></span> <span class='ocrx_word' id='word_1_19' title='bbox 3106 445 3420 502; x_wconf 89' lang='lat' dir='ltr'><strong>noluerunt.</strong></span> <span class='ocrx_word' id='word_1_20' title='bbox 3467 466 3486 500; x_wconf 76' lang='grc' dir='ltr'><strong>ι</strong></span> <span class='ocrx_word' id='word_1_21' title='bbox 3522 447 3592 502; x_wconf 86' lang='lat' dir='ltr'><strong>Et</strong></span> 
     </span>
    </p>
   </div>
   <div class='ocr_carea' id='block_1_6' title="bbox 317 533 1902 607">
    <p class='ocr_par' dir='ltr' id='par_1_6' title="bbox 317 533 1902 607">
     <span class='ocr_line' id='line_1_6' title="bbox 317 533 1902 607; baseline 0.003 -19"><span class='ocrx_word' id='word_1_22' title='bbox 317 541 417 595; x_wconf 82' lang='grc' dir='ltr'><strong>οὐκ</strong></span> <span class='ocrx_word' id='word_1_23' title='bbox 443 536 756 607; x_wconf 73' lang='grc' dir='ltr'>ἠϐούλοντο.</span> <span class='ocrx_word' id='word_1_24' title='bbox 795 555 815 587; x_wconf 70' lang='grc' dir='ltr'><strong>ε</strong></span> <span class='ocrx_word' id='word_1_25' title='bbox 855 536 964 588; x_wconf 81' lang='grc' dir='ltr'>Καὶ</span> <span class='ocrx_word' id='word_1_26' title='bbox 1001 537 1128 598; x_wconf 81' lang='grc' dir='ltr'>τοὺς</span> <span class='ocrx_word' id='word_1_27' title='bbox 1164 533 1393 606; x_wconf 72' lang='grc' dir='ltr'>ἐχθροὺς</span> <span class='ocrx_word' id='word_1_28' title='bbox 1450 535 1633 591; x_wconf 80' lang='grc' dir='ltr'>αὐτῶν</span> <span class='ocrx_word' id='word_1_29' title='bbox 1662 537 1902 606; x_wconf 79' lang='grc' dir='ltr'>ἐκάλυψε</span> 
     </span>
    </p>
   </div>
   <div class='ocr_carea' id='block_1_7' title="bbox 320 627 1904 700">
    <p class='ocr_par' dir='ltr' id='par_1_7' title="bbox 320 627 1904 700">
     <span class='ocr_line' id='line_1_7' title="bbox 320 627 1904 700; baseline -0.003 -14"><span class='ocrx_word' id='word_1_30' title='bbox 320 632 584 692; x_wconf 62' lang='grc' dir='ltr'>θάλασσα.</span> <span class='ocrx_word' id='word_1_31' title='bbox 625 647 645 680; x_wconf 69' lang='grc' dir='ltr'><strong>ι</strong></span> <span class='ocrx_word' id='word_1_32' title='bbox 694 628 758 680; x_wconf 86' lang='grc' dir='ltr'><strong>Ἦ</strong></span> <span class='ocrx_word' id='word_1_33' title='bbox 785 627 894 698; x_wconf 76' lang='grc' dir='ltr'>γὰρ</span> <span class='ocrx_word' id='word_1_34' title='bbox 931 627 1347 698; x_wconf 79' lang='grc' dir='ltr'>αὐτὴ.θά).ασσα</span> <span class='ocrx_word' id='word_1_35' title='bbox 1367 627 1583 690; x_wconf 86' lang='grc' dir='ltr'>τούτοις</span> <span class='ocrx_word' id='word_1_36' title='bbox 1628 628 1728 698; x_wconf 85' lang='grc' dir='ltr'>μὲν</span> <span class='ocrx_word' id='word_1_37' title='bbox 1759 645 1904 700; x_wconf 82' lang='grc' dir='ltr'>παρ-</span> 
     </span>
    </p>
   </div>
   <div class='ocr_carea' id='block_1_8' title="bbox 320 716 1676 793">
    <p class='ocr_par' dir='ltr' id='par_1_8' title="bbox 320 716 1676 793">
     <span class='ocr_line' id='line_1_8' title="bbox 320 716 1676 793; baseline -0.004 -16"><span class='ocrx_word' id='word_1_38' title='bbox 320 724 480 793; x_wconf 78' lang='grc' dir='ltr'>έσχεν</span> <span class='ocrx_word' id='word_1_39' title='bbox 513 719 652 780; x_wconf 71' lang='grc' dir='ltr'>ὁδον,</span> <span class='ocrx_word' id='word_1_40' title='bbox 686 718 928 782; x_wconf 75' lang='grc' dir='ltr'>ἐκείνους</span> <span class='ocrx_word' id='word_1_41' title='bbox 957 719 1016 772; x_wconf 84' lang='grc' dir='ltr'>δὲ</span> <span class='ocrx_word' id='word_1_42' title='bbox 1048 721 1159 783; x_wconf 87' lang='grc' dir='ltr'>τοῖς</span> <span class='ocrx_word' id='word_1_43' title='bbox 1197 716 1441 789; x_wconf 82' lang='grc' dir='ltr'><strong>κύμασιν</strong></span> <span class='ocrx_word' id='word_1_44' title='bbox 1481 718 1676 789; x_wconf 72' lang='grc' dir='ltr'>ἔχωσε.</span> 
     </span>
    </p>
   </div>
   <div class='ocr_carea' id='block_1_9' title="bbox 389 809 1906 880">
    <p class='ocr_par' dir='ltr' id='par_1_9' title="bbox 389 809 1906 880">
     <span class='ocr_line' id='line_1_9' title="bbox 389 809 1906 880; baseline -0.003 -13"><span class='ocrx_word' id='word_1_45' title='bbox 389 813 483 867; x_wconf 84' lang='grc' dir='ltr'>νδ’.</span> <span class='ocrx_word' id='word_1_46' title='bbox 525 829 545 862; x_wconf 76' lang='grc' dir='ltr'><strong>ι</strong></span> <span class='ocrx_word' id='word_1_47' title='bbox 589 811 699 864; x_wconf 83' lang='lat' dir='ltr'><strong>Kal</strong></span> <span class='ocrx_word' id='word_1_48' title='bbox 723 810 1022 880; x_wconf 80' lang='grc' dir='ltr'>εἰσήγαγεν</span> <span class='ocrx_word' id='word_1_49' title='bbox 1057 809 1254 872; x_wconf 80' lang='grc' dir='ltr'>αὐτοὺς</span> <span class='ocrx_word' id='word_1_50' title='bbox 1281 811 1362 872; x_wconf 89' lang='grc' dir='ltr'><strong>εἰς</strong></span> <span class='ocrx_word' id='word_1_51' title='bbox 1389 809 1516 880; x_wconf 78' lang='grc' dir='ltr'>ὅρος</span> <span class='ocrx_word' id='word_1_52' title='bbox 1557 809 1906 880; x_wconf 78' lang='grc' dir='ltr'>ἁγιάσματος</span> 
     </span>
    </p>
   </div>
   <div class='ocr_carea' id='block_1_10' title="bbox 320 899 1908 974">
    <p class='ocr_par' dir='ltr' id='par_1_10' title="bbox 320 899 1908 974">
     <span class='ocr_line' id='line_1_10' title="bbox 320 899 1908 974; baseline -0.004 -14"><span class='ocrx_word' id='word_1_53' title='bbox 320 903 508 966; x_wconf 82' lang='grc' dir='ltr'>αὐτοῦ,</span> <span class='ocrx_word' id='word_1_54' title='bbox 539 904 665 974; x_wconf 73' lang='grc' dir='ltr'>ὅρος</span> <span class='ocrx_word' id='word_1_55' title='bbox 685 901 847 955; x_wconf 73' lang='grc' dir='ltr'>τοῦτο</span> <span class='ocrx_word' id='word_1_56' title='bbox 875 901 902 954; x_wconf 78' lang='grc' dir='ltr'><strong>ὃ</strong></span> <span class='ocrx_word' id='word_1_57' title='bbox 935 902 1254 973; x_wconf 79' lang='grc' dir='ltr'>ἐκτήσατοή</span> <span class='ocrx_word' id='word_1_58' title='bbox 1283 899 1434 965; x_wconf 80' lang='grc' dir='ltr'>δεξιὰ</span> <span class='ocrx_word' id='word_1_59' title='bbox 1455 902 1643 956; x_wconf 80' lang='grc' dir='ltr'>αὐτοῦ.</span> <span class='ocrx_word' id='word_1_60' title='bbox 1677 922 1695 954; x_wconf 74' lang='grc' dir='ltr'><strong>ι</strong></span> <span class='ocrx_word' id='word_1_61' title='bbox 1731 904 1908 956; x_wconf 81' lang='grc' dir='ltr'>Ἐκεῖ-</span> 
     </span>
    </p>
   </div>
   <div class='ocr_carea' id='block_1_11' title="bbox 323 993 1897 1064">
    <p class='ocr_par' dir='ltr' id='par_1_11' title="bbox 323 993 1897 1064">
     <span class='ocr_line' id='line_1_11' title="bbox 323 993 1897 1064; baseline -0.003 -13"><span class='ocrx_word' id='word_1_62' title='bbox 323 1000 414 1052; x_wconf 79' lang='grc' dir='ltr'><strong>οεν</strong></span> <span class='ocrx_word' id='word_1_63' title='bbox 439 997 620 1050; x_wconf 83' lang='grc' dir='ltr'>τοίνυν</span> <span class='ocrx_word' id='word_1_64' title='bbox 646 994 1041 1064; x_wconf 76' lang='grc' dir='ltr'>ἐλευθερώσας,</span> <span class='ocrx_word' id='word_1_65' title='bbox 1075 993 1273 1047; x_wconf 79' lang='grc' dir='ltr'>ἔδωκεν</span> <span class='ocrx_word' id='word_1_66' title='bbox 1289 995 1331 1025; x_wconf 64' lang='grc' dir='ltr'>δι</span> <span class='ocrx_word' id='word_1_67' title='bbox 1369 995 1556 1058; x_wconf 86' lang='grc' dir='ltr'>αὐτοῖς</span> <span class='ocrx_word' id='word_1_68' title='bbox 1606 994 1674 1064; x_wconf 81' lang='grc' dir='ltr'>ἣν</span> <span class='ocrx_word' id='word_1_69' title='bbox 1717 995 1897 1064; x_wconf 73' lang='grc' dir='ltr'>ἐπηγο</span> 
     </span>
    </p>
   </div>
   <div class='ocr_carea' id='block_1_12' title="bbox 321 1083 1907 1159">
    <p class='ocr_par' dir='ltr' id='par_1_12' title="bbox 321 1083 1907 1159">
     <span class='ocr_line' id='line_1_12' title="bbox 321 1083 1907 1159; baseline -0.003 -18"><span class='ocrx_word' id='word_1_70' title='bbox 321 1091 544 1159; x_wconf 79' lang='grc' dir='ltr'>γείλατο</span> <span class='ocrx_word' id='word_1_71' title='bbox 577 1087 684 1156; x_wconf 74' lang='grc' dir='ltr'>γῆν</span> <span class='ocrx_word' id='word_1_72' title='bbox 705 1105 718 1117; x_wconf 91' lang='grc'><strong>·</strong></span> <span class='ocrx_word' id='word_1_73' title='bbox 748 1087 836 1140; x_wconf 83' lang='grc' dir='ltr'>διὰ</span> <span class='ocrx_word' id='word_1_74' title='bbox 875 1087 984 1156; x_wconf 79' lang='grc' dir='ltr'>γὰρ</span> <span class='ocrx_word' id='word_1_75' title='bbox 1017 1085 1112 1139; x_wconf 82' lang='grc' dir='ltr'>τοῦ</span> <span class='ocrx_word' id='word_1_76' title='bbox 1145 1085 1299 1139; x_wconf 77' lang='grc' dir='ltr'><strong>Σιὼν</strong></span> <span class='ocrx_word' id='word_1_77' title='bbox 1347 1084 1530 1151; x_wconf 82' lang='grc' dir='ltr'>ὅρους</span> <span class='ocrx_word' id='word_1_78' title='bbox 1584 1086 1766 1138; x_wconf 82' lang='grc' dir='ltr'>πᾶσαν</span> <span class='ocrx_word' id='word_1_79' title='bbox 1809 1083 1907 1154; x_wconf 80' lang='grc' dir='ltr'>τὴν</span> 
     </span>
    </p>
   </div>
   <div class='ocr_carea' id='block_1_13' title="bbox 325 1175 1908 1252">
    <p class='ocr_par' dir='ltr' id='par_1_13' title="bbox 325 1175 1908 1252">
     <span class='ocr_line' id='line_1_13' title="bbox 325 1175 1908 1252; baseline -0.003 -18"><span class='ocrx_word' id='word_1_80' title='bbox 325 1185 430 1252; x_wconf 81' lang='grc' dir='ltr'>γῆν</span> <span class='ocrx_word' id='word_1_81' title='bbox 486 1179 864 1250; x_wconf 78' lang='grc' dir='ltr'>παρεδήλωσε.</span> <span class='ocrx_word' id='word_1_82' title='bbox 895 1197 912 1230; x_wconf 78' lang='grc' dir='ltr'><strong>ι</strong></span> <span class='ocrx_word' id='word_1_83' title='bbox 967 1177 1075 1230; x_wconf 86' lang='lat' dir='ltr'><strong>Kal</strong></span> <span class='ocrx_word' id='word_1_84' title='bbox 1140 1176 1397 1242; x_wconf 81' lang='grc' dir='ltr'>ἐξέϐαλεν</span> <span class='ocrx_word' id='word_1_85' title='bbox 1451 1176 1562 1229; x_wconf 82' lang='grc' dir='ltr'><strong>ἀπὸ</strong></span> <span class='ocrx_word' id='word_1_86' title='bbox 1609 1175 1908 1245; x_wconf 80' lang='grc' dir='ltr'>προσώπου</span> 
     </span>
    </p>
   </div>
   <div class='ocr_carea' id='block_1_14' title="bbox 328 1269 1909 1341">
    <p class='ocr_par' dir='ltr' id='par_1_14' title="bbox 328 1269 1909 1341">
     <span class='ocr_line' id='line_1_14' title="bbox 328 1269 1909 1341; baseline -0.004 -15"><span class='ocrx_word' id='word_1_87' title='bbox 328 1271 507 1326; x_wconf 84' lang='grc' dir='ltr'>αὐτῶν</span> <span class='ocrx_word' id='word_1_88' title='bbox 535 1270 685 1340; x_wconf 78' lang='grc' dir='ltr'>ἔθνη,</span> <span class='ocrx_word' id='word_1_89' title='bbox 735 1270 831 1322; x_wconf 77' lang='grc' dir='ltr'><strong>καὶ</strong></span> <span class='ocrx_word' id='word_1_90' title='bbox 878 1269 1304 1341; x_wconf 81' lang='grc' dir='ltr'>ἐκληροδὸτησεν</span> <span class='ocrx_word' id='word_1_91' title='bbox 1341 1269 1540 1332; x_wconf 80' lang='grc' dir='ltr'>αὐτοὺς</span> <span class='ocrx_word' id='word_1_92' title='bbox 1585 1269 1644 1321; x_wconf 86' lang='grc' dir='ltr'><strong>ἐν</strong></span> <span class='ocrx_word' id='word_1_93' title='bbox 1689 1269 1909 1339; x_wconf 85' lang='grc' dir='ltr'>σχοινίῳ</span> 
     </span>
    </p>
   </div>
   <div class='ocr_carea' id='block_1_15' title="bbox 332 1359 1910 1434">
    <p class='ocr_par' dir='ltr' id='par_1_15' title="bbox 332 1359 1910 1434">
     <span class='ocr_line' id='line_1_15' title="bbox 332 1359 1910 1434; baseline -0.003 -16"><span class='ocrx_word' id='word_1_94' title='bbox 332 1362 707 1434; x_wconf 72' lang='grc' dir='ltr'><strong>κληροδοσίας.</strong></span> <span class='ocrx_word' id='word_1_95' title='bbox 773 1381 792 1412; x_wconf 73' lang='grc' dir='ltr'><strong>ι</strong></span> <span class='ocrx_word' id='word_1_96' title='bbox 849 1360 972 1414; x_wconf 82' lang='grc' dir='ltr'>Τῶν</span> <span class='ocrx_word' id='word_1_97' title='bbox 1027 1360 1140 1431; x_wconf 82' lang='grc' dir='ltr'>γὰρ</span> <span class='ocrx_word' id='word_1_98' title='bbox 1199 1360 1450 1414; x_wconf 87' lang='grc' dir='ltr'>παλαιῶν</span> <span class='ocrx_word' id='word_1_99' title='bbox 1482 1359 1782 1431; x_wconf 77' lang='grc' dir='ltr'><strong>οἰκητόρων</strong></span> <span class='ocrx_word' id='word_1_100' title='bbox 1811 1360 1910 1428; x_wconf 83' lang='grc' dir='ltr'>τὴν</span> 
     </span>
    </p>
   </div>
   <div class='ocr_carea' id='block_1_16' title="bbox 330 1451 1910 1524">
    <p class='ocr_par' dir='ltr' id='par_1_16' title="bbox 330 1451 1910 1524">
     <span class='ocr_line' id='line_1_16' title="bbox 330 1451 1910 1524; baseline 0 -20"><span class='ocrx_word' id='word_1_101' title='bbox 330 1456 432 1524; x_wconf 80' lang='grc' dir='ltr'><strong>γῆν</strong></span> <span class='ocrx_word' id='word_1_102' title='bbox 490 1453 706 1522; x_wconf 84' lang='grc' dir='ltr'>ἐκείνην</span> <span class='ocrx_word' id='word_1_103' title='bbox 758 1451 1154 1521; x_wconf 77' lang='grc' dir='ltr'>ἐλευθερώσας,</span> <span class='ocrx_word' id='word_1_104' title='bbox 1189 1451 1398 1514; x_wconf 76' lang='grc' dir='ltr'>τούτοις</span> <span class='ocrx_word' id='word_1_105' title='bbox 1434 1451 1584 1504; x_wconf 83' lang='grc' dir='ltr'>κατὰ</span> <span class='ocrx_word' id='word_1_106' title='bbox 1635 1451 1735 1513; x_wconf 75' lang='grc' dir='ltr'><strong>τὰς</strong></span> <span class='ocrx_word' id='word_1_107' title='bbox 1775 1452 1910 1504; x_wconf 87' lang='grc' dir='ltr'>ὐπο-</span> 
     </span>
    </p>
   </div>
   <div class='ocr_carea' id='block_1_17' title="bbox 331 1539 1911 1615">
    <p class='ocr_par' dir='ltr' id='par_1_17' title="bbox 331 1539 1911 1615">
     <span class='ocr_line' id='line_1_17' title="bbox 331 1539 1911 1615; baseline -0.003 -18"><span class='ocrx_word' id='word_1_108' title='bbox 331 1539 548 1615; x_wconf 78' lang='grc' dir='ltr'>σχέσέις</span> <span class='ocrx_word' id='word_1_109' title='bbox 581 1545 681 1612; x_wconf 80' lang='grc' dir='ltr'>τὴν</span> <span class='ocrx_word' id='word_1_110' title='bbox 705 1543 912 1612; x_wconf 81' lang='grc' dir='ltr'>ταύτης</span> <span class='ocrx_word' id='word_1_111' title='bbox 943 1543 1145 1596; x_wconf 79' lang='grc' dir='ltr'>δέδωκε</span> <span class='ocrx_word' id='word_1_112' title='bbox 1199 1543 1542 1596; x_wconf 86' lang='grc' dir='ltr'>δεσποτείαν.</span> <span class='ocrx_word' id='word_1_113' title='bbox 1592 1543 1766 1595; x_wconf 76' lang='grc' dir='ltr'>Τοῦτο</span> <span class='ocrx_word' id='word_1_114' title='bbox 1800 1541 1911 1612; x_wconf 78' lang='grc' dir='ltr'><strong>γὰρ</strong></span> 
     </span>
    </p>
   </div>
   <div class='ocr_carea' id='block_1_18' title="bbox 329 1631 1912 1704">
    <p class='ocr_par' dir='ltr' id='par_1_18' title="bbox 329 1631 1912 1704">
     <span class='ocr_line' id='line_1_18' title="bbox 329 1631 1912 1704; baseline -0.004 -15"><span class='ocrx_word' id='word_1_115' title='bbox 329 1637 482 1704; x_wconf 71' lang='grc' dir='ltr'>δηλοῖ</span> <span class='ocrx_word' id='word_1_116' title='bbox 529 1635 590 1688; x_wconf 86' lang='grc' dir='ltr'>τὺ</span> <span class='ocrx_word' id='word_1_117' title='bbox 641 1637 698 1688; x_wconf 86' lang='grc' dir='ltr'><strong>ἐν</strong></span> <span class='ocrx_word' id='word_1_118' title='bbox 756 1635 950 1704; x_wconf 82' lang='grc' dir='ltr'>σχονίῳ</span> <span class='ocrx_word' id='word_1_119' title='bbox 997 1633 1381 1704; x_wconf 81' lang='grc' dir='ltr'>κληροδοσίας.</span> <span class='ocrx_word' id='word_1_120' title='bbox 1419 1634 1532 1702; x_wconf 77' lang='grc' dir='ltr'>Τὴν</span> <span class='ocrx_word' id='word_1_121' title='bbox 1562 1631 1670 1702; x_wconf 76' lang='grc' dir='ltr'><strong>γὰρ</strong></span> <span class='ocrx_word' id='word_1_122' title='bbox 1699 1631 1912 1684; x_wconf 77' lang='grc' dir='ltr'>οἰκείαν</span> 
     </span>
    </p>
   </div>
   <div class='ocr_carea' id='block_1_19' title="bbox 332 1723 1912 1798">
    <p class='ocr_par' dir='ltr' id='par_1_19' title="bbox 332 1723 1912 1798">
     <span class='ocr_line' id='line_1_19' title="bbox 332 1723 1912 1798; baseline -0.008 -14"><span class='ocrx_word' id='word_1_123' title='bbox 332 1729 557 1784; x_wconf 74' lang='grc' dir='ltr'>εἰώθασι</span> <span class='ocrx_word' id='word_1_124' title='bbox 597 1729 700 1797; x_wconf 78' lang='grc' dir='ltr'><strong>γῆν</strong></span> <span class='ocrx_word' id='word_1_125' title='bbox 719 1728 763 1758; x_wconf 76' lang='grc'><strong>’⁵³</strong></span> <span class='ocrx_word' id='word_1_126' title='bbox 794 1729 843 1780; x_wconf 87' lang='grc' dir='ltr'><strong>οἰ</strong></span> <span class='ocrx_word' id='word_1_127' title='bbox 870 1727 1200 1798; x_wconf 76' lang='grc' dir='ltr'>κεκτημένοι</span> <span class='ocrx_word' id='word_1_128' title='bbox 1240 1727 1489 1796; x_wconf 83' lang='grc' dir='ltr'>μετρεῖν·</span> <span class='ocrx_word' id='word_1_129' title='bbox 1530 1725 1657 1786; x_wconf 79' lang='grc' dir='ltr'>τοὺς</span> <span class='ocrx_word' id='word_1_130' title='bbox 1689 1723 1748 1776; x_wconf 82' lang='grc' dir='ltr'>δὲ</span> <span class='ocrx_word' id='word_1_131' title='bbox 1777 1723 1912 1792; x_wconf 82' lang='grc' dir='ltr'>κλή-</span> 
     </span>
    </p>
   </div>
   <div class='ocr_carea' id='block_1_20' title="bbox 2006 536 3595 609">
    <p class='ocr_par' dir='ltr' id='par_1_20' title="bbox 2006 536 3595 609">
     <span class='ocr_line' id='line_1_20' title="bbox 2006 536 3595 609; baseline -0.001 -13"><span class='ocrx_word' id='word_1_132' title='bbox 2006 541 2257 598; x_wconf 82' lang='lat' dir='ltr'><strong>inimices</strong></span> <span class='ocrx_word' id='word_1_133' title='bbox 2297 555 2488 595; x_wconf 86' lang='lat' dir='ltr'><strong>eorum</strong></span> <span class='ocrx_word' id='word_1_134' title='bbox 2529 539 2748 609; x_wconf 89' lang='lat' dir='ltr'><strong>operuit</strong></span> <span class='ocrx_word' id='word_1_135' title='bbox 2786 552 2960 592; x_wconf 90' lang='lat' dir='ltr'><strong>mare.</strong></span> <span class='ocrx_word' id='word_1_136' title='bbox 3001 557 3022 590; x_wconf 76' lang='grc' dir='ltr'><strong>ι</strong></span> <span class='ocrx_word' id='word_1_137' title='bbox 3075 536 3220 591; x_wconf 88' lang='lat' dir='ltr'><strong>Idem</strong></span> <span class='ocrx_word' id='word_1_138' title='bbox 3253 537 3406 592; x_wconf 87' lang='lat' dir='ltr'><strong>enim</strong></span> <span class='ocrx_word' id='word_1_139' title='bbox 3439 553 3595 594; x_wconf 88' lang='lat' dir='ltr'><strong>mare</strong></span> 
     </span>
    </p>
   </div>
   <div class='ocr_carea' id='block_1_21' title="bbox 2007 629 3669 704">
    <p class='ocr_par' dir='ltr' id='par_1_21' title="bbox 2007 629 3669 704">
     <span class='ocr_line' id='line_1_21' title="bbox 2007 629 3669 704; baseline -0.002 -16"><span class='ocrx_word' id='word_1_140' title='bbox 2007 634 2095 690; x_wconf 87' lang='lat' dir='ltr'><strong>his</strong></span> <span class='ocrx_word' id='word_1_141' title='bbox 2123 634 2342 704; x_wconf 80' lang='lat' dir='ltr'><strong>quidem</strong></span> <span class='ocrx_word' id='word_1_142' title='bbox 2371 633 2474 688; x_wconf 97' lang='lat' dir='ltr'><strong>iter</strong></span> <span class='ocrx_word' id='word_1_143' title='bbox 2509 633 2759 702; x_wconf 53' lang='lat' dir='ltr'><strong>praebuit,</strong></span> <span class='ocrx_word' id='word_1_144' title='bbox 2792 631 2916 688; x_wconf 89' lang='lat' dir='ltr'><strong>illos</strong></span> <span class='ocrx_word' id='word_1_145' title='bbox 2950 645 3082 687; x_wconf 87' lang='lat' dir='ltr'><strong>vero</strong></span> <span class='ocrx_word' id='word_1_146' title='bbox 3102 629 3358 687; x_wconf 86' lang='lat' dir='ltr'><strong>ﬂuctibus</strong></span> <span class='ocrx_word' id='word_1_147' title='bbox 3385 631 3588 686; x_wconf 90' lang='lat' dir='ltr'><strong>obruit.</strong></span> <span class='ocrx_word' id='word_1_148' title='bbox 3667 643 3669 645; x_wconf 80' lang='lat'>‘</span> 
     </span>
    </p>
   </div>
   <div class='ocr_carea' id='block_1_22' title="bbox 2078 805 3586 866">
    <p class='ocr_par' dir='ltr' id='par_1_22' title="bbox 2078 805 3586 866">
     <span class='ocr_line' id='line_1_22' title="bbox 2078 805 3586 866; baseline -0.001 -2"><span class='ocrx_word' id='word_1_149' title='bbox 2078 810 2243 866; x_wconf 75' lang='lat' dir='ltr'><strong>Vens.</strong></span> <span class='ocrx_word' id='word_1_150' title='bbox 2285 809 2376 866; x_wconf 70' lang='grc'><strong>54.</strong></span> <span class='ocrx_word' id='word_1_151' title='bbox 2415 826 2434 860; x_wconf 80' lang='lat' dir='ltr'><strong>r</strong></span> <span class='ocrx_word' id='word_1_152' title='bbox 2467 808 2536 863; x_wconf 91' lang='lat' dir='ltr'><strong>Et</strong></span> <span class='ocrx_word' id='word_1_153' title='bbox 2571 808 2787 862; x_wconf 71' lang='lat' dir='ltr'><strong>induxit</strong></span> <span class='ocrx_word' id='word_1_154' title='bbox 2817 821 2913 863; x_wconf 92' lang='lat' dir='ltr'><strong>eos</strong></span> <span class='ocrx_word' id='word_1_155' title='bbox 2951 807 3003 861; x_wconf 90' lang='lat' dir='ltr'><strong>in</strong></span> <span class='ocrx_word' id='word_1_156' title='bbox 3049 815 3293 862; x_wconf 91' lang='lat' dir='ltr'><strong>montem</strong></span> <span class='ocrx_word' id='word_1_157' title='bbox 3337 805 3586 862; x_wconf 83' lang='lat' dir='ltr'><strong>sanetiti-</strong></span> 
     </span>
    </p>
   </div>
   <div class='ocr_carea' id='block_1_23' title="bbox 2009 901 3588 971">
    <p class='ocr_par' dir='ltr' id='par_1_23' title="bbox 2009 901 3588 971">
     <span class='ocr_line' id='line_1_23' title="bbox 2009 901 3588 971; baseline -0.004 -10"><span class='ocrx_word' id='word_1_158' title='bbox 2009 905 2242 961; x_wconf 87' lang='lat' dir='ltr'><strong>cationis</strong></span> <span class='ocrx_word' id='word_1_159' title='bbox 2273 919 2407 966; x_wconf 75' lang='lat' dir='ltr'><strong>suae,</strong></span> <span class='ocrx_word' id='word_1_160' title='bbox 2440 912 2680 956; x_wconf 84' lang='lat' dir='ltr'><strong>montem</strong></span> <span class='ocrx_word' id='word_1_161' title='bbox 2719 902 2885 968; x_wconf 88' lang='lat' dir='ltr'><strong>hunc,</strong></span> <span class='ocrx_word' id='word_1_162' title='bbox 2919 916 3082 970; x_wconf 85' lang='lat' dir='ltr'><strong>quem</strong></span> <span class='ocrx_word' id='word_1_163' title='bbox 3117 901 3412 971; x_wconf 84' lang='lat' dir='ltr'><strong>acquisivit</strong></span> <span class='ocrx_word' id='word_1_164' title='bbox 3453 901 3588 956; x_wconf 75' lang='lat' dir='ltr'><strong>dex-</strong></span> 
     </span>
    </p>
   </div>
   <div class='ocr_carea' id='block_1_24' title="bbox 2010 991 3590 1064">
    <p class='ocr_par' dir='ltr' id='par_1_24' title="bbox 2010 991 3590 1064">
     <span class='ocr_line' id='line_1_24' title="bbox 2010 991 3590 1064; baseline -0.003 -14"><span class='ocrx_word' id='word_1_165' title='bbox 2010 1007 2125 1050; x_wconf 88' lang='lat' dir='ltr'><strong>tera</strong></span> <span class='ocrx_word' id='word_1_166' title='bbox 2147 995 2288 1064; x_wconf 85' lang='lat' dir='ltr'><strong>ejus.</strong></span> <span class='ocrx_word' id='word_1_167' title='bbox 2321 1012 2340 1046; x_wconf 75' lang='grc'><strong>)</strong></span> <span class='ocrx_word' id='word_1_168' title='bbox 2370 993 2507 1047; x_wconf 82' lang='lat' dir='ltr'><strong>Cum</strong></span> <span class='ocrx_word' id='word_1_169' title='bbox 2542 992 2704 1063; x_wconf 78' lang='lat' dir='ltr'><strong>igitur</strong></span> <span class='ocrx_word' id='word_1_170' title='bbox 2726 1007 2824 1047; x_wconf 88' lang='lat' dir='ltr'><strong>eos</strong></span> <span class='ocrx_word' id='word_1_171' title='bbox 2852 993 2999 1048; x_wconf 89' lang='lat' dir='ltr'><strong>illinc</strong></span> <span class='ocrx_word' id='word_1_172' title='bbox 3027 991 3334 1056; x_wconf 83' lang='lat' dir='ltr'><strong>liberasset,</strong></span> <span class='ocrx_word' id='word_1_173' title='bbox 3366 991 3590 1046; x_wconf 81' lang='lat' dir='ltr'><strong>tradidit</strong></span> 
     </span>
    </p>
   </div>
   <div class='ocr_carea' id='block_1_25' title="bbox 2010 1080 3595 1157">
    <p class='ocr_par' dir='ltr' id='par_1_25' title="bbox 2010 1080 3595 1157">
     <span class='ocr_line' id='line_1_25' title="bbox 2010 1080 3595 1157; baseline -0.004 -15"><span class='ocrx_word' id='word_1_174' title='bbox 2010 1087 2147 1157; x_wconf 87' lang='lat' dir='ltr'><strong>ipsis</strong></span> <span class='ocrx_word' id='word_1_175' title='bbox 2185 1101 2347 1155; x_wconf 87' lang='lat' dir='ltr'><strong>quam</strong></span> <span class='ocrx_word' id='word_1_176' title='bbox 2384 1085 2656 1154; x_wconf 85' lang='lat' dir='ltr'><strong>pollicitus</strong></span> <span class='ocrx_word' id='word_1_177' title='bbox 2689 1092 2774 1138; x_wconf 87' lang='lat' dir='ltr'><strong>est</strong></span> <span class='ocrx_word' id='word_1_178' title='bbox 2804 1092 3028 1138; x_wconf 89' lang='lat' dir='ltr'><strong>terram.</strong></span> <span class='ocrx_word' id='word_1_179' title='bbox 3076 1083 3212 1136; x_wconf 79' lang='lat' dir='ltr'><strong>Nam</strong></span> <span class='ocrx_word' id='word_1_180' title='bbox 3253 1097 3348 1151; x_wconf 89' lang='lat' dir='ltr'><strong>per</strong></span> <span class='ocrx_word' id='word_1_181' title='bbox 3377 1080 3595 1137; x_wconf 80' lang='lat' dir='ltr'><strong>Sionem</strong></span> 
     </span>
    </p>
   </div>
   <div class='ocr_carea' id='block_1_26' title="bbox 2009 1171 3595 1242">
    <p class='ocr_par' dir='ltr' id='par_1_26' title="bbox 2009 1171 3595 1242">
     <span class='ocr_line' id='line_1_26' title="bbox 2009 1171 3595 1242; baseline -0.001 -13"><span class='ocrx_word' id='word_1_182' title='bbox 2009 1185 2236 1230; x_wconf 78' lang='lat' dir='ltr'><strong>montem</strong></span> <span class='ocrx_word' id='word_1_183' title='bbox 2258 1185 2422 1228; x_wconf 89' lang='lat' dir='ltr'><strong>totam</strong></span> <span class='ocrx_word' id='word_1_184' title='bbox 2455 1181 2656 1229; x_wconf 80' lang='lat' dir='ltr'><strong>terram</strong></span> <span class='ocrx_word' id='word_1_185' title='bbox 2687 1172 3034 1242; x_wconf 75' lang='lat' dir='ltr'><strong>significavit.</strong></span> <span class='ocrx_word' id='word_1_186' title='bbox 3072 1191 3090 1223; x_wconf 79' lang='grc' dir='ltr'><strong>ι</strong></span> <span class='ocrx_word' id='word_1_187' title='bbox 3123 1171 3189 1227; x_wconf 85' lang='grc' dir='ltr'>Ει</span> <span class='ocrx_word' id='word_1_188' title='bbox 3209 1172 3369 1242; x_wconf 84' lang='lat' dir='ltr'><strong>ejecit</strong></span> <span class='ocrx_word' id='word_1_189' title='bbox 3395 1187 3426 1227; x_wconf 87' lang='lat' dir='ltr'><strong>a</strong></span> <span class='ocrx_word' id='word_1_190' title='bbox 3457 1172 3595 1227; x_wconf 78' lang='lat' dir='ltr'><strong>facie</strong></span> 
     </span>
    </p>
   </div>
   <div class='ocr_carea' id='block_1_27' title="bbox 2010 1258 3587 1334">
    <p class='ocr_par' dir='ltr' id='par_1_27' title="bbox 2010 1258 3587 1334">
     <span class='ocr_line' id='line_1_27' title="bbox 2010 1258 3587 1334; baseline -0.004 -14"><span class='ocrx_word' id='word_1_191' title='bbox 2010 1281 2200 1320; x_wconf 90' lang='lat' dir='ltr'><strong>eorum</strong></span> <span class='ocrx_word' id='word_1_192' title='bbox 2242 1273 2452 1334; x_wconf 74' lang='lat' dir='ltr'><strong>gentes,</strong></span> <span class='ocrx_word' id='word_1_193' title='bbox 2494 1271 2549 1316; x_wconf 90' lang='lat' dir='ltr'><strong>ct</strong></span> <span class='ocrx_word' id='word_1_194' title='bbox 2577 1273 2724 1317; x_wconf 91' lang='lat' dir='ltr'><strong>sorte</strong></span> <span class='ocrx_word' id='word_1_195' title='bbox 2762 1260 2948 1314; x_wconf 84' lang='lat' dir='ltr'><strong>divisit</strong></span> <span class='ocrx_word' id='word_1_196' title='bbox 2979 1261 3060 1315; x_wconf 90' lang='lat' dir='ltr'><strong>eis</strong></span> <span class='ocrx_word' id='word_1_197' title='bbox 3102 1269 3301 1314; x_wconf 86' lang='lat' dir='ltr'><strong>terram</strong></span> <span class='ocrx_word' id='word_1_198' title='bbox 3343 1258 3587 1313; x_wconf 79' lang='lat' dir='ltr'><strong>funiculo</strong></span> 
     </span>
    </p>
   </div>
   <div class='ocr_carea' id='block_1_28' title="bbox 2011 1350 3594 1411">
    <p class='ocr_par' dir='ltr' id='par_1_28' title="bbox 2011 1350 3594 1411">
     <span class='ocr_line' id='line_1_28' title="bbox 2011 1350 3594 1411; baseline -0.004 -1"><span class='ocrx_word' id='word_1_199' title='bbox 2011 1356 2436 1411; x_wconf 84' lang='lat' dir='ltr'><strong>distributionis.</strong></span> <span class='ocrx_word' id='word_1_200' title='bbox 2479 1374 2496 1405; x_wconf 74' lang='grc' dir='ltr'><strong>ι</strong></span> <span class='ocrx_word' id='word_1_201' title='bbox 2531 1353 2666 1408; x_wconf 90' lang='lat' dir='ltr'><strong>Cum</strong></span> <span class='ocrx_word' id='word_1_202' title='bbox 2699 1353 2842 1406; x_wconf 88' lang='lat' dir='ltr'><strong>enim</strong></span> <span class='ocrx_word' id='word_1_203' title='bbox 2887 1351 3174 1405; x_wconf 81' lang='lat' dir='ltr'><strong>liberasset</strong></span> <span class='ocrx_word' id='word_1_204' title='bbox 3205 1359 3402 1404; x_wconf 89' lang='lat' dir='ltr'><strong>terram</strong></span> <span class='ocrx_word' id='word_1_205' title='bbox 3444 1350 3594 1404; x_wconf 87' lang='lat' dir='ltr'><strong>illam</strong></span> 
     </span>
    </p>
   </div>
   <div class='ocr_carea' id='block_1_29' title="bbox 2013 1441 3594 1516">
    <p class='ocr_par' dir='ltr' id='par_1_29' title="bbox 2013 1441 3594 1516">
     <span class='ocr_line' id='line_1_29' title="bbox 2013 1441 3594 1516; baseline -0.003 -16"><span class='ocrx_word' id='word_1_206' title='bbox 2013 1448 2080 1500; x_wconf 88' lang='lat' dir='ltr'><strong>ab</strong></span> <span class='ocrx_word' id='word_1_207' title='bbox 2132 1446 2374 1516; x_wconf 82' lang='lat' dir='ltr'><strong>antiquis</strong></span> <span class='ocrx_word' id='word_1_208' title='bbox 2429 1445 2649 1510; x_wconf 88' lang='lat' dir='ltr'><strong>incolis,</strong></span> <span class='ocrx_word' id='word_1_209' title='bbox 2698 1443 2786 1497; x_wconf 87' lang='lat' dir='ltr'><strong>his</strong></span> <span class='ocrx_word' id='word_1_210' title='bbox 2847 1441 3148 1497; x_wconf 90' lang='lat' dir='ltr'><strong>secundum</strong></span> <span class='ocrx_word' id='word_1_211' title='bbox 3198 1441 3594 1512; x_wconf 84' lang='lat' dir='ltr'><strong>promissiones</strong></span> 
     </span>
    </p>
   </div>
   <div class='ocr_carea' id='block_1_30' title="bbox 2013 1531 3594 1608">
    <p class='ocr_par' dir='ltr' id='par_1_30' title="bbox 2013 1531 3594 1608">
     <span class='ocr_line' id='line_1_30' title="bbox 2013 1531 3594 1608; baseline -0.008 -13"><span class='ocrx_word' id='word_1_212' title='bbox 2013 1540 2158 1595; x_wconf 84' lang='lat' dir='ltr'><strong>illius</strong></span> <span class='ocrx_word' id='word_1_213' title='bbox 2202 1539 2494 1608; x_wconf 85' lang='lat' dir='ltr'><strong>imperium</strong></span> <span class='ocrx_word' id='word_1_214' title='bbox 2541 1537 2782 1592; x_wconf 86' lang='lat' dir='ltr'><strong>tradidit.</strong></span> <span class='ocrx_word' id='word_1_215' title='bbox 2828 1534 2942 1590; x_wconf 90' lang='lat' dir='ltr'><strong>lloc</strong></span> <span class='ocrx_word' id='word_1_216' title='bbox 2972 1535 3119 1590; x_wconf 88' lang='lat' dir='ltr'><strong>enim</strong></span> <span class='ocrx_word' id='word_1_217' title='bbox 3159 1533 3398 1588; x_wconf 85' lang='lat' dir='ltr'><strong>ostendit</strong></span> <span class='ocrx_word' id='word_1_218' title='bbox 3438 1531 3594 1598; x_wconf 84' lang='lat' dir='ltr'><strong>illud,</strong></span> 
     </span>
    </p>
   </div>
   <div class='ocr_carea' id='block_1_31' title="bbox 2019 1624 3598 1686">
    <p class='ocr_par' dir='ltr' id='par_1_31' title="bbox 2019 1624 3598 1686">
     <span class='ocr_line' id='line_1_31' title="bbox 2019 1624 3598 1686; baseline -0.007 -3"><span class='ocrx_word' id='word_1_219' title='bbox 2019 1651 2038 1682; x_wconf 75' lang='grc' dir='ltr'><strong>ι</strong></span> <span class='ocrx_word' id='word_1_220' title='bbox 2079 1631 2322 1686; x_wconf 81' lang='lat' dir='ltr'><strong>funiculo</strong></span> <span class='ocrx_word' id='word_1_221' title='bbox 2363 1629 2792 1684; x_wconf 84' lang='lat' dir='ltr'><strong>distributionis.</strong></span> <span class='ocrx_word' id='word_1_222' title='bbox 2833 1647 2851 1678; x_wconf 76' lang='grc' dir='ltr'><strong>ι</strong></span> <span class='ocrx_word' id='word_1_223' title='bbox 2899 1627 3252 1681; x_wconf 86' lang='lat' dir='ltr'><strong>Possessores</strong></span> <span class='ocrx_word' id='word_1_224' title='bbox 3303 1624 3448 1677; x_wconf 89' lang='lat' dir='ltr'><strong>enim</strong></span> <span class='ocrx_word' id='word_1_225' title='bbox 3505 1636 3598 1674; x_wconf 83' lang='lat' dir='ltr'><strong>se-</strong></span> 
     </span>
    </p>
   </div>
   <div class='ocr_carea' id='block_1_32' title="bbox 2013 1713 3602 1778">
    <p class='ocr_par' dir='ltr' id='par_1_32' title="bbox 2013 1713 3602 1778">
     <span class='ocr_line' id='line_1_32' title="bbox 2013 1713 3602 1778; baseline -0.008 -1"><span class='ocrx_word' id='word_1_226' title='bbox 2013 1724 2127 1778; x_wconf 91' lang='lat' dir='ltr'><strong>lcnt</strong></span> <span class='ocrx_word' id='word_1_227' title='bbox 2162 1733 2360 1777; x_wconf 85' lang='lat' dir='ltr'><strong>terram</strong></span> <span class='ocrx_word' id='word_1_228' title='bbox 2414 1737 2570 1776; x_wconf 88' lang='lat' dir='ltr'><strong>suam</strong></span> <span class='ocrx_word' id='word_1_229' title='bbox 2609 1719 2812 1774; x_wconf 89' lang='lat' dir='ltr'><strong>metiri.</strong></span> <span class='ocrx_word' id='word_1_230' title='bbox 2858 1719 3046 1774; x_wconf 85' lang='lat' dir='ltr'><strong>Sortes</strong></span> <span class='ocrx_word' id='word_1_231' title='bbox 3083 1725 3266 1772; x_wconf 89' lang='lat' dir='ltr'><strong>autem</strong></span> <span class='ocrx_word' id='word_1_232' title='bbox 3313 1723 3370 1770; x_wconf 90' lang='lat' dir='ltr'><strong>et</strong></span> <span class='ocrx_word' id='word_1_233' title='bbox 3413 1713 3602 1769; x_wconf 89' lang='lat' dir='ltr'><strong>distri-</strong></span> 
     </span>
    </p>
   </div>
   <div class='ocr_carea' id='block_1_33' title="bbox 337 1791 1930 1890">
    <p class='ocr_par' dir='ltr' id='par_1_33' title="bbox 337 1791 1914 1890">
     <span class='ocr_line' id='line_1_33' title="bbox 337 1791 1914 1890; baseline -0.006 -18"><span class='ocrx_word' id='word_1_234' title='bbox 337 1836 464 1890; x_wconf 87' lang='grc' dir='ltr'>ρους</span> <span class='ocrx_word' id='word_1_235' title='bbox 513 1791 619 1872; x_wconf 33' lang='grc' dir='ltr'>καὶ.</span> <span class='ocrx_word' id='word_1_236' title='bbox 655 1791 755 1881; x_wconf 72' lang='grc' dir='ltr'><strong>τὰς</strong></span> <span class='ocrx_word' id='word_1_237' title='bbox 783 1791 1135 1887; x_wconf 68' lang='grc' dir='ltr'>διανεμήσεις</span> <span class='ocrx_word' id='word_1_238' title='bbox 1168 1815 1214 1845; x_wconf 76' lang='grc'><strong>⁸³</strong></span> <span class='ocrx_word' id='word_1_239' title='bbox 1241 1791 1644 1885; x_wconf 56' lang='grc' dir='ltr'><strong>⁷ἀκριϐέστερον</strong></span> <span class='ocrx_word' id='word_1_240' title='bbox 1673 1791 1914 1865; x_wconf 79' lang='grc' dir='ltr'>διδάσκει</span> 
     </span>
    </p>
   </div>
   <div class='ocr_carea' id='block_1_34' title="bbox 2033 1791 3454 1890">
    <p class='ocr_par' dir='ltr' id='par_1_34' title="bbox 2033 1804 3454 1872">
     <span class='ocr_line' id='line_1_34' title="bbox 2033 1804 3454 1872; baseline -0.01 0"><span class='ocrx_word' id='word_1_241' title='bbox 2033 1817 2270 1872; x_wconf 68' lang='lat' dir='ltr'><strong>autioncs</strong></span> <span class='ocrx_word' id='word_1_242' title='bbox 2294 1813 2606 1869; x_wconf 71' lang='lat' dir='ltr'><strong>accuratius</strong></span> <span class='ocrx_word' id='word_1_243' title='bbox 2633 1812 2793 1868; x_wconf 86' lang='lat' dir='ltr'><strong>docet</strong></span> <span class='ocrx_word' id='word_1_244' title='bbox 2823 1812 3052 1867; x_wconf 87' lang='lat' dir='ltr'><strong>historia</strong></span> <span class='ocrx_word' id='word_1_245' title='bbox 3082 1807 3264 1864; x_wconf 71' lang='lat' dir='ltr'><strong>losum</strong></span> <span class='ocrx_word' id='word_1_246' title='bbox 3287 1804 3454 1860; x_wconf 82' lang='lat' dir='ltr'><strong>Nave.</strong></span> 
     </span>
    </p>
   </div>
   <div class='ocr_carea' id='block_1_35' title="bbox 334 1905 1361 1978">
    <p class='ocr_par' dir='ltr' id='par_1_35' title="bbox 334 1905 1361 1978">
     <span class='ocr_line' id='line_1_35' title="bbox 334 1905 1361 1978; baseline -0.004 -16"><span class='ocrx_word' id='word_1_247' title='bbox 334 1908 430 1962; x_wconf 84' lang='grc' dir='ltr'><strong>τοῦ</strong></span> <span class='ocrx_word' id='word_1_248' title='bbox 467 1906 640 1978; x_wconf 83' lang='grc' dir='ltr'><strong>Ίησοῦ</strong></span> <span class='ocrx_word' id='word_1_249' title='bbox 674 1905 772 1960; x_wconf 81' lang='grc' dir='ltr'>τοῦ</span> <span class='ocrx_word' id='word_1_250' title='bbox 802 1906 1012 1975; x_wconf 83' lang='grc' dir='ltr'>Ναυῆὴ</span> <span class='ocrx_word' id='word_1_251' title='bbox 1046 1907 1361 1973; x_wconf 79' lang='grc' dir='ltr'>συγγραφή.</span> 
     </span>
    </p>
   </div>
   <div class='ocr_carea' id='block_1_36' title="bbox 411 1989 1920 2066">
    <p class='ocr_par' dir='ltr' id='par_1_36' title="bbox 411 1989 1920 2066">
     <span class='ocr_line' id='line_1_36' title="bbox 411 1989 1920 2066; baseline -0.008 -12"><span class='ocrx_word' id='word_1_252' title='bbox 411 2005 504 2054; x_wconf 68' lang='grc' dir='ltr'>νεν.</span> <span class='ocrx_word' id='word_1_253' title='bbox 565 2017 585 2051; x_wconf 71' lang='grc' dir='ltr'><strong>ι</strong></span> <span class='ocrx_word' id='word_1_254' title='bbox 644 1998 756 2052; x_wconf 83' lang='lat' dir='ltr'><strong>Kal</strong></span> <span class='ocrx_word' id='word_1_255' title='bbox 812 1997 1236 2066; x_wconf 76' lang='grc' dir='ltr'>κατεσκήνωσεν</span> <span class='ocrx_word' id='word_1_256' title='bbox 1289 1996 1348 2047; x_wconf 78' lang='grc' dir='ltr'><strong>ἐν</strong></span> <span class='ocrx_word' id='word_1_257' title='bbox 1393 1995 1510 2057; x_wconf 88' lang='grc' dir='ltr'>τοῖς</span> <span class='ocrx_word' id='word_1_258' title='bbox 1559 1989 1920 2062; x_wconf 83' lang='grc' dir='ltr'>σκηνώμασιν</span> 
     </span>
    </p>
   </div>
   <div class='ocr_carea' id='block_1_37' title="bbox 339 2080 1918 2160">
    <p class='ocr_par' dir='ltr' id='par_1_37' title="bbox 339 2080 1918 2160">
     <span class='ocr_line' id='line_1_37' title="bbox 339 2080 1918 2160; baseline -0.009 -12"><span class='ocrx_word' id='word_1_259' title='bbox 339 2091 524 2147; x_wconf 84' lang='grc' dir='ltr'>αὐτῶν</span> <span class='ocrx_word' id='word_1_260' title='bbox 558 2089 658 2153; x_wconf 83' lang='grc' dir='ltr'>τὰς</span> <span class='ocrx_word' id='word_1_261' title='bbox 689 2089 864 2158; x_wconf 71' lang='grc' dir='ltr'>φυλὰς</span> <span class='ocrx_word' id='word_1_262' title='bbox 895 2089 992 2142; x_wconf 79' lang='grc' dir='ltr'>τοῦ</span> <span class='ocrx_word' id='word_1_263' title='bbox 1051 2085 1294 2160; x_wconf 80' lang='grc' dir='ltr'>Ἰσραήλ.</span> <span class='ocrx_word' id='word_1_264' title='bbox 1355 2106 1373 2138; x_wconf 71' lang='grc' dir='ltr'><strong>ι</strong></span> <span class='ocrx_word' id='word_1_265' title='bbox 1410 2083 1568 2139; x_wconf 76' lang='grc' dir='ltr'>Κατὰ</span> <span class='ocrx_word' id='word_1_266' title='bbox 1621 2082 1688 2156; x_wconf 71' lang='grc'><strong>[⁸⁵</strong></span> <span class='ocrx_word' id='word_1_267' title='bbox 1724 2080 1918 2154; x_wconf 82' lang='grc' dir='ltr'>φυλὰς]</span> 
     </span>
    </p>
   </div>
   <div class='ocr_carea' id='block_1_38' title="bbox 341 2175 1920 2258">
    <p class='ocr_par' dir='ltr' id='par_1_38' title="bbox 341 2175 1920 2258">
     <span class='ocr_line' id='line_1_38' title="bbox 341 2175 1920 2258; baseline -0.009 -18"><span class='ocrx_word' id='word_1_268' title='bbox 341 2187 450 2258; x_wconf 75' lang='grc' dir='ltr'>γὰρ</span> <span class='ocrx_word' id='word_1_269' title='bbox 473 2184 573 2256; x_wconf 80' lang='grc' dir='ltr'><strong>τὴν</strong></span> <span class='ocrx_word' id='word_1_270' title='bbox 605 2184 710 2254; x_wconf 84' lang='grc' dir='ltr'>γῆν</span> <span class='ocrx_word' id='word_1_271' title='bbox 727 2181 1068 2252; x_wconf 76' lang='grc' dir='ltr'>διενείμαντο</span> <span class='ocrx_word' id='word_1_272' title='bbox 1089 2199 1100 2212; x_wconf 89' lang='grc'><strong>·</strong></span> <span class='ocrx_word' id='word_1_273' title='bbox 1133 2180 1192 2234; x_wconf 80' lang='grc' dir='ltr'>οὓ</span> <span class='ocrx_word' id='word_1_274' title='bbox 1203 2198 1280 2234; x_wconf 87' lang='grc' dir='ltr'><strong>τω</strong></span> <span class='ocrx_word' id='word_1_275' title='bbox 1296 2179 1393 2251; x_wconf 85' lang='grc' dir='ltr'><strong>τὴν</strong></span> <span class='ocrx_word' id='word_1_276' title='bbox 1428 2180 1566 2248; x_wconf 71' lang='grc' dir='ltr'>μετὰ</span> <span class='ocrx_word' id='word_1_277' title='bbox 1588 2176 1684 2247; x_wconf 84' lang='grc' dir='ltr'>τὴν</span> <span class='ocrx_word' id='word_1_278' title='bbox 1713 2175 1920 2246; x_wconf 77' lang='grc' dir='ltr'>ἔρημον</span> 
     </span>
    </p>
   </div>
   <div class='ocr_carea' id='block_1_39' title="bbox 343 2270 1918 2344">
    <p class='ocr_par' dir='ltr' id='par_1_39' title="bbox 343 2270 1918 2344">
     <span class='ocr_line' id='line_1_39' title="bbox 343 2270 1918 2344; baseline -0.001 -11"><span class='ocrx_word' id='word_1_279' title='bbox 343 2277 524 2333; x_wconf 84' lang='grc' dir='ltr'>αὐτῶν</span> <span class='ocrx_word' id='word_1_280' title='bbox 549 2276 807 2332; x_wconf 82' lang='grc' dir='ltr'>ἀπιστίαν</span> <span class='ocrx_word' id='word_1_281' title='bbox 825 2275 1066 2340; x_wconf 74' lang='grc' dir='ltr'>διδάξας,</span> <span class='ocrx_word' id='word_1_282' title='bbox 1091 2275 1362 2344; x_wconf 87' lang='grc' dir='ltr'>διηγεῖται</span> <span class='ocrx_word' id='word_1_283' title='bbox 1392 2273 1492 2337; x_wconf 81' lang='grc' dir='ltr'>τὰς</span> <span class='ocrx_word' id='word_1_284' title='bbox 1520 2273 1580 2327; x_wconf 94' lang='grc' dir='ltr'><strong>ἐν</strong></span> <span class='ocrx_word' id='word_1_285' title='bbox 1617 2273 1684 2342; x_wconf 83' lang='grc' dir='ltr'>τῇ</span> <span class='ocrx_word' id='word_1_286' title='bbox 1715 2272 1786 2341; x_wconf 84' lang='grc' dir='ltr'>γῇ</span> <span class='ocrx_word' id='word_1_287' title='bbox 1816 2270 1918 2340; x_wconf 82' lang='grc' dir='ltr'>τῆς</span> 
     </span>
    </p>
   </div>
   <div class='ocr_carea' id='block_1_40' title="bbox 343 2366 1083 2438">
    <p class='ocr_par' dir='ltr' id='par_1_40' title="bbox 343 2366 1083 2438">
     <span class='ocr_line' id='line_1_40' title="bbox 343 2366 1083 2438; baseline -0.003 -14"><span class='ocrx_word' id='word_1_288' title='bbox 343 2369 678 2438; x_wconf 78' lang='grc' dir='ltr'>ἐπαγγελίας</span> <span class='ocrx_word' id='word_1_289' title='bbox 711 2366 1083 2438; x_wconf 83' lang='grc' dir='ltr'>παρανομίας.</span> 
     </span>
    </p>
   </div>
   <div class='ocr_carea' id='block_1_41' title="bbox 415 2449 1925 2527">
    <p class='ocr_par' dir='ltr' id='par_1_41' title="bbox 415 2449 1925 2527">
     <span class='ocr_line' id='line_1_41' title="bbox 415 2449 1925 2527; baseline -0.009 -11"><span class='ocrx_word' id='word_1_290' title='bbox 415 2460 523 2527; x_wconf 64' lang='grc' dir='ltr'>νίζ’.</span> <span class='ocrx_word' id='word_1_291' title='bbox 560 2480 580 2513; x_wconf 74' lang='lat' dir='ltr'><strong>r</strong></span> <span class='ocrx_word' id='word_1_292' title='bbox 626 2460 734 2513; x_wconf 83' lang='lat' dir='ltr'><strong>Kal</strong></span> <span class='ocrx_word' id='word_1_293' title='bbox 754 2458 1054 2527; x_wconf 83' lang='grc' dir='ltr'>ἐπείρασαν</span> <span class='ocrx_word' id='word_1_294' title='bbox 1085 2457 1182 2511; x_wconf 70' lang='grc' dir='ltr'><strong>καὶ</strong></span> <span class='ocrx_word' id='word_1_295' title='bbox 1214 2454 1632 2527; x_wconf 85' lang='grc' dir='ltr'>παρεπίκραναν</span> <span class='ocrx_word' id='word_1_296' title='bbox 1657 2452 1748 2508; x_wconf 79' lang='grc' dir='ltr'><strong>τὸν</strong></span> <span class='ocrx_word' id='word_1_297' title='bbox 1791 2449 1925 2504; x_wconf 72' lang='grc' dir='ltr'>Θεδν</span> 
     </span>
    </p>
   </div>
   <div class='ocr_carea' id='block_1_42' title="bbox 347 2544 1918 2626">
    <p class='ocr_par' dir='ltr' id='par_1_42' title="bbox 347 2544 1918 2626">
     <span class='ocr_line' id='line_1_42' title="bbox 347 2544 1918 2626; baseline -0.01 -16"><span class='ocrx_word' id='word_1_298' title='bbox 347 2557 436 2610; x_wconf 73' lang='grc' dir='ltr'>τὸν</span> <span class='ocrx_word' id='word_1_299' title='bbox 457 2555 703 2626; x_wconf 74' lang='grc' dir='ltr'>ὕψιστον,</span> <span class='ocrx_word' id='word_1_300' title='bbox 721 2555 898 2607; x_wconf 76' lang='grc' dir='ltr'>καὶτὰ</span> <span class='ocrx_word' id='word_1_301' title='bbox 917 2551 1194 2623; x_wconf 83' lang='grc' dir='ltr'>μαρτύρια</span> <span class='ocrx_word' id='word_1_302' title='bbox 1210 2549 1376 2604; x_wconf 82' lang='grc' dir='ltr'>αὐτοῦ</span> <span class='ocrx_word' id='word_1_303' title='bbox 1397 2549 1498 2601; x_wconf 87' lang='grc' dir='ltr'><strong>οὐκ</strong></span> <span class='ocrx_word' id='word_1_304' title='bbox 1522 2544 1918 2616; x_wconf 58' lang='grc' dir='ltr'>ἐφυλάξαντο.)</span> 
     </span>
    </p>
   </div>
   <div class='ocr_carea' id='block_1_43' title="bbox 347 2640 1924 2716">
    <p class='ocr_par' dir='ltr' id='par_1_43' title="bbox 347 2640 1924 2716">
     <span class='ocr_line' id='line_1_43' title="bbox 347 2640 1924 2716; baseline -0.009 -11"><span class='ocrx_word' id='word_1_305' title='bbox 347 2651 506 2705; x_wconf 78' lang='grc' dir='ltr'>Μετὰ</span> <span class='ocrx_word' id='word_1_306' title='bbox 532 2648 799 2711; x_wconf 84' lang='grc' dir='ltr'>τοσαύτας</span> <span class='ocrx_word' id='word_1_307' title='bbox 841 2647 940 2702; x_wconf 73' lang='grc' dir='ltr'><strong>καὶ</strong></span> <span class='ocrx_word' id='word_1_308' title='bbox 977 2645 1308 2716; x_wconf 87' lang='grc' dir='ltr'>τηλικαύτας</span> <span class='ocrx_word' id='word_1_309' title='bbox 1345 2642 1666 2714; x_wconf 79' lang='grc' dir='ltr'>εὐεργεσίας</span> <span class='ocrx_word' id='word_1_310' title='bbox 1703 2640 1924 2710; x_wconf 78' lang='grc' dir='ltr'>ἐπέμειο</span> 
     </span>
    </p>
   </div>
   <div class='ocr_carea' id='block_1_44' title="bbox 351 2732 1925 2812">
    <p class='ocr_par' dir='ltr' id='par_1_44' title="bbox 351 2732 1925 2812">
     <span class='ocr_line' id='line_1_44' title="bbox 351 2732 1925 2812; baseline -0.007 -18"><span class='ocrx_word' id='word_1_311' title='bbox 351 2759 450 2794; x_wconf 90' lang='grc' dir='ltr'><strong>ναν</strong></span> <span class='ocrx_word' id='word_1_312' title='bbox 483 2739 953 2812; x_wconf 79' lang='grc' dir='ltr'>παρανομοῦντες,</span> <span class='ocrx_word' id='word_1_313' title='bbox 1001 2737 1231 2800; x_wconf 75' lang='grc' dir='ltr'>καὶτὰς</span> <span class='ocrx_word' id='word_1_314' title='bbox 1280 2734 1430 2798; x_wconf 79' lang='grc' dir='ltr'>θείας</span> <span class='ocrx_word' id='word_1_315' title='bbox 1490 2732 1925 2805; x_wconf 83' lang='grc' dir='ltr'>παραϐαίνοντες</span> 
     </span>
    </p>
   </div>
   <div class='ocr_carea' id='block_1_45' title="bbox 355 2833 596 2897">
    <p class='ocr_par' dir='ltr' id='par_1_45' title="bbox 355 2833 596 2897">
     <span class='ocr_line' id='line_1_45' title="bbox 355 2833 596 2897; baseline 0.004 -12"><span class='ocrx_word' id='word_1_316' title='bbox 355 2833 596 2897; x_wconf 81' lang='grc' dir='ltr'>ἐντολάς.</span> 
     </span>
    </p>
   </div>
   <div class='ocr_carea' id='block_1_46' title="bbox 427 2901 1930 2992">
    <p class='ocr_par' dir='ltr' id='par_1_46' title="bbox 427 2901 1930 2992">
     <span class='ocr_line' id='line_1_46' title="bbox 427 2901 1930 2992; baseline -0.006 -15"><span class='ocrx_word' id='word_1_317' title='bbox 427 2923 524 2990; x_wconf 68' lang='grc' dir='ltr'>νζν.</span> <span class='ocrx_word' id='word_1_318' title='bbox 572 2945 591 2977; x_wconf 75' lang='grc' dir='ltr'><strong>ι</strong></span> <span class='ocrx_word' id='word_1_319' title='bbox 629 2925 738 2980; x_wconf 83' lang='lat' dir='ltr'><strong>Kal</strong></span> <span class='ocrx_word' id='word_1_320' title='bbox 791 2919 1160 2992; x_wconf 69' lang='grc' dir='ltr'>ἀπέστρεψαν,</span> <span class='ocrx_word' id='word_1_321' title='bbox 1213 2919 1309 2974; x_wconf 84' lang='grc' dir='ltr'>καὶ</span> <span class='ocrx_word' id='word_1_322' title='bbox 1347 2918 1623 2988; x_wconf 74' lang='grc' dir='ltr'>ἠθέτησαν</span> <span class='ocrx_word' id='word_1_323' title='bbox 1644 2915 1692 2950; x_wconf 64' lang='grc'>⁸</span> <span class='ocrx_word' id='word_1_324' title='bbox 1745 2901 1930 2978; x_wconf 79' lang='grc' dir='ltr'>καθὼς</span> 
     </span>
    </p>
   </div>
   <div class='ocr_carea' id='block_1_47' title="bbox 356 3003 1930 3084">
    <p class='ocr_par' dir='ltr' id='par_1_47' title="bbox 356 3003 1930 3084">
     <span class='ocr_line' id='line_1_47' title="bbox 356 3003 1930 3084; baseline -0.008 -15"><span class='ocrx_word' id='word_1_325' title='bbox 356 3014 454 3068; x_wconf 77' lang='grc' dir='ltr'>καὶ</span> <span class='ocrx_word' id='word_1_326' title='bbox 477 3015 526 3068; x_wconf 79' lang='lat' dir='ltr'><strong>oi</strong></span> <span class='ocrx_word' id='word_1_327' title='bbox 553 3013 787 3084; x_wconf 80' lang='grc' dir='ltr'>πατέρες</span> <span class='ocrx_word' id='word_1_328' title='bbox 810 3011 1006 3066; x_wconf 86' lang='grc' dir='ltr'>αὐτῶν.</span> <span class='ocrx_word' id='word_1_329' title='bbox 1049 3029 1068 3062; x_wconf 78' lang='grc' dir='ltr'><strong>ι</strong></span> <span class='ocrx_word' id='word_1_330' title='bbox 1111 3007 1222 3080; x_wconf 80' lang='grc' dir='ltr'><strong>Τὴν</strong></span> <span class='ocrx_word' id='word_1_331' title='bbox 1264 3005 1374 3060; x_wconf 83' lang='grc' dir='ltr'><strong>τῶν</strong></span> <span class='ocrx_word' id='word_1_332' title='bbox 1424 3005 1686 3074; x_wconf 79' lang='grc' dir='ltr'>πατέρων</span> <span class='ocrx_word' id='word_1_333' title='bbox 1727 3003 1930 3074; x_wconf 82' lang='grc' dir='ltr'>ἐμιμή-</span> 
     </span>
    </p>
   </div>
   <div class='ocr_carea' id='block_1_48' title="bbox 358 3097 2005 3186">
    <p class='ocr_par' dir='ltr' id='par_1_48' title="bbox 358 3097 2005 3186">
     <span class='ocr_line' id='line_1_48' title="bbox 358 3097 2005 3186; baseline -0.009 -25"><span class='ocrx_word' id='word_1_334' title='bbox 358 3124 520 3162; x_wconf 90' lang='grc' dir='ltr'>σαντο</span> <span class='ocrx_word' id='word_1_335' title='bbox 551 3106 875 3178; x_wconf 78' lang='grc' dir='ltr'>μοχθηρίαν,</span> <span class='ocrx_word' id='word_1_336' title='bbox 909 3103 1004 3158; x_wconf 76' lang='grc' dir='ltr'><strong>καὶ</strong></span> <span class='ocrx_word' id='word_1_337' title='bbox 1023 3102 1122 3171; x_wconf 76' lang='grc' dir='ltr'>τὴν</span> <span class='ocrx_word' id='word_1_338' title='bbox 1139 3100 1364 3154; x_wconf 85' lang='grc' dir='ltr'>ἐκείνων</span> <span class='ocrx_word' id='word_1_339' title='bbox 1395 3097 1728 3168; x_wconf 81' lang='grc' dir='ltr'>θεασάμενοι</span> <span class='ocrx_word' id='word_1_340' title='bbox 1755 3113 1930 3166; x_wconf 85' lang='grc' dir='ltr'>τιμω-</span> <span class='ocrx_word' id='word_1_341' title='bbox 1958 3123 2005 3186; x_wconf 76' lang='lat' dir='ltr'>c</span> 
     </span>
    </p>
   </div>
   <div class='ocr_carea' id='block_1_49' title="bbox 360 3187 1926 3268">
    <p class='ocr_par' dir='ltr' id='par_1_49' title="bbox 360 3187 1926 3268">
     <span class='ocr_line' id='line_1_49' title="bbox 360 3187 1926 3268; baseline -0.007 -18"><span class='ocrx_word' id='word_1_342' title='bbox 360 3195 484 3268; x_wconf 83' lang='grc' dir='ltr'>ρίαν</span> <span class='ocrx_word' id='word_1_343' title='bbox 511 3197 578 3261; x_wconf 71' lang='grc'>⁸⁸,</span> <span class='ocrx_word' id='word_1_344' title='bbox 611 3196 766 3250; x_wconf 82' lang='grc' dir='ltr'>οὐδὲν</span> <span class='ocrx_word' id='word_1_345' title='bbox 849 3193 1102 3248; x_wconf 81' lang='grc' dir='ltr'>ἐντεῦθεν</span> <span class='ocrx_word' id='word_1_346' title='bbox 1171 3190 1478 3245; x_wconf 80' lang='grc' dir='ltr'>ἁπὼναντο.</span> <span class='ocrx_word' id='word_1_347' title='bbox 1527 3209 1544 3242; x_wconf 77' lang='grc' dir='ltr'><strong>ι</strong></span> <span class='ocrx_word' id='word_1_348' title='bbox 1609 3187 1926 3259; x_wconf 79' lang='grc' dir='ltr'>Μετεστρά-</span> 
     </span>
    </p>
   </div>
   <div class='ocr_carea' id='block_1_50' title="bbox 357 3280 1932 3361">
    <p class='ocr_par' dir='ltr' id='par_1_50' title="bbox 357 3280 1932 3361">
     <span class='ocr_line' id='line_1_50' title="bbox 357 3280 1932 3361; baseline -0.007 -18"><span class='ocrx_word' id='word_1_349' title='bbox 357 3307 538 3361; x_wconf 78' lang='grc' dir='ltr'>φησαν</span> <span class='ocrx_word' id='word_1_350' title='bbox 589 3291 670 3352; x_wconf 89' lang='grc' dir='ltr'><strong>εἰς</strong></span> <span class='ocrx_word' id='word_1_351' title='bbox 722 3287 933 3352; x_wconf 66' lang='grc' dir='ltr'>τόξοννί</span> <span class='ocrx_word' id='word_1_352' title='bbox 991 3284 1273 3356; x_wconf 79' lang='grc' dir='ltr'>στρεϐλόν.</span> <span class='ocrx_word' id='word_1_353' title='bbox 1339 3302 1357 3335; x_wconf 72' lang='grc' dir='ltr'><strong>ι</strong></span> <span class='ocrx_word' id='word_1_354' title='bbox 1409 3281 1608 3347; x_wconf 79' lang='grc' dir='ltr'>Τόξον,</span> <span class='ocrx_word' id='word_1_355' title='bbox 1645 3280 1790 3335; x_wconf 82' lang='grc' dir='ltr'>κατὰ</span> <span class='ocrx_word' id='word_1_356' title='bbox 1833 3280 1932 3350; x_wconf 83' lang='grc' dir='ltr'>μὲν</span> 
     </span>
    </p>
   </div>
   <div class='ocr_carea' id='block_1_51' title="bbox 357 3371 1936 3452">
    <p class='ocr_par' dir='ltr' id='par_1_51' title="bbox 357 3371 1936 3452">
     <span class='ocr_line' id='line_1_51' title="bbox 357 3371 1936 3452; baseline -0.008 -15"><span class='ocrx_word' id='word_1_357' title='bbox 357 3383 553 3452; x_wconf 84' lang='grc' dir='ltr'>τέχνην</span> <span class='ocrx_word' id='word_1_358' title='bbox 604 3378 1138 3450; x_wconf 82' lang='grc' dir='ltr'>κατεσκευασμένον,</span> <span class='ocrx_word' id='word_1_359' title='bbox 1203 3377 1344 3431; x_wconf 79' lang='grc' dir='ltr'>κατὰ</span> <span class='ocrx_word' id='word_1_360' title='bbox 1380 3372 1584 3430; x_wconf 82' lang='grc' dir='ltr'>σκοποῦ</span> <span class='ocrx_word' id='word_1_361' title='bbox 1619 3372 1826 3444; x_wconf 75' lang='grc' dir='ltr'>πέμπει</span> <span class='ocrx_word' id='word_1_362' title='bbox 1864 3371 1936 3425; x_wconf 77' lang='grc' dir='ltr'>τὰ</span> 
     </span>
    </p>
   </div>
   <div class='ocr_carea' id='block_1_52' title="bbox 362 3463 1935 3546">
    <p class='ocr_par' dir='ltr' id='par_1_52' title="bbox 362 3463 1935 3546">
     <span class='ocr_line' id='line_1_52' title="bbox 362 3463 1935 3546; baseline -0.009 -16"><span class='ocrx_word' id='word_1_363' title='bbox 362 3475 641 3546; x_wconf 79' lang='grc' dir='ltr'>ἀφιέμενα</span> <span class='ocrx_word' id='word_1_364' title='bbox 675 3473 803 3544; x_wconf 83' lang='grc' dir='ltr'>βέλη</span> <span class='ocrx_word' id='word_1_365' title='bbox 827 3489 842 3505; x_wconf 88' lang='grc'><strong>·</strong></span> <span class='ocrx_word' id='word_1_366' title='bbox 881 3468 1220 3539; x_wconf 75' lang='grc' dir='ltr'>διαστροφὴν</span> <span class='ocrx_word' id='word_1_367' title='bbox 1245 3467 1301 3520; x_wconf 78' lang='grc' dir='ltr'>δέ</span> <span class='ocrx_word' id='word_1_368' title='bbox 1349 3484 1473 3520; x_wconf 84' lang='grc' dir='ltr'>τινα</span> <span class='ocrx_word' id='word_1_369' title='bbox 1519 3465 1836 3542; x_wconf 68' lang='grc' dir='ltr'>δεξάμενον,</span> <span class='ocrx_word' id='word_1_370' title='bbox 1867 3463 1935 3516; x_wconf 80' lang='grc' dir='ltr'>τὰ</span> 
     </span>
    </p>
   </div>
   <div class='ocr_carea' id='block_1_53' title="bbox 361 3557 1934 3638">
    <p class='ocr_par' dir='ltr' id='par_1_53' title="bbox 361 3557 1934 3638">
     <span class='ocr_line' id='line_1_53' title="bbox 361 3557 1934 3638; baseline -0.008 -18"><span class='ocrx_word' id='word_1_371' title='bbox 361 3569 692 3638; x_wconf 79' lang='grc' dir='ltr'>πεμπόμενα</span> <span class='ocrx_word' id='word_1_372' title='bbox 738 3563 866 3636; x_wconf 76' lang='grc' dir='ltr'>βέλη</span> <span class='ocrx_word' id='word_1_373' title='bbox 900 3560 1251 3616; x_wconf 79' lang='grc' dir='ltr'>κατευθύνειν</span> <span class='ocrx_word' id='word_1_374' title='bbox 1277 3559 1336 3612; x_wconf 83' lang='grc' dir='ltr'><strong>οὐ</strong></span> <span class='ocrx_word' id='word_1_375' title='bbox 1379 3558 1630 3611; x_wconf 84' lang='grc' dir='ltr'>δύναται.</span> <span class='ocrx_word' id='word_1_376' title='bbox 1673 3557 1934 3610; x_wconf 83' lang='grc' dir='ltr'>Κάκεῖνοι</span> 
     </span>
    </p>
   </div>
   <div class='ocr_carea' id='block_1_54' title="bbox 361 3648 1933 3729">
    <p class='ocr_par' dir='ltr' id='par_1_54' title="bbox 361 3648 1933 3729">
     <span class='ocr_line' id='line_1_54' title="bbox 361 3648 1933 3729; baseline -0.01 -15"><span class='ocrx_word' id='word_1_377' title='bbox 361 3661 541 3714; x_wconf 88' lang='grc' dir='ltr'>τοίνυν</span> <span class='ocrx_word' id='word_1_378' title='bbox 574 3659 678 3729; x_wconf 79' lang='grc' dir='ltr'>τῆς</span> <span class='ocrx_word' id='word_1_379' title='bbox 739 3657 984 3718; x_wconf 81' lang='grc' dir='ltr'>διανοίας</span> <span class='ocrx_word' id='word_1_380' title='bbox 1031 3655 1130 3722; x_wconf 71' lang='grc' dir='ltr'><strong>τὴν</strong></span> <span class='ocrx_word' id='word_1_381' title='bbox 1162 3651 1437 3721; x_wconf 75' lang='grc' dir='ltr'>εὐθύτητα</span> <span class='ocrx_word' id='word_1_382' title='bbox 1479 3648 1933 3720; x_wconf 74' lang='grc' dir='ltr'>διαφθείραντες,</span> 
     </span>
    </p>
   </div>
   <div class='ocr_carea' id='block_1_55' title="bbox 359 3739 1928 3818">
    <p class='ocr_par' dir='ltr' id='par_1_55' title="bbox 359 3739 1928 3818">
     <span class='ocr_line' id='line_1_55' title="bbox 359 3739 1928 3818; baseline -0.011 -11"><span class='ocrx_word' id='word_1_383' title='bbox 359 3751 485 3807; x_wconf 79' lang='grc' dir='ltr'>οὕτε</span> <span class='ocrx_word' id='word_1_384' title='bbox 519 3754 639 3814; x_wconf 86' lang='grc' dir='ltr'>ταῖς</span> <span class='ocrx_word' id='word_1_385' title='bbox 700 3749 872 3812; x_wconf 79' lang='grc' dir='ltr'>θείαις</span> <span class='ocrx_word' id='word_1_386' title='bbox 922 3743 1266 3818; x_wconf 81' lang='grc' dir='ltr'>εὐεργεσίαις</span> <span class='ocrx_word' id='word_1_387' title='bbox 1321 3744 1402 3806; x_wconf 89' lang='grc' dir='ltr'><strong>εἰς</strong></span> <span class='ocrx_word' id='word_1_388' title='bbox 1473 3741 1592 3794; x_wconf 76' lang='grc' dir='ltr'>δέον</span> <span class='ocrx_word' id='word_1_389' title='bbox 1663 3739 1928 3810; x_wconf 77' lang='grc' dir='ltr'>ἐχρῶντο,</span> 
     </span>
    </p>
   </div>
   <div class='ocr_carea' id='block_1_56' title="bbox 362 3831 1940 3912">
    <p class='ocr_par' dir='ltr' id='par_1_56' title="bbox 362 3831 1940 3912">
     <span class='ocr_line' id='line_1_56' title="bbox 362 3831 1940 3912; baseline -0.01 -15"><span class='ocrx_word' id='word_1_390' title='bbox 362 3843 460 3898; x_wconf 66' lang='grc' dir='ltr'><strong>καὶ</strong></span> <span class='ocrx_word' id='word_1_391' title='bbox 512 3841 716 3912; x_wconf 82' lang='grc' dir='ltr'>βλάϐης</span> <span class='ocrx_word' id='word_1_392' title='bbox 748 3838 1002 3910; x_wconf 80' lang='grc' dir='ltr'>ἀφορμὰς</span> <span class='ocrx_word' id='word_1_393' title='bbox 1041 3837 1137 3899; x_wconf 76' lang='grc' dir='ltr'>τὰς</span> <span class='ocrx_word' id='word_1_394' title='bbox 1179 3835 1280 3904; x_wconf 80' lang='grc' dir='ltr'>τῆς</span> <span class='ocrx_word' id='word_1_395' title='bbox 1331 3833 1603 3903; x_wconf 69' lang='grc' dir='ltr'>ὠφελείας</span> <span class='ocrx_word' id='word_1_396' title='bbox 1635 3831 1940 3900; x_wconf 76' lang='grc' dir='ltr'>ἀπέφαινον</span> 
     </span>
    </p>
   </div>
   <div class='ocr_carea' id='block_1_57' title="bbox 361 3932 642 4003">
    <p class='ocr_par' dir='ltr' id='par_1_57' title="bbox 361 3932 642 4003">
     <span class='ocr_line' id='line_1_57' title="bbox 361 3932 642 4003; baseline -0.014 -15"><span class='ocrx_word' id='word_1_397' title='bbox 361 3932 642 4003; x_wconf 78' lang='grc' dir='ltr'>ἀφορμάς.</span> 
     </span>
    </p>
   </div>
   <div class='ocr_carea' id='block_1_58' title="bbox 435 4009 1938 4092">
    <p class='ocr_par' dir='ltr' id='par_1_58' title="bbox 435 4009 1938 4092">
     <span class='ocr_line' id='line_1_58' title="bbox 435 4009 1938 4092; baseline -0.01 -15"><span class='ocrx_word' id='word_1_398' title='bbox 435 4027 538 4092; x_wconf 82' lang='grc' dir='ltr'>νη’.</span> <span class='ocrx_word' id='word_1_399' title='bbox 572 4039 590 4072; x_wconf 73' lang='grc' dir='ltr'><strong>ι</strong></span> <span class='ocrx_word' id='word_1_400' title='bbox 626 4020 736 4074; x_wconf 86' lang='lat' dir='ltr'><strong>Kal</strong></span> <span class='ocrx_word' id='word_1_401' title='bbox 764 4017 1122 4088; x_wconf 72' lang='grc' dir='ltr'>παρώργισαν</span> <span class='ocrx_word' id='word_1_402' title='bbox 1147 4014 1310 4069; x_wconf 69' lang='grc' dir='ltr'>αὐτον</span> <span class='ocrx_word' id='word_1_403' title='bbox 1347 4013 1405 4066; x_wconf 87' lang='grc' dir='ltr'><strong>ἐν</strong></span> <span class='ocrx_word' id='word_1_404' title='bbox 1436 4015 1548 4076; x_wconf 88' lang='grc' dir='ltr'>τοῖς</span> <span class='ocrx_word' id='word_1_405' title='bbox 1581 4011 1792 4082; x_wconf 84' lang='grc' dir='ltr'>βουνοῖς</span> <span class='ocrx_word' id='word_1_406' title='bbox 1837 4009 1938 4063; x_wconf 85' lang='grc' dir='ltr'>αὐ-</span> 
     </span>
    </p>
   </div>
   <div class='ocr_carea' id='block_1_59' title="bbox 363 4101 1944 4178">
    <p class='ocr_par' dir='ltr' id='par_1_59' title="bbox 363 4101 1944 4178">
     <span class='ocr_line' id='line_1_59' title="bbox 363 4101 1944 4178; baseline -0.008 -12"><span class='ocrx_word' id='word_1_407' title='bbox 363 4111 495 4176; x_wconf 83' lang='grc' dir='ltr'>τῶν,</span> <span class='ocrx_word' id='word_1_408' title='bbox 543 4113 638 4165; x_wconf 73' lang='grc' dir='ltr'>καὶ</span> <span class='ocrx_word' id='word_1_409' title='bbox 693 4115 749 4165; x_wconf 88' lang='grc' dir='ltr'><strong>ἐν</strong></span> <span class='ocrx_word' id='word_1_410' title='bbox 805 4113 918 4174; x_wconf 85' lang='grc' dir='ltr'>τοῖς</span> <span class='ocrx_word' id='word_1_411' title='bbox 977 4107 1238 4178; x_wconf 80' lang='grc' dir='ltr'>γλυπτοῖς</span> <span class='ocrx_word' id='word_1_412' title='bbox 1295 4103 1474 4158; x_wconf 85' lang='grc' dir='ltr'>αὐτῶν</span> <span class='ocrx_word' id='word_1_413' title='bbox 1542 4101 1944 4174; x_wconf 76' lang='grc' dir='ltr'>παρεζήλωσαν</span> 
     </span>
    </p>
   </div>
   <div class='ocr_carea' id='block_1_60' title="bbox 365 4189 1950 4270">
    <p class='ocr_par' dir='ltr' id='par_1_60' title="bbox 365 4189 1950 4270">
     <span class='ocr_line' id='line_1_60' title="bbox 365 4189 1950 4270; baseline -0.006 -16"><span class='ocrx_word' id='word_1_414' title='bbox 365 4201 550 4254; x_wconf 80' lang='grc' dir='ltr'>αὐτόν.</span> <span class='ocrx_word' id='word_1_415' title='bbox 587 4217 606 4251; x_wconf 81' lang='grc'>›</span> <span class='ocrx_word' id='word_1_416' title='bbox 667 4199 827 4270; x_wconf 71' lang='grc' dir='ltr'>Παρὰ</span> <span class='ocrx_word' id='word_1_417' title='bbox 882 4196 978 4251; x_wconf 79' lang='grc' dir='ltr'>τοῦ</span> <span class='ocrx_word' id='word_1_418' title='bbox 1015 4195 1149 4250; x_wconf 85' lang='grc' dir='ltr'>Θεοῦ</span> <span class='ocrx_word' id='word_1_419' title='bbox 1206 4194 1316 4248; x_wconf 85' lang='grc' dir='ltr'><strong>τῶν</strong></span> <span class='ocrx_word' id='word_1_420' title='bbox 1367 4193 1505 4247; x_wconf 76' lang='grc' dir='ltr'>ὅλων</span> <span class='ocrx_word' id='word_1_421' title='bbox 1552 4192 1832 4264; x_wconf 82' lang='grc' dir='ltr'>δεχόμενοι</span> <span class='ocrx_word' id='word_1_422' title='bbox 1879 4189 1950 4245; x_wconf 79' lang='grc' dir='ltr'>τὰ</span> 
     </span>
    </p>
   </div>
   <div class='ocr_carea' id='block_1_61' title="bbox 367 4283 1592 4360">
    <p class='ocr_par' dir='ltr' id='par_1_61' title="bbox 367 4283 1592 4360">
     <span class='ocr_line' id='line_1_61' title="bbox 367 4283 1592 4360; baseline -0.005 -15"><span class='ocrx_word' id='word_1_423' title='bbox 367 4289 572 4360; x_wconf 78' lang='grc' dir='ltr'>ἀγαθὰ,</span> <span class='ocrx_word' id='word_1_424' title='bbox 602 4290 715 4353; x_wconf 81' lang='grc' dir='ltr'>τοῖς</span> <span class='ocrx_word' id='word_1_425' title='bbox 748 4289 978 4360; x_wconf 66' lang='grc' dir='ltr'>ἀψύχοις</span> <span class='ocrx_word' id='word_1_426' title='bbox 1009 4286 1248 4349; x_wconf 81' lang='grc' dir='ltr'>εἰδώλοις</span> <span class='ocrx_word' id='word_1_427' title='bbox 1287 4283 1592 4339; x_wconf 80' lang='grc' dir='ltr'>ἐδούλευον.</span> 
     </span>
    </p>
   </div>
   <div class='ocr_carea' id='block_1_62' title="bbox 439 4372 1950 4448">
    <p class='ocr_par' dir='ltr' id='par_1_62' title="bbox 439 4372 1950 4448">
     <span class='ocr_line' id='line_1_62' title="bbox 439 4372 1950 4448; baseline -0.008 -11"><span class='ocrx_word' id='word_1_428' title='bbox 439 4383 538 4438; x_wconf 79' lang='lat' dir='ltr'><strong>v0&quot;.</strong></span> <span class='ocrx_word' id='word_1_429' title='bbox 575 4400 594 4434; x_wconf 75' lang='grc' dir='ltr'><strong>ι</strong></span> <span class='ocrx_word' id='word_1_430' title='bbox 637 4383 904 4435; x_wconf 83' lang='grc' dir='ltr'>Ἤκουσεν</span> <span class='ocrx_word' id='word_1_431' title='bbox 933 4381 1134 4445; x_wconf 79' lang='grc' dir='ltr'>ὀΘεδς,</span> <span class='ocrx_word' id='word_1_432' title='bbox 1171 4379 1266 4433; x_wconf 76' lang='grc' dir='ltr'><strong>καὶ</strong></span> <span class='ocrx_word' id='word_1_433' title='bbox 1287 4376 1539 4448; x_wconf 87' lang='grc' dir='ltr'>ὑπερεῖδε</span> <span class='ocrx_word' id='word_1_434' title='bbox 1563 4375 1630 4430; x_wconf 71' lang='grc'><strong>⁸³.</strong></span> <span class='ocrx_word' id='word_1_435' title='bbox 1677 4393 1697 4426; x_wconf 73' lang='grc' dir='ltr'><strong>ι</strong></span> <span class='ocrx_word' id='word_1_436' title='bbox 1745 4372 1950 4443; x_wconf 84' lang='grc' dir='ltr'>Δεομέ-</span> 
     </span>
    </p>
   </div>
   <div class='ocr_carea' id='block_1_63' title="bbox 366 4449 2887 4550">
    <p class='ocr_par' dir='ltr' id='par_1_63' title="bbox 366 4449 2887 4550">
     <span class='ocr_line' id='line_1_63' title="bbox 366 4449 2887 4550; baseline -0.008 -15"><span class='ocrx_word' id='word_1_437' title='bbox 366 4497 522 4546; x_wconf 79' lang='grc' dir='ltr'>νους,</span> <span class='ocrx_word' id='word_1_438' title='bbox 555 4478 712 4550; x_wconf 76' lang='grc' dir='ltr'>φησὶ,</span> <span class='ocrx_word' id='word_1_439' title='bbox 747 4477 847 4547; x_wconf 80' lang='grc' dir='ltr'>τῆς</span> <span class='ocrx_word' id='word_1_440' title='bbox 902 4474 1112 4539; x_wconf 78' lang='grc' dir='ltr'>οἰκείας</span> <span class='ocrx_word' id='word_1_441' title='bbox 1140 4474 1241 4526; x_wconf 86' lang='grc' dir='ltr'><strong>οὐκ</strong></span> <span class='ocrx_word' id='word_1_442' title='bbox 1270 4470 1422 4540; x_wconf 71' lang='grc' dir='ltr'>ἠξίου</span> <span class='ocrx_word' id='word_1_443' title='bbox 1449 4467 1728 4540; x_wconf 84' lang='grc' dir='ltr'>προνοίας.</span> <span class='ocrx_word' id='word_1_444' title='bbox 1762 4465 1947 4520; x_wconf 79' lang='grc' dir='ltr'>Ταῦτα</span> <span class='ocrx_word' id='word_1_445' title='bbox 1981 4466 2026 4524; x_wconf 89' lang='lat' dir='ltr'><strong>D</strong></span> <span class='ocrx_word' id='word_1_446' title='bbox 2051 4449 2252 4550; x_wconf 46' lang='lat' dir='ltr'><strong>inquit,</strong></span> <span class='ocrx_word' id='word_1_447' title='bbox 2297 4454 2739 4550; x_wconf 42' lang='lat' dir='ltr'><strong>Precanlesjml.</strong></span> <span class='ocrx_word' id='word_1_448' title='bbox 2785 4459 2887 4550; x_wconf 64' lang='grc' dir='ltr'><strong>θρίξ</strong></span> 
     </span>
    </p>
   </div>
   <div class='ocr_carea' id='block_1_64' title="bbox 370 4554 1950 4642">
    <p class='ocr_par' dir='ltr' id='par_1_64' title="bbox 370 4554 1950 4642">
     <span class='ocr_line' id='line_1_64' title="bbox 370 4554 1950 4642; baseline -0.013 -16"><span class='ocrx_word' id='word_1_449' title='bbox 370 4572 427 4626; x_wconf 78' lang='grc' dir='ltr'>δὲ</span> <span class='ocrx_word' id='word_1_450' title='bbox 451 4571 780 4642; x_wconf 78' lang='grc' dir='ltr'>σαφέστερον</span> <span class='ocrx_word' id='word_1_451' title='bbox 815 4567 972 4640; x_wconf 80' lang='grc' dir='ltr'>ἡτῶν</span> <span class='ocrx_word' id='word_1_452' title='bbox 997 4563 1216 4636; x_wconf 81' lang='grc' dir='ltr'>Κριτῶν</span> <span class='ocrx_word' id='word_1_453' title='bbox 1241 4560 1448 4632; x_wconf 82' lang='grc' dir='ltr'>ἱστορία</span> <span class='ocrx_word' id='word_1_454' title='bbox 1477 4558 1738 4612; x_wconf 77' lang='grc' dir='ltr'>διδάσκει.</span> <span class='ocrx_word' id='word_1_455' title='bbox 1775 4554 1950 4625; x_wconf 78' lang='grc' dir='ltr'>Παρέ-</span> 
     </span>
    </p>
   </div>
   <div class='ocr_carea' id='block_1_65' title="bbox 375 4643 1955 4732">
    <p class='ocr_par' dir='ltr' id='par_1_65' title="bbox 375 4643 1955 4732">
     <span class='ocr_line' id='line_1_65' title="bbox 375 4643 1955 4732; baseline -0.012 -16"><span class='ocrx_word' id='word_1_456' title='bbox 375 4663 514 4716; x_wconf 89' lang='grc' dir='ltr'>δωκε</span> <span class='ocrx_word' id='word_1_457' title='bbox 550 4662 660 4732; x_wconf 74' lang='grc' dir='ltr'><strong>γὰρ</strong></span> <span class='ocrx_word' id='word_1_458' title='bbox 697 4661 916 4720; x_wconf 82' lang='grc' dir='ltr'>αὐτοὺς,</span> <span class='ocrx_word' id='word_1_459' title='bbox 955 4657 1089 4710; x_wconf 85' lang='grc' dir='ltr'><strong>ποτέ</strong></span> <span class='ocrx_word' id='word_1_460' title='bbox 1154 4655 1252 4725; x_wconf 83' lang='grc' dir='ltr'><strong>μὲν</strong></span> <span class='ocrx_word' id='word_1_461' title='bbox 1311 4650 1698 4721; x_wconf 87' lang='grc' dir='ltr'>Ἀμμανίταις,</span> <span class='ocrx_word' id='word_1_462' title='bbox 1735 4646 1868 4700; x_wconf 82' lang='grc' dir='ltr'>ποτὲ</span> <span class='ocrx_word' id='word_1_463' title='bbox 1895 4643 1955 4698; x_wconf 72' lang='grc' dir='ltr'>δὲ</span> 
     </span>
    </p>
   </div>
   <div class='ocr_carea' id='block_1_66' title="bbox 375 4736 1954 4826">
    <p class='ocr_par' dir='ltr' id='par_1_66' title="bbox 375 4736 1954 4826">
     <span class='ocr_line' id='line_1_66' title="bbox 375 4736 1954 4826; baseline -0.013 -20"><span class='ocrx_word' id='word_1_464' title='bbox 375 4753 716 4816; x_wconf 82' lang='grc' dir='ltr'>Μωαϐίταις,</span> <span class='ocrx_word' id='word_1_465' title='bbox 767 4751 955 4806; x_wconf 82' lang='grc' dir='ltr'>ἄλλοτε</span> <span class='ocrx_word' id='word_1_466' title='bbox 987 4747 1042 4801; x_wconf 86' lang='grc' dir='ltr'><strong>δέ</strong></span> <span class='ocrx_word' id='word_1_467' title='bbox 1066 4743 1422 4814; x_wconf 83' lang='grc' dir='ltr'>Μαδιηναίοις</span> <span class='ocrx_word' id='word_1_468' title='bbox 1441 4781 1456 4806; x_wconf 90' lang='grc'><strong>,</strong></span> <span class='ocrx_word' id='word_1_469' title='bbox 1487 4743 1578 4794; x_wconf 64' lang='grc' dir='ltr'><strong>καὶ</strong></span> <span class='ocrx_word' id='word_1_470' title='bbox 1614 4736 1954 4826; x_wconf 48' lang='grc' dir='ltr'>ἁλλοιςῦλοιςο</span> 
     </span>
    </p>
   </div>
   <div class='ocr_carea' id='block_1_67' title="bbox 381 4823 1954 4910">
    <p class='ocr_par' dir='ltr' id='par_1_67' title="bbox 381 4823 1954 4910">
     <span class='ocr_line' id='line_1_67' title="bbox 381 4823 1954 4910; baseline -0.009 -18"><span class='ocrx_word' id='word_1_471' title='bbox 381 4841 572 4910; x_wconf 79' lang='grc' dir='ltr'>ποινὴν</span> <span class='ocrx_word' id='word_1_472' title='bbox 634 4841 832 4903; x_wconf 70' lang='grc' dir='ltr'>αὐτοὺς</span> <span class='ocrx_word' id='word_1_473' title='bbox 849 4839 892 4870; x_wconf 63' lang='grc' dir='ltr'><strong>’δ’</strong></span> <span class='ocrx_word' id='word_1_474' title='bbox 947 4839 1048 4906; x_wconf 81' lang='grc' dir='ltr'>τῆς</span> <span class='ocrx_word' id='word_1_475' title='bbox 1095 4833 1351 4894; x_wconf 82' lang='grc' dir='ltr'>ἀσεϐείας</span> <span class='ocrx_word' id='word_1_476' title='bbox 1404 4823 1866 4899; x_wconf 74' lang='grc' dir='ltr'>εἰσπραττόμενος</span> <span class='ocrx_word' id='word_1_477' title='bbox 1885 4823 1954 4878; x_wconf 77' lang='grc'><strong>⁵⁸.</strong></span> 
     </span>
    </p>
   </div>
   <div class='ocr_carea' id='block_1_68' title="bbox 389 4915 1959 5001">
    <p class='ocr_par' dir='ltr' id='par_1_68' title="bbox 389 4915 1959 5001">
     <span class='ocr_line' id='line_1_68' title="bbox 389 4915 1959 5001; baseline -0.009 -17"><span class='ocrx_word' id='word_1_478' title='bbox 389 4951 408 4984; x_wconf 74' lang='grc' dir='ltr'><strong>ι</strong></span> <span class='ocrx_word' id='word_1_479' title='bbox 439 4933 548 4985; x_wconf 88' lang='lat' dir='ltr'><strong>Kal</strong></span> <span class='ocrx_word' id='word_1_480' title='bbox 576 4931 902 4999; x_wconf 68' lang='grc' dir='ltr'>ὲξουόένωσε</span> <span class='ocrx_word' id='word_1_481' title='bbox 927 4929 1134 5001; x_wconf 73' lang='grc' dir='ltr'>σφόδρα</span> <span class='ocrx_word' id='word_1_482' title='bbox 1179 4927 1270 4980; x_wconf 81' lang='grc' dir='ltr'><strong>τὸν</strong></span> <span class='ocrx_word' id='word_1_483' title='bbox 1317 4922 1556 4994; x_wconf 74' lang='grc' dir='ltr'>Ἰσραήλ.</span> <span class='ocrx_word' id='word_1_484' title='bbox 1613 4939 1633 4971; x_wconf 72' lang='grc' dir='ltr'><strong>ι</strong></span> <span class='ocrx_word' id='word_1_485' title='bbox 1695 4919 1800 4971; x_wconf 74' lang='grc' dir='ltr'>Τὸν</span> <span class='ocrx_word' id='word_1_486' title='bbox 1847 4915 1959 4987; x_wconf 82' lang='grc' dir='ltr'>γὰρ</span> 
     </span>
    </p>
   </div>
   <div class='ocr_carea' id='block_1_69' title="bbox 382 5007 1960 5096">
    <p class='ocr_par' dir='ltr' id='par_1_69' title="bbox 382 5007 1960 5096">
     <span class='ocr_line' id='line_1_69' title="bbox 382 5007 1960 5096; baseline -0.011 -20"><span class='ocrx_word' id='word_1_487' title='bbox 382 5023 826 5096; x_wconf 82' lang='grc' dir='ltr'>πολυθρύλλητον</span> <span class='ocrx_word' id='word_1_488' title='bbox 877 5023 1088 5076; x_wconf 81' lang='grc' dir='ltr'>ἐκεῖνον</span> <span class='ocrx_word' id='word_1_489' title='bbox 1139 5017 1288 5082; x_wconf 78' lang='grc' dir='ltr'>λαὸν,</span> <span class='ocrx_word' id='word_1_490' title='bbox 1347 5014 1442 5068; x_wconf 70' lang='grc' dir='ltr'><strong>τὸν</strong></span> <span class='ocrx_word' id='word_1_491' title='bbox 1488 5008 1811 5082; x_wconf 80' lang='grc' dir='ltr'>παραδόξως</span> <span class='ocrx_word' id='word_1_492' title='bbox 1855 5007 1960 5076; x_wconf 86' lang='grc' dir='ltr'><strong>τῆς</strong></span> 
     </span>
    </p>
   </div>
   <div class='ocr_carea' id='block_1_70' title="bbox 377 5099 1962 5183">
    <p class='ocr_par' dir='ltr' id='par_1_70' title="bbox 377 5099 1962 5183">
     <span class='ocr_line' id='line_1_70' title="bbox 377 5099 1962 5183; baseline -0.01 -15"><span class='ocrx_word' id='word_1_493' title='bbox 377 5114 696 5183; x_wconf 80' lang='grc' dir='ltr'>Αἰγυπτίων</span> <span class='ocrx_word' id='word_1_494' title='bbox 736 5112 982 5176; x_wconf 83' lang='grc' dir='ltr'>δουλείας</span> <span class='ocrx_word' id='word_1_495' title='bbox 1045 5105 1451 5176; x_wconf 79' lang='grc' dir='ltr'>ἀπαλλαγέντα,</span> <span class='ocrx_word' id='word_1_496' title='bbox 1509 5102 1569 5157; x_wconf 83' lang='grc' dir='ltr'>ὃν</span> <span class='ocrx_word' id='word_1_497' title='bbox 1609 5103 1645 5173; x_wconf 80' lang='grc' dir='ltr'><strong>ἡ</strong></span> <span class='ocrx_word' id='word_1_498' title='bbox 1707 5099 1962 5154; x_wconf 81' lang='grc' dir='ltr'>Θάλασσα</span> 
     </span>
    </p>
   </div>
   <div class='ocr_carea' id='block_1_71' title="bbox 392 5189 1956 5275">
    <p class='ocr_par' dir='ltr' id='par_1_71' title="bbox 392 5189 1956 5275">
     <span class='ocr_line' id='line_1_71' title="bbox 392 5189 1956 5275; baseline -0.011 -15"><span class='ocrx_word' id='word_1_499' title='bbox 392 5203 500 5260; x_wconf 83' lang='grc' dir='ltr'>εἶδε</span> <span class='ocrx_word' id='word_1_500' title='bbox 529 5207 623 5260; x_wconf 77' lang='grc' dir='ltr'>καὶ</span> <span class='ocrx_word' id='word_1_501' title='bbox 647 5205 836 5275; x_wconf 78' lang='grc' dir='ltr'>ἔφυγε,</span> <span class='ocrx_word' id='word_1_502' title='bbox 877 5205 972 5258; x_wconf 72' lang='grc' dir='ltr'>καὶ</span> <span class='ocrx_word' id='word_1_503' title='bbox 993 5203 1024 5256; x_wconf 85' lang='grc' dir='ltr'>ὁ</span> <span class='ocrx_word' id='word_1_504' title='bbox 1083 5201 1356 5272; x_wconf 80' lang='grc' dir='ltr'>Ἰορδάνης</span> <span class='ocrx_word' id='word_1_505' title='bbox 1393 5194 1744 5264; x_wconf 79' lang='grc' dir='ltr'>ἀνεχώρησεν</span> <span class='ocrx_word' id='word_1_506' title='bbox 1777 5191 1856 5254; x_wconf 79' lang='grc' dir='ltr'>εἰς</span> <span class='ocrx_word' id='word_1_507' title='bbox 1887 5189 1956 5244; x_wconf 67' lang='grc' dir='ltr'>τὰ</span> 
     </span>
    </p>
   </div>
   <div class='ocr_carea' id='block_1_72' title="bbox 383 5283 1864 5366">
    <p class='ocr_par' dir='ltr' id='par_1_72' title="bbox 383 5283 1864 5366">
     <span class='ocr_line' id='line_1_72' title="bbox 383 5283 1864 5366; baseline -0.009 -15"><span class='ocrx_word' id='word_1_508' title='bbox 383 5297 580 5364; x_wconf 76' lang='grc' dir='ltr'>ὀπίσω,</span> <span class='ocrx_word' id='word_1_509' title='bbox 607 5295 793 5350; x_wconf 81' lang='grc' dir='ltr'>τοῦτον</span> <span class='ocrx_word' id='word_1_510' title='bbox 824 5295 872 5349; x_wconf 89' lang='grc' dir='ltr'><strong>οί</strong></span> <span class='ocrx_word' id='word_1_511' title='bbox 895 5295 1088 5366; x_wconf 80' lang='grc' dir='ltr'>ὅμοροι</span> <span class='ocrx_word' id='word_1_512' title='bbox 1119 5289 1316 5365; x_wconf 66' lang='grc' dir='ltr'>ῥαδίως</span> <span class='ocrx_word' id='word_1_513' title='bbox 1339 5283 1864 5358; x_wconf 76' lang='grc' dir='ltr'>κατηγωνίζοντο⁵¹.</span> 
     </span>
    </p>
   </div>
   <div class='ocr_carea' id='block_1_73' title="bbox 2091 1983 3601 2049">
    <p class='ocr_par' dir='ltr' id='par_1_73' title="bbox 2091 1983 3601 2049">
     <span class='ocr_line' id='line_1_73' title="bbox 2091 1983 3601 2049; baseline -0.007 -1"><span class='ocrx_word' id='word_1_514' title='bbox 2091 1993 2258 2049; x_wconf 71' lang='lat' dir='ltr'><strong>Vens.</strong></span> <span class='ocrx_word' id='word_1_515' title='bbox 2289 1991 2378 2048; x_wconf 82' lang='lat'><strong>55.</strong></span> <span class='ocrx_word' id='word_1_516' title='bbox 2416 2011 2435 2043; x_wconf 73' lang='grc' dir='ltr'><strong>ε</strong></span> <span class='ocrx_word' id='word_1_517' title='bbox 2470 1990 2535 2044; x_wconf 87' lang='lat' dir='ltr'><strong>Et</strong></span> <span class='ocrx_word' id='word_1_518' title='bbox 2569 1991 2814 2044; x_wconf 84' lang='lat' dir='ltr'><strong>habitare</strong></span> <span class='ocrx_word' id='word_1_519' title='bbox 2854 1989 2980 2043; x_wconf 80' lang='lat' dir='ltr'><strong>fecit</strong></span> <span class='ocrx_word' id='word_1_520' title='bbox 3015 1989 3068 2042; x_wconf 91' lang='lat' dir='ltr'><strong>in</strong></span> <span class='ocrx_word' id='word_1_521' title='bbox 3112 1983 3480 2042; x_wconf 82' lang='lat' dir='ltr'><strong>tabernaculis</strong></span> <span class='ocrx_word' id='word_1_522' title='bbox 3503 1998 3601 2038; x_wconf 87' lang='lat' dir='ltr'><strong>eo-</strong></span> 
     </span>
    </p>
   </div>
   <div class='ocr_carea' id='block_1_74' title="bbox 2024 2073 3601 2140">
    <p class='ocr_par' dir='ltr' id='par_1_74' title="bbox 2024 2073 3601 2140">
     <span class='ocr_line' id='line_1_74' title="bbox 2024 2073 3601 2140; baseline -0.01 0"><span class='ocrx_word' id='word_1_523' title='bbox 2024 2101 2144 2140; x_wconf 88' lang='lat' dir='ltr'><strong>rum</strong></span> <span class='ocrx_word' id='word_1_524' title='bbox 2171 2083 2346 2138; x_wconf 88' lang='lat' dir='ltr'><strong>tribus</strong></span> <span class='ocrx_word' id='word_1_525' title='bbox 2376 2080 2564 2136; x_wconf 88' lang='lat' dir='ltr'><strong>Israel.</strong></span> <span class='ocrx_word' id='word_1_526' title='bbox 2610 2097 2628 2132; x_wconf 72' lang='grc' dir='ltr'><strong>ι</strong></span> <span class='ocrx_word' id='word_1_527' title='bbox 2668 2076 2980 2132; x_wconf 82' lang='lat' dir='ltr'><strong>Secundum</strong></span> <span class='ocrx_word' id='word_1_528' title='bbox 3018 2076 3194 2130; x_wconf 89' lang='lat' dir='ltr'><strong>tribus</strong></span> <span class='ocrx_word' id='word_1_529' title='bbox 3227 2073 3371 2128; x_wconf 88' lang='lat' dir='ltr'><strong>enim</strong></span> <span class='ocrx_word' id='word_1_530' title='bbox 3403 2082 3601 2126; x_wconf 88' lang='lat' dir='ltr'><strong>terram</strong></span> 
     </span>
    </p>
   </div>
   <div class='ocr_carea' id='block_1_75' title="bbox 2024 2162 3604 2232">
    <p class='ocr_par' dir='ltr' id='par_1_75' title="bbox 2024 2162 3604 2232">
     <span class='ocr_line' id='line_1_75' title="bbox 2024 2162 3604 2232; baseline -0.009 -1"><span class='ocrx_word' id='word_1_531' title='bbox 2024 2174 2440 2232; x_wconf 83' lang='lat' dir='ltr'><strong>distribuerunt.</strong></span> <span class='ocrx_word' id='word_1_532' title='bbox 2482 2169 2715 2226; x_wconf 86' lang='lat' dir='ltr'><strong>Ostensa</strong></span> <span class='ocrx_word' id='word_1_533' title='bbox 2747 2170 2800 2222; x_wconf 93' lang='lat' dir='ltr'><strong>in</strong></span> <span class='ocrx_word' id='word_1_534' title='bbox 2837 2169 2984 2222; x_wconf 89' lang='lat' dir='ltr'><strong>hunc</strong></span> <span class='ocrx_word' id='word_1_535' title='bbox 3016 2168 3240 2221; x_wconf 88' lang='lat' dir='ltr'><strong>modum</strong></span> <span class='ocrx_word' id='word_1_536' title='bbox 3285 2162 3604 2218; x_wconf 81' lang='lat' dir='ltr'><strong>inﬁdelitate</strong></span> 
     </span>
    </p>
   </div>
   <div class='ocr_carea' id='block_1_76' title="bbox 2023 2254 3604 2334">
    <p class='ocr_par' dir='ltr' id='par_1_76' title="bbox 2023 2254 3604 2334">
     <span class='ocr_line' id='line_1_76' title="bbox 2023 2254 3604 2334; baseline -0.011 -11"><span class='ocrx_word' id='word_1_537' title='bbox 2023 2285 2234 2332; x_wconf 87' lang='lat' dir='ltr'><strong>eorum,</strong></span> <span class='ocrx_word' id='word_1_538' title='bbox 2295 2282 2398 2334; x_wconf 75' lang='lat' dir='ltr'><strong>qua</strong></span> <span class='ocrx_word' id='word_1_539' title='bbox 2447 2263 2502 2317; x_wconf 93' lang='lat' dir='ltr'><strong>in</strong></span> <span class='ocrx_word' id='word_1_540' title='bbox 2555 2261 2848 2317; x_wconf 86' lang='lat' dir='ltr'><strong>solitudine</strong></span> <span class='ocrx_word' id='word_1_541' title='bbox 2900 2260 2984 2314; x_wconf 88' lang='lat' dir='ltr'><strong>usi</strong></span> <span class='ocrx_word' id='word_1_542' title='bbox 3043 2265 3194 2314; x_wconf 87' lang='lat' dir='ltr'><strong>sunt.</strong></span> <span class='ocrx_word' id='word_1_543' title='bbox 3251 2254 3604 2326; x_wconf 80' lang='lat' dir='ltr'><strong>persequitur</strong></span> 
     </span>
    </p>
   </div>
   <div class='ocr_carea' id='block_1_77' title="bbox 2025 2349 3540 2430">
    <p class='ocr_par' dir='ltr' id='par_1_77' title="bbox 2025 2349 3540 2430">
     <span class='ocr_line' id='line_1_77' title="bbox 2025 2349 3540 2430; baseline -0.013 -14"><span class='ocrx_word' id='word_1_544' title='bbox 2025 2360 2338 2430; x_wconf 88' lang='lat' dir='ltr'><strong>iniquitates</strong></span> <span class='ocrx_word' id='word_1_545' title='bbox 2370 2357 2422 2410; x_wconf 92' lang='lat' dir='ltr'><strong>in</strong></span> <span class='ocrx_word' id='word_1_546' title='bbox 2458 2365 2596 2410; x_wconf 87' lang='lat' dir='ltr'><strong>terra</strong></span> <span class='ocrx_word' id='word_1_547' title='bbox 2621 2351 3006 2424; x_wconf 87' lang='lat' dir='ltr'><strong>promissionis</strong></span> <span class='ocrx_word' id='word_1_548' title='bbox 3035 2349 3244 2420; x_wconf 76' lang='lat'><strong>1161</strong></span> <span class='ocrx_word' id='word_1_549' title='bbox 3275 2355 3540 2416; x_wconf 86' lang='lat' dir='ltr'><strong>patratas.</strong></span> 
     </span>
    </p>
   </div>
   <div class='ocr_carea' id='block_1_78' title="bbox 2099 2437 3608 2505">
    <p class='ocr_par' dir='ltr' id='par_1_78' title="bbox 2099 2437 3608 2505">
     <span class='ocr_line' id='line_1_78' title="bbox 2099 2437 3608 2505; baseline -0.013 0"><span class='ocrx_word' id='word_1_550' title='bbox 2099 2455 2118 2474; x_wconf 89' lang='grc'>⁶</span> <span class='ocrx_word' id='word_1_551' title='bbox 2145 2450 2304 2505; x_wconf 69' lang='lat' dir='ltr'><strong>Vsus.</strong></span> <span class='ocrx_word' id='word_1_552' title='bbox 2332 2448 2422 2504; x_wconf 84' lang='lat'><strong>56.</strong></span> <span class='ocrx_word' id='word_1_553' title='bbox 2466 2466 2484 2499; x_wconf 76' lang='grc' dir='ltr'><strong>ι</strong></span> <span class='ocrx_word' id='word_1_554' title='bbox 2521 2447 2581 2500; x_wconf 88' lang='lat' dir='ltr'><strong>Et</strong></span> <span class='ocrx_word' id='word_1_555' title='bbox 2634 2450 3002 2505; x_wconf 86' lang='lat' dir='ltr'><strong>tentavernnt,</strong></span> <span class='ocrx_word' id='word_1_556' title='bbox 3053 2454 3108 2493; x_wconf 85' lang='lat' dir='ltr'><strong>et</strong></span> <span class='ocrx_word' id='word_1_557' title='bbox 3141 2437 3608 2493; x_wconf 75' lang='lat' dir='ltr'><strong>exacerbaverunt</strong></span> 
     </span>
    </p>
   </div>
   <div class='ocr_carea' id='block_1_79' title="bbox 2027 2525 3609 2603">
    <p class='ocr_par' dir='ltr' id='par_1_79' title="bbox 2027 2525 3609 2603">
     <span class='ocr_line' id='line_1_79' title="bbox 2027 2525 3609 2603; baseline -0.013 -4"><span class='ocrx_word' id='word_1_558' title='bbox 2027 2543 2199 2598; x_wconf 90' lang='lat' dir='ltr'><strong>Deum</strong></span> <span class='ocrx_word' id='word_1_559' title='bbox 2231 2541 2534 2603; x_wconf 81' lang='lat' dir='ltr'><strong>excelsum,</strong></span> <span class='ocrx_word' id='word_1_560' title='bbox 2569 2545 2624 2591; x_wconf 90' lang='lat' dir='ltr'><strong>et</strong></span> <span class='ocrx_word' id='word_1_561' title='bbox 2673 2533 2986 2590; x_wconf 88' lang='lat' dir='ltr'><strong>testimonia</strong></span> <span class='ocrx_word' id='word_1_562' title='bbox 3031 2531 3151 2601; x_wconf 84' lang='lat' dir='ltr'><strong>ejus</strong></span> <span class='ocrx_word' id='word_1_563' title='bbox 3188 2545 3298 2585; x_wconf 88' lang='lat' dir='ltr'><strong>non</strong></span> <span class='ocrx_word' id='word_1_564' title='bbox 3335 2525 3609 2582; x_wconf 88' lang='lat' dir='ltr'><strong>custodie-</strong></span> 
     </span>
    </p>
   </div>
   <div class='ocr_carea' id='block_1_80' title="bbox 2025 2623 3610 2696">
    <p class='ocr_par' dir='ltr' id='par_1_80' title="bbox 2025 2623 3610 2696">
     <span class='ocr_line' id='line_1_80' title="bbox 2025 2623 3610 2696; baseline -0.013 -5"><span class='ocrx_word' id='word_1_565' title='bbox 2025 2643 2176 2692; x_wconf 90' lang='lat' dir='ltr'><strong>runt.</strong></span> <span class='ocrx_word' id='word_1_566' title='bbox 2208 2652 2227 2686; x_wconf 70' lang='grc' dir='ltr'><strong>ι</strong></span> <span class='ocrx_word' id='word_1_567' title='bbox 2291 2632 2416 2686; x_wconf 80' lang='lat' dir='ltr'><strong>Post</strong></span> <span class='ocrx_word' id='word_1_568' title='bbox 2469 2641 2546 2684; x_wconf 90' lang='lat' dir='ltr'><strong>tot</strong></span> <span class='ocrx_word' id='word_1_569' title='bbox 2604 2637 2864 2696; x_wconf 87' lang='lat' dir='ltr'><strong>tantaque</strong></span> <span class='ocrx_word' id='word_1_570' title='bbox 2930 2623 3194 2680; x_wconf 71' lang='lat' dir='ltr'><strong>beneficia</strong></span> <span class='ocrx_word' id='word_1_571' title='bbox 3246 2623 3610 2692; x_wconf 82' lang='lat' dir='ltr'><strong>perrexerunt</strong></span> 
     </span>
    </p>
   </div>
   <div class='ocr_carea' id='block_1_81' title="bbox 2028 2716 3206 2798">
    <p class='ocr_par' dir='ltr' id='par_1_81' title="bbox 2028 2716 3206 2798">
     <span class='ocr_line' id='line_1_81' title="bbox 2028 2716 3206 2798; baseline -0.014 -14"><span class='ocrx_word' id='word_1_572' title='bbox 2028 2729 2362 2798; x_wconf 74' lang='lat' dir='ltr'><strong>delinquere,</strong></span> <span class='ocrx_word' id='word_1_573' title='bbox 2393 2733 2446 2780; x_wconf 91' lang='lat' dir='ltr'><strong>ct</strong></span> <span class='ocrx_word' id='word_1_574' title='bbox 2477 2723 2658 2778; x_wconf 85' lang='lat' dir='ltr'><strong>divina</strong></span> <span class='ocrx_word' id='word_1_575' title='bbox 2694 2721 2948 2775; x_wconf 84' lang='lat' dir='ltr'><strong>mandata</strong></span> <span class='ocrx_word' id='word_1_576' title='bbox 2983 2716 3206 2770; x_wconf 86' lang='lat' dir='ltr'><strong>violare.</strong></span> 
     </span>
    </p>
   </div>
   <div class='ocr_carea' id='block_1_82' title="bbox 2101 2887 3610 2962">
    <p class='ocr_par' dir='ltr' id='par_1_82' title="bbox 2101 2887 3610 2962">
     <span class='ocr_line' id='line_1_82' title="bbox 2101 2887 3610 2962; baseline -0.009 -8"><span class='ocrx_word' id='word_1_577' title='bbox 2101 2897 2266 2953; x_wconf 72' lang='lat' dir='ltr'><strong>Vens.</strong></span> <span class='ocrx_word' id='word_1_578' title='bbox 2300 2897 2389 2950; x_wconf 83' lang='lat'><strong>57.</strong></span> <span class='ocrx_word' id='word_1_579' title='bbox 2421 2915 2440 2948; x_wconf 85' lang='grc'>‹</span> <span class='ocrx_word' id='word_1_580' title='bbox 2469 2893 2536 2949; x_wconf 89' lang='grc' dir='ltr'>Ει</span> <span class='ocrx_word' id='word_1_581' title='bbox 2564 2902 2880 2949; x_wconf 85' lang='lat' dir='ltr'><strong>averterunt</strong></span> <span class='ocrx_word' id='word_1_582' title='bbox 2905 2907 2984 2959; x_wconf 88' lang='lat' dir='ltr'><strong>se,</strong></span> <span class='ocrx_word' id='word_1_583' title='bbox 3013 2899 3068 2947; x_wconf 89' lang='lat' dir='ltr'><strong>et</strong></span> <span class='ocrx_word' id='word_1_584' title='bbox 3088 2887 3425 2962; x_wconf 68' lang='lat' dir='ltr'><strong>praevaricati</strong></span> <span class='ocrx_word' id='word_1_585' title='bbox 3458 2892 3610 2951; x_wconf 90' lang='lat' dir='ltr'><strong>sunt,</strong></span> 
     </span>
    </p>
   </div>
   <div class='ocr_carea' id='block_1_83' title="bbox 2032 2977 3613 3064">
    <p class='ocr_par' dir='ltr' id='par_1_83' title="bbox 2032 2977 3613 3064">
     <span class='ocr_line' id='line_1_83' title="bbox 2032 2977 3613 3064; baseline -0.01 -17"><span class='ocrx_word' id='word_1_586' title='bbox 2032 2988 2494 3064; x_wconf 87' lang='lat' dir='ltr'><strong>quemadmodum</strong></span> <span class='ocrx_word' id='word_1_587' title='bbox 2558 2997 2744 3058; x_wconf 88' lang='lat' dir='ltr'><strong>patres</strong></span> <span class='ocrx_word' id='word_1_588' title='bbox 2795 3001 3008 3040; x_wconf 89' lang='lat' dir='ltr'><strong>eorum.</strong></span> <span class='ocrx_word' id='word_1_589' title='bbox 3073 3003 3092 3036; x_wconf 76' lang='grc' dir='ltr'><strong>ι</strong></span> <span class='ocrx_word' id='word_1_590' title='bbox 3142 2981 3367 3038; x_wconf 87' lang='lat' dir='ltr'><strong>Patrum</strong></span> <span class='ocrx_word' id='word_1_591' title='bbox 3415 2977 3613 3035; x_wconf 87' lang='lat' dir='ltr'><strong>imitati</strong></span> 
     </span>
    </p>
   </div>
   <div class='ocr_carea' id='block_1_84' title="bbox 2037 3067 3612 3150">
    <p class='ocr_par' dir='ltr' id='par_1_84' title="bbox 2037 3067 3612 3150">
     <span class='ocr_line' id='line_1_84' title="bbox 2037 3067 3612 3150; baseline -0.011 -14"><span class='ocrx_word' id='word_1_592' title='bbox 2037 3090 2166 3138; x_wconf 90' lang='lat' dir='ltr'><strong>sunt</strong></span> <span class='ocrx_word' id='word_1_593' title='bbox 2206 3079 2528 3150; x_wconf 89' lang='lat' dir='ltr'><strong>nequitiam,</strong></span> <span class='ocrx_word' id='word_1_594' title='bbox 2558 3087 2612 3132; x_wconf 92' lang='lat' dir='ltr'><strong>et</strong></span> <span class='ocrx_word' id='word_1_595' title='bbox 2652 3075 2872 3130; x_wconf 91' lang='lat' dir='ltr'><strong>illorum</strong></span> <span class='ocrx_word' id='word_1_596' title='bbox 2922 3072 3220 3143; x_wconf 86' lang='lat' dir='ltr'><strong>conspicati</strong></span> <span class='ocrx_word' id='word_1_597' title='bbox 3259 3067 3612 3140; x_wconf 91' lang='lat' dir='ltr'><strong>supplicium,</strong></span> 
     </span>
    </p>
   </div>
   <div class='ocr_carea' id='block_1_85' title="bbox 2037 3161 3612 3240">
    <p class='ocr_par' dir='ltr' id='par_1_85' title="bbox 2037 3161 3612 3240">
     <span class='ocr_line' id='line_1_85' title="bbox 2037 3161 3612 3240; baseline -0.01 -12"><span class='ocrx_word' id='word_1_598' title='bbox 2037 3173 2174 3228; x_wconf 88' lang='lat' dir='ltr'><strong>nihil</strong></span> <span class='ocrx_word' id='word_1_599' title='bbox 2208 3171 2335 3227; x_wconf 89' lang='lat' dir='ltr'><strong>inde</strong></span> <span class='ocrx_word' id='word_1_600' title='bbox 2374 3167 2548 3240; x_wconf 76' lang='lat' dir='ltr'><strong>adiuti</strong></span> <span class='ocrx_word' id='word_1_601' title='bbox 2601 3175 2750 3222; x_wconf 92' lang='lat' dir='ltr'><strong>sunt.</strong></span> <span class='ocrx_word' id='word_1_602' title='bbox 2801 3185 2820 3215; x_wconf 73' lang='grc' dir='ltr'><strong>ι</strong></span> <span class='ocrx_word' id='word_1_603' title='bbox 2868 3165 3132 3220; x_wconf 88' lang='lat' dir='ltr'><strong>Conversi</strong></span> <span class='ocrx_word' id='word_1_604' title='bbox 3164 3171 3295 3218; x_wconf 92' lang='lat' dir='ltr'><strong>sunt</strong></span> <span class='ocrx_word' id='word_1_605' title='bbox 3329 3161 3380 3214; x_wconf 88' lang='lat' dir='ltr'><strong>in</strong></span> <span class='ocrx_word' id='word_1_606' title='bbox 3423 3173 3612 3214; x_wconf 74' lang='lat' dir='ltr'><strong>art-um</strong></span> 
     </span>
    </p>
   </div>
   <div class='ocr_carea' id='block_1_86' title="bbox 2035 3255 3616 3336">
    <p class='ocr_par' dir='ltr' id='par_1_86' title="bbox 2035 3255 3616 3336">
     <span class='ocr_line' id='line_1_86' title="bbox 2035 3255 3616 3336; baseline -0.01 -16"><span class='ocrx_word' id='word_1_607' title='bbox 2035 3279 2285 3336; x_wconf 89' lang='lat' dir='ltr'><strong>pravum.</strong></span> <span class='ocrx_word' id='word_1_608' title='bbox 2317 3281 2337 3315; x_wconf 70' lang='grc' dir='ltr'><strong>ι</strong></span> <span class='ocrx_word' id='word_1_609' title='bbox 2393 3263 2566 3316; x_wconf 86' lang='lat' dir='ltr'><strong>Arcus</strong></span> <span class='ocrx_word' id='word_1_610' title='bbox 2600 3259 2898 3314; x_wconf 90' lang='lat' dir='ltr'><strong>artiliciose</strong></span> <span class='ocrx_word' id='word_1_611' title='bbox 2944 3258 3258 3312; x_wconf 83' lang='lat' dir='ltr'><strong>elaboratus</strong></span> <span class='ocrx_word' id='word_1_612' title='bbox 3287 3255 3340 3307; x_wconf 91' lang='lat' dir='ltr'><strong>in</strong></span> <span class='ocrx_word' id='word_1_613' title='bbox 3385 3265 3616 3320; x_wconf 89' lang='lat' dir='ltr'><strong>scopum</strong></span> 
     </span>
    </p>
   </div>
   <div class='ocr_carea' id='block_1_87' title="bbox 2037 3343 3620 3424">
    <p class='ocr_par' dir='ltr' id='par_1_87' title="bbox 2037 3343 3620 3424">
     <span class='ocr_line' id='line_1_87' title="bbox 2037 3343 3620 3424; baseline -0.011 -13"><span class='ocrx_word' id='word_1_614' title='bbox 2037 3356 2236 3411; x_wconf 53' lang='lat' dir='ltr'><strong>emissa</strong></span> <span class='ocrx_word' id='word_1_615' title='bbox 2255 3355 2438 3424; x_wconf 82' lang='lat' dir='ltr'><strong>jacula</strong></span> <span class='ocrx_word' id='word_1_616' title='bbox 2466 3351 2656 3421; x_wconf 81' lang='lat' dir='ltr'><strong>dirigit</strong></span> <span class='ocrx_word' id='word_1_617' title='bbox 2687 3367 2702 3405; x_wconf 89' lang='lat'><strong>:</strong></span> <span class='ocrx_word' id='word_1_618' title='bbox 2741 3351 2786 3406; x_wconf 90' lang='lat' dir='ltr'><strong>si</strong></span> <span class='ocrx_word' id='word_1_619' title='bbox 2819 3365 2946 3404; x_wconf 86' lang='lat' dir='ltr'><strong>vero</strong></span> <span class='ocrx_word' id='word_1_620' title='bbox 2971 3348 3211 3416; x_wconf 87' lang='lat' dir='ltr'><strong>aliquam</strong></span> <span class='ocrx_word' id='word_1_621' title='bbox 3239 3343 3620 3413; x_wconf 87' lang='lat' dir='ltr'><strong>obliquitatem</strong></span> 
     </span>
    </p>
   </div>
   <div class='ocr_carea' id='block_1_88' title="bbox 2038 3433 3614 3512">
    <p class='ocr_par' dir='ltr' id='par_1_88' title="bbox 2038 3433 3614 3512">
     <span class='ocr_line' id='line_1_88' title="bbox 2038 3433 3614 3512; baseline -0.008 -11"><span class='ocrx_word' id='word_1_622' title='bbox 2038 3446 2095 3501; x_wconf 91' lang='lat' dir='ltr'><strong>in</strong></span> <span class='ocrx_word' id='word_1_623' title='bbox 2129 3461 2188 3501; x_wconf 89' lang='lat' dir='ltr'><strong>se</strong></span> <span class='ocrx_word' id='word_1_624' title='bbox 2221 3443 2494 3508; x_wconf 87' lang='lat' dir='ltr'><strong>habuerit,</strong></span> <span class='ocrx_word' id='word_1_625' title='bbox 2540 3443 2818 3512; x_wconf 73' lang='lat' dir='ltr'><strong>coniectas</strong></span> <span class='ocrx_word' id='word_1_626' title='bbox 2857 3441 3084 3509; x_wconf 81' lang='lat' dir='ltr'><strong>sagittas</strong></span> <span class='ocrx_word' id='word_1_627' title='bbox 3129 3437 3366 3508; x_wconf 81' lang='lat' dir='ltr'><strong>dirigere</strong></span> <span class='ocrx_word' id='word_1_628' title='bbox 3408 3433 3614 3504; x_wconf 86' lang='lat' dir='ltr'><strong>nequit.</strong></span> 
     </span>
    </p>
   </div>
   <div class='ocr_carea' id='block_1_89' title="bbox 2040 3524 3620 3608">
    <p class='ocr_par' dir='ltr' id='par_1_89' title="bbox 2040 3524 3620 3608">
     <span class='ocr_line' id='line_1_89' title="bbox 2040 3524 3620 3608; baseline -0.009 -16"><span class='ocrx_word' id='word_1_629' title='bbox 2040 3538 2120 3592; x_wconf 89' lang='lat' dir='ltr'><strong>Illi</strong></span> <span class='ocrx_word' id='word_1_630' title='bbox 2161 3537 2326 3608; x_wconf 79' lang='lat' dir='ltr'><strong>igitur</strong></span> <span class='ocrx_word' id='word_1_631' title='bbox 2358 3536 2555 3589; x_wconf 89' lang='lat' dir='ltr'><strong>mentis</strong></span> <span class='ocrx_word' id='word_1_632' title='bbox 2589 3535 2917 3590; x_wconf 86' lang='lat' dir='ltr'><strong>rectitudine</strong></span> <span class='ocrx_word' id='word_1_633' title='bbox 2954 3533 3270 3600; x_wconf 87' lang='lat' dir='ltr'><strong>depravata,</strong></span> <span class='ocrx_word' id='word_1_634' title='bbox 3320 3541 3498 3597; x_wconf 89' lang='lat' dir='ltr'><strong>neque</strong></span> <span class='ocrx_word' id='word_1_635' title='bbox 3532 3524 3620 3578; x_wconf 83' lang='lat' dir='ltr'><strong>di-</strong></span> 
     </span>
    </p>
   </div>
   <div class='ocr_carea' id='block_1_90' title="bbox 2039 3623 3621 3698">
    <p class='ocr_par' dir='ltr' id='par_1_90' title="bbox 2039 3623 3621 3698">
     <span class='ocr_line' id='line_1_90' title="bbox 2039 3623 3621 3698; baseline -0.009 -15"><span class='ocrx_word' id='word_1_636' title='bbox 2039 3631 2186 3683; x_wconf 86' lang='lat' dir='ltr'><strong>vinis</strong></span> <span class='ocrx_word' id='word_1_637' title='bbox 2229 3629 2527 3688; x_wconf 81' lang='lat' dir='ltr'><strong>benelieiis,</strong></span> <span class='ocrx_word' id='word_1_638' title='bbox 2568 3635 2627 3680; x_wconf 91' lang='lat' dir='ltr'><strong>ut</strong></span> <span class='ocrx_word' id='word_1_639' title='bbox 2659 3642 2756 3696; x_wconf 90' lang='lat' dir='ltr'><strong>par</strong></span> <span class='ocrx_word' id='word_1_640' title='bbox 2786 3632 2925 3689; x_wconf 87' lang='lat' dir='ltr'><strong>erat,</strong></span> <span class='ocrx_word' id='word_1_641' title='bbox 2972 3623 3056 3677; x_wconf 92' lang='lat' dir='ltr'><strong>usi</strong></span> <span class='ocrx_word' id='word_1_642' title='bbox 3101 3631 3250 3698; x_wconf 73' lang='lat' dir='ltr'><strong>sunt,</strong></span> <span class='ocrx_word' id='word_1_643' title='bbox 3299 3627 3354 3674; x_wconf 89' lang='lat' dir='ltr'><strong>et</strong></span> <span class='ocrx_word' id='word_1_644' title='bbox 3388 3634 3452 3672; x_wconf 88' lang='lat' dir='ltr'><strong>ea</strong></span> <span class='ocrx_word' id='word_1_645' title='bbox 3501 3631 3621 3686; x_wconf 69' lang='lat' dir='ltr'><strong>qua:</strong></span> 
     </span>
    </p>
   </div>
   <div class='ocr_carea' id='block_1_91' title="bbox 2041 3709 3621 3783">
    <p class='ocr_par' dir='ltr' id='par_1_91' title="bbox 2041 3709 3621 3783">
     <span class='ocr_line' id='line_1_91' title="bbox 2041 3709 3621 3783; baseline -0.011 -8"><span class='ocrx_word' id='word_1_646' title='bbox 2041 3719 2292 3774; x_wconf 84' lang='lat' dir='ltr'><strong>utilitatis</strong></span> <span class='ocrx_word' id='word_1_647' title='bbox 2333 3717 2654 3773; x_wconf 86' lang='lat' dir='ltr'><strong>occasiones</strong></span> <span class='ocrx_word' id='word_1_648' title='bbox 2693 3715 2888 3770; x_wconf 69' lang='lat' dir='ltr'><strong>afferre</strong></span> <span class='ocrx_word' id='word_1_649' title='bbox 2919 3721 3190 3783; x_wconf 88' lang='lat' dir='ltr'><strong>poterant,</strong></span> <span class='ocrx_word' id='word_1_650' title='bbox 3233 3709 3418 3765; x_wconf 86' lang='lat' dir='ltr'><strong>damni</strong></span> <span class='ocrx_word' id='word_1_651' title='bbox 3457 3722 3621 3764; x_wconf 90' lang='lat' dir='ltr'><strong>occa-</strong></span> 
     </span>
    </p>
   </div>
   <div class='ocr_carea' id='block_1_92' title="bbox 2043 3810 2634 3868">
    <p class='ocr_par' dir='ltr' id='par_1_92' title="bbox 2043 3810 2634 3868">
     <span class='ocr_line' id='line_1_92' title="bbox 2043 3810 2634 3868; baseline -0.014 0"><span class='ocrx_word' id='word_1_652' title='bbox 2043 3812 2228 3868; x_wconf 87' lang='lat' dir='ltr'><strong>siones</strong></span> <span class='ocrx_word' id='word_1_653' title='bbox 2262 3810 2634 3864; x_wconf 84' lang='lat' dir='ltr'><strong>reddiderunt.</strong></span> 
     </span>
    </p>
   </div>
   <div class='ocr_carea' id='block_1_93' title="bbox 2115 3967 3625 4042">
    <p class='ocr_par' dir='ltr' id='par_1_93' title="bbox 2115 3967 3625 4042">
     <span class='ocr_line' id='line_1_93' title="bbox 2115 3967 3625 4042; baseline -0.012 0"><span class='ocrx_word' id='word_1_654' title='bbox 2115 3986 2286 4042; x_wconf 75' lang='lat' dir='ltr'><strong>Vsus.</strong></span> <span class='ocrx_word' id='word_1_655' title='bbox 2321 3984 2408 4042; x_wconf 82' lang='lat'><strong>58.</strong></span> <span class='ocrx_word' id='word_1_656' title='bbox 2445 4001 2464 4037; x_wconf 85' lang='grc'>‹</span> <span class='ocrx_word' id='word_1_657' title='bbox 2501 3984 2562 4038; x_wconf 86' lang='grc' dir='ltr'>1η</span> <span class='ocrx_word' id='word_1_658' title='bbox 2603 3981 2738 4036; x_wconf 89' lang='lat' dir='ltr'><strong>iram</strong></span> <span class='ocrx_word' id='word_1_659' title='bbox 2769 3979 3182 4035; x_wconf 83' lang='lat' dir='ltr'><strong>concitaverunt</strong></span> <span class='ocrx_word' id='word_1_660' title='bbox 3230 3989 3354 4029; x_wconf 89' lang='lat' dir='ltr'><strong>eum</strong></span> <span class='ocrx_word' id='word_1_661' title='bbox 3385 3973 3438 4026; x_wconf 90' lang='lat' dir='ltr'><strong>in</strong></span> <span class='ocrx_word' id='word_1_662' title='bbox 3467 3967 3625 4024; x_wconf 86' lang='lat' dir='ltr'><strong>colli-</strong></span> 
     </span>
    </p>
   </div>
   <div class='ocr_carea' id='block_1_94' title="bbox 2045 4063 3625 4144">
    <p class='ocr_par' dir='ltr' id='par_1_94' title="bbox 2045 4063 3625 4144">
     <span class='ocr_line' id='line_1_94' title="bbox 2045 4063 3625 4144; baseline -0.012 -8"><span class='ocrx_word' id='word_1_663' title='bbox 2045 4081 2150 4136; x_wconf 87' lang='lat' dir='ltr'><strong>bus</strong></span> <span class='ocrx_word' id='word_1_664' title='bbox 2185 4081 2326 4144; x_wconf 89' lang='lat' dir='ltr'><strong>suis,</strong></span> <span class='ocrx_word' id='word_1_665' title='bbox 2373 4085 2428 4134; x_wconf 89' lang='lat' dir='ltr'><strong>et</strong></span> <span class='ocrx_word' id='word_1_666' title='bbox 2473 4078 2526 4132; x_wconf 91' lang='lat' dir='ltr'><strong>in</strong></span> <span class='ocrx_word' id='word_1_667' title='bbox 2560 4073 2906 4144; x_wconf 86' lang='lat' dir='ltr'><strong>sculptilibus</strong></span> <span class='ocrx_word' id='word_1_668' title='bbox 2937 4070 3055 4125; x_wconf 91' lang='lat' dir='ltr'><strong>suis</strong></span> <span class='ocrx_word' id='word_1_669' title='bbox 3107 4068 3172 4122; x_wconf 89' lang='lat' dir='ltr'><strong>ad</strong></span> <span class='ocrx_word' id='word_1_670' title='bbox 3217 4063 3625 4121; x_wconf 68' lang='lat' dir='ltr'><strong>aamulalionem</strong></span> 
     </span>
    </p>
   </div>
   <div class='ocr_carea' id='block_1_95' title="bbox 2047 4153 3626 4239">
    <p class='ocr_par' dir='ltr' id='par_1_95' title="bbox 2047 4153 3626 4239">
     <span class='ocr_line' id='line_1_95' title="bbox 2047 4153 3626 4239; baseline -0.013 -9"><span class='ocrx_word' id='word_1_671' title='bbox 2047 4189 2170 4229; x_wconf 88' lang='lat' dir='ltr'><strong>eum</strong></span> <span class='ocrx_word' id='word_1_672' title='bbox 2199 4177 2652 4239; x_wconf 87' lang='lat' dir='ltr'><strong>provocaverunt.</strong></span> <span class='ocrx_word' id='word_1_673' title='bbox 2689 4185 2707 4218; x_wconf 74' lang='grc' dir='ltr'><strong>ι</strong></span> <span class='ocrx_word' id='word_1_674' title='bbox 2735 4164 2780 4218; x_wconf 84' lang='grc' dir='ltr'><strong>Α</strong></span> <span class='ocrx_word' id='word_1_675' title='bbox 2805 4163 2912 4218; x_wconf 86' lang='lat' dir='ltr'><strong>Deo</strong></span> <span class='ocrx_word' id='word_1_676' title='bbox 2935 4162 3322 4218; x_wconf 90' lang='lat' dir='ltr'><strong>universorum</strong></span> <span class='ocrx_word' id='word_1_677' title='bbox 3347 4153 3626 4211; x_wconf 81' lang='lat' dir='ltr'><strong>beneﬂciis</strong></span> 
     </span>
    </p>
   </div>
   <div class='ocr_carea' id='block_1_96' title="bbox 2049 4257 3152 4328">
    <p class='ocr_par' dir='ltr' id='par_1_96' title="bbox 2049 4257 3152 4328">
     <span class='ocr_line' id='line_1_96' title="bbox 2049 4257 3152 4328; baseline -0.013 -8"><span class='ocrx_word' id='word_1_678' title='bbox 2049 4263 2247 4328; x_wconf 73' lang='lat' dir='ltr'><strong>allecti,</strong></span> <span class='ocrx_word' id='word_1_679' title='bbox 2281 4259 2598 4316; x_wconf 86' lang='lat' dir='ltr'><strong>inanimatis</strong></span> <span class='ocrx_word' id='word_1_680' title='bbox 2629 4258 2788 4313; x_wconf 89' lang='lat' dir='ltr'><strong>idolis</strong></span> <span class='ocrx_word' id='word_1_681' title='bbox 2821 4257 3152 4311; x_wconf 89' lang='lat' dir='ltr'><strong>servierunt.</strong></span> 
     </span>
    </p>
   </div>
   <div class='ocr_carea' id='block_1_97' title="bbox 2119 4337 3630 4414">
    <p class='ocr_par' dir='ltr' id='par_1_97' title="bbox 2119 4337 3630 4414">
     <span class='ocr_line' id='line_1_97' title="bbox 2119 4337 3630 4414; baseline -0.011 -6"><span class='ocrx_word' id='word_1_682' title='bbox 2119 4353 2286 4410; x_wconf 76' lang='lat' dir='ltr'><strong>Vens.</strong></span> <span class='ocrx_word' id='word_1_683' title='bbox 2340 4353 2428 4409; x_wconf 79' lang='lat'><strong>59.</strong></span> <span class='ocrx_word' id='word_1_684' title='bbox 2491 4371 2512 4404; x_wconf 83' lang='grc'>‹</span> <span class='ocrx_word' id='word_1_685' title='bbox 2564 4351 2793 4406; x_wconf 86' lang='lat' dir='ltr'><strong>Audivit</strong></span> <span class='ocrx_word' id='word_1_686' title='bbox 2827 4347 3006 4412; x_wconf 88' lang='lat' dir='ltr'><strong>Deus,</strong></span> <span class='ocrx_word' id='word_1_687' title='bbox 3065 4353 3115 4400; x_wconf 84' lang='lat' dir='ltr'><strong>et</strong></span> <span class='ocrx_word' id='word_1_688' title='bbox 3157 4342 3384 4414; x_wconf 77' lang='lat' dir='ltr'><strong>sprevit.</strong></span> <span class='ocrx_word' id='word_1_689' title='bbox 3432 4359 3450 4394; x_wconf 76' lang='grc' dir='ltr'><strong>ι</strong></span> <span class='ocrx_word' id='word_1_690' title='bbox 3497 4337 3630 4401; x_wconf 83' lang='lat' dir='ltr'><strong>Eos,</strong></span> 
     </span>
    </p>
   </div>
   <div class='ocr_carea' id='block_1_98' title="bbox 2940 4435 3632 4506">
    <p class='ocr_par' dir='ltr' id='par_1_98' title="bbox 2940 4435 3632 4506">
     <span class='ocr_line' id='line_1_98' title="bbox 2940 4435 3632 4506; baseline -0.02 -12"><span class='ocrx_word' id='word_1_691' title='bbox 2940 4439 3164 4494; x_wconf 90' lang='lat' dir='ltr'><strong>minime</strong></span> <span class='ocrx_word' id='word_1_692' title='bbox 3218 4435 3478 4506; x_wconf 82' lang='lat' dir='ltr'><strong>dignatus</strong></span> <span class='ocrx_word' id='word_1_693' title='bbox 3526 4439 3632 4483; x_wconf 84' lang='lat' dir='ltr'><strong>est.</strong></span> 
     </span>
    </p>
   </div>
   <div class='ocr_carea' id='block_1_99' title="bbox 2052 4524 3632 4595">
    <p class='ocr_par' dir='ltr' id='par_1_99' title="bbox 2052 4524 3632 4595">
     <span class='ocr_line' id='line_1_99' title="bbox 2052 4524 3632 4595; baseline -0.013 -2"><span class='ocrx_word' id='word_1_694' title='bbox 2052 4537 2180 4595; x_wconf 72' lang='lat' dir='ltr'><strong>Haec</strong></span> <span class='ocrx_word' id='word_1_695' title='bbox 2232 4545 2410 4594; x_wconf 88' lang='lat' dir='ltr'><strong>autem</strong></span> <span class='ocrx_word' id='word_1_696' title='bbox 2465 4533 2814 4592; x_wconf 83' lang='lat' dir='ltr'><strong>manifestius</strong></span> <span class='ocrx_word' id='word_1_697' title='bbox 2859 4532 3114 4588; x_wconf 83' lang='lat' dir='ltr'><strong>Judicum</strong></span> <span class='ocrx_word' id='word_1_698' title='bbox 3162 4527 3394 4582; x_wconf 89' lang='lat' dir='ltr'><strong>historia</strong></span> <span class='ocrx_word' id='word_1_699' title='bbox 3451 4524 3632 4577; x_wconf 86' lang='lat' dir='ltr'><strong>docet.</strong></span> 
     </span>
    </p>
   </div>
   <div class='ocr_carea' id='block_1_100' title="bbox 2053 4611 3629 4699">
    <p class='ocr_par' dir='ltr' id='par_1_100' title="bbox 2053 4611 3629 4699">
     <span class='ocr_line' id='line_1_100' title="bbox 2053 4611 3629 4699; baseline -0.009 -13"><span class='ocrx_word' id='word_1_700' title='bbox 2053 4631 2299 4686; x_wconf 86' lang='lat' dir='ltr'><strong>Tradidit</strong></span> <span class='ocrx_word' id='word_1_701' title='bbox 2330 4629 2476 4684; x_wconf 88' lang='lat' dir='ltr'><strong>enim</strong></span> <span class='ocrx_word' id='word_1_702' title='bbox 2521 4630 2672 4699; x_wconf 79' lang='lat' dir='ltr'><strong>ipses</strong></span> <span class='ocrx_word' id='word_1_703' title='bbox 2703 4626 2975 4682; x_wconf 82' lang='lat' dir='ltr'><strong>interdum</strong></span> <span class='ocrx_word' id='word_1_704' title='bbox 3013 4622 3233 4693; x_wconf 83' lang='lat' dir='ltr'><strong>quidem</strong></span> <span class='ocrx_word' id='word_1_705' title='bbox 3279 4611 3629 4673; x_wconf 76' lang='lat' dir='ltr'><strong>Ammonitis.</strong></span> 
     </span>
    </p>
   </div>
   <div class='ocr_carea' id='block_1_101' title="bbox 2057 4703 3642 4794">
    <p class='ocr_par' dir='ltr' id='par_1_101' title="bbox 2057 4703 3642 4794">
     <span class='ocr_line' id='line_1_101' title="bbox 2057 4703 3642 4794; baseline -0.016 -14"><span class='ocrx_word' id='word_1_706' title='bbox 2057 4723 2355 4794; x_wconf 85' lang='lat' dir='ltr'><strong>aliquando</strong></span> <span class='ocrx_word' id='word_1_707' title='bbox 2385 4729 2566 4777; x_wconf 85' lang='lat' dir='ltr'><strong>autem</strong></span> <span class='ocrx_word' id='word_1_708' title='bbox 2607 4720 2880 4782; x_wconf 73' lang='lat' dir='ltr'><strong>iloahitis,</strong></span> <span class='ocrx_word' id='word_1_709' title='bbox 2914 4718 3048 4772; x_wconf 88' lang='lat' dir='ltr'><strong>alias</strong></span> <span class='ocrx_word' id='word_1_710' title='bbox 3074 4727 3204 4769; x_wconf 90' lang='lat' dir='ltr'><strong>vero</strong></span> <span class='ocrx_word' id='word_1_711' title='bbox 3230 4703 3562 4767; x_wconf 78' lang='lat' dir='ltr'><strong>Madianitis,</strong></span> <span class='ocrx_word' id='word_1_712' title='bbox 3588 4713 3642 4756; x_wconf 87' lang='lat' dir='ltr'><strong>et</strong></span> 
     </span>
    </p>
   </div>
   <div class='ocr_carea' id='block_1_102' title="bbox 2063 4794 3643 4887">
    <p class='ocr_par' dir='ltr' id='par_1_102' title="bbox 2063 4794 3643 4887">
     <span class='ocr_line' id='line_1_102' title="bbox 2063 4794 3643 4887; baseline -0.016 -15"><span class='ocrx_word' id='word_1_713' title='bbox 2063 4815 2392 4887; x_wconf 80' lang='lat' dir='ltr'><strong>Allophylis,</strong></span> <span class='ocrx_word' id='word_1_714' title='bbox 2419 4815 2714 4884; x_wconf 86' lang='lat' dir='ltr'><strong>impietatis</strong></span> <span class='ocrx_word' id='word_1_715' title='bbox 2749 4826 2945 4883; x_wconf 75' lang='lat' dir='ltr'><strong>pcenas</strong></span> <span class='ocrx_word' id='word_1_716' title='bbox 2989 4810 3058 4864; x_wconf 86' lang='lat' dir='ltr'><strong>ab</strong></span> <span class='ocrx_word' id='word_1_717' title='bbox 3097 4806 3206 4861; x_wconf 88' lang='lat' dir='ltr'><strong>illis</strong></span> <span class='ocrx_word' id='word_1_718' title='bbox 3241 4803 3486 4872; x_wconf 78' lang='lat' dir='ltr'><strong>exigens.</strong></span> <span class='ocrx_word' id='word_1_719' title='bbox 3523 4815 3542 4848; x_wconf 74' lang='grc' dir='ltr'><strong>ι</strong></span> <span class='ocrx_word' id='word_1_720' title='bbox 3575 4794 3643 4849; x_wconf 80' lang='lat' dir='ltr'><strong>Et</strong></span> 
     </span>
    </p>
   </div>
   <div class='ocr_carea' id='block_1_103' title="bbox 2063 4893 3642 4976">
    <p class='ocr_par' dir='ltr' id='par_1_103' title="bbox 2063 4893 3642 4976">
     <span class='ocr_line' id='line_1_103' title="bbox 2063 4893 3642 4976; baseline -0.015 -14"><span class='ocrx_word' id='word_1_721' title='bbox 2063 4907 2128 4962; x_wconf 87' lang='lat' dir='ltr'><strong>ad</strong></span> <span class='ocrx_word' id='word_1_722' title='bbox 2157 4908 2384 4962; x_wconf 90' lang='lat' dir='ltr'><strong>nihilum</strong></span> <span class='ocrx_word' id='word_1_723' title='bbox 2413 4907 2621 4976; x_wconf 80' lang='lat' dir='ltr'><strong>redegit</strong></span> <span class='ocrx_word' id='word_1_724' title='bbox 2649 4905 2804 4959; x_wconf 75' lang='lat' dir='ltr'><strong>valde</strong></span> <span class='ocrx_word' id='word_1_725' title='bbox 2833 4901 3113 4958; x_wconf 84' lang='lat' dir='ltr'><strong>lsraelem.</strong></span> <span class='ocrx_word' id='word_1_726' title='bbox 3153 4917 3172 4950; x_wconf 71' lang='grc' dir='ltr'><strong>ι</strong></span> <span class='ocrx_word' id='word_1_727' title='bbox 3207 4893 3642 4951; x_wconf 83' lang='lat' dir='ltr'><strong>Ccleberrimum</strong></span> 
     </span>
    </p>
   </div>
   <div class='ocr_carea' id='block_1_104' title="bbox 2066 4982 3646 5070">
    <p class='ocr_par' dir='ltr' id='par_1_104' title="bbox 2066 4982 3646 5070">
     <span class='ocr_line' id='line_1_104' title="bbox 2066 4982 3646 5070; baseline -0.014 -16"><span class='ocrx_word' id='word_1_728' title='bbox 2066 5000 2212 5054; x_wconf 91' lang='lat' dir='ltr'><strong>enim</strong></span> <span class='ocrx_word' id='word_1_729' title='bbox 2247 4999 2504 5070; x_wconf 86' lang='lat' dir='ltr'><strong>populum</strong></span> <span class='ocrx_word' id='word_1_730' title='bbox 2536 4999 2714 5060; x_wconf 88' lang='lat' dir='ltr'><strong>ilhun,</strong></span> <span class='ocrx_word' id='word_1_731' title='bbox 2743 4997 2840 5066; x_wconf 88' lang='lat' dir='ltr'><strong>qui</strong></span> <span class='ocrx_word' id='word_1_732' title='bbox 2869 4995 2939 5050; x_wconf 83' lang='lat' dir='ltr'><strong>ab</strong></span> <span class='ocrx_word' id='word_1_733' title='bbox 2968 4991 3351 5064; x_wconf 67' lang='lat' dir='ltr'><strong>Egyptiorum</strong></span> <span class='ocrx_word' id='word_1_734' title='bbox 3383 4982 3646 5070; x_wconf 83' lang='lat' dir='ltr'><strong>servitute</strong></span> 
     </span>
    </p>
   </div>
   <div class='ocr_carea' id='block_1_105' title="bbox 2067 5069 3646 5158">
    <p class='ocr_par' dir='ltr' id='par_1_105' title="bbox 2067 5069 3646 5158">
     <span class='ocr_line' id='line_1_105' title="bbox 2067 5069 3646 5158; baseline -0.011 -12"><span class='ocrx_word' id='word_1_735' title='bbox 2067 5092 2208 5146; x_wconf 92' lang='lat' dir='ltr'><strong>miro</strong></span> <span class='ocrx_word' id='word_1_736' title='bbox 2232 5069 2396 5148; x_wconf 88' lang='lat' dir='ltr'><strong>modo</strong></span> <span class='ocrx_word' id='word_1_737' title='bbox 2425 5091 2688 5147; x_wconf 88' lang='lat' dir='ltr'><strong>liberatus</strong></span> <span class='ocrx_word' id='word_1_738' title='bbox 2727 5089 2846 5155; x_wconf 77' lang='lat' dir='ltr'><strong>fuit,</strong></span> <span class='ocrx_word' id='word_1_739' title='bbox 2873 5101 3036 5158; x_wconf 87' lang='lat' dir='ltr'><strong>quem</strong></span> <span class='ocrx_word' id='word_1_740' title='bbox 3084 5079 3299 5154; x_wconf 76' lang='lat'><strong>1162</strong></span> <span class='ocrx_word' id='word_1_741' title='bbox 3331 5090 3484 5132; x_wconf 85' lang='lat' dir='ltr'><strong>mare</strong></span> <span class='ocrx_word' id='word_1_742' title='bbox 3513 5069 3646 5124; x_wconf 72' lang='lat' dir='ltr'><strong>vidit</strong></span> 
     </span>
    </p>
   </div>
   <div class='ocr_carea' id='block_1_106' title="bbox 2066 5170 3647 5252">
    <p class='ocr_par' dir='ltr' id='par_1_106' title="bbox 2066 5170 3647 5252">
     <span class='ocr_line' id='line_1_106' title="bbox 2066 5170 3647 5252; baseline -0.022 -4"><span class='ocrx_word' id='word_1_743' title='bbox 2066 5193 2120 5236; x_wconf 74' lang='grc' dir='ltr'>ει</span> <span class='ocrx_word' id='word_1_744' title='bbox 2145 5181 2302 5252; x_wconf 67' lang='lat' dir='ltr'><strong>fugit,</strong></span> <span class='ocrx_word' id='word_1_745' title='bbox 2344 5195 2530 5237; x_wconf 81' lang='lat' dir='ltr'><strong>coram</strong></span> <span class='ocrx_word' id='word_1_746' title='bbox 2561 5196 2674 5252; x_wconf 92' lang='lat' dir='ltr'><strong>quo</strong></span> <span class='ocrx_word' id='word_1_747' title='bbox 2697 5179 2966 5236; x_wconf 74' lang='lat' dir='ltr'><strong>Iordanes</strong></span> <span class='ocrx_word' id='word_1_748' title='bbox 2993 5185 3294 5231; x_wconf 82' lang='lat' dir='ltr'><strong>conversus</strong></span> <span class='ocrx_word' id='word_1_749' title='bbox 3319 5177 3407 5224; x_wconf 83' lang='lat' dir='ltr'><strong>est</strong></span> <span class='ocrx_word' id='word_1_750' title='bbox 3435 5170 3647 5219; x_wconf 87' lang='lat' dir='ltr'><strong>retror-</strong></span> 
     </span>
    </p>
   </div>
   <div class='ocr_carea' id='block_1_107' title="bbox 2067 5253 3646 5344">
    <p class='ocr_par' dir='ltr' id='par_1_107' title="bbox 2067 5253 3646 5344">
     <span class='ocr_line' id='line_1_107' title="bbox 2067 5253 3646 5344; baseline -0.016 -16"><span class='ocrx_word' id='word_1_751' title='bbox 2067 5287 2212 5340; x_wconf 86' lang='lat' dir='ltr'><strong>sum,</strong></span> <span class='ocrx_word' id='word_1_752' title='bbox 2250 5273 2397 5330; x_wconf 92' lang='lat' dir='ltr'><strong>hunc</strong></span> <span class='ocrx_word' id='word_1_753' title='bbox 2434 5274 2680 5344; x_wconf 85' lang='lat' dir='ltr'><strong>inquam,</strong></span> <span class='ocrx_word' id='word_1_754' title='bbox 2713 5267 2928 5326; x_wconf 87' lang='lat' dir='ltr'><strong>tlnitimi</strong></span> <span class='ocrx_word' id='word_1_755' title='bbox 2954 5265 3212 5324; x_wconf 75' lang='lat' dir='ltr'><strong>facillime</strong></span> <span class='ocrx_word' id='word_1_756' title='bbox 3237 5253 3646 5330; x_wconf 70' lang='lat' dir='ltr'><strong>expugnabant.</strong></span> 
     </span>
    </p>
   </div>
   <div class='ocr_carea' id='block_1_108' title="bbox 1486 5435 2546 5504">
    <p class='ocr_par' dir='ltr' id='par_1_108' title="bbox 1486 5435 2546 5504">
     <span class='ocr_line' id='line_1_108' title="bbox 1486 5435 2546 5504; baseline -0.013 0"><span class='ocrx_word' id='word_1_757' title='bbox 1486 5444 1725 5504; x_wconf 63' lang='lat' dir='ltr'><strong>VARUS</strong></span> <span class='ocrx_word' id='word_1_758' title='bbox 1763 5439 2146 5500; x_wconf 83' lang='lat' dir='ltr'><strong>LECTIONES</strong></span> <span class='ocrx_word' id='word_1_759' title='bbox 2185 5439 2274 5494; x_wconf 86' lang='lat' dir='ltr'>ET</span> <span class='ocrx_word' id='word_1_760' title='bbox 2313 5435 2546 5494; x_wconf 55' lang='lat' dir='ltr'><strong>NOTE.</strong></span> 
     </span>
    </p>
   </div>
   <div class='ocr_carea' id='block_1_109' title="bbox 460 5516 1930 5641">
    <p class='ocr_par' dir='ltr' id='par_1_109' title="bbox 460 5543 1930 5641">
     <span class='ocr_line' id='line_1_109' title="bbox 460 5543 1930 5641; baseline -0.005 0"><span class='ocrx_word' id='word_1_761' title='bbox 460 5553 510 5641; x_wconf 58' lang='lat'><strong>‘1</strong></span> <span class='ocrx_word' id='word_1_762' title='bbox 538 5554 804 5641; x_wconf 56' lang='lat' dir='ltr'><strong>opaea</strong></span> <span class='ocrx_word' id='word_1_763' title='bbox 845 5553 967 5641; x_wconf 65' lang='grc' dir='ltr'>οριι-</span> <span class='ocrx_word' id='word_1_764' title='bbox 997 5555 1032 5608; x_wconf 67' lang='grc' dir='ltr'><strong>ε</strong></span> <span class='ocrx_word' id='word_1_765' title='bbox 1072 5552 1430 5641; x_wconf 59' lang='grc' dir='ltr'><strong>μῗοξυρεῖἴτ,</strong></span> <span class='ocrx_word' id='word_1_766' title='bbox 1463 5545 1505 5579; x_wconf 63' lang='grc' dir='ltr'><strong>δ’</strong></span> <span class='ocrx_word' id='word_1_767' title='bbox 1527 5543 1723 5641; x_wconf 58' lang='grc' dir='ltr'><strong>⁶Ρ“¹·.-⁹</strong></span> <span class='ocrx_word' id='word_1_768' title='bbox 1747 5543 1930 5641; x_wconf 53' lang='lat' dir='ltr'><strong>eam</strong></span> 
     </span>
    </p>
   </div>
   <div class='ocr_carea' id='block_1_110' title="bbox 2033 5516 3646 5641">
    <p class='ocr_par' dir='ltr' id='par_1_110' title="bbox 2033 5516 3646 5641">
     <span class='ocr_line' id='line_1_110' title="bbox 2033 5516 3646 5613; baseline -0.021 -20"><span class='ocrx_word' id='word_1_769' title='bbox 2033 5581 2048 5595; x_wconf 92' lang='lat'><strong>.</strong></span> <span class='ocrx_word' id='word_1_770' title='bbox 2123 5541 2168 5570; x_wconf 76' lang='grc'><strong>⁸¹</strong></span> <span class='ocrx_word' id='word_1_771' title='bbox 2201 5536 2351 5604; x_wconf 77' lang='grc' dir='ltr'><strong>Γῆν.</strong></span> <span class='ocrx_word' id='word_1_772' title='bbox 2397 5535 2562 5587; x_wconf 63' lang='lat' dir='ltr'><strong>Abest</strong></span> <span class='ocrx_word' id='word_1_773' title='bbox 2589 5546 2618 5586; x_wconf 90' lang='lat' dir='ltr'><strong>a</strong></span> <span class='ocrx_word' id='word_1_774' title='bbox 2651 5528 2774 5586; x_wconf 86' lang='lat' dir='ltr'><strong>cod.</strong></span> <span class='ocrx_word' id='word_1_775' title='bbox 2798 5527 2852 5582; x_wconf 75' lang='grc'>2.</span> <span class='ocrx_word' id='word_1_776' title='bbox 2931 5525 2976 5558; x_wconf 74' lang='grc'><strong>⁸⁸</strong></span> <span class='ocrx_word' id='word_1_777' title='bbox 3007 5522 3128 5604; x_wconf 78' lang='lat' dir='ltr'><strong>cod.</strong></span> <span class='ocrx_word' id='word_1_778' title='bbox 3159 5519 3196 5574; x_wconf 74' lang='grc'>2</span> <span class='ocrx_word' id='word_1_779' title='bbox 3233 5516 3646 5613; x_wconf 65' lang='grc' dir='ltr'>διαμετρησεις.</span> 
     </span>
     <span class='ocr_line' id='line_1_111' title="bbox 2033 5580 3646 5641; baseline -0.004 0"><span class='ocrx_word' id='word_1_780' title='bbox 2033 5613 2242 5641; x_wconf 54' lang='grc' dir='ltr'><strong>κερ-κη..</strong></span> <span class='ocrx_word' id='word_1_781' title='bbox 2337 5605 2383 5636; x_wconf 68' lang='grc' dir='ltr'>η</span> <span class='ocrx_word' id='word_1_782' title='bbox 2413 5602 2538 5641; x_wconf 58' lang='lat' dir='ltr'><strong>T4...-</strong></span> <span class='ocrx_word' id='word_1_783' title='bbox 2567 5631 2639 5641; x_wconf 91' lang='grc'>....</span> <span class='ocrx_word' id='word_1_784' title='bbox 2663 5615 2862 5641; x_wconf 70' lang='lat' dir='ltr'><strong>numn-</strong></span> <span class='ocrx_word' id='word_1_785' title='bbox 2909 5594 3032 5641; x_wconf 75' lang='lat' dir='ltr'><strong>Des-</strong></span> <span class='ocrx_word' id='word_1_786' title='bbox 3087 5607 3140 5641; x_wconf 86' lang='lat' dir='ltr'><strong>In</strong></span> <span class='ocrx_word' id='word_1_787' title='bbox 3172 5587 3298 5641; x_wconf 86' lang='lat' dir='ltr'><strong>cod.</strong></span> <span class='ocrx_word' id='word_1_788' title='bbox 3328 5585 3382 5638; x_wconf 71' lang='grc'>2.</span> <span class='ocrx_word' id='word_1_789' title='bbox 3459 5586 3480 5610; x_wconf 75' lang='grc'><strong><em>⁵</em></strong></span> <span class='ocrx_word' id='word_1_790' title='bbox 3544 5580 3646 5634; x_wconf 67' lang='grc' dir='ltr'><strong>Εἷς</strong></span> 
     </span>
    </p>
   </div>
   <div class='ocr_carea' id='block_1_111' title="bbox 392 5585 1930 5694">
    <p class='ocr_par' dir='ltr' id='par_1_111' title="bbox 392 5585 1930 5694">
     <span class='ocr_line' id='line_1_112' title="bbox 392 5585 1930 5694; baseline 0.038 -38"><span class='ocrx_word' id='word_1_791' title='bbox 392 5621 440 5658; x_wconf 66' lang='grc' dir='ltr'>ι.</span> <span class='ocrx_word' id='word_1_792' title='bbox 465 5585 1367 5694; x_wconf 49' lang='lat' dir='ltr'><strong>.5323?‘é;.p&quot;.ii‘f&#39;.‘.:;.&quot;ét&quot;‘§€</strong></span> <span class='ocrx_word' id='word_1_793' title='bbox 1375 5585 1723 5694; x_wconf 58' lang='grc' dir='ltr'>ἰςςςτ-Ἡίιιδ</span> <span class='ocrx_word' id='word_1_794' title='bbox 1748 5585 1930 5694; x_wconf 54' lang='grc' dir='ltr'><strong>ἒὲῖῗθῖὲ</strong></span> 
     </span>
    </p>
   </div>
   <div class='ocr_carea' id='block_1_112' title="bbox 2033 5585 3382 5694">
    <p class='ocr_par' dir='ltr' id='par_1_112' title="bbox 2033 5585 3382 5694">
     <span class='ocr_line' id='line_1_113' title="bbox 2033 5585 3382 5694; baseline 0.001 -56"><span class='ocrx_word' id='word_1_795' title='bbox 2033 5585 2290 5694; x_wconf 33' lang='lat' dir='ltr'><strong>Emam”:</strong></span> <span class='ocrx_word' id='word_1_796' title='bbox 2337 5585 2639 5694; x_wconf 28' lang='lat' dir='ltr'><strong>“igni-r—</strong></span> <span class='ocrx_word' id='word_1_797' title='bbox 2663 5615 2863 5694; x_wconf 52' lang='lat' dir='ltr'><strong>ftyﬁp.</strong></span> <span class='ocrx_word' id='word_1_798' title='bbox 2909 5594 3045 5694; x_wconf 47' lang='lat'><strong>01856</strong></span> <span class='ocrx_word' id='word_1_799' title='bbox 3087 5591 3154 5677; x_wconf 55' lang='lat' dir='ltr'><strong>ill.</strong></span> <span class='ocrx_word' id='word_1_800' title='bbox 3172 5587 3298 5694; x_wconf 55' lang='grc' dir='ltr'><strong>(βοτά.</strong></span> 
     </span>
     <span class='ocr_line' id='line_1_114' title="bbox 2061 5673 3281 5694; baseline 0 0"><span class='ocrx_word' id='word_1_801' title='bbox 2061 5688 2156 5694; x_wconf 27' lang='grc' dir='ltr'><strong>ἀμ-</strong></span> <span class='ocrx_word' id='word_1_802' title='bbox 2205 5679 2216 5690; x_wconf 76' lang='grc' dir='ltr'><strong>ι</strong></span> <span class='ocrx_word' id='word_1_803' title='bbox 2411 5683 2506 5694; x_wconf 14' lang='grc'>7...-</span> <span class='ocrx_word' id='word_1_804' title='bbox 2569 5673 2646 5694; x_wconf 77' lang='lat'><strong>--.-.</strong></span> <span class='ocrx_word' id='word_1_805' title='bbox 2852 5682 2930 5694; x_wconf 61' lang='grc' dir='ltr'>ιη..</span> <span class='ocrx_word' id='word_1_806' title='bbox 3095 5675 3281 5694; x_wconf 67' lang='grc' dir='ltr'><strong>ηιμ-»ηρ</strong></span> 
     </span>
    </p>
   </div>
   <div class='ocr_carea' id='block_1_113' title="bbox 1320 5672 2667 5753">
    <p class='ocr_par' dir='ltr' id='par_1_113' title="bbox 1320 5672 2667 5753">
     <span class='ocr_line' id='line_1_115' title="bbox 1320 5672 2667 5753; baseline -0.012 -11"><span class='ocrx_word' id='word_1_807' title='bbox 1320 5688 1366 5722; x_wconf 74' lang='grc'>⁸⁸</span> <span class='ocrx_word' id='word_1_808' title='bbox 1412 5684 1736 5753; x_wconf 75' lang='grc' dir='ltr'>’Υπερεῖδε.</span> <span class='ocrx_word' id='word_1_809' title='bbox 1773 5672 1938 5738; x_wconf 74' lang='lat' dir='ltr'><strong>Hebr.</strong></span> <span class='ocrx_word' id='word_1_810' title='bbox 1978 5672 2158 5745; x_wconf 46' lang='lat' dir='ltr'><strong>ﬁeri!</strong></span> <span class='ocrx_word' id='word_1_811' title='bbox 2198 5675 2507 5746; x_wconf 79' lang='lat' dir='ltr'><strong>indignatus</strong></span> <span class='ocrx_word' id='word_1_812' title='bbox 2541 5672 2667 5742; x_wconf 76' lang='lat' dir='ltr'><strong>fuit.</strong></span> 
     </span>
    </p>
   </div>
   <div class='ocr_carea' id='block_1_114' title="bbox 391 5694 1218 5759">
    <p class='ocr_par' dir='ltr' id='par_1_114' title="bbox 391 5694 1218 5759">
     <span class='ocr_line' id='line_1_116' title="bbox 391 5694 1218 5759; baseline -0.006 -9"><span class='ocrx_word' id='word_1_813' title='bbox 391 5695 590 5759; x_wconf 76' lang='grc' dir='ltr'>τόξον.</span> <span class='ocrx_word' id='word_1_814' title='bbox 647 5694 808 5750; x_wconf 88' lang='lat' dir='ltr'><strong>llebr.</strong></span> <span class='ocrx_word' id='word_1_815' title='bbox 853 5695 990 5750; x_wconf 75' lang='lat' dir='ltr'><strong>sicut</strong></span> <span class='ocrx_word' id='word_1_816' title='bbox 1037 5709 1218 5746; x_wconf 81' lang='lat' dir='ltr'><strong>arcus.</strong></span> 
     </span>
    </p>
   </div>
   <div class='ocr_carea' id='block_1_115' title="bbox 395 5759 1559 5838">
    <p class='ocr_par' dir='ltr' id='par_1_115' title="bbox 395 5759 1559 5838">
     <span class='ocr_line' id='line_1_117' title="bbox 395 5759 1559 5838; baseline -0.009 -20"><span class='ocrx_word' id='word_1_817' title='bbox 395 5765 784 5838; x_wconf 73' lang='grc' dir='ltr'>πραττόμειος.</span> <span class='ocrx_word' id='word_1_818' title='bbox 859 5765 902 5798; x_wconf 76' lang='grc'><strong>⁵⁸</strong></span> <span class='ocrx_word' id='word_1_819' title='bbox 947 5764 1067 5819; x_wconf 82' lang='lat' dir='ltr'><strong>cod.</strong></span> <span class='ocrx_word' id='word_1_820' title='bbox 1099 5765 1133 5818; x_wconf 64' lang='lat'><strong>“2</strong></span> <span class='ocrx_word' id='word_1_821' title='bbox 1168 5759 1559 5830; x_wconf 80' lang='grc' dir='ltr'>κατηγὼνιζον.</span> 
     </span>
    </p>
   </div>
   <div class='ocr_carea' id='block_1_116' title="bbox 2769 5580 3649 5723">
    <p class='ocr_par' dir='ltr' id='par_1_116' title="bbox 2769 5580 3649 5723">
     <span class='ocr_line' id='line_1_118' title="bbox 2769 5580 3649 5666; baseline -0.022 -13"><span class='ocrx_word' id='word_1_822' title='bbox 2909 5594 3032 5648; x_wconf 90' lang='lat' dir='ltr'><strong>Des.</strong></span> <span class='ocrx_word' id='word_1_823' title='bbox 3087 5591 3140 5645; x_wconf 89' lang='lat' dir='ltr'><strong>in</strong></span> <span class='ocrx_word' id='word_1_824' title='bbox 3172 5587 3298 5644; x_wconf 89' lang='lat' dir='ltr'><strong>cod.</strong></span> <span class='ocrx_word' id='word_1_825' title='bbox 3328 5580 3382 5638; x_wconf 58' lang='grc' dir='ltr'>ἰ.</span> <span class='ocrx_word' id='word_1_826' title='bbox 3435 5580 3508 5613; x_wconf 66' lang='grc'><strong>“⁸⁷</strong></span> <span class='ocrx_word' id='word_1_827' title='bbox 3544 5580 3649 5634; x_wconf 76' lang='grc' dir='ltr'><strong>Εἰς</strong></span> 
     </span>
     <span class='ocr_line' id='line_1_119' title="bbox 2769 5647 3648 5723; baseline -0.024 0"><span class='ocrx_word' id='word_1_828' title='bbox 2769 5669 2815 5702; x_wconf 64' lang='grc' dir='ltr'><strong>δ’</strong></span> <span class='ocrx_word' id='word_1_829' title='bbox 2850 5664 2974 5721; x_wconf 90' lang='lat' dir='ltr'><strong>cod.</strong></span> <span class='ocrx_word' id='word_1_830' title='bbox 3011 5662 3046 5716; x_wconf 78' lang='grc'>2</span> <span class='ocrx_word' id='word_1_831' title='bbox 3094 5660 3300 5723; x_wconf 86' lang='grc' dir='ltr'>αὐτοῖς.</span> <span class='ocrx_word' id='word_1_832' title='bbox 3373 5652 3418 5687; x_wconf 83' lang='grc'><strong>⁵⁰</strong></span> <span class='ocrx_word' id='word_1_833' title='bbox 3456 5649 3580 5706; x_wconf 86' lang='lat' dir='ltr'><strong>cod.</strong></span> <span class='ocrx_word' id='word_1_834' title='bbox 3609 5647 3648 5702; x_wconf 75' lang='lat'><strong>2</strong></span> 
     </span>
    </p>
   </div>
  </div>
