4112 6414
525 340 664 406 1409

1511 330 2012 398 THEODORETI
2051 324 2399 387 EPISCOPI
2440 325 2812 385 CYRENSIS

3668 323 3816 388 1500

594 452 761 507 Vens.
791 450 879 505 60.
927 467 946 501 ι
985 448 1049 503 Et
1072 446 1268 515 repulit
1298 445 1714 500 tabernaculum
1752 442 1890 508 Silo,
1931 439 2113 494 taber-

2292 432 2357 499 ξ’.
2392 451 2411 484 ι
2440 434 2551 486 Καὶ
2581 433 2844 487 ἀπώσατο
2878 430 2978 504 τὴν
3011 431 3221 502 σκηνὴν
3254 432 3489 504 Σηλὼμ,
3542 434 3814 507 σκήνωμα

526 545 786 599 naculum
817 557 998 605 suum,
1031 540 1123 594 ubi
1161 539 1428 594 habitavit
1458 538 1512 592 in
1551 537 1889 591 hominibus.
1932 553 1952 587 ι
1988 532 2115 587 llaec

529 644 712 689 autem
755 633 1011 701 deinceps
1047 630 1376 700 principium
1406 628 1719 698 Regnorum
1744 626 1991 682 historia:
2012 625 2115 678 do-

530 735 614 781 cet
644 724 695 787 ἀ.
748 739 872 794 quae
910 724 1246 777 mentionem
1289 719 1422 777 fecit
1457 719 1535 774 Eli
1586 719 1886 790 pontiﬁcis,
1917 727 1973 773 et
2007 719 2151 773 ini--

530 818 757 889 quitatis
786 816 1028 871 ﬁliorum
1066 816 1260 886 ipsius.

599 908 767 964 Vens.
801 907 891 963 6|.
929 927 948 960 ι
984 906 1051 963 Ει
1094 906 1321 962 tradidit
1364 904 1419 960 in
1464 906 1831 976 captivitatem
1862 905 2117 960 virtutem

531 1018 748 1070 eorum,
789 1010 845 1056 et
892 1002 1358 1072 pulchritudinem
1413 1015 1606 1057 eorum
1655 1000 1709 1055 in
1756 1015 1956 1055 manus
2015 1001 2124 1054 ini-

533 1092 682 1149 mici.
719 1110 739 1145 ι
776 1091 1047 1148 Virtutem
1098 1093 1344 1163 ipsorum
1398 1099 1453 1147 et
1506 1092 1970 1162 pulchritudinem
2028 1107 2121 1146 ar-

532 1199 654 1240 cam
685 1194 868 1239 vocat.
911 1185 1069 1241 Hanc
1097 1195 1276 1240 autem
1310 1183 1491 1254 Opbni
1527 1194 1581 1239 et
1610 1183 1846 1240 Pliinees
1878 1185 1932 1239 in
1964 1184 2122 1239 auxi-

536 1278 669 1331 lium
713 1278 997 1333 tribulium
1048 1292 1276 1333 suorum
1324 1292 1450 1332 cum
1482 1277 1823 1342 eduxissent,
1859 1292 1973 1333 sua:
2012 1277 2120 1331 ini-

534 1368 761 1436 quitatis
795 1382 987 1437 poenas
1017 1368 1257 1421 luerunt.
1293 1365 1493 1422 Arcam
1526 1383 1658 1423 vero
1692 1384 1816 1423 cum
1846 1368 2124 1438 cepissent

537 1460 882 1529 alienigene,
913 1457 1082 1513 veluti
1129 1457 1418 1514 manubias
1448 1458 1713 1528 quasdam
1755 1457 1960 1529 Dagoni
1991 1472 2125 1512 con-

537 1560 844 1605 secrarunt.
899 1548 1109 1605 Idolum
1148 1557 1331 1604 autem
1371 1550 1478 1604 hoc
1527 1557 1666 1615 erat,
1716 1550 1864 1620 quod
1906 1548 1975 1603 ab
2014 1548 2123 1604 illis

500 1680 509 1683 -
536 1643 839 1698 colebatur.

611 1734 770 1791 Vens.
804 1735 892 1789 ϐῆ.
936 1754 955 1788 ι
989 1737 1008 1758 θ
1036 1735 1104 1791 Ει
1132 1736 1403 1791 conclusit
1429 1735 1611 1805 gladio
1642 1734 1903 1805 populum
1934 1748 2119 1800 suum,

535 1838 591 1883 et
620 1829 992 1884 lnereditatetn
1023 1845 1179 1886 suam
1207 1830 1435 1899 sprevit.
1468 1847 1485 1878 ι
1520 1827 1769 1883 Tradidit
1792 1829 1938 1883 enim
1972 1828 2123 1897 ipsos

537 1922 780 1977 hostium
814 1923 1067 1977 manibus
1095 1922 1164 1977 ob
1203 1922 1498 1992 impietatis
1528 1919 1837 1977 exce‘ssum.
1875 1920 2124 1977 "teredi-

539 2022 697 2068 tatem
719 2025 900 2069 autem
927 2015 1075 2084 ipsos
1093 2014 1420 2080 nominavit,
1446 2013 1614 2085 utqui
1642 2014 1745 2085 ipsi
1773 2014 1881 2069 Deo
1907 2029 2125 2086 semper

537 2123 701 2177 quam
757 2108 1013 2163 maximae
1048 2124 1198 2184 cura;
1260 2108 1485 2163 fuerint.
1549 2109 1643 2164 Sic
1689 2117 1870 2162 autem
1920 2123 2017 2163 eos
2069 2117 2124 2163 et

537 2213 769 2270 magnus
811 2199 988 2256 Moses
1018 2203 1377 2271 nuncupavit.
1418 2222 1436 2253 ι
1476 2200 1674 2257 Factus
1708 2201 1855 2256 enim
1898 2210 2002 2266 est,
2036 2201 2123 2256 in-

534 2292 671 2361 quit,
705 2307 833 2363 pars
870 2291 1087 2347 Domini
1140 2295 1378 2365 populus
1427 2296 1547 2364 ejus
1597 2295 1788 2362 Jacob,
1844 2298 2123 2355 funiculus

537 2384 873 2442 ltwreditatis
903 2385 1025 2456 ejus
1046 2385 1216 2443 Israel
1243 2399 1287 2441 ο.
1335 2407 1353 2441 ι
1394 2388 1597 2445 Deinde
1629 2392 1884 2462 supplicii
1913 2393 2123 2462 species

534 2489 844 2533 enumerat.

608 2634 772 2692 Vens.
808 2637 896 2703 63,
928 2639 1016 2694 61.
1054 2660 1072 2692 ι
1114 2639 1355 2697 Juvenes
1384 2656 1576 2698 eorum
1609 2643 1848 2699 comedit
1876 2645 2036 2715 ignis,
2068 2653 2123 2701 et

534 2726 600 2782 de
633 2729 940 2800 virginibus
972 2748 1162 2788 eorum
1212 2750 1322 2788 non
1361 2735 1611 2790 instituta
1653 2744 1740 2792 est
1778 2738 2119 2793 lamentatio.

537 2822 861 2879 Sacerdotes
891 2840 1081 2880 eorum
1117 2828 1300 2897 gladio
1346 2808 1687 2896 ceciderunt,
1720 2839 1775 2886 et
1827 2832 2000 2887 vidua:
2031 2847 2112 2886 eo-

535 2932 657 2969 rum
690 2932 798 2970 non
840 2919 1231 2987 plorabttntur.
1266 2940 1284 2973 ›
1325 2921 1434 2977 llos
1456 2924 1601 2978 enim
1645 2925 1753 2995 igni
1779 2925 2023 2991 tradidit,
2056 2925 2123 2981 de

534 3008 642 3063 illis
687 3010 900 3081 1163
933 3022 1112 3067 autem
1153 3017 1388 3071 usitatus
1440 3017 1620 3073 luctus
1677 3034 1785 3073 non
1839 3019 2119 3083 edebatur,

2216 528 2245 581 ὃ
2264 530 2311 561 ⁸²
2335 529 2765 599 κατεσκήνωσεν
2806 529 2864 580 ὲν
2895 525 3229 597 ἀνθρώποις.
3258 546 3277 580 ι
3317 527 3507 583 Ταῦτα
3535 530 3593 581 δε
3619 529 3813 585 λοιπὸν

2218 621 2251 691 ή
2288 619 2434 692 ἀρχὴ
2460 620 2567 674 τῶν
2608 620 2912 673 Βασιλειῶν
2957 617 3221 683 διδάσκει,
3288 618 3437 672 Ἠλεὶ
3478 622 3810 692 μεμνημένη

2216 712 2313 767 τοῦ
2342 713 2672 785 ἀρχιερέως,
2703 715 2801 767 καὶ
2836 713 2937 785 τῆς
2961 715 3070 768 τῶν
3099 714 3313 768 ἐκείνου
3366 715 3575 769 παίδων
3623 732 3815 786 παρα-

2218 805 2432 875 νομίας.

2291 898 2391 963 Ea‘.
2433 916 2453 951 ι
2477 899 2587 952 Kal
2627 897 2947 971 παρέδωκεν
2975 900 3054 962 είς
3085 897 3469 970 αἰχμαλωσίαν
3507 897 3607 970 τὴν
3656 900 3817 970 ἰσχὺν

2221 993 2436 1048 αὑτῶν·
2478 993 2575 1048 καὶ
2628 993 2728 1064 τὴν
2777 993 3052 1065 καλλονὴν
3106 991 3353 1047 abstini"
3414 1001 3494 1057 είς
3551 997 3742 1065 χεῖρας
3764 993 3818 1025 ⁸⁵

2220 1086 2455 1158 ἐχθρῶν.
2486 1106 2504 1139 ι
2547 1087 2724 1158 ’ἰσχὺν
2779 1087 2961 1141 αὐτῶν
2989 1088 3083 1141 καὶ
3113 1088 3381 1158 καλλονὴν
3425 1088 3526 1159 τὴν
3577 1086 3816 1140 κιϐωτδν

2222 1180 2400 1248 λέγει·
2436 1180 2643 1251 ταύτην
2683 1180 2739 1233 δὲ
2787 1180 2938 1250 Ὀφνὶ
2995 1179 3091 1233 καὶ
3140 1181 3328 1244 Φινεὲς
3361 1180 3442 1244 είς
3488 1178 3817 1249 ἐπικουρίαν

2221 1270 2331 1324 τῶν
2351 1270 2645 1341 ὁμοφύλων
2671 1269 3055 1339 ἐξαγαγόντες.
3084 1271 3184 1339 τῆς
3204 1270 3412 1333 οἰκείας
3457 1268 3818 1341 παρανομίας

2222 1362 2406 1417 ἔτισαν
2430 1361 2607 1426 δίκαςσ
2636 1363 2739 1433 τὴν
2774 1361 2833 1416 δὲ
2862 1363 3097 1416 κισωτον
3125 1362 3176 1415 oi
3218 1361 3515 1431 ἀλλόφυλοι
3546 1361 3813 1425 λαϐόντες

2222 1454 2487 1509 ἀνέθεσαν
2535 1449 2650 1508 οἷόν
2704 1472 2759 1507 τι
2801 1454 3116 1525 ἀκροθίνιον
3177 1452 3258 1524 τῷ
3321 1452 3541 1522 Δαγώνο
3593 1452 3818 1530 εἴδωλον

2222 1548 2277 1602 δὲ
2296 1548 2455 1602 τοῦτο
2485 1544 2578 1619 ἦν,
2611 1546 2704 1601 ὑπ’
2734 1545 2961 1601 ἐκείνων
2988 1545 3454 1616 θεραπευόμενον.

2298 1724 2399 1795 ξβ¹.
2432 1742 2453 1776 ι
2520 1724 2633 1778 Kal
2678 1722 3027 1779 συνέκλεισεν
3081 1724 3164 1787 είς
3215 1723 3493 1794 ῥομφαίαν
3544 1723 3636 1776 τὸν
3681 1723 3821 1777 λαὸν

2227 1816 2416 1881 αὑτοῦ,
2468 1818 2564 1870 καὶ
2582 1815 2684 1887 τὴν
2744 1814 3116 1887 κληρονομίαν
3168 1815 3333 1868 αὑτοῦ
3387 1814 3639 1882 ὑπερεῖδε
3663 1814 3731 1869 ⁵⁸.
3788 1832 3814 1867 υ

2216 1908 2519 1990 μαρέδωκε
2545 1907 2654 1977 γὰρ
2677 1908 2878 1971 αὐτοὺς
2899 1910 3021 1971 ταῖς
3048 1908 3159 1960 τῶν
3182 1905 3462 1975 πολεμίων
3494 1906 3672 1977 χερσὶ,
3717 1906 3818 1959 διὰ

2225 2003 2324 2074 τὴν
2360 2006 2457 2073 τῆς
2501 2001 2855 2073 παρανομίας
2913 2000 3247 2069 ὑπερϐολήν.
3296 1998 3720 2066 Κληρονομίαν
3752 1998 3821 2051 δὲ

2226 2096 2424 2158 αὑτοὺς
2441 2095 2749 2165 ὠνόμασεν,
2785 2093 2860 2156 ὡς
2891 2092 3224 2162 κηδεμονίας
3269 2092 3351 2145 ὅτι
3390 2091 3625 2161 μάλιστα
3668 2089 3823 2143 πλεί-

2228 2203 2361 2257 στης
2390 2186 2521 2257 παρ’
2552 2184 2719 2239 αὑτοῦ
2748 2188 3122 2255 τετυχηκότας
3167 2184 3273 2238 ἀεί.
3319 2183 3476 2237 Οὕτω
3516 2183 3573 2236 δὲ
3616 2184 3825 2248 αὑτοὺς

2226 2278 2319 2332 καὶ
2369 2280 2398 2331 ό
2454 2278 2633 2348 μέγας
2690 2277 3103 2348 προσηγόρευσε
3156 2275 3443 2345 Μωσῆς⁵⁵.
3496 2296 3515 2327 ι
3546 2276 3823 2349 Ἐγενήθη

2226 2372 2358 2442 γὰρ,
2391 2371 2546 2440 φησὶ,
2581 2372 2742 2441 μερὶς
2771 2370 3005 2439 Κυρίου,
3036 2368 3166 2431 λαὸς
3211 2367 3377 2422 αὑτοῦ
3412 2368 3627 2436 Ἰακὼϐ,
3664 2372 3824 2441 σχοί-

2225 2480 2392 2533 νισμα
2418 2462 2785 2533 κληρονομίας
2801 2460 2966 2514 αὑτοῦ
3001 2461 3238 2532 Ἰσραήλ.
3267 2479 3285 2512 ι
3306 2458 3438 2515 Εἶτα
3460 2461 3825 2532 καταλέγει³⁷

2224 2555 2323 2625 τῆς
2353 2554 2624 2627 τιμωρίας
2653 2554 2721 2608 τὰ
2744 2552 2883 2624 εἴδη.

2297 2641 2397 2715 ξγ’,
2428 2645 2522 2712 ξδ’.
2563 2665 2582 2697 ι
2624 2645 2762 2708 Τοὺς
2788 2645 3106 2709 νεανίσκους
3129 2645 3313 2698 αὑτῶν
3348 2646 3629 2715 κατέφαγε
3662 2644 3782 2718 πῦρ
3806 2665 3824 2679 ο

2225 2738 2322 2792 καὶ
2380 2739 2437 2792 αἱ
2488 2738 2750 2810 παρθένοι
2815 2736 2996 2791 αὑτῶν
3065 2737 3165 2790 οὐκ
3223 2736 3684 2809 ὲπενθήθησανπ.
3749 2739 3827 2793 οι

2227 2834 2399 2903 ἱερεῖς
2421 2830 2605 2884 αὑτῶν
2623 2831 2680 2882 ἐν
2707 2830 2954 2901 ῥομφαίᾳ
2982 2828 3200 2896 ἔπεσον,
3230 2833 3322 2883 καὶ
3353 2833 3407 2883 αἱ
3432 2831 3599 2900 χῆραι
3630 2831 3829 2885 αὑτῶν

2224 2926 2286 2979 οὑ
2311 2924 2825 2996 κλαυσθήσονται¹⁹.
2861 2942 2878 2975 ι
2912 2924 3053 2985 Τοὺς
3076 2922 3175 2992 μὲν
3197 2925 3306 2994 γὰρ
3330 2924 3461 2993 πυρὶ
3485 2924 3774 2995 παρέδωκε
3797 2941 3825 2962 ο

2225 3016 2331 3070 τῶν
2357 3016 2413 3068 δὲ
2443 3018 2470 3069 ὁ
2503 3015 2740 3087 συνήθης
2780 3014 2882 3067 οὑκ
2909 3014 3129 3083 ἐγένετο
3160 3015 3381 3084 θρῆνος,
3420 3017 3652 3069 ἑκάστου
3681 3019 3826 3087 περὶ

533 3115 660 3154 eum
729 3104 1111 3183 unusquisque
1182 3107 1299 3162 suis
1366 3108 1523 3163 malis
1596 3117 1896 3184 occupatus
1952 3120 2115 3165 esset.

2227 3110 2295 3164 τὰ
2324 3111 2501 3163 οἰκεία
2523 3107 2904 3179 ἡσχολημένου
2927 3107 3098 3162 κακά.
3150 3107 3302 3178 Ὀφνὶ
3326 3107 3381 3161 δὲ
3424 3110 3521 3161 καὶ
3557 3110 3744 3173 Φινεὲς
3763 3111 3824 3164 οἱ

534 3192 715 3264 Oplmi
742 3213 871 3252 vero
894 3206 949 3251 et
978 3198 1216 3255 Phinccs
1243 3199 1584 3264 sacerdotes,
1608 3201 1700 3271 qui
1727 3216 1911 3256 arcam
1947 3202 2119 3271 ipsam

524 3285 882 3353 jnvcxernnt,
914 3290 1038 3343 caesi
1078 3301 1223 3348 sunt.
1271 3292 1389 3361 ipso
1436 3308 1617 3346 rerum
1672 3303 1868 3347 eventu
1922 3294 2120 3358 edocti,

535 3377 735 3433 divinae
782 3380 869 3449 opi
928 3382 1203 3436 conlidere
1274 3399 1384 3437 non
1433 3384 1631 3438 debere
1681 3386 1773 3453 qui
1809 3385 2124 3456 delinquere

536 3480 789 3539 pergunt.

608 3560 774 3616 Vens.
810 3564 898 3618 65.
942 3584 960 3617 ι
1000 3565 1281 3624 Excitatus
1303 3579 1388 3623 est
1413 3578 1673 3640 tanquam
1704 3570 1985 3628 dormiens
2016 3571 2123 3627 Do-

536 3654 739 3709 minus.
777 3674 793 3705 ι
832 3656 1215 3714 Verumtamen
1259 3677 1381 3716 cum
1418 3662 1566 3731 ipsos
1597 3662 1907 3731 hujnsmodi
1944 3660 2120 3733 poenis

535 3747 882 3816 subiecisset,
937 3753 1135 3806 hornm
1192 3756 1356 3809 etiam
1412 3756 1599 3812 hostes
1627 3758 1837 3822 docuit,
1869 3774 2118 3829 quaenam

534 3838 741 3893 fuerint
771 3856 950 3895 rerum
991 3842 1209 3899 illarum
1239 3861 1436 3901 causa.

608 3950 627 3982 ι
664 3929 949 4004 Tanquam
984 3944 1200 4005 potens,
1251 3946 1304 3991 et
1332 3940 1648 4011 crapulatus
1679 3955 1708 3993 a
1746 3940 1893 3995 vino.
1929 3940 2117 4013 [νεεδ.

532 4021 625 4097 66]
677 4024 743 4079 Et
789 4029 1063 4095 percussit
1106 4029 1361 4085 inimicos
1393 4047 1524 4087 suos
1555 4033 1606 4086 in
1639 4034 1941 4103 posteriora
1974 4053 1987 4087 :
2020 4048 2120 4105 op-

531 4112 825 4181 probrium
864 4118 1263 4187 sempiternum
1328 4120 1475 4175 dedit
1525 4122 1651 4175 illis.
1712 4142 1731 4175 »
1779 4122 1915 4178 Cum
1972 4124 2117 4177 enim

531 4204 677 4264 Deus
708 4223 738 4264 a
763 4223 823 4265 se
850 4209 1197 4281 patientiam.
1224 4213 1391 4267 veluti
1423 4229 1676 4269 somnum
1710 4216 1998 4286 quemdam
2023 4232 2120 4270 ex-

464 4301 471 4309 '
529 4299 819 4369 cussisset,
862 4302 1154 4374 allophylis
1181 4305 1398 4375 plagam
1425 4305 1628 4368 intulit.
1662 4323 1756 4377 per
1778 4324 1945 4376 quam
1973 4308 2118 4377 apud

2229 3204 2415 3272 ίερεῖς,
2457 3200 2628 3272 αὑτὴν
2658 3200 3049 3269 ἐπιφερόμενοι
3104 3200 3203 3270 τὴν
3255 3200 3507 3267 κιϐωτὸν,
3559 3201 3827 3269 ἐδέξαντο

2224 3294 2321 3366 τὴν
2349 3293 2582 3363 σφαγὴν,
2604 3293 2668 3346 δι’
2691 3292 2869 3345 αὐτῶν
2896 3291 3280 3360 διδασκόμενοι
3302 3292 3410 3347 τῶν
3441 3294 3819 3364 πραγμάτων,

2228 3387 2303 3458 μὴ
2369 3388 2593 3459 θαρρεῖν
2644 3385 2968 3456 παρανομία
3028 3382 3310 3449 συζῶντας
3353 3389 3418 3458 τῇ
3475 3386 3598 3458 θείᾳ
3653 3387 3824 3457 κηδε-

2228 3479 2407 3551 μονίᾳ.

2296 3571 2391 3638 ξε¹ο
2430 3589 2449 3622 ⁸
2485 3570 2793 3644 Ἐξηγέρθη
2814 3573 2859 3605 ⁸ο
2890 3573 2967 3638 ὡς
3018 3577 3061 3629 ὁ
3101 3572 3289 3629 ὑπνῶν
3319 3573 3554 3645 Κύριος.
3595 3590 3614 3623 ι
3669 3569 3822 3625 Ἀλλ’

2222 3665 2371 3735 ὅμως
2416 3665 2647 3729 ταύταις
2673 3666 2716 3697 ⁶¹
2751 3667 2956 3731 αὐτοὺς
2995 3670 3120 3733 ταῖς
3158 3668 3458 3737 τιμωρίαις
3497 3663 3816 3731 ὑποϐαλὼν,

2223 3756 2318 3811 καλ⁸
2346 3758 2475 3819 τοὺς
2509 3756 2719 3811 τούτων
2757 3756 2965 3824 ἐδίδαξε
2996 3756 3294 3828 πολεμίους
3313 3756 3415 3819 τὰς
3436 3754 3544 3807 τῶν
3579 3769 3823 3823 γεγενη-

2226 3852 2403 3923 μένων
2434 3853 2520 3904 αίτ
2532 3851 2635 3915 ίας.

2299 3967 2318 3999 ι
2368 3946 2455 4009 '0',-
2481 3945 2726 4010 δυνατὸς,
2760 3946 2857 3999 καὶ
2879 3945 2925 3977 ’⁸⁸
2960 3942 3435 4018 κεκραιπαληκὼς
3476 3939 3535 4006 ἐξ
3566 3939 3714 3995 οἴνου
3743 3939 3813 3993 ⁸⁸.

2222 4039 2383 4114 [ξς’.]
2426 4041 2524 4094 Ka‘
2595 4038 2838 4105 ἐπάταξε
2897 4038 3026 4101 τοὺς
3082 4036 3316 4108 ἐχθροὺς
3362 4034 3551 4087 αὐτῶν
3596 4034 3677 4095 είς
3739 4031 3812 4084 τὰ

2221 4134 2401 4187 ὀπίσω
2420 4133 2465 4165 θ’
2552 4131 2755 4195 ὄνειδος
2811 4129 3034 4183 αἰώνιον
3093 4127 3301 4181 ἔδωκεν
3357 4127 3567 4188 αὑτοῖς.
3617 4143 3634 4176 ι
3685 4117 3816 4177 Οἷον

2220 4227 2331 4297 γάρ
2374 4242 2496 4279 τινα
2546 4225 2715 4277 ὕπνον
2747 4224 2847 4294 τὴν
2895 4220 3292 4293 μακροθυμίαν
3341 4217 3812 4286 ἀποσεισάμενος,

2221 4320 2336 4381 τοῖς
2364 4314 2689 4385 ἀλλοφύλοις
2720 4315 2996 4385 ἐπήνεγκε
3051 4312 3152 4383 τὴν
3196 4309 3438 4381 πληγὴν,
3489 4308 3560 4361 δι’
3594 4307 3662 4378 ἢν
3710 4306 3814 4358 ἐπ-

532 4393 1110 4467 gmnesignominiosi
1165 4394 1342 4453 effecti
1395 4408 1524 4453 sunt
1560 4396 1605 4453 ί.
1666 4400 1921 4469 lntclligit
1970 4400 2118 4455 enim

2223 4406 2512 4461 ονείδιστοι
2544 4403 2699 4471 παρὰ
2732 4403 2902 4457 πᾶσιν
2932 4401 3209 4470 ἐγένοντο.
3237 4399 3403 4466 Λέγει
3424 4396 3482 4451 δὲ
3520 4396 3622 4466 τῆς
3649 4395 3817 4465 ἕδρας

530 4482 677 4537 sedis
737 4486 1015 4554 morbum,
1065 4505 1226 4560 quem
1287 4490 1518 4545 historia
1561 4491 1742 4546 docet.
1794 4491 1910 4548 Hoc
1946 4493 2116 4548 etiam

2223 4500 2285 4553 τὸ
2331 4499 2528 4563 πάθος,
2550 4499 2737 4567 ὃπερή
2778 4495 2994 4566 ίστορία
3027 4493 3299 4547 διδάσκει.
3351 4491 3528 4544 Τοῦτο
3551 4489 3596 4521 ⁸⁸
3636 4489 3815 4542 δὲκαὶ

529 4576 813 4643 ρτοριιειίει
869 4580 1142 4651 signiﬁcat
1199 4583 1430 4640 dicens:
1470 4603 1489 4636 ι
1529 4583 1806 4641 Percussit
1862 4589 2117 4647 inimicos

2223 4595 2256 4665 ή
2294 4588 2604 4664 προφητεία
2637 4588 2939 4659 δεδήλωκεν
2970 4601 2984 4616 ⁸
3023 4585 3130 4657 ἔφη
3183 4584 3295 4655 γάρ
3325 4600 3340 4613 '
3368 4604 3385 4637 ι
3420 4583 3534 4637 Kal
3568 4580 3812 4644 ἐπάταξε

528 4680 718 4720 eorum
767 4668 818 4722 in
861 4675 1206 4740 posteriora;
1243 4693 1261 4724 ι
1293 4676 1523 4731 honeste
1546 4677 1845 4749 designans
1878 4691 2111 4750 partem,

2222 4686 2349 4747 τοὺς
2379 4682 2608 4754 ἐχθροὺς
2637 4680 2819 4734 αὑτῶν
2852 4682 2930 4742 εἰς
2971 4679 3039 4732 τὰ
3081 4677 3260 4732 ὀπίσω
3285 4694 3300 4709 ο
3342 4697 3360 4730 ο
3401 4676 3729 4746 σεμνότερον
3751 4675 3814 4726 τὸ

529 4771 651 4824 quae
671 4758 884 4829 plagam
911 4765 1143 4834 accepit.
1171 4764 1428 4822 Somnum
1476 4783 1609 4824 vero
1655 4771 1972 4839 patientiam
2018 4792 2116 4830 vo-

2228 4777 2394 4847 μέρος
2424 4773 2716 4845 δηλώσασα
2739 4773 2800 4826 τδ
2835 4771 3136 4841 δεξάμενον
3169 4770 3267 4841 τὴν
3306 4769 3545 4839 πληγήν.
3582 4766 3816 4819 Ὕπνον

527 4848 691 4909 cavit,
735 4853 1043 4909 ebrietatem
1070 4864 1252 4911 autem
1283 4874 1348 4912 ea:
1377 4859 1495 4913 vino
1533 4859 1987 4930 indignationem.
2021 4866 2116 4921 Est

2224 4868 2281 4922 δὲ
2307 4867 2406 4938 τὴν
2436 4864 2825 4938 μακροθυμίαν
2846 4864 3110 4918 ἐκάλεσεν
3135 4877 3150 4896 ⁸
3179 4862 3249 4927 ἐξ
3278 4862 3450 4916 οινου
3474 4860 3530 4914 δὲ
3561 4855 3814 4928 κραιπά-

596 4988 622 5029 d
652 4988 669 5042 1
704 4988 837 5061 Reg.
875 5007 933 5046 μ.
1016 5002 1039 5030 ο
1066 4989 1223 5047 Deut.
1259 5011 1432 5061 χχχιι,
1460 4998 1513 5052 9.
1595 4995 1615 5036 ί
1649 4996 1668 5051 1
1701 4999 1834 5072 Reg.
1871 5018 1923 5057 ν.

1618 5130 1851 5188 VARIAS
1889 5133 2277 5191 LECTIONES
2319 5136 2408 5190 El‘
2446 5133 2681 5191 NOTAE.

596 5247 643 5278 δ’
682 5246 769 5318 νο.
804 5242 1112 5318 Recllectio
1136 5243 1263 5318 h._l.
1295 5255 1382 5318 es_t_
1406 5245 1595 5318 αὑτοῦ,
1624 5241 1707 5301 οὗ.
1784 5250 1828 5282 ⁸³
1855 5248 1973 5315 Τὴν
1998 5254 2121 5305 καλ.

2222 5251 2553 5318 ἡναὺτῶν.
2591 5251 2999 5314 Heliam-1;an
3019 5248 3178 5303 decus
3209 5248 3342 5318 ejus.
3424 5245 3467 5278 ⁵⁵
3487 5245 3624 5318 Ree.
3650 5246 3813 5300 lectio

524 5328 608 5371 est
647 5317 826 5387 χεῖρα.
906 5313 951 5344 ⁵⁸
996 5313 1305 5382 ’Υπερεῒδε.
1348 5314 1510 5370 Hebr.
1553 5331 1737 5370 contra
1768 5313 2121 5375 Itwredt'taten

2222 5313 2319 5375 irim
2363 5322 2670 5393 indignatus
2730 5332 2827 5375 est.
2881 5313 3042 5375 Conf.
3082 5336 3132 5390 p.
3178 5313 3338 5372 H61.
3373 5317 3523 5393 n_._4.
3598 5317 3646 5349 "
3683 5319 3811 5371 end.

525 5399 561 5452 2
594 5383 968 5471 προηγόρευσε
1007 5398 1269 5471 Μωὺσῆς.
1371 5399 1415 5431 ⁸⁷
1445 5400 1567 5471 eod.
1620 5400 1655 5453 2
1682 5400 1853 5469 λέγει.
1957 5404 2003 5435 ⁸⁸
2051 5404 2121 5457 lle

2226 5405 2388 5459 lectio
2439 5383 2500 5458 ll:
2545 5406 2580 5459 l.
2635 5413 2722 5458 est
2764 5383 3125 5471 ἐπένθησαν.
3155 5400 3319 5455 llebr.
3376 5383 3525 5471 1551a
3573 5398 3815 5453 laudatae

528 5484 574 5546 s_.
602 5469 959 5546 epithalamio
999 5470 1287 5524 Celebralae
1318 5477 1463 5546 attrit.
1501 5469 1642 5546 Aqu_.
1669 5471 2015 5546 ὑμνῄθησαν.
2060 5473 2121 5544 8)

2222 5491 2284 5546 o._
2312 5473 2684 5546 ἐπῃνέθησαν.
2743 5473 2808 5546 _"
2841 5469 3372 5546 Κλάυιζβήσονται.
3408 5470 3573 5524 Hebr.
3606 5477 3814 5546 διιεσῃ

526 5540 722 5613 ﬂebiaul
760 5554 806 5594 s.
860 5538 985 5595 [lere
1014 5548 1298 5613 poterant.
1336 5538 1545 5613 Symm.
1576 5538 1677 5613 οὑκ
1717 5538 2010 5613 ἔκλαυσαν.
2104 5538 2121 5575 ’¹

2222 5538 2554 5613 Εεηγέξοθηξ
2580 5547 2705 5601 eod.
2735 5544 2770 5596 Ξ
2797 5559 2988 5613 praem.
3027 5543 3155 5605 Kal,
3186 5551 3246 5613 ut
3290 5546 3342 5595 in
3379 5551 3529 5613 textu
3570 5539 3685 5591 τῶν
3726 5541 3806 5592 υν.

531 5612 572 5642 ⁸³
614 5609 878 5675 Ταύταις.
926 5608 1049 5665 cod.
1090 5611 1124 5663 2
1167 5624 1359 5680 praem.
1397 5608 1507 5696 xuii.
1585 5609 1632 5640 ⁶²
1661 5611 1793 5664 Καί.
1855 5611 2016 5667 Deest
2066 5615 2119 5668 in

2222 5608 2454 5696 ιιιιιτῶν
2484 5608 2561 5668 0'.
2658 5614 2704 5645 ”
2737 5608 3020 5696 Κὲκραιπ.
3055 5613 3124 5677 ἐξ
3166 5612 3362 5666 οἴνου.
3392 5611 3558 5665 Hebr.

526 5696 652 5773 υνδε)
674 5691 765 5759 qui
806 5692 1007 5762 jubilat
1050 5695 1169 5748 vino
1198 5692 1413 5745 hausto.
1449 5687 1659 5760 Symm.
1694 5692 1960 5748 διαλαλῶν
1990 5696 2049 5760 ἐξ
2081 5698 2121 5750 οἳ

2222 5718 2247 5751 ι.
2362 5691 2407 5729 δι
2452 5698 2552 5764 Εἰς
2614 5697 2686 5751 τὰ
2733 5697 2947 5750 ὀπίσω.
2988 5695 3153 5753 Hebr.
3183 5704 3332 5757 nm
3359 5703 3520 5760 retro,
3563 5687 3643 5747 sc'.
3691 5692 3813 5764 pel-

531 5785 648 5838 lens
686 5806 800 5844 ιυδ.
877 5790 920 5821 ⁸³
956 5789 1136 5844 Τοῦῖο
1168 5818 1235 5831 -ο
1277 5785 1645 5854 δεδήλωκεν.
1676 5789 1800 5846 Des.
1835 5791 1889 5845 in
1937 5794 2056 5848 cod.
2088 5794 2121 5846 ‘2

2803 5780 2819 5793 1
