4112 6420
380 351 518 418 1501

1673 356 1753 415 1N
1794 356 2003 418 PSAL.
2044 330 2332 421 Lxxvn'.

3509 358 3646 425 1502

380 473 516 535 λίην,
556 469 661 538 τὴν
700 467 1099 537 ἀγανάκτησιν.
1142 469 1413 540 Καθάπερ
1465 469 1574 542 γὰρ
1630 472 1960 524 ὲπείσοκτόν

2072 474 2209 528 enim
2260 474 2667 543 quodammodo
2722 475 2943 546 crapula
2993 474 3287 531 adventitia
3317 473 3449 541 Deo,
3484 489 3646 545 ptena

374 565 492 615 ἐστι
527 561 688 625 Θεοῦ,
735 563 1034 634 τιμωρία⁶⁶
1065 562 1287 627 δικαίως
1305 565 1349 597 ⁸⁷
1377 566 1494 627 τοῖς
1538 561 1960 633 πλημμελοῦσιν

374 653 721 725 ἐπαγομένη.

445 743 544 810 ξζη
583 763 601 797 ι
642 746 748 798 Kal
771 746 1037 800 ἀπώσατο
1084 747 1147 800 τὸ
1172 748 1440 818 σκήνωμα
1480 747 1704 819 Ἰωσὴφ,
1738 748 1833 800 καὶ
1861 748 1961 818 τὴν

374 838 554 906 φυλὴν
596 837 842 908 Ἐφραῒμ
897 839 1001 892 ούκ
1050 838 1360 905 ἐξελέξατο.
1388 858 1407 892 ι
1448 840 1621 894 Πάλιν
1668 841 1765 903 τὰς
1794 840 1961 903 ἄλλας

374 928 698 983 καταλιπὼν
762 930 957 998 φυλὰς,
986 931 1172 1001 -μόνης
1224 932 1503 1001 μέμνηται
1554 932 1656 1001 τῆς
1698 929 1958 1001 Ἐςρραῖμ,

375 1019 476 1090 τὴν
509 1019 782 1089 ἐσομένην
814 1022 1068 1092 προορῶν
1121 1022 1439 1093 τυραννίδα.
1484 1022 1581 1075 Ἐκ
1623 1022 1832 1092 ταύτης
1853 1023 1962 1092 γὰρ

386 1112 676 1183 Ἰεροϐοὰμ
706 1112 1051 1183 ὁρμώμενος,
1084 1114 1183 1177 τὰς
1214 1114 1349 1167 δέκα
1378 1113 1552 1181 φυλὰς
1582 1117 1645 1167 ὲκ
1670 1114 1773 1181 τῆς
1798 1114 1962 1166 Δαϐι-

377 1205 537 1273 τικῆς
566 1204 851 1274 ἀπέρρηξε
877 1192 1165 1274 βασιλείας
1193 1222 1207 1237 ·
1251 1206 1451 1277 Ἰωσὴφ
1483 1207 1539 1259 δὲ
1586 1206 1682 1259 καὶ
1723 1204 1964 1276 Ἐιρραῒμ

379 1296 480 1367 τὴν
528 1294 700 1365 αὐτὴν
756 1296 908 1364 λέγει
940 1296 1158 1367 φυλήν’
1211 1296 1328 1359 υίὸς
1384 1300 1495 1367 γὰρ
1540 1296 1637 1350 τοῦ
1693 1296 1892 1367 Ἰωσὴφ
1935 1296 1964 1348 6

393 1388 656 1458 Ἐιρρατμ.
703 1388 1062 1457 Ἀπωσθῆναι
1095 1389 1151 1441 δὲ
1209 1388 1383 1459 αὐτὴν
1420 1388 1592 1457 λέγει,
1618 1386 1697 1459 τῷ
1732 1387 1807 1458 μὴ
1845 1388 1965 1440 δια-

381 1484 564 1551 μεῖναι
604 1483 662 1533 ὲν
686 1482 750 1550 τῇ
778 1479 982 1551 Σηλὼμ
1009 1481 1108 1551 τὴν
1153 1480 1382 1551 σκηνὴν,
1432 1480 1552 1535 ἀλλ’
1580 1483 1637 1534 ὲν
1658 1483 1725 1551 τῇ
1767 1479 1965 1549 Ἰερου-

380 1571 566 1641 σαλὴμ
599 1575 701 1642 τῆς
730 1572 886 1635 θείας
931 1572 1169 1625 κιϐωτοῦ
1205 1573 1513 1642 μεταϐῆναι
1554 1573 1657 1643 τὴν
1684 1572 1871 1649 χάριν,
1903 1573 1964 1625 ὲν

377 1657 413 1736 ᾖ
449 1663 542 1714 καὶ
574 1664 602 1715 6
628 1659 883 1732 Σολομὼν
934 1661 1075 1731 μετὰ
1104 1660 1280 1715 ταῦτα
1321 1662 1412 1714 τὸν
1447 1661 1590 1714 θεῖον
1634 1659 1773 1714 νεὼν
1828 1659 1962 1714 ὲδεί-

381 1770 542 1826 ματο.

2062 584 2184 639 (ιιιοε
2206 571 2354 640 juste
2388 570 2768 641 peccatoribus
2800 570 3085 641 inﬂigitur.

2134 749 2298 805 Vens.
2331 750 2421 807 67.
2468 773 2487 804 ι
2528 750 2595 806 Ει
2636 752 2835 822 repulit
2876 752 3289 807 tabernaculum
3334 749 3558 819 Joseph,
3590 756 3648 804 et

2062 841 2264 896 tribum
2320 841 2576 912 Ephraim
2609 858 2716 897 non
2748 843 2930 911 elegit.
2973 862 2992 895 ι
3035 841 3269 903 Rursus,
3307 841 3430 896 aliis
3471 840 3647 895 tribu-

2063 934 2168 989 bus
2190 934 2487 999 derelictis,
2518 934 2689 989 solius
2714 934 2971 1004 Ephraim
2996 934 3267 999 meminit,
3286 932 3527 987 futuram
3563 939 3645 1003 ty-

2064 1026 2350 1079 rannidem
2385 1026 2709 1093 praevidens.
2730 1024 2808 1080 Ex
2842 1026 2942 1079 hac
2970 1025 3115 1079 enim
3147 1033 3303 1078 ortus
3332 1021 3644 1087 Jeroboam,

2065 1133 2095 1171 a
2157 1116 2416 1173 Davidico
2464 1134 2630 1187 regno
2666 1119 2854 1173 decem
2905 1118 3079 1173 tribus
3137 1117 3386 1172 abduxit.
3439 1116 3645 1185 Josepb

2063 1223 2231 1280 porro
2253 1218 2309 1264 et
2364 1209 2625 1280 Ephraim
2687 1211 2933 1265 eamdem
2985 1211 3190 1264 tribum
3242 1208 3454 1280 1164
3489 1209 3642 1271 dicit.

2065 1301 2195 1372 quia
2254 1303 2399 1358 lilius
2456 1301 2679 1373 Josepbi
2734 1302 2836 1357 l'uit
2893 1301 3173 1372 prraim.
3217 1301 3492 1371 Reiectam
3542 1317 3645 1356 au-

2088 1413 2174 1452 em
2210 1399 2354 1452 hanc
2400 1397 2571 1452 fuisse
2613 1396 2764 1463 dicit,
2833 1396 2980 1465 quod
3006 1395 3415 1450 tabernaculum
3448 1395 3500 1448 in
3526 1394 3646 1450 Silo

2066 1509 2175 1548 non
2222 1491 2609 1563 permanserit,
2644 1490 2738 1547 sed
2785 1489 2987 1544 divinae
3036 1503 3177 1543 area:
3209 1488 3384 1556 gratia
3414 1489 3432 1509 “
3469 1497 3650 1541 trans-

2068 1586 2177 1640 lata
2234 1584 2403 1639 fuerit
2447 1582 2903 1652 Hierosolymam,
2939 1582 2993 1635 in
3053 1596 3162 1652 qua
3194 1579 3456 1636 Salomon
3486 1580 3648 1635 etiam

2065 1687 2256 1749 postea
2287 1678 2533 1733 divinum
2569 1677 2832 1746 templum
2864 1675 3058 1730 erexit.

451 1844 552 1916 ξη’.
591 1865 610 1897 ι
653 1846 765 1899 Καὶ
810 1843 1101 1911 ἐξελέξατο
1144 1845 1245 1916 τὴν
1276 1845 1450 1915 φυλὴν
1492 1844 1665 1899 Ἰούδα
1693 1862 1707 1877 ο
1744 1844 1806 1898 τὸ
1833 1844 1961 1915 ὅρος

2141 1861 2308 1917 Vens.
2341 1862 2429 1916 b8.
2475 1882 2494 1914 ι
2524 1861 2591 1916 Ει
2616 1861 2777 1931 elegit
2806 1861 3004 1915 tribum
3033 1859 3196 1925 Juda,
3230 1870 3471 1915 montem
3491 1859 3649 1928 Sion,

376 1937 439 1990 τὸ
465 1936 627 2003 Σιὼν,
658 1938 685 1989 ὃ
712 1937 1024 2006 ἠγάπησεν.
1053 1958 1071 1989 ι
1105 1936 1423 2005 Ἐξελέξατο
1446 1938 1631 2008 μέντοι
1660 1938 1760 2008 τὴν
1789 1938 1963 2008 φυλὴν

389 2030 583 2093 Ἰούδα,
618 2030 709 2083 διὰ
735 2031 834 2101 τὴν
866 2030 924 2097 ἐξ
970 2029 1171 2083 Ἰεσσαὶ
1203 2032 1401 2101 ῥάϐδον
1432 2031 1694 2101 ἁνθήσειν
1722 2030 1768 2063 ⁸⁸
1795 2048 1966 2101 προσ·

379 2123 721 2191 δοκωμένην.
757 2121 977 2191 Ταύτην
1016 2122 1073 2174 δὲ
1101 2122 1202 2193 τὴν
1235 2121 1473 2193 βλάστην
1505 2124 1602 2175 καὶ
1624 2123 1653 2175 6
1688 2124 1965 2193 πατριάρ-

379 2232 485 2285 χης
543 2213 742 2267 Ἰακὼϐ
818 2214 1220 2286 προεθέσπισεν
1276 2214 1519 2279 εὐλογῶν
1567 2215 1661 2267 τὸν
1727 2214 1962 2268 Ἰούδαν·

385 2308 664 2377 μέμνηται
686 2307 743 2360 δὲ
768 2307 940 2376 αὐτῆς
961 2308 1053 2361 καὶ
1073 2309 1101 2359 6
1128 2306 1422 2370 θεσπέσιος
1441 2307 1679 2372 Παῦλος,
1705 2308 1907 2361 οὑτωσὶ
1922 2310 1965 2341 ⁸⁸

379 2399 556 2466 λέγων
578 2416 591 2429 ·
631 2417 649 2450 ι
692 2398 967 2469 Πρόδηλον
1002 2398 1061 2451 δὲ
1096 2398 1177 2451 ὅτι
1221 2399 1281 2463 ἐξ
1331 2398 1506 2453 Ἰούδα
1543 2400 1912 2453 ἀνατέταλκεν
1939 2402 1969 2453 ό

383 2492 594 2564 Κύριος
621 2492 781 2562 ἡμῶν
816 2491 1029 2561 Ἰησοῦς
1061 2492 1321 2562 Χριστός.
1360 2511 1378 2543 ι
1412 2491 1634 2563 Ταύτης
1664 2489 1759 2546 οὖν
1803 2493 1969 2547 ἕνεκα

380 2584 481 2654 τὴν
523 2584 693 2639 Ἰούδα
728 2583 905 2654 φυλὴν
955 2584 1066 2637 τῶν
1093 2583 1272 2637 ἄλλων
1327 2583 1616 2652 προείλετο
1638 2600 1651 2615 ο
1691 2584 1882 2655 ἐπειδὴ
1912 2584 1969 2637 δὲ

381 2676 540 2731 τοῦτό
571 2694 687 2739 πως
714 2678 965 2745 ἠγνοεῖτο
991 2680 1109 2739 τοῖς
1135 2676 1356 2739 πολλοῖς
1378 2678 1440 2730 τὸ
1468 2678 1786 2747 μυστήριον,
1823 2676 1971 2747 μάλα

390 2766 575 2836 σαφῶς
592 2768 638 2799 ⁷⁰
662 2769 914 2837 ἐπήγαγε
934 2783 947 2797 ·
977 2787 997 2819 ι
1026 2768 1099 2821 Τὸ
1116 2769 1245 2838 ὅρος
1272 2767 1334 2821 τὸ
1360 2768 1520 2835 Σιὼν,
1547 2769 1576 2822 ὃ
1606 2769 1918 2839 Marmor),
1945 2787 1964 2820 ι

389 2856 478 2911 ἵνα
527 2857 634 2911 τῶν
670 2858 846 2913 ἄλλων
881 2857 1068 2927 φυλῶν
1120 2858 1436 2930 κατασϐέσῃ
1461 2859 1554 2912 τὸν
1600 2859 1819 2927 φθόνον,
1875 2877 1972 2931 μο⁶

388 2950 601 3019 νονουχλ⁸
652 2949 865 3018 λέγων’
918 2951 1215 3020 Μηδεμίαν
1288 2951 1546 3021 ἀφορμὴν
1631 2950 1971 3021 ζηλοτυπίας

387 3040 697 3111 είσδέξησθε
732 3043 801 3095 ⁷⁸.
839 3041 940 3094 Διὰ
971 3042 1080 3113 γὰρ
1130 3044 1192 3094 τὸ
1228 3041 1367 3096 Σιὼν
1397 3044 1522 3114 δρος
1560 3043 1847 3110 ἐξελέξατο
1874 3044 1973 3116 τὴν

401 3129 576 3185 Ἰούδα
624 3132 821 3201 φυλήν.
876 3132 1089 3195 ’Ἄλλως
1133 3149 1195 3183 τε
1249 3132 1344 3184 καὶ
1392 3134 1692 3203 σεϐάσμιον
1720 3133 1973 3204 βούλεται

2068 1970 2230 2026 quem
2267 1955 2480 2009 dilexit.
2516 1974 2535 2007 ι
2576 1954 2753 2023 Elegit
2783 1954 2923 2008 hanc
2945 1954 3146 2009 tribum
3170 1953 3324 2009 Judm
3346 1955 3417 2008 ob
3435 1953 3650 2025 virgam

2066 2045 2241 2111 Iesse,
2268 2062 2391 2115 qum
2421 2048 2845 2116 exspectabatur
2874 2055 2931 2099 ιιι
2960 2045 3293 2101 ﬂoresceret.
3323 2044 3434 2099 lloc
3466 2056 3650 2098 autem

2070 2153 2289 2208 germen
2345 2146 2399 2190 et
2436 2137 2747 2207 patriarcha
2779 2134 2949 2191 Jacob
2980 2135 3314 2190 vaticinatus
3341 2143 3447 2200 est,
3482 2135 3653 2188 lrene-

2068 2231 2259 2287 dicens
2286 2230 2459 2285 ludar.
2485 2229 2841 2301 Meminitqne
2870 2230 3038 2300 hujus
3055 2232 3222 2300 virgae
3242 2228 3405 2283 etiam
3433 2227 3653 2281 divinus

2068 2325 2274 2380 Paulus
2329 2324 2409 2378 sic
2455 2323 2692 2378 dicens:
2758 2341 2778 2375 ι
2822 2320 3167 2377 Manifestum
3222 2331 3404 2375 autem
3453 2328 3536 2374 est
3583 2334 3651 2373 ex

2068 2413 2205 2469 Jnda
2267 2413 2560 2469 Dominum
2608 2424 2859 2470 nostrum
2911 2413 3098 2470 Jesum
3150 2414 3426 2469 Christum
3468 2420 3654 2468 ortum

2071 2492 2195 2569 esse
2226 2515 2271 2567 ε.
2313 2532 2332 2565 ι
2377 2512 2605 2581 Propter
2655 2513 2797 2566 hanc
2828 2511 2995 2581 igitur
3030 2511 3241 2580 virgam
3274 2509 3475 2564 tribum
3500 2507 3655 2563 Judte

2072 2605 2195 2659 aliis
2252 2604 2510 2675 praetulit.
2559 2604 2828 2669 Quoniam
2863 2611 3044 2656 autem
3100 2603 3204 2657 hoc
3248 2602 3568 2673 mysterium
3620 2617 3650 2656 a

2054 2699 2264 2754 'multis
2315 2698 2721 2768 quodammodo
2779 2696 3157 2766 ignorabatur,
3210 2696 3346 2750 satis
3395 2696 3656 2751 distincte

2073 2791 2282 2846 addidit
2309 2809 2323 2845 :
2364 2810 2383 2843 ι
2423 2789 2660 2845 Montem
2691 2790 2824 2844 Sion
2855 2805 3017 2859 quem
3050 2789 3260 2853 dilexit,
3289 2807 3308 2840 ι
3338 2798 3397 2843 ιιι
3420 2789 3653 2843 aliarum

2073 2882 2318 2937 tribuum
2385 2882 2646 2935 invidiam
2706 2881 3115 2948 restingueret;
3177 2880 3337 2948 quasi
3400 2880 3654 2934 diceret:

2075 2974 2291 3029 Nullam
2340 2974 2561 3028 invidire
2602 2988 2793 3028 ansam
2826 2973 3071 3041 arripite,
3108 2971 3558 3041 quandoquidem
3585 2971 3657 3026 ob

2079 3068 2300 3121 Sionem
2358 3074 2597 3120 montem
2649 3064 2803 3119 Judee
2853 3065 3058 3118 tribum
3090 3064 3274 3133 elegit.
3306 3064 3572 3118 Praeterea
3604 3071 3658 3118 et

2076 3158 2446 3213 venerandum
2505 3164 2744 3211 montem
2796 3157 3087 3211 ostendere
3138 3156 3274 3220 vult,
3310 3171 3375 3213 eo
3423 3156 3569 3225 quod
3600 3154 3657 3209 in

388 3223 558 3289 δεῖξαι
588 3226 647 3279 τὸ
682 3227 828 3295 ὅρος,
871 3226 959 3279 διὰ
1003 3225 1094 3279 τὸν
1129 3225 1702 3297 οἰκοδομηθησόμενον
1743 3227 1877 3282 νεὼν
1912 3229 1969 3284 ἐν

2077 3253 2197 3324 ipso
2229 3252 2492 3321 templum
2526 3251 2906 3305 :edilicandum
2939 3258 3077 3304 erat.

390 3318 563 3389 αὐτῷ.

462 3432 558 3498 ἔθ’.
620 3452 638 3484 ι
694 3434 807 3487 Kal
866 3434 1220 3506 ᾠκοδόμησεν
1272 3436 1348 3499 ὡς
1400 3436 1794 3508 μονοκερώτων
1815 3438 1861 3469 ⁷⁸
1914 3436 1978 3490 τὸ

393 3527 643 3597 ἀγίασμα
678 3525 870 3580 αὐτοῦ.
913 3547 930 3578 ι
964 3528 1179 3598 Κέρατι
1211 3529 1303 3581 τὸν
1339 3529 1654 3599 μονόκερων
1685 3530 1767 3582 ένὶ
1795 3528 1977 3581 καθω-

392 3616 620 3670 πλίσθαι
647 3618 815 3685 φασίν
840 3634 855 3649 ·
882 3618 980 3672 ἕνα
1008 3618 1066 3672 δὲ
1093 3624 1424 3688 προσκυνεῖν
1449 3622 1586 3674 Θεὸν
1627 3622 1722 3674 καὶ
1749 3623 1779 3674 6
1814 3620 1978 3692 νόμος

391 3702 632 3767 ἐδίδαξεν
658 3704 724 3757 ⁷⁸.
780 3705 1024 3768 Εἰκότως
1075 3707 1255 3760 τοίνυν
1297 3708 1570 3763 ἀπείκασε
1637 3711 1977 3782 μονοκέρωτι

390 3794 480 3849 τὸν
510 3796 609 3849 ἕνα
640 3795 806 3861 νεὼν,
837 3797 932 3848 τὸν
953 3796 1032 3866 τῷ
1064 3799 1146 3850 ἐνὶ
1181 3800 1565 3869 ἁφιερωμένον
1590 3801 1711 3870 Θεῷ
1735 3802 1804 3854 ⁷⁸.
1843 3819 1863 3854 t
1887 3803 1979 3856 Ἑν

388 3888 458 3956 τῇ
499 3890 569 3956 γῇ
592 3887 640 3918 ⁷³
682 3888 1049 3955 έθεμελίωσεν
1080 3890 1251 3960 αὐτὴν
1288 3892 1371 3953 είς
1414 3892 1505 3943 τὸν
1538 3892 1731 3945 αίῶνα.
1773 3911 1792 3943 ι
1827 3894 1894 3945 '0
1920 3893 1977 3945 δὲ

392 3978 694 4048 Σύμμαχος
746 3979 958 4043 οὕτως’
1016 3980 1170 4046 Ὠς⁷⁶
1214 3982 1331 4049 τὴν
1363 3982 1503 4052 γῆν,
1547 3982 1629 4050 ἢν
1659 3985 1976 4052 ἐθεμελίω-

392 4084 510 4136 σας
529 4070 575 4103 ⁷⁷
600 4073 688 4138 εἰς
717 4072 822 4126 τὸν
859 4071 1066 4127 αἰῶνα.
1128 4075 1239 4128 Kal
1272 4076 1322 4128 οἱ
1372 4075 1522 4129 ἄλλοι
1566 4076 1622 4130 δὲ
1660 4076 1759 4148 τὴν
1806 4077 1979 4148 αὐτὴν

390 4161 631 4215 διάνοιαν
657 4163 1069 4233 ἡρμηνεύκασι.
1119 4165 1285 4233 Λέγει
1324 4167 1529 4231 τοίνυν,
1563 4168 1647 4221 ὅτι
1720 4168 1979 4239 καθάπερ

395 4253 528 4319 μίαν
582 4252 987 4325 ἐδημιούργησε
1029 4256 1156 4327 γῆν,
1213 4255 1358 4310 οὕτω
1384 4256 1524 4312 νεὼν
1569 4260 1848 4324 Ἰουδαίοις
1880 4260 1981 4315 ἕνα

392 4344 801 4416 δημιουργῆσαι
841 4348 1173 4418 προσέταξε.

463 4443 528 4491 o’.
582 4455 602 4490 ι
642 4440 753 4491 Kal
799 4440 1081 4505 ἐξελέξατο
1127 4442 1295 4497 Δαϐὶδ
1325 4443 1417 4497 τὸν
1440 4443 1630 4497 δοῦλον
1659 4444 1851 4511 αὑτοῦ,
1886 4444 1981 4499 καὶ

2159 3451 2324 3507 Vens.
2363 3450 2451 3505 69.
2491 3466 2511 3502 ι
2550 3449 2617 3505 Ει
2653 3448 2941 3505 aediﬁcavit
2969 3449 3110 3504 sicut
3150 3448 3500 3504 unicornium
3533 3463 3662 3502 san-

2080 3544 2350 3599 ctnarium
2380 3558 2565 3597 suum.
2597 3561 2615 3594 ι
2657 3540 2778 3596 Uno
2807 3555 2981 3596 COI'IIU
3007 3541 3160 3595 aiunt
3187 3541 3510 3595 unicorncm
3540 3556 3662 3595 mu-

2082 3638 2255 3691 nitum
2303 3651 2446 3690 esse.
2500 3635 2680 3690 Unum
2732 3644 2914 3689 autem
2962 3633 3133 3687 Deum
3180 3634 3361 3688 colere
3390 3632 3665 3686 etiamlex

2081 3728 2289 3782 docuit.
2321 3726 2453 3782 Jurc
2486 3727 2653 3796 igitur
2681 3728 2904 3780 unicum
2939 3728 3225 3796 templum,
3258 3729 3352 3796 ιυιί
3387 3726 3500 3783 Deo
3531 3743 3664 3783 con-

2082 3831 2379 3885 secratum,
2429 3820 2683 3874 unicorni
2725 3818 3087 3888 comparavit.
3133 3838 3151 3870 ι
3192 3817 3247 3871 In
3281 3828 3425 3873 terra
3462 3819 3663 3873 funda-

2083 3917 2160 3969 vit
2199 3931 2321 3970 eam
2379 3916 2432 3968 in
2479 3913 2700 3967 smeula.
2740 3931 2758 3963 ι
2793 3912 3158 3983 Symmachus
3210 3921 3394 3965 autem
3454 3913 3557 3975 sic,
3593 3909 3662 3965 Ut

2083 4013 2305 4069 terram,
2362 4020 2521 4073 quam
2577 4002 2821 4071 fundasti
2878 4002 2934 4055 in
2990 4001 3211 4057 srecnla.
3253 4001 3442 4056 Caneri
3496 4001 3661 4055 etiam

2088 4095 2300 4167 1165
2325 4095 2582 4151 eumdem
2610 4111 2844 4151 sensum
2870 4102 3276 4165 expresserunt.
3301 4092 3437 4147 Dicit
3473 4093 3660 4164 igitur,

2082 4188 2230 4256 quod
2262 4187 2406 4241 sicut
2446 4202 2608 4240 unam
2643 4197 2844 4241 terram
2880 4185 3148 4249 condidit,
3188 4185 3271 4241 sic
3297 4184 3501 4240 Iudaeis
3526 4200 3663 4255 prae-

2082 4279 2287 4346 ceperit
2318 4290 2377 4333 ut
2402 4294 2570 4332 unum
2605 4279 2865 4349 templum
2890 4278 3183 4348 erigerent.

2154 4458 2321 4513 Vsns.
2375 4456 2462 4512 ‘70.
2513 4475 2533 4509 ι
2569 4455 2637 4511 Et
2664 4456 2825 4527 elegit
2856 4454 3114 4511 Davidem
3144 4470 3362 4510 servum
3395 4468 3579 4518 suum,
3611 4462 3665 4508 et

392 4529 658 4585 ἀνέλαϐεν
695 4533 860 4585 αὑτὸν
895 4535 959 4587 ὲκ
982 4534 1093 4588 τῶν
1134 4537 1406 4606 ποιμνίων
1445 4537 1555 4591 τῶν
1600 4539 1914 4609 προϐάτων.
1953 4557 1969 4589 ι

2085 4552 2326 4621 suscepit
2372 4566 2497 4606 eum
2533 4553 2600 4606 de
2638 4550 2895 4622 gregibus
2947 4549 3152 4604 ovium.
3191 4566 3210 4599 ι
3250 4547 3448 4601 Eadem
3497 4560 3663 4616 opera

395 4623 555 4677 Κατὰ
584 4625 789 4678 ταυτὸν
817 4626 905 4679 διὰ
957 4629 1168 4681 τούτων
1224 4598 1485 4701 έδήλωσε,
1537 4598 1655 4684 καὶ.
1682 4631 1779 4684 τοῦ
1811 4631 1969 4685 Δαϐὶε

2085 4598 2326 4621 -..περ
2376 4598 2497 4606 η.-.
2536 4598 2599 4606 .--
2641 4598 2893 4622 σαν-μ,
3194 4598 3201 4599 ,
3250 4598 3447 4601 "mm
3508 4598 3560 4616 τ
3638 4598 3661 4599 η

2089 4642 2176 4698 his
2221 4643 2401 4697 verbis
2432 4644 2688 4708 ostendit,
2716 4652 2764 4696 et
2798 4641 3019 4697 Daviilis
3057 4641 3336 4706 virtutem,
3372 4640 3667 4693 nominans

394 4714 494 4784 τὴν
523 4716 745 4787 ἀρετὴν,
800 4717 988 4773 δοῦλον
1022 4721 1187 4775 αὑτὸν
1233 4721 1508 4793 ὀνομάσας
1538 4723 1700 4789 Θεοῦ,
1756 4725 1853 4777 καὶ
1885 4723 1979 4777 τοῦ

398 4804 534 4859 Θεοῦ
578 4807 678 4879 τὴν
730 4809 1066 4883 φιλοτιμίαν,
1139 4814 1221 4868 ὅτι
1268 4813 1361 4868 τὸν
1418 4815 1697 4887 προϐατέα
1751 4814 1983 4886 βασιλέα

399 4896 719 4969 πεποίηκεν.

472 5096 500 5137 ε
527 5093 688 5151 Hebr.
732 5112 829 5163 vn,
868 5098 954 5152 14.

2089 4736 2268 4804 ipsum
2319 4748 2535 4789 servum
2582 4733 2698 4798 Dei,
2736 4741 2791 4788 ct
2828 4733 3084 4788 eximiam
3133 4732 3229 4788 Dei
3261 4732 3665 4796 liberalitatem,

2089 4826 2353 4897 quoniam
2388 4836 2663 4898 pastorem
2698 4842 2881 4897 regem
2917 4825 3064 4882 fecit.

1490 5286 1727 5342 VARIAE
1768 5284 2154 5341 LECTIONES
2194 5287 2280 5342 ET
2319 5288 2547 5345 ΝΟΤίΕ.

472 5419 519 5453 ⁶⁶
561 5424 953 5503 τιμωρία-θοὰ.
984 5426 1231 5503 inprmn.
1262 5430 1439 5503 ᾁλλά.
1469 5433 1544 5503 *⁷⁷
1576 5432 1702 5503 cod.
1736 5433 1772 5486 2
1808 5434 1969 5490 δικαί<

2095 5436 2140 5468 ⁸⁸
2182 5436 2523 5496 ’Δγ-θήσειν.
2551 5437 2673 5490 eod.
2706 5434 2742 5489 2
2769 5436 2869 5503 τὴν
2900 5434 3150 5502 ἀνθῆσαι.
3228 5432 3274 5464 ⁸⁸
3300 5431 3421 5503 cmi.
3452 5432 3487 5503 2
3504 5429 3669 5487 οὕτωσ

399 5491 448 5526 ⁷⁸
481 5493 599 5547 eod.
624 5491 665 5546 '2
688 5495 892 5565 σοφῶς.
940 5564 943 5565 ν
1004 5491 1054 5527 ⁷⁷
1090 5500 1214 5553 cod.
1260 5502 1295 5553 2
1338 5500 1671 5565 είσδέξασθε.

404 5505 448 5526 "
481 5505 599 5547 (Ὄα-
630 5505 665 5546 2
693 5505 892 5562 σοφωςο
1004 5505 1049 5527 ⁷⁸
1090 5505 1214 5553 cod.
1260 5505 1295 5553 2
1338 5505 1671 5565 είσδέξασθε.
1783 5505 1829 5535 ⁷⁸
1861 5507 1960 5560 cod

404 5564 775 5642 Αειιιερμοίως
824 5564 1068 5642 ὑψηλοῖς.
1104 5567 1313 5638 Symm.
1352 5572 1429 5631 ὡς
1471 5573 1539 5625 τὰ
1589 5571 1791 5642 ὑψηλά.
1869 5575 1914 5606 ⁷³
1945 5591 1969 5631 c

2105 5507 2502 5575 μονοκέρωτος.
2553 5508 2719 5561 Hebr.
2759 5512 3087 5563 arm-1c:
3124 5505 3326 5570 inﬂari

2120 5577 2155 5629 2
2205 5575 2512 5631 ἐδίδασκεν.
2590 5577 2636 5609 ⁷⁸
2670 5576 2792 5641 Θεῷ
2840 5578 3009 5629 Abest
3040 5590 3068 5626 a
3115 5573 3237 5626 cod.
3274 5572 3326 5626 2.

2309 5523 2502 5575 ρωτος.
2553 5508 2719 5561 Hebr.
2759 5501 3087 5563 arm-11::
3124 5504 3298 5555 instar
3319 5501 3665 5570 palatiorum.

2309 5579 2512 5631 ἰασκεν.
2590 5577 2636 5609 ⁷⁸
2670 5576 2792 5639 Θεῷ
2840 5578 3009 5629 Abest
3040 5590 3068 5626 a
3115 5573 3237 5626 eod.
3274 5572 3326 5626 2.
3406 5572 3567 5624 "‘Er
3596 5569 3670 5639 τῇ

401 5632 502 5704 γῇ.
533 5633 696 5689 Hebr.
727 5642 888 5719 V133
922 5632 1065 5690 sicut
1109 5632 1326 5695 terram.
1404 5642 1451 5672 "
1478 5642 1596 5707 Ὧς.
1631 5632 1756 5698 ὲάύο
1795 5643 1832 5697 2
1858 5645 1939 5711 ὃς,

2090 5648 2272 5701 minus
2303 5654 2474 5703 recte.
2549 5648 2594 5681 ⁷⁷
2630 5632 2826 5703 ιτοὸίῖ
2848 5642 3231 5714 ὲθεμελίωσεν,
3265 5652 3319 5697 et
3345 5643 3426 5698 sic
3453 5632 3671 5714 quoque

406 5727 511 5797 leg.
546 5727 688 5797 apud
740 5724 933 5783 Montt‘.
977 5728 1032 5783 in
1071 5730 1304 5802 Hexapl.
1361 5734 1427 5789 ad
1494 5734 1549 5788 b.
1589 5735 1623 5788 Ι.
