4112 6430
367 328 516 392 1505

352 565 625 623 πετεινοῖς
643 561 738 614 τοῦ
759 559 1018 632 ούρανοῦ,
1037 561 1135 624 τὰς
1158 561 1370 629 σάρκας
1392 560 1506 613 τῶν
1527 560 1690 614 ὁσίων
1715 577 1808 613 σου
1824 561 1937 622 τοῖς

354 642 569 724 θηρίοις
587 653 685 721 τῆς
714 653 841 722 γῆς.
879 670 897 703 ι
912 650 1174 722 ,Τοσαύτῃ
1196 650 1462 723 θηριωδία
1479 651 1577 704 καὶ
1607 648 1775 721 μανίᾳ
1795 646 1939 703 κατά

353 744 463 799 τῶν
486 743 597 796 σῶν
620 743 973 813 θεραπόντων
1001 744 1327 814 ἐχρήσαντο,
1353 741 1429 805 ὡς
1456 745 1567 803 τοῖς
1587 740 1798 811 θηρίοις
1843 740 1939 795 καὶ

353 841 469 899 τοῖς
501 835 611 888 τῶν
642 835 912 889 πετεινῶν
947 836 1306 906 σαρκοϐόροις
1343 834 1411 888 τὰ
1450 833 1658 887 τούτων
1708 832 1940 904 σώματα

356 930 643 1001 προθεῖναι
681 927 884 996 θοίνην.

427 1028 495 1088 γ’.
546 1039 565 1071 ι
617 1019 871 1088 Ἐξέχεαν
888 1018 949 1071 τὸ
980 1011 1120 1088 αἷμα
1146 1016 1328 1070 αὐτῶν
1353 1016 1488 1070 ὡσεὶ
1514 1015 1660 1088 ὕδωρ
1684 1015 1871 1086 κύκλῳ
1893 1016 1940 1049 ⁸³

370 1112 754 1184 Ἰερουσαλὴμ,
795 1112 889 1163 καὶ
926 1110 1027 1163 ούκ
1063 1105 1131 1179 ἦν
1161 1112 1188 1161 ὁ
1232 1109 1476 1163 θάπτων.
1515 1128 1534 1160 ι
1570 1110 1870 1178 Μιαιφόνον
1895 1108 1942 1140 ’δ

358 1205 417 1258 δὲ
476 1201 808 1270 κεκτημένοι
868 1199 966 1268 τὴν
1023 1197 1272 1267 γνώμην,
1326 1198 1611 1268 ἀναιροῦσι
1666 1198 1764 1266 μὲν
1816 1198 1944 1259 τοὺς

365 1291 614 1361 εὐσεϐείᾳ
649 1288 930 1352 συζῶντας
958 1306 972 1320 ο
1027 1288 1278 1357 αἱμάτων
1306 1287 1362 1341 δὲ
1396 1288 1618 1357 ὀχετοὺς
1658 1287 1799 1339 κατὰ
1844 1286 1943 1355 τῆς

365 1387 465 1454 γῆς
498 1381 982 1454 παρασκευάζουσι
1025 1380 1313 1450 φέρεσθαι,
1352 1381 1529 1448 τάφου
1557 1379 1604 1410 π
1666 1378 1721 1431 δὲ
1759 1376 1944 1442 ἁξιοῦ-

364 1478 490 1529 σθαι
512 1477 642 1537 τοὺς
675 1472 1092 1543 σφαττομένους
1116 1471 1179 1523 ού
1218 1470 1620 1541 συγχωροῦσιν.

432 1567 494 1619 δ’.
538 1584 556 1615 ι
599 1561 970 1634 Ἐγενήθημεν
1026 1559 1228 1621 ὄνειδος
1252 1559 1299 1590 ³⁸
1354 1562 1464 1621 τοῖς
1495 1559 1729 1627 γείτοσιν
1766 1556 1941 1627 ἡμῶν,

366 1655 749 1729 μυκτηρισμὸς
799 1653 895 1706 καὶ
945 1651 1257 1722 χλευασμὸς
1306 1654 1421 1714 τοῖς
1465 1650 1651 1719 κύκλῳ
1709 1649 1885 1719 ὴμῶν.
1919 1668 1939 1701 ι

362 1747 549 1800 Ταῦτα
581 1747 612 1814 ἡ
624 1745 728 1814 μᾶς
758 1741 1162 1803 ἐπονειδίστους
1192 1743 1305 1803 τοῖς
1328 1739 1549 1810 ὁμόροις
1583 1741 1940 1809 εἰργάσαντο·

1610 354 1693 416 ΙΝ
1724 354 1931 415 PSAL.
1974 354 2300 416 LXXVIII.

249 474 269 516 Ι
357 492 379 525 ο
403 468 425 487 "
438 470 642 525 Εθεντο
656 468 724 523 τὰ.
739 468 1042 539 θνησιμαϊα
1064 468 1172 523 τῶν
1188 467 1390 524 δούλων
1416 485 1510 523 σου
1534 468 1801 541 βρώματα
1816 470 1930 532 τοῖς

2106 486 2126 519 ι
2150 467 2453 525 Posnerunt
2479 471 2689 542 1167
2717 472 3007 528 morticina
3047 488 3334 529 servorum
3407 486 3622 530 tuorum

3485 360 3620 423 1506

2045 573 2202 614 escas
2234 562 2549 617 volatilibus
2602 565 2747 629 εαξη,
2791 580 2988 621 carnes
3035 573 3351 640 sanctorum
3404 577 3626 621 tuorum

2045 648 2236 705 bestiis
2272 659 2450 706 terrae.
2491 671 2510 703 ι
2563 652 2737 708 Tanta
2772 654 3173 711 inhumanitate
3231 665 3286 711 et
3336 657 3523 712 furore
3570 657 3625 711 in

2051 746 2174 794 tuos
2214 741 2452 796 cultores
2483 743 2795 810 saevierunt,
2855 753 2916 799 ut
2962 746 3162 801 horum
3215 761 3447 817 corpora
3497 745 3628 802 feris

2047 830 2350 902 avibusque
2379 833 2682 889 carnivoris
2723 850 2905 890 escam
2927 847 3283 907 exponerent.

2119 1002 2283 1058 Vens.
2323 1006 2378 1061 5.
2447 1024 2467 1057 ι
2502 1005 2822 1062 Eil‘uderunt
2864 1011 3185 1081 sanguinem
3221 1011 3464 1082 ipsorum
3507 1021 3629 1068 tan-

2047 1109 2214 1163 quam
2268 1110 2465 1165 aquam
2507 1097 2561 1150 in
2587 1098 2815 1151 circuitu
2844 1097 3251 1171 Hierosolyma,
3280 1112 3335 1157 et
3369 1118 3476 1157 non
3510 1113 3629 1158 erat

2050 1186 2143 1255 qui
2184 1188 2459 1256 sepeliret.
2501 1207 2519 1240 ι
2560 1189 2730 1243 Porro
2763 1191 2926 1244 caedis
2965 1194 3214 1261 cupidam
3252 1202 3490 1250 mentem
3526 1195 3630 1249 ha-

2050 1277 2264 1341 bentes,
2301 1280 2316 1298 '
2350 1279 2469 1347 pios
2512 1280 2761 1335 homines
2802 1291 3020 1347 necant,
3058 1283 3377 1354 faciuntque
3404 1294 3463 1339 ut
3502 1301 3631 1341 san—

2051 1371 2231 1438 guinis
2283 1371 2384 1424 rivi
2433 1386 2527 1441 per
2573 1382 2770 1426 terram
2806 1373 2997 1438 lluant,
3056 1390 3156 1429 ncc
3186 1377 3505 1445 permittunt
3534 1394 3630 1435 eos

2050 1464 2143 1532 Qui
2177 1464 2500 1518 occiduntur
2538 1466 2818 1534 sepultura
2852 1465 3067 1520 donari.

2128 1551 2290 1608 Vens.
2330 1553 2387 1607 4.
2439 1573 2458 1604 ι
2498 1552 2647 1608 Facti
2689 1570 2881 1610 sumus
2919 1556 3275 1625 opprobrium
3312 1557 3502 1612 vicinis
3532 1572 3632 1613 uo-

2052 1647 2203 1711 stris,
2263 1647 2625 1702 subsannatio
2648 1659 2701 1703 ct
2730 1650 2916 1705 illusio
2944 1651 3029 1705 his
3055 1651 3152 1720 qui
3183 1651 3237 1704 in
3269 1651 3503 1708 circuitu
3533 1668 3634 1707 no~

2053 1746 2168 1791 stro
2225 1747 2373 1791 sunt.
2412 1756 2431 1788 ο
2483 1736 2611 1791 Haec
2640 1738 2783 1807 apud
2815 1738 3079 1794 ﬁnitimos
3108 1754 3209 1793 nos
3245 1738 3477 1796 infames
3510 1741 3633 1796 red-

361 1839 452 1891 διὰ
478 1837 655 1890 ταῦτα
688 1834 974 1905 ἐπίχαρτοι
1026 1835 1138 1896 τοῖς
1169 1829 1568 1902 πλησιοχώροις
1613 1830 1940 1900 γεγόναμεν.

2054 1826 2325 1888 uiderunt,
2386 1836 2674 1895 propterea
2716 1828 2958 1882 ludibrio
3007 1830 3203 1885 vicinis
3243 1830 3373 1884 facti
3413 1845 3629 1885 sumus.

364 1932 617 1991 Γείτονας
673 1926 730 1979 δὲ
778 1925 937 1979 καλεῖ
989 1926 1114 1986 τοὺς
1177 1924 1559 1992 Ἀλλοφύλους,
1599 1924 1727 1988 τοὺς
1782 1923 1945 1977 Ἰδου-

371 2021 584 2092 μαίους,
625 2019 753 2080 τοὺς
786 2017 1146 2086 Ἀμμανίτας,
1192 2016 1321 2078 τοὺς
1370 2016 1690 2081 Μωαϐίτας,
1743 2017 1838 2070 καὶ
1879 2013 1948 2068 τὰ

364 2114 503 2168 ἄλλα
548 2110 679 2181 ἔθνη
731 2109 799 2163 τὰ
834 2111 1034 2180 ὅμορα,
1077 2110 1220 2178 ἅπερ
1274 2110 1457 2171 αὐτοῖς
1515 2108 1791 2162 ἀντίπαλα
1853 2107 1948 2160 καὶ

366 2204 607 2274 πολέμια
636 2198 705 2273 ἦν
735 2202 844 2256 ἀεί.

436 2302 498 2350 ε’.
539 2313 558 2346 ι
612 2295 759 2357 Ἕως
814 2292 970 2356 πότε,
1003 2291 1199 2362 Κύριε,
1236 2291 1540 2365 ὀργισθήσῃ
1598 2292 1679 2356 εὶς
1747 2291 1944 2353 τέλος·

365 2387 771 2458 ἐκκαυθήσεται
802 2385 877 2449 ὠς
910 2385 1030 2455 πῦρ
1075 2387 1103 2438 6
1135 2386 1299 2455 ζῆλός
1338 2401 1463 2452 σου;
1513 2404 1532 2436 ι
1569 2382 1949 2455 Νομοθετῶνό

365 2482 499 2545 Θεὸς
527 2479 677 2549 αὐτῴ
720 2479 868 2548 μόνῳ
914 2479 1201 2550 λατρεύειν
1241 2476 1569 2548 προσέταξε,
1610 2480 1705 2531 καὶ
1759 2479 1949 2548 ἕτερον

369 2572 574 2642 μηδένα
604 2569 940 2641 καλούμενον
1001 2572 1375 2641 προσκυνῆσαι
1416 2569 1569 2631 Θεὸν,
1609 2586 1628 2619 ι
1669 2566 1947 2636 ”Οτιὲγὼ,

370 2663 529 2733 φησὶ,
562 2661 768 2732 Κύριος
797 2662 825 2713 6
856 2660 986 2721 Θεός
1009 2677 1126 2725 σου,
1150 2660 1282 2723 Θεὸς
1308 2662 1349 2692 ⁹⁷
1385 2658 1651 2729 ζηλωτὴς,
1680 2657 1792 2728 πῦρ
1820 2675 1951 2713 κατ’

370 2753 680 2807 αναλίσκον.
721 2771 738 2803 ι
797 2750 1159 2830 [⁸⁸.Ἀλλ’ὠ;
1215 2750 1475 2812 πολλάκις
1522 2752 1657 2819 ἡμῖν
1707 2750 1946 2820 εἴρηται,

372 2843 566 2914 μηδεὶς
615 2841 829 2896 ἀκούων
866 2842 965 2897 ἕνα
1000 2843 1132 2897 θεὸν
1166 2842 1469 2913 μοναρχίαν
1494 2841 1756 2895 ὑπολάῦοι
1790 2859 1802 2872 ·
1852 2841 1953 2910 τὴν

375 2935 483 3004 γὰρ
514 2935 875 3009 ἀπερινόητον
908 2935 1001 2987 καὶ
1039 2934 1126 2986 ἀεὶ
1177 2933 1342 2987 οὖσαν
1383 2933 1573 2986 οὐσίαν
1616 2933 1715 3002 τὴν
1747 2935 1804 2987 ὲν
1836 2933 1952 2985 Πα-

372 3026 465 3095 τρὶ
494 3026 589 3078 καὶ
627 3025 742 3095 Υῑῴ
771 3027 862 3077 καὶ
906 3025 1048 3094 ἁγίῳ
1097 3025 1379 3094 Πνεύματι
1439 3025 1948 3095 προσκυνουμένην,

374 3117 506 3171 Θεὸν
532 3117 829 3187 ὀνομάζει·
892 3117 975 3170 ὅτι
1025 3117 1081 3169 δὲ
1122 3117 1409 3186 νομοθετεῖ
1437 3119 1465 3169 6
1501 3115 1633 3178 Θεὸς
1660 3115 1853 3182 Λόγος,
1893 3115 1952 3174 ὃς

373 3212 520 3264 ἔστιν
559 3209 761 3282 Ἰησοῦς
787 3210 1029 3281 Χριστὸς
1052 3209 1079 3260 ὁ
1111 3209 1302 3278 Σωτὴρ
1328 3208 1508 3278 ἡμῶν,
1537 3209 1636 3260 οὐκ
1676 3207 1739 3261 ἂν
1774 3209 1949 3278 ἀμφι-

379 3302 533 3358 εάλοι
577 3303 812 3365 ἕκαστος
864 3302 973 3355 τῶν
1028 3298 1581 3373 φιλομαθεστέρων.]
1644 3300 1814 3353 Τοῦτο
1859 3299 1955 3353 καὶ

374 3391 613 3446 ἐνταῦθα
644 3394 672 3445 ὁ
694 3391 1034 3463 προφητικὸς
1057 3390 1333 3462 ἀνέμνησε
1354 3390 1512 3458 λόγος
1538 3406 1553 3421 ο
1586 3407 1606 3441 ι
1659 3390 1956 3460 Ἐκκαυθή-

377 3499 530 3536 σεται
560 3483 634 3546 ὡς
677 3482 790 3552 πῦρ
834 3485 862 3534 ὁ
917 3481 1078 3552 ζῆλός
1126 3499 1242 3536 σου.
1280 3500 1299 3533 ι
1351 3482 1442 3552 Μὴ
1477 3481 1828 3533 ὲπιπλεῖστον
1859 3479 1955 3532 Δέ-

376 3591 571 3636 σποτα,
596 3574 760 3644 φησὶν
782 3573 850 3638 9’,
879 3574 1164 3644 ὀργισθῇς,
1198 3572 1335 3643 μηδὲ
1368 3572 1538 3642 πυρὸς
1558 3572 1715 3639 δίκην
1744 3570 1832 3624 διὰ
1856 3570 1956 3634 τὰς

374 3668 650 3738 ἡμετέρας
722 3666 1108 3736 πλημμελείας
1185 3666 1279 3719 τὸν
1362 3667 1486 3719 καθ’
1561 3665 1720 3735 ἡμῶν
1794 3663 1957 3734 ζῆλον

373 3756 601 3827 ﬁcii/na

447 3844 521 3912 ς’.
542 3866 591 3903 ο
618 3848 851 3915 Ἕκχεον
888 3847 986 3915 τὴν
1009 3846 1181 3917 ὀργήν
1213 3862 1307 3897 σου
1345 3845 1441 3897 ἐπὶ
1478 3846 1547 3899 τὰ
1579 3845 1736 3915 ἔθνη,
1775 3846 1843 3901 τὰ
1879 3848 1956 3919 μὴ

373 3936 760 4007 γινώσκονται
818 3953 901 4000 σε,
940 3936 1033 3989 καὶ
1066 3937 1161 3988 ἐπὶ
1216 3935 1518 4003 βασιλείας.
1581 3937 1638 3989 αἳ
1692 3936 1752 3989 τὸ
1783 3938 1959 4008 ὄνομά

375 4038 472 4075 σου
508 4022 610 4074 ούκ
650 4023 1076 4077 ἐπεκαλέσαντο.
1114 4041 1132 4072 ι
1180 4023 1401 4093 Ἐπειδὴ
1427 4024 1584 4087 δίκας
1613 4026 1954 4097 ἁμαρτημά-

370 4130 476 4167 των
506 4113 633 4175 τοὺς
676 4112 998 4184 ἀνθρώπους
1054 4113 1381 4184 εἰσπράττῃ,
1440 4113 1560 4167 κατ’
1588 4117 1815 4170 ἐκείνων
1855 4118 1958 4171 ίκε-

370 4210 517 4257 τεύω
542 4220 598 4255 σε
630 4202 729 4272 τὴν
758 4202 928 4273 ὀργὴν
965 4202 1299 4272 μεταθεῖναι,
1342 4200 1391 4254 οἳ
1416 4203 1737 4256 παντάπασι
1770 4205 1830 4257 τὸ
1866 4206 1956 4258 σὺν

376 4294 572 4366 μαθεῖν
594 4294 693 4345 οὐκ
722 4293 1001 4346 ἐθέλουσιν
1032 4292 1224 4364 ὄνομα,
1257 4292 1395 4346 ἀλλὰ
1418 4295 1485 4363 τῇ
1517 4294 1796 4366 ἀκροτάτῃ
1827 4296 1954 4348 δυσ.

374 4386 564 4457 σεόείᾳ
605 4385 977 4440 δουλεύουσιν.

2051 1918 2273 1973 Vicinos
2305 1928 2489 1974 autem
2526 1923 2687 1973 vocat
2718 1920 3063 1991 Allophylos,
3096 1920 3383 1988 ldumasos,
3412 1922 3635 1975 Αηιηιο-

2049 2013 2215 2076 nitas,
2274 2011 2563 2077 Moabitas,
2621 2024 2676 2066 ct
2712 2014 2848 2067 alias
2901 2014 3165 2068 ﬁnitimas
3238 2023 3449 2084 gentes,
3508 2027 3633 2083 qua:

2050 2118 2266 2174 semper
2296 2105 2586 2159 contrariae
2614 2113 2671 2158 et
2698 2104 2936 2160 inimicae
2971 2104 3105 2175 ipsis
3135 2104 3380 2160 fuerunt.

2122 2278 2290 2339 Vens.
2320 2281 2375 2336 5.
2409 2299 2428 2332 ι
2462 2280 2781 2352 Quousque,
2815 2280 3063 2346 Domine,
3085 2281 3337 2337 irasceris
3357 2281 3412 2337 in
3440 2281 3629 2349 linem,

2051 2375 2376 2429 accendetur
2428 2375 2578 2429 velut
2622 2376 2763 2445 ignis
2810 2376 2962 2430 zelus
3001 2376 3172 2430 tuus?
3210 2394 3228 2427 ι
3268 2374 3413 2432 Deus
3456 2375 3631 2447 legem

2050 2464 2254 2530 ferens,
2297 2480 2356 2520 se
2389 2465 2568 2520 solum
2623 2467 2728 2521 coli
2780 2467 3057 2537 praecepit,
3093 2476 3147 2522 et
3197 2469 3406 2522 nullum
3437 2468 3629 2531 alium,

2050 2557 2144 2627 qui
2181 2558 2314 2611 deus
2360 2567 2604 2620 vocetur,
2643 2558 2885 2612 adorari.
2916 2577 2941 2608 ‹
2975 2558 3246 2624 Quoniam
3276 2574 3399 2628 ego,
3430 2559 3629 2631 inquit,

2053 2650 2321 2703 Dominus
2379 2648 2520 2703 Deus
2568 2658 2717 2710 tuus,
2770 2649 2910 2703 Deus
2965 2649 3190 2715 zelotes,
3238 2651 3378 2721 ignis
3414 2667 3634 2707 consu—

2052 2755 2207 2795 mens
2261 2741 2304 2793 ἱ.
2341 2732 2534 2806 i[Sed,
2573 2748 2632 2794 ut
2678 2740 2791 2809 jam
2822 2740 3021 2809 saepius
3051 2756 3079 2794 a
3105 2742 3266 2796 nobis
3289 2743 3497 2797 dictum
3525 2750 3630 2810 cst,

2054 2847 2216 2885 nemo
2252 2832 2347 2901 qui
2379 2830 2652 2885 audiverit
2682 2846 2851 2884 unum
2879 2846 3003 2887 esse
3030 2831 3224 2898 Deum,
3254 2834 3630 2888 monarchiam

2054 2925 2382 2990 suspicetur.
2446 2921 2825 2977 Substantiam
2868 2925 3014 2977 enim
3067 2924 3214 2977 illam
3243 2925 3635 2995 sempiternam

2054 3022 2110 3069 et
2139 3022 2321 3067 mente
2376 3020 2566 3066 nostra
2616 3012 2706 3066 vix
2763 3013 3358 3081 comprehendendam,
3389 3029 3552 3083 quam
3577 3014 3635 3069 in

2054 3102 2236 3169 Patre,
2275 3103 2432 3168 Filio,
2460 3102 2737 3172 etSpiritu
2778 3111 2970 3159 sancto
3000 3105 3313 3171 adoramus,
3344 3106 3511 3160 Deum
3540 3120 3639 3161 vo-

2055 3204 2161 3250 cat.
2222 3193 2616 3264 Legislatorcm
2680 3202 2862 3247 autem
2926 3209 3050 3249 esse
3119 3194 3289 3249 Deum
3353 3194 3633 3262 Verbum,

2055 3285 2242 3341 Jesum
2260 3286 2539 3339 Christum
2578 3285 2916 3339 Salvatorem
2938 3300 3207 3351 nostrum,
3231 3287 3373 3341 haud
3422 3288 3638 3343 dubita-

2058 3377 2214 3445 velit,
2259 3376 2514 3446 quisquis
2541 3376 2785 3430 discendi
2816 3378 3048 3445 cupidus
3078 3375 3290 3447 fuerit.]
3325 3377 3542 3448 1168
3565 3377 3638 3433 De

2057 3472 2163 3523 hoc
2193 3477 2377 3522 autem
2421 3477 2477 3523 et
2498 3483 2681 3523 sermo
2706 3469 3062 3538 propheticus
3107 3468 3212 3523 hoc
3238 3470 3359 3524 loco
3407 3471 3630 3526 ruentiu-

2057 3575 2183 3614 nem
2214 3559 2345 3614 fecit
2377 3579 2390 3614 :
2438 3577 2456 3611 ι
2502 3560 2849 3615 Acccnduur
2882 3561 3031 3615 velut
3075 3562 3219 3631 ignis
3243 3562 3393 3617 zelus
3422 3574 3572 3617 tuus.
3611 3580 3631 3613 ι

2058 3650 2134 3705 Ne
2180 3651 2436 3721 amplius,
2473 3650 2721 3715 Domine,
2778 3651 2981 3722 inquit,
3020 3653 3300 3721 irascaris,
3337 3668 3471 3707 neve
3495 3653 3637 3724 ignis

2058 3742 2233 3797 instar
2262 3743 2332 3797 ob
2351 3751 2573 3811 peccata
2596 3752 2781 3796 nostra
2814 3742 2951 3796 iram
2984 3751 3176 3797 contra
3209 3759 3311 3798 nos
3345 3746 3633 3799 accendas.

2134 3832 2295 3887 Vens.
2325 3831 2378 3885 6.
2412 3851 2430 3884 ι
2464 3832 2693 3889 Eﬂunde
2725 3835 2863 3888 iram
2907 3842 3054 3887 tuam
3091 3834 3146 3887 in
3186 3844 3375 3904 gentes
3422 3850 3546 3904 qua:
3582 3843 3636 3892 te

2057 3941 2168 3981 non
2218 3934 2507 3990 noverunt,
2545 3926 2681 3978 etin
2737 3940 2903 3994 regna
2953 3941 3074 3994 quae
3119 3940 3314 3980 nomen
3347 3934 3500 3980 tuum
3524 3942 3633 3981 non

2056 4019 2467 4074 invocaverunt.
2507 4034 2526 4068 ο
2554 4015 2821 4082 Quoniam
2854 4027 3204 4087 peccatorqu
3225 4032 3416 4086 poenas
3439 4018 3509 4072 ab
3536 4018 3634 4073 ho-

2054 4108 2298 4162 minibus
2336 4107 2530 4176 exigis,
2563 4108 2791 4162 obsecro
2816 4117 2868 4161 te
2898 4118 2955 4161 ut
2986 4108 3041 4161 in
3074 4108 3195 4163 illos
3227 4109 3363 4162 iram
3401 4109 3634 4164 transfe-

2056 4216 2168 4265 ras,
2227 4199 2320 4268 qui
2376 4200 2594 4268 penitus
2652 4208 2804 4254 tuum
2834 4214 3033 4254 nomen
3059 4201 3273 4255 discere
3310 4201 3632 4271 noluerunt,

2056 4290 2149 4345 sed
2202 4304 2472 4359 supremas
2512 4289 2779 4360 impietati
2807 4290 3073 4345 serviunt.

444 4476 509 4541 ζ’.
547 4495 567 4529 ι
604 4478 734 4531 ’Ότι
775 4479 1090 4548 κατέφαγον
1123 4477 1213 4530 τὸν
1277 4477 1495 4543 Ἰακὼϐ,
1540 4480 1637 4531 καὶ
1667 4478 1759 4532 τὸν
1790 4479 1949 4533 τόπον

2126 4470 2290 4524 Vens.
2325 4470 2376 4524 7.
2432 4488 2451 4521 ι
2485 4468 2627 4535 Quia
2674 4469 3032 4524 comederunt
3054 4467 3344 4533 Iacobum,
3375 4479 3427 4524 ct
3453 4471 3631 4525 locum

372 4568 538 4621 αὐτοῦ
571 4568 900 4639 ἡρήμωσαν.
940 4586 959 4619 ι
989 4568 1169 4638 Σαφὲς
1202 4566 1260 4619 δὲ
1286 4566 1565 4620 καὶτοῦτο
1595 4570 1694 4638 τῆς
1722 4567 1948 4622 ἐκείνων

375 4659 726 4731 παρανομίας
757 4661 1061 4730 τεκμήριον
1086 4677 1099 4690 ·
1129 4659 1284 4713 οὐδὲν
1305 4658 1418 4728 γὰρ
1440 4660 1571 4729 παρ’
1593 4659 1752 4730 ἡμῶν
1780 4658 1951 4713 κακὸν

375 4752 793 4822 ὑπομείναντες,
829 4754 977 4823 ἡμᾶς
1009 4752 1106 4821 μὲν
1132 4753 1368 4820 σφαγαῖς
1408 4751 1826 4815 κατανάλωσαν,
1854 4750 1953 4820 τὴν

375 4843 433 4896 δὲ
462 4847 645 4915 χώραν
681 4845 945 4916 ἐδῄωσαν,
994 4846 1088 4899 καὶ
1121 4844 1221 4909 τὰς
1252 4844 1438 4908 πόλεις
1488 4842 1823 4914 ἐπόρθησαν.
1850 4844 1956 4897 Τὸν

376 4931 432 4983 δὲ
487 4934 673 4988 τόπον
709 4934 917 5000 αὑτοῦ,
988 4932 1222 4997 Ἀκύλας
1276 4933 1396 5002 μὲν,
1460 4931 1681 5000 ὡραῖον
1742 4930 1949 4997 αὐτοῦ,

377 5021 678 5096 Σύμμαχος
701 5025 759 5078 δὲ
791 5025 1106 5094 κα.ίλυνὴν
1135 5023 1347 5089 αὐτοῦ,
1373 5024 1401 5075 6
1421 5023 1477 5076 δὲ
1507 5021 1825 5085 Θεοδοτίων.
1854 5026 1952 5077 εὑ-

373 5113 666 5183 πρέπειαν
697 5115 884 5171 αὑτοῦ
914 5117 1269 5187 ήρμήνευσαν
1288 5130 1302 5144 ο
1335 5113 1402 5165 δι’
1431 5104 1507 5165 ὦν
1531 5111 1734 5183 μᾶλλον
1759 5112 1787 5164 6
1812 5110 1956 5173 θεῖος

420 5313 442 5357 ι
472 5314 647 5373 Exod.
686 5332 875 5385 xxxiv,
909 5318 1015 5383 i4;
1049 5317 1173 5373 coll.
1206 5315 1363 5373 Deut.
1390 5332 1463 5383 IV,
1500 5316 1591 5371 24.

2057 4559 2176 4628 ejus
2205 4559 2610 4613 desolaverunt.
2650 4576 2669 4610 ι
2711 4556 3057 4613 Manifestum
3090 4569 3271 4613 autem
3307 4571 3391 4615 est
3418 4561 3523 4616 hoc
3558 4563 3632 4616 si-

2058 4667 2226 4722 gnum
2268 4651 2485 4704 illorum
2529 4650 2824 4719 impietatis
2854 4667 2868 4703 :
2900 4649 3045 4719 quod
3078 4650 3216 4705 nihil
3247 4651 3373 4705 mali
3406 4666 3436 4705 a
3478 4652 3635 4708 nobis

2064 4743 2231 4812 passi,
2279 4757 2379 4796 nos
2413 4750 2593 4796 tamen
2653 4741 3013 4796 internecioni
3044 4742 3328 4801 dederunt.
3362 4743 3635 4814 regionem

2065 4850 2194 4889 vero
2215 4834 2525 4903 depopulati
2554 4843 2703 4898 sunt,
2722 4842 2777 4887 et
2806 4834 3053 4889 civitates
3078 4842 3413 4889 everterunt.
3432 4834 3538 4889 Pro
3562 4835 3633 4891 lo-

2064 4942 2181 4979 cum
2199 4926 2336 4995 ejus,
2362 4924 2555 4994 Aquila
2584 4926 2804 4993 speciem
2829 4927 2965 4994 ejus,
2986 4923 3348 4996 Symmachus
3364 4940 3492 4979 vero
3522 4926 3648 4995 pul-

2061 5018 2415 5071 chritudinem
2450 5016 2586 5086 ejus,
2618 5014 2923 5075 Theodotio
2950 5018 3187 5071 decorem
3219 5018 3334 5087 eius
3371 5018 3645 5086 interpre-

2065 5109 2158 5165 tati
2210 5118 2359 5173 sunt,
2395 5124 2492 5179 per
2516 5123 2637 5178 quae
2668 5109 2837 5178 magis
2866 5109 3051 5164 divina
3087 5110 3285 5165 domus
3314 5109 3636 5164 ostenditur.

1480 5452 1715 5509 VARIIE
1756 5453 2139 5511 LECTIONES
2177 5452 2263 5507 ET
2303 5450 2536 5506 ΝΟΤᾸΞ.

437 5550 483 5583 ’³
528 5562 744 5629 nam.)

381 5632 417 5687 2
443 5633 644 5700 ταφῆς.

373 5782 467 5831 cst
495 5774 867 5842 ἑπεγνωκότα.

779 5590 852 5632 -έ
893 5559 1153 5632 θάπτων.
1186 5559 1309 5616 Des.
1372 5564 1427 5617 in
1470 5569 1594 5619 cod.
1635 5563 1688 5617 1.
1764 5562 1810 5595 ’⁸
1836 5568 1949 5618 Mla

2054 5566 2188 5617 νον.
2236 5562 2359 5615 cod.
2398 5562 2419 5614 ί
2456 5576 2643 5628 praem.
2679 5559 2841 5632 λέγει
2885 5561 2990 5632 ὅτι,
3041 5557 3246 5632 omisso
3277 5551 3401 5632 Cé.__
3435 5553 3480 5632 ξξ
3511 5556 3636 5632 cod.

748 5632 795 5663 9“
827 5631 1120 5698 Ὄνειδος.
1156 5633 1212 5684 lu
1245 5641 1392 5686 textu
1420 5634 1529 5687 τῶν
1587 5635 1641 5685 0'
1678 5635 1933 5700 prmmitti
1965 5631 2104 5688 solet
2126 5634 2228 5694 εἰς.

379 5705 435 5762 1.
459 5702 620 5759 Conf.
666 5718 717 5771 p.
755 5701 914 5766 1075,
944 5718 999 5755 ιι.
1030 5702 1082 5755 8.
1161 5702 1206 5735 ⁹⁹
1240 5703 1453 5771 (Mair.
1513 5703 1635 5759 cod.
1662 5706 1696 5754 2
1724 5704 1851 5757 add.
1881 5707 1949 5773 ἠρ

2109 5719 2205 5773 pro
2245 5703 2401 5771 ἡμῖν,
2435 5711 2495 5754 ut
2540 5701 2772 5755 videtur.

2316 5632 2363 5669 9"
2405 5622 2546 5691 Σου,
2576 5622 2900 5703 Beda-Des.
2935 5631 2985 5703 iri
3039 5628 3162 5703 cori.
3202 5626 3255 5679 2.
3305 5696 3315 5703 _
3359 5622 3480 5703 ".E
3504 5628 3634 5703 rod.

2885 5700 2898 5729 ¹
2931 5700 3063 5751 Γιν.
3113 5695 3244 5751 ίὶρο.
3304 5695 3463 5749 lectio
3502 5695 3559 5747 h.
3599 5696 3638 5751 ι.
