4112 6420
476 319 621 385 1307

1474 325 1963 388 THEODORETI
2008 330 2350 393 EPlSCOPI
2381 335 2749 399 CYRENSIS
2848 290 2851 291 ν

3606 350 3743 417 1563

483 428 634 484 Scite
698 438 880 484 autem
939 428 1201 500 populum
1232 430 1405 486 Jacob
1435 435 1745 503 appellavit,
1786 439 2054 495 mcntionc

2165 437 2315 506 οἶκος
2347 444 2666 516 δεδήλωται.
2707 448 2905 513 Καλῶς
2937 451 2995 505 δὲ
3024 453 3119 508 τὸν
3144 453 3277 511 λαὸν
3326 458 3523 513 Ἰακὼὸ
3572 478 3749 533 προσ-

482 520 669 589 proavi
705 520 874 576 Deum
910 521 977 577 ad
1003 522 1433 579 misericordiam
1469 527 1739 584 excitans.

556 693 719 749 Vens.
750 696 801 750 8.
849 715 867 748 ι
908 694 986 751 Ne
1019 699 1331 755 memineris
1363 701 1716 772 iniquitatum
1747 715 2058 762 nostrarum

480 790 848 855 antiquarum.
895 808 912 841 ι
984 790 1244 861 Religiosi
1301 802 1480 859 erant,
1513 796 1605 864 qui
1638 796 1778 852 hanc
1804 798 2061 868 depreca-

481 882 682 936 tionem
732 882 1106 948 instituerunt,
1157 893 1213 939 et
1266 886 1496 940 multum
1529 888 1772 942 studium
1810 906 1910 959 pro
1944 892 2061 960 pie-

481 981 587 1027 tate
628 983 1006 1038 susceperunt.
1048 974 1293 1031 Celebris
1332 977 1476 1031 enim
1518 987 1599 1033 est
1625 980 2057 1037 Machabaeorum

478 1064 677 1118 virtus.
725 1064 916 1118 Merito
971 1065 1135 1135 igitur
1191 1067 1522 1135 supplicant,
1578 1084 1644 1121 ne
1702 1070 2058 1139 pristinorum

481 1167 825 1224 peccatorum
852 1173 1040 1225 poenas
1065 1174 1093 1208 a
1122 1159 1321 1226 populo
1350 1159 1551 1226 exigat.
1584 1160 1688 1213 Sed
1716 1162 1819 1214 hoc
1838 1164 2057 1231 quidem

478 1250 757 1313 dixerunt,
799 1265 897 1302 nec
924 1249 1152 1302 alterum
1212 1261 1611 1318 apposuerunt,
1663 1262 1721 1305 ut
1752 1251 1894 1306 Deus
1923 1270 2060 1322 pine-

477 1352 687 1396 sentem
719 1356 910 1395 eorum
942 1341 1196 1409 pietatem
1236 1340 1558 1395 intueretur.
1595 1343 1709 1397 [Ioc
1749 1345 1894 1397 enim
1943 1359 2058 1397 ma-

476 1435 624 1487 xime
681 1433 940 1489 eximiam
976 1448 1166 1487 eorum
1219 1432 1476 1487 virtutem
1510 1435 1873 1498 demonstrat,
1908 1435 2059 1489 vidc-

477 1525 628 1587 licet,
684 1524 1040 1594 pristinorum
1090 1524 1308 1594 quidem
1342 1534 1690 1594 peccatorum
1731 1526 1946 1596 1169
1971 1542 2058 1580 re-

477 1616 714 1679 minisci,
751 1622 1070 1684 pta-sentem
1112 1631 1242 1670 vero
1269 1616 1526 1685 pietatem
1565 1618 1839 1671 occulere.

552 1726 570 1757 ι
620 1707 741 1760 Cito
784 1707 1081 1776 anticipeut
1133 1721 1233 1761 nos
1288 1707 1685 1762 misericordiae
1752 1716 1878 1771 tuze,
1927 1710 2057 1778 quia

2162 534 2455 606 ηγόρευσε,
2491 541 2559 610 τῇ
2604 541 2698 593 τοῦ
2730 543 3080 617 προπάτορος
3132 549 3323 621 μνήμῃ
3348 551 3444 604 τὸν
3501 551 3635 608 Θεὸν
3667 558 3749 622 εἰς

2163 626 2314 680 ἔλεον
2346 627 2656 701 διεγείρων.

2234 718 2305 791 η’.
2344 738 2364 771 ι
2389 720 2476 792 Μὴ
2506 727 2756 796 μνησθῇς
2775 725 2933 797 ήμῶν
2963 728 3206 800 ἀνομιῶν
3232 733 3494 803 ἀρχαίων.
3530 756 3550 790 ι
3581 739 3750 793 Εὐσε-

2162 808 2279 872 65};
2308 806 2449 882 ἦσαν
2502 815 2552 866 οἱ
2586 815 2793 886 ταύτην
2825 821 3231 892 προσφέροντες
3276 824 3378 896 τὴν
3411 827 3600 899 εὐχὴν,
3654 832 3751 885 καὶ

2166 901 2335 956 πολὺν
2364 904 2506 976 ὑπὲρ
2546 906 2836 973 εὐσεϐείας
2863 910 3260 983 ἀναδεξάμενοι
3291 914 3453 987 ζῆλον
3474 919 3518 971 '.
3561 919 3752 974 Ἀοίδιο

2166 1012 2265 1065 μος
2292 996 2403 1067 γέιρ
2433 999 2468 1067 ἡ
2496 998 2604 1051 τῶν
2653 1001 3038 1055 Μακκαὸαίων
3070 1007 3266 1075 ἀρετή.
3298 1007 3539 1073 Εἰκότως
3566 1011 3750 1065 τοίνυν

2163 1088 2526 1155 ἀντιϐολοῦσι,
2563 1090 2638 1163 μὴ
2684 1093 2794 1145 τῶν
2820 1095 3107 1167 προτέρων
3138 1097 3557 1169 ἁμαρτημάτων
3590 1104 3752 1158 εὐθύ-

2161 1197 2258 1243 νας
2282 1182 2370 1233 τὸν
2407 1181 2536 1236 λαὸν
2571 1186 2997 1256 εἰσπραχθῆναι.
3067 1189 3230 1244 Ἀλλά
3257 1192 3415 1245 τοῦτο
3450 1194 3550 1261 μὲν
3571 1194 3752 1251 τεθεί-
3857 1201 3871 1219 ⁸

2162 1287 2345 1336 κασιν,
2390 1275 2452 1326 οὐ
2496 1277 2604 1345 μὴν
2657 1278 2790 1331 καὶ⁸
2820 1279 2882 1332 τὸ
2906 1280 3163 1352 δεύτερον
3209 1285 3671 1353 προστεθείκασιν
3700 1287 3744 1356 δ,

2162 1362 2304 1417 ὥστε
2326 1366 2420 1418 τὸν
2453 1367 2591 1421 Θεὸν
2617 1369 2716 1440 τὴν
2751 1372 3038 1442 παροῦσαν
3065 1375 3248 1427 αὐτῶν
3281 1377 3569 1433 εὐσέϐειαν
3611 1398 3748 1436 κατ-

2165 1455 2317 1510 ιδεῖν.
2350 1458 2523 1511 Τοῦτο
2556 1460 2665 1532 γὰρ
2702 1464 2939 1532 μάλιστα
2960 1465 3061 1536 τὴν
3091 1466 3294 1538 πολλὴν
3334 1470 3518 1523 αὐτῶν
3534 1471 3748 1527 δείκνυ-

2164 1563 2248 1599 σιν
2280 1550 2522 1620 ἀρετήν’
2574 1553 2635 1605 τὸ
2686 1554 2794 1607 τῶν
2859 1556 2958 1626 μὲν
2998 1560 3280 1630 προτέρων
3328 1562 3747 1635 ἁμαρτημάτων

2164 1642 2495 1711 μνησθῆναι,
2524 1644 2731 1714 κρύψαι
2762 1647 2819 1700 δὲ
2848 1649 2949 1719 τὴν
2982 1652 3268 1722 παροῦσαν
3294 1655 3602 1712 εὐσέϐειαν.

2238 1752 2257 1785 ι
2284 1735 2434 1805 Ταχὺ
2470 1738 3045 1807 προκαταλασέτωσαν
3069 1744 3101 1813 ή
3112 1745 3220 1812 μᾶς
3249 1747 3297 1798 οἱ
3323 1748 3603 1819 οἰκτιρμοί
3627 1766 3744 1818 σου,

475 1802 632 1854 valde
665 1816 929 1870 pauperes
961 1800 1085 1855 facti
1116 1816 1330 1856 sumus.
1363 1798 1555 1871 [Vl-IRS.
1592 1799 1648 1871 9]
1676 1801 1883 1870 Adjuva
1933 1818 2053 1869 nos,

2163 1822 2337 1894 Κύριε
2368 1790 2408 1889 ἶ,
2445 1790 2528 1878 ὃτί
2572 1829 3005 1901 ὲπτωχεύσαμεν
3054 1790 3279 1909 σφόδρα.
3332 1838 3425 1911 [0']
3466 1790 3746 1913 ἒῖήθησον

476 1909 510 1947 o
568 1893 712 1947 Deus
767 1892 1021 1947 Salvator
1057 1902 1266 1947 noster.
1303 1912 1321 1945 ι
1373 1892 1600 1962 Porrige
1649 1894 2058 1963 quamprimum

477 1995 624 2040 tuam
679 1984 1159 2055 inexpugnabilem
1212 2000 1368 2053 opem
1406 2001 1419 2037 :
1457 1999 1580 2038 nam
1614 1984 1763 2037 omni
1803 1984 2060 2054 prazsidio

474 2076 721 2131 destituti
753 2091 971 2139 sumus,
1001 2087 1052 2129 te
1089 2083 1275 2129 autem
1308 2074 1488 2129 solum
1525 2075 1830 2144 adjutorem
1858 2086 1909 2130 et
1952 2077 2061 2130 sal-

472 2177 722 2223 vatorem
754 2168 1044 2222 habemus.
1086 2188 1109 2218 4
1155 2166 1217 2219 Et
1275 2176 1498 2237 propter
1545 2168 1776 2239 gloriam
1819 2168 2060 2224 nominis

472 2259 575 2320 tui,
616 2257 874 2324 Domine,
912 2258 1083 2311 libera
1122 2273 1243 2323 nos,
1269 2266 1324 2312 et
1356 2257 1626 2329 propitius
1656 2267 1777 2314 esto
1822 2258 2058 2329 peccatis

471 2351 681 2406 nostris
725 2360 947 2419 propter
984 2364 1182 2405 nomen
1251 2360 1427 2404 tuum.
1466 2368 1486 2402 ι
1540 2348 1819 2421 Nusquam
1850 2352 1917 2407 de
1960 2368 2059 2408 sua

472 2442 674 2496 virtute
720 2442 1059 2495 mentionem
1106 2441 1333 2507 laciunt,
1374 2442 1467 2495 sed
1509 2452 1691 2510 orant,
1724 2451 1784 2497 ut
1822 2444 1892 2498 ob
1921 2444 2060 2498 divi-

473 2549 603 2588 num
636 2548 832 2587 nomen
859 2533 1103 2587 divinum
1137 2534 1404 2587 auxilium
1431 2544 1854 2604 consequantur.
1892 2534 2060 2589 Nobis

470 2628 641 2691 enim,
695 2625 968 2695 inquiunt,
1021 2627 1162 2679 male
1208 2625 1554 2692 habentibus,
1582 2628 1636 2680 in
1673 2638 1826 2681 tuum
1861 2643 2058 2683 nomen

472 2718 824 2787 opprobrium
888 2716 1102 2772 recidit.
1174 2715 1468 2770 Precauiur
1522 2717 1689 2786 igitur
1762 2726 1819 2772 ut
1872 2729 2056 2773 errata

467 2810 766 2879 despicias,
809 2808 1261 2878 calamitatesque
1309 2818 1624 2876 convertas,
1671 2818 1726 2865 et
1757 2811 2054 2880 potentiam

472 2912 623 2957 tuam
655 2902 844 2956 insciis
871 2901 1150 2956 ostendas.

2159 1916 2294 1985 ήμίν
2314 1918 2341 2009 6
2363 1917 2496 1982 Θεὸς
2527 1921 2555 1972 6
2586 1923 2771 1992 σωτὴρ
2801 1924 2979 1994 ήμῶν.
3008 1946 3027 1978 ι
3060 1930 3288 2009 Ὀρεξον
3312 1934 3331 1962 ⁸
3364 1934 3446 1987 ὅτι
3467 1935 3698 2006 τάχιστα
3725 1936 3746 1968 ⁷

2160 2009 2260 2078 τὴν
2291 2008 2507 2080 ἄμαχόν
2536 2029 2631 2065 σου
2665 2008 3093 2089 ροπήν·“πάσης
3123 2021 3233 2092 γὰρ
3261 2021 3460 2093 ἔρημοι
3487 2026 3747 2097 προνοίας

2161 2100 2475 2170 γεγόναμεν
2502 2120 2517 2135 ο
2552 2104 2611 2157 σὲ
2650 2105 2709 2157 δὲ
2747 2107 2911 2177 μόνον
2945 2109 3239 2182 ἐπίκουρον
3291 2114 3489 2185 ἔχομεν
3520 2119 3613 2172 καὶ
3641 2134 3748 2172 σω-

2160 2190 2322 2261 τῆρα.
2349 2210 2367 2243 ι
2394 2193 2623 2248 Ἕνεκεν
2644 2196 2744 2268 τῆς
2766 2197 2928 2269 δόξης
2955 2199 3052 2254 τοῦ
3094 2202 3357 2273 ὀνόματός
3388 2223 3505 2273 σου,
3545 2208 3741 2279 Κύριε,

2165 2280 2330 2351 ῥῦσαι
2388 2285 2568 2355 ήμᾶςο
2619 2290 2713 2341 καὶ
2760 2291 3007 2363 ίλάσθητι
3062 2296 3183 2357 ταῖς
3239 2296 3539 2368 ἁμαρτίαις
3587 2300 3745 2371 ἡμῶν

2160 2372 2347 2429 ἕνεκεν
2395 2377 2489 2431 τοῦ
2541 2379 2806 2450 ὀνόματός
2853 2399 2970 2440 σου.
3005 2404 3024 2437 ι
3087 2387 3340 2458 Οὐδαμοῦ
3396 2389 3497 2459 τῆς
3550 2392 3745 2460 σφετέ-

2163 2483 2263 2537 ρας
2327 2471 2767 2540 μνημονεύουσιν
2817 2476 3052 2546 ἀρετῆς,
3105 2477 3239 2532 ἀλλά
3298 2479 3428 2533 διὰ⁸
3476 2481 3539 2536 τὸ
3596 2484 3744 2539 θετον

2159 2559 2333 2631 ὄνομα
2388 2564 2488 2633 τῆς
2527 2565 2679 2626 θείας
2740 2567 3067 2640 ἐπικουρίας
3117 2571 3463 2627 ἀντιδολοῦσι
3514 2578 3740 2647 τυχεῖν⁹

2158 2653 2319 2723 ήμῶν
2357 2655 2489 2726 γὰρ,
2533 2660 2688 2727 φησι,
2725 2662 3248 2732 κακοπραγούντων,
3304 2668 3446 2720 κατά
3506 2667 3602 2721 τοῦ
3643 2668 3741 2722 σοῦ

2159 2742 2428 2813 ὀνόματος
2508 2749 2541 2818 ή
2621 2749 2947 2822 βλασφημία
3028 2757 3219 2824 χωρεῖ.
3322 2757 3742 2831 Ἀντιϐολοῦμεν

2159 2835 2362 2903 τοίνυν,
2412 2839 2660 2910 παριδεῖν
2694 2842 2794 2911 μὲν
2828 2843 2887 2897 σὲ
2915 2843 2986 2898 τὰ
3026 2845 3483 2918 πλημμελήματα
3512 2866 3525 2879 ·
3569 2868 3739 2922 μετα-

2160 2927 2345 2984 ϐαλεῖν
2368 2930 2425 2984 δὲ
2452 2932 2550 2995 τὰς
2582 2936 2893 3007 συμφορὰς,
2955 2938 3050 2991 καὶ
3084 2940 3184 3010 τήν
3219 2940 3319 3012 σὴν
3342 2940 3572 3014 δύναμιν
3603 2943 3742 3000 ὐπο-

2158 3020 2329 3088 δείξαι
2368 3026 2481 3085 τοῖς
2515 3027 2793 3094 ἀγνοοῦσι.
2966 3043 2973 3049 ·

544 3102 712 3159 Vsus.
753 3105 869 3158 10.:
914 3101 989 3157 Ne
1021 3101 1162 3159 forte
1183 3103 1362 3159 dicant
1398 3112 1628 3174 gentes:
1661 3105 1761 3161 Ubi
1802 3115 1887 3161 est
1912 3106 2053 3162 Deus

2231 3120 2282 3168 ι’.
2334 3133 2354 3167 ‹
2404 3118 2674 3186 Μήποτε⁹
2715 3120 2914 3175 εἴπωσι
2960 3123 3029 3176 τὰ
3085 3124 3213 3195 ἔθνη
3241 3126 3306 3191 ¹⁰,
3352 3127 3462 3182 Ποῦ
3524 3130 3675 3185 ἐστιν
3711 3131 3741 3184 6

469 3197 708 3253 eorum?
744 3216 761 3247 ι
804 3195 1132 3265 lnterpretes
1180 3196 1272 3252 alii
1306 3197 1410 3251 hoc
1462 3198 1610 3253 velut
1656 3196 1860 3252 factum
1893 3199 2050 3253 dixe.-

473 3298 598 3342 runt
623 3306 636 3343 :
670 3287 781 3343 Cur
803 3288 986 3341 dicunt
1010 3297 1219 3359 gentes:
1251 3288 1351 3342 Ubi
1380 3298 1455 3341 est
1488 3287 1627 3342 Deus
1654 3305 1834 3343 eorum
1856 3290 1882 3343 .9
1915 3289 2047 3355 lluc,

2149 3202 2283 3266 Θεὸς
2312 3205 2529 3273 αύτῶν;
2572 3226 2591 3259 ι
2628 3212 2691 3262 Οἱ
2729 3210 2787 3263 δὲ
2826 3212 2976 3267 ἄλλοι
3011 3215 3350 3286 ἐρμηνευταὶ
3389 3219 3465 3283 ὡς
3504 3237 3738 3295 γεγενη-

2154 3296 2318 3364 μένον
2348 3297 2506 3352 τοῦτο
2535 3301 2823 3371 εἰρήκασιν
2853 3318 2868 3334 °
2903 3309 3011 3370 Εἰς
3038 3309 3097 3361 τί
3116 3308 3282 3377 λέγει
3311 3311 3385 3364 τὰ
3410 3313 3578 3383 ἔθνη,
3610 3315 3739 3369 Ποῦ

480 3381 681 3450 inquit.
708 3395 796 3434 me
830 3379 1036 3451 aﬂligit,
1071 3380 1177 3434 hoc
1214 3396 1299 3435 me
1328 3379 1514 3450 pungit
1549 3379 1793 3448 qualibet
1826 3380 2051 3449 cuspide

2156 3386 2324 3441 ἐστιν
2345 3391 2378 3441 ὁ
2406 3391 2553 3457 Θεὸς
2578 3392 2809 3462 αὐτῶν;
2843 3396 3015 3449 Τοῦτό
3049 3415 3141 3467 με,
3172 3402 3359 3470 φησὶν,
3385 3379 3553 3476 ἀνιᾷ,
3575 3404 3740 3460 τοῦτό

470 3472 708 3537 acutius,
740 3474 886 3541 quod
926 3480 1113 3541 gentes
1147 3482 1337 3526 contra
1396 3483 1447 3525 te
1482 3471 1777 3539 opprobria
1824 3470 2050 3538 impune

466 3563 766 3635 jactentur,
801 3571 856 3618 et
887 3564 1221 3618 insultantes
1248 3561 1474 3615 dicant:
1513 3558 1614 3613 Ubi
1647 3569 1731 3614 est
1778 3559 1922 3616 Deus
1958 3576 2050 3615 ve-

470 3665 605 3721 ster,
642 3672 805 3726 quem
860 3657 1046 3711 dicitis
1080 3654 1371 3725 Egyptum
1408 3653 1740 3723 castigasse,
1791 3653 2051 3710 dimdisse

470 3764 644 3817 mare,
683 3747 863 3821 [vobis
896 3758 1076 3803 autem
1112 3746 1404 3806 transitum
1434 3743 1796 3810 concessisse,
1841 3746 2053 3800 omnia-

468 3859 576 3913 que
614 3844 717 3897 alia
767 3839 989 3911 fecisse]
1022 3854 1219 3908 magna
1254 3836 1346 3890 illa
1377 3845 1431 3890 et
1482 3836 1881 3891 celeberrima?
1918 3854 1936 3888 ι
1987 3838 2052 3895 Et

471 3939 781 3991 inuetescat
812 3935 866 3988 in
904 3930 1221 3986 nationibus
1250 3944 1434 3983 coram
1465 3928 1638 3982 oculis
1682 3930 1886 3987 nostris
1916 3931 2050 3987 ultio

467 4027 751 4097 sanguinis
782 4038 1069 4079 servorum
1107 4032 1348 4085 tuorum,
1383 4021 1476 4092 qui
1507 4021 1716 4078 effusus
1749 4032 1851 4079 est.
1884 4042 1902 4075 ι
1935 4024 2050 4080 Ob-

467 4133 752 4176 secramus
778 4117 963 4187 igitur,
985 4122 1045 4170 ut
1071 4113 1160 4168 isti
1185 4125 1426 4168 cruenta:
1454 4114 1617 4169 caedis
1647 4131 1838 4184 pmnas
1867 4118 2049 4185 luant;

468 4209 561 4263 alii
604 4217 785 4262 autem
821 4221 1015 4261 omnes
1066 4205 1353 4261 nobiseum
1390 4205 1601 4275 justum
1639 4207 1854 4278 1170
1897 4218 2051 4263 tuum

463 4300 736 4370 judicium
773 4298 1127 4370 perspiciam,
1165 4298 1414 4369 iramque
1447 4299 1518 4355 ob
1554 4307 1779 4355 necatos
1811 4300 2052 4357 cultores

473 4402 618 4445 lllOS.

539 4588 706 4645 Vens.
738 4590 827 4644 11.
859 4609 877 4642 ‹
907 4589 1150 4645 lntroeat
1176 4591 1231 4644 in
1258 4598 1616 4660 conspectum
1639 4597 1790 4645 tuum
1818 4591 2052 4660 gemitus

467 4681 931 4751 compeditorum,
984 4683 1292 4735 secundum
1343 4680 1777 4751 magnitudinem
1839 4681 2050 4738 brachii

471 4772 550 4825 tui
599 4785 755 4824 serva
789 4769 929 4823 lilios
977 4769 1457 4826 mortiﬁcatorum.
1499 4790 1517 4822 ι
1567 4770 1808 4824 Obsecro
1857 4772 2046 4839 etiam,

469 4875 533 4918 ut
572 4863 836 4932 respicias
866 4863 918 4915 in
952 4878 1045 4916 eos
1079 4862 1173 4933 qui
1224 4862 1551 4930 superstites
1591 4862 1812 4932 quidem
1862 4863 2048 4920 adhuc

469 4963 620 5021 sunt,
648 4954 742 5008 sed
772 4955 824 5007 in
852 4954 1067 5008 vincula
1122 4953 1356 5023 conjecti
1388 4962 1540 5020 sunt,
1576 4964 1921 5025 mortemque
1951 4972 2046 5011 ex-

470 5054 720 5115 spectant
749 5063 763 5099 :
798 5054 852 5098 et
906 5061 975 5098 ne
1021 5047 1087 5099 ad
1119 5054 1416 5098 extremam
1449 5046 1748 5114 perniciem
1805 5057 2049 5103 nostrum

469 5154 641 5208 genus
667 5138 1041 5194 condemnare
1076 5136 1232 5205 velis,
1267 5140 1359 5193 sed
1390 5139 1532 5195 ﬁlios
1577 5157 1791 5205 eorum,
1828 5141 1919 5209 qui
1962 5141 2052 5195 in-

2155 3494 2223 3546 με
2252 3477 2293 3508 ¹¹
2346 3483 2532 3533 κεντεῖ
2583 3483 2768 3552 πάσης
2824 3486 3013 3547 ἀκίδος
3050 3488 3329 3562 ὀξύτερον,
3375 3494 3436 3545 τὸ
3479 3496 3585 3549 ὑπὸ
3628 3498 3738 3552 τῶν
3828 3530 3855 3554 χ

2151 3568 2328 3623 ἐθνῶν
2362 3573 2505 3627 κατὰ
2562 3575 2658 3628 σοῦ
2708 3577 2807 3647 τὴν
2869 3576 3222 3650 βλασφημίαν
3258 3584 3584 3654 τολμᾶσθαι,
3640 3591 3735 3642 καὶ

2157 3660 2606 3728 ἐπιτωθάζοντας
2655 3666 2861 3736 λέγειν,
2896 3669 3007 3725 Ποῦ
3043 3674 3192 3726 ἐστιν
3223 3676 3251 3727 6
3298 3674 3433 3738 Θεὸς
3471 3677 3647 3746 ὑμῶν,
3675 3679 3736 3731 ὃν

2150 3753 2339 3823 λέγετε
2386 3758 2732 3826 μαστιγῶσαι
2773 3761 2872 3832 τὴν
2906 3763 3206 3830 Αἴγυπτον,
3264 3766 3586 3840 διῃρηκέναι
3637 3769 3739 3841 τὴν

2153 3845 2515 3915 θάλατταν¹²,
2550 3849 2621 3922 [³³
2671 3851 2801 3921 ὑμῖν
2854 3853 2912 3906 δὲ
2943 3854 3191 3926 δωρῆσαι
3239 3849 3636 3924 διάϐασινβιαὶ
3687 3861 3737 3916 τ’

2152 3940 2290 3994 ἄλλα
2320 3941 2498 3995 πάντα
2529 3942 2853 4015 δεδρακέναι
2882 3945 2899 4019 ]
2933 3946 3003 4001 τὰ
3055 3951 3269 4019 μεγάλα
3304 3952 3400 4006 καὶ
3432 3954 3739 4026 πολυθρύλ-

2152 4033 2290 4103 λητα
2313 4035 2356 4066 ¹¹⁸
2378 4052 2393 4101 ;
2417 4054 2435 4087 ι
2470 4037 2580 4090 Καὶ
2602 4039 2907 4109 γνωσθήτω
2929 4044 2986 4095 ἐν
3012 4045 3124 4098 τοῖς
3147 4042 3357 4098 ἔθνεσιν
3382 4046 3613 4101 ἐνώπιον
3629 4050 3739 4102 τῶν

2153 4124 2449 4194 ὀφθαλμῶν
2476 4129 2509 4198 ἡ
2519 4128 2634 4197 μῶν
2661 4131 2693 4200 ή
2714 4131 3001 4203 ἐκδίκησις
3028 4131 3124 4185 τοῦ
3148 4135 3382 4203 αἵματος
3397 4136 3509 4190 τῶν
3529 4139 3735 4192 δούλων

2157 4232 2273 4279 σου,
2305 4216 2398 4270 τοῦ
2440 4219 2834 4289 ἐκκεχυμένον.
2866 4242 2884 4274 ι
2929 4223 3348 4297 Ἀντιὸολοῦμεν
3382 4229 3585 4295 τοίνυν,
3612 4231 3740 4284 τού-

2153 4323 2282 4370 τους
2316 4308 2415 4378 μέν
2440 4312 2586 4362 τῖσαι
2610 4310 2710 4380 τῆς
2736 4315 3055 4382 μιαιφονίας
3078 4318 3292 4388 ποινήν,
3314 4321 3442 4383 τοὺς
3464 4320 3520 4374 δὲ
3543 4321 3740 4385 ἄλλους

2157 4399 2409 4464 ἃπαντας
2448 4402 2580 4455 ἰδεῖν
2612 4405 2710 4456 σὺν
2741 4407 2874 4475 ήμῑν
2909 4406 3009 4477 τὴν
3035 4408 3256 4463 δικαίαν
3288 4427 3383 4464 σου
3412 4412 3617 4480 ψῆφον,
3645 4416 3740 4470 καὶ

2082 4499 2130 4555 Ι)
2157 4488 2258 4561 τὴν
2297 4492 2438 4561 ὑπὲρ
2470 4494 2580 4545 τῶν
2605 4495 2970 4566 ἀνῃρημένων
3004 4498 3099 4552 σοῦ
3132 4499 3484 4573 θεραπόντων
3512 4503 3708 4575 ὀργήν.

2234 4591 2324 4638 ια’.
2363 4606 2382 4637 ‹
2430 4586 2734 4641 Είσελθέτω
2783 4589 3015 4643 ἐνώπιόν
3047 4608 3140 4644 σου
3188 4593 3216 4644 6
3278 4596 3583 4664 στεναγμὸς
3631 4596 3741 4650 τῶν

2160 4676 2563 4746 πεπεδημένων
2589 4694 2603 4708 “
2630 4679 2771 4732 κατά
2793 4681 2893 4749 τὴν
2922 4682 3317 4754 μεγαλωσύνην
3339 4684 3435 4737 τοῦ
3458 4685 3740 4757 βραχίονός

2158 4783 2256 4820 σου
2308 4769 2669 4839 περιποίησαι
2703 4772 2833 4833 τοὺς
2865 4772 3016 4836 υἱοὺς
3043 4773 3155 4825 τῶν
3186 4774 3674 4845 τεθανατωμένων.
3714 4797 3734 4829 ι

2168 4860 2406 4914 Ἀπιδεῖν
2442 4862 2674 4916 ἱκετεύω
2733 4883 2792 4917 σε
2847 4865 2942 4918 καὶ
2970 4867 3051 4929 εἰς
3101 4867 3228 4930 τοὺς
3253 4867 3335 4921 ἔτι
3387 4869 3485 4940 μὲν
3521 4870 3740 4940 περιὸνο

2157 4968 2277 5015 τας,
2312 4953 2488 5023 δεσμὰ
2514 4954 2568 5006 δὲ
2603 4957 3050 5026 περικειμένους,
3082 4960 3176 5011 καὶ
3199 4960 3240 4991 ¹³
3270 4960 3742 5031 προσδεχομένους

2159 5043 2251 5097 τὸν
2272 5045 2523 5113 θάνατον,
2549 5048 2643 5100 καὶ
2667 5048 2742 5119 μὴ
2766 5047 3142 5120 πανωλεθρίαν
3160 5051 3254 5104 τοῦ
3274 5054 3546 5124 ἡμετέρου
3571 5071 3744 5107 κατα⁴

2158 5138 2506 5208 ψηφίσασθαι
2536 5139 2757 5208 γένους⁶
2788 5140 2925 5196 ἀλλά
2954 5141 3063 5195 τῶν
3100 5143 3466 5217 ἀνῃρημένων
3496 5164 3563 5201 πε
3576 5147 3741 5218 ρισῶ-

1537 5309 1776 5365 VARIJE
1818 5309 2203 5366 LECTIONES
2242 5312 2330 5365 ET
2370 5311 2602 5368 NOTAE.

538 5490 559 5519 ¹
585 5487 805 5555 Ζῆλον.
839 5486 962 5543 cod.
992 5488 1014 5541 1
1050 5488 1263 5555 ἀγῶνα.

467 5556 613 5627 τίνος
660 5561 848 5612 ἕνεκεν
890 5558 978 5611 διὰ
1014 5560 1123 5610 τῶν
1153 5558 1301 5627 ἑξῆς.

1361 5487 1381 5518 ³
1409 5485 1542 5569 _K_a£.
1576 5485 1744 5569 A_bcst
1774 5502 1803 5541 a
1835 5486 2045 5569 cod._2.

2176 5490 2300 5569 c_od_.
2343 5491 2361 5544 l
2396 5488 2727 5569 τεθείκασιν.
2804 5490 2826 5522 ⁸
2851 5491 3051 5569 Κύριε.
3084 5493 3206 5549 cod.
3244 5496 3269 5549 1
3298 5496 3424 5551 add.
3467 5498 3617 5569 λέγει
3649 5503 3746 5557 καὶ

1409 5556 1748 5630 ξὊρεξονχ-
1787 5558 1972 5630 cod._i_
2013 5560 2137 5616 add.
2186 5563 2340 5630 ἡμῖν.

2444 5562 2464 5591 ⁷
2514 5559 2792 5634 Τὰχιστις.
2841 5559 2964 5634 cod.
3018 5573 3249 5634 uterque
3306 5568 3433 5622 add.
3473 5559 3743 5628 Δεσπότα.

470 5625 493 5660 ⁸
519 5627 641 5681 Διά.
697 5630 930 5707 A_be_s_l.a
963 5628 1101 5707 cod.
1147 5627 1203 5679 2.
1239 5625 1248 5627 “
1282 5626 1577 5707 {adﬁxos-.8
1603 5656 1677 5707 Σ-
1717 5626 1884 5707 ἔρκη.
1931 5627 2054 5684 Ιιεθγ

2156 5625 2245 5707 Ζιζὲ
2273 5633 2521 5707 dicerent
2554 5625 2772 5707 gentes?
2849 5631 2890 5662 ¹⁹
2918 5629 3065 5707 (ire;
3098 5625 3260 5691 lectio
3292 5648 3372 5693 est
3414 5640 3473 5691 ἐν
3502 5646 3617 5707 τοῖς
3651 5625 3745 5694 Et};

473 5712 610 5749 νεσι.
723 5699 763 5729 ¹¹
795 5694 902 5750 Μέ.
948 5699 1112 5751 Abest
1138 5711 1169 5749 a
1209 5695 1409 5751 cod.2.

1517 5695 1557 5769 ξ’
1601 5696 1719 5769 Τὴν
1748 5696 2075 5769 θάλατταν.
2112 5702 2237 5756 cod.
2275 5703 2292 5753 l
2329 5717 2381 5754 et
2404 5699 2439 5752 ἓ
2477 5701 2537 5753 τὸ
2555 5695 2825 5769 ῖπέλαγος.

2937 5703 2983 5784 ίῖ
3023 5703 3067 5784 ξ
3119 5709 3240 5763 cod.
3291 5721 3527 5780 utroque
3561 5703 3743 5784 suppl.

480 5765 522 5795 “
552 5768 812 5833 Πολυθρ.
839 5767 962 5822 cod.
1003 5766 1028 5819 1
1059 5765 1185 5821 add.
1211 5765 1301 5819 διὰ
1327 5764 1393 5834 δὴ
1423 5762 1595 5819 ταῦτα
1630 5762 1996 5826 ἀντιϐολοῦσι.

2156 5770 2614 5828 Καὶ--θάνατον.
2641 5762 2767 5827 Des.
2785 5762 2855 5827 vin
2884 5773 3006 5829 cod.
3032 5773 3086 5829 2.
