4112 6440
1528 308 1578 334 Ν

381 353 514 421 1521

1705 329 1794 420 ΙΝ
1831 360 2040 421 PSAL.
2083 360 2312 422 Lxxx.

3565 363 3672 428 522

375 472 454 542 τῷ
489 468 708 542 Ἰσραήλ
735 469 884 524 ἐστιν
907 488 922 504 ο
953 469 1048 524 καὶ
1069 470 1246 543 κρῖμα
1273 469 1351 542 τῷ
1373 468 1494 542 Θεῷ
1533 469 1750 526 Ἰακώϐ.
1791 490 1809 522 ι
1836 472 1972 535 Ταῖς

2085 471 2277 528 lsraele
2305 479 2412 536 est,
2463 481 2517 528 et
2555 473 2826 544 judicium
2862 473 2956 530 Dei
2989 475 3201 530 Jacobi.
3241 495 3259 526 ι
3311 474 3480 531 Τεὼίά
3533 476 3672 532 Deus

380 561 674 632 σάλπιγξιν
705 563 1002 619 ἐκέλευσεν
1034 567 1062 618 ὁ
1091 564 1225 628 Θεὸς
1269 566 1397 629 τοὺς
1428 565 1612 637 ἰερέας
1644 565 1968 637 κεχρῆσθαι.

388 655 836 727 ’Λνεμίμνησκον
879 655 939 711 δὲ
987 649 1150 712 αῦται
1200 657 1294 712 τὸν
1331 657 1461 712 λαὺν
1509 659 1618 713 τῶν
1649 659 1708 712 ἐν
1743 658 1822 730 τῷ
1853 659 1973 730 ὄρει

376 749 690 817 γενομένων
719 747 1062 820 σαλπίγγων.
1085 751 1194 806 Τοῦ
1215 749 1352 805 Θεοῦ
1381 749 1491 822 γὰρ
1515 751 1624 805 τῶν
1652 751 1790 804 ὅλων
1817 751 1874 805 ἐν
1897 750 1974 822 τῷ

377 839 512 912 Σινᾷ
534 840 654 912 όρει
683 841 1102 912 διαλεγομένου,
1132 845 1310 914 φωνὴ,
1343 843 1504 914 φησί,
1529 843 1630 914 τῆς
1667 843 1974 914 σάλπιγγος

379 933 506 1003 ἣκει
541 931 705 1002 μέγα.
759 933 1015 1004 Ἐκείνης
1050 936 1233 989 τοίνυν
1261 935 1362 1004 τῆς
1388 935 1713 1006 ἐπιφανείας
1775 937 1970 1008 ἀνεμί-

383 1041 629 1096 μνησκον
665 1025 759 1079 τὸν
789 1025 921 1080 λαὸν
946 1029 1070 1092 ταῖς
1093 1025 1384 1094 σάλπιγξιν
1425 1029 1474 1082 oi
1498 1029 1664 1096 ἱερεῖς
1698 1029 1976 1100 κεχρημέ-

379 1132 482 1169 νοι.
525 1114 639 1168 Καὶ
671 1109 817 1170 οὗτοι
861 1117 1046 1171 τοίνυν
1069 1117 1200 1180 τοὺς
1231 1119 1331 1187 τῆς
1373 1115 1639 1170 ἐπανόδου
1671 1119 1969 1188 τετυχηκό-

379 1223 513 1270 τας,
556 1205 654 1259 καὶ
703 1206 804 1278 τῆς
848 1205 1001 1271 θείας
1049 1206 1378 1276 ἐπικουρίας
1407 1205 1453 1238 ⁸³
1514 1205 1971 1274 ἀπολαύσαντας,

381 1299 612 1363 εἰκότως
643 1298 846 1370 perdt"
881 1300 991 1354 τῶν
1025 1299 1204 1354 ἄλλων
1234 1300 1486 1372 ὁργάνων
1507 1337 1522 1362 ,
1555 1301 1654 1354 καὶ
1689 1302 1810 1364 ταῖς
1837 1301 1967 1357 σάλ-

383 1390 536 1460 πιγξι
566 1390 1005 1464 παρεκελεύοντο
1035 1391 1372 1464 χρήσασθαι.

455 1488 532 1548 ς’.
585 1503 604 1537 ι
642 1483 963 1557 Μαρτύριον
997 1485 1054 1540 ἐν
1085 1485 1164 1557 τῷ
1210 1487 1414 1560 Ἰωσὴφ
1462 1486 1618 1542 ἔθετο
1667 1487 1803 1542 αὐτὸ
1825 1488 1892 1555 ⁸³,
1918 1488 1977 1542 ἐν

381 1574 460 1646 τῷ
490 1574 732 1640 ἐξελθεῖν
776 1577 940 1632 αὑτὸν
971 1578 1035 1631 ἐκ
1068 1577 1174 1650 γῆς
1219 1578 1524 1649 Αἰγύπτου.
1571 1600 1589 1633 ι
1633 1579 1850 1650 Ἰωσὴφ
1882 1581 1976 1634 ὲνο

381 1666 559 1722 ταῦοα
617 1666 798 1721 πάντα
829 1667 987 1722 καλεῖ
1025 1667 1117 1722 τὸν
1161 1668 1291 1723 λαόν
1315 1686 1331 1701 ο
1375 1671 1568 1743 ἐπειδὴ
1601 1671 1714 1742 γὰρ
1743 1670 1848 1742 τῆς
1897 1671 1978 1736 είς

383 1759 662 1827 Αἴγυπτον
691 1759 902 1814 εἰσόδου
931 1761 960 1814 ό
991 1759 1194 1830 Ἰωσὴφ
1223 1761 1408 1826 αὐτοῖς
1435 1762 1658 1832 ἐγένετο
1690 1763 1972 1834 πρόξενος,

383 1849 445 1916 ἐξ
497 1851 663 1904 αὐτοῦ
719 1852 814 1905 τὸν
845 1851 974 1906 λαὸν
1030 1853 1442 1926 προσηγόρευσε
1461 1854 1530 1910 ⁸⁸.
1581 1853 1746 1925 Λέγει
1793 1855 1852 1910 δὲ
1894 1857 1979 1911 ὄτι

383 1943 594 2016 ταύτην
625 1943 796 1998 ἔδωκε
840 1943 918 2015 τῷ
945 1944 1062 2016 λαῷ
1091 1944 1190 2017 τὴν
1251 1946 1576 2016 νομοθεσίαν
1599 1989 1614 2014 ,
1653 1950 1755 2021 τῆς
1813 1950 1982 2020 Αἰγύ-

383 2052 522 2089 πτου
551 2035 742 2090 τοῦτον
773 2035 1154 2110 ἐλευθερώσας
1179 2037 1246 2092 ⁸⁵.
1277 2034 1413 2092 Εἶτα
1459 2039 1560 2104 τὰς
1600 2042 1982 2113 γεγενημένας

385 2127 710 2198 εὐεργεσίας
745 2127 1019 2194 διέξεισιν.
1088 2145 1106 2178 ι
1175 2127 1433 2183 Γλῶσσαν
1483 2129 1528 2163 ⁸⁵
1570 2130 1638 2201 ἢν
1673 2131 1776 2184 οὐκ
1825 2129 1976 2200 ἔγνω

385 2217 623 2288 ἤκουσεν
643 2217 712 2274 ⁸⁷.
769 2237 786 2270 ι
823 2217 1017 2288 Φωνῆς
1048 2217 1158 2291 γάρ
1211 2218 1436 2274 πώποτε
1493 2221 1644 2286 θείας
1697 2223 1800 2276 οὐκ
1839 2225 1982 2278 ἀπο-

385 2309 595 2374 λαύσας
622 2351 637 2376 ,
685 2309 896 2382 ταύτης
925 2311 1233 2385 ἐπήκουσεν
1265 2313 1324 2366 ἐν
1353 2315 1420 2387 τῇ
1455 2313 1652 2388 ἐρήμῳ
1683 2313 1778 2368 τὸν
1815 2313 1981 2388 νόμον

385 2402 698 2474 δεχόμενος.
920 2463 930 2472 ,

457 2493 522 2559 ζ’.
559 2513 580 2546 ι
623 2494 962 2569 Ἀπέστησεν
985 2496 1030 2530 ⁸⁸
1059 2497 1168 2552 ἀπὸ
1199 2497 1414 2568 ἄρσεων
1445 2499 1537 2554 τὸν
1569 2499 1741 2556 νῶτον
1769 2501 1939 2557 αὐτοῦ
1961 2521 1975 2536 ·

388 2585 448 2639 αἱ
475 2587 660 2658 χεῖρες
692 2588 858 2642 αὑτοῦ
892 2590 951 2642 ἐν
975 2590 1020 2622 δ’
1053 2588 1132 2660 τῷ
1159 2590 1366 2662 κοφίνῳ
1395 2591 1743 2648 ἐδούλευσαν.
1786 2613 1805 2646 ι
1841 2595 1982 2661 Τοὺς

390 2680 448 2732 ἐν
486 2679 752 2752 Αἰγύπτῳ
797 2680 1030 2746 πόνους,
1063 2683 1159 2737 καὶ
1191 2681 1294 2752 τὴν
1323 2682 1532 2752 πικρὰν
1564 2683 1848 2752 δουλείαν,
1885 2689 1982 2740 καί

394 2772 489 2844 τὴν
509 2773 556 2806 ⁸⁸
587 2772 982 2844 πλινθουργίαν
1007 2773 1096 2828 διὰ
1117 2773 1327 2828 τούτων
1359 2774 1616 2847 ἐδήλωσε.
1652 2777 1780 2840 Τοῖς
1807 2777 1982 2849 ὤμοις

399 2864 530 2935 γὰρ,
562 2864 635 2928 ὡς
679 2865 828 2928 εἰκὸς
851 2907 868 2932 ,
921 2865 1114 2937 φέρειν
1146 2866 1527 2938 ἠναγκάζοντο
1549 2869 1591 2900 ⁵³
1627 2868 1719 2923 τὸν
1765 2870 1937 2941 πηλόν
1963 2887 1978 2903 ο

399 2955 468 3010 τὰ
513 2955 568 3010 δὲ
595 2957 740 3011 νῶτα
785 2956 1158 3028 διαφερόντως
1191 2959 1301 3012 τῶν
1347 2959 1608 3013 τοιούτων
1657 2961 1982 3016 ἐπαισθάνεο

395 3064 484 3101 ται
501 3047 546 3080 ⁵³
576 3049 776 3102 πόνων.
820 3041 1102 3102 Ἐντεῦθεν
1128 3049 1190 3102 τὸ
1215 3047 1313 3103 τοῦ
1338 3049 1476 3104 Θεοῦ
1525 3053 1820 3122 πρόσωπον
1865 3055 1980 3108 εἰσ-

396 3141 520 3208 άγει
539 3140 945 3210 διαλεγόμενον.
976 3141 1086 3194 Καὶ
1109 3141 1329 3213 πρῶτον
1367 3145 1465 3214 μὲν
1501 3145 1612 3196 τῶν
1647 3145 1982 3216 εὐεργεσιῶν
2013 3165 2056 3224 C

391 3229 501 3284 τῶν
545 3235 934 3304 γεγενημένων
981 3234 1434 3306 ἀναμιμνήσκει,
1484 3231 1606 3290 εἶτα
1657 3237 1982 3308 παραίνεσιν

390 3321 642 3394 εἰσφέρει
676 3324 774 3377 καί
811 3323 1126 3396 συμϐουλήν
1153 3341 1167 3356 ·
1205 3325 1344 3396 μετὰ
1377 3327 1555 3381 ταῦτα
1589 3329 1847 3400 προλέγει
1884 3329 1984 3401 τὴν

389 3410 712 3480 ἀπείθειαν,
748 3415 844 3468 καί¹
874 3415 974 3485 τῆς
1007 3414 1294 3478 ἀπειθείας
1327 3415 1426 3487 τὴν
1452 3419 1752 3489 τιμωρίαν.

461 3511 534 3575 η’.
578 3522 599 3557 ι
659 3506 748 3559 Ἐν
793 3506 972 3577 θλίψει
1017 3507 1342 3561 ἐπεκαλέσω
1389 3526 1457 3577 με
1487 3525 1500 3539 ⁸
1546 3509 1642 3563 καὶ
1693 3511 1986 3583 ἐρυσάμην

395 3611 478 3648 σε.
519 3612 538 3646 ι
577 3595 906 3664 Ἐστέναξας
935 3599 993 3651 ἐν
1029 3597 1300 3668 Αἰγύπτῳ
1331 3600 1448 3662 τοῖς
1481 3599 1668 3665 πόνοις
1706 3602 1983 3658 ταλαιπω⁴

397 3683 696 3754 ρούμενος,
735 3687 832 3742 καὶ
865 3689 1184 3760 παραυτίκα
1203 3689 1249 3722 ⁵³
1284 3689 1704 3762 φιλανθρωπίας
1749 3693 1981 3764 ἠξίωσα.

393 3777 569 3830 Τοῦτο
602 3779 698 3832 καὶ
745 3781 780 3852 ἡ
813 3779 1027 3850 ίστορία
1079 3779 1344 3836 διδάσκει.
1406 3800 1424 3834 ι
1489 3781 1819 3848 Ἐστέναξαν
1853 3785 1983 3858 γὰρ,

395 3868 583 3940 φησὶν,
613 3871 662 3923 οἱ
694 3871 802 3924 υἰοί
827 3870 1050 3943 Ἰσραὴλ
1072 3873 1180 3926 ἀπὸ
1209 3871 1319 3926 τῶν
1345 3873 1524 3944 ἔργων
1562 3875 1672 3927 τῶν
1707 3875 1984 3946 σκληρῶν,

353 3979 359 3988 η
395 3961 492 4014 καὶ
517 3959 745 4033 ἁνέόηή
779 3961 876 4036 βοὴ
903 3963 1084 4018 αὐτῶν
1113 3965 1252 4036 πρὸς
1300 3963 1394 4016 τὸν
1427 3965 1582 4020 Θεόν.
1619 3983 1638 4016 ι
1677 3995 1750 4006 —
1785 3984 1804 4018 ι
1855 3966 1986 4021 Ἐπ-

357 4113 363 4120 ,
395 4052 611 4123 ἡκουσά
640 4070 700 4106 σε
717 4054 765 4086 ³⁸
793 4057 852 4108 ἐν
885 4055 1196 4129 ἀποκρύφῳ
1234 4055 1571 4125 καταιγίδος.
1612 4074 1632 4108 ι
1673 4057 1732 4111 '0
1753 4057 1810 4111 δὲ
1836 4057 1985 4129 Σύμ-

398 4161 573 4216 μαχος
632 4144 806 4212 οὕτως
835 4163 850 4178 ο
894 4147 1251 4216 Ἐπήκουσά
1305 4165 1379 4204 σε
1416 4150 1464 4182 ⁸⁵
1520 4149 1620 4205 διὰ
1681 4151 1986 4221 κρυφαίας

389 4236 696 4307 βροντῆς-ο
739 4241 834 4294 καί
880 4241 930 4294 oi
981 4242 1134 4297 ἄλλοι
1171 4241 1229 4295 δὲ
1275 4243 1375 4312 τὴν
1397 4242 1741 4312 ,ϐρόντησιν
1782 4243 1986 4314 ὁμοίως

395 4325 674 4382 τεθείκασι
697 4329 762 4384 ⁵⁸.
805 4330 969 4400 Δηλοῖ
993 4331 1052 4384 δὲ
1077 4330 1170 4384 διὰ
1199 4331 1392 4386 τούτου
1421 4332 1506 4385 ὅτι
1544 4331 1619 4402 μὴ
1641 4331 1687 4363 ⁵⁷
1724 4331 1988 4401 φαινόμειο

395 4435 520 4484 νος,
571 4421 686 4474 ἀλλ’
717 4423 949 4494 ἀόρατον
983 4422 1126 4493 ἔχων
1159 4423 1257 4491 τὴν
1291 4423 1456 4493 φύσιν
1491 4423 1572 4487 ⁵³,
1604 4423 1908 4494 κατάδηλον
1938 4425 1985 4458 δ’

2074 565 2390 620 sacerdotes
2422 565 2500 620 uti
2534 565 2718 636 jussit.
2758 565 2882 623 ista:
2912 577 3094 623 autem
3129 568 3334 638 populo
3365 569 3422 622 in
3455 585 3668 624 memo-

2077 657 2215 712 riam
2263 659 2596 714 revocabant
2627 659 2814 726 tubas,
2843 675 2969 730 qua:
3012 661 3067 715 in
3101 669 3287 716 monte
3313 661 3516 716 auditas
3555 661 3674 719 fne-

2078 758 2225 803 rnnt.
2258 747 2423 812 Nam,
2463 749 2575 805 Deo
2609 752 2856 806 onmium
2898 753 3184 810 conditore
3231 755 3287 808 in
3318 765 3504 810 monte
3531 755 3664 811 Sina

2075 841 2444 912 colloquentc,
2477 841 2630 906 Vox,
2687 845 2898 914 inquit,
2947 847 3091 902 tuba:
3141 847 3300 903 valde
3348 849 3666 904 resonabat.

2077 931 2228 988 lllius
2255 934 2424 1005 igitur
2459 937 2824 1006 apparitionis
2865 939 3126 1009 populum
3171 939 3542 996 admonebant
3584 958 3675 999 sa-

2078 1027 2326 1082 cerdotes
2354 1028 2500 1084 tubis
2541 1039 2778 1086 utentes.
2813 1031 2878 1085 Et
2927 1033 2980 1086 hi
3024 1031 3190 1103 igitur
3217 1033 3456 1090 reditum
3486 1049 3675 1090 consc-

2079 1126 2256 1184 cutos,
2304 1120 2600 1192 divinaque
2629 1137 2736 1193 ope
2771 1125 2986 1194 1181
3019 1125 3262 1196 adjutos,
3296 1127 3496 1184 merito
3521 1143 3674 1184 com-

2079 1211 2455 1270 monefaciunt
2501 1224 2562 1270 ut
2617 1232 2744 1272 cum
2799 1217 2925 1274 aliis
2991 1217 3382 1276 instrumentis
3449 1229 3674 1278 utantur

2080 1305 2246 1361 tubis.

2151 1477 2318 1537 Vens.
2349 1481 2402 1540 6.
2441 1501 2460 1536 ι
2490 1481 2892 1540 Testimonium
2931 1485 2986 1540 in
3023 1484 3228 1559 Ioseph
3263 1487 3450 1558 posuit
3495 1489 3629 1545 illud
3653 1533 3671 1558 ,

2079 1589 2202 1630 cum
2229 1575 2404 1630 exiret
2435 1576 2551 1646 ipsc
2577 1592 2606 1632 e
2635 1586 2776 1632 terra
2804 1576 3048 1650 Egypti.
3089 1598 3108 1632 ι
3152 1582 3172 1599 ⁵
3201 1579 3396 1650 Ioseph
3420 1581 3525 1637 hoc
3554 1581 3676 1638 loco

2079 1673 2250 1720 totum
2277 1667 2536 1738 populum
2570 1676 2745 1723 vocat.
2771 1667 3047 1736 Quoniam
3077 1671 3226 1726 enim
3260 1669 3466 1742 Joseph
3501 1687 3673 1746 causa

2082 1755 2208 1824 fuit,
2233 1767 2292 1812 ut
2316 1758 2420 1828 ipsi
2454 1759 2508 1813 in
2538 1758 2838 1832 IEgyptum
2866 1762 3039 1832 pedes
3073 1761 3368 1830 inferrent,
3430 1780 3499 1821 ex
3557 1766 3676 1836 ipso

2083 1849 2344 1920 populum
2380 1851 2692 1921 appellavit.
2728 1853 2869 1910 Dicit
2915 1863 3100 1910 autent
3129 1871 3211 1922 se,
3248 1871 3374 1911 cum
3403 1872 3470 1912 ex
3507 1857 3678 1930 Egy-

2083 1952 2174 2010 pto
2204 1941 2382 2012 ipsum
2433 1943 2742 2010 liberasset,
2775 1944 2920 2000 hanc
2957 1945 3133 2016 legem
3187 1948 3394 2018 populo
3432 1949 3677 2006 dedisse.

2085 2033 2289 2089 Deinde
2317 2034 2510 2090 collata
2542 2035 2598 2089 in
2639 2051 2765 2090 eum
2794 2036 3065 2092 beneﬁcia
3097 2040 3464 2110 persequitur.
3497 2059 3518 2094 ι
3547 2041 3679 2096 Lin-

2084 2141 2271 2196 guam,
2307 2143 2474 2197 quam
2507 2143 2614 2183 non
2649 2139 2896 2198 noverat,
2929 2131 3158 2188 audivit.
3207 2153 3227 2186 ι
3258 2131 3395 2194 Nam
3419 2150 3548 2191 cum
3587 2136 3674 2192 di—

2083 2219 2265 2272 vinam
2290 2233 2480 2274 vocem
2509 2235 2795 2291 nunquam
2836 2223 3190 2294 percepisset,
3269 2224 3415 2282 hanc
3465 2225 3683 2283 audivit

2086 2311 2144 2368 in
2175 2311 2476 2370 solitudine
2503 2313 2678 2386 legero
2731 2314 3032 2388 accipiens.

2155 2490 2324 2548 Vens.
2349 2494 2403 2548 7.
2445 2512 2464 2545 ι
2496 2493 2728 2550 Divertit
2758 2493 2832 2550 ab
2858 2495 3122 2552 oneribus
3155 2496 3389 2552 dorsum
3418 2497 3574 2569 eius,
3619 2509 3678 2556 et

2085 2600 2284 2641 manus
2315 2586 2437 2656 ejus
2471 2587 2525 2640 in
2574 2587 2814 2657 cOpbino
2873 2589 3208 2644 servierunt.
3250 2609 3270 2644 ι
3317 2589 3580 2648 Perlatos-
3619 2593 3677 2648 in

2087 2675 2322 2747 Egypto
2351 2677 2595 2743 labores,
2629 2678 3000 2750 acerbamque
3059 2680 3404 2746 servitutem,
3439 2691 3494 2736 et
3541 2684 3678 2739 late-

2087 2767 2275 2821 ritium
2305 2781 2445 2836 opus
2479 2769 2562 2822 his
2583 2767 2768 2824 verbis
2799 2778 3212 2824 commemorat.
3239 2768 3376 2825 Nam
3403 2771 3676 2836 humeris,

2087 2866 2146 2911 nt
2176 2855 2472 2912 verisimile
2501 2866 2608 2922 est,
2653 2857 2826 2912 lutum
2891 2855 3036 2913 ferre
3094 2859 3474 2930 cogebantur:
3527 2870 3677 2932 terga

2087 2957 2271 3004 autem
2323 2949 2676 3018 potissimum
2746 2949 3068 3020 huiusmodi
3115 2950 3334 3008 labores
3410 2953 3676 3010 sentiunt.

2087 3041 2226 3096 Hinc
2277 3039 2372 3095 Dei
2401 3056 2700 3110 personam
2728 3041 3046 3112 loquentem
3067 3041 3302 3096 inducit.
3334 3043 3399 3096 Et
3429 3043 3674 3112 primum

2091 3133 2316 3203 quidem
2375 3133 2574 3188 collata
2635 3133 2900 3188 beneﬁcia
2954 3133 3008 3187 in
3038 3134 3361 3188 memoriam
3419 3145 3675 3200 revocat;

2088 3222 2286 3280 deinde
2325 3223 2764 3279 admonitionem
2799 3231 2856 3278 et
2899 3224 3190 3278 consilium
3228 3224 3424 3293 aifcrt;
3487 3237 3681 3296 postea

2090 3315 2334 3386 praedicit
2397 3316 2849 3384 contumaciam,
2910 3325 2965 3371 et
3037 3317 3400 3373 contumaciae
3459 3316 3684 3389 suppli-

2088 3409 2260 3464 cium.

2165 3499 2329 3557 Vens.
2360 3501 2414 3557 8.
2453 3519 2472 3552 ι
2512 3499 2572 3556 In
2611 3502 2972 3558 tribulatione
3008 3502 3276 3558 invocasti
3316 3519 3424 3571 me,
3453 3514 3510 3560 et
3545 3505 3681 3562 libe-

2091 3594 2205 3647 ravi
2235 3602 2305 3649 te.
2354 3613 2373 3644 ι
2407 3592 2725 3663 lngemuisti
2753 3595 2809 3648 in
2840 3593 3079 3666 Egypto
3113 3595 3677 3664 laboribusaﬁlictus,

2089 3691 2144 3736 ct
2196 3683 2380 3738 subito
2411 3683 2806 3754 benignitatem
2849 3684 2946 3738 tibi
2974 3683 3233 3754 impertii.
3267 3683 3384 3742 Hoc
3419 3687 3681 3744 eLbisto-

2091 3774 2172 3828 ria
2225 3776 2406 3830 docet.
2447 3774 2662 3844 1182
2733 3793 2752 3825 ι
2789 3772 3184 3844 Ingemuerunt
3239 3777 3409 3843 enim,
3475 3779 3676 3850 inquit,

2091 3866 2184 3920 lilii
2213 3863 2376 3920 Israel
2402 3865 2474 3919 ob
2505 3879 2673 3934 opera
2707 3863 2867 3928 dura,
2908 3873 2964 3921 et
3019 3867 3268 3922 ascendit
3326 3868 3538 3924 clamor
3581 3886 3678 3926 oo-

2091 3973 2212 4012 rum
2242 3957 2310 4011 ad
2347 3955 2640 4011 Dominum
2671 3968 2722 4012 tt.
2758 3975 2777 4008 ι
2805 3986 2878 3996 -
2923 3975 2942 4008 ι
2980 3956 3245 4013 Exaudivi
3284 3968 3334 4014 te
3358 3959 3409 4013 in
3439 3958 3679 4014 abscon-

2089 4049 2203 4105 dito
2237 4047 2598 4119 tempestatis.
2630 4067 2649 4100 ι
2684 4049 3052 4118 Symmachus
3094 4058 3276 4106 autem
3336 4051 3414 4105 sic
3451 4069 3464 4106 :
3497 4051 3680 4104 Exau-

2089 4142 2198 4194 divi
2225 4151 2274 4194 te
2294 4155 2387 4210 per
2415 4137 2678 4192 occultum
2715 4139 2918 4192 tonitru
2949 4155 2969 4193 :
3001 4147 3055 4194 et
3083 4140 3280 4208 reliqui
3309 4141 3472 4195 etiam
3505 4141 3677 4196 intero-

2091 4241 2270 4302 pretes
2307 4231 2509 4284 tonitru
2545 4229 2798 4286 similiter
2825 4229 3108 4285 dixerunt.
3155 4230 3438 4302 Signiﬁcat
3490 4242 3676 4288 autem

2090 4325 2176 4380 his
2247 4323 2468 4379 verbis:
2515 4322 2631 4378 Etsi
2689 4338 2792 4376 non
2875 4338 3090 4389 cernar,
3177 4325 3274 4379 sed
3347 4325 3678 4380 inrisibilem

2093 4419 2323 4475 habeam
2352 4425 2632 4480 naturam,
2684 4415 2941 4470 omnibus
2971 4424 3152 4470 tamen
3190 4415 3515 4471 hominibus
3546 4432 3675 4487 per-

353 4535 360 4549 ο
397 4511 567 4564 πᾶσιν
620 4511 934 4585 ἀνθρώποις
982 4513 1082 4584 τὴν
1132 4515 1409 4586 σωτηρίαν
1441 4515 1721 4586 πεποίηκα
1749 4515 1794 4547 ⁶⁰
1817 4554 1832 4578 ,
1871 4511 1981 4569 οἷόν

2093 4512 2340 4580 spicuam
2376 4509 2480 4565 feci
2504 4509 2758 4572 salutem,
2789 4509 2957 4564 veluti
2983 4509 3223 4578 quodam
3257 4509 3486 4573 tonitru,
3531 4509 3678 4563 inﬂi-

396 4616 524 4654 τινα
553 4600 786 4674 βροντὴν
807 4605 852 4637 ⁶¹
873 4641 889 4668 ,
915 4607 1037 4668 ταῖς
1073 4604 1218 4658 κατά
1241 4603 1352 4658 τῶν
1382 4603 1700 4674 Αἰγυπτίων
1741 4605 1986 4676 πληγαῖς

399 4692 654 4764 σημάνας
703 4693 909 4750 ἅπασιν
969 4695 1105 4768 ὅσην
1137 4697 1182 4728 ⁸¹
1233 4695 1497 4768 ποιοῦμαι
1551 4713 1646 4750 σου
1702 4697 1983 4767 πρόνοιαν.

353 4844 364 4906 ἢ
505 4816 535 4858 Ρ
571 4803 744 4862 Exod.
785 4822 914 4878 xu,
959 4807 1047 4864 16.
1123 4819 1152 4860 ει
1179 4807 1355 4866 Exod.
1384 4825 1446 4876 ll.
1479 4809 1570 4864 25·

2095 4603 2198 4658 ctis
2222 4604 2277 4655 in
2309 4599 2597 4672 [Egyptios
2626 4600 2801 4670 plagis
2831 4599 3118 4655 declarans
3169 4609 3430 4670 quantam
3469 4601 3546 4656 lui
3579 4616 3679 4656 cu-

2094 4709 2212 4750 ram
2253 4707 2460 4764 geram.
2495 4709 2515 4744 ι
2551 4690 2787 4748 Probavi
2819 4701 2869 4748 te
2897 4693 3038 4764 apud
3055 4708 3253 4764 aquam
3290 4691 3682 4750 contradictio-

1501 4945 1740 5002 VARIIE
1776 4943 2158 5000 LECTIONES
2196 4943 2282 4998 ΕΤ
2323 4943 2548 5000 ΝΟΤᾸῖῖ.

451 5086 492 5118 ⁸⁸
525 5089 678 5143 ἐπικ.
713 5087 835 5142 cod.
862 5095 1096 5156 uterque
1121 5086 1250 5142 add.
1273 5103 1346 5156 τε,
1367 5085 1462 5156 καὶ
1481 5084 1758 5156 προνοίας.
1826 5083 1872 5116 ’θ’
1897 5088 1981 5156 Me

2099 5083 2286 5156 coda?
2317 5099 2501 5146 pnrnL
2535 5081 2648 5134 21L

2733 5079 2931 5134 “nec.
2974 5080 3134 5134 lectio
3168 5080 3221 5133 Ιι.
3264 5079 3300 5133 1.
3353 5089 3436 5131 est
3495 5078 3678 5132 αὐτόν.

397 5155 447 5189 ⁸⁵
464 5160 730 5228 Προσηγ.
754 5158 876 5214 cod.
911 5157 938 5210 1
978 5145 1103 5211 αὶίιί.
1137 5158 1171 5227 ἡ
1203 5155 1297 5210 τοῦ
1329 5155 1477 5208 θείου
1499 5145 1814 5226 πνεύματος
1845 5153 2176 5224 πρόγνωσις.
2235 5151 2281 5184 ⁸⁵
2321 5145 2554 5206 Ἐλευθ.
2589 5151 2710 5205 cod.
2743 5152 2766 5204 1
2805 5151 2930 5206 add.
2958 5151 3226 5212 δουλείας.
3287 5150 3334 5180 ⁸⁸
3352 5145 3678 5202 Γλῶσσαν.

399 5251 524 5308 cod.
557 5252 581 5306 1
621 5250 748 5306 add.
787 5251 982 5319 λέγων.
1055 5249 1102 5280 ⁸⁷
1135 5252 1258 5303 Οὐκ
1283 5249 1434 5319 ἔγνω
1469 5247 1756 5317 ἤκουσεν.
1790 5246 1952 5302 Ilcbr.

2085 5246 2174 5319 αέα
2211 5228 2678 5319 ’ΠῖἾνξκιὶ-φιηιη
2707 5243 2849 5296 haud
2873 5259 3138 5305 noveram,
3183 5241 3403 5319 audivi}.
3461 5237 3508 5268 ⁸⁸
3539 5237 3680 5290 ’Λπ-

399 5323 686 5389 ἐστησεν.
746 5319 911 5376 llebr.
969 5328 1199 5379 ἠπ-ινοΠ
1243 5320 1448 5389 diverti
1497 5335 1544 5374 ε.
1607 5321 1835 5373 removi.

401 5400 606 5446 serunt.
635 5390 843 5460 Symm.
859 5391 1096 5460 ,κοφίνου
1121 5388 1538 5460 ἀπηλλάγησαν.

1633 5391 1679 5422 ⁵⁰
1703 5392 1880 5443 Δουλ.
1937 5387 2038 5441 καὶ
2067 5385 2352 5456 nitrati.
2381 5385 2448 5456 Β
2494 5386 2594 5456 τῆς
2649 5383 2895 5456 δουλείας

1947 5309 2128 5370 δίἘν
2155 5315 2442 5369 -ἐδούλ.
2497 5309 2662 5368 Hebr.
2717 5325 2942 5377 ria-inm
2997 5322 3138 5372 ﬁ‘m:
3179 5328 3210 5364 (ι
3256 5309 3471 5377 cophino
3512 5322 3679 5377 reces-

2990 5382 3191 5435 "cud.
3249 5376 3677 5446 ﬂrﬂvdyxagwh

400 5444 450 5494 δέ
475 5461 598 5516 cod.
625 5444 1122 5515 Ξξπαισθάνονται.
1181 5444 1596 5528 “'Hap'abtlxa.
1632 5461 1754 5514 cod.
1783 5461 1806 5512 1
1845 5457 1970 5512 add.

2085 5497 2104 5528 ,γ
2124 5444 2194 5528 ’ξε
2218 5444 2626 5528 Βεεηίθωίοᾜ.
2653 5453 2689 5507 l.
2721 5461 2806 5528 est
2829 5444 2974 5528 aou._
2996 5453 3042 5528 ‘_‘
3078 5451 3171 5504 Σέ.
3205 5444 3370 5528 Apud
3389 5444 3680 5528 Μλιιιιῖ.-ἰιι

401 5528 634 5612 ξξεξρρί.
668 5532 746 5612 ad_
769 5532 802 5585 h
922 5530 1024 5602 leg.
1054 5547 1168 5584 σου.
1253 5517 1336 5562 ³⁶’
1357 5528 1692 5612 (satagunt.
1725 5529 1848 5584 cod.
1877 5528 1900 5581 1
1929 5543 1979 5612 at

2096 5526 2324 5612 esse
2495 5524 2798 5612 επήκιυσά.
2949 5521 3036 5575 διὰ
3091 5519 3381 5612 ξ.θῖφῇίαὶ

401 5601 450 5635 ³⁷
646 5601 770 5674 cod.
803 5590 1038 5674 uterque
1079 5615 1267 5674 praem.
1306 5599 1422 5674 καί.
1501 5597 1550 5632 ⁸⁸
1583 5599 1798 5674 φύσιν.
1841 5597 1962 5653 cod.

2085 5590 2183 5652 tltl.
2220 5595 2436 5649 Ἀκούει
2465 5590 2920 5674 τῶνέίςηαύτὺν.
2945 5590 3300 5668 πεποιθότων,
3352 5590 3426 5648 ὡς
3481 5590 3682 5674 ἐτὰζων

404 5661 637 5735 καρδίας
677 5672 773 5725 καὶ
796 5661 1061 5743 νεφροὺς,
1079 5661 1182 5723 ’καὶ
1211 5671 1576 5743 ἐπιστάμενος
1604 5669 1789 5743 ἀνθρω
1801 5686 1910 5743 πον.
1943 5685 1976 5721 κ

2085 5666 2167 5738 τὴν
2204 5666 2442 5720 διάνοιαν
2474 5663 2663 5719 αὐτοῦ.
2701 5663 2971 5743 Επαιᾳίίί
2996 5661 3223 5743 eoshqui
3284 5671 3426 5743 spent
3481 5661 3680 5743 ponunt

400 5743 460 5795 in
491 5749 781 5811 co,_utpotc
818 5735 913 5811 qui
941 5741 1182 5806 explorat
1211 5739 1376 5793 corda
1401 5735 1463 5796 dc
1492 5757 1659 5798 renes.
1691 5735 1738 5811 ἐι
1770 5738 2032 5792 hominem
2067 5735 2283 5811 ejusque
2309 5737 2545 5811 animum
2585 5753 2650 5788 no
2666 5735 2754 5811 rit.

2849 5734 2893 5764 ‘9
2921 5724 3292 5790 Κατάδηλον.
3329 5727 3446 5780 cod.
3499 5729 3518 5778 1
3554 5724 3680 5776 add.

403 5795 796 5883 φησίίίίιῖιίεῐιι
821 5795 938 5870 des.
969 5795 1070 5882 τῆν
1100 5795 1425 5882 σωτηρίαν.
1483 5811 1526 5842 ⁶⁰
1555 5795 1676 5868 cod.
1705 5810 1738 5864 2
1770 5811 1981 5881 πεποίητ

2085 5795 2106 5862 .’
2173 5795 2214 5841 δ”
2245 5809 2368 5865 cod.
2399 5815 2624 5876 uterque
2647 5803 2753 5860 τινί
2780 5802 2994 5874 βροντῇ.
3073 5800 3114 5830 ⁶¹
3141 5800 3346 5865 Ὂσηιο.
3372 5795 3494 5853 cod.
3523 5795 3557 5848 ‘2
3581 5798 3680 5848 ότι.
