4112 6492
420 402 449 471 1
460 402 562 468 527

1414 400 1909 460 THEODORETI
1948 400 2291 461 EPISCOPI
2338 400 2707 460 CYRENSIS

3570 394 3592 458 1
3605 394 3708 458 528

412 516 533 574 erit.
548 524 750 585 tempus
775 526 957 568 eorum
983 510 1037 564 in
1066 510 1282 565 saecula.
1319 541 1386 550 ——
1414 507 1639 580 Tempus
1667 519 1851 567 autem
1905 527 2007 567 vo-

2131 512 2432 566 Ηισοποιοί
2482 512 2706 581 Κυρίου
2755 513 2810 566 οἱ
2850 511 3229 581 ψευσάμενοι
3265 508 3460 574 αὐτῷ,
3496 509 3709 580 ἐπήγα-

417 619 513 667 ειιι
540 607 903 664 calamitates.
939 604 1031 659 Sic
1086 604 1234 659 enim
1267 601 1393 674 Syri
1449 611 1506 658 et
1540 604 1758 676 1186
1790 603 2005 659 Hebraei

419 718 515 758 eas
548 702 832 757 nominare
855 707 1279 764 consueverunt,
1308 708 1362 752 et
1386 697 1885 767 multietiamapud
1905 713 2007 754 nos

418 795 609 849 eodem
645 794 809 848 modo
839 792 938 846 has
970 792 1277 846 nominaut.
1322 788 1465 844 Dicit
1493 790 1699 860 igitur:
1765 789 1884 844 Non
1937 789 2007 844 ad

422 892 637 951 tempus
666 881 889 952 aliquod
916 880 1200 951 praeﬁxum
1232 881 1285 934 iu
1322 880 1439 933 haec
1497 879 1744 934 incident
1804 878 2005 946 Judaei,

423 975 518 1028 sed
550 974 604 1027 in
631 973 895 1028 saeculum
926 972 1022 1027 Dei
1068 987 1201 1027 cura
1232 970 1425 1041 privati
1456 971 1777 1026 manebunt.
1817 970 2010 1026 Simile

422 1074 603 1119 autem
634 1073 717 1119 est
751 1065 856 1121 hoc
892 1063 1286 1136 septuagesimi
1314 1064 1457 1118 tertii
1505 1065 1701 1134 psalmi
1737 1064 1967 1118 exordio
1996 1083 2007 1117 :

424 1173 447 1206 ι
489 1154 623 1221 Cur,
660 1154 826 1221 Deus,
859 1155 1110 1225 repulisti
1144 1156 1201 1209 iu
1230 1155 1429 1209 ﬁnem?
1464 1173 1483 1206 ι
1527 1153 1663 1210 Nam
1704 1164 1757 1211 et
1781 1155 1854 1210 ibi
1888 1154 2015 1208 ulti-

421 1263 568 1301 mam
606 1246 927 1303 Judaaorum
960 1247 1326 1317 abjectionem
1362 1246 1633 1316 praedixit.

2116 618 2213 670 γεν
2234 642 2247 661 ,
2296 600 2451 656 Ἀλλ’
2492 602 2666 658 ἔσται
2693 605 2727 657 ό
2769 602 2977 672 καιρὸς
3010 602 3216 657 αὐτῶν
3243 606 3329 669 εὶς
3360 601 3468 655 τὸν
3493 600 3707 655 αἰῶνα.

2116 694 2336 760 Καιρὸν
2380 693 2437 746 δὲ
2489 694 2649 747 καλεῖ
2690 694 2792 757 τὰς
2830 696 3138 765 συμφοράς.
3173 692 3330 747 Οὕτω
3374 692 3484 762 γὰρ
3517 694 3613 747 καὶ
3656 692 3710 746 οἱ

2117 783 2312 851 Σύροι,
2345 785 2437 837 καὶ
2476 786 2524 838 oi
2569 782 2813 856 Ἑϐραῖοι
2848 784 2928 858 [⁸ι
2963 784 3213 856 ταύτας]
3252 785 3543 853 ὀνομάζειν
3585 784 3711 838 siti)-

2119 874 2247 929 θασι
2267 892 2282 906 ο
2316 876 2509 930 πολλοὶ
2532 876 2588 930 δέ
2613 879 2708 931 καὶ
2744 881 2874 950 παρ’
2912 880 3050 950 ἡμῖν
3079 876 3226 930 οὕτω
3263 876 3466 940 ταύτας
3497 878 3713 931 ἀποκα-

2118 967 2293 1022 λοῦσι.
2347 971 2512 1039 Λέγει
2540 970 2753 1036 τοίνυν,
2787 972 2867 1025 ὅτι
2914 970 3145 1035 ταύταις
3177 971 3429 1025 Ἰουδαῖοι
3469 971 3532 1024 οὐ
3567 969 3714 1025 κατά

2119 1077 2243 1114 τινα
2298 1059 2464 1131 ῥητὸν
2510 1062 2554 1093 ³⁸
2617 1060 3119 1132 περιπεσοῦνται³δ
3168 1063 3401 1133 χρόνον,
3465 1061 3584 1114 ἀλλ’
3628 1062 3713 1126 εἰς

2123 1149 2295 1204 αἰῶνα
2339 1148 2644 1204 διατελοῦσι
2663 1150 2709 1182 ³⁸
2755 1151 2858 1223 τῆς
2889 1151 3041 1215 θείας
3074 1151 3437 1224 ἐστερημένοι
3470 1152 3711 1225 κηδεμο-

2124 1247 2264 1310 νίας.
2305 1244 2495 1301 Ἐοικε
2529 1247 2585 1300 δέ
2613 1246 2775 1300 τοῦτο
2805 1247 2899 1300 τοῦ
2947 1254 3025 1316 ογ¹
3052 1246 3272 1316 ψαλμοῦ
3296 1245 3378 1318 τῷ
3408 1246 3709 1318 προοιμίῳ,

426 1356 447 1389 ι
493 1338 740 1403 Ίνατί,ιὸ
799 1337 956 1403 Θεὸς,
1014 1335 1224 1390 ἀπώσω
1290 1336 1371 1400 είς
1412 1336 1603 1403 τέλος;
1664 1357 1683 1389 ι
1734 1339 1846 1392 Καὶ
1895 1337 2005 1408 γὰρ
2045 1336 2164 1390 ἐκεῖ
2222 1336 2323 1408 τὴν
2400 1337 2643 1408 παντελῆ
2674 1338 2783 1392 τῶν
2824 1338 3099 1394 Ἰουδαίων
3145 1339 3421 1411 ἀποϐολὴν
3459 1341 3705 1411 προηγόι

426 1446 620 1500 ρευσεν
640 1430 707 1482 ³⁸.

496 1518 666 1574 Vens.
706 1519 795 1573 Π.
833 1538 851 1570 ι
882 1517 949 1572 Et
984 1518 1189 1573 cibavit
1251 1518 1374 1573 illos
1406 1534 1472 1572 ex
1507 1519 1668 1589 adipe
1724 1517 2009 1584 frumenti,
2111 1514 2115 1516 ⁷

426 1622 484 1669 et
521 1614 587 1667 de
624 1622 777 1681 petra
815 1613 979 1667 melle
1011 1613 1417 1668 saturaviteos.
1458 1632 1477 1664 ι
1512 1611 1649 1666 Cum
1689 1621 1871 1667 autem
1929 1613 2015 1667 iu-

2193 1514 2276 1578 tC’.
2329 1532 2348 1566 ι
2405 1515 2515 1567 Καὶ
2554 1514 2833 1585 ἐψώμισεν
2875 1513 3077 1579 αὐτοὺς
3107 1516 3172 1569 ἐκ
3221 1516 3448 1580 στέατος
3480 1517 3659 1587 πυροῦ
3693 1526 3713 1544 ⁶

2120 1605 2215 1658 καὶ
2248 1604 2313 1656 ἐκ
2344 1605 2554 1674 πέτρας
2596 1604 2717 1675 μέλι
2759 1605 3054 1677 ἐχόρτασεν
3094 1605 3294 1669 αὐτούς
3318 1606 3387 1660 ³⁵.
3443 1624 3463 1658 ι
3504 1606 3714 1678 Πολλὴν

429 1706 569 1777 grati
604 1706 769 1760 animi
806 1706 994 1760 morbo
1020 1720 1347 1775 magnopere
1378 1705 1711 1771 laborarent,
1744 1706 2015 1761 bonorum

2131 1697 2198 1762 se,
2237 1698 2423 1768 φησὶν,
2447 1698 2780 1769 ἀχαριστίαν
2814 1697 3190 1767 νενοσηκὸτες,
3229 1698 3329 1752 οὐκ
3361 1699 3715 1770 ἐμνήσθησαν

432 1798 662 1852 minime
694 1797 966 1852 recordati
1027 1807 1174 1851 sunt.
1209 1795 1265 1850 In
1301 1796 1597 1852 solitudine
1625 1799 1774 1853 enim
1807 1796 2018 1853 dulcis-

2131 1788 2232 1843 τῶν
2278 1790 2381 1861 ἤδη
2438 1790 2903 1861 παρασχεθέντων
2951 1791 3137 1855 αὐτοῖς
3185 1791 3431 1861 ἀγαθῶν.
3482 1792 3574 1847 Ἐν
3614 1791 3715 1863 μὲν

433 1889 631 1943 simam
664 1888 799 1959 ipsis
832 1903 1032 1959 aquam
1066 1902 1096 1942 e
1126 1887 1306 1957 lapide
1339 1887 1547 1951 eduxit,
1603 1903 1725 1958 qua:
1784 1888 2019 1944 sitienti-

2131 1880 2233 1952 γὰρ
2288 1882 2355 1951 τῇ
2409 1880 2603 1952 ἐρήμῳ
2651 1881 2712 1934 τὸ
2759 1881 2980 1952 ἥδιστον
3029 1883 3217 1946 αὐτοῖς
3261 1884 3327 1936 ἐκ
3356 1884 3460 1953 τῆς
3510 1884 3719 1953 πέτρας

434 1980 540 2034 bus
579 1979 690 2034 illis
724 1979 1069 2034 dulcedinem
1115 1978 1293 2034 mellis
1347 1978 1555 2034 referre
1604 1979 1721 2034 visa
1775 1987 1903 2034 est:
1965 1979 2020 2033 in

2131 1973 2395 2044 ἐξήγαγεν
2429 1972 2605 2045 ὕδωρ,
2649 1974 2677 2027 ὃ
2705 1974 2936 2045 διψῶσιν
2985 1975 3171 2038 αὐτοῖς
3216 1976 3479 2047 ἐνομίσθη
3526 1978 3755 2065 μιμεῖυς

436 2081 583 2126 terra
614 2079 799 2125 autem
847 2069 1234 2139 promissionis
1277 2068 1547 2124 fructuse
1601 2077 1742 2123 terra
1795 2068 2021 2123 uberius

2131 2067 2251 2120 σθαι
2300 2067 2619 2138 γλυκύτητα
2655 2067 2873 2139 μέλιτος
2896 2084 2911 2099 ·
2956 2068 3016 2122 ἐν
3045 2067 3103 2121 δὲ
3133 2070 3198 2139 τῇ
3239 2072 3311 2139 γῇ
3341 2069 3443 2140 τῆς
3473 2069 3719 2138 ἐπαγγε-
3751 2071 3757 2077 ’

435 2156 573 2226 ipsis
602 2157 832 2228 largitus
870 2164 975 2214 est.
1010 2155 1116 2212 Per
1148 2166 1354 2227 partem
1405 2158 1549 2211 enim
1607 2165 1778 2214 totum
1815 2156 2024 2225 signiti-

2131 2158 2243 2223 λίας
2287 2161 2416 2224 τοὺς
2465 2160 2574 2214 ἀπὸ
2619 2160 2720 2229 τῆς
2766 2161 2872 2230 γῆς
2919 2160 3107 2224 αὐτοῖς
3156 2160 3409 2229 ἀφθόνως
3434 2162 3477 2192 ³⁷
3509 2161 3719 2232 ἐδωρή-

435 2248 598 2315 cavit,
637 2256 691 2303 et
717 2263 814 2318 per
842 2248 1177 2304 frumentum
1206 2250 1439 2304 aliorum
1463 2247 1744 2304 fructuum
1773 2249 2023 2321 largitio-

436 2357 567 2397 nem
587 2342 911 2414 designarit.

790 2546 811 2565 '
837 2540 1110 2597 INTERP.
1139 2540 1392 2597 PSALMI
1419 2542 1658 2598 LXXXI.

507 2655 678 2712 Vens.
714 2657 765 2712 1.
802 2675 821 2708 ι
849 2655 1106 2713 Psalmus
1134 2657 1341 2728 Asaph.
1381 2675 1400 2710 ι
1439 2655 1697 2727 Exposita
1730 2656 1785 2710 in
1820 2669 2025 2723 praece-

436 2749 598 2805 dente
626 2749 838 2819 psalmo
866 2748 1183 2804 Iudaeorum
1216 2748 1549 2820 abjectione,
1572 2748 1660 2804 hic
1685 2747 1852 2801 etiam
1890 2761 2025 2802 cau-

438 2858 531 2898 sas
560 2844 804 2913 apertius
830 2842 1088 2913 explicat,
1120 2851 1344 2913 propter
1392 2857 1533 2913 quas
1567 2841 1715 2895 Deus
1750 2840 1877 2896 illos
1941 2855 2028 2895 re-

438 2936 667 3004 spuebat
699 2937 935 2992 :docens
964 2935 1177 3004 utique,
1203 2950 1326 3000 nos,
1355 2935 1401 2990 si
1433 2950 1528 2989 eos
1558 2932 1918 2997 imitabimur,
1944 2931 2029 2987 vel

439 3028 713 3084 deteriora
747 3042 1132 3097 perpessuros.
1214 3046 1231 3079 ι
1258 3026 1403 3081 Deus
1458 3024 1608 3081 stetit
1659 3024 1713 3079 in
1748 3032 2028 3096 Synagoga

438 3118 690 3184 deorum,
731 3120 784 3172 in
812 3118 992 3173 medio
1021 3126 1205 3173 autem
1264 3118 1398 3172 deos
1424 3117 1724 3173 discernet.
1754 3134 1773 3166 ›
1811 3114 2030 3169 Ιυιίαιο-

441 3229 568 3268 rum
617 3214 915 3285 principes,
968 3224 1157 3287 utpote
1217 3213 1418 3284 quibus
1453 3209 1738 3282 judicandi
1790 3209 2030 3263 oﬂicium

442 3305 800 3359 commissum
847 3316 1003 3374 erat,
1055 3306 1189 3361 deos
1233 3304 1558 3359 nominavit.
1610 3301 1818 3358 Eodem
1866 3300 2031 3355 modo

441 3394 527 3449 lex
557 3396 772 3466 1187
801 3398 966 3451 etiam
1006 3398 1152 3467 ipsos
1180 3404 1371 3452 vocat:
1403 3416 1421 3447 ι
1462 3395 1578 3451 Diis
1607 3409 1716 3448 non
1747 3394 2024 3459 detraiies,

444 3492 501 3540 et
532 3486 764 3556 principi
801 3488 989 3557 populi
1041 3487 1118 3543 tui
1146 3502 1257 3542 non
1279 3486 1576 3542 maledices
1618 3489 1661 3539 ί.
1697 3504 1716 3538 ι
1753 3485 2033 3552 Quoniam

446 3578 596 3633 enim
621 3594 747 3634 vere
770 3580 936 3648 judex
969 3590 1053 3639 est
1084 3578 1252 3646 Deus,
1290 3588 1345 3635 et
1374 3578 1693 3635 hominibus
1744 3578 2035 3650 judicandi

447 3669 691 3725 cilicium
752 3673 1112 3729 commissum
1175 3681 1279 3741 est,
1333 3681 1621 3743 propterea
1666 3673 1759 3742 qui
1812 3672 1880 3727 ad
1932 3671 2038 3727 hoc

446 3778 650 3818 munus
681 3764 867 3819 selecti
900 3774 1049 3832 sunt,
1085 3764 1160 3820 dii
1209 3764 1513 3835 nuncupati
1577 3772 1725 3827 sunt,
1770 3771 2036 3833 tanquam

448 3858 504 3913 in
537 3858 640 3913 hoc
674 3856 849 3914 Deum
879 3860 1178 3915 imitantes.
1203 3858 1309 3914 Sed
1326 3858 1513 3930 justus
1550 3857 1723 3928 judex
1765 3857 1870 3911 hoc
1913 3856 2036 3911 loco

446 3965 561 4006 non
585 3949 728 4017 juste
755 3950 1089 4021 judicantes,
1125 3966 1303 4020 neque
1332 3958 1539 4005 rectam
1567 3949 1796 4019 iustitiae
1869 3957 2040 4002 state-

448 4057 569 4096 ram
600 4051 875 4109 tenentes,
920 4042 1220 4113 redarguit,
1245 4042 1569 4111 iustumque
1615 4040 1685 4094 ab
1716 4040 1838 4109 ipso
1877 4040 2037 4102 Iutu-

447 4152 573 4191 rum
595 4134 867 4206 judicium
897 4136 1170 4206 prmdicit.
1886 4142 1897 4197 ἡ

525 4224 690 4282 Vsus.
722 4227 779 4283 2.
821 4246 840 4279 ι
885 4226 1181 4298 Usquequo
1231 4227 1496 4298 judicatis
1546 4227 1921 4297 iniquitatem,
1985 4235 2040 4280 et

449 4318 620 4373 facies
673 4329 1027 4389 peccatorum
1084 4319 1346 4375 sumitis?
1391 4337 1411 4370 ι
1469 4318 1788 4390 Quousque,
1837 4318 2036 4388 inquit,

450 4410 831 4480 incorruptam
866 4411 1194 4467 sententiam
1233 4427 1344 4466 non
1382 4409 1666 4481 profertis,
1711 4409 1807 4465 sed
1838 4420 2040 4480 poten-

450 4502 590 4557 tium
616 4510 783 4573 atque
823 4502 1142 4573 iniquorum
1174 4504 1461 4559 hominum
1499 4503 1828 4573 injustitiam
1861 4502 2040 4572 repri-

2127 2268 2257 2305 σατο
2273 2252 2317 2284 ³³
2348 2252 2616 2324 καρπούς.
2652 2252 2788 2307 Ἀπὸ
2812 2252 2920 2324 γὰρ
2953 2251 3046 2306 τοῦ
3091 2251 3295 2324 μέρους
3337 2252 3401 2305 τὸ
3430 2254 3539 2307 πᾶν
3572 2270 3722 2324 παρ-

2126 2343 2366 2414 εδήλωσε
2421 2346 2505 2411 ³9,
2554 2346 2648 2399 καὶ
2702 2344 2793 2398 διὰ
2845 2344 2939 2398 τοῦ
2978 2345 3129 2398 σίτου
3203 2344 3297 2398 καὶ
3366 2344 3475 2399 τῶν
3540 2344 3720 2399 ἄλλων

2127 2433 2360 2506 καρπῶν
2393 2434 2491 2506 τὴν
2524 2434 2792 2507 χορηγίαν
2825 2436 3124 2506 ἐσήμανεν.

2450 2547 2715 2601 EPMHN.
2759 2548 2896 2601 ΤΟΥ
2931 2548 3039 2601 HA'
3076 2547 3400 2612 ΨΑΛΜΟΥ.

2200 2664 2271 2711 α’.
2310 2676 2328 2711 ι
2368 2658 2599 2729 Ψαλμὸς
2627 2657 2707 2728 τῷ
2738 2657 2935 2727 Ἀσάφ.
2974 2678 2994 2712 ι
3035 2658 3148 2730 Τὴν
3171 2660 3215 2691 ⁶⁰
3246 2658 3520 2728 ἀποϐολὴν
3548 2660 3724 2715 εἰπὼν

2129 2752 2239 2805 τῶν
2277 2750 2547 2805 Ἰουδαίων
2607 2753 2666 2805 ἐν
2708 2749 2785 2821 τῷ
2820 2751 2927 2822 πρὸ
2962 2751 3156 2805 τούτου
3193 2752 3395 2824 ψαλμῷ
3417 2794 3431 2818 ,
3484 2754 3722 2807 ἐνταῦθα

2131 2844 2223 2898 καὶ
2262 2843 2361 2907 τὰς
2395 2844 2576 2907 αἰτίας
2623 2844 2965 2915 σαφέστερον
2994 2845 3281 2916 ἐκτίθησι,
3322 2846 3389 2899 δι’
3428 2844 3497 2910 ἃς
3522 2846 3725 2910 αὐτοὺς

2130 2941 2159 2992 6
2199 2937 2332 3001 Θεὸς
2388 2936 2769 2991 ἀπεϐἀλλετο’
2826 2936 3098 2992 διδάσκων
3152 2938 3410 3003 πάντως,
3467 2938 3543 3001 ὡς
3602 2939 3720 3007 εῐγε

2131 3029 2373 3093 ἐκείνους
2400 3029 2785 3099 μιμησόμεθα,
2818 3030 2929 3093 τοῖς
2960 3030 3144 3093 αὐτοῖς
3175 3030 3208 3101 ἢ
3242 3030 3454 3102 χείροσι
3488 3033 3724 3101 περιπέ-

2134 3139 2318 3192 σομεν.
2355 3139 2373 3171 ι
2427 3121 2486 3173 '0
2524 3121 2656 3184 Θεὸς
2690 3120 2824 3191 ἔστη
2859 3122 2915 3174 ἐν
2944 3124 3231 3191 συναγωγῇ
3273 3120 3443 3187 θεῶν,
3475 3122 3533 3174 ἐν
3573 3122 3728 3195 μέσῳ

2132 3214 2189 3267 δέ
2210 3214 2367 3276 θεοὺς
2395 3213 2686 3284 διακρινεῖ.
2719 3231 2739 3265 ι
2777 3213 2918 3277 Τοὺς
2945 3212 3218 3266 Ἰουδαίων
3241 3213 3513 3283 ἄρχοντας
3542 3213 3724 3280 θεοὺς,

2134 3303 2210 3368 ὡς
2229 3305 2273 3337 ιι
2298 3304 2360 3358 τὸ
2387 3307 2596 3376 κρίνειν
2619 3305 3113 3375 πεπιστευμένους,
3143 3304 3429 3371 ὠνόμασεν
3446 3305 3512 3358 ⁸⁸.
3539 3303 3731 3370 Οὕτως

2138 3399 2335 3462 αὐτοὺς
2365 3398 2461 3451 καὶ
2498 3398 2527 3449 6
2578 3398 2743 3467 νόμος
2788 3397 3076 3451 ἀποκαλεῖ.
3132 3415 3151 3448 ‹
3189 3395 3360 3459 Θεοὺς
3384 3396 3432 3427 ’⁵³
3469 3397 3531 3450 οὐ
3563 3413 3730 3450 κακο-

2136 3490 2413 3560 λογήσεις,
2467 3488 2564 3542 καὶ
2590 3488 2832 3559 ἄρχοντα
2874 3488 2972 3541 τοῦ
3015 3487 3145 3541 λαοῦ
3183 3504 3277 3541 σου
3308 3489 3408 3541 οὐκ
3437 3490 3583 3559 ἐρεῖς
3630 3506 3729 3542 καο

2139 3581 2271 3645 κῶς.
2305 3600 2324 3635 ι
2358 3580 2581 3652 Ἐπειδὴ
2610 3582 2716 3652 γὰρ
2743 3580 2963 3650 ἀληθῶς
2990 3581 3186 3653 κριτὴς
3213 3582 3240 3633 6
3265 3581 3397 3644 Θεὸς
3421 3583 3587 3647 ἐστιν,
3613 3581 3731 3635 ἐνε-

2139 3674 2497 3747 χειρίσθησαν
2528 3674 2585 3727 δὲ
2625 3674 2722 3727 καὶ
2761 3675 2810 3728 οἱ
2839 3672 3120 3743 ἄνθρωποι
3158 3674 3406 3744 κρίνειν,
3449 3690 3728 3744 προσηγο-

2142 3764 2418 3838 ρεύθησαν
2470 3767 2520 3818 οἱ
2566 3767 2742 3818 ταῦτα
2765 3763 2810 3795 ⁸⁸
2842 3765 3265 3834 πεπιστευμένοι
3318 3764 3469 3829 θεοὶ,
3522 3764 3612 3818 ἅτε
3660 3763 3727 3835 δὴ

2141 3857 2274 3913 Θεὸν
2302 3860 2362 3910 ἐν
2382 3853 2623 3930 eodem"
2649 3856 3000 3927 μιμούμενοι.
3020 3857 3184 3910 Ἀλλὰ
3215 3857 3341 3919 τοὺς
3373 3857 3473 3911 ούκ
3504 3857 3733 3921 ἐνδίκως

2141 3952 2485 4016 δικάζοντας,
2514 3951 2635 4004 οὐδὲ
2660 3950 2895 4014 ὰκλινῶς
2921 3949 3259 4020 κατέχοντας
3290 3951 3363 4006 τὰ
3384 3952 3485 4021 τῆς
3506 3950 3666 4020 δίκης
3686 3949 3734 3981 ⁸⁸

2143 4043 2284 4111 ζυγὰ
2307 4084 2321 4108 ,
2354 4044 2382 4096 ὁ
2412 4043 2620 4104 δίκαιος
2656 4040 2897 4094 ἐνταῦθα
2926 4040 3201 4111 διελέγχει
3242 4040 3437 4112 κριτὴς
3461 4080 3477 4107 ,
3513 4039 3611 4095 καὶ
3634 4039 3735 4110 τὴν

2144 4133 2412 4205 ἐσομένην
2446 4134 2537 4186 ὑπ’
2567 4131 2734 4186 αὑτοῦ
2761 4131 2979 4186 δικαίαν
3010 4132 3195 4203 κρίσιν
3219 4131 3608 4203 προαγορεύει.

2217 4225 2283 4298 β’.
2312 4245 2332 4280 ι
2367 4227 2511 4290 Ἕως
2547 4225 2739 4279 πότε⁵⁷
2786 4225 3005 4297 κρίνετε
3034 4227 3271 4284 ἀδικίαν.
3309 4228 3404 4282 καὶ
3462 4227 3737 4299 πρόσωπα

2145 4319 2488 4392 ἁμαρτωλῶν
2514 4317 2824 4389 λαμϐάνετε
2851 4336 2866 4384 ;
2907 4338 2928 4372 ι
2963 4319 3144 4389 Μέχρι
3196 4320 3363 4383 τίνος,
3395 4319 3584 4390 φησιν,
3610 4318 3736 4373 ἁδέ-

2144 4428 2349 4467 καστον
2378 4412 2480 4464 οὐκ
2511 4410 2778 4481 ἐκφέρετε
2801 4410 3004 4480 ψῆφον,
3053 4410 3191 4465 ἀλλὰ
3224 4411 3335 4466 τῶν
3359 4412 3610 4466 δυνατῶν
3641 4412 3739 4465 καὶ

2147 4503 2483 4576 παρανόμων
2509 4503 2758 4572 ἐλέγχειν
2803 4503 3161 4575 παραιτεῖσθε
3208 4503 3311 4577 τὴν
3338 4504 3574 4568 ἀδικίαν,
3638 4507 3734 4557 καὶ

452 4608 607 4649 mere
636 4595 931 4662 recusatis,
959 4611 1339 4668 pauperesque
1363 4596 1434 4653 ab
1459 4595 1547 4652 bis
1578 4593 1782 4665 injuria
1811 4592 2029 4650 affectos

2150 4597 2431 4667 παρορᾶτε
2490 4596 2620 4660 τοὺς
2635 4595 2682 4628 ⁸⁸
2720 4595 2882 4667 πενία
2940 4595 3222 4661 συζῶντας
3292 4597 3401 4652 ἀπὸ
3426 4597 3474 4631 ⁸⁸
3527 4595 3740 4652 τούτων

454 4685 738 4755 despicitis
756 4686 780 4739 ?

532 4777 695 4832 Vens.
738 4779 791 4834 '5.
837 4799 855 4831 ‹
896 4778 994 4837 Jus
1024 4781 1192 4857 dicite
1260 4795 1431 4850 egeno
1470 4791 1527 4836 et
1565 4779 1796 4850 pupillo,
1861 4776 2044 4833 humi-

456 4868 566 4924 lem
610 4878 663 4925 et
689 4885 983 4942 pauperem
1015 4874 1335 4945 justiﬁeate.
1379 4889 1399 4924 ι
1441 4870 1684 4943 Uterque
1727 4879 1909 4926 autem
1943 4870 2045 4924 bo-

458 4974 584 5016 rum
615 4964 821 5019 auxilio
855 4965 1080 5037 indiget.

533 5072 555 5110 ι
588 5073 762 5133 Exod.
791 5093 930 5147 xxu,
965 5077 1057 5132 28.

2153 4688 2339 4758 ἀδικου
2349 4687 2540 4758 μένους
2560 4706 2575 4755 ;
3300 4736 3305 4743 .

2221 4786 2292 4848 γ’.
2317 4756 2610 4849 ἶ-Κρίνατε
2642 4780 2864 4852 ὀρφανῷ
2896 4781 2993 4836 καὶ
3024 4781 3225 4853 πτωχῷ
3248 4782 3319 4846 ⁸ο,
3351 4782 3615 4837 ταπεινὸν
3642 4781 3736 4835 καὶ

2158 4872 2363 4942 πένητα
2391 4871 2721 4926 δικαιώσατε
2741 4873 2808 4926 ⁸³.
2840 4891 2862 4924 ι
2894 4872 3215 4946 ’Ἑκάτερος
3237 4875 3284 4907 ³³
3328 4874 3386 4928 δὲ
3411 4873 3620 4928 τούτων
3650 4874 3741 4928 ἐν·

2147 4966 2274 5038 δεὴς
2307 4966 2587 5037 βοηθείας.

1569 5169 1795 5231 VARle
1826 5168 2212 5225 LEC'I‘IONES
2250 5167 2339 5224 ET
2377 5166 2611 5222 NOTAE.

562 5264 608 5297 ³¹
644 5265 686 5319 Ε
712 5264 839 5319 cod.
870 5265 923 5317 1.
1002 5263 1046 5294 ³³
1091 5261 1322 5328 Ῥητόν.
1383 5263 1550 5325 Abest
1578 5280 1607 5318 a
1657 5266 1780 5320 cod.
1810 5265 1866 5321 2.

459 5335 983 5460 iiiiliip‘i’fitd.
1011 5335 1088 5454 εκ
1107 5335 1209 5454 eis

463 5488 570 5535 que
625 5473 751 5528 cod.
797 5471 935 5527 Cum
1002 5472 1088 5527 bis
1131 5472 1275 5526 cont.

1975 5265 2019 5297 ³³
2049 5265 2174 5319 cod.
2210 5263 2235 5316 1
2268 5263 2580 5317 πεσοῦνται.

1043 5331 1520 5417 ξθήἘχόρτασεν
1566 5336 1810 5417 αὐτούς.
1866 5333 2029 5389 Hebr-

2131 5328 2331 5417 βζζὲἱρκ
2395 5335 2694 5417 «diiungas
2766 5351 2933 5389 essem
3011 5345 3078 5417 ις.

1334 5473 1454 5542 quae
1510 5473 1673 5545 Gord.
1728 5483 1766 5528 t.
1815 5473 1877 5539 ll,
1909 5491 1962 5545 p.
2017 5476 2123 5529 704
2159 5473 2568 5532 οχἈιιιιὶηιιείο
2630 5476 2829 5531 attulit.

3480 5265 3528 5297 ³⁸
3551 5264 3675 5320 cod.
3710 5266 3735 5319 l

3192 5336 3235 5367 ³⁷
3276 5338 3429 5404 Ἀφθ.
3484 5336 3650 5391 Abest
3709 5353 3743 5391 a

2690 5263 2737 5295 "‘
2765 5264 2887 5318 cod.
2916 5265 2941 5319 1
2973 5264 3365 5319 διατελέσουσι.

1217 5403 1493 5476 ρησάμην.
1522 5473 1548 5476 _
1571 5404 1645 5476 ³⁸,
1679 5408 1828 5476 coda
1873 5416 2026 5473 uterq

2131 5403 2412 5476 ’ἐδήλωσε.
2490 5404 2537 5476 ‘f’
2577 5405 2794 5473 Τὴν-
2842 5405 3267 5474 περιπέσομεν.
3319 5406 3445 5461 Des.
3491 5408 3544 5461 in
3587 5416 3745 5462 utro-

2963 5476 3007 5507 “
3072 5476 3168 5542 Ὡς
3218 5507 3284 5516 ——
3345 5478 3556 5546 νόμος.
3615 5477 3741 5533 Des.

460 5546 514 5616 in
548 5543 671 5597 cod.
693 5542 758 5616 β.
791 5614 799 5616 _
835 5542 881 5575 "
908 5545 1033 5616 cod.
1068 5544 1094 5597 l
1123 5541 1581 5616 6y9pd§ez,qu0tl
1615 5555 1739 5616 ante
1770 5541 1926 5608 θεοὺς
1964 5561 2029 5614 po

2131 5563 2205 5601 ur.
2286 5546 2330 5578 ⁸³
2360 5546 2557 5610 θεούς.
2593 5545 2718 5602 eod.
2743 5545 2779 5599 2
2803 5561 2991 5616 prtem.
3023 5546 3098 5609 ὡς
3118 5541 3196 5601 τό.
3279 5546 3325 5578 ’δ”
3348 5541 3471 5602 cod.
3506 5541 3530 5602 ἰ
3561 5548 3742 5601 τοῦτο.

462 5610 509 5640 ⁸⁵⁸
539 5616 663 5666 cod.
687 5613 724 5665 2
757 5614 836 5676 εἰς
869 5613 1049 5666 τοῦτο.

463 5679 659 5749 λέγων.
761 5683 804 5714 ⁵⁸
844 5684 1011 5749 Τούς.
1047 5683 1219 5739 Abest
1251 5698 1283 5737 a
1320 5685 1442 5736 cod.
1482 5684 1534 5736 1.

472 5816 690 5883 ponitur
726 5832 847 5890 post
873 5825 1093 5895 πτωχῷ.

1154 5611 1202 5645 ’⁵⁸
1227 5611 1357 5667 cod.
1401 5613 1428 5666 1
1454 5611 1829 5682 δικαιοσύνης,
1868 5611 2032 5684 quam
2054 5617 2350 5672 lectionem
2385 5615 2581 5671 Carafa
2614 5611 2834 5673 secutus
2866 5628 2968 5672 est.

1642 5684 1687 5716 ‘9
1725 5685 1880 5739 Ἀσώ.
1909 5687 2032 5741 cod.
2082 5689 2107 5742 1
2143 5687 2272 5740 ὑπό.

466 5747 509 5831 f‘
560 5751 838 5831 4t'xatd‘0'.
883 5747 1005 5809 cod.
1038 5756 1067 5831 ξ
1102 5755 1227 5812 add.
1258 5754 1509 5807 τουτέστι
1537 5753 1752 5809 δικαίαν
1782 5756 1966 5821 αὐτοῖς
1997 5758 2321 5831 ἐπικουρίαν
2347 5755 2593 5829 ὁρέξατε.

3074 5618 3119 5649 ⁴⁷
3158 5617 3328 5672 Πότε.
3367 5620 3488 5673 cod.
3530 5618 3555 5671 ί
3594 5617 3747 5672 addit

2380 5685 2581 5758 "lico.
2610 5688 2770 5744 lectio
2808 5688 2859 5741 Il.
2916 5690 2949 5758 ί.
2988 5697 3071 5743 est
3102 5687 3342 5758 ὀρφανὸν
3375 5687 3471 5742 καὶ
3508 5687 3744 5758 πτωχόν.

2708 5759 2767 5833 ,⁸⁸
2801 5757 3116 5828 Ἐκάτερος
3137 5757 3224 5799 ⁷-
3262 5758 3443 5827 ¹βοηθ.
3474 5760 3536 5813 lu
3566 5757 3690 5815 cod.
3714 5759 3745 5813 1
