4112 6432
444 395 577 462 153⁸1

1726 394 1809 458 ΙΝ
1840 397 2046 459 PSAL.
2070 395 2403 457 LXXXIII.

3592 400 3732 469 1518

438 517 617 583 ξεις⁸⁸
669 517 890 584 αὐτούς.
947 535 966 570 ι
1039 516 1127 569 Ἐν
1175 517 1288 580 τοῖς
1343 515 1570 587 δρυμοῖς
1643 516 1967 587 αὐτομάτως
1984 514 2028 546 ⁵⁵

2143 515 2290 573 babis
2338 531 2455 573 eos.
2495 536 2512 569 ι
2568 515 2628 573 1η
2669 519 2991 576 nemoribus
3042 527 3238 589 sponte
3275 516 3497 572 ﬂamma
3534 533 3732 575 accen-

438 609 734 675 ἐξάπτεται
791 608 949 678 φλὸξ,
995 609 1103 663 τῶν
1161 608 1397 681 δένδρων
1476 608 1584 662 ὑπὸ
1662 608 2032 680 σφοδροτέρου

439 702 755 772 πνεύματος
774 702 1140 773 κινουμένων,
1160 704 1257 756 καί
1285 700 1540 772 ἀλλήλοις
1564 701 2029 773 συντριϐομένων,

439 796 534 848 καὶ
581 798 649 865 τῇ
698 794 885 866 τρίψει
926 795 988 849 τὸ
1026 795 1239 859 θάλπος
1283 794 1695 866 ἐργαζομένων,
1745 793 1843 847 καὶ
1891 794 2033 847 κατὰ

443 883 639 955 μικρὸν
669 883 735 938 δι’
770 884 1020 954 ἀλλήλων
1046 882 1459 952 ἐξαπτομένων.
1491 883 1897 955 Παραπλησίως
1922 881 2035 935 τοί-

442 993 536 1029 νυν
567 977 662 1029 κα“ι
685 975 911 1038 τούτους
957 976 1302 1029 ἱκετεύουσιν
1338 975 1430 1028 ὑπ’
1456 975 1706 1047 ἀλλήλων
1744 973 2033 1045 ἀναλωθῆ-

441 1088 554 1136 ναι,
585 1069 682 1124 καὶ
722 1070 844 1132 ταῖς
867 1068 1108 1131 οἰκείαις
1133 1066 1420 1138 ἐκδοθῆναι
1447 1067 1845 1140 παρανομίαις,
1889 1065 2034 1121 κατὰ

441 1162 542 1232 τὴν
614 1160 968 1232 προφητείαν
1042 1158 1142 1230 τὴν
1218 1157 1518 1227 λέγουσαν·
1556 1178 1575 1211 ι
1609 1157 1917 1229 Πορεύεσθε
1956 1156 2034 1229 τῷ

442 1256 586 1324 φωτὶ
619 1253 718 1307 τοῦ
749 1254 921 1325 πυρὸς
946 1253 976 1307 ὑ
986 1251 1125 1322 μῶν,
1148 1250 1243 1306 καί
1262 1254 1330 1323 τῇ
1358 1252 1517 1321 φλογὶ
1606 1250 1958 1319 ἐξεκαύσατε.
2007 1272 2028 1305 ο

516 1345 601 1410 ιζ’.
636 1364 655 1397 t
689 1346 993 1416 Πλήρωσον
1032 1344 1103 1398 τὰ
1133 1345 1405 1415 πρόσωπα
1434 1342 1618 1398 αὐτῶν
1643 1343 1873 1413 ἀτιμίας
1893 1359 1906 1373 ·
1937 1342 2034 1397 καὶ

444 1437 744 1509 ζητήσουσι
772 1437 836 1490 τὸ
866 1436 1041 1507 ὄνομά
1066 1454 1188 1503 σου,
1220 1437 1421 1508 Κύριε.
1451 1454 1469 1487 ι
1494 1435 1902 1507 Διαμαρτὸντες
1923 1436 2033 1507 γὰρ

445 1522 521 1582 ὧν
549 1527 858 1599 βούλονται,
894 1528 990 1581 καὶ
1043 1527 1307 1599 αἰσχύνης
1332 1524 1768 1599 ἐμπλησθέντες,
1800 1526 2034 1595 ἐπιγνώ-

447 1621 632 1676 σονταί
666 1638 761 1675 σου
786 1620 886 1691 τὴν
917 1619 1172 1691 δύναμιν.

520 1708 611 1779 ιη’,
641 1709 728 1763 ιθ’.
769 1728 787 1761 t
825 1710 1316 1782 Δίσχυνθήτωσαν,
1359 1715 1456 1765 κα)⁵
1486 1713 1920 1785 ταραχθήτωσαν
1953 1714 2033 1776 είς

447 1802 539 1855 τὸν
593 1802 771 1857 αἰῶνα
834 1801 929 1856 τοῦ
1005 1790 1242 1866 αἰῶνοςὲ
1283 1804 1379 1857 καὶ
1435 1806 1886 1877 ἐντραπήτωσαν,
1938 1806 2035 1860 καὶ

449 1889 866 1945 άπολέσθωσαν.
886 1891 998 1944 Καὶ
1028 1888 1328 1958 γνώτωσαν
1354 1892 1438 1945 ὅτι
1462 1868 1641 1964 ὄνομά
1669 1868 1765 1947 ’σοι
1793 1868 1997 1964 Κύριος
2016 1910 2032 1926 ο
2066 1868 2109 1923 Β

451 1983 516 2035 σὺ
550 1981 979 2051 μόνος”Υψιστος
1013 1981 1108 2034 ἐπὶ
1138 1984 1321 2036 πᾶσαν
1349 1984 1450 2054 τὴν
1464 1986 1587 2056 γῆν.
1630 2006 1649 2037 ›
1696 1985 1903 2054 Ἀγαθὰ
1924 1988 2034 2050 τοῖς

450 2073 669 2143 ἐχθροῖς
704 2071 921 2127 αἰτοῦσι
946 2075 1041 2127 καὶ
1082 2074 1512 2146 πολεμούμενοι.
1554 2077 1881 2131 Ὶκετεύουσι
1924 2077 2033 2150 γὰρ

451 2166 674 2229 αὐτοὺς,
713 2166 838 2219 ἀντὶ
866 2166 965 2235 μὲν
1000 2165 1097 2236 τῆς
1149 2166 1491 2239 θρασύτητος
1526 2170 1761 2241 αἰσχύνῃ
1785 2171 1830 2203 ⁵⁸
1879 2187 2037 2240 περι-

452 2256 727 2327 ϐληθῆναι
754 2276 765 2287 ·
804 2256 893 2310 διὰ
919 2257 975 2310 δέ
1001 2258 1103 2328 τῆς
1132 2258 1400 2330 αἰσχύνης
1430 2261 1476 2292 ⁸⁷
1517 2261 1917 2333 καρπώσασθαι
1938 2263 2036 2332 τὴν

456 2350 608 2404 θείαν
639 2351 942 2421 ἐπίγνωσιν
963 2366 976 2379 '
1020 2352 1238 2422 καὶτῆς
1277 2353 1375 2423 μὲν
1401 2353 1511 2407 τῶν
1554 2354 1788 2408 εἰδώλων
1829 2355 2037 2426 πλάνης

454 2442 860 2512 ἀπαλλαγῆναι,
894 2441 1089 2512 μαθεῖν
1113 2442 1167 2495 δὲ
1201 2446 1269 2512 τῇ
1321 2444 1512 2516 πείρᾳ,
1540 2444 1614 2508 ὼς
1657 2446 1822 2510 αὐτός
1853 2446 1970 2499 ἐστι
1991 2446 2038 2480 ⁸³

457 2537 618 2606 μόνος
651 2535 745 2587 καὶ
776 2533 909 2596 Θεὸς
942 2535 1039 2587 καὶ
1061 2535 1365 2606 Δεσπότης,
1391 2538 1449 2589 ἐν
1487 2537 1713 2608 ὑψηλοῖς
1745 2537 2035 2605 κατοικῶν,

455 2627 550 2680 καὶ
579 2625 651 2678 τὰ
679 2624 917 2678 ταπεινὰ
973 2625 1214 2697 ἐφορῶν,
1246 2627 1342 2681 καὶ
1382 2629 1564 2681 πᾶσαν
1603 2629 1888 2699 κυϐερνῶν
1942 2632 2039 2684 καὶ

461 2719 821 2790 πρυτανεύων
856 2718 901 2752 ⁸9
943 2718 1044 2790 τὴν
1100 2719 1306 2785 κτίσιν,
1367 2719 1448 2792 [⁵ο
1483 2716 1551 2793 ἦς
1603 2720 1702 2793 τὴν
1764 2723 2039 2794 σωτηρίαν

461 2810 962 2882 ἐπραγματεύσατο
988 2813 1016 2865 ὁ
1047 2812 1111 2864 ἐκ
1159 2809 1296 2864 Θεοῦ
1329 2811 1483 2875 Θεὸς,
1524 2814 1552 2865 ὁ
1588 2814 1881 2885 μονογενὴς
1911 2815 2041 2880 Υἰδς

466 2903 598 2975 μετὰ
620 2904 721 2975 τὴν
752 2903 1143 2974 ἀκατάληπτον
1170 2902 1336 2956 αὐτοῦ
1365 2902 1805 2975 ἐνανθρώπησιν.
1834 2904 1852 2978 ]

774 3018 1046 3072 ΕΡΜῙΙΝ.
1095 3017 1233 3072 ΤΟΥ
1263 3016 1368 3072 III"
1408 3019 1731 3074 ΨΑΛΜΟΥ.

532 3141 602 3188 α’.
645 3151 664 3185 t
719 3132 951 3202 ’Υπὲρθί
1002 3132 1111 3185 τῶν
1136 3131 1341 3202 ληνῶν,
1391 3134 1508 3197 τοῖς
1564 3133 1703 3198 υἱοῖς
1750 3134 1982 3206 Κορέ⁶’.
2018 3155 2036 3188 ι

2138 606 2310 671 ditur,
2360 623 2484 663 cum
2523 610 2753 667 arbores
2786 611 3187 667 vehementiori
3233 617 3399 665 vento
3429 609 3731 681 agitantur,

2134 708 2185 753 et
2213 700 2352 754 inter
2382 717 2441 756 se
2464 702 2821 768 colliduntur,
2843 712 2896 758 et
2917 703 3207 759 collisione
3228 710 3430 757 aestum
3462 702 3731 769 efﬁciunt,

2134 799 2188 846 et
2211 792 2473 860 paulatim
2528 792 2762 849 invicem
2802 795 3199 850 accenduntur.
3234 792 3361 848 Pari
3391 795 3604 849 ratione
3627 796 3732 865 igt~

2135 888 2245 950 tur,
2273 895 2331 938 ut
2355 885 2441 939 isti
2477 901 2507 940 a
2537 901 2597 940 se
2625 886 2856 942 invicem
2893 886 3262 957 perimantur,
3286 895 3339 941 et
3373 887 3491 942 suis
3524 887 3731 956 iniqui-

2137 975 2341 1031 tatibus
2378 977 2702 1046 prodantur,
2734 978 3046 1042 obsecrant,
3071 979 3241 1048 ,juxta
3273 977 3729 1033 vaticinationem

2140 1065 2353 1137 1195
2384 1067 2655 1124 dicentem
2700 1088 2714 1124 :
2779 1088 2799 1123 r
2836 1069 3206 1126 Ambulabitis
3248 1069 3306 1124 in
3336 1069 3547 1126 lumine
3585 1069 3729 1141 ignis

2134 1154 2325 1220 vestri,
2360 1165 2416 1212 et
2445 1155 2688 1224 ﬂamma,
2721 1174 2886 1230 quam
2918 1158 3250 1216 accendistis
3275 1168 3320 1213 ι.
3350 1177 3370 1211 ι

2206 1335 2376 1394 Vens.
2421 1339 2511 1394 17.
2567 1359 2585 1391 ι
2620 1339 2791 1410 Imple
2842 1340 3010 1397 facies
3060 1356 3251 1397 eorum
3302 1342 3628 1412 ignominia,
3672 1348 3730 1398 et

2134 1440 2628 1501 quaerentnomen
2686 1443 2874 1500 tuum,
2905 1434 3150 1490 Domine.
3192 1454 3211 1488 ι
3266 1433 3533 1491 Frustrati
3580 1436 3726 1491 enim

2137 1523 2300 1576 rebus
2329 1523 2552 1593 optatis,
2582 1531 2636 1577 et
2663 1522 2964 1593 ignominia
2996 1522 3211 1589 referti,
3241 1532 3395 1577 tuam
3430 1524 3729 1593 potentiam

2135 1623 2455 1683 agnoscent.
3480 1686 3483 1689 η

2211 1705 2371 1761 Vens.
2406 1706 2493 1771 18,
2539 1706 2627 1762 19.
2676 1723 2694 1756 ι
2727 1704 3071 1762 Erubescant
3107 1746 3121 1770 ,
3169 1716 3224 1762 et
3253 1706 3647 1762 conturbentur
3674 1705 3730 1761 in

2135 1799 2395 1854 sarculum
2440 1798 2648 1865 saeculi,
2697 1808 2750 1855 ct
2787 1799 3221 1866 confundantur,
3258 1808 3313 1855 et
3367 1807 3611 1868 pereant.
3663 1792 3732 1855 Et

2136 1900 2472 1961 cognoscant
2521 1900 2573 1947 te
2616 1907 2739 1948 esse
2782 1907 2945 1963 quem
3018 1907 3282 1947 vocamus
3323 1892 3637 1958 Dominum,
3679 1901 3733 1948 te

2137 1984 2316 2040 solum
2345 1983 2690 2038 Altissitnum
2718 1998 2840 2038 esse
2869 1983 2924 2037 in
2959 1984 3109 2037 omni
3143 1993 3307 2038 terra.
3345 2001 3364 2034 ›
3398 1986 3416 2005 ‘
3450 1982 3599 2037 Bona
3625 1983 3731 2038 ini-

2136 2074 2296 2130 micis
2318 2082 2530 2144 petunt,
2561 2074 2662 2128 etsi
2687 2074 2830 2129 bello
2855 2075 3104 2144 appetiti.
3135 2072 3310 2130 Orant
3335 2075 3503 2138 enim,
3537 2084 3595 2129 ut
3625 2076 3731 2146 ipsi

2136 2183 2236 2239 pro
2295 2167 2528 2223 audacia
2584 2166 3151 2238 quidemrignominia
3200 2166 3505 2222 adiciantur
3555 2187 3568 2223 :
3631 2183 3730 2238 per

2078 2312 2083 2317 .
2138 2260 2497 2332 ignominiam
2534 2268 2716 2315 autem
2757 2259 2997 2315 divinam
3024 2259 3393 2329 cognitionem
3426 2267 3726 2330 reportent,

2138 2363 2194 2408 et
2241 2354 2310 2409 ab
2353 2352 2627 2408 idolorum
2670 2365 2856 2407 errore
2896 2351 3055 2406 liberi
3091 2350 3251 2415 fiant,
3286 2350 3731 2420 experientiaque

2142 2446 2359 2503 discant
2400 2446 2581 2516 ipsum
2636 2446 2815 2501 solum
2857 2460 2981 2500 esse
3010 2451 3063 2498 et
3108 2443 3278 2497 Deum
3325 2451 3380 2497 et
3416 2441 3729 2506 Dominum,

2140 2539 2235 2611 qui
2269 2540 2323 2594 in
2346 2540 2576 2595 excelsis
2615 2539 2847 2603 habitat,
2881 2547 2933 2592 et
2966 2536 3196 2592 humilia
3241 2535 3488 2606 respicit,
3524 2542 3733 2589 totum-

2140 2646 2248 2701 que
2279 2631 2468 2686 orbem
2502 2630 2767 2700 gubernat
2806 2639 2860 2684 et
2918 2628 3233 2683 moderatur
3278 2627 3461 2700 [cujus
3498 2628 3732 2684 salutem

2141 2721 2322 2778 eﬂ'ecit
2371 2721 2514 2778 Deus
2560 2737 2624 2776 ex
2676 2719 2811 2786 Deo,
2856 2720 3171 2791 unigenitus
3202 2718 3396 2784 Filius,
3441 2727 3732 2788 postquam

2142 2817 2308 2870 modo
2372 2830 2533 2885 quem
2579 2829 2689 2867 non
2736 2813 2872 2868 satis
2906 2812 3369 2881 comprehendere
3412 2824 3731 2881 possumus,

2144 2906 2309 2962 homo
2345 2917 2427 2963 cst
2460 2903 2686 2977 factus].

2477 3014 2750 3070 INTERP.
2808 3014 3065 3071 PSALMI
3115 3013 3404 3069 LXXXIII.

2215 3123 2379 3181 Vens.
2412 3126 2464 3179 I.
2515 3144 2533 3177 ι
2570 3123 2675 3179 Pro
2731 3123 3114 3189 torcularibus,
3149 3122 3277 3177 ﬁliis
3320 3123 3479 3177 Core.
3511 3142 3531 3176 ι
3580 3120 3736 3178 Psal-

460 3219 636 3288 Διπλῆ
661 3216 758 3271 τοῦ
783 3215 1006 3286 ψαλμοῦ
1041 3215 1075 3285 ή
1129 3216 1479 3287 προφητεία.
1520 3218 1897 3290 Προαγορεύει
1933 3219 2042 3291 γὰρ

2148 3232 2274 3273 mus
2326 3216 2601 3288 geminam
2662 3215 3115 3271 vaticinationem
3172 3215 3433 3270 continet.
3485 3214 3737 3270 Praedicit

457 3310 522 3364 οὐ
565 3310 726 3380 μόνον
783 3308 883 3378 τὴν
916 3308 966 3341 ⁸⁸
1026 3306 1298 3362 Ἰουδαίων
1330 3308 1633 3379 ἀνάκλησιν
1658 3308 1726 3375 ⁸⁸⁸,
1777 3310 1917 3365 ἀλλὰ
1948 3312 2046 3366 καὶ

458 3402 559 3472 τῆς
592 3401 922 3473 οἰκουμένης
966 3400 1193 3471 ἁπάσης
1224 3400 1326 3473 τὴν
1363 3403 1656 3473 σωτηρίαν.
1695 3404 1937 3472 Ληνοὺς
1962 3405 2042 3471 δὲ,

458 3493 536 3558 ὡς
566 3494 661 3547 καὶ
691 3493 794 3564 ἤδη
827 3495 1263 3566 προειρήκαμεν,
1295 3494 1394 3558 τὰς
1433 3494 1763 3566 Ἐκκλησίας
1796 3494 1955 3550 καλεῖ
1975 3495 2043 3552 ⁸⁵.

473 3584 563 3638 Ἐν
596 3582 825 3647 ταύταις
846 3585 955 3655 γὰρ
1001 3586 1098 3638 καί⁵
1131 3586 1160 3638 ὁ
1207 3586 1584 3656 πνευματικὸς
1630 3586 1897 3658 ἀμπελὼν
1954 3588 2046 3641 τὸν

462 3677 662 3730 οἰκεῖον
708 3675 1014 3747 προσφέρει
1045 3675 1263 3748 καρπὸν
1290 3676 1359 3741 ⁸⁸,
1408 3678 1504 3730 καὶ
1552 3677 1647 3732 τὸν
1674 3679 1948 3749 σωτήριον
1999 3677 2043 3710 ⁸⁷

462 3763 962 3836 κατασκευάζομεν
991 3761 1156 3833 οἶνον,
1188 3766 1278 3820 τὸν
1310 3765 1528 3836 άληθῶς
1549 3766 1915 3837 εὐφραίνοντα
1937 3767 2047 3823 τῶν

465 3857 921 3912 πεπιστευκότων
941 3858 985 3891 ⁸⁸
1019 3858 1119 3923 τὰς
1138 3858 1387 3930 καρδίας.

538 3949 605 4019 β’,
635 3955 706 4017 γ’.
743 3968 762 4001 ι
811 3949 900 4015 Ὧς
938 3951 1205 4022 ἀγαπητὰ
1231 3950 1304 4005 τὰ
1344 3950 1691 4023 σκηνώματά
1717 3969 1837 4019 σου,
1870 3952 2047 4024 Κύριε

464 4039 575 4093 τῶν
604 4038 913 4110 δυνάμεων.
964 4039 1270 4107 Ἐπιποθεῖ,
1311 4043 1407 4095 καὶ
1432 4040 1678 4095 ἐκλείπει
1707 4045 1742 4113 ἡ
1766 4042 1914 4114 ψυχή
1946 4059 2048 4113 μου

469 4132 551 4185 εἰς
580 4130 681 4194 τὰς
710 4130 879 4196 αὐλὰς
901 4131 997 4187 τοῦ
1037 4133 1270 4204 Κυρίου.
1311 4152 1331 4185 ι
1362 4133 1549 4187 Ταῦτα
1581 4134 1676 4188 καὶ
1697 4135 1746 4186 οἰ
1783 4135 1840 4186 ἐν
1873 4135 2053 4187 Βαϐυ-

467 4218 601 4274 λῶνι
647 4220 931 4290 διάγοντες
967 4223 1331 4297 ἐδιδάχθησαν
1387 4225 1592 4294 λέγειν,
1641 4225 1731 4280 ἵνα
1768 4224 2049 4297 ποθήσωσι

467 4313 568 4383 τὴν
610 4314 890 4379 ἐπάνοδον,
940 4316 1036 4370 καὶ
1067 4317 1169 4387 τῆς
1215 4317 1359 4372 κατὰ
1412 4317 1577 4389 νόμον
1618 4317 1921 4390 ὀρεχθῶσιν
1955 4312 2052 4371 λα-

467 4405 680 4476 τρείας.
716 4407 829 4461 Καὶ
865 4408 1052 4478 μέντοι
1089 4410 1185 4463 καὶ
1225 4411 1388 4481 ἡμεῖς
1414 4411 1481 4476 ⁸³,
1533 4412 1581 4464 οἰ
1629 4410 1735 4480 τῆς
1777 4410 2054 4482 σωτηρίας

470 4500 838 4570 τετυχηκότες
863 4501 934 4568 ⁷ο,
962 4503 1151 4556 καὶέκ
1179 4502 1291 4557 τῶν
1345 4502 1507 4558 θείων
1549 4503 1734 4575 σηκῶν
1774 4504 1875 4576 τὴν
1905 4502 2052 4573 ὠφέ-

469 4590 623 4645 λειαν
670 4593 893 4664 καρπού
920 4610 1073 4665 μενοι
1111 4595 1181 4649 ⁷³.
1216 4596 1596 4667 Δισφερόντως
1636 4597 1695 4651 δὲ
1749 4598 1881 4669 ἡμῖν
1905 4599 1951 4630 ⁷³
2017 4599 2052 4669 ἡ

473 4685 785 4754 προφητεία
818 4690 1117 4758 προσήκει.
1152 4689 1338 4744 Πολλὰ
1365 4691 1476 4761 γὰρ
1525 4689 1747 4745 ἔσεσθαι
1796 4691 2056 4764 προλέγει

474 4772 839 4845 σκηνώματα,
859 4777 957 4833 καὶ
981 4778 1189 4843 πολλὰς
1209 4779 1464 4851 ὀνομάζει
1483 4780 1702 4849 ληνοὺς,
1762 4781 1855 4834 καὶ
1879 4782 2061 4836 θυσια-

2150 3309 2297 3364 enim
2346 3323 2456 3363 non
2501 3307 2666 3363 modo
2710 3307 3026 3363 Iudaeorum
3080 3307 3509 3371 revocationem,
3548 3320 3776 3378 verum.

2146 3403 2313 3458 etiam
2355 3401 2523 3456 totius
2561 3400 2710 3455 orbis
2761 3399 3015 3454 salutem.
3062 3397 3385 3452 Torcularia
3433 3405 3640 3458 autem,
3680 3404 3741 3451 ut

2145 3492 2258 3563 jam
2294 3506 2459 3561 supra
2486 3490 2748 3554 diximus,
2779 3488 3039 3544 ecclesias
3070 3489 3330 3559 appellat.
3367 3487 3424 3542 In
3471 3487 3555 3543 his
3591 3487 3736 3541 enim

2149 3585 2452 3655 spiritualis
2484 3583 2639 3638 vinea
2672 3583 2952 3653 proprium
2982 3581 3086 3635 fert
3126 3581 3394 3647 fructum,
3417 3588 3473 3635 et
3502 3579 3742 3633 salutare

2154 3675 2372 3746 1196
2398 3675 2722 3731 conﬁcimus
2744 3674 2953 3739 vinum,
2975 3674 3121 3742 quod
3151 3672 3400 3728 fidelium
3423 3669 3590 3726 corda
3613 3684 3741 3726 vere

2147 3768 2407 3822 laetiﬁcat.

2222 3940 2392 3997 Vens.
2430 3943 2487 4006 2,
2541 3939 2597 3993 5.
2658 3955 2676 3989 ι
2733 3936 2912 4004 Quam
2971 3936 3168 3991 dilecta
3236 3932 3591 3989 tabernacula
3621 3939 3739 3999 tua,

2149 4035 2383 4092 Domine
2427 4034 2716 4087 virtutum.
2766 4029 3160 4099 Concupiscit,
3220 4036 3275 4083 et
3320 4025 3504 4081 deficit
3558 4024 3743 4079 anima

2151 4142 2273 4183 mea
2313 4126 2588 4183 desiderio
2628 4123 2895 4179 atriorum
2943 4120 3185 4176 Domini.
3224 4137 3244 4170 ι
3298 4117 3423 4173 Haec
3465 4127 3520 4173 et
3556 4118 3615 4182 ii,
3648 4115 3747 4186 qui

2151 4218 2429 4290 Babylone
2464 4215 2751 4286 degebant,
2795 4213 2941 4270 docti
2974 4219 3105 4268 sunt
3148 4210 3353 4275 dicere,
3404 4217 3465 4264 ut
3504 4207 3741 4264 reditum

2153 4317 2497 4382 exoptarent,
2536 4316 2591 4363 et
2620 4309 2828 4363 cultum
2858 4305 3161 4361 secundum
3193 4303 3368 4373 legem
3397 4310 3740 4373 expeterent.

2154 4402 2333 4473 Atque
2356 4400 2517 4457 etiam
2546 4414 2650 4456 nos
2697 4398 3028 4457 instruimur
3064 4397 3256 4451 eadem
3299 4396 3499 4461 dicere,
3532 4395 3627 4464 qui
3654 4408 3746 4449 sa-

2158 4496 2326 4553 lutem
2355 4494 2642 4552 consecuti
2676 4506 2890 4559 sumus,
2933 4501 2988 4547 et
3014 4506 3081 4546 ex
3108 4490 3310 4546 divinis
3342 4488 3608 4543 altaribus
3639 4486 3742 4541 uti-

2160 4590 2368 4646 litatem
2407 4587 2757 4657 percipimus.
2794 4583 2966 4639 Nobis
3005 4596 3138 4638 vero
3178 4579 3451 4651 praecipue
3480 4578 3747 4634 vaticina-

2164 4684 2241 4740 tio
2269 4683 2546 4740 convenit.
2578 4680 2745 4735 lllulta
2771 4680 2917 4734 enim
2952 4676 3305 4733 tabernacula
3329 4673 3446 4730 fore
3476 4674 3744 4744 praecinit,

2164 4786 2217 4833 et
2247 4777 2415 4831 multa
2442 4773 2691 4829 nominat
2723 4770 3042 4835 toreularia,
3071 4777 3127 4824 et
3159 4768 3353 4823 altaria
3377 4767 3546 4821 multa
3590 4764 3746 4820 simi-

476 4865 719 4935 στηρίων
755 4866 1026 4937 ὡσαύτως
1079 4871 1414 4943 μνημονεύει
1448 4872 1682 4927 πολλῶν.
1729 4873 1969 4928 Ἰουδαῖοι
2005 4873 2045 4927 δί

2164 4870 2289 4924 liter
2332 4871 2746 4923 commemorat.
2795 4861 2969 4918 Judaei
3022 4868 3206 4915 autem
3255 4874 3422 4914 unum
3476 4857 3750 4911 habebant

456 4952 574 5043 ,ἕνα
620 4950 767 5027 εῐχον
809 4959 974 5029 νεὼν,
1029 4964 1128 5017 καὶ
1192 4961 1253 5017 ἓν
1311 4963 1517 5036 ὁμοίως
1538 4964 1608 5036 "ﬂ
1654 4963 2063 5036 θυσιαστήριον.

556 5164 579 5193 ²
610 5154 714 5213 Isa.
746 5175 798 5225 ι,
833 5160 921 5216 Il.

2167 4959 2451 5030 templum,
2499 4966 2555 5013 et
2587 4971 2760 5013 unum
2797 4953 3052 5010 similiter
3084 4953 3278 5008 altare.
3322 4951 3547 5023 Singula
3583 4962 3748 5020 porro

1594 5305 1827 5362 νΑιιιλΕ
1857 5300 2246 5360 LECTIONES
2284 5298 2376 5354 ET
2416 5297 2650 5356 NOTIE.

693 5417 816 5472 cod.
850 5488 862 5491 _
891 5427 1120 5491 uterque
1190 5417 1567 5491 συνταράξεις.

1697 5419 1742 5450 ⁵⁸
1780 5417 1901 5474 cod.
1942 5416 1977 5470 ἓ
2026 5415 2355 5485 αὐτόματος.

2460 5412 2507 5445 ⁸⁸
2561 5413 2836 5483 Αίσχύνῃ
2866 5441 2936 5455 --
2963 5412 3032 5465 δὲ
3083 5409 3212 5483 τῆς.
3245 5401 3633 5483 ὒεεεξη-ἰιοόἶ

557 5484 740 5558 ᾼίίῖκε
767 5488 886 5543 cod.
921 5488 956 5541 2
986 5473 1173 5558 ptirent.
1201 5491 1315 5545 καί.
1365 5473 1667 5544 ’⁸³’Ἰξστα
1710 5473 1875 5543 Abest
1905 5503 1933 5541 a
1964 5502 2045 5558 cot

2143 5473 2177 5538 ιζ
2220 5473 2586 5558 ΔξθίΠρυταν.
2620 5473 2748 5558 cod.
2786 5473 3273 5558 Ε’πραγματεύων.
3315 5555 3322 5558 _
3361 5476 3415 5557 ,η
3459 5474 3503 5558 ΔΕ
3536 5474 3657 5558 cod.

486 5551 546 5626 ξ’.
594 5551 797 5624 Ὑέέέρ.
862 5558 918 5611 In
957 5551 1102 5615 textu
1174 5561 1284 5613 τῶν
1345 5565 1402 5614 tl'
1453 5575 1614 5626 przec.
1684 5559 1774 5621 Ei;
1829 5559 1889 5611 τὸ
1941 5557 2114 5620 τέλος.

2218 5554 2263 5587 ⁶²
2314 5542 2482 5620 Κὸρέ.
2540 5552 2664 5608 cod.
2729 5555 2750 5608 1
2819 5542 3241 5621 θόίίίίψαλμὸς,
3271 5555 3327 5621 ut
3361 5546 3413 5599 in
3456 5552 3602 5621 texltt
3643 5542 3754 5621 τῶν

603 5627 702 5698 _°’_
725 5613 859 5696 Ῠήν.
892 5632 1012 5684 cod.
1042 5613 1077 5683 2
1104 5629 1233 5686 τῶν.
1311 5613 1366 5663 ⁸⁵7
1393 5613 1623 5684 Ἀᾶνὰκλ.
1654 5613 1776 5682 ροόί
1803 5628 1839 5682 2
1866 5643 2051 5698 prtem.
2072 5613 2205 5696 τήν.
2281 5623 2325 5655 ⁸⁸
2358 5613 2711 5698 (iugalem,
2806 5623 2973 5698 δηλοῖ.
3021 5613 3384 5698 Rubner:
3419 5614 3586 5698 codd
3623 5613 3748 5698 add:

593 5692 713 5765 Θεῷ
747 5690 839 5751 καὶ
874 5700 1110 5769 Σωτῆρι.

1206 5702 1249 5731 “⁷
1280 5705 1425 5755 Σωτ.
1457 5701 1581 5754 cod.
1625 5701 1650 5753 1
1690 5693 1879 5752 θεῖον.’
1930 5698 1974 5729 ⁸³
1992 5693 2417 5765 Hsur'at._cod._
2449 5696 2471 5747 l
2508 5696 2631 5765 add.
2669 5694 2988 5765 ἀνθρώπων.

3065 5692 3109 5723 θ’
3140 5685 3259 5743 cod.
3290 5689 3325 5740 2
3356 5689 3507 5756 ἡμῖν,
3540 5685 3753 5756 omisso

492 5750 565 5813 of.
643 5751 696 5798 νιί
720 5750 884 5825 cm
916 5750 1392 5843 ξετῧῇᾐκόσιῖῖί
1414 5750 1556 5827 ξόἁῖ
1570 5750 1611 5824 ἐ
1630 5750 2039 5842 adpetant...

2143 5766 2181 5795 ⁷⁵
2211 5762 2283 5817 Δὲ
2315 5763 2478 5834 ἡμῖν.
2511 5763 2631 5821 Des.
2657 5766 2712 5821 in
2748 5750 2868 5820 c'od.
2909 5761 2963 5816 2.
3040 5761 3087 5794 ⁷³
3127 5750 3410 5830 Ὁμοίως.-
3431 5756 3550 5813 cod.
3580 5754 3616 5808 ‘2
3651 5750 3749 5823 μό-

493 5855 602 5893 νον.
