4114 6418
445 338 587 403 1645

1761 338 1840 397 I.\'
1876 338 2080 399 PSAL.
2108 338 2271 400 XCV.

3572 338 3708 404 1646

441 447 827 514 ἐπανελθοῦσι,
868 450 963 502 καὶ
1010 448 1101 502 τὸν
1135 447 1279 501 θεῖον
1307 448 1658 519 δειμαμένοις
1703 450 1840 502 νεὼν
1866 450 1900 519 ἡ
1930 448 2025 502 τοῦ

2131 452 2290 506 etiam
2338 449 2424 505 his
2479 449 2573 520 qui
2613 463 2643 504 e
2688 447 2963 520 Babylone
2995 447 3198 503 reversi
3248 446 3404 505 fuere
3428 448 3707 505 divinum-

441 543 774 612 γράμματος
806 540 1101 608 ἐπιφάνεια
1127 556 1140 570 ·
1193 542 1496 611 ἐπειδήπερ
1525 542 1583 593 ἐν
1616 541 1802 603 αὐτοῖς
1834 542 2024 594 ἐσκια-

439 630 708 701 γραφήθη
758 630 976 683 πάντων
1017 630 1320 700 ἀνθρώπων
1352 633 1385 703 η
1418 631 1682 702 σωτηρία.
1714 630 2023 701 Προθεσπί-

439 725 526 789 ζει
552 724 609 777 δὲ
641 723 793 793 ὅμως
821 723 854 792 ή
886 724 1194 793 προφητεία
1232 726 1326 776 καὶ
1356 722 1455 794 τὴν
1485 725 1781 794 προτέραν,
1815 724 1908 776 καὶ
1928 723 2025 791 τὴν

439 814 701 882 δευτέραν
751 811 847 865 τοῦ
898 812 1036 865 Θεοῦ
1065 815 1160 866 καὶ
1197 815 1449 884 Σωτῆρος
1493 813 1652 885 ὴμῶν
1679 814 2021 880 ἐπιψάνειαν,

441 908 538 961 καὶ
579 906 677 978 τὴν
725 905 993 975 ἐσομένην
1041 906 1246 976 κρίσιν,
1294 908 1390 959 καὶ
1434 906 1534 977 τὴν
1587 906 2025 979 παρασχεθεῖσαν

430 999 534 1071 ήδη
564 1001 680 1060 τοῖς
702 997 882 1050 ἔθνεσι
908 997 1182 1067 σωτηρίαν
1198 999 1265 1051 ’³.

518 1110 538 1141 ι
566 1089 769 1160 ’ᾼσατε
792 1087 870 1158 τῷ
895 1089 1086 1160 Κυρίῳ
1131 1085 1283 1160 ᾆσμα
1340 1090 1548 1143 καινόν.
1600 1109 1617 1141 ι
1661 1090 1786 1142 Ἐπὶ
1816 1093 2025 1154 καινοῖς

437 1184 551 1249 γὰρ
583 1181 899 1250 πράγμασι,
955 1181 1149 1249 καινῆς
1181 1179 1340 1251 χρεία
1389 1181 1484 1234 καὶ
1532 1181 1630 1251 τῆς
1687 1179 2023 1251 ¹ὑμνῳδίας.

446 1293 466 1322 ι
496 1274 701 1344 ᾋσατε
722 1271 799 1341 τῷ
816 1271 1006 1340 Κυρίῳ
1022 1273 1174 1325 πᾶσα
1190 1274 1224 1341 ἠ
1248 1273 1341 1341 γῆ.
1366 1291 1385 1323 ι
1411 1272 1536 1335 Πῶς
1549 1272 1724 1327 ταῦτα
1752 1272 2026 1335 Ἰουδαίοις

438 1364 707 1434 ἁρμόττει
724 1363 876 1433 παρά
894 1365 1116 1417 πάντων
1135 1363 1564 1434 πολεμουμένοις
1584 1364 1679 1418 ἀνθ
1687 1363 1887 1435 ρώπων
1916 1364 2025 1429 ;Ού

437 1456 555 1525 γὰρ
604 1453 854 1525 ἥσθησαν
902 1454 951 1506 οἱ
986 1454 1084 1522 τὴν
1133 1453 1360 1507 ἐκείνων
1412 1452 1616 1518 ἰδόντες
1665 1453 1981 1524 ἐλευθερίαν
2009 1468 2022 1484 ⁸

439 1548 581 1601 ἀλλὰ
597 1546 909 1601 τούναντίον
932 1545 1303 1615 ἠχθέσθησαν,
1326 1547 1420 1598 καὶ
1441 1545 1808 1610 παντοδαποῖς
1830 1546 2026 1609 αὐτοὺς

439 1640 635 1700 κακοῖς
664 1636 981 1708 περιϐαλεῖν
1011 1636 1410 1707 ἐπειράθησαν.
1449 1636 1510 1689 '0
1566 1637 1624 1690 δέ
1685 1637 2026 1708 προφητικὸς

436 1730 603 1796 λόγος
625 1731 807 1783 πᾶσαν
844 1730 942 1800 τὴν
974 1729 1303 1798 οἰκουμένην
1342 1731 1424 1793 είς
1480 1729 1701 1802 χορείαν
1743 1732 1763 1761 ⁸
1793 1729 1950 1782 καλεῖ
1980 1731 2021 1785 ³.

2127 556 2234 610 que
2284 542 2545 610 templum
2589 555 2834 604 erexere,
2881 540 3146 609 quoniam
3199 541 3251 594 in
3297 540 3430 610 ipsis
3459 542 3706 596 omnium

2128 631 2412 687 hominum
2465 632 2615 688 salus
2667 632 2989 686 adumbrata
3042 629 3165 686 fuit.
3221 630 3476 687 Pratcinit
3522 640 3707 689 tamen

2127 725 2442 779 vaticinatio
2473 734 2528 779 et
2556 724 2793 795 primum
2833 733 2887 779 et
2916 723 3219 780 secundum
3248 725 3340 779 Dei
3371 735 3425 780 et
3450 724 3705 781 Salvato-

2128 814 2205 869 ris
2230 815 2247 835 ⁶
2277 815 2451 870 nostri
2488 816 2804 880 adventum,
2839 825 2893 871 et
2926 814 3169 870 futurum
3206 816 3497 888 judicium,
3527 826 3582 873 et
3613 832 3706 873 sa-

2129 904 2297 959 lutem
2341 906 2598 975 gentibus
2626 905 2739 976 jam
2778 908 3067 962 indultam.

2201 1081 2363 1137 Vens.
2403 1084 2454 1137 1.
2506 1102 2524 1135 ι
2582 1083 2813 1140 Cantate
2839 1084 3066 1141 Domino
3120 1087 3393 1142 canticum
3423 1103 3648 1145 novum.
3680 1105 3700 1139 ι

2129 1167 2212 1227 01)
2242 1187 2415 1229 novas
2450 1175 2597 1230 enim
2629 1192 2719 1232 res
2747 1190 2886 1231 nova
2912 1177 3239 1249 hymnorum
3267 1179 3540 1235 cantilena
3571 1193 3712 1247 opus

2126 1269 2231 1315 est.
2272 1282 2291 1314 ι
2339 1265 2565 1322 Cantate
2614 1269 2867 1326 Domino.
2916 1270 3094 1324 omnis
3133 1280 3302 1325 terra.
3357 1291 3374 1322 ι
3428 1272 3715 1337 Quomodo

2130 1350 2246 1406 base
2277 1347 2502 1415 Judaeis,
2533 1351 2625 1419 qui
2652 1351 2721 1405 ab
2768 1351 3023 1406 omnibus
3049 1365 3457 1421 oppugnantur,
3504 1368 3705 1409 convc-

2130 1442 2329 1496 niunt?
2350 1440 2469 1496 Non
2486 1443 2629 1496 enim
2650 1442 2815 1497 laetati
2836 1452 2962 1498 sunt
2989 1443 3027 1496 ii
3045 1443 3136 1511 qui
3166 1443 3379 1496 illorum
3398 1444 3703 1501 libertatem

2129 1533 2386 1587 viderunt
2420 1552 2432 1587 :
2465 1533 2557 1587 sed
2585 1541 2775 1588 contra
2806 1533 3125 1601 doluerunt,
3178 1543 3233 1587 et
3265 1534 3444 1588 omnis
3491 1537 3706 1603 generis

2133 1624 2296 1678 malis
2327 1624 2476 1693 ipsos
2531 1622 2745 1678 allicere
2777 1624 2959 1679 conati
2988 1632 3139 1678 sunt.
3172 1622 3538 1694 Propheticus
3577 1641 3708 1680 vero

2131 1729 2312 1770 sermo
2357 1722 2532 1769 totum
2563 1724 2831 1769 terrarum
2867 1715 3053 1769 orbem
3102 1715 3155 1768 in
3214 1715 3475 1769 choream
3529 1727 3706 1772 vocat.

518 1817 581 1888 β’.
630 1835 649 1868 ι
678 1817 883 1888 ’ᾼσατε
912 1817 991 1888 τῷ
1024 1818 1237 1889 Κυρίῳ,
1271 1819 1608 1888 εύλογήσατε
1629 1820 1691 1873 τὸ
1725 1820 1894 1890 ὄνομα
1923 1820 2022 1873 αύ-

2209 1806 2368 1860 Vnns.
2400 1806 2457 1860 2.
2491 1824 2510 1857 ι
2543 1804 2774 1860 Cantaie
2800 1806 3014 1875 1290
3035 1805 3288 1871 Domino,
3319 1816 3372 1861 et
3404 1807 3710 1863 benedicite

438 1911 538 1964 τοῦ
570 1910 593 1943 ’⁵
631 1908 1054 1978 εὐαγγελίζεσθε
1086 1908 1301 1980 ἡμέραν
1341 1907 1401 1973 ἐξ
1426 1909 1642 1979 ἡμέρας
1668 1909 1728 1963 τὸ
1762 1911 2029 1981 σωτήριον

438 1999 635 2055 αἰτοῦ.
675 2021 694 2052 ι
738 2002 876 2057 Καθ’
900 2003 921 2035 ⁸
952 2001 1212 2070 ἑκάστην,
1243 2000 1429 2070 φησιν,
1453 2002 1473 2032 ⁵
1496 2002 1713 2072 ἡμέραν
1746 2002 2029 2072 ἐξηγεῖσθε

438 2092 542 2162 τὴν
583 2091 960 2162 γεγενημένην
985 2091 1327 2162 εὐεργεσίαν.
1360 2086 1498 2144 Εἶτα
1526 2090 1766 2148 διδάσκει
1799 2092 1893 2145 καί
1920 2108 2030 2145 τισι

439 2183 551 2255 χρὴ
580 2185 972 2254 προσενεγκεῖν
1001 2183 1101 2254 τὴν
1127 2183 1385 2253 τοιαύτην
1416 2183 1710 2253 ὑφήγησιν.

515 2272 585 2344 γ’.
625 2294 645 2326 ε
668 2274 1052 2344 Ἀναγγείλατε
1081 2276 1143 2327 ἐν
1171 2278 1285 2338 τοῖς
1315 2274 1493 2328 ἔθνεσι
1514 2274 1613 2346 τὴν
1635 2275 1795 2341 δόξαν
1822 2273 1988 2329 αὑτοῦ
2014 2292 2029 2307 ο

442 2370 505 2421 ἐν
556 2368 692 2420 πᾶσι
734 2365 886 2430 λαοῖς
926 2367 945 2399 ⁷
976 2366 1046 2420 τὰ
1097 2365 1381 2436 θαυμάσια
1427 2366 1615 2420 αὐτοῦ.
1671 2385 1691 2419 ι
1736 2367 1852 2420 Πᾶν
1876 2366 2029 2434 γένος

439 2458 543 2514 ἀνθ
552 2458 750 2528 ρώπων
769 2458 871 2527 τῆς
900 2457 1158 2529 τοιαύτης
1178 2457 1536 2522 διδασκαλίας
1556 2457 1901 2523 άπολαυέτω,
1936 2458 2032 2512 καὶ

437 2548 542 2612 τὰς
571 2546 725 2611 θείας
755 2548 1074 2618 μανθανέτω
1104 2548 1552 2619 θαυματουργίας
1583 2548 1627 2602 ⁸.

513 2636 580 2691 δ’.
634 2634 763 2692 Ὀτι
804 2637 982 2707 μέγας
1010 2636 1243 2708 Κύριος,
1274 2639 1367 2692 καὶ
1400 2638 1612 2702 αίνετὸς
1646 2635 1857 2709 σφόδρα
1890 2653 1904 2669 ·
1935 2654 2031 2708 φο-

439 2725 605 2798 ϐερός
649 2726 801 2779 ἐστιν
846 2726 941 2777 ἐπὶ
967 2728 988 2758 ³
1041 2726 1254 2788 πάντας
1298 2727 1428 2789 τοὺς
1474 2725 1652 2791 θεούς.
1691 2745 1711 2779 ι
1752 2728 2031 2798 -Ἂρρητον

443 2820 554 2887 7&9
578 2816 694 2888 εχει
722 2816 783 2870 τὸ
814 2816 1045 2887 μέγεθος
1073 2816 1184 2870 τῶν
1212 2817 1351 2870 ὅλων
1374 2819 1403 2871 ὁ
1429 2816 1632 2889 Κύριος
1666 2819 1731 2883 ³⁸,
1766 2819 1861 2871 καὶ
1892 2819 2032 2874 κατὰ

444 2909 552 2963 τῶν
602 2908 976 2979 ψευδωνύμων
1023 2907 1163 2961 θεῶν
1199 2907 1299 2980 τὴν
1339 2908 1547 2963 οίκείαν
1574 2908 1744 2974 ἔδειξε
1775 2909 2026 2982 δύναμιν,

442 3000 546 3056 καὶ
572 3002 672 3072 τὴν
710 3000 937 3056 ἐκείνων
965 3001 1183 3071 ἀπάτην
1214 3000 1472 3072 ἐξήλεγξε
1504 3003 1567 3055 ⁸⁸.
1602 2999 1775 3056 Τοῦτο
1803 3002 1914 3073 7&9
1941 3002 2030 3056 διὰ

440 3091 556 3146 τῶν
578 3090 943 3161 ἐπαγομένων
970 3090 1260 3161 ἐδήλωσεν.

513 3275 580 3323 ε’.
641 3286 661 3321 ι
698 3269 823 3322 Ὀτι
854 3268 1058 3331 πάντες
1087 3269 1138 3321 oi
1169 3266 1283 3321 θεοὶ⁹
1312 3266 1420 3321 τῶν
1454 3267 1623 3321 ἐθνῶν
1680 3270 1956 3352 δαιμόνια,
1981 3270 2025 3301 ¹²

436 3361 471 3414 ὁ
504 3360 563 3414 δὲ
590 3361 801 3431 Κύριος
826 3360 956 3423 τοὺς
992 3359 1257 3430 οὐρανοὺς
1285 3359 1565 3431 ἐποίησεν.
1605 3378 1625 3411 ο
1656 3359 1734 3431 [¹⁸
1756 3361 1893 3432 Περὶ
1916 3362 2028 3433 γὰρ

438 3452 612 3509 αὑτοῦ
638 3452 735 3506 καὶ
790 3454 819 3505 ό
865 3452 1138 3523 μακάριος
1189 3450 1408 3515 Παῦλος
1459 3452 1660 3521 φάσκει
1688 3469 1703 3484 ο
1746 3471 1766 3504 ι
1812 3453 1878 3506 Εἰ
1920 3453 2027 3524 7&9

438 3546 714 3614 ἔγνωσαν,
744 3543 845 3596 οὐκ
871 3543 1034 3596 αὐτὸν
1067 3542 1277 3613 Κύριον
1295 3542 1393 3613 τῆς
1414 3542 1572 3612 δόξης
1589 3542 1750 3596 ἐσταύ
1760 3560 1960 3613 ρωσαν.
1975 3543 2024 3616 ι]

438 3641 511 3694 οι
562 3637 663 3709 μὲν
692 3637 800 3708 γὰρ
829 3634 1155 3706 καλούμενοι
1192 3635 1306 3688 θεοὶ
1346 3635 1602 3704 δαίμονες
1630 3634 1893 3707 ὤφθησαν
1923 3653 2025 3690 πο-

437 3728 605 3800 νηροί
627 3744 642 3759 ·
701 3729 731 3780 ὁ
766 3727 824 3780 δὲ
875 3725 1150 3797 ἡμέτερος
1179 3724 1226 3758 ¹⁸
1250 3726 1360 3778 τῶν
1387 3724 1636 3797 οὐρανῶν
1662 3728 1895 3798 ποιητὴς
1919 3728 2026 3781 άπ-

438 3819 679 3892 εφάνθη.
730 3819 801 3891 [⁸⁸
840 3818 964 3872 Ἐπὶ
996 3818 1104 3889 7&9
1127 3816 1222 3870 τοῦ
1250 3816 1500 3870 ἑκουσίου
1530 3816 1737 3880 πάθους
1768 3818 1831 3871 οὐ
1863 3819 2024 3887 μόνον

436 3915 597 3986 ἥλιος
623 3911 914 3982 ἐσκοτίσθη
946 3913 1043 3966 καὶ
1073 3909 1272 3981 πέτραι
1300 3908 1690 3981 διερράγησαν,
1717 3910 1813 3962 καὶ
1840 3909 1901 3963 τὸ
1927 3909 2037 3971 τοῦ,

440 4004 572 4060 ναοῦ
633 4003 1037 4071 καταπέτασμα
1085 3999 1435 4070 κατεσχίζετο
1462 4015 1476 4030 ·
1508 3998 1643 4052 ἀλλὰ
1693 4000 1790 4053 καὶ
1831 4001 1881 4052 οί
1915 3999 2022 4053 τῶν

438 4096 692 4169 οὐρανῶν
739 4095 1001 4164 δυνάμεις
1032 4092 1374 4155 ἐσαλεύοντο,
1416 4092 1511 4144 καὶ
1538 4092 1818 4163 συντόμως
1848 4092 2022 4150 είπεῖν

438 4189 506 4242 τὸ
543 4188 652 4243 πᾶν
697 4185 1043 4257 άνυπαρξίαν
1091 4183 1308 4253 ἠπείλει
1342 4182 1537 4252 βλέπον
1565 4183 1655 4235 τὸν
1689 4182 1926 4254 φέροντα
1953 4183 2023 4239 τά

438 4277 626 4333 πάντα.
656 4276 749 4330 ἐπὶ
779 4274 1019 4345 σταυροῦ
1047 4273 1414 4345 κρεμάμενον.
1438 4272 1457 4345 ]

518 4366 596 4434 ς’.
641 4387 661 4420 ι
710 4366 1134 4438 Ἑξομολόγησις
1161 4366 1205 4397 ⁸⁸
1249 4366 1344 4421 καὶ
1373 4366 1643 4438 ὡραιότης
1667 4366 1898 4424 ἐνώπιον
1919 4373 2017 4426 αύ-

439 4460 561 4525 τοῦ,
602 4460 888 4530 άγιωσύνη
926 4459 1021 4511 καὶ
1058 4458 1591 4535 μεγαλοπρέπειαὲἐν
1620 4460 1695 4531 τῷ
1720 4463 2022 4535 ἁγιάσματι

442 4552 635 4608 αὑτοῦ.
680 4570 699 4604 ι
745 4552 855 4604 Καὶ
895 4550 938 4582 ¹⁷
970 4549 1080 4619 7&9
1118 4548 1464 4620 ἀνθρωπείαν
1509 4533 1671 4618 φύσιν
1714 4533 2019 4621 ἀναλαϐὼν,

442 4645 545 4702 καὶ
581 4643 671 4699 διὰ
717 4643 920 4715 ταύτης
973 4644 1086 4706 τοῖς
1128 4639 1437 4711 ἀνθρώποις
1467 4644 1772 4712 ἐπιφανεὶς,
1802 4646 1898 4710 τὰς
1927 4652 2023 4720 τῆς

437 4735 651 4799 οἰκείας
726 4735 1200 4807 μεγαλοπρεπείας
1255 4732 1530 4802 ἐκπέμπει
1629 4740 2019 4808 μαρμαρυγὰς,

518 4955 540 4983 α
572 4943 591 4998 l
622 4944 752 4998 Cor.
784 4958 845 5005 ιι,
877 4942 930 4994 8.

2129 1896 2339 1952 nomini
2385 1895 2508 1965 ejus
2545 1913 2559 1947 :
2593 1898 2918 1951 annuntiate
2951 1898 3019 1951 de
3062 1896 3151 1952 die
3198 1898 3252 1951 in
3287 1897 3437 1952 diem
3469 1898 3710 1954 salutare

2128 1987 2272 2056 ejus.
2308 2004 2328 2040 ι
2367 1985 2634 2056 Singulis,
2672 1987 2869 2057 inquit,
2914 1987 3113 2042 diebus
3158 1987 3488 2043 beneﬁcium
3536 1990 3708 2044 colla-

2131 2087 2246 2133 tum
2292 2087 2531 2134 narrate.
2570 2077 2777 2134 Deinde
2818 2079 2978 2135 docet
3014 2079 3216 2150 quibus
3269 2090 3520 2151 oporteat
3567 2083 3710 2137 hanc

2130 2164 2502 2225 narrationem
2536 2167 2754 2223 aﬂ‘erre.

2207 2259 2370 2317 Vens.
2405 2262 2460 2315 ὃ.
2494 2279 2515 2315 ι
2547 2261 2890 2317 Annuntiate
2919 2263 3063 2319 inter
3090 2269 3280 2334 gentes
3311 2264 3541 2334 gloriam
3560 2265 3705 2336 ejus,

2131 2354 2188 2409 in
2216 2354 2476 2410 omnibus
2508 2354 2727 2426 pepulis
2751 2354 3025 2410 mirabilia
3074 2355 3216 2425 ejus.
3257 2374 3277 2408 ι
3326 2354 3501 2409 Omne
3528 2357 3709 2412 homi-

2130 2461 2262 2501 num
2291 2460 2465 2517 genus
2509 2446 2614 2502 hac
2645 2446 2962 2518 perfruatur
2985 2446 3262 2513 doctrina,
3305 2447 3598 2519 divinaque
3623 2451 3710 2505 di-

2132 2546 2250 2593 scat
2284 2536 2574 2593 miracula.
3531 2540 3540 2549 '

2201 2626 2370 2684 Vens.
2410 2629 2464 2684 4.
2506 2646 2525 2679 ι
2567 2628 2837 2695 Quoniam
2892 2644 3126 2699 magnus
3167 2638 3253 2686 est
3303 2632 3601 2698 Dominus,
3656 2644 3713 2689 et

2130 2720 2289 2776 valde
2308 2720 2599 2776 laudabilis
2629 2740 2643 2775 :
2672 2721 2928 2778 terribilis
2947 2733 3031 2777 est
3071 2737 3237 2792 super
3265 2738 3457 2779 omnes
3502 2726 3656 2782 deos.
3684 2744 3706 2777 ο

2131 2811 2571 2881 Inexplicabilem
2609 2813 2758 2867 enim
2804 2812 3189 2868 universorum
3226 2814 3491 2872 Dominus
3537 2817 3710 2873 subli-

2131 2903 2379 2959 mitatem
2412 2903 2598 2970 habet,
2623 2913 2678 2958 et
2704 2904 3004 2973 potentiam
3036 2920 3193 2959 suam
3220 2904 3276 2959 in
3303 2905 3458 2971 deos,
3487 2908 3580 2977 qui
3604 2907 3713 2964 fal-

2131 3012 2254 3053 sum
2283 3012 2486 3052 nomen
2513 2997 2739 3061 habent,
2768 2998 3026 3062 ostendit,
3063 2999 3396 3069 illorumque
3429 3000 3709 3072 deceptioc

2132 3100 2258 3141 nem
2297 3085 2595 3155 redarguit.
2635 3084 2751 3142 Hoc
2800 3086 2948 3142 enim
2998 3102 3095 3157 per
3122 3103 3186 3143 ea
3233 3104 3358 3160 qua:
3402 3100 3712 3159 sequuntur

2056 3151 2103 3215 θ
2134 3177 2416 3234 indicavit.

2205 3265 2372 3323 Vens.
2403 3267 2456 3323 5.
2488 3287 2507 3320 ι
2551 3268 2819 3334 Quoniam
2833 3283 3026 3325 omnes
3051 3269 3124 3323 dii
3147 3270 3391 3339 gentium
3421 3272 3711 3336 daamonia,

2136 3358 2404 3415 Dominus
2451 3368 2635 3413 autem
2676 3361 2846 3415 ctelos
2895 3358 3049 3415 fecit.
3089 3378 3109 3412 ι
3146 3359 3270 3432 [llic
3304 3363 3452 3417 enim
3483 3373 3567 3420 est
3597 3365 3713 3431 ille,

2135 3449 2204 3504 de
2227 3463 2337 3519 quo
2352 3449 2547 3504 beatus
2575 3449 2779 3503 Paulus
2801 3448 2935 3503 dicit
2962 3465 2975 3501 :
3016 3466 3037 3500 ι
3075 3447 3132 3502 Si
3162 3448 3309 3504 enim
3338 3452 3711 3522 agnovissent,

2139 3541 2430 3597 Dominum
2486 3541 2675 3612 gloria:
2720 3555 2829 3595 non
2868 3539 3168 3596 amxissent
3218 3543 3368 3597 cruci
3402 3553 3449 3598 ο.
3493 3543 3544 3617 ι]
3576 3544 3712 3599 Nam

2134 3632 2231 3703 qui
2274 3632 2349 3687 dii
2403 3639 2688 3695 vocantur,
2743 3630 2897 3700 pravi
2943 3630 3221 3686 daemones
3265 3634 3367 3687 visi
3419 3644 3714 3692 suntzno-

2136 3736 2249 3778 ster
2289 3738 2419 3778 vero
2464 3722 2725 3779 caelorum
2774 3719 2957 3790 Opifex
3001 3720 3314 3778 declaratus
3355 3733 3459 3779 est.
3521 3724 3713 3797 [Tem-

2134 3830 2268 3886 pore
2292 3814 2439 3870 enim
2471 3828 2583 3882 quo
2634 3812 2923 3882 passiones
2954 3820 3149 3879 sponte
3175 3812 3415 3880 subibat,
3453 3816 3535 3870 sol
3558 3818 3714 3872 ohte-

2131 3907 2400 3963 nebratus
2424 3912 2530 3969 est,
2565 3917 2731 3974 rupes
2764 3901 2951 3958 scissae
2981 3910 3131 3966 sunt,
3164 3903 3343 3958 velum
3383 3907 3566 3976 templi
3599 3909 3713 3963 dis-

2131 4010 2351 4071 ruptum
2390 4007 2497 4066 est,
2539 3996 2652 4051 imo
2684 3996 2849 4050 etiam
2886 3994 3032 4049 vires
3078 3995 3205 4049 coeli
3240 4008 3530 4053 commotae
3558 4012 3708 4067 sunt,

2130 4102 2185 4148 et
2214 4098 2276 4146 ut
2313 4088 2507 4160 paucis
2538 4086 2740 4149 dicam,
2797 4092 2971 4139 totum
3017 4084 3334 4139 universum
3388 4088 3706 4145 minabatur

2131 4181 2440 4244 interitum,
2470 4193 2597 4234 cum
2633 4177 2788 4231 illum
2821 4175 2914 4245 qui
2939 4175 3125 4230 omnia
3163 4176 3374 4248 1291
3407 4178 3531 4247 fert,
3561 4181 3710 4237 vide-
3817 4189 3823 4195 '

2131 4284 2215 4331 ret
2241 4273 2390 4330 cruci
2433 4269 2706 4343 aﬂixum.]

2209 4368 2374 4423 Vens.
2404 4367 2458 4420 6.
2495 4383 2514 4417 ι
2559 4362 2851 4421 Confessio
2875 4373 2929 4419 et
2962 4363 3315 4434 pulchritudo
3369 4365 3422 4420 in
3471 4382 3709 4438 conspe-

2131 4473 2219 4518 ctu
2250 4461 2368 4531 ejus
2399 4477 2413 4513 :
2456 4458 2721 4513 sanctitas
2749 4467 2800 4511 et
2829 4458 3235 4527 magniﬁcentia
3287 4460 3343 4515 in
3399 4461 3709 4517 sanctiﬁca-

2132 4555 2281 4611 tione
2312 4551 2453 4622 ejus.
2494 4570 2512 4603 ι
2553 4549 2685 4603 Nam
2722 4564 2846 4604 cum
2881 4550 3174 4604 humanam
3204 4560 3454 4607 naturam
3489 4568 3709 4609 assum-

2131 4654 2351 4723 psisset,
2388 4657 2441 4704 et
2469 4664 2563 4719 per
2599 4648 2739 4702 hanc
2779 4646 3101 4701 hominibus
3166 4650 3536 4719 apparuisset,
3594 4667 3708 4706 sua:

2134 4743 2436 4813 majestatis
2465 4741 2704 4811 fulgores
2733 4739 2951 4803 emittit,
2989 4747 3044 4795 et
3073 4755 3264 4799 omnes
3286 4743 3351 4798 ad
3390 4745 3474 4800 sui
3498 4746 3705 4801 cultum

1527 5053 1760 5110 VARIAS
1817 5055 2206 5114 LECTIONES
2263 5059 2353 5114 ET
2401 5054 2633 5111 ΝΟΤᾸΞ.

593 5175 739 5256 Fuit.
768 5172 890 5256 cod.
929 5172 1262 5256 ἐρωτικαὶ.
1298 5174 1448 5256 ‘59:.-
1477 5172 1826 5256 tiutgnow.”
1858 5174 1872 5204 ¹
1934 5177 2020 5228 Κα

2133 5174 2228 5242 ἧς.
2280 5175 2404 5256 Des.
2431 5246 2443 5256 _
2473 5174 2696 5255 in~c0d.
2721 5175 2833 5256 _I._
2858 5176 2879 5206 ¹
2922 5178 3058 5256 ξαρ.
3132 5181 3282 5256 (ξοιί.⁸
3312 5182 3333 5234 1
3394 5185 3699 5256 ὑμνῳδίαν.

358 5254 367 5261 ”
442 5246 463 5276 ⁸
498 5242 701 5313 Καλεῒ.
770 5242 892 5297 cod.
951 5242 974 5295 1
1048 5243 1173 5297 add.
1234 5240 1491 5313 nam
1526 5240 1672 5313 Δἑξῆς
1732 5243 1968 5313 μάλιστα

2131 5240 2218 5299 ων.
2298 5244 2318 5275 ⁸
2368 5243 2585 5299 Αὑτοῦ.
2634 5245 2758 5299 cod.
2812 5247 2834 5299 1
2896 5240 3021 5302 add:
3084 5254 3176 5303 καὶ
3231 5252 3291 5303 οὐ

439 5314 557 5368 καί.
637 5312 657 5343 ⁸
717 5314 897 5379 Κανη
951 5313 1160 5382 εοιΙη1
1229 5327 1418 5382 prtem.
1480 5310 1635 5381 λέγει
1686 5310 1743 5366 δὲ
1799 5314 1902 5367 ὅτι.
1978 5314 1999 5344 ⁵

2134 5316 2257 5369 σίν.
2321 5313 2488 5369 Abest
2546 5329 2576 5367 a
2633 5316 2757 5369 cod.
2821 5316 2872 5369 1.

656 5382 676 5411 ⁸
703 5384 904 5455 Θαυμ.
932 5383 1055 5436 cod.
1087 5381 1128 5455 l_
1147 5381 1274 5455 add.
1307 5382 1570 5455 xattivo;
1602 5382 1787 5455 ἕνεκεν
1810 5384 1979 5455 λέγει.

2135 5383 2271 5438 Em’.
2310 5385 2432 5440 cod.
2462 5384 2514 5455 ir.
2547 5385 2711 5455 ὑπέρ.

438 5386 555 5445 τοῖς
565 5424 577 5436 .

3335 5255 3515 5321 μόνον,
3536 5254 3544 5256 ⁷
3569 5254 3705 5308 ἀλλά

2954 5319 2973 5349 ’¹
3003 5320 3201 5385 Λαοῖς.
3244 5319 3392 5391 eod.
3432 5324 3450 5374 1
3512 5339 3701 5391 prtem.

2791 5386 2833 5417 ¹⁰
2869 5387 3102 5455 Κύριος.
3155 5390 3276 5443 cod.
3330 5393 3347 5443 Ι
3402 5386 3526 5445 add.
3580 5396 3703 5448 ’Ὁτι

441 5453 577 5514 θεὸς
606 5450 682 5503 ὢν
716 5453 1082 5505 ἐταπείνωσεν
1112 5452 1306 5506 ἐαυτὸν
1349 5451 1508 5521 μέχρι
1532 5451 1791 5534 θανάτου,
1824 5450 2023 5534 parvam

2131 5455 2450 5534 εστιιιυροῦἒ
2472 5450 2711 5534 Quippe.
2738 5454 2879 5534 [λὶς-σι
2916 5450 3243 5534 Heus—esset,
3306 5461 3598 5534 Immilinvit
3649 5481 3705 5518 se

444 5538 606 5591 usque
645 5539 711 5575 aa
746 5533 988 5587 mortem,
1015 5530 1233 5576 mortem
1257 5538 1373 5575 rero
1401 5524 1591 5575 crucis.

1674 5525 1713 5553 ”
1753 5522 1948 5591 Ἐξηλ,
1986 5540 2025 5576 σε

2156 5527 2173 5577 l
2212 5522 2396 5595 prtem.
2425 5524 2514 5577 διὰ
2560 5522 2658 5593 τῆς
2696 5527 2962 5595 ἐνσάρκου
3007 5527 3172 5580 αὑτοῦ
3211 5533 3534 5601 παρουσίας.
3570 5533 3704 5589 Cum

442 5614 515 5695 od
552 5629 645 5695 nos
665 5614 893 5695 periisset
918 5630 1106 5695 _cqrne_
1133 5616 1400 5695 ﬁngimus.
1474 5616 1683 5695 ξ’ρειιμ.
1716 5614 1885 5695 llebr.
1934 5601 2025 5695 ζηξ

2131 5638 2153 5671 ς.
2184 5620 2327 5695 Aqn.
2372 5619 2721 5695 ἐπίπλαστοι.
2754 5620 3353 5695 δγιιηιιηάνύπαρκτοι.
3424 5627 3466 5657 ’³
3502 5626 3542 5679 Ε
3570 5632 3694 5685 and.

442 5686 501 5741 1.
581 5684 625 5755 νῆ
665 5683 795 5752 ἸΙμ.
827 5684 952 5755 cod.
990 5687 1010 5738 1
1044 5684 1167 5738 add.
1200 5685 1422 5755 Κύριος.
1489 5687 1529 5717 ¹⁵
1566 5683 1751 5739 Ε’(οοιι.
1790 5687 1840 5739 1.

1947 5688 1990 5759 ﬂ
2016 5687 2509 5759 Ἐξομολόγησις.
2556 5688 2717 5743 Hebr.
2748 5687 2843 5749 ΊὶιἾ
2873 5690 3146 5759 majeslas.

3248 5695 3287 5725 ⁸⁷
3322 5695 3428 5747 Καὶ
3468 5726 3538 5738 --
3571 5700 3698 5753 ἐπί-

442 5754 680 5823 φανείς.
739 5752 861 5808 cod.
900 5754 916 5806 Ι
961 5756 1053 5808 καὶ
1110 5755 1217 5824 γὰρ
1262 5752 1549 5825 ἄνθρωπος
1574 5756 1864 5827 γενόμενος
1908 5758 1998 5811 καὶ
2026 5752 2479 5829 τοῖς⁷ἀνορώποις
2497 5760 2815 5829 ἐπιφανείς.
