  <div class='ocr_page' id='page_1' title='image "/cluster/home/n/w/nwhite01/storage/ocr_20150623/80:no.1/coo.31924054869817/838.png"; bbox 0 0 4114 6460; ppageno 0'>
   <div class='ocr_carea' id='block_1_1' title="bbox 380 351 504 416">
    <p class='ocr_par' dir='ltr' id='par_1_1' title="bbox 380 351 504 416">
     <span class='ocr_line' id='line_1_1' title="bbox 380 351 504 416; baseline 0.008 -1"><span class='ocrx_word' id='word_1_1' title='bbox 380 351 504 416; x_wconf 61' lang='grc'><strong>1861</strong></span> 
     </span>
    </p>
   </div>
   <div class='ocr_carea' id='block_1_2' title="bbox 1702 366 2323 435">
    <p class='ocr_par' dir='ltr' id='par_1_2' title="bbox 1702 366 2323 435">
     <span class='ocr_line' id='line_1_2' title="bbox 1702 366 2323 435; baseline 0.011 -9"><span class='ocrx_word' id='word_1_2' title='bbox 1702 366 1784 427; x_wconf 82' lang='lat' dir='ltr'><strong>IN</strong></span> <span class='ocrx_word' id='word_1_3' title='bbox 1826 368 2031 429; x_wconf 79' lang='lat' dir='ltr'>PSAL.</span> <span class='ocrx_word' id='word_1_4' title='bbox 2090 370 2323 435; x_wconf 88' lang='lat' dir='ltr'><strong>XCVII.</strong></span> 
     </span>
    </p>
   </div>
   <div class='ocr_carea' id='block_1_3' title="bbox 3522 382 3658 451">
    <p class='ocr_par' dir='ltr' id='par_1_3' title="bbox 3522 382 3658 451">
     <span class='ocr_line' id='line_1_3' title="bbox 3522 382 3658 451; baseline 0.007 -4"><span class='ocrx_word' id='word_1_5' title='bbox 3522 382 3658 451; x_wconf 74' lang='lat' dir='ltr'><strong>l&#39;i62</strong></span> 
     </span>
    </p>
   </div>
   <div class='ocr_carea' id='block_1_4' title="bbox 370 458 1953 566">
    <p class='ocr_par' dir='ltr' id='par_1_4' title="bbox 370 465 1949 566">
     <span class='ocr_line' id='line_1_4' title="bbox 370 465 1949 566; baseline 0.008 -46"><span class='ocrx_word' id='word_1_6' title='bbox 370 465 558 566; x_wconf 67' lang='grc' dir='ltr'>στικὸν</span> <span class='ocrx_word' id='word_1_7' title='bbox 592 467 784 539; x_wconf 83' lang='grc' dir='ltr'>καιρὸν</span> <span class='ocrx_word' id='word_1_8' title='bbox 815 470 861 502; x_wconf 87' lang='grc'><strong>³⁷</strong></span> <span class='ocrx_word' id='word_1_9' title='bbox 895 470 1229 544; x_wconf 80' lang='grc' dir='ltr'>προσφέρειν</span> <span class='ocrx_word' id='word_1_10' title='bbox 1276 475 1553 547; x_wconf 78' lang='grc' dir='ltr'><strong>εἰώθαμεν</strong></span> <span class='ocrx_word' id='word_1_11' title='bbox 1596 478 1673 550; x_wconf 83' lang='grc' dir='ltr'>τῷ</span> <span class='ocrx_word' id='word_1_12' title='bbox 1715 479 1835 550; x_wconf 81' lang='grc' dir='ltr'><strong>Θεῷ</strong></span> <span class='ocrx_word' id='word_1_13' title='bbox 1884 481 1949 545; x_wconf 73' lang='grc'><strong>⁵³,</strong></span> 
     </span>
    </p>
   </div>
   <div class='ocr_carea' id='block_1_5' title="bbox 2051 458 3653 566">
    <p class='ocr_par' dir='ltr' id='par_1_5' title="bbox 2060 458 3653 566">
     <span class='ocr_line' id='line_1_5' title="bbox 2060 458 3653 566; baseline 0.016 -31"><span class='ocrx_word' id='word_1_14' title='bbox 2060 478 2204 538; x_wconf 82' lang='lat' dir='ltr'><strong>ferre</strong></span> <span class='ocrx_word' id='word_1_15' title='bbox 2234 485 2497 556; x_wconf 86' lang='lat' dir='ltr'><strong>solemus,</strong></span> <span class='ocrx_word' id='word_1_16' title='bbox 2527 458 2790 550; x_wconf 73' lang='lat' dir='ltr'><strong>canentes</strong></span> <span class='ocrx_word' id='word_1_17' title='bbox 2820 501 2876 549; x_wconf 86' lang='lat' dir='ltr'><strong>et</strong></span> <span class='ocrx_word' id='word_1_18' title='bbox 2900 493 3219 566; x_wconf 85' lang='lat' dir='ltr'><strong>psallentes,</strong></span> <span class='ocrx_word' id='word_1_19' title='bbox 3245 504 3304 554; x_wconf 89' lang='lat' dir='ltr'><strong>et</strong></span> <span class='ocrx_word' id='word_1_20' title='bbox 3334 514 3461 556; x_wconf 90' lang='lat' dir='ltr'><strong>cum</strong></span> <span class='ocrx_word' id='word_1_21' title='bbox 3498 516 3653 561; x_wconf 86' lang='lat' dir='ltr'><strong>Otttnl</strong></span> 
     </span>
    </p>
   </div>
   <div class='ocr_carea' id='block_1_6' title="bbox 368 560 1965 641">
    <p class='ocr_par' dir='ltr' id='par_1_6' title="bbox 368 560 1965 641">
     <span class='ocr_line' id='line_1_6' title="bbox 368 560 1965 641; baseline 0.009 -30"><span class='ocrx_word' id='word_1_22' title='bbox 368 560 610 629; x_wconf 78' lang='grc' dir='ltr'>ᾅδοντες,</span> <span class='ocrx_word' id='word_1_23' title='bbox 646 562 742 616; x_wconf 77' lang='grc' dir='ltr'>καὶ</span> <span class='ocrx_word' id='word_1_24' title='bbox 773 560 1093 632; x_wconf 87' lang='grc' dir='ltr'>ψάλλοντες,</span> <span class='ocrx_word' id='word_1_25' title='bbox 1129 566 1222 620; x_wconf 77' lang='grc' dir='ltr'><strong>καὶ</strong></span> <span class='ocrx_word' id='word_1_26' title='bbox 1273 567 1412 639; x_wconf 87' lang='grc' dir='ltr'><strong>μετά</strong></span> <span class='ocrx_word' id='word_1_27' title='bbox 1457 568 1644 641; x_wconf 83' lang='grc' dir='ltr'>πάσης</span> <span class='ocrx_word' id='word_1_28' title='bbox 1693 570 1965 641; x_wconf 79' lang='grc' dir='ltr'>εὐθυμίας</span> 
     </span>
    </p>
   </div>
   <div class='ocr_carea' id='block_1_7' title="bbox 366 650 714 720">
    <p class='ocr_par' dir='ltr' id='par_1_7' title="bbox 366 650 714 720">
     <span class='ocr_line' id='line_1_7' title="bbox 366 650 714 720; baseline 0.014 -18"><span class='ocrx_word' id='word_1_29' title='bbox 366 650 714 720; x_wconf 81' lang='grc' dir='ltr'><strong>χορεύοντες.</strong></span> 
     </span>
    </p>
   </div>
   <div class='ocr_carea' id='block_1_8' title="bbox 440 741 1959 823">
    <p class='ocr_par' dir='ltr' id='par_1_8' title="bbox 440 741 1959 823">
     <span class='ocr_line' id='line_1_8' title="bbox 440 741 1959 823; baseline 0.007 -30"><span class='ocrx_word' id='word_1_30' title='bbox 440 745 506 795; x_wconf 78' lang='grc' dir='ltr'><strong>ε’.</strong></span> <span class='ocrx_word' id='word_1_31' title='bbox 547 759 566 793; x_wconf 74' lang='grc' dir='ltr'><strong>ι</strong></span> <span class='ocrx_word' id='word_1_32' title='bbox 606 741 832 796; x_wconf 78' lang='grc' dir='ltr'>Ψάλατε</span> <span class='ocrx_word' id='word_1_33' title='bbox 860 744 940 815; x_wconf 85' lang='grc' dir='ltr'><strong>τῷ</strong></span> <span class='ocrx_word' id='word_1_34' title='bbox 982 745 1172 817; x_wconf 84' lang='grc' dir='ltr'>Κυρίῳ</span> <span class='ocrx_word' id='word_1_35' title='bbox 1221 749 1279 801; x_wconf 88' lang='grc' dir='ltr'><strong>ἐν</strong></span> <span class='ocrx_word' id='word_1_36' title='bbox 1333 747 1536 820; x_wconf 72' lang='grc' dir='ltr'>κιθάρᾳ</span> <span class='ocrx_word' id='word_1_37' title='bbox 1568 749 1634 814; x_wconf 74' lang='grc'><strong>⁵³,</strong></span> <span class='ocrx_word' id='word_1_38' title='bbox 1669 750 1762 803; x_wconf 77' lang='grc' dir='ltr'>καὶ</span> <span class='ocrx_word' id='word_1_39' title='bbox 1806 754 1959 823; x_wconf 83' lang='grc' dir='ltr'>φωνῇ</span> 
     </span>
    </p>
   </div>
   <div class='ocr_carea' id='block_1_9' title="bbox 365 831 1961 913">
    <p class='ocr_par' dir='ltr' id='par_1_9' title="bbox 365 831 1961 913">
     <span class='ocr_line' id='line_1_9' title="bbox 365 831 1961 913; baseline 0.008 -27"><span class='ocrx_word' id='word_1_40' title='bbox 365 831 614 904; x_wconf 80' lang='grc' dir='ltr'><strong>ψαλμοῦ.</strong></span> <span class='ocrx_word' id='word_1_41' title='bbox 656 854 676 888; x_wconf 71' lang='grc' dir='ltr'><strong>ι</strong></span> <span class='ocrx_word' id='word_1_42' title='bbox 714 837 824 890; x_wconf 76' lang='grc' dir='ltr'><strong>Καὶ</strong></span> <span class='ocrx_word' id='word_1_43' title='bbox 868 838 1061 892; x_wconf 81' lang='grc' dir='ltr'>τοῦτον</span> <span class='ocrx_word' id='word_1_44' title='bbox 1095 839 1151 893; x_wconf 83' lang='grc' dir='ltr'>δὲ</span> <span class='ocrx_word' id='word_1_45' title='bbox 1179 840 1273 893; x_wconf 83' lang='grc' dir='ltr'>τὸν</span> <span class='ocrx_word' id='word_1_46' title='bbox 1314 840 1480 913; x_wconf 87' lang='grc' dir='ltr'>νόμον</span> <span class='ocrx_word' id='word_1_47' title='bbox 1515 843 1663 897; x_wconf 74' lang='grc' dir='ltr'>ἔστιν</span> <span class='ocrx_word' id='word_1_48' title='bbox 1700 843 1831 898; x_wconf 84' lang='grc' dir='ltr'>ίδετν</span> <span class='ocrx_word' id='word_1_49' title='bbox 1879 846 1961 898; x_wconf 86' lang='grc' dir='ltr'>δι-</span> 
     </span>
    </p>
   </div>
   <div class='ocr_carea' id='block_1_10' title="bbox 365 927 1961 1011">
    <p class='ocr_par' dir='ltr' id='par_1_10' title="bbox 365 927 1961 1011">
     <span class='ocr_line' id='line_1_10' title="bbox 365 927 1961 1011; baseline 0.009 -34"><span class='ocrx_word' id='word_1_50' title='bbox 365 927 585 995; x_wconf 86' lang='grc' dir='ltr'>ηνεκῶς</span> <span class='ocrx_word' id='word_1_51' title='bbox 622 927 682 981; x_wconf 83' lang='grc' dir='ltr'><strong>ἐν</strong></span> <span class='ocrx_word' id='word_1_52' title='bbox 713 931 836 992; x_wconf 84' lang='grc' dir='ltr'>ταῖς</span> <span class='ocrx_word' id='word_1_53' title='bbox 893 930 1212 1001; x_wconf 72' lang='grc' dir='ltr'>ἐκκλησίαις</span> <span class='ocrx_word' id='word_1_54' title='bbox 1267 933 1663 1005; x_wconf 83' lang='grc' dir='ltr'>πληρούμενον.</span> <span class='ocrx_word' id='word_1_55' title='bbox 1716 937 1794 1008; x_wconf 77' lang='grc' dir='ltr'><strong>Τῇ</strong></span> <span class='ocrx_word' id='word_1_56' title='bbox 1850 938 1961 1011; x_wconf 82' lang='grc' dir='ltr'>γὰρ</span> 
     </span>
    </p>
   </div>
   <div class='ocr_carea' id='block_1_11' title="bbox 364 1021 1959 1100">
    <p class='ocr_par' dir='ltr' id='par_1_11' title="bbox 364 1021 1959 1100">
     <span class='ocr_line' id='line_1_11' title="bbox 364 1021 1959 1100; baseline 0.009 -30"><span class='ocrx_word' id='word_1_57' title='bbox 364 1022 718 1092; x_wconf 80' lang='grc' dir='ltr'><strong>πνευματικῇ</strong></span> <span class='ocrx_word' id='word_1_58' title='bbox 751 1021 960 1094; x_wconf 68' lang='grc' dir='ltr'>κιθάρᾳ.</span> <span class='ocrx_word' id='word_1_59' title='bbox 973 1024 1017 1054; x_wconf 84' lang='grc'><strong>⁶⁰</strong></span> <span class='ocrx_word' id='word_1_60' title='bbox 1049 1023 1148 1094; x_wconf 85' lang='grc' dir='ltr'>τὴν</span> <span class='ocrx_word' id='word_1_61' title='bbox 1183 1023 1334 1078; x_wconf 83' lang='grc' dir='ltr'>θείαν</span> <span class='ocrx_word' id='word_1_62' title='bbox 1368 1027 1789 1099; x_wconf 88' lang='grc' dir='ltr'>ἀνακρουόμεθα</span> <span class='ocrx_word' id='word_1_63' title='bbox 1820 1032 1959 1100; x_wconf 84' lang='grc' dir='ltr'>μελ-</span> 
     </span>
    </p>
   </div>
   <div class='ocr_carea' id='block_1_12' title="bbox 362 1108 1960 1192">
    <p class='ocr_par' dir='ltr' id='par_1_12' title="bbox 362 1108 1960 1192">
     <span class='ocr_line' id='line_1_12' title="bbox 362 1108 1960 1192; baseline 0.011 -32"><span class='ocrx_word' id='word_1_64' title='bbox 362 1108 555 1176; x_wconf 86' lang='grc' dir='ltr'>ῳδίαν.</span> <span class='ocrx_word' id='word_1_65' title='bbox 581 1111 853 1181; x_wconf 82' lang='grc' dir='ltr'>Ποιοῦμεν</span> <span class='ocrx_word' id='word_1_66' title='bbox 878 1112 934 1166; x_wconf 84' lang='grc' dir='ltr'>δὲ</span> <span class='ocrx_word' id='word_1_67' title='bbox 992 1115 1086 1168; x_wconf 68' lang='grc' dir='ltr'>καὶ</span> <span class='ocrx_word' id='word_1_68' title='bbox 1115 1116 1275 1186; x_wconf 78' lang='grc' dir='ltr'>ἡμεῖς</span> <span class='ocrx_word' id='word_1_69' title='bbox 1297 1116 1523 1187; x_wconf 76' lang='grc' dir='ltr'>λογικάς</span> <span class='ocrx_word' id='word_1_70' title='bbox 1551 1119 1791 1192; x_wconf 76' lang='grc' dir='ltr'><strong>κιθάρας</strong></span> <span class='ocrx_word' id='word_1_71' title='bbox 1821 1124 1864 1155; x_wconf 81' lang='grc'><strong>⁶¹</strong></span> <span class='ocrx_word' id='word_1_72' title='bbox 1890 1123 1960 1179; x_wconf 83' lang='grc' dir='ltr'>τὰ</span> 
     </span>
    </p>
   </div>
   <div class='ocr_carea' id='block_1_13' title="bbox 364 1202 1958 1283">
    <p class='ocr_par' dir='ltr' id='par_1_13' title="bbox 364 1202 1958 1283">
     <span class='ocr_line' id='line_1_13' title="bbox 364 1202 1958 1283; baseline 0.009 -30"><span class='ocrx_word' id='word_1_73' title='bbox 364 1202 617 1272; x_wconf 83' lang='grc' dir='ltr'>ἡμέτερα</span> <span class='ocrx_word' id='word_1_74' title='bbox 647 1203 878 1274; x_wconf 82' lang='grc' dir='ltr'>σώματα</span> <span class='ocrx_word' id='word_1_75' title='bbox 906 1206 970 1266; x_wconf 75' lang='grc'><strong>⁸⁸,</strong></span> <span class='ocrx_word' id='word_1_76' title='bbox 1004 1206 1098 1259; x_wconf 74' lang='grc' dir='ltr'>καὶ</span> <span class='ocrx_word' id='word_1_77' title='bbox 1138 1208 1421 1278; x_wconf 80' lang='grc' dir='ltr'><strong>χρώμεθα,</strong></span> <span class='ocrx_word' id='word_1_78' title='bbox 1458 1211 1582 1264; x_wconf 69' lang='grc' dir='ltr'>ἀντὶ</span> <span class='ocrx_word' id='word_1_79' title='bbox 1618 1212 1718 1283; x_wconf 83' lang='grc' dir='ltr'>μὲν</span> <span class='ocrx_word' id='word_1_80' title='bbox 1748 1214 1958 1283; x_wconf 80' lang='grc' dir='ltr'><strong>χορδῶν</strong></span> 
     </span>
    </p>
   </div>
   <div class='ocr_carea' id='block_1_14' title="bbox 369 1294 1955 1377">
    <p class='ocr_par' dir='ltr' id='par_1_14' title="bbox 369 1294 1955 1377">
     <span class='ocr_line' id='line_1_14' title="bbox 369 1294 1955 1377; baseline 0.008 -31"><span class='ocrx_word' id='word_1_81' title='bbox 369 1296 487 1358; x_wconf 84' lang='grc' dir='ltr'>τοῖς</span> <span class='ocrx_word' id='word_1_82' title='bbox 519 1294 753 1360; x_wconf 77' lang='grc' dir='ltr'><strong>ὀδοῦσιν,</strong></span> <span class='ocrx_word' id='word_1_83' title='bbox 794 1298 916 1350; x_wconf 78' lang='grc' dir='ltr'>ἀντὶ</span> <span class='ocrx_word' id='word_1_84' title='bbox 946 1299 1004 1351; x_wconf 84' lang='grc' dir='ltr'>δὲ</span> <span class='ocrx_word' id='word_1_85' title='bbox 1036 1300 1238 1370; x_wconf 89' lang='grc' dir='ltr'>χαλκοῦ</span> <span class='ocrx_word' id='word_1_86' title='bbox 1269 1304 1383 1365; x_wconf 83' lang='grc' dir='ltr'>τοῖς</span> <span class='ocrx_word' id='word_1_87' title='bbox 1421 1302 1646 1372; x_wconf 81' lang='grc' dir='ltr'>χείλεσι,</span> <span class='ocrx_word' id='word_1_88' title='bbox 1678 1303 1955 1377; x_wconf 76' lang='grc' dir='ltr'><strong>πλήκτρου</strong></span> 
     </span>
    </p>
   </div>
   <div class='ocr_carea' id='block_1_15' title="bbox 368 1387 1958 1468">
    <p class='ocr_par' dir='ltr' id='par_1_15' title="bbox 368 1387 1958 1468">
     <span class='ocr_line' id='line_1_15' title="bbox 368 1387 1958 1468; baseline 0.006 -27"><span class='ocrx_word' id='word_1_89' title='bbox 368 1387 429 1441; x_wconf 84' lang='grc' dir='ltr'>δὲ</span> <span class='ocrx_word' id='word_1_90' title='bbox 480 1388 684 1452; x_wconf 79' lang='grc' dir='ltr'>παντὸς</span> <span class='ocrx_word' id='word_1_91' title='bbox 722 1389 977 1462; x_wconf 77' lang='grc' dir='ltr'>ὀξύτερον</span> <span class='ocrx_word' id='word_1_92' title='bbox 1015 1394 1047 1463; x_wconf 82' lang='grc' dir='ltr'><strong>ἡ</strong></span> <span class='ocrx_word' id='word_1_93' title='bbox 1083 1392 1301 1461; x_wconf 87' lang='grc' dir='ltr'>γλῶττα</span> <span class='ocrx_word' id='word_1_94' title='bbox 1343 1387 1637 1465; x_wconf 80' lang='grc' dir='ltr'>κινουμένη</span> <span class='ocrx_word' id='word_1_95' title='bbox 1670 1396 1767 1468; x_wconf 85' lang='grc' dir='ltr'>τὴν</span> <span class='ocrx_word' id='word_1_96' title='bbox 1800 1398 1958 1467; x_wconf 86' lang='grc' dir='ltr'>ἐναρ-</span> 
     </span>
    </p>
   </div>
   <div class='ocr_carea' id='block_1_16' title="bbox 374 1478 1958 1558">
    <p class='ocr_par' dir='ltr' id='par_1_16' title="bbox 374 1478 1958 1558">
     <span class='ocr_line' id='line_1_16' title="bbox 374 1478 1958 1558; baseline 0.006 -27"><span class='ocrx_word' id='word_1_97' title='bbox 374 1478 562 1550; x_wconf 85' lang='grc' dir='ltr'>μόνιον</span> <span class='ocrx_word' id='word_1_98' title='bbox 583 1480 838 1535; x_wconf 82' lang='grc' dir='ltr'>ἀποτελεῖ</span> <span class='ocrx_word' id='word_1_99' title='bbox 861 1482 969 1534; x_wconf 86' lang='grc' dir='ltr'><strong>τῶν</strong></span> <span class='ocrx_word' id='word_1_100' title='bbox 1007 1485 1367 1553; x_wconf 84' lang='grc' dir='ltr'><strong>κρουσμάτων</strong></span> <span class='ocrx_word' id='word_1_101' title='bbox 1397 1486 1556 1556; x_wconf 77' lang='grc' dir='ltr'>ὴχήν.</span> <span class='ocrx_word' id='word_1_102' title='bbox 1587 1486 1746 1540; x_wconf 82' lang='grc' dir='ltr'>Κινεϊ</span> <span class='ocrx_word' id='word_1_103' title='bbox 1774 1486 1830 1540; x_wconf 81' lang='grc' dir='ltr'>δὲ</span> <span class='ocrx_word' id='word_1_104' title='bbox 1860 1488 1958 1558; x_wconf 81' lang='grc' dir='ltr'>τὴν</span> 
     </span>
    </p>
   </div>
   <div class='ocr_carea' id='block_1_17' title="bbox 368 1567 1956 1649">
    <p class='ocr_par' dir='ltr' id='par_1_17' title="bbox 368 1567 1956 1649">
     <span class='ocr_line' id='line_1_17' title="bbox 368 1567 1956 1649; baseline 0.006 -27"><span class='ocrx_word' id='word_1_105' title='bbox 368 1569 620 1638; x_wconf 86' lang='grc' dir='ltr'>γλῶτταν</span> <span class='ocrx_word' id='word_1_106' title='bbox 648 1573 676 1625; x_wconf 88' lang='grc' dir='ltr'><strong>ό</strong></span> <span class='ocrx_word' id='word_1_107' title='bbox 703 1570 851 1638; x_wconf 81' lang='grc' dir='ltr'>νοῦς,</span> <span class='ocrx_word' id='word_1_108' title='bbox 896 1567 1009 1626; x_wconf 78' lang='grc' dir='ltr'>οἷόν</span> <span class='ocrx_word' id='word_1_109' title='bbox 1054 1591 1138 1638; x_wconf 88' lang='grc' dir='ltr'><strong>τις</strong></span> <span class='ocrx_word' id='word_1_110' title='bbox 1185 1576 1452 1644; x_wconf 80' lang='grc' dir='ltr'>μουσικὸς</span> <span class='ocrx_word' id='word_1_111' title='bbox 1487 1576 1606 1646; x_wconf 87' lang='grc' dir='ltr'>μετ’</span> <span class='ocrx_word' id='word_1_112' title='bbox 1642 1578 1956 1649; x_wconf 77' lang='grc' dir='ltr'><strong>ἐπιστήμης</strong></span> 
     </span>
    </p>
   </div>
   <div class='ocr_carea' id='block_1_18' title="bbox 361 1658 1952 1736">
    <p class='ocr_par' dir='ltr' id='par_1_18' title="bbox 361 1658 1952 1736">
     <span class='ocr_line' id='line_1_18' title="bbox 361 1658 1952 1736; baseline 0.003 -24"><span class='ocrx_word' id='word_1_113' title='bbox 361 1658 698 1730; x_wconf 78' lang='grc' dir='ltr'>ποιούμενος</span> <span class='ocrx_word' id='word_1_114' title='bbox 730 1659 828 1731; x_wconf 81' lang='grc' dir='ltr'>τὴν</span> <span class='ocrx_word' id='word_1_115' title='bbox 858 1661 1064 1731; x_wconf 83' lang='grc' dir='ltr'><strong>ταύτης</strong></span> <span class='ocrx_word' id='word_1_116' title='bbox 1103 1664 1405 1733; x_wconf 75' lang='grc' dir='ltr'>μετάϐασιν</span> <span class='ocrx_word' id='word_1_117' title='bbox 1427 1681 1441 1697; x_wconf 76' lang='grc' dir='ltr'><strong><em>ο</em></strong></span> <span class='ocrx_word' id='word_1_118' title='bbox 1485 1663 1628 1735; x_wconf 79' lang='grc' dir='ltr'>αὕτη</span> <span class='ocrx_word' id='word_1_119' title='bbox 1658 1663 1739 1734; x_wconf 85' lang='grc' dir='ltr'>τῷ</span> <span class='ocrx_word' id='word_1_120' title='bbox 1767 1665 1887 1735; x_wconf 79' lang='grc' dir='ltr'><strong>Θεῷ</strong></span> <span class='ocrx_word' id='word_1_121' title='bbox 1919 1669 1952 1736; x_wconf 76' lang='grc' dir='ltr'><strong>η</strong></span> 
     </span>
    </p>
   </div>
   <div class='ocr_carea' id='block_1_19' title="bbox 358 1751 1953 1827">
    <p class='ocr_par' dir='ltr' id='par_1_19' title="bbox 358 1751 1953 1827">
     <span class='ocr_line' id='line_1_19' title="bbox 358 1751 1953 1827; baseline 0.004 -23"><span class='ocrx_word' id='word_1_122' title='bbox 358 1751 575 1822; x_wconf 81' lang='grc' dir='ltr'>κιθάρα</span> <span class='ocrx_word' id='word_1_123' title='bbox 598 1751 703 1822; x_wconf 81' lang='grc' dir='ltr'>τῆς</span> <span class='ocrx_word' id='word_1_124' title='bbox 728 1753 935 1823; x_wconf 89' lang='grc' dir='ltr'>ἀψύχου</span> <span class='ocrx_word' id='word_1_125' title='bbox 964 1753 1372 1826; x_wconf 84' lang='grc' dir='ltr'>θυμηρεστέρα.</span> <span class='ocrx_word' id='word_1_126' title='bbox 1407 1756 1520 1810; x_wconf 74' lang='grc' dir='ltr'><strong>Καὶ</strong></span> <span class='ocrx_word' id='word_1_127' title='bbox 1547 1755 1764 1827; x_wconf 84' lang='grc' dir='ltr'>μάρτυς</span> <span class='ocrx_word' id='word_1_128' title='bbox 1790 1756 1953 1821; x_wconf 74' lang='grc' dir='ltr'>αὐτὸς</span> 
     </span>
    </p>
   </div>
   <div class='ocr_carea' id='block_1_20' title="bbox 356 1817 2027 1918">
    <p class='ocr_par' dir='ltr' id='par_1_20' title="bbox 356 1817 2027 1918">
     <span class='ocr_line' id='line_1_20' title="bbox 356 1817 2027 1918; baseline 0.004 -21"><span class='ocrx_word' id='word_1_129' title='bbox 356 1844 456 1898; x_wconf 72' lang='grc' dir='ltr'><strong>διὰ</strong></span> <span class='ocrx_word' id='word_1_130' title='bbox 489 1817 583 1898; x_wconf 72' lang='grc' dir='ltr'><strong>τοῦ</strong></span> <span class='ocrx_word' id='word_1_131' title='bbox 620 1817 903 1917; x_wconf 63' lang='grc' dir='ltr'>προφητου</span> <span class='ocrx_word' id='word_1_132' title='bbox 940 1817 1078 1918; x_wconf 58' lang='grc' dir='ltr'>πρός</span> <span class='ocrx_word' id='word_1_133' title='bbox 1103 1817 1427 1912; x_wconf 45' lang='grc' dir='ltr'>’.Ἰουδαίους</span> <span class='ocrx_word' id='word_1_134' title='bbox 1477 1817 1652 1918; x_wconf 63' lang='grc' dir='ltr'><strong>βοῶνἰ</strong></span> <span class='ocrx_word' id='word_1_135' title='bbox 1700 1867 1721 1901; x_wconf 77' lang='grc' dir='ltr'><strong>ι</strong></span> <span class='ocrx_word' id='word_1_136' title='bbox 1744 1817 1757 1821; x_wconf 27' lang='grc' dir='ltr'><strong><em>γ</em></strong></span> <span class='ocrx_word' id='word_1_137' title='bbox 1786 1817 1951 1904; x_wconf 45' lang='grc' dir='ltr'>Ἀπόλ</span> <span class='ocrx_word' id='word_1_138' title='bbox 1984 1817 2027 1872; x_wconf 77' lang='grc' dir='ltr'><strong>Β</strong></span> 
     </span>
    </p>
   </div>
   <div class='ocr_carea' id='block_1_21' title="bbox 361 1932 1952 2013">
    <p class='ocr_par' dir='ltr' id='par_1_21' title="bbox 361 1932 1952 2013">
     <span class='ocr_line' id='line_1_21' title="bbox 361 1932 1952 2013; baseline 0.004 -24"><span class='ocrx_word' id='word_1_139' title='bbox 361 1952 568 2008; x_wconf 89' lang='grc' dir='ltr'>στησον</span> <span class='ocrx_word' id='word_1_140' title='bbox 608 1937 704 1990; x_wconf 89' lang='grc' dir='ltr'><strong>ἀπ’</strong></span> <span class='ocrx_word' id='word_1_141' title='bbox 751 1935 887 2009; x_wconf 81' lang='grc' dir='ltr'>ἐμοῦ</span> <span class='ocrx_word' id='word_1_142' title='bbox 934 1932 1068 2008; x_wconf 79' lang='grc' dir='ltr'>ἦχον</span> <span class='ocrx_word' id='word_1_143' title='bbox 1097 1938 1250 2009; x_wconf 82' lang='grc' dir='ltr'>ᾠδῶν</span> <span class='ocrx_word' id='word_1_144' title='bbox 1285 1957 1400 2005; x_wconf 87' lang='grc' dir='ltr'>σου,</span> <span class='ocrx_word' id='word_1_145' title='bbox 1436 1940 1533 1994; x_wconf 77' lang='grc' dir='ltr'>καὶ</span> <span class='ocrx_word' id='word_1_146' title='bbox 1567 1939 1752 2013; x_wconf 82' lang='grc' dir='ltr'>φωνὴν</span> <span class='ocrx_word' id='word_1_147' title='bbox 1785 1941 1952 2012; x_wconf 85' lang='grc' dir='ltr'>ὀργά-</span> 
     </span>
    </p>
   </div>
   <div class='ocr_carea' id='block_1_22' title="bbox 356 2032 1149 2103">
    <p class='ocr_par' dir='ltr' id='par_1_22' title="bbox 356 2032 1149 2103">
     <span class='ocr_line' id='line_1_22' title="bbox 356 2032 1149 2103; baseline 0.003 -20"><span class='ocrx_word' id='word_1_148' title='bbox 356 2047 474 2083; x_wconf 89' lang='grc' dir='ltr'>νων</span> <span class='ocrx_word' id='word_1_149' title='bbox 502 2047 598 2083; x_wconf 85' lang='grc' dir='ltr'><strong>σου</strong></span> <span class='ocrx_word' id='word_1_150' title='bbox 627 2032 728 2084; x_wconf 82' lang='grc' dir='ltr'>οὐκ</span> <span class='ocrx_word' id='word_1_151' title='bbox 758 2032 1087 2103; x_wconf 79' lang='grc' dir='ltr'>ἀκούσομαι.</span> <span class='ocrx_word' id='word_1_152' title='bbox 1130 2052 1149 2085; x_wconf 76' lang='grc' dir='ltr'><strong>ι</strong></span> 
     </span>
    </p>
   </div>
   <div class='ocr_carea' id='block_1_23' title="bbox 436 2124 1950 2201">
    <p class='ocr_par' dir='ltr' id='par_1_23' title="bbox 436 2124 1950 2201">
     <span class='ocr_line' id='line_1_23' title="bbox 436 2124 1950 2201; baseline 0.007 -26"><span class='ocrx_word' id='word_1_153' title='bbox 436 2128 514 2186; x_wconf 84' lang='grc' dir='ltr'>ς’.</span> <span class='ocrx_word' id='word_1_154' title='bbox 553 2141 573 2173; x_wconf 81' lang='grc' dir='ltr'><strong>ι</strong></span> <span class='ocrx_word' id='word_1_155' title='bbox 628 2124 718 2176; x_wconf 85' lang='grc' dir='ltr'><strong>Ἐν</strong></span> <span class='ocrx_word' id='word_1_156' title='bbox 744 2124 1036 2191; x_wconf 81' lang='grc' dir='ltr'>σάλπιγξιν</span> <span class='ocrx_word' id='word_1_157' title='bbox 1070 2124 1309 2189; x_wconf 76' lang='grc' dir='ltr'>ἐλαταῖς,</span> <span class='ocrx_word' id='word_1_158' title='bbox 1336 2126 1432 2179; x_wconf 83' lang='grc' dir='ltr'>καὶ</span> <span class='ocrx_word' id='word_1_159' title='bbox 1460 2131 1612 2200; x_wconf 84' lang='grc' dir='ltr'>φωνῇ</span> <span class='ocrx_word' id='word_1_160' title='bbox 1646 2129 1950 2201; x_wconf 86' lang='grc' dir='ltr'>σάλπιγγος</span> 
     </span>
    </p>
   </div>
   <div class='ocr_carea' id='block_1_24' title="bbox 356 2214 1949 2295">
    <p class='ocr_par' dir='ltr' id='par_1_24' title="bbox 356 2214 1949 2295">
     <span class='ocr_line' id='line_1_24' title="bbox 356 2214 1949 2295; baseline 0.007 -29"><span class='ocrx_word' id='word_1_161' title='bbox 356 2214 679 2286; x_wconf 84' lang='grc' dir='ltr'>κερατίνης.</span> <span class='ocrx_word' id='word_1_162' title='bbox 720 2235 737 2267; x_wconf 77' lang='grc' dir='ltr'><strong>ι</strong></span> <span class='ocrx_word' id='word_1_163' title='bbox 782 2216 1094 2287; x_wconf 72' lang='grc' dir='ltr'><strong>Σάλπιγγα</strong></span> <span class='ocrx_word' id='word_1_164' title='bbox 1140 2218 1404 2282; x_wconf 85' lang='grc' dir='ltr'>πολλάκις</span> <span class='ocrx_word' id='word_1_165' title='bbox 1448 2220 1549 2291; x_wconf 79' lang='grc' dir='ltr'>τὴν</span> <span class='ocrx_word' id='word_1_166' title='bbox 1595 2222 1725 2291; x_wconf 82' lang='grc' dir='ltr'>βοὴν</span> <span class='ocrx_word' id='word_1_167' title='bbox 1757 2224 1791 2295; x_wconf 81' lang='grc' dir='ltr'>ἡ</span> <span class='ocrx_word' id='word_1_168' title='bbox 1826 2224 1949 2278; x_wconf 89' lang='grc' dir='ltr'>θεία</span> 
     </span>
    </p>
   </div>
   <div class='ocr_carea' id='block_1_25' title="bbox 356 2308 1949 2385">
    <p class='ocr_par' dir='ltr' id='par_1_25' title="bbox 356 2308 1949 2385">
     <span class='ocr_line' id='line_1_25' title="bbox 356 2308 1949 2385; baseline 0.006 -23"><span class='ocrx_word' id='word_1_169' title='bbox 356 2308 521 2363; x_wconf 81' lang='grc' dir='ltr'><strong>καλεί</strong></span> <span class='ocrx_word' id='word_1_170' title='bbox 540 2310 753 2382; x_wconf 87' lang='grc' dir='ltr'>Γραφή.</span> <span class='ocrx_word' id='word_1_171' title='bbox 787 2311 976 2375; x_wconf 80' lang='grc' dir='ltr'>Οὕτως</span> <span class='ocrx_word' id='word_1_172' title='bbox 1005 2315 1033 2365; x_wconf 91' lang='grc' dir='ltr'><strong>ό</strong></span> <span class='ocrx_word' id='word_1_173' title='bbox 1065 2313 1270 2383; x_wconf 80' lang='grc' dir='ltr'>Κύριος</span> <span class='ocrx_word' id='word_1_174' title='bbox 1300 2316 1358 2367; x_wconf 87' lang='grc' dir='ltr'><strong>ἐν</strong></span> <span class='ocrx_word' id='word_1_175' title='bbox 1386 2318 1502 2379; x_wconf 85' lang='grc' dir='ltr'>τοῖς</span> <span class='ocrx_word' id='word_1_176' title='bbox 1531 2317 1886 2385; x_wconf 82' lang='grc' dir='ltr'>Εὐαγγελίοις</span> <span class='ocrx_word' id='word_1_177' title='bbox 1902 2320 1949 2352; x_wconf 75' lang='grc'><strong>⁸³</strong></span> 
     </span>
    </p>
   </div>
   <div class='ocr_carea' id='block_1_26' title="bbox 358 2397 1950 2479">
    <p class='ocr_par' dir='ltr' id='par_1_26' title="bbox 358 2397 1950 2479">
     <span class='ocr_line' id='line_1_26' title="bbox 358 2397 1950 2479; baseline 0.008 -31"><span class='ocrx_word' id='word_1_178' title='bbox 358 2397 530 2466; x_wconf 80' lang='grc' dir='ltr'>φησιν</span> <span class='ocrx_word' id='word_1_179' title='bbox 555 2415 568 2428; x_wconf 86' lang='grc'><em>’</em></span> <span class='ocrx_word' id='word_1_180' title='bbox 605 2417 624 2450; x_wconf 76' lang='grc' dir='ltr'><strong>ι</strong></span> <span class='ocrx_word' id='word_1_181' title='bbox 666 2399 782 2453; x_wconf 81' lang='grc' dir='ltr'>Ὀτ’</span> <span class='ocrx_word' id='word_1_182' title='bbox 809 2398 876 2452; x_wconf 84' lang='grc' dir='ltr'>ἂν</span> <span class='ocrx_word' id='word_1_183' title='bbox 922 2402 1084 2471; x_wconf 84' lang='grc' dir='ltr'>ποιῇς</span> <span class='ocrx_word' id='word_1_184' title='bbox 1111 2401 1506 2474; x_wconf 78' lang='grc' dir='ltr'>ἐλεημοσύνην,</span> <span class='ocrx_word' id='word_1_185' title='bbox 1558 2404 1634 2475; x_wconf 83' lang='grc' dir='ltr'>μὴ</span> <span class='ocrx_word' id='word_1_186' title='bbox 1679 2405 1950 2479; x_wconf 75' lang='grc' dir='ltr'>σαλπίσῃς</span> 
     </span>
    </p>
   </div>
   <div class='ocr_carea' id='block_1_27' title="bbox 356 2487 1949 2564">
    <p class='ocr_par' dir='ltr' id='par_1_27' title="bbox 356 2487 1949 2564">
     <span class='ocr_line' id='line_1_27' title="bbox 356 2487 1949 2564; baseline 0.006 -23"><span class='ocrx_word' id='word_1_187' title='bbox 356 2487 679 2561; x_wconf 74' lang='grc' dir='ltr'>ἔμπροσθέν</span> <span class='ocrx_word' id='word_1_188' title='bbox 715 2507 832 2551; x_wconf 89' lang='grc' dir='ltr'>σου,</span> <span class='ocrx_word' id='word_1_189' title='bbox 866 2491 1059 2561; x_wconf 80' lang='grc' dir='ltr'>ὥσπερ</span> <span class='ocrx_word' id='word_1_190' title='bbox 1089 2495 1138 2545; x_wconf 80' lang='grc' dir='ltr'>οἱ</span> <span class='ocrx_word' id='word_1_191' title='bbox 1171 2493 1467 2564; x_wconf 76' lang='grc' dir='ltr'>ὑποκριταὶ</span> <span class='ocrx_word' id='word_1_192' title='bbox 1514 2497 1758 2550; x_wconf 74' lang='grc' dir='ltr'>ποιοῦσιν</span> <span class='ocrx_word' id='word_1_193' title='bbox 1779 2515 1792 2530; x_wconf 88' lang='grc'><strong>·</strong></span> <span class='ocrx_word' id='word_1_194' title='bbox 1826 2499 1949 2551; x_wconf 75' lang='grc' dir='ltr'>ἀντὶ</span> 
     </span>
    </p>
   </div>
   <div class='ocr_carea' id='block_1_28' title="bbox 353 2580 1944 2660">
    <p class='ocr_par' dir='ltr' id='par_1_28' title="bbox 353 2580 1944 2660">
     <span class='ocr_line' id='line_1_28' title="bbox 353 2580 1944 2660; baseline 0.006 -26"><span class='ocrx_word' id='word_1_195' title='bbox 353 2580 480 2647; x_wconf 82' lang='grc' dir='ltr'>τοῦ,</span> <span class='ocrx_word' id='word_1_196' title='bbox 524 2582 619 2652; x_wconf 83' lang='grc' dir='ltr'><strong>Μὴ</strong></span> <span class='ocrx_word' id='word_1_197' title='bbox 652 2581 919 2652; x_wconf 79' lang='grc' dir='ltr'>κηρύξῃς,</span> <span class='ocrx_word' id='word_1_198' title='bbox 958 2582 1094 2653; x_wconf 77' lang='grc' dir='ltr'>μηδὲ</span> <span class='ocrx_word' id='word_1_199' title='bbox 1138 2584 1307 2657; x_wconf 84' lang='grc' dir='ltr'>δήλην</span> <span class='ocrx_word' id='word_1_200' title='bbox 1340 2585 1510 2639; x_wconf 79' lang='grc' dir='ltr'>ἅπασι</span> <span class='ocrx_word' id='word_1_201' title='bbox 1552 2590 1905 2660; x_wconf 79' lang='grc' dir='ltr'>καταστήσῃς</span> <span class='ocrx_word' id='word_1_202' title='bbox 1929 2605 1944 2621; x_wconf 77' lang='grc' dir='ltr'><strong>ο</strong></span> 
     </span>
    </p>
   </div>
   <div class='ocr_carea' id='block_1_29' title="bbox 359 2674 1949 2751">
    <p class='ocr_par' dir='ltr' id='par_1_29' title="bbox 359 2674 1949 2751">
     <span class='ocr_line' id='line_1_29' title="bbox 359 2674 1949 2751; baseline 0.003 -23"><span class='ocrx_word' id='word_1_203' title='bbox 359 2674 451 2728; x_wconf 79' lang='grc' dir='ltr'>ἵνα</span> <span class='ocrx_word' id='word_1_204' title='bbox 486 2675 562 2745; x_wconf 87' lang='grc' dir='ltr'>μὴ</span> <span class='ocrx_word' id='word_1_205' title='bbox 603 2676 669 2745; x_wconf 83' lang='grc' dir='ltr'>τῇ</span> <span class='ocrx_word' id='word_1_206' title='bbox 701 2677 832 2745; x_wconf 83' lang='grc' dir='ltr'>κενῇ</span> <span class='ocrx_word' id='word_1_207' title='bbox 865 2675 991 2746; x_wconf 78' lang='grc' dir='ltr'>δόξῃ</span> <span class='ocrx_word' id='word_1_208' title='bbox 1037 2675 1128 2729; x_wconf 82' lang='grc' dir='ltr'>τὸν</span> <span class='ocrx_word' id='word_1_209' title='bbox 1157 2677 1256 2747; x_wconf 83' lang='grc' dir='ltr'>τῆς</span> <span class='ocrx_word' id='word_1_210' title='bbox 1285 2678 1697 2750; x_wconf 74' lang='grc' dir='ltr'>φιλανθρωπίας</span> <span class='ocrx_word' id='word_1_211' title='bbox 1735 2679 1949 2751; x_wconf 86' lang='grc' dir='ltr'>λυμήνῃ</span> 
     </span>
    </p>
   </div>
   <div class='ocr_carea' id='block_1_30' title="bbox 358 2763 1947 2839">
    <p class='ocr_par' dir='ltr' id='par_1_30' title="bbox 358 2763 1947 2839">
     <span class='ocr_line' id='line_1_30' title="bbox 358 2763 1947 2839; baseline 0.002 -21"><span class='ocrx_word' id='word_1_212' title='bbox 358 2764 598 2834; x_wconf 83' lang='grc' dir='ltr'>καρπόν.</span> <span class='ocrx_word' id='word_1_213' title='bbox 653 2763 762 2817; x_wconf 71' lang='grc' dir='ltr'><strong>Καὶ</strong></span> <span class='ocrx_word' id='word_1_214' title='bbox 814 2764 1050 2819; x_wconf 81' lang='grc' dir='ltr'>ἐνταῦθα</span> <span class='ocrx_word' id='word_1_215' title='bbox 1092 2766 1275 2819; x_wconf 78' lang='grc' dir='ltr'>τοίνυν</span> <span class='ocrx_word' id='word_1_216' title='bbox 1324 2766 1635 2836; x_wconf 74' lang='grc' dir='ltr'>σάλπιγγα</span> <span class='ocrx_word' id='word_1_217' title='bbox 1666 2768 1763 2839; x_wconf 83' lang='grc' dir='ltr'>τὴν</span> <span class='ocrx_word' id='word_1_218' title='bbox 1801 2769 1947 2821; x_wconf 87' lang='grc' dir='ltr'>διδα-</span> 
     </span>
    </p>
   </div>
   <div class='ocr_carea' id='block_1_31' title="bbox 365 2851 1947 2930">
    <p class='ocr_par' dir='ltr' id='par_1_31' title="bbox 365 2851 1947 2930">
     <span class='ocr_line' id='line_1_31' title="bbox 365 2851 1947 2930; baseline 0.005 -25"><span class='ocrx_word' id='word_1_219' title='bbox 365 2854 590 2907; x_wconf 86' lang='grc' dir='ltr'>σκαλίαν</span> <span class='ocrx_word' id='word_1_220' title='bbox 618 2854 778 2912; x_wconf 81' lang='grc' dir='ltr'>καλεῖ</span> <span class='ocrx_word' id='word_1_221' title='bbox 804 2855 869 2915; x_wconf 69' lang='grc'><strong>⁸⁵,</strong></span> <span class='ocrx_word' id='word_1_222' title='bbox 904 2854 973 2907; x_wconf 83' lang='grc' dir='ltr'><strong>δι’</strong></span> <span class='ocrx_word' id='word_1_223' title='bbox 1002 2851 1071 2928; x_wconf 82' lang='grc' dir='ltr'>ἦς</span> <span class='ocrx_word' id='word_1_224' title='bbox 1103 2857 1196 2909; x_wconf 72' lang='grc' dir='ltr'>καὶ</span> <span class='ocrx_word' id='word_1_225' title='bbox 1222 2857 1319 2921; x_wconf 87' lang='grc' dir='ltr'><strong>τὰς</strong></span> <span class='ocrx_word' id='word_1_226' title='bbox 1349 2860 1429 2922; x_wconf 83' lang='grc' dir='ltr'><strong>εἰς</strong></span> <span class='ocrx_word' id='word_1_227' title='bbox 1460 2860 1608 2928; x_wconf 81' lang='grc' dir='ltr'>ἡμᾶς</span> <span class='ocrx_word' id='word_1_228' title='bbox 1642 2861 1947 2930; x_wconf 81' lang='grc' dir='ltr'>γεγενημέ-</span> 
     </span>
    </p>
   </div>
   <div class='ocr_carea' id='block_1_32' title="bbox 361 2945 1948 3030">
    <p class='ocr_par' dir='ltr' id='par_1_32' title="bbox 361 2945 1948 3030">
     <span class='ocr_line' id='line_1_32' title="bbox 361 2945 1948 3030; baseline 0.003 -32"><span class='ocrx_word' id='word_1_229' title='bbox 361 2962 460 3030; x_wconf 72' lang='grc' dir='ltr'><strong>νας</strong></span> <span class='ocrx_word' id='word_1_230' title='bbox 484 2945 530 2978; x_wconf 76' lang='grc'><strong>⁸⁸</strong></span> <span class='ocrx_word' id='word_1_231' title='bbox 557 2945 883 3016; x_wconf 76' lang='grc' dir='ltr'>εὐεργεσίας</span> <span class='ocrx_word' id='word_1_232' title='bbox 917 2947 1281 3018; x_wconf 83' lang='grc' dir='ltr'>μανθάνομεν,</span> <span class='ocrx_word' id='word_1_233' title='bbox 1311 2950 1407 3002; x_wconf 61' lang='grc' dir='ltr'><strong>καὶ¹</strong></span> <span class='ocrx_word' id='word_1_234' title='bbox 1434 2951 1561 3012; x_wconf 81' lang='grc' dir='ltr'>τοὺς</span> <span class='ocrx_word' id='word_1_235' title='bbox 1588 2950 1948 3019; x_wconf 80' lang='grc' dir='ltr'>όνησιφόρους</span> 
     </span>
    </p>
   </div>
   <div class='ocr_carea' id='block_1_33' title="bbox 355 3036 1949 3111">
    <p class='ocr_par' dir='ltr' id='par_1_33' title="bbox 355 3036 1949 3111">
     <span class='ocr_line' id='line_1_33' title="bbox 355 3036 1949 3111; baseline 0.003 -21"><span class='ocrx_word' id='word_1_236' title='bbox 355 3036 739 3108; x_wconf 81' lang='grc' dir='ltr'>παιδευόμεθα</span> <span class='ocrx_word' id='word_1_237' title='bbox 787 3039 1012 3110; x_wconf 87' lang='grc' dir='ltr'>νόμους.</span> <span class='ocrx_word' id='word_1_238' title='bbox 1076 3041 1332 3107; x_wconf 77' lang='grc' dir='ltr'>Ἐλατὰς</span> <span class='ocrx_word' id='word_1_239' title='bbox 1371 3041 1426 3094; x_wconf 81' lang='grc' dir='ltr'>δὲ</span> <span class='ocrx_word' id='word_1_240' title='bbox 1475 3040 1819 3111; x_wconf 76' lang='grc' dir='ltr'>σάλπιγγας</span> <span class='ocrx_word' id='word_1_241' title='bbox 1852 3044 1949 3107; x_wconf 85' lang='grc' dir='ltr'>τὰς</span> 
     </span>
    </p>
   </div>
   <div class='ocr_carea' id='block_1_34' title="bbox 2067 575 2765 651">
    <p class='ocr_par' dir='ltr' id='par_1_34' title="bbox 2067 575 2765 651">
     <span class='ocr_line' id='line_1_34' title="bbox 2067 575 2765 651; baseline 0.016 -24"><span class='ocrx_word' id='word_1_242' title='bbox 2067 575 2343 632; x_wconf 74' lang='lat' dir='ltr'><strong>hilaritate</strong></span> <span class='ocrx_word' id='word_1_243' title='bbox 2379 579 2765 651; x_wconf 88' lang='lat' dir='ltr'><strong>tripudiantes.</strong></span> 
     </span>
    </p>
   </div>
   <div class='ocr_carea' id='block_1_35' title="bbox 2138 752 3650 835">
    <p class='ocr_par' dir='ltr' id='par_1_35' title="bbox 2138 752 3650 835">
     <span class='ocr_line' id='line_1_35' title="bbox 2138 752 3650 835; baseline 0.015 -28"><span class='ocrx_word' id='word_1_244' title='bbox 2138 752 2309 811; x_wconf 71' lang='lat' dir='ltr'><strong>Vens.</strong></span> <span class='ocrx_word' id='word_1_245' title='bbox 2355 757 2410 811; x_wconf 70' lang='lat' dir='ltr'><strong>Pi.</strong></span> <span class='ocrx_word' id='word_1_246' title='bbox 2454 776 2472 810; x_wconf 71' lang='grc' dir='ltr'><strong>ι</strong></span> <span class='ocrx_word' id='word_1_247' title='bbox 2511 758 2731 816; x_wconf 88' lang='lat' dir='ltr'><strong>Psallite</strong></span> <span class='ocrx_word' id='word_1_248' title='bbox 2763 762 2994 820; x_wconf 89' lang='lat' dir='ltr'><strong>Domino</strong></span> <span class='ocrx_word' id='word_1_249' title='bbox 3025 779 3149 820; x_wconf 93' lang='lat' dir='ltr'><strong>cum</strong></span> <span class='ocrx_word' id='word_1_250' title='bbox 3175 767 3409 835; x_wconf 76' lang='lat' dir='ltr'><strong>cithara,</strong></span> <span class='ocrx_word' id='word_1_251' title='bbox 3441 779 3498 824; x_wconf 90' lang='lat' dir='ltr'><strong>et</strong></span> <span class='ocrx_word' id='word_1_252' title='bbox 3524 786 3650 828; x_wconf 84' lang='lat' dir='ltr'><strong>eum</strong></span> 
     </span>
    </p>
   </div>
   <div class='ocr_carea' id='block_1_36' title="bbox 2062 847 3650 925">
    <p class='ocr_par' dir='ltr' id='par_1_36' title="bbox 2062 847 3650 925">
     <span class='ocr_line' id='line_1_36' title="bbox 2062 847 3650 925; baseline 0.013 -29"><span class='ocrx_word' id='word_1_253' title='bbox 2062 859 2195 900; x_wconf 81' lang='lat' dir='ltr'><strong>voce</strong></span> <span class='ocrx_word' id='word_1_254' title='bbox 2242 847 2461 916; x_wconf 78' lang='lat' dir='ltr'><strong>psalmi.</strong></span> <span class='ocrx_word' id='word_1_255' title='bbox 2505 868 2524 900; x_wconf 71' lang='grc' dir='ltr'><strong>ι</strong></span> <span class='ocrx_word' id='word_1_256' title='bbox 2564 848 2631 904; x_wconf 86' lang='lat' dir='ltr'><strong>Et</strong></span> <span class='ocrx_word' id='word_1_257' title='bbox 2680 851 2825 909; x_wconf 89' lang='lat' dir='ltr'><strong>hanc</strong></span> <span class='ocrx_word' id='word_1_258' title='bbox 2873 868 3007 909; x_wconf 84' lang='lat' dir='ltr'><strong>sane</strong></span> <span class='ocrx_word' id='word_1_259' title='bbox 3052 855 3226 925; x_wconf 87' lang='lat' dir='ltr'><strong>legem</strong></span> <span class='ocrx_word' id='word_1_260' title='bbox 3280 860 3548 915; x_wconf 91' lang='lat' dir='ltr'><strong>continuo</strong></span> <span class='ocrx_word' id='word_1_261' title='bbox 3593 862 3650 917; x_wconf 91' lang='lat' dir='ltr'><strong>in</strong></span> 
     </span>
    </p>
   </div>
   <div class='ocr_carea' id='block_1_37' title="bbox 2060 934 3651 1019">
    <p class='ocr_par' dir='ltr' id='par_1_37' title="bbox 2060 934 3651 1019">
     <span class='ocr_line' id='line_1_37' title="bbox 2060 934 3651 1019; baseline 0.009 -31"><span class='ocrx_word' id='word_1_262' title='bbox 2060 934 2313 990; x_wconf 88' lang='lat' dir='ltr'><strong>ccclesiis</strong></span> <span class='ocrx_word' id='word_1_263' title='bbox 2361 936 2639 1007; x_wconf 89' lang='lat' dir='ltr'><strong>impletam</strong></span> <span class='ocrx_word' id='word_1_264' title='bbox 2684 941 2866 997; x_wconf 86' lang='lat' dir='ltr'><strong>videre</strong></span> <span class='ocrx_word' id='word_1_265' title='bbox 2909 943 3054 998; x_wconf 90' lang='lat' dir='ltr'><strong>licet.</strong></span> <span class='ocrx_word' id='word_1_266' title='bbox 3110 943 3400 1014; x_wconf 84' lang='lat' dir='ltr'><strong>Spirituali</strong></span> <span class='ocrx_word' id='word_1_267' title='bbox 3448 948 3651 1019; x_wconf 84' lang='lat' dir='ltr'><strong>quippe</strong></span> 
     </span>
    </p>
   </div>
   <div class='ocr_carea' id='block_1_38' title="bbox 2061 1024 3650 1098">
    <p class='ocr_par' dir='ltr' id='par_1_38' title="bbox 2061 1024 3650 1098">
     <span class='ocr_line' id='line_1_38' title="bbox 2061 1024 3650 1098; baseline 0.009 -19"><span class='ocrx_word' id='word_1_268' title='bbox 2061 1024 2271 1080; x_wconf 75' lang='lat' dir='ltr'><strong>cithara</strong></span> <span class='ocrx_word' id='word_1_269' title='bbox 2293 1026 2536 1083; x_wconf 81' lang='lat' dir='ltr'><strong>divinam</strong></span> <span class='ocrx_word' id='word_1_270' title='bbox 2564 1029 2849 1098; x_wconf 87' lang='lat' dir='ltr'><strong>pulsamus</strong></span> <span class='ocrx_word' id='word_1_271' title='bbox 2876 1033 3191 1089; x_wconf 86' lang='lat' dir='ltr'><strong>melodiam.</strong></span> <span class='ocrx_word' id='word_1_272' title='bbox 3218 1033 3495 1092; x_wconf 83' lang='lat' dir='ltr'><strong>Ellicimus</strong></span> <span class='ocrx_word' id='word_1_273' title='bbox 3519 1053 3650 1093; x_wconf 83' lang='lat' dir='ltr'><strong>vero</strong></span> 
     </span>
    </p>
   </div>
   <div class='ocr_carea' id='block_1_39' title="bbox 2061 1115 3651 1193">
    <p class='ocr_par' dir='ltr' id='par_1_39' title="bbox 2061 1115 3651 1193">
     <span class='ocr_line' id='line_1_39' title="bbox 2061 1115 3651 1193; baseline 0.008 -22"><span class='ocrx_word' id='word_1_274' title='bbox 2061 1115 2227 1171; x_wconf 89' lang='lat' dir='ltr'><strong>etiam</strong></span> <span class='ocrx_word' id='word_1_275' title='bbox 2261 1132 2362 1174; x_wconf 89' lang='lat' dir='ltr'><strong>nos</strong></span> <span class='ocrx_word' id='word_1_276' title='bbox 2406 1132 2595 1175; x_wconf 92' lang='lat' dir='ltr'><strong>nostra</strong></span> <span class='ocrx_word' id='word_1_277' title='bbox 2642 1136 2877 1190; x_wconf 91' lang='lat' dir='ltr'><strong>corpora</strong></span> <span class='ocrx_word' id='word_1_278' title='bbox 2929 1124 3173 1180; x_wconf 86' lang='lat' dir='ltr'><strong>citharas</strong></span> <span class='ocrx_word' id='word_1_279' title='bbox 3221 1128 3540 1193; x_wconf 84' lang='lat' dir='ltr'><strong>rationales,</strong></span> <span class='ocrx_word' id='word_1_280' title='bbox 3592 1138 3651 1185; x_wconf 86' lang='lat' dir='ltr'><strong>et</strong></span> 
     </span>
    </p>
   </div>
   <div class='ocr_carea' id='block_1_40' title="bbox 2062 1209 3649 1284">
    <p class='ocr_par' dir='ltr' id='par_1_40' title="bbox 2062 1209 3649 1284">
     <span class='ocr_line' id='line_1_40' title="bbox 2062 1209 3649 1284; baseline 0.005 -23"><span class='ocrx_word' id='word_1_281' title='bbox 2062 1210 2080 1231; x_wconf 80' lang='lat'><strong><em>‘</em></strong></span> <span class='ocrx_word' id='word_1_282' title='bbox 2101 1209 2308 1262; x_wconf 88' lang='lat' dir='ltr'><strong>utimur</strong></span> <span class='ocrx_word' id='word_1_283' title='bbox 2342 1223 2442 1278; x_wconf 90' lang='lat' dir='ltr'><strong>pro</strong></span> <span class='ocrx_word' id='word_1_284' title='bbox 2477 1210 2699 1265; x_wconf 83' lang='lat' dir='ltr'><strong>chordis</strong></span> <span class='ocrx_word' id='word_1_285' title='bbox 2731 1212 2954 1282; x_wconf 89' lang='lat' dir='ltr'><strong>quidem</strong></span> <span class='ocrx_word' id='word_1_286' title='bbox 2985 1212 3265 1279; x_wconf 80' lang='lat' dir='ltr'><strong>dentibus,</strong></span> <span class='ocrx_word' id='word_1_287' title='bbox 3315 1223 3370 1268; x_wconf 91' lang='lat' dir='ltr'><strong>et</strong></span> <span class='ocrx_word' id='word_1_288' title='bbox 3411 1228 3509 1284; x_wconf 91' lang='lat' dir='ltr'><strong>pro</strong></span> <span class='ocrx_word' id='word_1_289' title='bbox 3538 1229 3649 1270; x_wconf 61' lang='lat' dir='ltr'><strong>aere</strong></span> 
     </span>
    </p>
   </div>
   <div class='ocr_carea' id='block_1_41' title="bbox 2059 1297 3646 1374">
    <p class='ocr_par' dir='ltr' id='par_1_41' title="bbox 2059 1297 3646 1374">
     <span class='ocr_line' id='line_1_41' title="bbox 2059 1297 3646 1374; baseline 0.005 -23"><span class='ocrx_word' id='word_1_290' title='bbox 2059 1297 2221 1353; x_wconf 86' lang='lat' dir='ltr'><strong>labiis</strong></span> <span class='ocrx_word' id='word_1_291' title='bbox 2250 1317 2262 1352; x_wconf 92' lang='lat'>:</span> <span class='ocrx_word' id='word_1_292' title='bbox 2296 1298 2482 1369; x_wconf 84' lang='lat' dir='ltr'><strong>lingua</strong></span> <span class='ocrx_word' id='word_1_293' title='bbox 2514 1315 2644 1356; x_wconf 81' lang='lat' dir='ltr'><strong>vero</strong></span> <span class='ocrx_word' id='word_1_294' title='bbox 2671 1302 2914 1372; x_wconf 88' lang='lat' dir='ltr'><strong>quolibet</strong></span> <span class='ocrx_word' id='word_1_295' title='bbox 2933 1300 3144 1371; x_wconf 89' lang='lat' dir='ltr'><strong>plectro</strong></span> <span class='ocrx_word' id='word_1_296' title='bbox 3171 1302 3408 1359; x_wconf 83' lang='lat' dir='ltr'><strong>celerius</strong></span> <span class='ocrx_word' id='word_1_297' title='bbox 3438 1305 3646 1374; x_wconf 84' lang='lat' dir='ltr'><strong>agitata</strong></span> 
     </span>
    </p>
   </div>
   <div class='ocr_carea' id='block_1_42' title="bbox 2058 1389 3644 1463">
    <p class='ocr_par' dir='ltr' id='par_1_42' title="bbox 2058 1389 3644 1463">
     <span class='ocr_line' id='line_1_42' title="bbox 2058 1389 3644 1463; baseline 0.001 -18"><span class='ocrx_word' id='word_1_298' title='bbox 2058 1390 2392 1446; x_wconf 89' lang='lat' dir='ltr'><strong>concinnum</strong></span> <span class='ocrx_word' id='word_1_299' title='bbox 2455 1390 2636 1461; x_wconf 86' lang='lat' dir='ltr'><strong>pulsat</strong></span> <span class='ocrx_word' id='word_1_300' title='bbox 2696 1396 2916 1447; x_wconf 80' lang='lat' dir='ltr'><strong>sonum.</strong></span> <span class='ocrx_word' id='word_1_301' title='bbox 2960 1389 3116 1446; x_wconf 80' lang='lat' dir='ltr'><strong>Mens</strong></span> <span class='ocrx_word' id='word_1_302' title='bbox 3160 1399 3339 1445; x_wconf 89' lang='lat' dir='ltr'><strong>autem</strong></span> <span class='ocrx_word' id='word_1_303' title='bbox 3399 1392 3644 1463; x_wconf 78' lang='lat' dir='ltr'><strong>linguam</strong></span> 
     </span>
    </p>
   </div>
   <div class='ocr_carea' id='block_1_43' title="bbox 2058 1481 3647 1552">
    <p class='ocr_par' dir='ltr' id='par_1_43' title="bbox 2058 1481 3647 1552">
     <span class='ocr_line' id='line_1_43' title="bbox 2058 1481 3647 1552; baseline 0 -15"><span class='ocrx_word' id='word_1_304' title='bbox 2058 1491 2260 1549; x_wconf 82' lang='lat' dir='ltr'><strong>movet,</strong></span> <span class='ocrx_word' id='word_1_305' title='bbox 2293 1483 2459 1537; x_wconf 80' lang='lat' dir='ltr'><strong>veluti</strong></span> <span class='ocrx_word' id='word_1_306' title='bbox 2486 1482 2709 1552; x_wconf 90' lang='lat' dir='ltr'><strong>quidam</strong></span> <span class='ocrx_word' id='word_1_307' title='bbox 2754 1481 2963 1552; x_wconf 88' lang='lat' dir='ltr'><strong>peritus</strong></span> <span class='ocrx_word' id='word_1_308' title='bbox 3006 1482 3252 1536; x_wconf 86' lang='lat' dir='ltr'><strong>musicus</strong></span> <span class='ocrx_word' id='word_1_309' title='bbox 3276 1481 3424 1536; x_wconf 88' lang='lat' dir='ltr'><strong>illam</strong></span> <span class='ocrx_word' id='word_1_310' title='bbox 3466 1483 3647 1537; x_wconf 90' lang='lat' dir='ltr'><strong>scien-</strong></span> 
     </span>
    </p>
   </div>
   <div class='ocr_carea' id='block_1_44' title="bbox 2060 1572 3648 1644">
    <p class='ocr_par' dir='ltr' id='par_1_44' title="bbox 2060 1572 3648 1644">
     <span class='ocr_line' id='line_1_44' title="bbox 2060 1572 3648 1644; baseline -0.001 -14"><span class='ocrx_word' id='word_1_311' title='bbox 2060 1586 2138 1630; x_wconf 85' lang='lat' dir='ltr'><strong>ter</strong></span> <span class='ocrx_word' id='word_1_312' title='bbox 2162 1576 2399 1644; x_wconf 79' lang='lat' dir='ltr'><strong>agitans.</strong></span> <span class='ocrx_word' id='word_1_313' title='bbox 2433 1573 2559 1629; x_wconf 70' lang='lat' dir='ltr'><strong>llaec</strong></span> <span class='ocrx_word' id='word_1_314' title='bbox 2579 1574 2788 1630; x_wconf 88' lang='lat' dir='ltr'><strong>cithara</strong></span> <span class='ocrx_word' id='word_1_315' title='bbox 2818 1574 3027 1643; x_wconf 82' lang='lat' dir='ltr'><strong>gratior</strong></span> <span class='ocrx_word' id='word_1_316' title='bbox 3062 1581 3147 1629; x_wconf 86' lang='lat' dir='ltr'><strong>est</strong></span> <span class='ocrx_word' id='word_1_317' title='bbox 3171 1572 3304 1639; x_wconf 91' lang='lat' dir='ltr'><strong>Deo,</strong></span> <span class='ocrx_word' id='word_1_318' title='bbox 3335 1588 3500 1642; x_wconf 88' lang='lat' dir='ltr'><strong>quam</strong></span> <span class='ocrx_word' id='word_1_319' title='bbox 3554 1573 3648 1629; x_wconf 86' lang='lat' dir='ltr'><strong>illa</strong></span> 
     </span>
    </p>
   </div>
   <div class='ocr_carea' id='block_1_45' title="bbox 2056 1663 3648 1738">
    <p class='ocr_par' dir='ltr' id='par_1_45' title="bbox 2056 1663 3648 1738">
     <span class='ocr_line' id='line_1_45' title="bbox 2056 1663 3648 1738; baseline -0.003 -15"><span class='ocrx_word' id='word_1_320' title='bbox 2056 1683 2179 1738; x_wconf 63' lang='lat' dir='ltr'><strong>quae</strong></span> <span class='ocrx_word' id='word_1_321' title='bbox 2206 1667 2391 1722; x_wconf 89' lang='lat' dir='ltr'><strong>anima</strong></span> <span class='ocrx_word' id='word_1_322' title='bbox 2417 1675 2591 1723; x_wconf 83' lang='lat' dir='ltr'><strong>caret.</strong></span> <span class='ocrx_word' id='word_1_323' title='bbox 2621 1665 2690 1720; x_wconf 85' lang='lat' dir='ltr'><strong>Et</strong></span> <span class='ocrx_word' id='word_1_324' title='bbox 2727 1665 2846 1735; x_wconf 88' lang='lat' dir='ltr'><strong>ipse</strong></span> <span class='ocrx_word' id='word_1_325' title='bbox 2888 1666 3047 1721; x_wconf 85' lang='lat' dir='ltr'><strong>testis</strong></span> <span class='ocrx_word' id='word_1_326' title='bbox 3084 1673 3170 1721; x_wconf 88' lang='lat' dir='ltr'><strong>est</strong></span> <span class='ocrx_word' id='word_1_327' title='bbox 3210 1665 3277 1720; x_wconf 92' lang='lat' dir='ltr'><strong>ad</strong></span> <span class='ocrx_word' id='word_1_328' title='bbox 3302 1663 3521 1720; x_wconf 68' lang='lat' dir='ltr'><strong>Judaeos</strong></span> <span class='ocrx_word' id='word_1_329' title='bbox 3550 1678 3648 1735; x_wconf 88' lang='lat' dir='ltr'><strong>per</strong></span> 
     </span>
    </p>
   </div>
   <div class='ocr_carea' id='block_1_46' title="bbox 2056 1758 3646 1829">
    <p class='ocr_par' dir='ltr' id='par_1_46' title="bbox 2056 1758 3646 1829">
     <span class='ocr_line' id='line_1_46' title="bbox 2056 1758 3646 1829; baseline -0.004 -15"><span class='ocrx_word' id='word_1_330' title='bbox 2056 1762 2377 1829; x_wconf 88' lang='lat' dir='ltr'><strong>prophetam</strong></span> <span class='ocrx_word' id='word_1_331' title='bbox 2424 1758 2669 1814; x_wconf 88' lang='lat' dir='ltr'><strong>clamans</strong></span> <span class='ocrx_word' id='word_1_332' title='bbox 2703 1775 2717 1810; x_wconf 91' lang='lat'>:</span> <span class='ocrx_word' id='word_1_333' title='bbox 2767 1776 2786 1810; x_wconf 83' lang='grc' dir='ltr'><strong>ι</strong></span> <span class='ocrx_word' id='word_1_334' title='bbox 2823 1759 3023 1811; x_wconf 85' lang='lat' dir='ltr'><strong>Averte</strong></span> <span class='ocrx_word' id='word_1_335' title='bbox 3066 1772 3096 1809; x_wconf 88' lang='lat' dir='ltr'><strong>a</strong></span> <span class='ocrx_word' id='word_1_336' title='bbox 3135 1771 3224 1811; x_wconf 88' lang='lat' dir='ltr'><strong>me</strong></span> <span class='ocrx_word' id='word_1_337' title='bbox 3267 1770 3467 1811; x_wconf 86' lang='lat' dir='ltr'><strong>sonum</strong></span> <span class='ocrx_word' id='word_1_338' title='bbox 3510 1769 3646 1809; x_wconf 83' lang='lat' dir='ltr'><strong>can-</strong></span> 
     </span>
    </p>
   </div>
   <div class='ocr_carea' id='block_1_47' title="bbox 2059 1855 3641 1920">
    <p class='ocr_par' dir='ltr' id='par_1_47' title="bbox 2059 1855 3641 1920">
     <span class='ocr_line' id='line_1_47' title="bbox 2059 1855 3641 1920; baseline -0.005 -13"><span class='ocrx_word' id='word_1_339' title='bbox 2059 1855 2267 1908; x_wconf 90' lang='lat' dir='ltr'><strong>tionum</strong></span> <span class='ocrx_word' id='word_1_340' title='bbox 2310 1860 2553 1919; x_wconf 89' lang='lat' dir='ltr'><strong>tuarum,</strong></span> <span class='ocrx_word' id='word_1_341' title='bbox 2583 1858 2640 1906; x_wconf 91' lang='lat' dir='ltr'><strong>et</strong></span> <span class='ocrx_word' id='word_1_342' title='bbox 2662 1864 2850 1905; x_wconf 77' lang='lat' dir='ltr'><strong>vocem</strong></span> <span class='ocrx_word' id='word_1_343' title='bbox 2893 1863 3232 1920; x_wconf 80' lang='lat' dir='ltr'><strong>organorum</strong></span> <span class='ocrx_word' id='word_1_344' title='bbox 3272 1856 3494 1903; x_wconf 88' lang='lat' dir='ltr'><strong>tuorum</strong></span> <span class='ocrx_word' id='word_1_345' title='bbox 3531 1860 3641 1900; x_wconf 88' lang='lat' dir='ltr'><strong>non</strong></span> 
     </span>
    </p>
   </div>
   <div class='ocr_carea' id='block_1_48' title="bbox 2055 1944 2402 1999">
    <p class='ocr_par' dir='ltr' id='par_1_48' title="bbox 2055 1944 2402 1999">
     <span class='ocr_line' id='line_1_48' title="bbox 2055 1944 2402 1999; baseline -0.012 0"><span class='ocrx_word' id='word_1_346' title='bbox 2055 1944 2276 1999; x_wconf 87' lang='lat' dir='ltr'><strong>audiam</strong></span> <span class='ocrx_word' id='word_1_347' title='bbox 2297 1952 2339 1996; x_wconf 91' lang='lat'><strong>°.</strong></span> <span class='ocrx_word' id='word_1_348' title='bbox 2383 1961 2402 1995; x_wconf 73' lang='grc' dir='ltr'><strong>ι</strong></span> 
     </span>
    </p>
   </div>
   <div class='ocr_carea' id='block_1_49' title="bbox 2126 2115 3641 2184">
    <p class='ocr_par' dir='ltr' id='par_1_49' title="bbox 2126 2115 3641 2184">
     <span class='ocr_line' id='line_1_49' title="bbox 2126 2115 3641 2184; baseline -0.005 -6"><span class='ocrx_word' id='word_1_349' title='bbox 2126 2123 2295 2179; x_wconf 74' lang='lat' dir='ltr'><strong>Vens.</strong></span> <span class='ocrx_word' id='word_1_350' title='bbox 2339 2121 2393 2176; x_wconf 91' lang='lat'><strong>6.</strong></span> <span class='ocrx_word' id='word_1_351' title='bbox 2441 2139 2461 2173; x_wconf 80' lang='grc' dir='ltr'><strong>ι</strong></span> <span class='ocrx_word' id='word_1_352' title='bbox 2497 2120 2635 2176; x_wconf 88' lang='lat' dir='ltr'><strong>Cum</strong></span> <span class='ocrx_word' id='word_1_353' title='bbox 2684 2120 2830 2177; x_wconf 85' lang='lat' dir='ltr'><strong>tubis</strong></span> <span class='ocrx_word' id='word_1_354' title='bbox 2873 2118 3195 2184; x_wconf 91' lang='lat' dir='ltr'><strong>ductilibus,</strong></span> <span class='ocrx_word' id='word_1_355' title='bbox 3241 2126 3298 2172; x_wconf 89' lang='lat' dir='ltr'><strong>et</strong></span> <span class='ocrx_word' id='word_1_356' title='bbox 3325 2131 3458 2173; x_wconf 84' lang='lat' dir='ltr'><strong>voce</strong></span> <span class='ocrx_word' id='word_1_357' title='bbox 3493 2115 3641 2172; x_wconf 68' lang='lat' dir='ltr'><strong>tuba</strong></span> 
     </span>
    </p>
   </div>
   <div class='ocr_carea' id='block_1_50' title="bbox 2053 2201 3639 2281">
    <p class='ocr_par' dir='ltr' id='par_1_50' title="bbox 2053 2201 3639 2281">
     <span class='ocr_line' id='line_1_50' title="bbox 2053 2201 3639 2281; baseline -0.008 -8"><span class='ocrx_word' id='word_1_358' title='bbox 2053 2231 2288 2274; x_wconf 73' lang='lat' dir='ltr'><strong>corneae.</strong></span> <span class='ocrx_word' id='word_1_359' title='bbox 2322 2233 2342 2266; x_wconf 76' lang='grc' dir='ltr'><strong>ι</strong></span> <span class='ocrx_word' id='word_1_360' title='bbox 2409 2211 2612 2267; x_wconf 84' lang='lat' dir='ltr'><strong>Tubam</strong></span> <span class='ocrx_word' id='word_1_361' title='bbox 2677 2212 2878 2281; x_wconf 72' lang='lat' dir='ltr'><strong>saepius</strong></span> <span class='ocrx_word' id='word_1_362' title='bbox 2939 2209 3392 2275; x_wconf 64' lang='lat' dir='ltr'><strong>vociferationem</strong></span> <span class='ocrx_word' id='word_1_363' title='bbox 3461 2201 3639 2263; x_wconf 62' lang='lat' dir='ltr'><strong>sacrae</strong></span> 
     </span>
    </p>
   </div>
   <div class='ocr_carea' id='block_1_51' title="bbox 2054 2296 3638 2361">
    <p class='ocr_par' dir='ltr' id='par_1_51' title="bbox 2054 2296 3638 2361">
     <span class='ocr_line' id='line_1_51' title="bbox 2054 2296 3638 2361; baseline -0.008 -1"><span class='ocrx_word' id='word_1_364' title='bbox 2054 2306 2275 2361; x_wconf 66' lang='lat' dir='ltr'><strong>Litterae</strong></span> <span class='ocrx_word' id='word_1_365' title='bbox 2302 2312 2522 2361; x_wconf 83' lang='lat' dir='ltr'><strong>vocant.</strong></span> <span class='ocrx_word' id='word_1_366' title='bbox 2561 2303 2827 2357; x_wconf 90' lang='lat' dir='ltr'><strong>Similiter</strong></span> <span class='ocrx_word' id='word_1_367' title='bbox 2860 2300 3129 2356; x_wconf 89' lang='lat' dir='ltr'><strong>Dominus</strong></span> <span class='ocrx_word' id='word_1_368' title='bbox 3168 2300 3222 2354; x_wconf 90' lang='lat' dir='ltr'><strong>in</strong></span> <span class='ocrx_word' id='word_1_369' title='bbox 3250 2298 3427 2354; x_wconf 81' lang='lat' dir='ltr'><strong>sacris</strong></span> <span class='ocrx_word' id='word_1_370' title='bbox 3458 2296 3638 2350; x_wconf 82' lang='lat' dir='ltr'><strong>Evan-</strong></span> 
     </span>
    </p>
   </div>
   <div class='ocr_carea' id='block_1_52' title="bbox 2053 2388 3636 2469">
    <p class='ocr_par' dir='ltr' id='par_1_52' title="bbox 2053 2388 3636 2469">
     <span class='ocr_line' id='line_1_52' title="bbox 2053 2388 3636 2469; baseline -0.006 -15"><span class='ocrx_word' id='word_1_371' title='bbox 2053 2399 2206 2469; x_wconf 89' lang='lat' dir='ltr'><strong>gcliis</strong></span> <span class='ocrx_word' id='word_1_372' title='bbox 2225 2397 2405 2468; x_wconf 90' lang='lat' dir='ltr'><strong>inquit</strong></span> <span class='ocrx_word' id='word_1_373' title='bbox 2429 2412 2441 2450; x_wconf 92' lang='lat'><strong>:</strong></span> <span class='ocrx_word' id='word_1_374' title='bbox 2477 2416 2494 2447; x_wconf 82' lang='grc' dir='ltr'><strong>ι</strong></span> <span class='ocrx_word' id='word_1_375' title='bbox 2518 2394 2654 2450; x_wconf 85' lang='lat' dir='ltr'><strong>Cum</strong></span> <span class='ocrx_word' id='word_1_376' title='bbox 2677 2392 2890 2465; x_wconf 62' lang='lat'><strong>1304</strong></span> <span class='ocrx_word' id='word_1_377' title='bbox 2908 2392 3043 2447; x_wconf 80' lang='lat' dir='ltr'><strong>facis</strong></span> <span class='ocrx_word' id='word_1_378' title='bbox 3072 2391 3493 2460; x_wconf 87' lang='lat' dir='ltr'><strong>eleemosynam,</strong></span> <span class='ocrx_word' id='word_1_379' title='bbox 3522 2388 3636 2444; x_wconf 89' lang='lat' dir='ltr'><strong>noli</strong></span> 
     </span>
    </p>
   </div>
   <div class='ocr_carea' id='block_1_53' title="bbox 2056 2480 3630 2555">
    <p class='ocr_par' dir='ltr' id='par_1_53' title="bbox 2056 2480 3630 2555">
     <span class='ocr_line' id='line_1_53' title="bbox 2056 2480 3630 2555; baseline -0.011 -7"><span class='ocrx_word' id='word_1_380' title='bbox 2056 2495 2183 2548; x_wconf 91' lang='lat' dir='ltr'><strong>tuba</strong></span> <span class='ocrx_word' id='word_1_381' title='bbox 2214 2506 2417 2548; x_wconf 87' lang='lat' dir='ltr'><strong>canere</strong></span> <span class='ocrx_word' id='word_1_382' title='bbox 2450 2496 2576 2543; x_wconf 88' lang='lat' dir='ltr'><strong>ante</strong></span> <span class='ocrx_word' id='word_1_383' title='bbox 2622 2497 2696 2551; x_wconf 91' lang='lat' dir='ltr'><strong>te,</strong></span> <span class='ocrx_word' id='word_1_384' title='bbox 2748 2487 2892 2541; x_wconf 86' lang='lat' dir='ltr'><strong>sicut</strong></span> <span class='ocrx_word' id='word_1_385' title='bbox 2931 2483 3227 2555; x_wconf 71' lang='lat' dir='ltr'><strong>hypocrita:</strong></span> <span class='ocrx_word' id='word_1_386' title='bbox 3262 2480 3519 2534; x_wconf 66' lang='lat' dir='ltr'><strong>faciunt?</strong></span> <span class='ocrx_word' id='word_1_387' title='bbox 3552 2498 3566 2533; x_wconf 87' lang='lat'><strong>:</strong></span> <span class='ocrx_word' id='word_1_388' title='bbox 3609 2497 3630 2531; x_wconf 75' lang='grc' dir='ltr'><strong>ι</strong></span> 
     </span>
    </p>
   </div>
   <div class='ocr_carea' id='block_1_54' title="bbox 2052 2575 3636 2660">
    <p class='ocr_par' dir='ltr' id='par_1_54' title="bbox 2052 2575 3636 2660">
     <span class='ocr_line' id='line_1_54' title="bbox 2052 2575 3636 2660; baseline -0.009 -16"><span class='ocrx_word' id='word_1_389' title='bbox 2052 2604 2150 2660; x_wconf 89' lang='lat' dir='ltr'><strong>pro</strong></span> <span class='ocrx_word' id='word_1_390' title='bbox 2183 2603 2248 2643; x_wconf 89' lang='lat' dir='ltr'><strong>eo</strong></span> <span class='ocrx_word' id='word_1_391' title='bbox 2282 2585 2430 2656; x_wconf 90' lang='lat' dir='ltr'><strong>quod</strong></span> <span class='ocrx_word' id='word_1_392' title='bbox 2460 2592 2568 2647; x_wconf 85' lang='lat' dir='ltr'><strong>est,</strong></span> <span class='ocrx_word' id='word_1_393' title='bbox 2611 2580 2691 2635; x_wconf 86' lang='lat' dir='ltr'><strong>Ne</strong></span> <span class='ocrx_word' id='word_1_394' title='bbox 2728 2580 3014 2650; x_wconf 80' lang='lat' dir='ltr'><strong>praedices,</strong></span> <span class='ocrx_word' id='word_1_395' title='bbox 3054 2592 3234 2647; x_wconf 85' lang='lat' dir='ltr'><strong>neque</strong></span> <span class='ocrx_word' id='word_1_396' title='bbox 3284 2575 3636 2631; x_wconf 81' lang='lat' dir='ltr'><strong>manifestam</strong></span> 
     </span>
    </p>
   </div>
   <div class='ocr_carea' id='block_1_55' title="bbox 2051 2670 3635 2746">
    <p class='ocr_par' dir='ltr' id='par_1_55' title="bbox 2051 2670 3635 2746">
     <span class='ocr_line' id='line_1_55' title="bbox 2051 2670 3635 2746; baseline -0.009 -5"><span class='ocrx_word' id='word_1_397' title='bbox 2051 2683 2311 2741; x_wconf 92' lang='lat' dir='ltr'><strong>omnibus</strong></span> <span class='ocrx_word' id='word_1_398' title='bbox 2342 2680 2537 2742; x_wconf 83' lang='lat' dir='ltr'><strong>facias,</strong></span> <span class='ocrx_word' id='word_1_399' title='bbox 2578 2693 2644 2733; x_wconf 85' lang='lat' dir='ltr'><strong>ne</strong></span> <span class='ocrx_word' id='word_1_400' title='bbox 2678 2677 2827 2731; x_wconf 88' lang='lat' dir='ltr'><strong>inani</strong></span> <span class='ocrx_word' id='word_1_401' title='bbox 2867 2676 3041 2746; x_wconf 81' lang='lat' dir='ltr'><strong>gloria</strong></span> <span class='ocrx_word' id='word_1_402' title='bbox 3079 2672 3436 2742; x_wconf 90' lang='lat' dir='ltr'><strong>benignitatis</strong></span> <span class='ocrx_word' id='word_1_403' title='bbox 3470 2670 3635 2727; x_wconf 68' lang='lat' dir='ltr'><strong>lmdas</strong></span> 
     </span>
    </p>
   </div>
   <div class='ocr_carea' id='block_1_56' title="bbox 2051 2760 3633 2841">
    <p class='ocr_par' dir='ltr' id='par_1_56' title="bbox 2051 2760 3633 2841">
     <span class='ocr_line' id='line_1_56' title="bbox 2051 2760 3633 2841; baseline -0.011 -9"><span class='ocrx_word' id='word_1_404' title='bbox 2051 2776 2315 2832; x_wconf 84' lang='lat' dir='ltr'><strong>fructum.</strong></span> <span class='ocrx_word' id='word_1_405' title='bbox 2356 2772 2415 2827; x_wconf 87' lang='lat' dir='ltr'><strong>In</strong></span> <span class='ocrx_word' id='word_1_406' title='bbox 2453 2774 2558 2828; x_wconf 87' lang='lat' dir='ltr'><strong>hoc</strong></span> <span class='ocrx_word' id='word_1_407' title='bbox 2602 2771 2771 2841; x_wconf 87' lang='lat' dir='ltr'><strong>igitur</strong></span> <span class='ocrx_word' id='word_1_408' title='bbox 2812 2769 2978 2824; x_wconf 90' lang='lat' dir='ltr'><strong>etiam</strong></span> <span class='ocrx_word' id='word_1_409' title='bbox 3013 2767 3137 2821; x_wconf 89' lang='lat' dir='ltr'><strong>loco</strong></span> <span class='ocrx_word' id='word_1_410' title='bbox 3172 2768 3377 2827; x_wconf 85' lang='lat' dir='ltr'><strong>tubam,</strong></span> <span class='ocrx_word' id='word_1_411' title='bbox 3426 2760 3633 2817; x_wconf 89' lang='lat' dir='ltr'><strong>doctri-</strong></span> 
     </span>
    </p>
   </div>
   <div class='ocr_carea' id='block_1_57' title="bbox 2050 2854 3633 2936">
    <p class='ocr_par' dir='ltr' id='par_1_57' title="bbox 2050 2854 3633 2936">
     <span class='ocr_line' id='line_1_57' title="bbox 2050 2854 3633 2936; baseline -0.011 -11"><span class='ocrx_word' id='word_1_412' title='bbox 2050 2886 2177 2925; x_wconf 85' lang='lat' dir='ltr'><strong>nam</strong></span> <span class='ocrx_word' id='word_1_413' title='bbox 2209 2876 2387 2934; x_wconf 79' lang='lat' dir='ltr'><strong>vocat,</strong></span> <span class='ocrx_word' id='word_1_414' title='bbox 2419 2882 2514 2936; x_wconf 85' lang='lat' dir='ltr'><strong>per</strong></span> <span class='ocrx_word' id='word_1_415' title='bbox 2543 2880 2704 2936; x_wconf 89' lang='lat' dir='ltr'><strong>quam</strong></span> <span class='ocrx_word' id='word_1_416' title='bbox 2741 2861 3003 2918; x_wconf 84' lang='lat' dir='ltr'><strong>beneﬁcia</strong></span> <span class='ocrx_word' id='word_1_417' title='bbox 3032 2861 3085 2913; x_wconf 89' lang='lat' dir='ltr'><strong>in</strong></span> <span class='ocrx_word' id='word_1_418' title='bbox 3119 2874 3221 2913; x_wconf 89' lang='lat' dir='ltr'><strong>nos</strong></span> <span class='ocrx_word' id='word_1_419' title='bbox 3246 2857 3441 2912; x_wconf 88' lang='lat' dir='ltr'><strong>collata</strong></span> <span class='ocrx_word' id='word_1_420' title='bbox 3466 2854 3633 2909; x_wconf 81' lang='lat' dir='ltr'><strong>disci-</strong></span> 
     </span>
    </p>
   </div>
   <div class='ocr_carea' id='block_1_58' title="bbox 2051 2945 3632 3029">
    <p class='ocr_par' dir='ltr' id='par_1_58' title="bbox 2051 2945 3632 3029">
     <span class='ocr_line' id='line_1_58' title="bbox 2051 2945 3632 3029; baseline -0.012 -14"><span class='ocrx_word' id='word_1_421' title='bbox 2051 2976 2196 3028; x_wconf 91' lang='lat' dir='ltr'><strong>mus,</strong></span> <span class='ocrx_word' id='word_1_422' title='bbox 2229 2968 2282 3029; x_wconf 86' lang='lat' dir='ltr'><strong>et</strong></span> <span class='ocrx_word' id='word_1_423' title='bbox 2312 2957 2626 3011; x_wconf 81' lang='lat' dir='ltr'><strong>fructuosas</strong></span> <span class='ocrx_word' id='word_1_424' title='bbox 2656 2953 2952 3009; x_wconf 78' lang='lat' dir='ltr'><strong>etlocemur</strong></span> <span class='ocrx_word' id='word_1_425' title='bbox 2980 2950 3148 3018; x_wconf 82' lang='lat' dir='ltr'><strong>leges.</strong></span> <span class='ocrx_word' id='word_1_426' title='bbox 3183 2945 3421 2999; x_wconf 79' lang='lat' dir='ltr'><strong>Ductiles</strong></span> <span class='ocrx_word' id='word_1_427' title='bbox 3448 2951 3632 2997; x_wconf 85' lang='lat' dir='ltr'><strong>autem</strong></span> 
     </span>
    </p>
   </div>
   <div class='ocr_carea' id='block_1_59' title="bbox 2053 3033 3632 3116">
    <p class='ocr_par' dir='ltr' id='par_1_59' title="bbox 2053 3033 3632 3116">
     <span class='ocr_line' id='line_1_59' title="bbox 2053 3033 3632 3116; baseline -0.012 -10"><span class='ocrx_word' id='word_1_428' title='bbox 2053 3052 2226 3116; x_wconf 76' lang='lat' dir='ltr'><strong>tubas,</strong></span> <span class='ocrx_word' id='word_1_429' title='bbox 2263 3065 2445 3105; x_wconf 62' lang='lat' dir='ltr'><strong>aaneas</strong></span> <span class='ocrx_word' id='word_1_430' title='bbox 2491 3046 2625 3102; x_wconf 88' lang='lat' dir='ltr'><strong>dicit</strong></span> <span class='ocrx_word' id='word_1_431' title='bbox 2654 3063 2668 3100; x_wconf 89' lang='lat'><strong>:</strong></span> <span class='ocrx_word' id='word_1_432' title='bbox 2711 3043 2863 3097; x_wconf 84' lang='lat' dir='ltr'><strong>tubas</strong></span> <span class='ocrx_word' id='word_1_433' title='bbox 2899 3055 3027 3095; x_wconf 83' lang='lat' dir='ltr'><strong>vero</strong></span> <span class='ocrx_word' id='word_1_434' title='bbox 3059 3054 3301 3102; x_wconf 78' lang='lat' dir='ltr'><strong>corneus,</strong></span> <span class='ocrx_word' id='word_1_435' title='bbox 3342 3052 3410 3090; x_wconf 83' lang='lat' dir='ltr'><strong>ex</strong></span> <span class='ocrx_word' id='word_1_436' title='bbox 3444 3033 3632 3103; x_wconf 84' lang='lat' dir='ltr'><strong>corni-</strong></span> 
     </span>
    </p>
   </div>
   <div class='ocr_carea' id='block_1_60' title="bbox 355 3122 1953 3205">
    <p class='ocr_par' dir='ltr' id='par_1_60' title="bbox 355 3128 1942 3203">
     <span class='ocr_line' id='line_1_60' title="bbox 355 3128 1942 3203; baseline 0.003 -22"><span class='ocrx_word' id='word_1_437' title='bbox 355 3128 575 3199; x_wconf 81' lang='grc' dir='ltr'>χαλκᾶς</span> <span class='ocrx_word' id='word_1_438' title='bbox 597 3129 746 3198; x_wconf 80' lang='grc' dir='ltr'>λέγει</span> <span class='ocrx_word' id='word_1_439' title='bbox 780 3131 825 3162; x_wconf 70' lang='grc'><strong>⁸⁸</strong></span> <span class='ocrx_word' id='word_1_440' title='bbox 845 3147 857 3160; x_wconf 92' lang='grc'><strong>·</strong></span> <span class='ocrx_word' id='word_1_441' title='bbox 886 3132 1208 3199; x_wconf 83' lang='grc' dir='ltr'>κερατίνας</span> <span class='ocrx_word' id='word_1_442' title='bbox 1231 3131 1309 3197; x_wconf 84' lang='grc' dir='ltr'>δὲ,</span> <span class='ocrx_word' id='word_1_443' title='bbox 1353 3133 1450 3195; x_wconf 80' lang='grc' dir='ltr'>τὰς</span> <span class='ocrx_word' id='word_1_444' title='bbox 1484 3133 1547 3184; x_wconf 82' lang='grc' dir='ltr'><strong>ἐκ</strong></span> <span class='ocrx_word' id='word_1_445' title='bbox 1581 3134 1828 3203; x_wconf 84' lang='grc' dir='ltr'>κεράτων</span> <span class='ocrx_word' id='word_1_446' title='bbox 1858 3150 1942 3201; x_wconf 91' lang='grc' dir='ltr'>γε-</span> 
     </span>
    </p>
   </div>
   <div class='ocr_carea' id='block_1_61' title="bbox 2051 3122 3634 3205">
    <p class='ocr_par' dir='ltr' id='par_1_61' title="bbox 2053 3122 3634 3198">
     <span class='ocr_line' id='line_1_61' title="bbox 2053 3122 3634 3198; baseline -0.014 0"><span class='ocrx_word' id='word_1_447' title='bbox 2053 3144 2156 3198; x_wconf 90' lang='lat' dir='ltr'><strong>bus</strong></span> <span class='ocrx_word' id='word_1_448' title='bbox 2198 3140 2397 3195; x_wconf 82' lang='lat' dir='ltr'><strong>factas.</strong></span> <span class='ocrx_word' id='word_1_449' title='bbox 2435 3137 2532 3192; x_wconf 84' lang='lat' dir='ltr'><strong>His</strong></span> <span class='ocrx_word' id='word_1_450' title='bbox 2566 3144 2746 3190; x_wconf 84' lang='lat' dir='ltr'><strong>autem</strong></span> <span class='ocrx_word' id='word_1_451' title='bbox 2799 3132 2876 3186; x_wconf 91' lang='lat' dir='ltr'><strong>uti</strong></span> <span class='ocrx_word' id='word_1_452' title='bbox 2921 3129 3095 3184; x_wconf 70' lang='lat' dir='ltr'><strong>Judaai</strong></span> <span class='ocrx_word' id='word_1_453' title='bbox 3145 3126 3411 3182; x_wconf 82' lang='lat' dir='ltr'><strong>solebant.</strong></span> <span class='ocrx_word' id='word_1_454' title='bbox 3459 3122 3634 3178; x_wconf 82' lang='lat' dir='ltr'><strong>Caete-</strong></span> 
     </span>
    </p>
   </div>
   <div class='ocr_carea' id='block_1_62' title="bbox 353 3220 1939 3294">
    <p class='ocr_par' dir='ltr' id='par_1_62' title="bbox 353 3220 1939 3294">
     <span class='ocr_line' id='line_1_62' title="bbox 353 3220 1939 3294; baseline 0.003 -21"><span class='ocrx_word' id='word_1_455' title='bbox 353 3220 689 3291; x_wconf 73' lang='grc' dir='ltr'>γενημένας.</span> <span class='ocrx_word' id='word_1_456' title='bbox 741 3221 980 3287; x_wconf 85' lang='grc' dir='ltr'>Ταύταις</span> <span class='ocrx_word' id='word_1_457' title='bbox 1026 3222 1082 3275; x_wconf 78' lang='grc' dir='ltr'>δὲ</span> <span class='ocrx_word' id='word_1_458' title='bbox 1142 3223 1429 3286; x_wconf 84' lang='grc' dir='ltr'>Ἰουδαίους</span> <span class='ocrx_word' id='word_1_459' title='bbox 1473 3224 1712 3294; x_wconf 80' lang='grc' dir='ltr'>χρῆσθαι</span> <span class='ocrx_word' id='word_1_460' title='bbox 1742 3226 1786 3256; x_wconf 74' lang='grc'><strong>⁸⁷</strong></span> <span class='ocrx_word' id='word_1_461' title='bbox 1822 3224 1939 3278; x_wconf 82' lang='grc' dir='ltr'>σύν·</span> 
     </span>
    </p>
   </div>
   <div class='ocr_carea' id='block_1_63' title="bbox 355 3308 1952 3384">
    <p class='ocr_par' dir='ltr' id='par_1_63' title="bbox 355 3308 1952 3384">
     <span class='ocr_line' id='line_1_63' title="bbox 355 3308 1952 3384; baseline 0.001 -19"><span class='ocrx_word' id='word_1_462' title='bbox 355 3312 496 3384; x_wconf 87' lang='grc' dir='ltr'>ηθες</span> <span class='ocrx_word' id='word_1_463' title='bbox 522 3308 611 3384; x_wconf 81' lang='grc' dir='ltr'>ἦν.</span> <span class='ocrx_word' id='word_1_464' title='bbox 643 3312 783 3365; x_wconf 89' lang='grc' dir='ltr'>Σκιά</span> <span class='ocrx_word' id='word_1_465' title='bbox 807 3312 865 3365; x_wconf 80' lang='grc' dir='ltr'>δὲ</span> <span class='ocrx_word' id='word_1_466' title='bbox 884 3313 994 3365; x_wconf 85' lang='grc' dir='ltr'><strong>τῶν</strong></span> <span class='ocrx_word' id='word_1_467' title='bbox 1027 3312 1314 3383; x_wconf 79' lang='grc' dir='ltr'>ἡμετέρων</span> <span class='ocrx_word' id='word_1_468' title='bbox 1344 3315 1477 3383; x_wconf 80' lang='grc' dir='ltr'>παρ’</span> <span class='ocrx_word' id='word_1_469' title='bbox 1509 3313 1738 3377; x_wconf 83' lang='grc' dir='ltr'>ἐκείνοις</span> <span class='ocrx_word' id='word_1_470' title='bbox 1766 3313 1952 3367; x_wconf 80' lang='grc' dir='ltr'>ἐπολιο</span> 
     </span>
    </p>
   </div>
   <div class='ocr_carea' id='block_1_64' title="bbox 352 3401 1949 3471">
    <p class='ocr_par' dir='ltr' id='par_1_64' title="bbox 352 3401 1949 3471">
     <span class='ocr_line' id='line_1_64' title="bbox 352 3401 1949 3471; baseline 0.002 -16"><span class='ocrx_word' id='word_1_471' title='bbox 352 3401 572 3456; x_wconf 81' lang='grc' dir='ltr'>τεύετο.</span> <span class='ocrx_word' id='word_1_472' title='bbox 626 3402 841 3470; x_wconf 83' lang='grc' dir='ltr'>Ὥσπερ</span> <span class='ocrx_word' id='word_1_473' title='bbox 890 3403 1072 3456; x_wconf 89' lang='grc' dir='ltr'>τοίνυν</span> <span class='ocrx_word' id='word_1_474' title='bbox 1125 3404 1325 3456; x_wconf 73' lang='grc' dir='ltr'>ἐκεῖνοι</span> <span class='ocrx_word' id='word_1_475' title='bbox 1382 3404 1473 3456; x_wconf 76' lang='grc' dir='ltr'>τὸν</span> <span class='ocrx_word' id='word_1_476' title='bbox 1530 3403 1727 3471; x_wconf 83' lang='grc' dir='ltr'>ἄλογον</span> <span class='ocrx_word' id='word_1_477' title='bbox 1793 3404 1949 3458; x_wconf 77' lang='grc' dir='ltr'>ἔθυον</span> 
     </span>
    </p>
   </div>
   <div class='ocr_carea' id='block_1_65' title="bbox 354 3493 1948 3569">
    <p class='ocr_par' dir='ltr' id='par_1_65' title="bbox 354 3493 1948 3569">
     <span class='ocr_line' id='line_1_65' title="bbox 354 3493 1948 3569; baseline 0 -20"><span class='ocrx_word' id='word_1_478' title='bbox 354 3494 560 3566; x_wconf 78' lang='grc' dir='ltr'>ἀμνὸν,</span> <span class='ocrx_word' id='word_1_479' title='bbox 581 3497 740 3565; x_wconf 80' lang='grc' dir='ltr'>ἡμεῖς</span> <span class='ocrx_word' id='word_1_480' title='bbox 772 3495 831 3549; x_wconf 78' lang='grc' dir='ltr'>δὲ</span> <span class='ocrx_word' id='word_1_481' title='bbox 856 3495 950 3549; x_wconf 79' lang='grc' dir='ltr'>τὸν</span> <span class='ocrx_word' id='word_1_482' title='bbox 980 3496 1269 3566; x_wconf 84' lang='grc' dir='ltr'>σωτήριον,</span> <span class='ocrx_word' id='word_1_483' title='bbox 1297 3493 1365 3568; x_wconf 77' lang='grc'><strong>[⁸⁸</strong></span> <span class='ocrx_word' id='word_1_484' title='bbox 1394 3495 1486 3549; x_wconf 83' lang='grc' dir='ltr'>τὸν</span> <span class='ocrx_word' id='word_1_485' title='bbox 1516 3498 1578 3548; x_wconf 86' lang='grc' dir='ltr'><strong>ἐκ</strong></span> <span class='ocrx_word' id='word_1_486' title='bbox 1611 3495 1746 3549; x_wconf 84' lang='grc' dir='ltr'><strong>Θεοῦ</strong></span> <span class='ocrx_word' id='word_1_487' title='bbox 1768 3496 1948 3569; x_wconf 61' lang='lat' dir='ltr'><strong>eam</strong></span> 
     </span>
    </p>
   </div>
   <div class='ocr_carea' id='block_1_66' title="bbox 354 3586 1947 3659">
    <p class='ocr_par' dir='ltr' id='par_1_66' title="bbox 354 3586 1947 3659">
     <span class='ocr_line' id='line_1_66' title="bbox 354 3586 1947 3659; baseline 0.001 -18"><span class='ocrx_word' id='word_1_488' title='bbox 354 3587 454 3641; x_wconf 81' lang='grc' dir='ltr'>τὸν</span> <span class='ocrx_word' id='word_1_489' title='bbox 474 3586 700 3658; x_wconf 77' lang='grc' dir='ltr'>αἴροντα</span> <span class='ocrx_word' id='word_1_490' title='bbox 724 3586 822 3659; x_wconf 82' lang='grc' dir='ltr'>τὴν</span> <span class='ocrx_word' id='word_1_491' title='bbox 849 3587 1127 3657; x_wconf 83' lang='grc' dir='ltr'>ἁμαρτίαν</span> <span class='ocrx_word' id='word_1_492' title='bbox 1162 3587 1256 3639; x_wconf 83' lang='grc' dir='ltr'>τοῦ</span> <span class='ocrx_word' id='word_1_493' title='bbox 1285 3588 1491 3656; x_wconf 66' lang='grc' dir='ltr'>κόσμου</span> <span class='ocrx_word' id='word_1_494' title='bbox 1511 3604 1524 3617; x_wconf 92' lang='grc'>·</span> <span class='ocrx_word' id='word_1_495' title='bbox 1542 3587 1718 3653; x_wconf 78' lang='grc' dir='ltr'>οὕτως</span> <span class='ocrx_word' id='word_1_496' title='bbox 1747 3590 1947 3642; x_wconf 80' lang='grc' dir='ltr'>ἐκεῖνοι</span> 
     </span>
    </p>
   </div>
   <div class='ocr_carea' id='block_1_67' title="bbox 354 3677 1950 3750">
    <p class='ocr_par' dir='ltr' id='par_1_67' title="bbox 354 3677 1950 3750">
     <span class='ocr_line' id='line_1_67' title="bbox 354 3677 1950 3750; baseline 0 -18"><span class='ocrx_word' id='word_1_497' title='bbox 354 3680 484 3742; x_wconf 81' lang='grc' dir='ltr'>ταῖς</span> <span class='ocrx_word' id='word_1_498' title='bbox 532 3677 761 3749; x_wconf 81' lang='grc' dir='ltr'>ἀψύχοις</span> <span class='ocrx_word' id='word_1_499' title='bbox 807 3679 1104 3750; x_wconf 80' lang='grc' dir='ltr'>ἐκέχρηντο</span> <span class='ocrx_word' id='word_1_500' title='bbox 1149 3678 1459 3746; x_wconf 82' lang='grc' dir='ltr'>σάλπιγξιν,</span> <span class='ocrx_word' id='word_1_501' title='bbox 1507 3683 1673 3750; x_wconf 73' lang='grc' dir='ltr'>ἡμεῖς</span> <span class='ocrx_word' id='word_1_502' title='bbox 1722 3682 1779 3735; x_wconf 88' lang='grc' dir='ltr'>δὲ</span> <span class='ocrx_word' id='word_1_503' title='bbox 1828 3683 1950 3744; x_wconf 87' lang='grc' dir='ltr'>ταῖς</span> 
     </span>
    </p>
   </div>
   <div class='ocr_carea' id='block_1_68' title="bbox 353 3768 1947 3850">
    <p class='ocr_par' dir='ltr' id='par_1_68' title="bbox 353 3768 1947 3850">
     <span class='ocr_line' id='line_1_68' title="bbox 353 3768 1947 3850; baseline 0.001 -28"><span class='ocrx_word' id='word_1_504' title='bbox 353 3768 630 3840; x_wconf 80' lang='grc' dir='ltr'>ἐμψύχοις</span> <span class='ocrx_word' id='word_1_505' title='bbox 676 3771 772 3824; x_wconf 73' lang='grc' dir='ltr'>καὶ</span> <span class='ocrx_word' id='word_1_506' title='bbox 815 3769 1082 3850; x_wconf 74' lang='grc' dir='ltr'>λογικαῖς.</span> <span class='ocrx_word' id='word_1_507' title='bbox 1136 3769 1449 3837; x_wconf 79' lang='grc' dir='ltr'>Σάλπιγγες</span> <span class='ocrx_word' id='word_1_508' title='bbox 1495 3770 1675 3823; x_wconf 73' lang='grc' dir='ltr'>τοίνυν</span> <span class='ocrx_word' id='word_1_509' title='bbox 1707 3771 1864 3840; x_wconf 87' lang='grc' dir='ltr'>ήμῶν</span> <span class='ocrx_word' id='word_1_510' title='bbox 1898 3773 1947 3823; x_wconf 83' lang='lat' dir='ltr'><strong>oi</strong></span> 
     </span>
    </p>
   </div>
   <div class='ocr_carea' id='block_1_69' title="bbox 356 3857 1948 3930">
    <p class='ocr_par' dir='ltr' id='par_1_69' title="bbox 356 3857 1948 3930">
     <span class='ocr_line' id='line_1_69' title="bbox 356 3857 1948 3930; baseline 0 -17"><span class='ocrx_word' id='word_1_511' title='bbox 356 3860 501 3913; x_wconf 84' lang='grc' dir='ltr'>θεῖοι</span> <span class='ocrx_word' id='word_1_512' title='bbox 546 3859 857 3926; x_wconf 84' lang='grc' dir='ltr'>ἀπόστολοι,</span> <span class='ocrx_word' id='word_1_513' title='bbox 894 3861 990 3913; x_wconf 77' lang='grc' dir='ltr'>καὶ</span> <span class='ocrx_word' id='word_1_514' title='bbox 1017 3861 1067 3911; x_wconf 81' lang='grc' dir='ltr'>οἱ</span> <span class='ocrx_word' id='word_1_515' title='bbox 1100 3857 1380 3912; x_wconf 79' lang='grc' dir='ltr'>θεσπέσιοι</span> <span class='ocrx_word' id='word_1_516' title='bbox 1427 3860 1727 3930; x_wconf 83' lang='grc' dir='ltr'>προφῆται,</span> <span class='ocrx_word' id='word_1_517' title='bbox 1773 3862 1868 3913; x_wconf 74' lang='grc' dir='ltr'>καὶ</span> <span class='ocrx_word' id='word_1_518' title='bbox 1898 3862 1948 3913; x_wconf 77' lang='lat' dir='ltr'><strong>oi</strong></span> 
     </span>
    </p>
   </div>
   <div class='ocr_carea' id='block_1_70' title="bbox 359 3949 1950 4024">
    <p class='ocr_par' dir='ltr' id='par_1_70' title="bbox 359 3949 1950 4024">
     <span class='ocr_line' id='line_1_70' title="bbox 359 3949 1950 4024; baseline -0.001 -19"><span class='ocrx_word' id='word_1_519' title='bbox 359 3951 487 4024; x_wconf 84' lang='grc' dir='ltr'>μετ’</span> <span class='ocrx_word' id='word_1_520' title='bbox 512 3952 760 4015; x_wconf 85' lang='grc' dir='ltr'>ἐκείνους</span> <span class='ocrx_word' id='word_1_521' title='bbox 776 3950 871 4005; x_wconf 81' lang='grc' dir='ltr'>τοῦ</span> <span class='ocrx_word' id='word_1_522' title='bbox 892 3949 1274 4005; x_wconf 85' lang='grc' dir='ltr'>διδασκαλικοῦ</span> <span class='ocrx_word' id='word_1_523' title='bbox 1296 3951 1654 4019; x_wconf 72' lang='grc' dir='ltr'>τετυχηκότες</span> <span class='ocrx_word' id='word_1_524' title='bbox 1680 3951 1950 4023; x_wconf 85' lang='grc' dir='ltr'>χαρίσμα-</span> 
     </span>
    </p>
   </div>
   <div class='ocr_carea' id='block_1_71' title="bbox 351 4040 1940 4112">
    <p class='ocr_par' dir='ltr' id='par_1_71' title="bbox 351 4040 1940 4112">
     <span class='ocr_line' id='line_1_71' title="bbox 351 4040 1940 4112; baseline -0.002 -16"><span class='ocrx_word' id='word_1_525' title='bbox 351 4060 476 4107; x_wconf 79' lang='grc' dir='ltr'>τος.</span> <span class='ocrx_word' id='word_1_526' title='bbox 503 4062 522 4095; x_wconf 79' lang='grc' dir='ltr'><strong>ι</strong></span> <span class='ocrx_word' id='word_1_527' title='bbox 558 4042 886 4108; x_wconf 77' lang='grc' dir='ltr'>Ἀλαλάξατε</span> <span class='ocrx_word' id='word_1_528' title='bbox 919 4043 1152 4095; x_wconf 84' lang='grc' dir='ltr'>ἐνώπιον</span> <span class='ocrx_word' id='word_1_529' title='bbox 1181 4041 1275 4095; x_wconf 82' lang='grc' dir='ltr'>τοῦ</span> <span class='ocrx_word' id='word_1_530' title='bbox 1307 4040 1571 4112; x_wconf 82' lang='grc' dir='ltr'>βασιλέως</span> <span class='ocrx_word' id='word_1_531' title='bbox 1602 4042 1810 4112; x_wconf 84' lang='grc' dir='ltr'>Κυρίου</span> <span class='ocrx_word' id='word_1_532' title='bbox 1843 4043 1940 4095; x_wconf 72' lang='grc'><strong>⁸³.»</strong></span> 
     </span>
    </p>
   </div>
   <div class='ocr_carea' id='block_1_72' title="bbox 354 4133 1945 4206">
    <p class='ocr_par' dir='ltr' id='par_1_72' title="bbox 354 4133 1945 4206">
     <span class='ocr_line' id='line_1_72' title="bbox 354 4133 1945 4206; baseline -0.003 -15"><span class='ocrx_word' id='word_1_533' title='bbox 354 4138 470 4191; x_wconf 77' lang='grc' dir='ltr'>Τὸν</span> <span class='ocrx_word' id='word_1_534' title='bbox 498 4136 542 4168; x_wconf 87' lang='grc'><strong>⁷⁰</strong></span> <span class='ocrx_word' id='word_1_535' title='bbox 568 4136 834 4190; x_wconf 83' lang='grc' dir='ltr'>ἐπινίκιον</span> <span class='ocrx_word' id='word_1_536' title='bbox 874 4135 1047 4206; x_wconf 78' lang='grc' dir='ltr'>ὕμνον</span> <span class='ocrx_word' id='word_1_537' title='bbox 1089 4134 1494 4205; x_wconf 79' lang='grc' dir='ltr'>προσενέγκατε</span> <span class='ocrx_word' id='word_1_538' title='bbox 1540 4134 1617 4205; x_wconf 83' lang='grc' dir='ltr'>τῷ</span> <span class='ocrx_word' id='word_1_539' title='bbox 1663 4133 1872 4205; x_wconf 86' lang='grc' dir='ltr'>βασιλεί</span> <span class='ocrx_word' id='word_1_540' title='bbox 1901 4136 1945 4166; x_wconf 76' lang='grc'><strong>⁷⁸</strong></span> 
     </span>
    </p>
   </div>
   <div class='ocr_carea' id='block_1_73' title="bbox 354 4227 1045 4300">
    <p class='ocr_par' dir='ltr' id='par_1_73' title="bbox 354 4227 1045 4300">
     <span class='ocr_line' id='line_1_73' title="bbox 354 4227 1045 4300; baseline -0.001 -17"><span class='ocrx_word' id='word_1_541' title='bbox 354 4231 457 4284; x_wconf 72' lang='grc' dir='ltr'>καὶ</span> <span class='ocrx_word' id='word_1_542' title='bbox 487 4228 722 4300; x_wconf 80' lang='grc' dir='ltr'>δεσπότῃ</span> <span class='ocrx_word' id='word_1_543' title='bbox 749 4228 859 4282; x_wconf 86' lang='grc' dir='ltr'><strong>τῶν</strong></span> <span class='ocrx_word' id='word_1_544' title='bbox 890 4227 1045 4282; x_wconf 82' lang='grc' dir='ltr'>ὅλων.</span> 
     </span>
    </p>
   </div>
   <div class='ocr_carea' id='block_1_74' title="bbox 434 4317 1945 4391">
    <p class='ocr_par' dir='ltr' id='par_1_74' title="bbox 434 4317 1945 4391">
     <span class='ocr_line' id='line_1_74' title="bbox 434 4317 1945 4391; baseline -0.002 -17"><span class='ocrx_word' id='word_1_545' title='bbox 434 4319 499 4387; x_wconf 83' lang='grc' dir='ltr'>ζ’.</span> <span class='ocrx_word' id='word_1_546' title='bbox 538 4340 555 4372; x_wconf 82' lang='grc' dir='ltr'><strong>ι</strong></span> <span class='ocrx_word' id='word_1_547' title='bbox 592 4320 917 4391; x_wconf 85' lang='grc' dir='ltr'>Σαλευθήτω</span> <span class='ocrx_word' id='word_1_548' title='bbox 957 4320 990 4390; x_wconf 81' lang='grc' dir='ltr'>ἡ</span> <span class='ocrx_word' id='word_1_549' title='bbox 1022 4318 1291 4382; x_wconf 87' lang='grc' dir='ltr'>θάλασσα,</span> <span class='ocrx_word' id='word_1_550' title='bbox 1324 4318 1504 4371; x_wconf 75' lang='grc' dir='ltr'>καὶτὸ</span> <span class='ocrx_word' id='word_1_551' title='bbox 1537 4317 1813 4389; x_wconf 84' lang='grc' dir='ltr'>πλήρωμα</span> <span class='ocrx_word' id='word_1_552' title='bbox 1843 4318 1945 4371; x_wconf 85' lang='grc' dir='ltr'><strong>αὐ-</strong></span> 
     </span>
    </p>
   </div>
   <div class='ocr_carea' id='block_1_75' title="bbox 353 4407 1945 4478">
    <p class='ocr_par' dir='ltr' id='par_1_75' title="bbox 353 4407 1945 4478">
     <span class='ocr_line' id='line_1_75' title="bbox 353 4407 1945 4478; baseline -0.001 -17"><span class='ocrx_word' id='word_1_553' title='bbox 353 4408 486 4478; x_wconf 82' lang='grc' dir='ltr'>τῆς,</span> <span class='ocrx_word' id='word_1_554' title='bbox 518 4409 551 4477; x_wconf 82' lang='grc' dir='ltr'>ἡ</span> <span class='ocrx_word' id='word_1_555' title='bbox 580 4407 1022 4476; x_wconf 53' lang='grc' dir='ltr'><strong>οἰκουμένῃ’κού⁵</strong></span> <span class='ocrx_word' id='word_1_556' title='bbox 1058 4408 1262 4469; x_wconf 79' lang='grc' dir='ltr'>πάντες</span> <span class='ocrx_word' id='word_1_557' title='bbox 1298 4409 1343 4440; x_wconf 83' lang='grc'><strong>¹²</strong></span> <span class='ocrx_word' id='word_1_558' title='bbox 1374 4409 1423 4461; x_wconf 77' lang='grc' dir='ltr'>οἱ</span> <span class='ocrx_word' id='word_1_559' title='bbox 1456 4407 1839 4471; x_wconf 83' lang='grc' dir='ltr'>κατοικοῦντες</span> <span class='ocrx_word' id='word_1_560' title='bbox 1887 4410 1945 4460; x_wconf 83' lang='grc' dir='ltr'><strong>ἐν</strong></span> 
     </span>
    </p>
   </div>
   <div class='ocr_carea' id='block_1_76' title="bbox 354 4477 2021 4568">
    <p class='ocr_par' dir='ltr' id='par_1_76' title="bbox 354 4477 2021 4568">
     <span class='ocr_line' id='line_1_76' title="bbox 354 4477 2021 4568; baseline -0.001 -16"><span class='ocrx_word' id='word_1_561' title='bbox 354 4477 523 4566; x_wconf 69' lang='grc' dir='ltr'>αὐτῇ.</span> <span class='ocrx_word' id='word_1_562' title='bbox 573 4515 591 4547; x_wconf 73' lang='grc' dir='ltr'><strong>ι</strong></span> <span class='ocrx_word' id='word_1_563' title='bbox 656 4497 716 4549; x_wconf 89' lang='lat'><strong>&#39;0</strong></span> <span class='ocrx_word' id='word_1_564' title='bbox 763 4496 821 4550; x_wconf 81' lang='grc' dir='ltr'>δὲ</span> <span class='ocrx_word' id='word_1_565' title='bbox 869 4495 1165 4568; x_wconf 86' lang='grc' dir='ltr'>Σύμμαχος</span> <span class='ocrx_word' id='word_1_566' title='bbox 1211 4495 1417 4560; x_wconf 71' lang='grc' dir='ltr'>οὕτως’</span> <span class='ocrx_word' id='word_1_567' title='bbox 1472 4497 1709 4565; x_wconf 80' lang='grc' dir='ltr'>Ἠκείτω</span> <span class='ocrx_word' id='word_1_568' title='bbox 1753 4496 1792 4565; x_wconf 79' lang='grc' dir='ltr'><em>ἡ</em></span> <span class='ocrx_word' id='word_1_569' title='bbox 1841 4496 1946 4551; x_wconf 83' lang='grc' dir='ltr'>θά-</span> <span class='ocrx_word' id='word_1_570' title='bbox 1980 4477 2021 4531; x_wconf 80' lang='lat' dir='ltr'><strong>D</strong></span> 
     </span>
    </p>
   </div>
   <div class='ocr_carea' id='block_1_77' title="bbox 351 4584 1940 4655">
    <p class='ocr_par' dir='ltr' id='par_1_77' title="bbox 351 4584 1940 4655">
     <span class='ocr_line' id='line_1_77' title="bbox 351 4584 1940 4655; baseline -0.002 -12"><span class='ocrx_word' id='word_1_571' title='bbox 351 4591 571 4643; x_wconf 74' lang='grc' dir='ltr'>λασσα</span> <span class='ocrx_word' id='word_1_572' title='bbox 602 4586 725 4640; x_wconf 83' lang='grc' dir='ltr'><strong>σὺν</strong></span> <span class='ocrx_word' id='word_1_573' title='bbox 754 4586 1102 4655; x_wconf 80' lang='grc' dir='ltr'>πληρώματι</span> <span class='ocrx_word' id='word_1_574' title='bbox 1130 4584 1319 4653; x_wconf 79' lang='grc' dir='ltr'>αὐτῆς</span> <span class='ocrx_word' id='word_1_575' title='bbox 1345 4602 1360 4616; x_wconf 89' lang='grc'><strong>·</strong></span> <span class='ocrx_word' id='word_1_576' title='bbox 1397 4586 1434 4654; x_wconf 76' lang='grc' dir='ltr'>ἡ</span> <span class='ocrx_word' id='word_1_577' title='bbox 1472 4585 1814 4654; x_wconf 71' lang='grc' dir='ltr'>οἰκουμένη,</span> <span class='ocrx_word' id='word_1_578' title='bbox 1842 4588 1940 4640; x_wconf 82' lang='grc' dir='ltr'>καὶ</span> 
     </span>
    </p>
   </div>
   <div class='ocr_carea' id='block_1_78' title="bbox 351 4677 1941 4750">
    <p class='ocr_par' dir='ltr' id='par_1_78' title="bbox 351 4677 1941 4750">
     <span class='ocr_line' id='line_1_78' title="bbox 351 4677 1941 4750; baseline -0.002 -16"><span class='ocrx_word' id='word_1_579' title='bbox 351 4683 413 4735; x_wconf 86' lang='grc' dir='ltr'>οἱ</span> <span class='ocrx_word' id='word_1_580' title='bbox 471 4679 898 4745; x_wconf 75' lang='grc' dir='ltr'>κατοικοῦντες</span> <span class='ocrx_word' id='word_1_581' title='bbox 943 4678 1157 4747; x_wconf 77' lang='grc' dir='ltr'>αὐτήν.</span> <span class='ocrx_word' id='word_1_582' title='bbox 1213 4677 1595 4750; x_wconf 86' lang='grc' dir='ltr'>Διαφερόντως</span> <span class='ocrx_word' id='word_1_583' title='bbox 1639 4678 1696 4730; x_wconf 78' lang='grc' dir='ltr'>δὲ</span> <span class='ocrx_word' id='word_1_584' title='bbox 1728 4680 1787 4731; x_wconf 86' lang='grc' dir='ltr'><strong>ἐν</strong></span> <span class='ocrx_word' id='word_1_585' title='bbox 1819 4683 1941 4744; x_wconf 80' lang='grc' dir='ltr'>ταῖς</span> 
     </span>
    </p>
   </div>
   <div class='ocr_carea' id='block_1_79' title="bbox 352 4768 1938 4842">
    <p class='ocr_par' dir='ltr' id='par_1_79' title="bbox 352 4768 1938 4842">
     <span class='ocr_line' id='line_1_79' title="bbox 352 4768 1938 4842; baseline -0.001 -18"><span class='ocrx_word' id='word_1_586' title='bbox 352 4768 814 4842; x_wconf 82' lang='grc' dir='ltr'>πολυανθρώποις</span> <span class='ocrx_word' id='word_1_587' title='bbox 851 4769 1070 4823; x_wconf 86' lang='grc' dir='ltr'>πόλεσιν</span> <span class='ocrx_word' id='word_1_588' title='bbox 1117 4768 1264 4822; x_wconf 81' lang='grc' dir='ltr'>ἐστιν</span> <span class='ocrx_word' id='word_1_589' title='bbox 1309 4769 1438 4821; x_wconf 77' lang='grc' dir='ltr'>ἰδεῖν</span> <span class='ocrx_word' id='word_1_590' title='bbox 1468 4771 1566 4838; x_wconf 82' lang='grc' dir='ltr'>τῆς</span> <span class='ocrx_word' id='word_1_591' title='bbox 1598 4772 1938 4841; x_wconf 83' lang='grc' dir='ltr'>προφητείας</span> 
     </span>
    </p>
   </div>
   <div class='ocr_carea' id='block_1_80' title="bbox 348 4859 1939 4933">
    <p class='ocr_par' dir='ltr' id='par_1_80' title="bbox 348 4859 1939 4933">
     <span class='ocr_line' id='line_1_80' title="bbox 348 4859 1939 4933; baseline -0.003 -15"><span class='ocrx_word' id='word_1_592' title='bbox 348 4863 420 4918; x_wconf 78' lang='grc' dir='ltr'>τὸ</span> <span class='ocrx_word' id='word_1_593' title='bbox 445 4862 620 4925; x_wconf 85' lang='grc' dir='ltr'>τέλος.</span> <span class='ocrx_word' id='word_1_594' title='bbox 661 4861 942 4915; x_wconf 87' lang='grc' dir='ltr'>Θάλατταν</span> <span class='ocrx_word' id='word_1_595' title='bbox 982 4862 1094 4933; x_wconf 80' lang='grc' dir='ltr'>γὰρ</span> <span class='ocrx_word' id='word_1_596' title='bbox 1140 4860 1513 4931; x_wconf 81' lang='grc' dir='ltr'>κυμαίνουσαν</span> <span class='ocrx_word' id='word_1_597' title='bbox 1552 4859 1662 4912; x_wconf 86' lang='grc' dir='ltr'><strong>τῶν</strong></span> <span class='ocrx_word' id='word_1_598' title='bbox 1695 4862 1939 4915; x_wconf 75' lang='grc' dir='ltr'>εὐσεϐῶν</span> 
     </span>
    </p>
   </div>
   <div class='ocr_carea' id='block_1_81' title="bbox 349 4949 1940 5022">
    <p class='ocr_par' dir='ltr' id='par_1_81' title="bbox 349 4949 1940 5022">
     <span class='ocr_line' id='line_1_81' title="bbox 349 4949 1940 5022; baseline -0.003 -15"><span class='ocrx_word' id='word_1_599' title='bbox 349 4951 509 5008; x_wconf 79' lang='grc' dir='ltr'>λαῶν</span> <span class='ocrx_word' id='word_1_600' title='bbox 555 4953 614 5005; x_wconf 82' lang='grc' dir='ltr'><strong>ἐν</strong></span> <span class='ocrx_word' id='word_1_601' title='bbox 655 4953 775 5014; x_wconf 83' lang='grc' dir='ltr'>ταῖς</span> <span class='ocrx_word' id='word_1_602' title='bbox 804 4951 1124 5022; x_wconf 74' lang='grc' dir='ltr'>ἐκκλησίαις</span> <span class='ocrx_word' id='word_1_603' title='bbox 1171 4952 1421 5021; x_wconf 81' lang='grc' dir='ltr'>μιμεῖται</span> <span class='ocrx_word' id='word_1_604' title='bbox 1463 4949 1524 5002; x_wconf 72' lang='grc' dir='ltr'><strong>το</strong></span> <span class='ocrx_word' id='word_1_605' title='bbox 1554 4949 1778 5019; x_wconf 84' lang='grc' dir='ltr'>πλῆθος.</span> <span class='ocrx_word' id='word_1_606' title='bbox 1814 4952 1940 5004; x_wconf 81' lang='grc' dir='ltr'>Τοι-</span> 
     </span>
    </p>
   </div>
   <div class='ocr_carea' id='block_1_82' title="bbox 352 5042 1940 5118">
    <p class='ocr_par' dir='ltr' id='par_1_82' title="bbox 352 5042 1940 5118">
     <span class='ocr_line' id='line_1_82' title="bbox 352 5042 1940 5118; baseline -0.003 -17"><span class='ocrx_word' id='word_1_607' title='bbox 352 5047 502 5118; x_wconf 81' lang='grc' dir='ltr'>αύτη</span> <span class='ocrx_word' id='word_1_608' title='bbox 544 5045 602 5100; x_wconf 81' lang='grc' dir='ltr'>δὲ</span> <span class='ocrx_word' id='word_1_609' title='bbox 650 5047 747 5099; x_wconf 78' lang='grc' dir='ltr'>καὶ</span> <span class='ocrx_word' id='word_1_610' title='bbox 776 5046 811 5116; x_wconf 78' lang='grc' dir='ltr'>ἡ</span> <span class='ocrx_word' id='word_1_611' title='bbox 839 5045 950 5099; x_wconf 87' lang='grc' dir='ltr'><strong>τῶν</strong></span> <span class='ocrx_word' id='word_1_612' title='bbox 979 5044 1291 5115; x_wconf 82' lang='grc' dir='ltr'>ψαλλόντων</span> <span class='ocrx_word' id='word_1_613' title='bbox 1332 5044 1463 5114; x_wconf 76' lang='grc' dir='ltr'>ἠχή.</span> <span class='ocrx_word' id='word_1_614' title='bbox 1511 5042 1667 5096; x_wconf 84' lang='grc' dir='ltr'>Κατά</span> <span class='ocrx_word' id='word_1_615' title='bbox 1712 5043 1769 5097; x_wconf 83' lang='grc' dir='ltr'>δὲ</span> <span class='ocrx_word' id='word_1_616' title='bbox 1810 5045 1940 5106; x_wconf 82' lang='grc' dir='ltr'>τοὺς</span> 
     </span>
    </p>
   </div>
   <div class='ocr_carea' id='block_1_83' title="bbox 429 5203 1429 5273">
    <p class='ocr_par' dir='ltr' id='par_1_83' title="bbox 429 5203 1429 5273">
     <span class='ocr_line' id='line_1_83' title="bbox 429 5203 1429 5273; baseline -0.01 -8"><span class='ocrx_word' id='word_1_617' title='bbox 429 5219 453 5242; x_wconf 89' lang='lat'><strong><em>°</em></strong></span> <span class='ocrx_word' id='word_1_618' title='bbox 484 5210 655 5264; x_wconf 82' lang='lat' dir='ltr'><strong>Amos</strong></span> <span class='ocrx_word' id='word_1_619' title='bbox 691 5223 743 5273; x_wconf 80' lang='grc' dir='ltr'><strong>ν,</strong></span> <span class='ocrx_word' id='word_1_620' title='bbox 787 5206 880 5261; x_wconf 68' lang='lat' dir='ltr'><strong>Q3.</strong></span> <span class='ocrx_word' id='word_1_621' title='bbox 957 5215 986 5256; x_wconf 83' lang='lat' dir='ltr'><strong>P</strong></span> <span class='ocrx_word' id='word_1_622' title='bbox 1015 5204 1207 5259; x_wconf 80' lang='lat' dir='ltr'><strong>Matth.</strong></span> <span class='ocrx_word' id='word_1_623' title='bbox 1259 5219 1332 5268; x_wconf 74' lang='lat' dir='ltr'><strong>vr,</strong></span> <span class='ocrx_word' id='word_1_624' title='bbox 1374 5203 1429 5256; x_wconf 66' lang='lat'><strong>2.</strong></span> 
     </span>
    </p>
   </div>
   <div class='ocr_carea' id='block_1_84' title="bbox 2051 3214 3636 3291">
    <p class='ocr_par' dir='ltr' id='par_1_84' title="bbox 2051 3214 3636 3291">
     <span class='ocr_line' id='line_1_84' title="bbox 2051 3214 3636 3291; baseline -0.014 -1"><span class='ocrx_word' id='word_1_625' title='bbox 2051 3250 2173 3290; x_wconf 91' lang='lat' dir='ltr'><strong>rum</strong></span> <span class='ocrx_word' id='word_1_626' title='bbox 2208 3233 2404 3288; x_wconf 89' lang='lat' dir='ltr'><strong>umbra</strong></span> <span class='ocrx_word' id='word_1_627' title='bbox 2452 3237 2765 3284; x_wconf 89' lang='lat' dir='ltr'><strong>nostrarum</strong></span> <span class='ocrx_word' id='word_1_628' title='bbox 2803 3238 2987 3279; x_wconf 91' lang='lat' dir='ltr'><strong>rerum</strong></span> <span class='ocrx_word' id='word_1_629' title='bbox 3020 3220 3167 3291; x_wconf 85' lang='lat' dir='ltr'><strong>apud</strong></span> <span class='ocrx_word' id='word_1_630' title='bbox 3216 3219 3339 3274; x_wconf 90' lang='lat' dir='ltr'><strong>illos</strong></span> <span class='ocrx_word' id='word_1_631' title='bbox 3369 3225 3509 3271; x_wconf 86' lang='lat' dir='ltr'><strong>erat.</strong></span> <span class='ocrx_word' id='word_1_632' title='bbox 3560 3214 3636 3271; x_wconf 88' lang='lat' dir='ltr'><strong>Ut</strong></span> 
     </span>
    </p>
   </div>
   <div class='ocr_carea' id='block_1_85' title="bbox 2054 3305 3632 3397">
    <p class='ocr_par' dir='ltr' id='par_1_85' title="bbox 2054 3305 3632 3397">
     <span class='ocr_line' id='line_1_85' title="bbox 2054 3305 3632 3397; baseline -0.015 -17"><span class='ocrx_word' id='word_1_633' title='bbox 2054 3327 2223 3397; x_wconf 77' lang='lat' dir='ltr'><strong>igitur</strong></span> <span class='ocrx_word' id='word_1_634' title='bbox 2264 3323 2344 3377; x_wconf 92' lang='lat' dir='ltr'><strong>illi</strong></span> <span class='ocrx_word' id='word_1_635' title='bbox 2390 3335 2594 3391; x_wconf 84' lang='lat' dir='ltr'><strong>agnum</strong></span> <span class='ocrx_word' id='word_1_636' title='bbox 2642 3315 2874 3371; x_wconf 87' lang='lat' dir='ltr'><strong>rationis</strong></span> <span class='ocrx_word' id='word_1_637' title='bbox 2924 3322 3202 3380; x_wconf 82' lang='lat' dir='ltr'><strong>expertem</strong></span> <span class='ocrx_word' id='word_1_638' title='bbox 3249 3305 3632 3369; x_wconf 81' lang='lat' dir='ltr'><strong>immolabant,</strong></span> 
     </span>
    </p>
   </div>
   <div class='ocr_carea' id='block_1_86' title="bbox 2053 3399 3631 3480">
    <p class='ocr_par' dir='ltr' id='par_1_86' title="bbox 2053 3399 3631 3480">
     <span class='ocr_line' id='line_1_86' title="bbox 2053 3399 3631 3480; baseline -0.013 -7"><span class='ocrx_word' id='word_1_639' title='bbox 2053 3433 2155 3473; x_wconf 90' lang='lat' dir='ltr'><strong>nos</strong></span> <span class='ocrx_word' id='word_1_640' title='bbox 2186 3429 2319 3470; x_wconf 86' lang='lat' dir='ltr'><strong>vero</strong></span> <span class='ocrx_word' id='word_1_641' title='bbox 2349 3415 2650 3469; x_wconf 86' lang='lat' dir='ltr'><strong>salutarem</strong></span> <span class='ocrx_word' id='word_1_642' title='bbox 2686 3408 2881 3480; x_wconf 88' lang='lat' dir='ltr'><strong>[Deum</strong></span> <span class='ocrx_word' id='word_1_643' title='bbox 2918 3421 2982 3460; x_wconf 82' lang='lat' dir='ltr'><strong>ex</strong></span> <span class='ocrx_word' id='word_1_644' title='bbox 3016 3401 3176 3474; x_wconf 87' lang='lat' dir='ltr'><strong>Deo],</strong></span> <span class='ocrx_word' id='word_1_645' title='bbox 3209 3402 3301 3472; x_wconf 92' lang='lat' dir='ltr'><strong>qui</strong></span> <span class='ocrx_word' id='word_1_646' title='bbox 3336 3399 3481 3453; x_wconf 88' lang='lat' dir='ltr'><strong>tollit</strong></span> <span class='ocrx_word' id='word_1_647' title='bbox 3505 3413 3631 3467; x_wconf 81' lang='lat' dir='ltr'><strong>pec-</strong></span> 
     </span>
    </p>
   </div>
   <div class='ocr_carea' id='block_1_87' title="bbox 2051 3490 3631 3566">
    <p class='ocr_par' dir='ltr' id='par_1_87' title="bbox 2051 3490 3631 3566">
     <span class='ocr_line' id='line_1_87' title="bbox 2051 3490 3631 3566; baseline -0.015 -1"><span class='ocrx_word' id='word_1_648' title='bbox 2051 3518 2173 3566; x_wconf 88' lang='lat' dir='ltr'><strong>cata</strong></span> <span class='ocrx_word' id='word_1_649' title='bbox 2209 3506 2401 3562; x_wconf 88' lang='lat' dir='ltr'><strong>mundi</strong></span> <span class='ocrx_word' id='word_1_650' title='bbox 2440 3522 2454 3561; x_wconf 89' lang='lat'>:</span> <span class='ocrx_word' id='word_1_651' title='bbox 2508 3506 2590 3559; x_wconf 90' lang='lat' dir='ltr'><strong>sic</strong></span> <span class='ocrx_word' id='word_1_652' title='bbox 2636 3502 2714 3556; x_wconf 93' lang='lat' dir='ltr'><strong>illi</strong></span> <span class='ocrx_word' id='word_1_653' title='bbox 2759 3498 3079 3554; x_wconf 83' lang='lat' dir='ltr'><strong>inanimatis</strong></span> <span class='ocrx_word' id='word_1_654' title='bbox 3128 3494 3424 3550; x_wconf 86' lang='lat' dir='ltr'><strong>utebantur</strong></span> <span class='ocrx_word' id='word_1_655' title='bbox 3461 3490 3631 3553; x_wconf 89' lang='lat' dir='ltr'><strong>tubis,</strong></span> 
     </span>
    </p>
   </div>
   <div class='ocr_carea' id='block_1_88' title="bbox 2052 3582 3631 3665">
    <p class='ocr_par' dir='ltr' id='par_1_88' title="bbox 2052 3582 3631 3665">
     <span class='ocr_line' id='line_1_88' title="bbox 2052 3582 3631 3665; baseline -0.015 -7"><span class='ocrx_word' id='word_1_656' title='bbox 2052 3617 2157 3657; x_wconf 90' lang='lat' dir='ltr'><strong>nos</strong></span> <span class='ocrx_word' id='word_1_657' title='bbox 2203 3615 2336 3655; x_wconf 85' lang='lat' dir='ltr'><strong>vero</strong></span> <span class='ocrx_word' id='word_1_658' title='bbox 2369 3598 2517 3653; x_wconf 91' lang='lat' dir='ltr'><strong>tubis</strong></span> <span class='ocrx_word' id='word_1_659' title='bbox 2587 3610 2709 3665; x_wconf 82' lang='lat' dir='ltr'><strong>quae</strong></span> <span class='ocrx_word' id='word_1_660' title='bbox 2741 3592 2985 3646; x_wconf 90' lang='lat' dir='ltr'><strong>animam</strong></span> <span class='ocrx_word' id='word_1_661' title='bbox 3018 3594 3074 3643; x_wconf 90' lang='lat' dir='ltr'><strong>et</strong></span> <span class='ocrx_word' id='word_1_662' title='bbox 3104 3586 3374 3642; x_wconf 87' lang='lat' dir='ltr'><strong>rationem</strong></span> <span class='ocrx_word' id='word_1_663' title='bbox 3404 3582 3631 3644; x_wconf 88' lang='lat' dir='ltr'><strong>habent,</strong></span> 
     </span>
    </p>
   </div>
   <div class='ocr_carea' id='block_1_89' title="bbox 2052 3673 3631 3756">
    <p class='ocr_par' dir='ltr' id='par_1_89' title="bbox 2052 3673 3631 3756">
     <span class='ocr_line' id='line_1_89' title="bbox 2052 3673 3631 3756; baseline -0.015 -7"><span class='ocrx_word' id='word_1_664' title='bbox 2052 3694 2278 3749; x_wconf 89' lang='lat' dir='ltr'><strong>utimur.</strong></span> <span class='ocrx_word' id='word_1_665' title='bbox 2327 3688 2540 3743; x_wconf 72' lang='lat' dir='ltr'><strong>Nostra:</strong></span> <span class='ocrx_word' id='word_1_666' title='bbox 2578 3687 2744 3756; x_wconf 86' lang='lat' dir='ltr'><strong>igitur</strong></span> <span class='ocrx_word' id='word_1_667' title='bbox 2777 3684 2921 3737; x_wconf 67' lang='lat' dir='ltr'><strong>tuba:</strong></span> <span class='ocrx_word' id='word_1_668' title='bbox 2970 3687 3103 3735; x_wconf 88' lang='lat' dir='ltr'><strong>sunt</strong></span> <span class='ocrx_word' id='word_1_669' title='bbox 3149 3677 3326 3732; x_wconf 88' lang='lat' dir='ltr'><strong>sancti</strong></span> <span class='ocrx_word' id='word_1_670' title='bbox 3371 3673 3631 3743; x_wconf 87' lang='lat' dir='ltr'><strong>apostoli,</strong></span> 
     </span>
    </p>
   </div>
   <div class='ocr_carea' id='block_1_90' title="bbox 2049 3766 3632 3848">
    <p class='ocr_par' dir='ltr' id='par_1_90' title="bbox 2049 3766 3632 3848">
     <span class='ocr_line' id='line_1_90' title="bbox 2049 3766 3632 3848; baseline -0.013 -8"><span class='ocrx_word' id='word_1_671' title='bbox 2049 3797 2104 3841; x_wconf 88' lang='lat' dir='ltr'><strong>et</strong></span> <span class='ocrx_word' id='word_1_672' title='bbox 2132 3782 2482 3839; x_wconf 88' lang='lat' dir='ltr'><strong>admirabiles</strong></span> <span class='ocrx_word' id='word_1_673' title='bbox 2512 3779 2813 3848; x_wconf 73' lang='lat' dir='ltr'><strong>prophetae,</strong></span> <span class='ocrx_word' id='word_1_674' title='bbox 2863 3782 2916 3829; x_wconf 89' lang='lat' dir='ltr'><strong>et</strong></span> <span class='ocrx_word' id='word_1_675' title='bbox 2960 3774 2997 3825; x_wconf 90' lang='lat' dir='ltr'><strong>ii</strong></span> <span class='ocrx_word' id='word_1_676' title='bbox 3061 3770 3153 3838; x_wconf 88' lang='lat' dir='ltr'><strong>qui</strong></span> <span class='ocrx_word' id='word_1_677' title='bbox 3198 3776 3321 3838; x_wconf 87' lang='lat' dir='ltr'><strong>post</strong></span> <span class='ocrx_word' id='word_1_678' title='bbox 3366 3767 3488 3820; x_wconf 88' lang='lat' dir='ltr'><strong>illos</strong></span> <span class='ocrx_word' id='word_1_679' title='bbox 3529 3766 3632 3820; x_wconf 79' lang='lat' dir='ltr'><strong>do-</strong></span> 
     </span>
    </p>
   </div>
   <div class='ocr_carea' id='block_1_91' title="bbox 2049 3857 3631 3942">
    <p class='ocr_par' dir='ltr' id='par_1_91' title="bbox 2049 3857 3631 3942">
     <span class='ocr_line' id='line_1_91' title="bbox 2049 3857 3631 3942; baseline -0.014 -14"><span class='ocrx_word' id='word_1_680' title='bbox 2049 3872 2207 3929; x_wconf 89' lang='lat' dir='ltr'><strong>ccndi</strong></span> <span class='ocrx_word' id='word_1_681' title='bbox 2241 3870 2469 3942; x_wconf 85' lang='lat' dir='ltr'><strong>gratiam</strong></span> <span class='ocrx_word' id='word_1_682' title='bbox 2501 3864 2681 3921; x_wconf 84' lang='lat' dir='ltr'><strong>sOrtiti</strong></span> <span class='ocrx_word' id='word_1_683' title='bbox 2734 3871 2884 3917; x_wconf 92' lang='lat' dir='ltr'><strong>sunt.</strong></span> <span class='ocrx_word' id='word_1_684' title='bbox 2940 3878 2959 3913; x_wconf 81' lang='grc' dir='ltr'><strong>ι</strong></span> <span class='ocrx_word' id='word_1_685' title='bbox 2989 3859 3224 3913; x_wconf 87' lang='lat' dir='ltr'><strong>Jubilate</strong></span> <span class='ocrx_word' id='word_1_686' title='bbox 3249 3857 3303 3910; x_wconf 92' lang='lat' dir='ltr'><strong>in</strong></span> <span class='ocrx_word' id='word_1_687' title='bbox 3335 3862 3631 3922; x_wconf 81' lang='lat' dir='ltr'><strong>conspectu</strong></span> 
     </span>
    </p>
   </div>
   <div class='ocr_carea' id='block_1_92' title="bbox 2051 3943 3629 4035">
    <p class='ocr_par' dir='ltr' id='par_1_92' title="bbox 2051 3943 3629 4035">
     <span class='ocr_line' id='line_1_92' title="bbox 2051 3943 3629 4035; baseline -0.016 -15"><span class='ocrx_word' id='word_1_688' title='bbox 2051 3963 2194 4035; x_wconf 84' lang='lat' dir='ltr'><strong>regis</strong></span> <span class='ocrx_word' id='word_1_689' title='bbox 2222 3957 2459 4013; x_wconf 86' lang='lat' dir='ltr'><strong>Domini.</strong></span> <span class='ocrx_word' id='word_1_690' title='bbox 2497 3977 2517 4010; x_wconf 75' lang='grc' dir='ltr'><strong>ι</strong></span> <span class='ocrx_word' id='word_1_691' title='bbox 2549 3956 2591 4010; x_wconf 85' lang='grc' dir='ltr'>Τ</span> <span class='ocrx_word' id='word_1_692' title='bbox 2597 3954 2959 4023; x_wconf 84' lang='lat' dir='ltr'><strong>riumphalem</strong></span> <span class='ocrx_word' id='word_1_693' title='bbox 2986 3950 3173 4005; x_wconf 81' lang='lat' dir='ltr'><strong>oﬂ&#39;erte</strong></span> <span class='ocrx_word' id='word_1_694' title='bbox 3196 3949 3456 4018; x_wconf 85' lang='lat' dir='ltr'><strong>hymnum</strong></span> <span class='ocrx_word' id='word_1_695' title='bbox 3493 3943 3629 4013; x_wconf 84' lang='lat' dir='ltr'><strong>regi.</strong></span> 
     </span>
    </p>
   </div>
   <div class='ocr_carea' id='block_1_93' title="bbox 2047 4047 2798 4112">
    <p class='ocr_par' dir='ltr' id='par_1_93' title="bbox 2047 4047 2798 4112">
     <span class='ocr_line' id='line_1_93' title="bbox 2047 4047 2798 4112; baseline -0.016 0"><span class='ocrx_word' id='word_1_696' title='bbox 2047 4065 2103 4112; x_wconf 88' lang='lat' dir='ltr'><strong>et</strong></span> <span class='ocrx_word' id='word_1_697' title='bbox 2135 4054 2518 4111; x_wconf 80' lang='lat' dir='ltr'><strong>universorum</strong></span> <span class='ocrx_word' id='word_1_698' title='bbox 2545 4047 2798 4103; x_wconf 89' lang='lat' dir='ltr'><strong>Domino.</strong></span> 
     </span>
    </p>
   </div>
   <div class='ocr_carea' id='block_1_94' title="bbox 2130 4292 3629 4370">
    <p class='ocr_par' dir='ltr' id='par_1_94' title="bbox 2130 4292 3629 4370">
     <span class='ocr_line' id='line_1_94' title="bbox 2130 4292 3629 4370; baseline -0.016 0"><span class='ocrx_word' id='word_1_699' title='bbox 2130 4314 2291 4370; x_wconf 73' lang='lat' dir='ltr'><strong>Vens.</strong></span> <span class='ocrx_word' id='word_1_700' title='bbox 2331 4313 2385 4365; x_wconf 87' lang='lat'><strong>7.</strong></span> <span class='ocrx_word' id='word_1_701' title='bbox 2432 4329 2450 4362; x_wconf 84' lang='grc' dir='ltr'><strong>ι</strong></span> <span class='ocrx_word' id='word_1_702' title='bbox 2490 4310 2917 4365; x_wconf 85' lang='lat' dir='ltr'><strong>Commoveatur</strong></span> <span class='ocrx_word' id='word_1_703' title='bbox 2975 4313 3164 4367; x_wconf 86' lang='lat' dir='ltr'><strong>mare,</strong></span> <span class='ocrx_word' id='word_1_704' title='bbox 3238 4303 3296 4353; x_wconf 90' lang='lat' dir='ltr'><strong>et</strong></span> <span class='ocrx_word' id='word_1_705' title='bbox 3346 4292 3629 4365; x_wconf 87' lang='lat' dir='ltr'><strong>plenitudo</strong></span> 
     </span>
    </p>
   </div>
   <div class='ocr_carea' id='block_1_95' title="bbox 2049 4384 3629 4481">
    <p class='ocr_par' dir='ltr' id='par_1_95' title="bbox 2049 4384 3629 4481">
     <span class='ocr_line' id='line_1_95' title="bbox 2049 4384 3629 4481; baseline -0.018 -16"><span class='ocrx_word' id='word_1_706' title='bbox 2049 4411 2193 4481; x_wconf 86' lang='lat' dir='ltr'><strong>ejus,</strong></span> <span class='ocrx_word' id='word_1_707' title='bbox 2236 4406 2389 4461; x_wconf 86' lang='lat' dir='ltr'><strong>orbis</strong></span> <span class='ocrx_word' id='word_1_708' title='bbox 2432 4412 2730 4462; x_wconf 90' lang='lat' dir='ltr'><strong>terrarum,</strong></span> <span class='ocrx_word' id='word_1_709' title='bbox 2775 4406 2830 4451; x_wconf 90' lang='lat' dir='ltr'><strong>et</strong></span> <span class='ocrx_word' id='word_1_710' title='bbox 2860 4392 3104 4448; x_wconf 86' lang='lat' dir='ltr'><strong>universi</strong></span> <span class='ocrx_word' id='word_1_711' title='bbox 3162 4388 3255 4459; x_wconf 91' lang='lat' dir='ltr'><strong>qui</strong></span> <span class='ocrx_word' id='word_1_712' title='bbox 3293 4386 3541 4442; x_wconf 84' lang='lat' dir='ltr'><strong>habitant</strong></span> <span class='ocrx_word' id='word_1_713' title='bbox 3571 4384 3629 4437; x_wconf 89' lang='lat' dir='ltr'><strong>in</strong></span> 
     </span>
    </p>
   </div>
   <div class='ocr_carea' id='block_1_96' title="bbox 2050 4481 3629 4567">
    <p class='ocr_par' dir='ltr' id='par_1_96' title="bbox 2050 4481 3629 4567">
     <span class='ocr_line' id='line_1_96' title="bbox 2050 4481 3629 4567; baseline -0.02 -12"><span class='ocrx_word' id='word_1_714' title='bbox 2050 4516 2136 4557; x_wconf 90' lang='lat' dir='ltr'><strong>eo.</strong></span> <span class='ocrx_word' id='word_1_715' title='bbox 2181 4517 2200 4550; x_wconf 77' lang='grc' dir='ltr'><strong>ι</strong></span> <span class='ocrx_word' id='word_1_716' title='bbox 2244 4493 2610 4567; x_wconf 86' lang='lat' dir='ltr'><strong>Symmachus</strong></span> <span class='ocrx_word' id='word_1_717' title='bbox 2657 4497 2839 4543; x_wconf 84' lang='lat' dir='ltr'><strong>autem</strong></span> <span class='ocrx_word' id='word_1_718' title='bbox 2886 4484 2965 4539; x_wconf 92' lang='lat' dir='ltr'><strong>sic</strong></span> <span class='ocrx_word' id='word_1_719' title='bbox 2995 4499 3009 4537; x_wconf 89' lang='lat'>:</span> <span class='ocrx_word' id='word_1_720' title='bbox 3042 4481 3267 4535; x_wconf 72' lang='lat' dir='ltr'><strong>Resonet</strong></span> <span class='ocrx_word' id='word_1_721' title='bbox 3315 4490 3459 4529; x_wconf 83' lang='lat' dir='ltr'><strong>mare</strong></span> <span class='ocrx_word' id='word_1_722' title='bbox 3507 4485 3629 4527; x_wconf 83' lang='lat' dir='ltr'><strong>cum</strong></span> 
     </span>
    </p>
   </div>
   <div class='ocr_carea' id='block_1_97' title="bbox 2049 4565 3632 4666">
    <p class='ocr_par' dir='ltr' id='par_1_97' title="bbox 2049 4565 3632 4666">
     <span class='ocr_line' id='line_1_97' title="bbox 2049 4565 3632 4666; baseline -0.022 -16"><span class='ocrx_word' id='word_1_723' title='bbox 2049 4565 2377 4666; x_wconf 73' lang='lat' dir='ltr'><strong>plenitudine</strong></span> <span class='ocrx_word' id='word_1_724' title='bbox 2402 4586 2595 4656; x_wconf 76' lang='lat' dir='ltr'><strong>ipsius,</strong></span> <span class='ocrx_word' id='word_1_725' title='bbox 2642 4579 2786 4635; x_wconf 77' lang='lat' dir='ltr'><strong>orbis</strong></span> <span class='ocrx_word' id='word_1_726' title='bbox 2831 4590 3004 4641; x_wconf 68' lang='lat' dir='ltr'><strong>terrm,</strong></span> <span class='ocrx_word' id='word_1_727' title='bbox 3046 4584 3097 4627; x_wconf 89' lang='lat' dir='ltr'><strong>et</strong></span> <span class='ocrx_word' id='word_1_728' title='bbox 3138 4571 3228 4639; x_wconf 85' lang='lat' dir='ltr'><strong>qui</strong></span> <span class='ocrx_word' id='word_1_729' title='bbox 3263 4570 3439 4666; x_wconf 67' lang='lat' dir='ltr'><strong>ipsum</strong></span> <span class='ocrx_word' id='word_1_730' title='bbox 3482 4565 3632 4665; x_wconf 66' lang='lat' dir='ltr'><strong>inco-</strong></span> 
     </span>
    </p>
   </div>
   <div class='ocr_carea' id='block_1_98' title="bbox 2049 4653 3631 4736">
    <p class='ocr_par' dir='ltr' id='par_1_98' title="bbox 2049 4653 3631 4736">
     <span class='ocr_line' id='line_1_98' title="bbox 2049 4653 3631 4736; baseline -0.018 0"><span class='ocrx_word' id='word_1_731' title='bbox 2049 4653 2187 4736; x_wconf 66' lang='lat' dir='ltr'><strong>lunt.</strong></span> <span class='ocrx_word' id='word_1_732' title='bbox 2216 4653 2574 4732; x_wconf 79' lang='lat' dir='ltr'><strong>Potissimum</strong></span> <span class='ocrx_word' id='word_1_733' title='bbox 2605 4678 2786 4724; x_wconf 89' lang='lat' dir='ltr'><strong>autem</strong></span> <span class='ocrx_word' id='word_1_734' title='bbox 2816 4667 2870 4721; x_wconf 91' lang='lat' dir='ltr'><strong>in</strong></span> <span class='ocrx_word' id='word_1_735' title='bbox 2900 4664 3132 4719; x_wconf 87' lang='lat' dir='ltr'><strong>urbibus</strong></span> <span class='ocrx_word' id='word_1_736' title='bbox 3163 4653 3631 4729; x_wconf 77' lang='lat' dir='ltr'><strong>frequentissimis</strong></span> 
     </span>
    </p>
   </div>
   <div class='ocr_carea' id='block_1_99' title="bbox 2047 4745 3633 4832">
    <p class='ocr_par' dir='ltr' id='par_1_99' title="bbox 2047 4745 3633 4832">
     <span class='ocr_line' id='line_1_99' title="bbox 2047 4745 3633 4832; baseline -0.02 -1"><span class='ocrx_word' id='word_1_737' title='bbox 2047 4772 2365 4832; x_wconf 83' lang='lat' dir='ltr'><strong>hominibus</strong></span> <span class='ocrx_word' id='word_1_738' title='bbox 2388 4760 2800 4823; x_wconf 82' lang='lat' dir='ltr'><strong>vaticinationis</strong></span> <span class='ocrx_word' id='word_1_739' title='bbox 2822 4765 3077 4813; x_wconf 90' lang='lat' dir='ltr'><strong>eventum</strong></span> <span class='ocrx_word' id='word_1_740' title='bbox 3104 4752 3289 4808; x_wconf 77' lang='lat' dir='ltr'><strong>ridere</strong></span> <span class='ocrx_word' id='word_1_741' title='bbox 3316 4750 3459 4808; x_wconf 80' lang='lat' dir='ltr'><strong>licet.</strong></span> <span class='ocrx_word' id='word_1_742' title='bbox 3486 4745 3633 4800; x_wconf 81' lang='lat' dir='ltr'><strong>Mare</strong></span> 
     </span>
    </p>
   </div>
   <div class='ocr_carea' id='block_1_100' title="bbox 2047 4835 3631 4922">
    <p class='ocr_par' dir='ltr' id='par_1_100' title="bbox 2047 4835 3631 4922">
     <span class='ocr_line' id='line_1_100' title="bbox 2047 4835 3631 4922; baseline -0.02 -2"><span class='ocrx_word' id='word_1_743' title='bbox 2047 4865 2193 4921; x_wconf 90' lang='lat' dir='ltr'><strong>enim</strong></span> <span class='ocrx_word' id='word_1_744' title='bbox 2227 4853 2747 4922; x_wconf 85' lang='lat' dir='ltr'><strong>ﬂuctuans.piorum</strong></span> <span class='ocrx_word' id='word_1_745' title='bbox 2780 4847 3109 4917; x_wconf 90' lang='lat' dir='ltr'><strong>populorum</strong></span> <span class='ocrx_word' id='word_1_746' title='bbox 3146 4843 3200 4896; x_wconf 88' lang='lat' dir='ltr'><strong>in</strong></span> <span class='ocrx_word' id='word_1_747' title='bbox 3244 4837 3495 4895; x_wconf 88' lang='lat' dir='ltr'><strong>ecclesiis</strong></span> <span class='ocrx_word' id='word_1_748' title='bbox 3522 4835 3631 4889; x_wconf 79' lang='lat' dir='ltr'><strong>fre-</strong></span> 
     </span>
    </p>
   </div>
   <div class='ocr_carea' id='block_1_101' title="bbox 2048 4930 3633 5027">
    <p class='ocr_par' dir='ltr' id='par_1_101' title="bbox 2048 4930 3633 5027">
     <span class='ocr_line' id='line_1_101' title="bbox 2048 4930 3633 5027; baseline -0.019 -17"><span class='ocrx_word' id='word_1_749' title='bbox 2048 4954 2273 5027; x_wconf 88' lang='lat' dir='ltr'><strong>quentia</strong></span> <span class='ocrx_word' id='word_1_750' title='bbox 2307 4950 2575 5004; x_wconf 90' lang='lat' dir='ltr'><strong>imitatur.</strong></span> <span class='ocrx_word' id='word_1_751' title='bbox 2610 4943 2759 4998; x_wconf 88' lang='lat' dir='ltr'><strong>Talis</strong></span> <span class='ocrx_word' id='word_1_752' title='bbox 2787 4954 3008 5011; x_wconf 86' lang='lat' dir='ltr'><strong>quoquc</strong></span> <span class='ocrx_word' id='word_1_753' title='bbox 3042 4945 3128 4993; x_wconf 89' lang='lat' dir='ltr'><strong>est</strong></span> <span class='ocrx_word' id='word_1_754' title='bbox 3160 4930 3510 5005; x_wconf 85' lang='lat' dir='ltr'><strong>psallentium</strong></span> <span class='ocrx_word' id='word_1_755' title='bbox 3542 4940 3633 4981; x_wconf 82' lang='lat' dir='ltr'><strong>so-</strong></span> 
     </span>
    </p>
   </div>
   <div class='ocr_carea' id='block_1_102' title="bbox 2050 5029 3632 5113">
    <p class='ocr_par' dir='ltr' id='par_1_102' title="bbox 2050 5029 3632 5113">
     <span class='ocr_line' id='line_1_102' title="bbox 2050 5029 3632 5113; baseline -0.02 -11"><span class='ocrx_word' id='word_1_756' title='bbox 2050 5063 2174 5102; x_wconf 91' lang='lat' dir='ltr'><strong>nus.</strong></span> <span class='ocrx_word' id='word_1_757' title='bbox 2225 5040 2437 5113; x_wconf 78' lang='lat'><strong>1305</strong></span> <span class='ocrx_word' id='word_1_758' title='bbox 2482 5035 2795 5093; x_wconf 85' lang='lat' dir='ltr'><strong>Secundum</strong></span> <span class='ocrx_word' id='word_1_759' title='bbox 2842 5029 3200 5102; x_wconf 82' lang='lat' dir='ltr'><strong>Septuaginta</strong></span> <span class='ocrx_word' id='word_1_760' title='bbox 3249 5033 3470 5085; x_wconf 87' lang='lat' dir='ltr'><strong>autem,</strong></span> <span class='ocrx_word' id='word_1_761' title='bbox 3516 5032 3632 5073; x_wconf 82' lang='lat' dir='ltr'><strong>mo-</strong></span> 
     </span>
    </p>
   </div>
   <div class='ocr_carea' id='block_1_103' title="bbox 1459 5304 2519 5365">
    <p class='ocr_par' dir='ltr' id='par_1_103' title="bbox 1459 5304 2519 5365">
     <span class='ocr_line' id='line_1_103' title="bbox 1459 5304 2519 5365; baseline 0 -1"><span class='ocrx_word' id='word_1_762' title='bbox 1459 5308 1696 5364; x_wconf 77' lang='lat' dir='ltr'><strong>VARle</strong></span> <span class='ocrx_word' id='word_1_763' title='bbox 1737 5308 2121 5365; x_wconf 78' lang='lat' dir='ltr'><strong>LECTIONES</strong></span> <span class='ocrx_word' id='word_1_764' title='bbox 2158 5308 2243 5363; x_wconf 87' lang='lat' dir='ltr'><strong>ET</strong></span> <span class='ocrx_word' id='word_1_765' title='bbox 2278 5304 2519 5364; x_wconf 65' lang='grc' dir='ltr'><strong>ΝΟΤᾸῦ.</strong></span> 
     </span>
    </p>
   </div>
   <div class='ocr_carea' id='block_1_104' title="bbox 467 5428 1953 5520">
    <p class='ocr_par' dir='ltr' id='par_1_104' title="bbox 467 5444 1953 5520">
     <span class='ocr_line' id='line_1_104' title="bbox 467 5444 1953 5520; baseline -0.008 -12"><span class='ocrx_word' id='word_1_766' title='bbox 467 5455 513 5489; x_wconf 79' lang='grc'><strong>⁸⁷</strong></span> <span class='ocrx_word' id='word_1_767' title='bbox 573 5451 816 5520; x_wconf 75' lang='grc' dir='ltr'>Καιρὸν.</span> <span class='ocrx_word' id='word_1_768' title='bbox 871 5449 994 5507; x_wconf 85' lang='lat' dir='ltr'><strong>cod.</strong></span> <span class='ocrx_word' id='word_1_769' title='bbox 1052 5448 1077 5502; x_wconf 76' lang='lat' dir='ltr'><strong>l</strong></span> <span class='ocrx_word' id='word_1_770' title='bbox 1128 5447 1315 5517; x_wconf 79' lang='grc' dir='ltr'>ὕμνον.</span> <span class='ocrx_word' id='word_1_771' title='bbox 1391 5446 1437 5479; x_wconf 80' lang='grc'><strong>⁸⁸</strong></span> <span class='ocrx_word' id='word_1_772' title='bbox 1476 5444 1635 5520; x_wconf 64' lang='grc' dir='ltr'><strong>βεῷ.</strong></span> <span class='ocrx_word' id='word_1_773' title='bbox 1685 5445 1807 5499; x_wconf 85' lang='lat' dir='ltr'><strong>cod.</strong></span> <span class='ocrx_word' id='word_1_774' title='bbox 1854 5444 1879 5497; x_wconf 76' lang='grc'><strong>1</strong></span> <span class='ocrx_word' id='word_1_775' title='bbox 1927 5446 1953 5520; x_wconf 76' lang='lat' dir='ltr'><strong>_I</strong></span> 
     </span>
    </p>
   </div>
   <div class='ocr_carea' id='block_1_105' title="bbox 2051 5428 3628 5520">
    <p class='ocr_par' dir='ltr' id='par_1_105' title="bbox 2051 5428 3628 5520">
     <span class='ocr_line' id='line_1_105' title="bbox 2051 5428 3628 5520; baseline -0.009 -22"><span class='ocrx_word' id='word_1_776' title='bbox 2051 5444 2183 5520; x_wconf 64' lang='grc' dir='ltr'>τῇρι.</span> <span class='ocrx_word' id='word_1_777' title='bbox 2491 5471 2563 5482; x_wconf 84' lang='grc'><strong><em>--</em></strong></span> <span class='ocrx_word' id='word_1_778' title='bbox 2593 5439 2844 5520; x_wconf 51' lang='grc' dir='ltr'>κιθάρᾳ..</span> <span class='ocrx_word' id='word_1_779' title='bbox 2870 5436 3150 5520; x_wconf 55' lang='grc' dir='ltr'><strong>[ξορθῑίιύτ</strong></span> <span class='ocrx_word' id='word_1_780' title='bbox 3214 5430 3300 5520; x_wconf 63' lang='lat' dir='ltr'><strong>in“</strong></span> <span class='ocrx_word' id='word_1_781' title='bbox 3329 5428 3452 5520; x_wconf 48' lang='lat' dir='ltr'><strong>cati.</strong></span> <span class='ocrx_word' id='word_1_782' title='bbox 3477 5428 3628 5520; x_wconf 26' lang='grc' dir='ltr'><strong>Ἀἱ-ψ.</strong></span> 
     </span>
    </p>
   </div>
   <div class='ocr_carea' id='block_1_106' title="bbox 355 5502 1953 5584">
    <p class='ocr_par' dir='ltr' id='par_1_106' title="bbox 355 5502 1953 5584">
     <span class='ocr_line' id='line_1_106' title="bbox 355 5502 1953 5584; baseline -0.011 0"><span class='ocrx_word' id='word_1_783' title='bbox 355 5527 416 5584; x_wconf 84' lang='lat' dir='ltr'><strong>in</strong></span> <span class='ocrx_word' id='word_1_784' title='bbox 448 5502 840 5579; x_wconf 31' lang='lat' dir='ltr'><strong>tcxlt—t‘VC-rt‘aico</strong></span> <span class='ocrx_word' id='word_1_785' title='bbox 868 5502 1081 5574; x_wconf 44' lang='lat' dir='ltr'><strong>adniti.</strong></span> <span class='ocrx_word' id='word_1_786' title='bbox 1160 5502 1205 5551; x_wconf 72' lang='grc' dir='ltr'><strong>δο</strong></span> <span class='ocrx_word' id='word_1_787' title='bbox 1238 5521 1362 5572; x_wconf 83' lang='grc' dir='ltr'>Κιθ.</span> <span class='ocrx_word' id='word_1_788' title='bbox 1391 5517 1511 5571; x_wconf 84' lang='lat' dir='ltr'><strong>cod.</strong></span> <span class='ocrx_word' id='word_1_789' title='bbox 1555 5502 1595 5569; x_wconf 49' lang='lat'><strong>1&#39;</strong></span> <span class='ocrx_word' id='word_1_790' title='bbox 1616 5531 1806 5584; x_wconf 67' lang='lat' dir='ltr'><strong>praem.</strong></span> <span class='ocrx_word' id='word_1_791' title='bbox 1860 5513 1953 5567; x_wconf 76' lang='grc' dir='ltr'>τοῦ</span> 
     </span>
    </p>
   </div>
   <div class='ocr_carea' id='block_1_107' title="bbox 2051 5502 3626 5584">
    <p class='ocr_par' dir='ltr' id='par_1_107' title="bbox 2051 5502 3626 5584">
     <span class='ocr_line' id='line_1_107' title="bbox 2051 5502 3626 5584; baseline -0.008 -18"><span class='ocrx_word' id='word_1_792' title='bbox 2051 5502 2178 5569; x_wconf 69' lang='grc' dir='ltr'>ιϐἶδ.</span> <span class='ocrx_word' id='word_1_793' title='bbox 2223 5514 2299 5584; x_wconf 15' lang='grc' dir='ltr'><strong>ί⁶¹</strong></span> <span class='ocrx_word' id='word_1_794' title='bbox 2331 5512 2609 5584; x_wconf 78' lang='grc' dir='ltr'>Κιθάρας.</span> <span class='ocrx_word' id='word_1_795' title='bbox 2657 5502 2793 5584; x_wconf 36' lang='lat' dir='ltr'><strong>colli</strong></span> <span class='ocrx_word' id='word_1_796' title='bbox 2823 5510 2875 5584; x_wconf 29' lang='grc' dir='ltr'>ιᾼ</span> <span class='ocrx_word' id='word_1_797' title='bbox 2903 5502 3179 5584; x_wconf 65' lang='grc' dir='ltr'><strong>λατρείαςε</strong></span> <span class='ocrx_word' id='word_1_798' title='bbox 3248 5502 3300 5584; x_wconf 44' lang='grc'><strong>³⁸³</strong></span> <span class='ocrx_word' id='word_1_799' title='bbox 3357 5502 3626 5584; x_wconf 37' lang='lat' dir='ltr'><strong>zamia:</strong></span> 
     </span>
    </p>
   </div>
   <div class='ocr_carea' id='block_1_108' title="bbox 356 5587 1893 5663">
    <p class='ocr_par' dir='ltr' id='par_1_108' title="bbox 356 5587 1893 5663">
     <span class='ocr_line' id='line_1_108' title="bbox 356 5587 1893 5663; baseline -0.009 -12"><span class='ocrx_word' id='word_1_800' title='bbox 356 5596 489 5652; x_wconf 76' lang='lat' dir='ltr'><strong>cod.</strong></span> <span class='ocrx_word' id='word_1_801' title='bbox 524 5594 547 5647; x_wconf 82' lang='grc'><strong>1</strong></span> <span class='ocrx_word' id='word_1_802' title='bbox 585 5593 883 5663; x_wconf 32' lang='grc' dir='ltr'>στόματα.-</span> <span class='ocrx_word' id='word_1_803' title='bbox 933 5591 978 5623; x_wconf 74' lang='grc'><strong>⁵³</strong></span> <span class='ocrx_word' id='word_1_804' title='bbox 1018 5593 1239 5663; x_wconf 75' lang='grc' dir='ltr'>Είναγγ.</span> <span class='ocrx_word' id='word_1_805' title='bbox 1266 5588 1442 5663; x_wconf 24' lang='lat' dir='ltr'><strong>cedat</strong></span> <span class='ocrx_word' id='word_1_806' title='bbox 1485 5602 1676 5663; x_wconf 59' lang='lat' dir='ltr'><strong>praem.</strong></span> <span class='ocrx_word' id='word_1_807' title='bbox 1710 5587 1893 5663; x_wconf 57' lang='grc' dir='ltr'>ἱεροῖς.</span> 
     </span>
    </p>
   </div>
   <div class='ocr_carea' id='block_1_109' title="bbox 1972 5570 3626 5651">
    <p class='ocr_par' dir='ltr' id='par_1_109' title="bbox 1972 5570 3626 5651">
     <span class='ocr_line' id='line_1_109' title="bbox 1972 5570 3626 5651; baseline -0.011 -13"><span class='ocrx_word' id='word_1_808' title='bbox 1972 5587 2017 5622; x_wconf 62' lang='grc'><strong>⁸³</strong></span> <span class='ocrx_word' id='word_1_809' title='bbox 2055 5583 2255 5638; x_wconf 69' lang='grc' dir='ltr'>Καλεῖ.</span> <span class='ocrx_word' id='word_1_810' title='bbox 2293 5583 2415 5638; x_wconf 87' lang='lat' dir='ltr'><strong>cod.</strong></span> <span class='ocrx_word' id='word_1_811' title='bbox 2446 5570 2668 5651; x_wconf 62' lang='grc' dir='ltr'>[λέγει.</span> <span class='ocrx_word' id='word_1_812' title='bbox 2749 5581 2793 5612; x_wconf 77' lang='grc'>⁸⁸</span> <span class='ocrx_word' id='word_1_813' title='bbox 2826 5570 3035 5651; x_wconf 58' lang='grc' dir='ltr'>Γεγεῇ.</span> <span class='ocrx_word' id='word_1_814' title='bbox 3078 5573 3202 5651; x_wconf 79' lang='lat' dir='ltr'><strong>cod.</strong></span> <span class='ocrx_word' id='word_1_815' title='bbox 3230 5572 3271 5651; x_wconf 54' lang='grc' dir='ltr'><strong>Α</strong></span> <span class='ocrx_word' id='word_1_816' title='bbox 3299 5585 3483 5651; x_wconf 63' lang='lat' dir='ltr'><strong>praeor.</strong></span> 
     </span>
    </p>
   </div>
   <div class='ocr_carea' id='block_1_110' title="bbox 356 5638 1953 5731">
    <p class='ocr_par' dir='ltr' id='par_1_110' title="bbox 356 5638 1949 5731">
     <span class='ocr_line' id='line_1_110' title="bbox 356 5638 1949 5731; baseline -0.008 -14"><span class='ocrx_word' id='word_1_817' title='bbox 356 5638 458 5718; x_wconf 62' lang='grc' dir='ltr'><strong>ἑοῦ</strong></span> <span class='ocrx_word' id='word_1_818' title='bbox 494 5662 652 5716; x_wconf 73' lang='grc' dir='ltr'>Θεοῦ.</span> <span class='ocrx_word' id='word_1_819' title='bbox 686 5638 773 5731; x_wconf 40' lang='grc' dir='ltr'><strong>ναξ</strong></span> <span class='ocrx_word' id='word_1_820' title='bbox 807 5661 998 5731; x_wconf 86' lang='grc' dir='ltr'>Λέγει.</span> <span class='ocrx_word' id='word_1_821' title='bbox 1039 5638 1216 5714; x_wconf 68' lang='lat' dir='ltr'><strong>cmtfi</strong></span> <span class='ocrx_word' id='word_1_822' title='bbox 1262 5658 1431 5731; x_wconf 64' lang='grc' dir='ltr'>δηλοῖ.</span> <span class='ocrx_word' id='word_1_823' title='bbox 1485 5638 1702 5731; x_wconf 41' lang='lat' dir='ltr'><strong>“icon.</strong></span> <span class='ocrx_word' id='word_1_824' title='bbox 1741 5638 1776 5708; x_wconf 78' lang='grc' dir='ltr'>ι’</span> <span class='ocrx_word' id='word_1_825' title='bbox 1808 5638 1949 5731; x_wconf 53' lang='lat' dir='ltr'><strong>gibus</strong></span> 
     </span>
    </p>
   </div>
   <div class='ocr_carea' id='block_1_111' title="bbox 2051 5638 3628 5731">
    <p class='ocr_par' dir='ltr' id='par_1_111' title="bbox 2051 5638 3628 5731">
     <span class='ocr_line' id='line_1_111' title="bbox 2051 5638 3628 5731; baseline -0.008 -26"><span class='ocrx_word' id='word_1_826' title='bbox 2051 5671 2093 5731; x_wconf 76' lang='grc' dir='ltr'><strong>ις</strong></span> <span class='ocrx_word' id='word_1_827' title='bbox 2122 5654 2451 5731; x_wconf 61' lang='grc' dir='ltr'>κεχρῆσθαι.</span> <span class='ocrx_word' id='word_1_828' title='bbox 2529 5638 2645 5731; x_wconf 48' lang='lat' dir='ltr'><strong>{is</strong></span> <span class='ocrx_word' id='word_1_829' title='bbox 2688 5651 2810 5731; x_wconf 72' lang='lat' dir='ltr'><strong>cod.</strong></span> <span class='ocrx_word' id='word_1_830' title='bbox 2832 5638 3018 5731; x_wconf 41' lang='grc' dir='ltr'>,μ’ρυ</span> <span class='ocrx_word' id='word_1_831' title='bbox 3046 5643 3167 5731; x_wconf 71' lang='lat' dir='ltr'><strong>cod.</strong></span> <span class='ocrx_word' id='word_1_832' title='bbox 3230 5638 3628 5731; x_wconf 40' lang='lat' dir='ltr'><strong>vanenrmbfi</strong></span> 
     </span>
    </p>
   </div>
   <div class='ocr_carea' id='block_1_112' title="bbox 360 5706 1953 5805">
    <p class='ocr_par' dir='ltr' id='par_1_112' title="bbox 360 5706 1953 5805">
     <span class='ocr_line' id='line_1_112' title="bbox 360 5706 1953 5805; baseline -0.009 -16"><span class='ocrx_word' id='word_1_833' title='bbox 360 5706 705 5805; x_wconf 34' lang='lat'><strong>5&quot;:</strong></span> <span class='ocrx_word' id='word_1_834' title='bbox 733 5706 883 5805; x_wconf 43' lang='grc' dir='ltr'><strong>Τόῐ,</strong></span> <span class='ocrx_word' id='word_1_835' title='bbox 895 5706 1492 5805; x_wconf 42' lang='lat' dir='ltr'><strong>Vol.1&quot;&#39;pi-:ein.&#39;}.}t§at</strong></span> <span class='ocrx_word' id='word_1_836' title='bbox 1524 5706 1758 5805; x_wconf 53' lang='lat' dir='ltr'><strong>5t&#39;ﬁi-if</strong></span> <span class='ocrx_word' id='word_1_837' title='bbox 1808 5726 1850 5805; x_wconf 54' lang='grc' dir='ltr'><strong>’ξ</strong></span> <span class='ocrx_word' id='word_1_838' title='bbox 1890 5729 1953 5805; x_wconf 64' lang='grc' dir='ltr'><strong>βε</strong></span> 
     </span>
    </p>
   </div>
   <div class='ocr_carea' id='block_1_113' title="bbox 2051 5706 3626 5805">
    <p class='ocr_par' dir='ltr' id='par_1_113' title="bbox 2051 5706 3626 5789">
     <span class='ocr_line' id='line_1_113' title="bbox 2051 5706 3626 5789; baseline -0.009 -11"><span class='ocrx_word' id='word_1_839' title='bbox 2051 5706 2342 5780; x_wconf 51' lang='lat'><strong>137.1303.</strong></span> <span class='ocrx_word' id='word_1_840' title='bbox 2395 5706 2447 5779; x_wconf 14' lang='grc' dir='ltr'><strong>1η</strong></span> <span class='ocrx_word' id='word_1_841' title='bbox 2494 5724 2618 5779; x_wconf 87' lang='lat' dir='ltr'><strong>add.</strong></span> <span class='ocrx_word' id='word_1_842' title='bbox 2675 5721 2786 5775; x_wconf 85' lang='grc' dir='ltr'><strong>τῶν</strong></span> <span class='ocrx_word' id='word_1_843' title='bbox 2830 5714 3246 5789; x_wconf 87' lang='grc' dir='ltr'>βασιλευόντων.</span> <span class='ocrx_word' id='word_1_844' title='bbox 3325 5708 3369 5742; x_wconf 81' lang='grc'>⁷³</span> <span class='ocrx_word' id='word_1_845' title='bbox 3398 5706 3626 5770; x_wconf 81' lang='grc' dir='ltr'>Πάντες</span> 
     </span>
    </p>
   </div>
   <div class='ocr_carea' id='block_1_114' title="bbox 363 5795 1975 5874">
    <p class='ocr_par' dir='ltr' id='par_1_114' title="bbox 363 5795 1975 5874">
     <span class='ocr_line' id='line_1_114' title="bbox 363 5795 1975 5874; baseline -0.006 -16"><span class='ocrx_word' id='word_1_846' title='bbox 363 5795 641 5874; x_wconf 71' lang='grc' dir='ltr'>-ἀὺτῆ.</span> <span class='ocrx_word' id='word_1_847' title='bbox 674 5802 803 5859; x_wconf 77' lang='lat' dir='ltr'><strong>Rcc.</strong></span> <span class='ocrx_word' id='word_1_848' title='bbox 841 5803 1003 5859; x_wconf 73' lang='lat' dir='ltr'><strong>lectio</strong></span> <span class='ocrx_word' id='word_1_849' title='bbox 1032 5803 1083 5857; x_wconf 86' lang='lat' dir='ltr'><strong>It.</strong></span> <span class='ocrx_word' id='word_1_850' title='bbox 1118 5795 1154 5856; x_wconf 82' lang='grc' dir='ltr'>ι’.</span> <span class='ocrx_word' id='word_1_851' title='bbox 1184 5810 1264 5856; x_wconf 84' lang='lat' dir='ltr'><strong>cst</strong></span> <span class='ocrx_word' id='word_1_852' title='bbox 1296 5799 1345 5851; x_wconf 72' lang='grc' dir='ltr'>οἱ</span> <span class='ocrx_word' id='word_1_853' title='bbox 1380 5796 1759 5861; x_wconf 76' lang='grc' dir='ltr'>κατοικοῦντες</span> <span class='ocrx_word' id='word_1_854' title='bbox 1786 5795 1975 5865; x_wconf 80' lang='grc' dir='ltr'>αὐτήν.</span> 
     </span>
    </p>
   </div>
  </div>
