4114 6452
374 321 512 384 11109

1662 314 1743 375 ΙΝ
1785 313 1991 374 PSAL.
2036 311 2237 372 XCIX.

3521 315 3656 382 11170

368 429 505 486 Θεὸδ
554 433 619 486 ἐκ
661 432 798 486 Θεοῦ
844 432 1137 502 ὁμολογεῖν
1194 431 1290 485 καὶ
1335 431 1604 502 μονογενῆ
1653 429 1730 498 τῷ
1786 427 1968 495 Πατρὶ

2084 426 2278 481 :ultum
2308 424 2411 496 ipsi
2445 424 2664 490 offerre,
2697 424 2775 497 [et
2822 427 2991 482 Deum
3032 443 3096 483 ex
3132 428 3265 493 Deo,
3316 431 3656 500 unigenitu-u

374 525 524 588 )‘l’w,
557 523 650 580 τὸν
681 525 748 579 δι’
775 527 925 596 ἡμᾶς
962 525 1491 596 ἐνανορωπὴσαντα.
1537 520 1762 592 Ἀμήν.]

696 722 966 779 EPMHN.
1007 725 1148 782 ΤΟΥ
1181 724 1276 796 ιιθν
1304 725 1630 779 ΨΑΛΜΟΥ.

444 842 517 892 α’.
552 855 572 889 1
613 838 850 909 Ψαλμδς
878 839 957 910 τῷ
989 840 1218 895 Δαόὶδί⁷
1241 883 1255 907 ,
1289 840 1384 904 Εἰς
1413 838 1804 909 ἐξομολόγησιν
1824 853 1838 868 ο
1876 837 1969 890 ἀν-

369 929 687 1001 επίγραφος
732 930 865 1001 παρ’
917 932 1213 1004 Ἑϐραίοις.
1252 950 1270 984 1
1323 931 1380 985 '0
1410 931 1699 1003 προφήτης
1735 927 1970 982 ἐνταῦθα

372 1025 588 1087 πάντας
619 1024 953 1096 ἀνθρώπους
981 1025 1063 1087 εἰς
1098 1024 1375 1094 ὑμνῳδίαν
1406 1023 1600 1082 καλεῖ,
1636 1012 1969 1090 παρεγγυῶν

372 1115 467 1169 διὰ
508 1116 733 1168 πάντων
764 1114 1112 1184 Θεραπεῦσαι
1144 1115 1237 1167 τὸν
1267 1115 1502 1184 Σωτῆρα
1541 1112 1759 1167 Θεόνιδ.

450 1207 517 1276 β’.
555 1225 572 1257 1
599 1205 935 1270 Ἀλαλάξατε
971 1206 1049 1276 τῷ
1077 1207 1269 1277 Κυρίῳ
1288 1206 1330 1237 ⁸⁸
1359 1206 1509 1257 πᾶσα
1541 1206 1573 1272 ἡ
1596 1204 1688 1274 γῆ.
1719 1223 1737 1253 1
1759 1203 1970 1257 Ἀπαν-

369 1312 469 1359 τες
501 1295 784 1366 ἄνθρωποι
812 1297 905 1349 τὸν
952 1295 1222 1349 ἐπινίκιον
1257 1295 1428 1365 ὖμνον
1460 1294 1869 1365 προσενέγκατε
1892 1292 1971 1365 τῷ

370 1386 497 1457 Θεῷ
513 1387 560 1420 ²⁶
587 1402 600 1417 ·
632 1386 751 1456 γῆν
779 1388 890 1458 γὰρ
924 1389 1054 1450 τοὺς
1103 1386 1505 1450 κατοικοῦντας
1532 1387 1633 1456 τὴν
1658 1386 1764 1457 γῆν
1791 1387 1967 1443 καλεῖ.

380 1497 400 1530 1
430 1477 770 1531 Δουλεύσατε
792 1477 870 1546 τῷ
900 1477 1095 1546 Κυρίῳ
1122 1479 1181 1529 ἐν
1205 1475 1538 1547 εὐφροσύνῃ.
1567 1495 1585 1527 1
1614 1476 1688 1529 Οὐ
1716 1476 1826 1546 γάρ
1852 1476 1972 1527 ἐστι

374 1571 522 1624 κατὰ
545 1572 648 1639 τὴν
677 1570 885 1641 πικρὰν
918 1571 1014 1625 τοῦ
1046 1572 1296 1625 διαϐόλου
1346 1573 1641 1643 τυραννίδα
1660 1612 1673 1635 ,
1708 1572 1803 1625 τοῦ
1833 1570 1969 1625 Θεοῦ

374 1664 476 1717 καὶ
506 1662 762 1732 Σωτῆρος
808 1661 968 1732 ἡμῶν
1018 1664 1052 1732 ἡ
1087 1661 1338 1733 βασιλεία
1363 1702 1377 1726 ,
1410 1662 1524 1715 ἀλλ’
1554 1664 1765 1732 ἥμερος
1803 1660 1971 1714 αὐτοῦ

2072 516 2254 572 Patris
2284 516 2483 573 Filium
2512 518 2607 588 qui
2643 533 2744 588 pro
2795 519 2957 575 nobis
2990 520 3155 577 homo
3187 522 3364 579 factus
3393 533 3496 591 est,
3526 539 3661 581 con-

2071 609 2231 664 ﬁteri.
2263 609 2487 682 Amen.]

2462 725 2738 782 INTERP.
2792 726 3046 784 PSALMI
3078 728 3265 785 XCIX.

2142 841 2306 896 Vens.
2350 843 2401 896 l.
2479 859 2498 893 1
2538 841 2790 899 Psalmus
2848 842 3058 909 Davidi,
3118 843 3171 898 in
3229 844 3654 900 confessionem.

2077 931 2208 988 Siue
2240 933 2396 988 titulo
2424 941 2568 1002 apud
2599 932 2878 991 Hebraeos.
2917 954 2935 987 1
2970 935 3242 1008 Propheta
3282 938 3388 993 hoc
3420 937 3473 991 in
3532 937 3656 1013 loco

2072 1040 2265 1080 omnes
2293 1026 2544 1081 homines
2572 1025 2643 1080 ad
2700 1028 3025 1098 hymnorum
3059 1038 3278 1084 cantum
3316 1039 3498 1095 vocat,
3558 1028 3657 1083 atl-

2073 1121 2301 1175 hortans
2335 1136 2431 1189 per
2458 1121 2642 1174 omnia
2702 1118 3040 1176 Salvatorem
3072 1124 3236 1177 Deum
3266 1122 3466 1176 colere.

2146 1212 2310 1266 νεεδ.
2342 1213 2397 1266 2.
2444 1231 2461 1263 1
2497 1211 2739 1268 Jubilalc
2774 1212 2884 1268 Deo
2942 1215 3122 1270 omnis
3162 1224 3326 1270 terra.
3374 1233 3392 1265 1
3456 1213 3661 1271 Omnes

2073 1304 2324 1360 homines
2363 1306 2747 1374 triumphalem
2782 1306 2891 1361 Deo
2922 1306 3108 1361 afferte
3133 1307 3416 1376 hymnum.
3441 1306 3661 1360 Terram

2073 1397 2247 1459 enim,
2310 1398 2623 1452 habitantes
2659 1408 2858 1452 terram
2893 1408 3190 1468 nuncupat.
3243 1418 3260 1450 1
3292 1397 3506 1452 Scrvite
3552 1398 3662 1451 Do-

2075 1493 2225 1546 mino
2255 1493 2308 1547 in
2352 1476 2570 1547 laetitia.
2608 1512 2626 1544 1
2666 1492 2785 1548 Νο11
2828 1494 2972 1547 0111111
3001 1504 3084 1548 est
3113 1494 3205 1546 Dei
3242 1502 3297 1547 et
3359 1491 3663 1547 Salvatoris

2074 1585 2248 1639 nostri
2319 1600 2570 1655 regnum,
2600 1587 2743 1639 sicut
2780 1601 2967 1639 amara
2998 1584 3201 1639 diaboli
3237 1583 3507 1654 tyrannis,
3567 1584 3661 1661 sed

2077 1676 2199 1747 ejus
2234 1677 2528 1746 imperium
2568 1677 2870 1745 benignum
2901 1686 2985 1731 est
3010 1685 3065 1731 et.
3114 1686 3490 1731 mansuetum.
3516 1674 3661 1729 Gau-

375 1755 480 1809 καὶ
514 1754 903 1825 φιλάνθρωπος
933 1757 967 1825 ἡ
1005 1755 1318 1809 δεσποτεία.
1355 1754 1660 1825 Γεγηθότες
1692 1755 1873 1807 τοίνυν
1905 1757 1973 1826 τῇ

2084 1768 2272 1821 dentes
2301 1766 2468 1836 igitur
2499 1768 2565 1821 ad
2602 1767 2922 1820 servitutem
2964 1765 3225 1821 accedite.
3275 1783 3293 1815 1
3330 1764 3556 1819 lntroite
3609 1764 3663 1818 in

374 1847 601 1918 δουλείᾳ
636 1846 971 1917 προσέλθετε
988 1849 1055 1902 ’⁸.
1099 1867 1116 1900 1
1144 1847 1433 1902 Εἰσέ).οετε
1464 1847 1695 1901 ἐνώπιον
1720 1847 1884 1901 αὐτοῦ
1913 1849 1971 1900 ἐν

374 1939 730 2009 ἀγαλλιάσει.
756 1957 774 1990 1
824 1940 882 1993 Ὀ
909 1940 965 1994 δὲ
1000 1940 1320 2011 Σύμμαχος,
1338 1941 1467 2010 μετ’
1491 1943 1790 2011 εὐφημίας
1815 1944 1970 2012 εἴρη-

2080 1867 2375 1927 conspectu
2412 1857 2531 1927 ejus
2584 1873 2708 1911 cum
2766 1859 3156 1911 exsultatione.
3190 1875 3209 1909 1
3275 1855 3663 1927 Symmachus,

2077 1965 2193 2003 cum
2213 1949 2595 2012 benedictione,
2614 1949 2772 2003 dixit.
2801 1949 2997 2017 Aquila
3012 1963 3162 2012 vero,
3182 1964 3300 2001 cum
3331 1947 3661 2001 laudatione.

376 2050 479 2087 κεν
500 2049 515 2062 ·
562 2035 591 2086 6
624 2034 681 2086 δὲ
723 2034 959 2097 Ἀκύλας
981 2074 996 2096 ,
1027 2034 1097 2087 ἐν
1123 2032 1387 2099 αἰνέσει,
1422 2033 1811 2105 ἁγαλλομὲνων
1843 2034 1909 2105 δὴ
1925 2035 1970 2067 ³³

2084 2041 2481 2096 Exsultantium
2552 2040 2814 2095 nimirum
2876 2047 2932 2094 et
2987 2039 3293 2094 laetantium
3360 2045 3446 2095 est
3497 2039 3658 2110 hym-

377 2125 483 2180 καὶ
515 2126 965 2198 εὐφραινομένων
991 2127 1020 2179 ὁ
1051 2123 1243 2196 ὕμνος.

454 2222 527 2286 γ’.
562 2236 581 2268 1
622 2217 801 2270 Γνῷτε
833 2219 917 2271 ὅτι
965 2218 1131 2283 αὐτός
1150 2219 1197 2251 ⁸³
1229 2220 1379 2273 ἐστιν
1421 2222 1449 2273 6
1489 2220 1621 2283 Θεὸς
1666 2220 1904 2291 ἡμῶννκ
1949 2240 1969 2274 1

383 2308 459 2381 [η
500 2309 564 2362 El
594 2308 705 2380 γὰρ
737 2310 836 2363 καὶ
862 2309 1153 2380 ἄνθρωπος
1192 2311 1368 2365 εἵλετο
1398 2312 1426 2363 δ
1467 2312 1852 2384 φιλάνθρωπος
1882 2331 1976 2381 γε·

381 2398 578 2455 νέσθαι
598 2439 615 2461 ,
651 2399 789 2454 ἀλλὰ
825 2399 890 2453 τὸ
912 2395 1058 2454 εἶναι
1093 2400 1226 2464 Θεὸς
1258 2401 1476 2467 ἔμεινεν
1506 2402 1645 2473 ἔχων
1675 2405 1763 2457 ἀεί
1782 2422 1797 2436 ο
1827 2405 1975 2474 λέγει

380 2492 444 2546 δὲ
485 2489 607 2563 ὅτι]
639 2491 705 2545 δι’
756 2491 941 2549 αὐτῶν
994 2492 1196 2561 μάθετε
1230 2495 1343 2549 τῶν
1386 2497 1775 2566 πραγμάτων..
1827 2498 1903 2560 ὡς
1949 2500 1978 2551 6

384 2582 663 2656 ἡμέτερος
690 2583 971 2655 Δεσπότης
983 2585 1031 2616 ¹⁶
1062 2585 1229 2649 αὐτός
1266 2588 1417 2641 ἐστιν
1447 2587 1557 2640 τῶν
1594 2587 1729 2642 ὅλων
1757 2588 1890 2652 Θεός
1907 2590 1974 2645 ’⁷.

384 2676 581 2730 Ταῦτα
605 2679 722 2741 τοῖς
755 2677 939 2731 ἔθνεσι
976 2679 1286 2749 προσέφερε
1302 2679 1352 2711 ’³
1382 2680 1450 2733 τὰ
1487 2680 1843 2751 παιδεύματα
1883 2683 1978 2735 καὶ⁸

383 2771 415 2822 6
453 2768 600 2837 ἱερὸς
638 2768 749 2821 τῶν
798 2769 1125 2823 ἀποστόλων
1163 2770 1363 2841 χορὸς,
1394 2771 1470 2835 ὡς
1504 2772 1674 2843 ἡτῶν
1722 2772 1977 2843 πράξεων

389 2861 608 2933 ἱστορία
638 2860 906 2914 διδάσκει.
947 2880 965 2912 1
1006 2862 1181 2925 Αὐτὸς
1230 2861 1491 2932 ἐποίησεν
1525 2864 1710 2934 ἡμᾶς,
1756 2865 1852 2918 καὶ
1881 2865 1979 2935 οὐχ

388 2952 577 3021 ἡμεῖς.
619 2970 638 3002 1
687 2952 764 3004 Οὐ
809 2952 919 3023 γὰρ
938 2953 985 2985 ⁸⁸
1037 2954 1202 3023 ἡμεῖς
1245 2953 1407 3025 ἡμῶν
1449 2954 1609 3008 αὐτοὶ
1649 2956 1979 3027 δημιουργοὶ

386 3042 855 3114 καθεστήκαμεν,
892 3044 1010 3097 ἀλλ’
1050 3044 1145 3097 ὑπ’
1187 3045 1353 3100 αὐτοῦ
1400 3046 1834 3118 ὲπλάσθημενδο.
1871 3049 1978 3104 Οὖ-

2074 2147 2203 2187 IIIIS.

2151 2220 2318 2277 Vens.
2348 2222 2403 2276 5.
2445 2240 2464 2274 1
2504 2221 2710 2279 Scitote
2743 2222 2919 2293 ipsum
2952 2236 3072 2276 esse
3103 2220 3272 2275 Deum
3328 2229 3601 2274 nostrum.
3640 2236 3659 2270 1

2079 2312 2222 2385 [Etsi
2250 2313 2398 2370 enim
2435 2314 2724 2369 hominum
2771 2313 3187 2369 amantissimus
3220 2311 3457 2367 voluerit
3494 2311 3664 2365 homo

2077 2406 2219 2470 fieri,
2250 2406 2400 2460 omni
2449 2414 2630 2459 tamen
2666 2415 2909 2474 tempore
2956 2404 3164 2459 mansit
3198 2401 3360 2457 Deus.
3394 2400 3536 2455 Dicit
3569 2415 3668 2454 au-

2085 2497 2248 2568 tem,]
2290 2512 2389 2568 per
2447 2499 2596 2567 ipsas
2639 2513 2727 2552 res
2782 2497 3000 2561 discite,
3069 2495 3363 2550 Dominum
3416 2502 3666 2548 nostrum

2082 2591 2262 2658 ipsum
2299 2604 2422 2644 esse
2456 2588 2666 2658 1311
2702 2588 3081 2642 universorum
3111 2585 3305 2640 Deum.
3342 2585 3468 2640 Haec
3493 2586 3669 2640 docu-

2079 2689 2266 2736 menta
2320 2680 2484 2735 etiam
2537 2695 2695 2735 sacer
2728 2679 3107 2749 apostolorum
3156 2680 3361 2733 chorus
3412 2676 3669 2747 gentibus

2082 2770 2410 2841 proferebat,
2456 2779 2517 2825 ut
2558 2773 2792 2825 Aetuum
2834 2770 3064 2825 historia
3095 2769 3277 2824 docet.
3318 2787 3338 2819 1
3378 2768 3499 2838 lpse
3536 2768 3668 2822 fecit

2081 2877 2204 2928 nos,
2233 2878 2343 2916 non
2372 2870 2555 2916 autem
2587 2861 2689 2931 ipsi
2721 2875 2843 2916 nos.
2881 2878 2899 2911 1
2942 2859 3062 2914 Non
3094 2860 3240 2914 enim
3277 2873 3378 2914 nos
3420 2866 3666 2912 nostrum

2082 2955 2330 3024 ipsorum
2381 2955 2697 3009 conditores
2739 2952 2966 3019 fuimus,
3017 2952 3110 3007 sed
3143 2952 3212 3007 ab
3269 2952 3389 3022 ipso
3450 2949 3671 3005 formati

2083 3060 2301 3101 sumus.
2355 3045 2449 3099 Sic
2475 3045 2670 3099 beatus
2702 3042 2906 3099 Paulus
2954 3041 3325 3098 Athenienses
3390 3041 3668 3096 docebat:

386 3154 501 3200 τως
535 3138 564 3190 6
602 3138 876 3209 μακάριος
902 3138 1120 3202 Παῦλος
1155 3140 1483 3212 Ἀθηναίους
1511 3142 1822 3197 ἐδίδασκενδ
1855 3163 1873 3195 1
1921 3146 1979 3199 Ὀ

2088 3156 2107 3189 1
2140 3137 2305 3202 Deus,
2347 3138 2441 3207 qui
2493 3136 2617 3190 fecit
2647 3137 2938 3203 mundum,
2987 3144 3042 3191 et
3091 3136 3275 3191 omnia
3333 3135 3542 3205 (11110111
3603 3147 3674 3188 eo

387 3229 528 3292 Θεὸς
572 3231 602 3283 6
644 3232 880 3301 ποιήσας
911 3231 1004 3284 τὸν
1036 3232 1262 3301 κόσμον,
1297 3235 1393 3286 καὶ
1424 3235 1605 3288 πάντα
1629 3236 1697 3289 τὰ
1723 3237 1781 3289 ἐν
1808 3234 1980 3307 αὐτῷ,

389 3319 553 3389 οὗτος
587 3326 820 3398 οὐρανοῦ
846 3326 942 3381 καὶ
966 3328 1068 3397 γῆς
1099 3327 1304 3397 Κύριος
1337 3327 1622 3399 ὑπάρχων,
1651 3329 1753 3383 οὐκ
1783 3331 1842 3382 ἐν
1871 3346 1982 3400 χει-

393 3420 714 3489 ροποιήτοις
744 3421 892 3483 ναοῖς
920 3422 1205 3487 κατοικεῖ,
1244 3420 1370 3474 οὐδὲ
1402 3421 1510 3475 ὑπὸ
1544 3422 1746 3493 χειρῶν
1769 3421 1984 3492 ἀνθρώ-

393 3528 519 3565 πων
545 3510 918 3582 θεραπεύεται
941 3512 1345 3583 προσδεόμενός
1358 3514 1401 3546 ³³
1420 3531 1589 3579 τινος,
1618 3514 1985 3577 αὐτὸςνδιδοὺς

393 3604 541 3657 πᾶσι
571 3604 719 3673 ζωὴν
753 3604 849 3658 καὶ
876 3602 1051 3673 πνοὴν
1078 3605 1172 3657 καὶ
1215 3604 1286 3658 τὰ
1323 3606 1531 3660 πάντα·
1568 3605 1792 3676 ἐποίησέ
1823 3622 1884 3658 τε
1924 3604 1985 3672 ἐξ

391 3693 521 3756 ἑνὸς
550 3693 789 3761 αἵματος
820 3693 931 3746 πᾶν
962 3693 1117 3756 ἔθνος
1142 3697 1429 3747 κατοικεῖν
1458 3696 1551 3749 ἐπὶ
1582 3696 1691 3748 πᾶν
1714 3695 1776 3748 τὸ
1815 3695 1986 3764 πρόσ-

390 3801 551 3837 ωπον
587 3781 689 3852 τῆς
736 3783 863 3852 γῆς.
908 3803 926 3835 1
968 3781 1141 3836 Τοῦτο
1190 3785 1286 3836 καὶ
1316 3784 1557 3837 ἐνταῦθα
1607 3788 1636 3839 6
1684 3785 1986 3856 Προφήτης

389 3875 676 3930 διδάσκει·
712 3892 732 3927 1
769 3875 944 3938 Αὒτδς
979 3875 1240 3944 ἐποίησεν
1268 3876 1453 3945 ἡμᾶς,
1480 3880 1575 3930 καὶ
1606 3877 1705 3946 οὐχ
1736 3878 1920 3946 ἡμεῖς.
1959 3895 1979 3928 1

408 3967 472 4020 '0
498 3967 542 3999 ³³
589 3967 646 4020 δὲ
683 3966 983 4038 Σύμμαχος
1032 3966 1236 4031 οὕτως,
1272 3967 1466 4036 Αὐτὸς
1501 3969 1794 4036 ἐποίησεν
1828 3968 1987 4037 ἡμᾶς

394 4059 514 4112 οὐκ
543 4056 743 4123 ὄντας.
779 4042 813 4109 1
839 4057 1033 4128 Ἡμεῖς
1062 4056 1120 4110 δὲ
1138 4057 1184 4091 ³³
1213 4057 1340 4121 λαὸς
1372 4057 1540 4112 αὑτοῦ
1568 4099 1582 4123 ,
1614 4058 1709 4112 καὶ
1739 4059 1989 4131 πρόϐατα

394 4151 578 4219 νομῆς
611 4147 803 4202 αὑτοῦ.
837 4167 857 4201 1
874 4149 987 4202 Διὰ
1010 4148 1217 4202 τούτων
1245 4149 1307 4202 οὐ
1337 4149 1500 4220 μόνον
1522 4150 1623 4221 τὴν
1644 4150 1986 4220 δεσποτείαν,

391 4238 542 4296 ἀλλὰ.
587 4239 684 4292 καὶ
720 4239 821 4311 τὴν
860 4240 1193 4310 κηδεμονίαν
1228 4239 1521 4312 ἐδήλωσεν.
1567 4243 1642 4296 Οὐ
1681 4243 1841 4313 μόνον
1879 4243 1990 4316 γὰρ

397 4335 436 4402 ἡ
446 4332 566 4403 μῶν
590 4330 874 4404 Δεσπότης
909 4334 1060 4387 ἐστὶν
1078 4332 1146 4399 ³⁵,
1171 4332 1311 4386 ἀλλὰ
1343 4334 1440 4387 καὶ
1468 4333 1695 4407 ποιμὴν,
1722 4334 1822 4405 τὴν
1846 4337 1989 4404 ἀγα·

402 4425 512 4496 οὴν
546 4427 680 4496 ἡμῖν
727 4425 1061 4498 προσφέρων
1092 4426 1298 4497 νομήν·
1339 4428 1505 4497 ἡμεῖς
1533 4428 1590 4481 δὲ
1630 4428 1796 4482 αὐτοῦ
1832 4429 1929 4483 καὶ
1945 4428 1990 4462 ⁸⁵

397 4517 538 4581 λαὸς
565 4518 643 4581 ὡς
678 4517 964 4587 βασιλέως,
1001 4519 1099 4572 καὶ
1136 4518 1389 4591 πρόϐατα
1412 4519 1489 4583 ὡς
1519 4520 1801 4591 ποιμένος.

477 4608 544 4662 δ’.
576 4628 596 4661 1
627 4608 917 4663 Εἰσέλθετε
962 4611 1045 4673 εἰς
1081 4610 1184 4674 τὰς
1215 4610 1394 4676 πύλας
1440 4611 1609 4665 αὑτοῦ
1641 4614 1701 4666 ἐν
1733 4612 1990 4683 ἐξομολο-

397 4703 601 4772 γήσει,
645 4705 726 4766 εἰς
781 4701 889 4766 τὰς
935 4702 1106 4768 αὐλὰς
1154 4702 1321 4757 αὐτοῦ
1369 4704 1427 4757 ὲν
1471 4704 1684 4774 ὕμνοις.
1730 4725 1750 4758 1
1783 4708 1992 4771 Πύλας

398 4795 597 4852 αὐτοῦ
613 4795 681 4863 ³⁵,
725 4796 825 4849 καὶ
865 4795 1062 4864 αὐλὰς
1087 4797 1297 4863 αὐτοῦ,
1347 4797 1448 4862 τὰς
1478 4798 1780 4869 ἐκκλησίας
1810 4801 1988 4854 καλεῖ.

481 4942 511 4972 ι
550 4933 670 4987 Act.
695 4931 930 5002 xvuﬁl,
954 4930 1047 4986 ‘26.

2085 3238 2233 3297 sunt,
2272 3230 2361 3284 hic
2384 3229 2507 3284 00111
2537 3238 2592 3283 01
2639 3237 2799 3283 terra:
2832 3243 2958 3283 cum
2993 3229 3067 3282 sit
3131 3228 3420 3294 Dominus,
3456 3244 3563 3281 non
3614 3226 3669 3279 in

2084 3318 2419 3376 manufactis
2455 3320 2675 3389 templis
2704 3319 2939 3380 habitat,
2991 3335 3093 3374 nec
3117 3334 3148 3374 a
3198 3319 3457 3375 manibus
3494 3317 3676 3373 homi-

2088 3428 2219 3467 num
2272 3413 2472 3466 colitur
2557 3412 2807 3482 indigens
2866 3411 3071 3482 aliquo,
3127 3426 3251 3466 cum
3303 3412 3419 3481 ipse
3462 3409 3676 3466 dederit

2087 3503 2348 3559 omnibus
2386 3503 2579 3569 vitam,
2606 3512 2662 3557 et
2694 3503 2949 3569 halitum,
2984 3511 3039 3558 et
3060 3503 3246 3558 omnia
3281 3521 3296 3557 :
3338 3502 3577 3573 fecitque
3603 3516 3674 3555 ex

2090 3611 2204 3650 uno
2234 3596 2502 3667 sanguine
2536 3610 2703 3650 omne
2733 3610 2907 3665 genus
2940 3596 3227 3650 hominum
3276 3594 3525 3650 habitare
3579 3608 3678 3664 per

2086 3689 2402 3743 universam
2454 3686 2651 3742 faciem
2703 3696 2863 3742 terra:
2908 3696 2956 3742 κ.
3010 3706 3030 3740 1
3080 3686 3137 3742 111
3178 3692 3194 3710 ‘
3238 3688 3344 3743 hoc
3388 3687 3554 3742 etiam
3618 3686 3674 3741 in

2087 3777 2210 3833 loco
2253 3778 2519 3848 propheta
2571 3779 2729 3832 docet
2791 3795 2803 3830 :
2848 3785 2875 3828 ’1
2924 3776 3043 3847 Ipse
3098 3776 3230 3833 fecit
3269 3793 3371 3833 nos
3400 3818 3414 3844 ,
3466 3788 3519 3832 et
3564 3794 3675 3833 11011

2089 3870 2192 3939 ipsi
2259 3883 2382 3923 nos.
2433 3887 2453 3920 1
2518 3867 2889 3940 Symmachus
2937 3884 3068 3923 vero
3116 3886 3130 3922 :
3197 3867 3319 3937 Ipse
3377 3869 3501 3938 fecit
3555 3884 3674 3939 nos,

2087 3963 2180 4032 qui
2220 3977 2339 4016 .non
2368 3977 2601 4015 eramus.
2631 3993 2701 4002 —
2732 3980 2752 4013 1
2785 3959 2898 4016 Nos
2944 3969 3129 4016 autem
3160 3961 3401 4032 populus
3429 3963 3571 4032 ejus.
3619 3968 3678 4017 et

2089 4068 2222 4109 ores
2249 4054 2441 4125 pascui
2469 4053 2609 4120 eius.
2647 4073 2666 4107 1
2701 4053 2807 4109 Per
2841 4056 2955 4110 haec
2992 4068 3099 4109 non
3141 4054 3308 4109 modo
3358 4054 3673 4120 imperium,

2090 4147 2185 4203 sed
2214 4147 2379 4203 etiam
2433 4161 2622 4202 curam
2664 4148 2921 4202 ostendit.
2950 4145 3067 4203 Non
3099 4147 3276 4202 solum
3316 4147 3461 4201 enim
3486 4145 3676 4201 Domi-

2091 4255 2198 4296 nus
2233 4251 2419 4294 noster
2448 4249 2556 4303 est,
2588 4240 2683 4295 sed
2706 4241 2870 4295 etiam
2892 4250 3101 4310 pastor,
3130 4240 3335 4295 bonum
3365 4238 3524 4294 nobis
3550 4254 3677 4309 por-

2091 4331 2280 4401 rigens
2319 4330 2619 4400 pabulum:
2656 4345 2758 4386 nos
2788 4344 2917 4385 vero
2947 4328 3066 4399 ejus
3096 4338 3151 4384 et
3201 4329 3440 4400 populus
3483 4345 3678 4386 sumus

2095 4431 2157 4477 ut
2183 4421 2350 4492 regis.
2393 4429 2449 4476 et
2476 4436 2604 4476 oves
2637 4429 2696 4475 ut
2726 4421 2987 4491 pastoris.

2120 4640 2125 4643 *
2173 4615 2343 4673 Vens.
2376 4618 2432 4672 4.
2466 4636 2485 4670 1
2514 4617 2742 4672 lntroite
2769 4626 2953 4685 portas
2982 4618 3104 4687 ejus
3129 4631 3255 4674 cum
3307 4616 3676 4685 confessione,

2104 4711 2243 4767 atria
2276 4711 2396 4780 ejus
2418 4727 2542 4767 cum
2584 4710 2825 4781 hymnis.
2868 4730 2886 4762 1
2927 4708 3122 4765 l’ortas
3148 4711 3290 4782 ejus.
3316 4721 3372 4767 et
3401 4714 3541 4767 atria
3563 4714 3680 4784 ejus

2101 4803 2371 4859 ecclesias
2402 4811 2586 4869 vocat,
2618 4811 2805 4874 utpote
2827 4818 2951 4874 quae
2979 4804 3187 4860 aditum
3219 4805 3376 4862 nobis
3398 4805 3464 4861 ad
3498 4805 3676 4877 ipsum

1517 5047 1751 5103 VARI/1'3
1792 5049 2174 5108 LECTIONES
2219 5053 2306 5107 ET
2345 5053 2577 5111 NOT/E.

549 5164 592 5194 ⁸⁷
653 5162 736 5227 Τῷ
835 5164 971 5216 Aab’.
1034 5162 1207 5216 Abest
1261 5176 1289 5216 a
1348 5169 1494 5216 textu
1562 5158 1726 5216 Hebr.
1785 5172 1841 5217 et
1903 5163 1975 5218 Gr

2084 5181 2093 5217 1
2147 5165 2354 5221 codicis
2397 5165 2523 5221 Vat.
2582 5177 2637 5221 et
2688 5169 2841 5224 Alex.
2923 5172 2965 5204 ³⁸
3029 5175 3175 5226 Σωτ.
3235 5172 3401 5226 Θεόν.
3466 5169 3591 5224 cod.
3654 5172 3678 5225 l

426 5234 566 5313 656v
609 5235 770 5313 _xati:_
804 5233 1056 5312 chﬁpa.
1104 5233 1175 5313 “9
1232 5232 1471 5313 ffvp/(p;
1506 5232 1659 5313 ,0011ζ
1709 5232 1951 5313 [θεῷ.
1996 5235 2073 5313 ﬂ”
2124 5235 2265 5313 Θεῷ.
2336 5236 2477 5313 c_od._
2614 5236 2741 5313 add.
2805 5240 2900 5313 καὶ
2975 5243 3207 5313 Σωτῆρι.
3274 5243 3317 5273 ³⁸
3388 5243 3683 5313 Πιέρᾳ-εγω.

409 5304 538 5374 cod.
607 5305 629 5355 ζ
670 5304 795 5358 add.
840 5300 1005 5374 τοῦτο
1048 5301 1167 5374 γὰρ
1231 5301 1382 5374 λέγει
1441 5300 1528 5374 διὰ
1579 5302 1700 5374 τῶν
1749 5303 1898 5374 ἑξῆς.

413 5383 480 5428 111
512 5372 568 5427 111
613 5381 762 5428 textu
794 5372 905 5426 τῶν
935 5374 1012 5427 0'.
1046 5373 1152 5439 leg.

1440 5304 1528 5379 διὰ
1577 5304 1700 5379 ,τῶν
1749 5304 1925 5379 ἑξῆς.-
1983 5306 2041 5379 1’
2112 5304 2216 5379 ij.
2258 5307 2418 5379 _cod._
2459 5307 2597 5379 1γδέ.
2660 5308 2724 5379 ᾲ¹³
2788 5304 3685 5378 Αὐτός.0011.1β1·111111.“1ζύριος,

1226 5371 1273 5402 ιι
1314 5370 1532 5439 Ἡμῶν,
1563 5371 1732 5427 Abest
1763 5389 1791 5427 ει
1826 5370 1948 5426 rod.
1983 5371 2118 5428 Vat.
2181 5378 2225 5408 ³⁸
2254 5374 2297 5429 Ε
2322 5377 2444 5431 cod.
2480 5378 2502 5430 1
2542 5377 2688 5432 conf.

2722 5394 2775 5447 p.
2820 5380 2976 5441 1286.
3029 5399 3083 5437 11.
3115 5383 3166 5434 5.
3247 5379 3292 5412 ²⁶
3326 5386 3507 5432 Δεσπ.
3561 5381 3684 5433 0011.

413 5444 441 5497 ί
477 5443 731 5537 ww
753 5442 919 5537 ,θξεςς
965 5442 1483 5537 -1'..§:‘—:’€-.:°:.‘:.3
1903 5443 2275 5537 ,ηροσςφερε-
2309 5447 2432 5501 εοιιο
2467 5449 2490 5537 1
2521 5441 2760 5537 ξειιιελιάι
2792 5451 3123 5537 προσφέρων
3152 5449 3515 5537 ὁσημέραιιοὺ
3543 5449 3689 5534 amo-

414 5530 561 5567 εται.
594 5511 664 5566 Et
696 5512 934 5583 quotidie
962 5512 1328 5583 proferrepon
1357 5512 1574 5565 desinit.

1654 5513 1698 5544 '9
1727 5513 1809 5589 (ξύ
1840 5511 1972 5589 γάρ.
1994 5511 2139 5589 _cod.
2180 5511 2203 5568 1
2253 5531 2442 5589 prtem.
2462 5517 2491 5569 ὁ
2521 5516 2578 5570 δὲ
2618 5511 2917 5589 Σύμμαῇος
2951 5511 3179 5582 ὀὕτως’
3210 5511 3389 5589 deri};
3435 5518 3691 5587 εποίησεν

413 5583 569 5666 ἡμᾶς
600 5581 913 5666 ρύκόντας.
949 5581 1313 5666 Symmachus.
1318 5589 1514 5666 ⁸1111111111
1545 5583 1662 5666 ita:
1708 5602 1725 5634 1
1758 5584 1979 5666 111801⁸ορ

2091 5600 2155 5666 os
2188 5581 2293 5665 non
2322 5581 2757 5666 exsistentesf!
2798 5581 2862 5666 fi"
2892 5581 3013 5666 cod.
3066 5590 3089 5643 1
3128 5581 3602 5666 διεπλάσρημενέ
3644 5589 3686 5621 ³⁸

414 5651 805 5723 Προσδηςοιζ.
841 5653 863 5706 1
893 5651 1081 5723 prtem.
1110 5651 1205 5713 ὡς.
1293 5652 1336 5682 δ’

415 5720 480 5777 ili
501 5724 624 5778 cod.
664 5720 838 5780 Valit‘.

1402 5654 1444 5727 ρ
1465 5683 1533 5727 _—-
1559 5651 1759 5727 όντας.
1781 5653 1964 5727 001111
2006 5655 2127 5727 ἀντὶ
2166 5654 2260 5727 τοῦ
2297 5656 2396 5709 οὐκ
2424 5656 2585 5719 ὄντας
2618 5658 2765 5727 ἡμᾶς
2793 5659 3067 5727 ἐποίησεν.
3147 5659 3189 5690 ³³
3221 5651 3539 5725 Ἡμεῖς-’δά
3565 5656 3692 5712 Des.

915 5725 959 5755 ³³
998 5723 1226 5779 Ἐστίν.
1256 5722 1380 5776 0011.
1417 5721 1438 5775 1
1471 5722 1807 5793 temonem.
1889 5724 1933 5757 ³⁵

2084 5725 2118 5777 ῑ.
2153 5725 2319 5782 Abest
2352 5742 2381 5781 a
2423 5727 2548 5784 cod.
2605 5721 2672 5781 11⁷
2719 5721 3004 5785 “Aet-0'1”).
3061 5727 3183 5785 Des.
3241 5721 3369 5783 ibid.
