4114 6422
519 342 660 409 1671

1479 332 1971 398 THEODORETI
2036 326 2381 392 EPISCOPI
2447 324 2820 387 CYRENSIS

3650 316 3771 382 1672

524 407 777 505 praebent
806 446 822 485 :
855 427 910 484 in
946 425 1149 499 quibus
1174 425 1330 482 decet
1357 424 1543 480 divina
1572 432 1629 479 et
1683 422 1947 478 salutaria
1988 418 2109 490 ejus

2224 412 2380 471 ὶῦται
2422 415 2535 486 γὰρ
2581 415 2741 484 ἡμῶν
2770 415 2871 483 τὴν
2923 409 3063 481 πρὸς
3096 408 3263 463 αὑτὸν
3312 407 3640 477 παρέχουσιν
3673 411 3776 462 sic-

527 522 795 578 beneﬁcia
827 533 1077 583 narrare,
1110 517 1485 587 hymnumque
1522 514 1825 584 gratiarum
1871 511 2109 567 actionis

533 613 746 682 1312
783 610 928 663 velut
973 608 1177 663 donum
1217 604 1437 674 aliquod
1471 603 1693 658 offerre.

607 809 628 843 ι
667 788 1014 844 Confltemini
1048 787 1149 850 illi,
1186 784 1402 840 laudate
1440 798 1639 839 nomen
1656 783 1796 853 ejus.
1820 780 2113 855 [Vsas.5.]

530 882 802 948 Quoniam
836 881 1017 935 bonus
1053 887 1137 933 est
1170 877 1455 941 Dominus,
1487 875 1542 929 in
1585 885 1850 929 aeternum
1891 875 2110 930 miseri-

531 974 716 1027 cordia
749 972 888 1040 ejus,
924 979 977 1025 et
1011 987 1189 1040 usque
1222 970 1302 1046 in‘
1329 967 1735 1039 generationem
1770 975 1823 1019 et
1885 981 2118 1035 genera-

427 1129 439 1141 ο
536 1064 740 1117 tionem
787 1064 993 1116 veritas
1022 1062 1161 1129 ejus.
1204 1079 1223 1110 ι
1262 1058 1550 1124 Quomodo
1579 1058 1723 1111 enim
1752 1071 1862 1111 non
1889 1066 1973 1110 est
2026 1056 2118 1125 ju-

550 1165 697 1207 stum
731 1152 988 1207 laudibus
1023 1150 1281 1220 prosequi
1311 1164 1437 1203 eum
1495 1148 1588 1217 qui
1632 1147 1998 1217 inexplicabili
2024 1147 2119 1200 bc-

535 1244 805 1314 nignitate
834 1245 1026 1307 utitur,
1056 1242 1327 1310 bonisque
1350 1238 1812 1309 promissionibus
1839 1238 1999 1291 finem
2024 1236 2120 1290 im-

536 1334 736 1405 ponit?
788 1333 921 1398 Quzc
980 1335 1128 1386 enim
1195 1340 1437 1400 tempore
1493 1330 1760 1399 majorum
1803 1338 2116 1382 nostrorum

541 1425 854 1497 spopondit,
897 1426 1013 1478 haec
1040 1436 1229 1478 nostra
1274 1430 1598 1491 tempestate
1635 1419 1881 1490 perfecit,
1918 1429 1972 1476 et
2032 1436 2122 1475 sa-

545 1520 709 1572 lutem
766 1532 930 1586 quam
998 1517 1279 1586 pollicitus
1322 1526 1425 1581 est,
1488 1530 1616 1570 vere
1657 1514 1901 1575 donavit,
1961 1512 2118 1587 [cum

541 1626 641 1680 per
689 1624 908 1665 crucem
956 1624 1021 1662 ac
1056 1619 1283 1662 mortem
1308 1607 1540 1662 salutem
1579 1614 1820 1661 nostram
1854 1604 2115 1659 effecerit.

478 1702 486 1709 ’
544 1700 765 1772 Amen].

995 1809 1271 1865 INTERP.
1306 1806 1559 1863 PSALMI
1597 1808 1659 1864 C.

614 1924 784 1983 Vatis.
823 1925 875 1978 1.
923 1944 941 1977 ι
972 1922 1226 1979 Psalmus
1267 1921 1480 1976 Davidi.
1518 1940 1538 1972 ι
1596 1920 1794 1990 Aliqua
1844 1918 2122 1989 exempla-

542 2020 627 2075 ria
656 2019 857 2073 habent
884 2033 898 2070 :
928 2035 946 2068 ι
982 2015 1189 2082 Quarta
1222 2013 1467 2070 Sabhati.
1495 2032 1514 2066 ι
1546 2012 1747 2068 Verum
1778 2026 1955 2082 neque
1980 2013 2121 2082 apud

544 2108 854 2171 Hebraeum,
908 2122 1085 2175 neque
1134 2104 1277 2174 apud
1341 2104 1479 2158 alios
1530 2105 1891 2172 interpretes,
1944 2118 2124 2173 neque

543 2198 685 2269 apud
722 2198 1078 2268 Septuaginta
1105 2197 1248 2250 hanc
1288 2194 1600 2250 invenimus
1626 2194 1982 2251 additionem.
2012 2193 2125 2249 lloc

542 2300 728 2348 autem
772 2298 1156 2361 argumentum
1191 2287 1435 2357 psalmus
1457 2287 1640 2341 habet.
1678 2284 1858 2341 Josias
1884 2302 1978 2340 rex
2008 2298 2126 2342 om-

544 2399 643 2439 nes
675 2383 949 2437 idolorum
983 2396 1110 2435 aras
1141 2378 1388 2434 funditus
1426 2378 1608 2433 evellit
1635 2386 1708 2432 γε
1763 2378 1959 2432 horum
1997 2390 2126 2433 vero

545 2473 858 2529 sacerdotes
896 2473 1132 2535 necavit,
1161 2480 1215 2525 et
1241 2470 1307 2524 ad
1341 2470 1632 2540 pristinam
1667 2470 1923 2538 pietatem
1955 2482 2128 2537 pepu-

546 2564 659 2620 lttm
707 2563 951 2618 deduxit.
984 2561 1107 2616 Non
1165 2571 1349 2616 autem
1400 2561 1466 2615 de
1527 2562 1843 2631 dogmatum
1893 2560 2126 2614 sanitate

545 2661 758 2710 tantum
793 2654 1059 2708 sollicitus
1093 2651 1216 2719 fuit,
1243 2668 1436 2706 verum
1466 2652 1630 2706 etiam
1660 2654 1728 2705 de
1773 2651 1968 2708 ciliciis
2013 2651 2128 2706 vir-

544 2747 677 2802 tutis
714 2761 902 2801 curam
933 2744 1123 2813 gessit,
1159 2753 1307 2799 recte
1333 2743 1616 2813 judicans,
1647 2743 1927 2797 honorans
1958 2741 2126 2811 justi-

543 2838 700 2902 tiam,
733 2837 936 2907 injuria
970 2836 1191 2891 affectis
1216 2851 1377 2904 opem
1430 2833 1634 2899 ferens,
1675 2841 1730 2888 et
1783 2834 1983 2904 injuria
2012 2830 2124 2889 afﬁ-

542 2929 752 2985 cientes
776 2930 1041 2998 plectens,
1067 2927 1269 2983 civium
1304 2926 1529 2981 utilitati
1575 2925 1934 2995 prospiciens.
1999 2927 2127 2983 Haec

543 3036 671 3077 cum
733 3022 928 3076 beatus
975 3018 1141 3074 David
1203 3017 1550 3087 prrevitleret,
1586 3015 1735 3072 hunc
1794 3017 2125 3087 conscripsit

2210 508 2351 568 οδον.
2402 510 2463 562 ἐν
2508 502 2601 570 αἷς
2630 508 2904 578 προσήκει
2946 504 3046 568 τὰς
3080 503 3232 566 θείας
3269 501 3437 555 αὑτοῦ
3478 504 3572 555 καὶ
3615 518 3776 572 σωτηο

2213 600 2364 672 ρίους
2387 600 2657 669 ἐργασίας
2686 597 2970 662 διεξιέναι,
2999 595 3095 649 καὶ
3123 594 3215 647 τὸν
3243 597 3592 665 χαριστήριον
3617 592 3774 665 ὕμνον

2212 685 2329 744 οἷόν
2366 708 2420 743 τι
2449 690 2624 761 δῶρον
2652 690 3009 759 προσφέρειν.

2291 801 2311 835 ι
2360 783 2805 853 Ἐξομολογεῖσθε
2835 782 3019 851 αὐτῷ’
3056 781 3259 835 αίνείτε
3301 779 3365 832 τὸ
3401 777 3573 850 ὄνομα
3603 778 3779 832 αὑτοῦ.

2218 874 2307 950 [ε’]
2334 877 2457 929 ’Ότι
2479 875 2715 947 χρηστὸς
2748 874 2974 945 Κύριος,
3007 873 3088 937 είς
3117 873 3210 926 τὸν
3241 872 3419 926 αίῶνα
3447 872 3507 925 τὸ
3531 870 3675 934 ἕλεος
3700 872 3785 925 αὐ-

2215 967 2334 1032 τοῦ,
2367 968 2461 1021 καὶ
2488 968 2593 1031 ἕως
2619 969 2813 1034 γενεᾶς
2852 969 2947 1021 καὶ
2975 968 3171 1036 γενεᾶς
3213 968 3248 1037 ἡ
3277 963 3506 1035 ἀλήθεια
3546 963 3729 1017 αὐτοῦ.
3763 983 3780 1013 ι

2217 1058 2344 1123 Πῶς
2366 1058 2476 1131 γὰρ
2506 1060 2567 1112 οὐ
2598 1059 2812 1114 δίκαιον
2840 1061 3031 1131 ὑμνεῖν
3044 1060 3089 1093 ³⁷
3116 1060 3208 1114 τὸν
3238 1059 3465 1130 ἀρρήτῳ
3492 1056 3788 1127 φιλανθρωι

2218 1151 2322 1221 πίει.
2356 1150 2671 1223 χρώμενον,
2715 1151 2814 1205 καὶ
2850 1154 2971 1216 ταῖς
3010 1151 3247 1221 ἀγαθαῖς
3277 1151 3637 1220 ὑποσχέσεσιν
3674 1149 3789 1200 ἐπι-

2218 1243 2441 1299 τιθέντα
2483 1243 2544 1297 τὸ
2595 1244 2809 1316 πέρας;
2845 1245 2909 1297 Ἀ
2949 1246 3057 1312 γὰρ
3103 1245 3199 1297 ἐπὶ
3231 1244 3331 1314 τῆς
3374 1242 3482 1296 τῶν
3518 1240 3791 1312 προγόνων

2220 1336 2492 1408 ὑπέσχετο
2525 1338 2757 1406 γενεᾶς,
2805 1335 2980 1391 ταῦτα
3012 1336 3107 1390 ἐπὶ
3140 1337 3240 1406 τῆς
3268 1336 3547 1407 ἡμετέρας
3588 1331 3791 1402 πιπλήο

2224 1446 2426 1501 ρωκεν,
2451 1430 2548 1482 καὶ
2579 1428 2646 1499 ἢν
2675 1428 3052 1498 ἐπηγγείλατο
3083 1428 3384 1495 σωτηρίαν,
3417 1425 3633 1493 ἀληθῶς
3673 1423 3788 1476 ἐδω-

2226 1521 2463 1591 ρήσατο,
2502 1517 2572 1589 [³⁸
2604 1518 2692 1572 διὰ
2725 1516 2962 1587 σταυροῦ
3005 1519 3104 1572 καὶ
3131 1517 3368 1571 Θανάτου
3398 1516 3499 1587 τὴν
3529 1514 3794 1586 ἡμετέραν

2225 1609 2503 1681 σωτηρίαν
2532 1610 3131 1682 πραγματευσάμενος.
3172 1608 3393 1681 Ἀμήνὶ.

2572 1811 2841 1867 EPMHN.
2879 1811 3016 1865 ΤΟΥ
3053 1811 3111 1863 P’
3146 1811 3472 1866 ΨΑΛΜΟΥ.

2295 1922 2366 1979 α’.
2403 1942 2420 1975 ι
2455 1923 2547 1995 Τῷ
2578 1922 2747 1978 Δαῦὶδ
2782 1925 3021 1994 ψαλμός.
3056 1943 3073 1976 ι
3112 1926 3275 1979 Ἐνια
3320 1925 3434 1978 τῶν
3450 1925 3495 1957 ³⁸
3548 1922 3799 1994 ἀντιγρά-

2224 2030 2344 2083 φων
2374 2015 2490 2085 ἔχει
2514 2032 2528 2047 ·
2561 2035 2579 2068 ι
2613 2016 2846 2087 Τετρὰδι
2876 2016 3198 2071 Σαόὄὰτων.
3232 2035 3251 2067 ι
3281 2016 3424 2070 Οὔτε
3453 2017 3512 2071 δὲ
3550 2017 3696 2088 παρὰ
3731 2012 3801 2084 τῷ

2239 2104 2511 2177 Ἑϐραίῳ,
2552 2106 2677 2160 οὔτε
2718 2107 2869 2178 παρά
2899 2108 3013 2169 τοῖς
3046 2106 3228 2169 ἀλλοις
3264 2108 3658 2178 ἐρμηνευταῖς,
3686 2105 3802 2159 οὔτε

2226 2198 2382 2271 παρά
2428 2202 2543 2263 τοῖς
2602 2199 3009 2269 Ἐὁδομήκοντα
3065 2199 3274 2271 ταύτην
3321 2201 3651 2272 εὑρήκαμεν
3713 2200 3803 2269 τὴν

2226 2289 2570 2361 προσθήκην.
2609 2289 2901 2345 ’Υπὸθεσιν
2952 2291 3008 2344 δέ
3055 2293 3086 2345 ὁ
3135 2292 3350 2364 ψαλμὸς
3401 2294 3617 2365 ταύτην
3668 2291 3802 2362 ἔχει·

2238 2383 2450 2448 Ἰωσίας
2468 2383 2513 2415 ⁸³
2540 2386 2570 2436 ὁ
2592 2382 2847 2453 βασιλεὺς
2879 2384 3190 2438 ἀνέσπασεν
3224 2385 3480 2450 ἅπαντας
3511 2387 3574 2439 ἐκ
3599 2384 3805 2456 βάθρων

2226 2476 2356 2540 τοὺς
2376 2476 2489 2531 τῶν
2507 2475 2749 2531 εἰδώλων
2771 2476 2990 2547 βωμούς
3009 2492 3023 2507 ο
3050 2477 3182 2541 τοὺς
3211 2479 3270 2532 δὲ
3292 2478 3508 2533 τούτων
3543 2478 3805 2548 κατηκόνο

2226 2583 2379 2621 τισεν
2428 2566 2635 2639 ἱερέας·
2665 2568 2746 2631 είς
2789 2567 2848 2621 δέ
2893 2567 2994 2638 τὴν
3026 2570 3305 2641 προτέραν
3337 2570 3629 2624 εὐσέϐειαν
3661 2568 3806 2623 ἐποδ-

2229 2659 2407 2729 ήγησε
2459 2658 2551 2712 τὸν
2587 2658 2738 2713 λαόν.
2775 2659 2851 2711 ού
2899 2661 3068 2730 μόνης
3113 2661 3170 2714 δὲ
3216 2661 3319 2731 τῆς
3362 2663 3480 2717 τῶν
3530 2661 3807 2734 δογμάτων

2227 2751 2549 2822 ἐφρόντισεν
2570 2750 2783 2819 ὑγείας,
2816 2750 2954 2805 ἀλλά
2985 2752 3220 2806 καὶτῶν
3252 2753 3353 2823 τῆς
3381 2754 3593 2825 ἀρετῆς
3624 2756 3810 2823 ἐπεμε-

2226 2841 2366 2913 λήθη
2422 2842 2892 2912 κατορθωμάτων,
2921 2842 3100 2913 ὀρθῶς
3133 2844 3399 2910 δικάζων,
3442 2848 3718 2919 γεραίρων
3753 2844 3809 2898 τὸ

2227 2932 2463 2999 δίκαιον,
2498 2930 2760 3004 ἐπαρκῶν
2783 2934 3187 3005 ἀδικουμένοις,
3218 2937 3345 3001 τοὺς
3370 2936 3702 3001 ἀδικοῦντας
3727 2953 3810 2989 κο-

2228 3024 2429 3089 λάζων.
2474 3024 2576 3095 τῆς
2607 3024 2722 3079 τῶν
2766 3026 3162 3080 συνοικούντων
3196 3027 3477 3097 ὠφελείας
3528 3028 3809 3101 ἐπιμελοῦ⁶

542 3113 837 3185 psalmum,
870 3122 926 3166 et
955 3111 1104 3166 illius
1141 3111 1406 3164 virtutem
1433 3108 1737 3190 explicans,
1784 3117 1839 3164 et
1868 3110 2122 3165 omnibus

2232 3087 2417 3187 μενος
2452 3087 2644 3171 Τατύτα
2687 3117 2977 3189 πόρρωθεν
3023 3120 3051 3172 ὁ
3096 3087 3372 3190 μακάριος
3420 3087 3590 3176 sum
3623 3087 3811 3175 θεεσά-

546 3202 872 3258 hominibus
944 3198 1303 3269 perfectionis
1359 3188 1732 3253 characterem
1789 3214 2124 3269 proponam.

545 3296 564 3315 ⁶
592 3312 612 3344 ι
634 3290 1063 3346 Misericordiam
1082 3298 1137 3343 et
1159 3288 1425 3358 judicium
1450 3289 2074 3355 cantabotibi,Domine.
2100 3309 2125 3344 ι

550 3384 826 3449 Quoniam
864 3383 1010 3435 enim
1044 3389 1097 3435 et
1126 3380 1332 3449 injuria
1384 3379 1701 3434 all‘ectorum
1737 3381 2124 3449 miserebatur,

550 3473 766 3544 1313
795 3484 846 3526 et
880 3470 1081 3540 injuria
1113 3471 1405 3527 allicientes
1438 3451 1774 3528 admirabilis
1794 3471 1973 3529 Josias
1995 3486 2128 3527 con-

546 3566 865 3627 demnabat,
905 3563 1125 3618 illorum
1175 3564 1569 3629 narrationem,
1629 3565 1843 3621 laudem
1904 3565 2127 3621 miseri-

545 3658 748 3714 cordia:
770 3666 826 3713 et
866 3656 1061 3727 judicii
1093 3658 1450 3727 nuncupavit.

620 3846 783 3903 νειιε.
812 3847 866 3902 2.
899 3866 919 3900 ι
953 3845 1212 3912 Psallam,
1249 3855 1305 3902 et
1335 3846 1631 3917 intelligam
1662 3845 1716 3900 in
1740 3845 1823 3900 via
1854 3844 2126 3901 immacu-

544 3941 677 3997 lata.
719 3960 738 3994 ι
776 3939 1141 4012 Symmachus
1164 3954 1297 3994 vero
1321 3940 1404 3995 sic
1441 3957 1454 3993 :
1489 3937 1751 4003 Cautabo,
1780 3937 2125 4003 considerabo

529 4025 671 4076 viam
704 4024 1132 4081 immaculatum.
1173 4026 1353 4095 Quam
1378 4042 1478 4096 per
1506 4026 1680 4081 sancti
1716 4026 1963 4096 Spiritus
1999 4043 2124 4099 gra-

528 4114 661 4170 tiam
684 4116 796 4170 vidi
824 4132 947 4171 esse
968 4118 1110 4173 viam
1140 4134 1334 4188 puram
1351 4119 1571 4186 Deoque
1595 4126 1824 4187 gratam,
1847 4119 2122 4191 hanc'ego

541 4228 690 4267 nunc
715 4226 811 4281 per
835 4210 1050 4265 dulcem
1083 4207 1461 4278 symphoniam
1492 4206 1806 4276 adjungam.
1840 4221 1859 4255 ι
1892 4205 2123 4270 Quando

537 4303 728 4359 venies
767 4302 832 4356 ad
871 4301 998 4355 me?
1038 4319 1057 4352 ι
1092 4297 1275 4354 Talem
1322 4300 1468 4354 enim
1516 4299 1604 4354 hic
1650 4297 1989 4354 admirabilis
2036 4298 2120 4354 vir

2234 3225 2415 3281 μενος,
2445 3209 2639 3262 τοῦτον
2667 3208 2979 3280 συνέγραψε
3005 3210 3097 3264 τὸν
3125 3210 3344 3282 ψαλμὸν
3362 3251 3375 3277 ,
3418 3216 3515 3267 καὶ
3547 3212 3645 3284 τὴν
3672 3210 3810 3265 ἐκεί-

2229 3319 2324 3355 νου
2353 3299 2569 3368 διεξιὼν
2600 3301 2827 3373 ἀρετὴν,
2864 3302 2959 3356 καὶ
2988 3303 3158 3355 πᾶσιν
3186 3302 3512 3374 ἀνθρώποις
3550 3304 3811 3373 τελειότη-

2226 3404 2321 3455 τος
2340 3390 2654 3462 προστιθεὶς
2684 3392 3035 3462 χαρακτῆρα.
3054 3409 3073 3440 ι
3090 3391 3279 3444 Ἐλεον
3293 3393 3335 3423 ⁸³
3358 3395 3464 3448 καὶ
3487 3394 3671 3466 κρίσιν
3692 3392 3812 3464 ᾄσο-

2230 3482 2329 3553 μαί
2351 3498 2457 3546 σοι,
2485 3482 2684 3553 Κύριε.
2719 3502 2739 3535 ι
2775 3484 2998 3555 Ἐπειδὴ
3027 3486 3138 3556 γὰρ
3156 3487 3251 3541 καὶ
3269 3487 3401 3549 τοὺς
3423 3488 3810 3559 ἀδικουμένους

2227 3575 2401 3646 ἠλέει,
2431 3575 2659 3629 καὶτῶν
2684 3574 3018 3630 ἀδικούντων
3047 3577 3076 3630 ὁ
3101 3578 3417 3649 θαυμάσιος
3445 3580 3665 3644 Ἰωσίας
3686 3594 3810 3632 κατ·

2226 3664 2568 3735 εψηφίξετο,
2605 3663 2705 3735 τὴν
2757 3666 2889 3735 περὶ
2935 3666 3162 3721 ἐκείνων
3207 3668 3493 3740 διήγησιν,
3540 3669 3813 3742 εὐφημίαν

2226 3755 2380 3826 ἐλέου
2415 3756 2512 3808 καὶ
2541 3754 2782 3826 κρίσεως
2814 3756 3258 3826 προσηγόρευσε.

2299 3820 2367 3919 β’δ.
2399 3864 2419 3899 ι
2448 3820 2644 3913 Ψαλιῖι,
2674 3848 2771 3903 καὶ
2803 3820 3025 3920 συνήσω
3051 3820 3110 3901 ἐν
3140 3849 3244 3919 ὁδῷ
3274 3847 3526 3921 ἀμώμῳ,
3566 3870 3589 3906 ι
3621 3850 3737 3904 ’0⁸³
3760 3848 3811 3901 δὲ

2225 3940 2527 4009 Σύμμαχος
2597 3938 2810 4004 οὕτως’
2877 3940 3240 4006 Μελφόήσω,
3316 3941 3608 4007 ἐννοήσω
3676 3942 3814 3996 datr

2220 4029 2466 4102 ἄμωμον
2541 4033 2644 4086 Ἦν
2699 4033 2792 4089 διὰ
2847 4033 2951 4102 τῆς
3024 4031 3122 4087 τοῦ
3187 4033 3517 4106 ῐινεύματος
3596 4036 3814 4109 χάριτος

2218 4120 2538 4193 ἐθεασάμην
2576 4122 2811 4197 ἄμωμον
2852 4124 2996 4189 ὁδὸν,
3043 4125 3140 4177 καὶ
3183 4125 3410 4199 θυμήρη
3461 4128 3623 4199 Θεῷ,
3681 4125 3810 4181 ταύ-

2217 4228 2319 4282 την
2350 4211 2450 4266 νῦν
2487 4214 2575 4268 διὰ
2619 4213 2718 4284 τῆς
2764 4209 3036 4284 μελῳδίας
3073 4214 3395 4284 προσθήσω.
3432 4237 3452 4270 ι
3492 4219 3633 4272 Πότε
3667 4218 3814 4288 ἥξεις

2222 4300 2362 4373 πρός
2388 4315 2488 4370 ps;
2508 4317 2526 4350 ι
2548 4297 2827 4368 τοσαύτην
2843 4298 2891 4332 ⁸³
2914 4299 3025 4370 γὰρ
3044 4302 3073 4353 ὁ
3098 4298 3472 4370 θαυμάσιος⁸⁸
3493 4295 3653 4364 οὗτος
3675 4299 3812 4368 ἀνὴρ

537 4394 831 4465 puritatem
869 4391 1085 4457 habuit,
1120 4399 1182 4445 ut
1212 4406 1336 4446 cum
1368 4389 1569 4445 ﬁducia
1606 4389 1673 4444 ad
1702 4387 1872 4444 Deum
1909 4390 2121 4446 clama-

2224 4392 2497 4486 ἀκτήσατο
2542 4389 2902 4461 καθαρότητα
2926 4430 2941 4454 ,
2971 4390 3049 4456 ὡς
3081 4392 3222 4462 μετά
3255 4393 3582 4465 παρρησίας
3623 4392 3812 4463 βοῆσαι

536 4495 641 4553 ret,
675 4504 695 4538 ι
733 4485 961 4552 Quando
997 4483 1183 4538 venies
1217 4483 1284 4539 ad
1316 4482 1440 4538 me?
1469 4502 1488 4534 ι
1524 4481 1692 4548 Quasi
1728 4481 1874 4537 dicat
1899 4500 1914 4537 :
1944 4479 2121 4549 Rega-

537 4575 619 4632 les
645 4579 804 4633 aulas
834 4576 1148 4645 splendidas
1177 4585 1232 4631 et
1262 4574 1583 4649 magniﬁcas
1614 4573 1711 4629 tibi
1764 4574 2064 4645 praeparari
2100 4592 2115 4628 :

539 4674 691 4721 tuum
720 4668 1041 4731 adventum,
1073 4663 1321 4729 Domine,
1339 4674 1559 4735 exopto,
1593 4672 1853 4734 tuamque
1880 4677 2121 4734 praesen-

538 4754 670 4809 tiam
701 4753 976 4822 desidero,
1005 4756 1098 4811 sed
1127 4754 1368 4810 concede
1403 4753 1549 4823 quod
1583 4762 1892 4824 exaptatur.
1932 4770 1951 4803 ι
1984 4750 2118 4806 Am-

538 4844 796 4901 bulabam
829 4846 882 4900 in
921 4846 1235 4901 innocentia
1270 4845 1453 4900 cordis
1485 4846 1589 4901 mei
1623 4845 1675 4899 in
1709 4844 1891 4900 medio
1920 4844 2118 4898 domus

539 4953 698 4993 mete.
729 4956 748 4989 ι
778 4938 914 4994 Cum
937 4940 1288 5009 simplicitate
1309 4937 1442 5003 vixi,
1464 4954 1572 4993 non
1595 4954 1732 4994 usus
1752 4952 1875 4992 sum
1898 4935 2112 5005 fraude,

609 5123 639 5165 7
670 5117 740 5173 ιν
766 5118 901 5184 Reg.
937 5133 1051 5172 χχιι
1092 5124 1147 5172 ct
1168 5132 1300 5171 χχιιι
1329 5135 1344 5186 ;
1386 5117 1427 5172 ll
1450 5117 1692 5189 Paralip.
1722 5133 1886 5173 χχχιιι
1914 5126 1969 5173 et
2001 5132 2166 5173 xxxv.

2226 4480 2365 4553 πρὸς
2394 4482 2485 4535 τὸν
2506 4480 2663 4548 Θεὸν,
2690 4498 2709 4532 ι
2743 4481 2882 4535 Πότε
2911 4482 3064 4553 ἥξεις
3084 4482 3223 4554 πρός
3249 4500 3350 4553 ps;
3384 4485 3541 4538 ’Λντὶ
3568 4482 3686 4547 τοῦ,
3711 4482 3812 4535 Εὐ.

2224 4572 2478 4643 πρεπῆ⁸³
2529 4587 2612 4624 σοι
2658 4570 2730 4625 τὰ
2778 4570 3031 4642 βασίλεια
3072 4574 3389 4644 κατέστησα
3409 4575 3481 4642 ⁸⁸,
3522 4575 3679 4629 ποθῶ
3723 4589 3811 4626 σου

2224 4662 2292 4736 [ιτ
2326 4662 2427 4734 τὴν
2466 4658 2848 4736 παρουσίαν,ὧ
2903 4664 3183 4719 Δέσποτασ
3237 4666 3538 4737 ίμείρομαί
3564 4664 3687 4737 σου]
3718 4662 3812 4733 τῆς

2222 4755 2548 4825 ἐπιφανείας
2572 4796 2589 4821 ,
2626 4755 2765 4809 ἀλλά
2806 4755 2895 4818 δὸς
2932 4757 2996 4810 τὸ
3030 4756 3386 4828 ποθούμενον.
3425 4777 3447 4810 ι
3485 4755 3814 4831 Διεπορευό·

2224 4863 2335 4918 μην
2365 4847 2423 4899 ἐν
2448 4847 2656 4918 ἀκακία
2682 4847 2911 4917 καρδίας
2942 4864 3042 4918 μου
3064 4850 3122 4900 ἐν
3150 4849 3301 4919 μέσῳ
3325 4848 3423 4901 τοῦ
3454 4852 3613 4903 οἴκου
3644 4865 3768 4921 μου.
3789 4865 3807 4895 ι

2235 4938 2595 5012 ’Δπλότητι⁸³
2644 4938 2823 5002 συζῶν
2871 4939 3180 4993 διετέλεσαο
3240 4941 3341 4994 οὑκ
3401 4941 3679 5014 ἐχρώμην
3737 4938 3812 4991 δι-

1592 5294 1824 5350 νΑιιιΑι
1866 5294 2254 5350 LECTIONES
2309 5295 2398 5350 ET
2439 5293 2669 5352 NOTE.

602 5449 648 5521 ξ’
677 5447 1173 5521 εορ.1-ἁνυμνεῖν.
1250 5449 1294 5521 ³⁸
1358 5448 1401 5501 Ε
1731 5447 1961 5521 ³³ῌΤῶν.
2016 5448 2116 5521 cod

2234 5464 2460 5521 praem.
2517 5448 2595 5521 δέ.
2674 5448 2720 5480 ⁸³
2769 5448 2929 5504 Ἰωσ.
2977 5448 3175 5521 cod-‘1
3240 5448 3810 5521 ριίειῃ.ὀμακάριος.

533 5518 577 5553 ⁸³
603 5515 739 5591 Rec.
769 5517 930 5591 lectio
950 5515 1010 5571 h.
1042 5516 1085 5591 _|.
1118 5528 1231 5591 est.
1251 5520 1459 5591 Elsog._
1482 5519 1527 5550 ⁸³
1573 5518 1633 5569 ’0
1661 5545 1747 5591 -—_
1762 5516 2028 5591 ᾷμωμον.
2057 5519 2112 5591 Ιιι

2224 5515 2289 5591 d.‘
2334 5519 2648 5591 laponitttr
2706 5527 2833 5588 post
2869 5515 3285 5591 προσηγόρευσε
3355 5518 3401 5549 ⁸³
3437 5515 3583 5591 Ἰάρετ.
3618 5515 3805 5591 σούς-1

534 5588 812 5656 τοιαύτην.
891 5586 939 5620 ⁸⁸
956 5588 1079 5645 cod.
1138 5590 1163 5642 1
1216 5587 1648 5657 θαυμαζόμενος.

1735 5588 1781 5658 ff
1807 5590 1930 5658 cod.
1966 5590 1990 5643 1
2028 5588 2294 5658 εὐτρεπῆ.

2372 5589 2419 5621 ⁸⁸
2464 5588 2539 5642 Τὰ
2572 5588 2722 5658 βασ.
2770 5588 3044 5658 ᾳωιτέὶγτζ
3075 5588 3194 5644 cod.
3248 5589 3274 5642 1
3340 5589 3671 5658 κατέστησα
3712 5589 3813 5658 τῆς

572 5657 818 5730 ασιλείας
864 5659 964 5730 τὴν
1020 5659 1250 5713 εἴσοδον.
1288 5656 1337 5691 ⁸’ί
1364 5657 1405 5709 Ε
1457 5656 1581 5711 eod.
1642 5658 1694 5712 1.
1737 5657 1999 5712 Eamdem
2039 5659 2122 5715 lcc

2224 5673 2333 5713 tem
2373 5658 2567 5715 habuit
2614 5656 2836 5718 Carafa.
2907 5657 2952 5692 ⁸⁸
3004 5661 3174 5717 Ἁπλ.
3203 5659 3326 5715 eod.
3358 5658 3384 5712 1
3430 5656 3631 5729 praem.
3664 5656 3809 5726 λέγει

570 5725 597 5779 ἐ
643 5727 747 5783 ὅτι.
