4114 6460
578 404 713 479 ιδτε,
1633 415 2121 477 THEODORETI
2162 414 2504 478 EPISCOPI
2535 416 2903 479 CYRENSIS
3677 421 3796 487 1676

577 530 802 583 histozia
834 528 1146 583 didicimus.
1186 531 1386 584 Omnes
1421 531 1564 584 enim
1600 532 1797 599 impios
1838 532 2148 584 sacerdotes
2179 541 2202 594 Α

2179 541 2221 595 Α
2252 528 2424 582 Τοῦτο
2450 530 2636 597 σαφῶς
2664 530 2814 601 παρὰ
2841 531 2942 600 τῆς
2973 531 3213 603 ἱστορίας
3239 532 3798 606 ἐμάθομεν.”Απαντας

576 636 604 669 u
628 630 747 674 mete
774 621 1043 686 multavit,
1096 632 1151 675 et
1194 636 1408 676 sacram
1440 622 1680 690 expiavit
1712 621 1925 677 urbem.
1960 618 2147 694 [Tem-

2249 620 2360 691 γὰρ
2393 622 2521 684 τοὺς
2548 621 2831 684 δυσσεϐεῖς
2860 621 3047 692 ἱερέας
3085 620 3166 693 τῷ
3206 622 3423 694 θανάτῳ
3471 628 3798 698 παρέπεμψε,

572 726 673 778 pus
719 713 1045 766 matutinum
1085 724 1267 769 autem
1314 723 1471 770 vocat
1514 713 1730 768 initium
1770 712 1984 783 imperii
2036 712 2144 767 sui.

2250 712 2346 765 καὶ
2368 712 2469 782 τὴν
2505 713 2658 784 ἱερὰν
2686 712 2989 783 ὲξεκάθηρε
3016 713 3194 768 πόλιν.
3232 714 3300 785 [⁷³
3332 717 3551 786 Πρωΐαν
3573 718 3627 772 δὲ
3664 721 3804 774 καλεῖ

572 801 703 857 Nam
737 803 909 859 instar
941 804 1081 861 lucis
1117 809 1398 861 matutina:
1426 814 1652 862 exortus
1677 813 1758 861 est
1788 820 1912 862 cum
1949 804 2148 859 decora

2247 799 2347 871 τὴν
2378 801 2557 871 ἀρχὴν
2599 802 2699 871 τῆς
2729 800 2896 853 αὑτοῦ
2929 800 3238 871 βασιλείας·
3269 804 3347 867 ὠς
3371 804 3562 876 ὄρθρος
3584 807 3687 877 γὰρ
3712 810 3801 861 αύ-

560 902 617 947 et
651 896 966 965 splendente
991 898 1253 973 justitia.]
1280 900 1548 956 Cazterum
1579 901 1673 970 qui
1705 900 1821 954 vult
1853 898 2016 966 hujus
2044 897 2147 951 viri

2247 891 2339 955 τὸς
2377 892 2619 946 ἀνέτειλε
2660 897 2801 962 μετὰ
2845 893 2944 961 τῆς
2993 893 3312 964 πρεπούσης
3351 896 3445 949 καὶ
3483 897 3805 970 φωτιζούσης

496 978 499 981 ’
570 989 820 1042 virtutem
880 993 1190 1047 accuratius
1242 993 1478 1057 discere,
1516 991 1755 1046 inveniet
1800 1005 1919 1045 eam
1973 989 2028 1043 in
2060 1003 2118 1044 se

2248 982 2642 1055 δικαιοσύνης.]
2688 986 2744 1038 '0
2769 985 2827 1038 δὲ
2852 983 3179 1055 βουλόμενος
3209 985 3307 1058 τὴν
3335 987 3430 1041 τοῦ
3473 987 3658 1059 ἀνδρὸς
3687 992 3805 1061 ἀρε-

565 1082 747 1136 cuudo
773 1081 1228 1152 Patalipomenon
1256 1085 1417 1152 libro,
1452 1094 1506 1140 et
1528 1084 1582 1138 in
1614 1092 1807 1154 quarta
1831 1081 2145 1151 Regnorum

2246 1077 2346 1146 τὴν
2394 1076 2797 1145 καταμαθεῖνῗη
2830 1074 3244 1148 ἀκριϐέστερον,
3292 1078 3650 1150 εὑρήσεται⁷⁵
3690 1081 3807 1133 ταύ-

570 1174 797 1239 ltistoria
836 1184 882 1229 ³.
915 1173 1174 1246 [Operam
1209 1181 1396 1248 itaque
1427 1177 1518 1233 det
1553 1175 1953 1246 unusquisque,
1983 1184 2040 1229 ut
2064 1173 2144 1229 vi-

2246 1185 2345 1238 την
2376 1168 2439 1220 ἔκ
2461 1185 2520 1220 τε
2554 1169 2652 1238 τῆς
2679 1168 2936 1238 δευτέρας
2962 1170 3071 1223 τῶν
3105 1168 3613 1241 Παραλειπομένων,
3637 1173 3726 1227 καὶ
3750 1173 3809 1226 ὲκ

566 1283 685 1320 rutn
718 1268 881 1321 istum
925 1269 1189 1334 imitetur,
1232 1282 1288 1324 ut
1311 1270 1511 1326 similis
1552 1283 1738 1325 coram
1770 1267 1989 1323 Christo
2015 1282 2145 1337 par-

2245 1260 2342 1327 τῆς
2373 1260 2644 1330 τετάρτης
2678 1260 2788 1313 τῶν
2823 1262 3126 1315 Βασιλειῶν
3157 1264 3421 1334 ἱστορίας.
3469 1262 3555 1335 [⁷⁶
3591 1265 3810 1318 Σπουδα-

567 1358 737 1425 ticeps
761 1357 851 1410 ﬁat
884 1358 1114 1413 ﬁduciae.
1150 1354 1371 1431 Amcn.]

2248 1352 2395 1405 σάτω
2421 1352 2601 1404 τοίνυν
2634 1351 2866 1417 ἕκαστος
2901 1354 3151 1425 μιμητὴς
3195 1354 3352 1409 τοῦδε
3383 1355 3478 1408 τοῦ
3513 1356 3702 1425 ἀνδρὸς
3725 1373 3809 1424 γε·

2245 1442 2431 1496 νέσθαι
2455 1460 2469 1473 ·
2504 1444 2594 1498 ἵνα
2617 1444 2719 1512 τῆς
2750 1444 2875 1515 ἴσης
2904 1445 3056 1518 αύτῷ
3092 1448 3404 1522 κοινωνήσῃ
3432 1450 3586 1515 παρὰ
3608 1449 3814 1520 Χριστῷ

2246 1535 2586 1605 παρρησίας.
2627 1536 2855 1609 ’Δμήν.]

1015 1640 1286 1695 INTERP.
1328 1640 1578 1695 PSALMI
1613 1641 1700 1696 Cl.
2564 1648 2640 1701 EF

2564 1648 2833 1705 EPMHN.
2864 1651 3004 1705 ΤΟΥ
3024 1652 3128 1705 PA’
3162 1653 3484 1709 ΨΑΛΜΟΥ.

643 1754 804 1812 Vens.
835 1756 886 1811 l.
914 1773 933 1807 ι
972 1755 1159 1811 Oratio
1196 1758 1445 1826 pauperi,
1486 1770 1610 1811 cum
1661 1756 1934 1811 anxietate
1977 1756 2145 1812 allici-

2314 1753 2383 1808 α’.
2421 1771 2441 1807 t
2478 1756 2770 1831 Προσευχὴ
2808 1759 2886 1831 τῷ
2915 1760 3152 1832 πτωχῷ·
3198 1762 3331 1816 ὅταν
3374 1763 3651 1835 ἀκηδιάση
3675 1803 3691 1829 ,
3735 1764 3819 1817 καὶ

567 1860 676 1912 tur,
712 1857 767 1904 et
806 1862 991 1905 coram
1024 1848 1255 1904 Domino
1290 1863 1481 1917 preces
1509 1863 1638 1904 suas
1663 1848 1912 1905 effundit.
1943 1867 1964 1903 ι
1992 1849 2143 1907 Praa-
2177 1895 2192 1951 Ι

2196 1896 2218 1952 ἱ
2246 1845 2429 1901 ἔναντι
2446 1849 2490 1880 ⁷⁷
2518 1820 2732 1922 Κυρίου
2757 1820 2928 1923 cxx-6n
2960 1820 3273 1925 ehv‘ééqctv
3292 1820 3486 1909 αὑτοῦί
3529 1875 3548 1907 ι
3582 1820 3821 1928 ngam-

562 1941 861 1996 dictionem
893 1940 1208 1997 aﬂliclionis
1242 1940 1429 2011 populi
1461 1938 1795 2006 Iudaeorum,
1833 1942 1927 2012 qui
1962 1941 2143 2014 Bahy-
2177 1938 2187 1951 '

2248 1955 2332 1991 σιν
2361 1940 2463 2009 μὲν
2483 1942 2511 1993 6
2529 1940 2743 2013 ψαλμδς
2773 1943 2886 2014 εχει
2913 1945 3014 2015 τῆς
3044 1947 3104 1999 ὲν
3129 1942 3416 2001 Βαϐυλῶνι
3450 1948 3549 2002 τοῦ
3571 1948 3701 2002 λαοῦ
3719 1947 3822 2002 τῶν
3850 1968 3856 1990 κ

565 2032 689 2087 lone
733 2032 985 2102 captivus
1034 2041 1177 2098 erat,
1234 2032 1478 2103 psalmus
1510 2031 1781 2095 continet,
1828 2032 2148 2105 reditusque

2258 2029 2527 2084 Ἰουδαίων
2557 2032 2939 2103 ταλαιπωρίας
2958 2077 2974 2101 ,
3023 2036 3121 2089 καὶ
3163 2037 3264 2107 τῆς
3291 2038 3508 2091 ἐκεῖθεν
3538 2039 3820 2096 ἐπανόδου.

563 2139 627 2177 ex
667 2122 881 2177 eadem.
926 2123 1269 2178 Vaticinatur
1321 2134 1504 2179 autem
1552 2124 1757 2194 pariter
1798 2133 1853 2180 et
1900 2125 2145 2195 gentium

2246 2121 2619 2192 Προαγορεύει
2642 2123 2701 2176 δὲ
2731 2124 2853 2177 κατ’
2881 2125 3065 2191 αὑτὸν,
3091 2125 3194 2180 καὶ
3220 2125 3329 2179 τῶν
3363 2127 3541 2182 ἐθνῶν
3567 2129 3664 2199 τὴν
3701 2128 3824 2198 κλῆ-

566 2212 906 2267 vocationem
933 2227 1000 2267 ac
1037 2212 1291 2268 salutem.
1332 2211 1603 2269 Convenit
1643 2229 1805 2285 porro
1843 2224 1897 2272 et
1922 2215 2149 2271 cuilibet

2247 2227 2333 2265 σιν
2357 2211 2453 2266 καὶ
2482 2215 2781 2284 σωτηρίαν.
2825 2215 3116 2286 Ἀρμόττει
3145 2216 3203 2271 δὲ
3240 2219 3337 2270 καὶ
3377 2221 3550 2275 παντὶ
3583 2221 3826 2291 συμφορᾷ

563 2320 686 2360 cum
713 2304 896 2375 aliqua
917 2304 1234 2359 calamitate
1265 2304 1516 2369 luctanti,
1547 2313 1602 2361 et
1626 2304 1866 2371 divinam
1899 2322 2054 2378 opem
2089 2315 2149 2363 ut

2244 2319 2359 2357 τινι
2413 2298 2883 2377 προσπαλαίοντι,
2932 2308 3028 2361 καὶ
3079 2309 3181 2379 τῆς
3229 2308 3384 2373 θείας
3439 2312 3617 2383 ῥοπῆς
3656 2314 3829 2381 τυχεῖν

559 2403 929 2466 consequatur
967 2396 1300 2451 obsecranti.
1349 2394 1646 2468 Pauperem
1687 2398 1834 2454 enim
1879 2408 2040 2454 vocat
2066 2399 2149 2454 di-

2247 2396 2570 2449 ἱκετεύοντι.
2635 2396 2888 2466 Πτωχόν
2936 2396 3045 2469 γὰρ
3093 2396 3283 2462 καλεῖ,
3328 2397 3431 2452 τὸν
3476 2399 3634 2464 θείας
3684 2397 3829 2467 ἔνδεῆ

563 2488 691 2542 vino
723 2487 928 2543 auxilio
945 2487 1298 2559 indigentem.

986 2488 1298 2559 tdigentem.
2247 2487 2610 2558 προμηθείας.

634 2579 798 2636 Vsus.
844 2579 898 2633 2.
944 2597 964 2630 σ
996 2579 1242 2647 Domine,
1285 2581 1484 2636 exaudi
1515 2578 1821 2638 orationem
1858 2598 2056 2649 meam,
2094 2592 2149 2640 et

2319 2576 2386 2646 β’.
2426 2595 2448 2628 ι
2479 2577 2675 2648 Κύριε,
2702 2578 3025 2631 εἰσάκουσον
3055 2578 3156 2647 τῆς
3185 2580 3509 2650 προσευχῆς
3541 2580 3775 2651 μου,κα“ι
3803 2580 3832 2648 ή

560 2672 769 2726 clamor
799 2685 956 2726 meus
983 2670 1051 2726 ad
1081 2680 1134 2727 te
1165 2672 1368 2727 veniat.
1409 2691 1427 2724 ι
1469 2672 1912 2744 Deprecationem
1943 2690 2144 2742 meam,

2247 2665 2464 2736 κραυγή
2500 2681 2602 2735 μου
2639 2664 2777 2735 πρὸς
2802 2664 2863 2717 σὲ
2901 2664 2969 2736 [⁷⁸
2995 2664 3243 2736 exeam].
3268 2664 3440 2732 Δέξαι
3470 2684 3578 2737 μου
3601 2665 3702 2738 τὴν
3726 2667 3830 2720 lus-

564 2763 808 2828 Domine,
844 2762 1084 2833 suscipe,
1118 2762 1365 2834 mihique
1394 2765 1610 2836 1316
1654 2765 1951 2821 obtestanti
1985 2782 2145 2837 opem

2248 2753 2475 2823 τηρίαν,
2522 2746 2567 2806 ὧ
2617 2752 2888 2814 Δέσποτα,
2928 2752 3023 2804 καὶ
3052 2751 3418 2823 ποτνιωμένῳ
3451 2754 3557 2824 τὴν
3586 2752 3687 2823 σὴν
3718 2751 3834 2823 βοή-

564 2854 662 2907 rer.
719 2853 1019 2909 Clamorem
1070 2853 1239 2921 enim,
1294 2856 1728 2912 lamentationem
1784 2857 2148 2930 Symmachus

2247 2842 2399 2896 θειαν
2442 2841 2652 2911 ὄρεξον.
2703 2842 2815 2914 Τὴν
2846 2842 2956 2912 γὰρ
3000 2841 3295 2911 κραυγὴν,
3337 2844 3620 2913 οἰμωγὴν
3648 2840 3832 2911 όΣύμ-

560 2947 719 3001 dixit.

2251 2948 2423 3002 μαχος
2454 2932 2696 3001 εἴρηκεν.

632 3034 798 3090 Vens.
833 3035 888 3090 ὅ.
925 3053 946 3087 ι
990 3034 1072 3091 Ne
1108 3045 1325 3092 avertas
1350 3035 1545 3093 faciem
1581 3046 1730 3094 tuam
1768 3056 1798 3094 a
1834 3056 1940 3097 me.
1980 3061 1998 3094 ι
2045 3041 2148 3099 Be-

2318 3029 2392 3091 γ¹.
2420 3041 2439 3075 t
2467 3024 2559 3093 Μὴ
2588 3022 2942 3094 ἀποστρέψης
2969 3022 3031 3076 τὸ
3056 3021 3351 3093 πρόσωπόν
3387 3038 3489 3076 σου
3524 3023 3626 3077 ἀπ’
3652 3017 3830 3093 ἐμοῦ.»

564 3129 792 3182 nevolus
832 3127 969 3182 mihi
1000 3137 1137 3193 esto,
1177 3136 1231 3183 et
1280 3129 1501 3185 missam
1550 3129 1636 3186 fac
1692 3132 2143 3203 indignationem.

2248 3116 2503 3188 Εὐμενής
2528 3134 2619 3186 μοι
2640 3114 2825 3185 γενοῦ,
2848 3115 2943 3169 καὶ
2971 3113 3134 3168 λῦσον
3162 3112 3260 3183 τὴν
3291 3113 3711 3185 ἀγανάκτησιν.
3733 3111 3841 3164 ιἘν

568 3237 584 3269 ι
618 3217 961 3286 Quocunque
990 3216 1079 3273 die
1116 3221 1136 3243 ‘
1171 3218 1427 3285 tribulor,
1466 3220 1669 3277 inclina
1712 3223 1778 3277 ad
1825 3238 1913 3278 me
1956 3239 2144 3279 aurem
2175 3248 2193 3302 ς

2214 3249 2217 3299 ι
2320 3210 2386 3265 ἂν
2418 3212 2603 3281 ἡμέρᾳ
2634 3209 2930 3281 θλίϐωμαι,
2967 3208 3146 3262 κλῖνον
3189 3208 3328 3278 πρός
3388 3226 3461 3279 με
3502 3208 3566 3262 τὸ
3600 3203 3695 3270 οὖς
3724 3217 3839 3258 σου·

562 3322 715 3367 tuam
766 3326 781 3362 :
841 3325 1170 3380 quocunque
1222 3313 1310 3367 die
1364 3314 1689 3369 invocavero
1750 3328 1832 3383 te,
1889 3295 2187 3372 velociter

2252 3304 2311 3356 ὲν
2339 3296 2374 3374 ἦ
2412 3301 2479 3355 ἂν
2507 3301 2695 3373 ἡμέρᾳ
2723 3299 3142 3370 ἑπικαλέσωμαί
3170 3315 3232 3352 σε
3250 3337 3267 3361 ,
3297 3300 3449 3370 ταχὺ
3482 3295 3845 3354 ὲπάκουσόν¹¹⁹

562 3404 766 3477 exaudi
801 3420 910 3458 me.
945 3423 965 3456 ι
1001 3402 1126 3460 Haec
1155 3420 1375 3476 quoque
1405 3407 1601 3477 psalmi
1630 3408 1794 3463 verba
1829 3411 2147 3476 ostendunt,

2255 3409 2378 3464 μου.
2418 3411 2438 3444 ι
2472 3391 2635 3462 Δηλοῐ
2660 3393 2754 3444 καὶ
2796 3390 2970 3444 ταῦτα
2998 3388 3094 3442 τοῦ
3122 3388 3341 3459 ψαλμοῦ
3382 3390 3458 3443 τὰ
3488 3392 3741 3463 ῥήματα,
3777 3387 3845 3446 ὡς

566 3476 878 3550 futurorum
907 3495 1013 3552 illis
1044 3496 1223 3551 inesse
1254 3497 1690 3567 praedictionem,
1720 3514 1827 3554 non
1856 3508 2035 3555 autem
2068 3516 2154 3556 re-

2254 3484 2563 3555 μελλόντων
2595 3485 2713 3537 ἐστὶ
2737 3482 3065 3554 πρόρρησις,
3089 3481 3185 3534 καὶ
3213 3480 3276 3533 οὐ
3313 3482 3728 3552 γεγενημένων
3775 3478 3848 3531 δι-

568 3603 688 3642 rum
717 3587 980 3643 factarum
1007 3590 1401 3644 narrationem.
1425 3589 1698 3656 Quoniam
1718 3592 1864 3647 enim
1890 3593 1943 3647 in
1977 3593 2149 3648 multa

2252 3578 2474 3648 ήγησις-
2518 3574 2738 3647 Ἐπειδὴ
2782 3577 2891 3644 γὰρ
2935 3576 2993 3628 ἒν
3031 3572 3297 3644 εὐκληρίᾳ
3331 3572 3667 3645 πολλῇ,καὶ
3698 3586 3849 3641 περι-

565 3682 823 3737 felicitate
870 3691 925 3738 et
969 3682 1263 3754 splendore
1295 3683 1402 3739 sub
1446 3682 1620 3738 divini
1655 3684 1876 3743 Davidis
1921 3686 2151 3757 imperio

2252 3666 2450 3737 φανεὶᾳ
2476 3666 2772 3739 ἐτύγχανεν
2794 3665 2868 3721 ὣν
2896 3667 2925 3719 6
2955 3665 3083 3728 λαδς
3105 3666 3164 3720 ὲν
3189 3666 3255 3736 τῇ
3280 3665 3384 3718 τοῦ
3421 3664 3730 3720 θεσπεσίου
3755 3666 3849 3716 Δα-

564 3783 683 3828 crat
704 3774 961 3844 populus,
989 3774 1116 3845 jure
1141 3776 1429 3845 propheta,
1455 3775 1676 3832 illorum
1701 3791 1935 3848 persona
1966 3788 2148 3846 utens,

2251 3761 2339 3814 616
2370 3759 2649 3831 βασιλείᾳ·
2682 3759 2908 3823 εἰκότως
2948 3761 2975 3811 6
3008 3758 3315 3830 προφήτης,
3363 3757 3456 3828 τῷ
3490 3758 3733 3811 ἐκείνων
3766 3771 3851 3848 κεῖ

568 3843 941 3935 precationem
992 3843 1185 3934 oﬂ‘crt,
1248 3843 1416 3936 utque
1478 3843 1721 3923 divinam
1780 3843 2150 3941 consequatur

2250 3848 2524 3921 χρημένος
2543 3848 2590 3880 ⁸ο
2619 3849 2900 3920 προσώπῳ
2929 3888 2945 3915 ,
2979 3847 3281 3919 προσφέρει
3309 3845 3422 3917 τὴν
3459 3845 3734 3912 ἱκετείαν,
3769 3843 3857 3899 καὶ

565 3934 725 4027 opem
766 3958 1055 4034 supplicat,
1114 3934 1556 4030 quandocunque
1598 3970 1813 4032 tempus
1850 3961 1905 4017 id
1956 3934 2149 4033 postu-

2248 3944 2437 4013 τυχεῖν
2465 3938 2740 3995 ἀντιϐολετ
2771 3940 2870 4010 τῆς
2896 3938 3047 4002 θείας
3069 3935 3435 4008 κηδεμονίας,
3468 3940 3649 4011 ἡνίκα
3680 3938 3747 3992 ἂν
3767 3934 3855 4005 γέ-

567 4050 718 4107 larit.
836 4031 854 4034 ἡ
1021 4072 1031 4079 ~
1713 4031 1722 4032 ί
1963 4031 1975 4033 ἡ
2251 4049 2397 4087 νοιτο
2426 4031 2622 4086 τούτου
2654 4032 2867 4101 καιρός.

642 4138 809 4195 Vens.
862 4141 918 4195 4.
976 4158 997 4192 ‹
1042 4138 1181 4204 Quia
1230 4139 1547 4196 defecerunt
1603 4139 1745 4197 sicut
1798 4139 1981 4196 fumus
2029 4141 2149 4198 dies

2323 4123 2386 4178 δ’.
2422 4142 2441 4176 ι
2480 4123 2605 4177 Ὀτι
2648 4120 2897 4187 ἐξέλιπον
2939 4120 3074 4175 ὡσεὶ
3100 4118 3335 4183 νκαπνδς
3369 4122 3433 4174 αἱ
3471 4123 3692 4193 ἡμέραι
3731 4134 3854 4189 μουή

569 4233 701 4298 mei,
735 4240 789 4288 et
820 4247 949 4287 ossa
989 4246 1109 4286 mea
1140 4231 1285 4288 sicut
1313 4232 1519 4302 lignum
1551 4233 1769 4289 aridum
1798 4240 2082 4289 aruerunt.
2120 4251 2140 4285 ι

2254 4213 2448 4269 καὶτὰ
2480 4213 2616 4266 ὀστᾶ
2660 4229 2762 4283 μου
2814 4210 2946 4263 ὡσεὶ
2994 4209 3800 4283 φρύγιονρυνεφρύγησανθι.
3837 4225 3853 4258 ι

571 4323 834 4394 Deinceps
866 4323 1164 4379 secundum
1200 4299 1478 4395 proprium
1513 4324 1737 4389 idioma,
1767 4323 1978 4380 futuras
2000 4326 2148 4379 cala-

2262 4306 2547 4361 Ἐντεῦθεν
2575 4306 2717 4359 κατά
2752 4303 2814 4355 τὸ
2838 4303 3038 4357 οἰκεῖον
3075 4301 3272 4369 ἰδίωμα
3312 4300 3425 4365 τὰς
3467 4303 3754 4372 ἐσομένας
3788 4299 3859 4360 ὡς

570 4391 788 4472 "states
825 4425 1086 4486 tanquam
1140 4391 1443 4487 praeteritas
1486 4425 1694 4481 narrat,
1724 4424 1780 4470 et
1820 4416 1977 4483 dicit,
2012 4415 2147 4470 fumi

2249 4398 2628 4470 γεγενημένας
2660 4397 2946 4469 συμφορὰς
2986 4395 3281 4477 διηγεῖται,
3323 4396 3435 4461 καί
3486 4394 3638 4466 φησι
3671 4391 3864 4462 καπνῷ

572 4513 745 4564 instar
761 4508 883 4563 vitae
915 4519 1130 4579 tempus
1162 4516 1546 4578 consumptum
1562 4522 1704 4572 esse,
1736 4515 1792 4562 et
1819 4522 1887 4563 ex
1910 4521 2148 4563 mmrore

2252 4492 2656 4564 παραπλησίως
2684 4491 2776 4544 τὸν
2801 4492 2900 4561 τῆς
2927 4487 3076 4557 ζωῆς
3108 4486 3478 4557 ἀναλωθῆναι
3514 4491 3746 4561 χρόνον,
3778 4488 3865 4539 καὶ

566 4616 772 4672 corpus
805 4603 967 4662 torris
1007 4578 1181 4658 instar
1217 4601 1436 4655 aridum
1469 4613 1591 4656 esse
1624 4599 1849 4663 factum,
1882 4588 2191 4668 tanquam-1

2252 4584 2310 4649 ἐξ
2355 4583 2597 4655 ἀθυμίας
2624 4582 2784 4637 δαλὸν
2822 4580 3045 4653 ξηρδν⁸¹
3079 4578 3428 4650 γεγενῆσθαι
3469 4583 3541 4636 τὺ
3572 4582 3767 4654 σῶμα,
3796 4578 3866 4643 ὡς

573 4694 640 4747 ab
672 4671 854 4764 aliqua
890 4695 1030 4763 ignis
1061 4689 1427 4762 impressione
1457 4692 1830 4747 combustum.
1873 4689 1964 4745 Sic
1998 4691 2144 4745 enim

2254 4677 2361 4731 ὑπό
2399 4694 2549 4740 τινος
2596 4672 3036 4746 καταφλεχθὲν⁸³
3084 4671 3258 4743 πυρὸς
3298 4674 3672 4747 προσϐολῆς.
3719 4672 3869 4728 Οὕτω

572 4784 765 4854 Aquila
798 4801 812 4839 :
848 4782 917 4838 Et
949 4799 1070 4838 ossa
1104 4796 1221 4835 mea
1256 4781 1395 4837 sicut
1425 4782 1632 4837 exuuio
1661 4792 2001 4836 exaruerunt.

2256 4772 2367 4842 γὰρ
2396 4769 2494 4824 καὶ
2520 4769 2549 4822 ό
2590 4768 2826 4827 ’Δκύλας
2867 4766 3251 4841 ἡρμήνευσεν,
3298 4765 3425 4821 Καὶ
3453 4766 3536 4823 τὰ
3575 4766 3869 4837 ὁστᾶμου

2255 4862 2338 4927 ὡς
2364 4860 2583 4928 καῦσις
2614 4858 2991 4929 ἐψαθυρώθη.

645 4962 824 5019 Vens.
847 4964 902 5018 5.
947 4981 967 5015 ι
1000 4960 1305 5017 Percussus
1338 4975 1460 5017 sum
1500 4968 1560 5014 ut
1589 4958 1795 5023 retium,
1846 4965 1901 5011 et
1937 4955 2153 5010 exaruit

2328 4949 2390 5006 ε’.
2424 4972 2443 5004 ι
2491 4951 2767 5022 Ἐπλήγην
2793 4949 2928 5002 ὡσεὶ
2956 4947 3166 5019 χόρτος.
3203 4946 3295 4998 καὶ
3326 4947 3644 5021 ἐξηράνθη
3681 4950 3719 5021 ἡ
3746 4958 3878 5015 uap-

573 5070 669 5111 cor
695 5070 896 5110 meum.
937 5071 955 5105 ι
992 5050 1403 5115 Etenim‘weluti
1452 5050 1638 5107 fenum
1674 5050 1978 5105 exstinctus
2005 5062 2148 5114 sum,

2260 5042 2347 5096 δία
2374 5059 2501 5113 μου.
2544 5060 2563 5094 ι
2605 5040 2765 5093 ’Δλλὰ
2794 5038 2903 5109 γὰρ
2933 5039 3027 5092 καὶ
3054 5037 3233 5108 χόρτῳ
3276 5039 3733 5112 παραπλησίως
3774 5036 3875 5090 ἀπ-

577 5147 978 5217 pristiuumque
1002 5142 1191 5200 ﬂorem
1217 5119 1397 5237 a’gtisi.

2264 5133 2432 5203 έσόην
2452 5150 2466 5164 ο
2505 5132 2601 5186 καὶ
2637 5133 2699 5186 τὸ
2734 5132 3000 5204 πρότερον
3028 5128 3189 5194 ἄνθος
3215 5124 3526 5204 ἀπώλεσα.

640 5384 664 5414 ³
703 5375 771 5433 IV
809 5375 942 5448 Reg.
986 5392 1100 5432 uti
1134 5358 1388 5444 et'xittt;
1426 5376 1470 5430 ll
1513 5376 1693 5430 Paral.
1725 5390 1890 5431 xxxrv
1922 5382 1978 5429 et
2002 5389 2167 5431 xxxv.

1695 5560 1925 5617 ῩΑΒΙᾹΞ
1964 5558 2350 5618 LECTIONES
2388 5558 2480 5614 ET
2518 5555 2747 5614 ΝΟΤΛΕ.

638 5666 685 5698 ’³
724 5664 764 5718 E
799 5664 922 5722 cod.
958 5664 1013 5718 1.
1087 5664 1137 5696 ⁷⁴
1169 5667 1294 5717 cod.
1343 5661 1366 5714 1
1401 5656 1619 5728 μαθεῖν.
1694 5660 1739 5691 ⁷⁸
1779 5664 1922 5728 Εὑρ.
1957 5660 2082 5715 cod.
2117 5658 2140 5712 1
2180 5661 2263 5714 εἰσ

2274 5675 2411 5712 εται.
2489 5657 2536 5689 ⁷⁸
2578 5655 2620 5710 Ε
2658 5656 2785 5728 cod.
2817 5656 2871 5710 1.
2949 5655 2996 5728 '_"
3043 5655 3167 5728 cod.
3216 5656 3242 5711 1
3285 5657 3590 5718 ἐνώπιον,
3680 5663 3726 5695 ⁷³
3756 5657 3899 5728 Πλθ.

574 5732 615 5788 E
646 5736 770 5790 cod.
807 5738 828 5789 l
861 5744 917 5790 et
943 5745 1090 5788 textu
1122 5731 1233 5786 τῶν
1264 5732 1319 5785 0'
1342 5725 1530 5796 suppl.
1612 5729 1655 5760 "
1696 5729 1826 5785 Rec.
1863 5725 2030 5785 lectio
2073 5733 2124 5784 Ιι.
2163 5730 2198 5785 Ι.

2283 5730 2690 5785 ειείσέικουσον.
2767 5726 2819 5760 ⁸⁸
2876 5725 3000 5783 cod.
3065 5727 3087 5779 1
3148 5728 3564 5798 χρησάμενος.
3654 5735 3704 5767 ιι
3756 5725 3908 5788 Ὡσεί

572 5824 749 5876 φρυγ.
786 5821 1056 5876 συνεφρε
1082 5800 1706 5876 llgl.r._tanqut_1m_focus
1737 5800 1806 5871 (ε.
1849 5801 2079 5876 id_qnqd
2111 5801 2164 5854 in
2191 5873 2197 5876 _

2282 5816 2324 5854 :0
2358 5798 2747 5876 comburitur),
2786 5797 2983 5854 adusta
3016 5808 3163 5855 sunt.
3201 5797 3435 5869 symm.
3477 5805 3567 5869 ὡς
3590 5806 3907 5868 ἁποκανμα

575 5869 680 5929 αὖα
702 5869 962 5942 ’γέγονεν.
987 5869 1000 5873 ⁷
1038 5871 1083 5906 ⁵³
1113 5871 1334 5942 Ξηρόν.
1367 5869 1496 5927 cod.
1540 5869 1563 5923 1
1605 5869 1795 5940 prtem.
1829 5871 1952 5925 καὶ.
2025 5871 2075 5903 ⁸³
2104 5873 2200 5926 cod

2073 5879 2075 5898 ί
2104 5873 2228 5926 cod.
2258 5872 2283 5924 1
2325 5869 2696 5939 καταφλεγέν.
3551 5894 3698 5903 .__.-.
