4114 6460
409 378 544 449 [6'77

1796 380 1881 446 IN
1917 378 2125 445 PSAL.
2157 375 2254 444 CI.

3549 391 3691 457 1678

476 498 657 553 t'Ort
702 497 1053 571 ἐπελαθόμην
1101 499 1199 555 τοῦ
1254 503 1454 571 φαγεῖν
1497 500 1588 555 τὸν
1635 498 1804 571 ἄρτον
1860 515 1989 570 μου.

2173 512 2193 547 ι
2245 494 2381 564 Quia
2427 497 2629 555 oblitus
2684 513 2806 554 sunt
2879 501 3168 558 cornedtre
3228 519 3428 576 panem
3486 526 3692 569 Illellmo

398 591 509 666 ίςἺ
557 591 695 647 Ἀπὸ
763 593 955 665 φωνῆς
1008 593 1105 647 τοῦ
1182 591 1495 665 στεναγμοῦ
1565 610 1669 665 μου
1719 589 1991 662 ἐκολλήθη

396 686 462 739 τὸ
482 683 684 739 ὀστοῦν
716 702 822 756 μου
852 688 921 758 τῇ
955 678 1122 756 σαρκί
1159 703 1284 759 μου.
1324 704 1344 738 ι
1378 685 1565 756 Πάσης
1599 683 1699 756 μὲν
1722 683 1832 754 γὰρ
1860 699 1991 752 τρο-

398 776 514 847 φῆς
538 775 907 850 ἀπεϐαλόμην
932 777 1117 850 ὀρεξιν
1135 794 1150 808 ·
1183 779 1282 849 τῆς
1309 777 1367 832 δὲ
1391 776 1671 850 προτέρας
1691 773 1994 835 εὐπαθείας

402 868 691 935 παντελῶς
732 869 1082 943 ὲγυμνώθην.
1113 871 1196 944 Τῇ
1225 870 1337 943 γὰρ
1375 870 1435 938 ἐξ
1464 869 1707 941 ἀθυμίας
1741 867 1993 938 τηκεδόνι

400 958 806 1031 κατηναλώθην
841 959 906 1014 τὸ
942 960 1192 1031 σῶμαεδ.
1240 960 1473 1033 Γυμνοῖς
1501 959 1558 1014 δὲ
1591 960 1701 1023 τοῖς
1749 959 1929 1022 ὀστοῖς
1944 958 1994 992 ⁸⁸

400 1052 696 1123 ὲπίκειμαι
737 1050 799 1104 τὸ
812 1050 860 1084 ⁸⁸
888 1051 1088 1124 δέρμα.
1118 1050 1187 1125 [⁸⁷
1221 1052 1421 1124 "Apto;
1452 1047 1550 1106 οῦν
1582 1049 1743 1123 ἡμῶν
1769 1050 1870 1122 τὴς
1893 1050 1996 1121 ψυ-

374 1136 379 1139 ’
402 1148 512 1219 χῆς
532 1149 561 1200 6
582 1145 679 1200 τοῦ
714 1144 852 1200 Θεοῦ
876 1136 1037 1214 λόγος
1056 1162 1072 1179 ο
1108 1144 1300 1217 ὥσπερ
1327 1144 1438 1217 γὰρ
1453 1146 1494 1199 ὁ
1522 1144 1716 1206 ἄποιος
1738 1140 1904 1214 ἄρτος
1933 1140 1996 1194 τὸ

403 1237 569 1310 σῶμα
597 1238 791 1310 τρέφει
818 1279 833 1304 ,
864 1229 1038 1302 οῦτως
1067 1239 1096 1292 ὀ
1124 1237 1184 1306 ἐξ
1214 1234 1444 1310 ούρανοῦ
1481 1236 1641 1305 λόγος
1666 1235 1767 1307 τὴν
1801 1233 1996 1287 οὐσίαν

398 1330 507 1401 τῆς
538 1330 749 1402 ψυχῆς.
800 1331 915 1386 Καὶ
956 1328 1151 1385 τοῦτον
1191 1333 1219 1385 6
1264 1326 1504 1399 Χριστὸς
1531 1329 1634 1401 τὴν
1681 1326 1996 1401 προσευχὴν

403 1422 747 1496 παραδιδοὺς
775 1421 933 1492 ἔλεγε
961 1425 1077 1487 τοῖς
1102 1422 1446 1487 ἀποστόλοις,
1474 1441 1494 1475 ι
1518 1422 1625 1475 Τὸν
1649 1420 1815 1491 ἄρτον
1836 1417 1996 1490 ἡμῶν

399 1517 497 1573 τὸν
538 1516 833 1579 έπιούσιον
859 1516 950 1581 δός
991 1518 1128 1589 ἡμῖν
1179 1516 1443 1589 σήμερον.
1487 1534 1508 1570 ι
1549 1516 1648 1578 Ὃς
1694 1514 1761 1569 ἂν
1811 1511 1997 1566 τοίνυν

400 1612 597 1679 τοῦτον
653 1613 853 1681 φαγεῖν
897 1610 1259 1683 ἐπιλάθηται,
1291 1610 1575 1665 τουτέστιν
1614 1607 1956 1681 έργάσασθαι
1976 1623 1993 1638 ο

401 1704 503 1762 τοῦ
532 1704 643 1778 γὰρ
676 1703 869 1775 νοητοῦ
900 1699 1070 1777 ἄρτου
1104 1703 1311 1774 βρῶσιν
1348 1702 1582 1774 ἐργασία
1613 1699 1958 1771 καθέστηκεν
1978 1714 1994 1732 ο

398 1798 559 1870 δηλοῖ
578 1797 636 1851 δὲ
662 1790 723 1852 οῦ
747 1782 901 1851 εἶπεν
929 1799 1042 1861 τοῖς
1068 1795 1389 1859 ἀποστόλοις
1415 1796 1445 1848 6
1478 1793 1704 1866 Κύριος,
1742 1805 1762 1846 t
1805 1791 1999 1863 Ἐργά-

402 1890 568 1959 ζεσθε
608 1891 685 1962 μὴ
734 1889 834 1962 τὴν
875 1882 1082 1962 βρῶσιν
1127 1887 1228 1960 τὴν
1268 1881 1674 1959 ἀπολλυμένην,
1721 1885 1859 1941 ἀλλὰ
1892 1886 1994 1957 τὴν

408 1985 687 2055 μένουσαν
721 1982 802 2046 είς
835 1980 982 2052 ζωὴν
1031 1978 1284 2035 αἰώνιον·
1321 1999 1341 2033 ι
1382 1974 1577 2034 τούτου
1607 1978 1641 2049 ἡ
1668 1976 1867 2050 καρδία
1912 1976 1994 2030 δί-

401 2090 516 2147 κην
549 2075 747 2146 χόρτου
783 2074 1059 2145 πληγεῖσα
1086 2072 1423 2145 ξηραίνεται.
1468 2072 1592 2136 Πῶς
1635 2071 1692 2125 δὲ
1734 2073 1763 2125 6
1800 2071 1996 2143 χόρτος

403 2170 711 2241 πλήττεται
732 2169 830 2223 καί⁹
863 2166 1217 2239 ξηραίνεταις
1247 2167 1377 2221 ὅταν
1404 2165 1560 2230 ὑετὸς
1584 2165 1672 2218 ἐπ’
1700 2164 1864 2218 αὑτὸν
1894 2165 1996 2218 ὲπ-
2017 2169 2063 2201 *9

398 2262 835 2334 ανήσῃ.Ὥσπερ
861 2263 958 2315 καὶ
984 2260 1019 2331 ἠ
1050 2260 1274 2332 καρδία,
1300 2260 1431 2314 ὅταν
1463 2256 1645 2329 ἐνδείᾳ
1669 2258 1881 2330 νοσήσῃ
1901 2255 1996 2310 τοῦ

402 2356 597 2427 λόγου,
621 2356 745 2409 τότε
773 2354 1075 2424 πλήττεται
1098 2355 1195 2409 καὶ
1219 2352 1538 2424 ξηραίνεται
1563 2393 1578 2416 ,
1606 2349 1768 2416 ἄνθος
1791 2349 1998 2421 ἀρετῆς

408 2448 720 2521 βλαστῆσαι
753 2447 857 2501 οὐκ
890 2445 1177 2517 ἰσχύουσα.
1199 2444 1218 2519 ]

483 2537 645 2607 ζ’,η’,
681 2555 702 2589 ι
754 2535 1063 2608 Ὥμοιώθην
1108 2536 1370 2590 πελεκᾶνι
1414 2534 1692 2608 ὲρημικῷ,
1728 2532 2000 2606 ἐγενήθην

402 2631 548 2685 ὡσεὶ
590 2627 927 2698 νυκτικόραξ
974 2629 1033 2682 ὲν
1073 2629 1420 2700 οίκοπέδῳω.
1476 2625 1857 2699 Ἠγρὺπνησα,
1902 2628 2000 2682 καὶ

404 2721 684 2793 ὲγενόμην
733 2720 867 2785 ὡςυ
928 2719 1213 2794 στρουθίον
1266 2721 1499 2791 μονάζον
1545 2720 1638 2774 ἐπὶ
1694 2719 1927 2791 δώματι.
1971 2738 1991 2771 ι

407 2815 648 2879 Πολλαῖς
701 2813 970 2886 κέχρηται
1035 2813 1413 2886 παραϐολαῖς,
1459 2813 1627 2878 ἀξίως
1675 2812 1999 2884 βουλόμενος

412 2906 774 2980 παραστῆσαι
822 2906 923 2970 τὰς
979 2906 1306 2979 συμφοράς’
1358 2905 1441 2981 δι’.
1475 2905 1713 2959 ἑκάστου
1779 2903 1835 2959 δὲ
1889 2903 2000 2957 τῶν

408 2998 724 3071 εἰρημένων
749 2997 982 3066 ὀρνίθων
1009 2997 1109 3070 τὴν
1136 2998 1343 3052 δειλίαν
1370 2999 1545 3071 δηλοῖ,
1581 3000 1676 3054 καὶ
1702 2999 1799 3055 τοῦ
1840 2999 2001 3071 κηδε-

409 3090 579 3162 μόνος
625 3088 729 3160 τὴν
795 3089 1037 3161 ἐρημίαν
1064 3127 1081 3143 .
1134 3089 1210 3143 Τό
1247 3107 1307 3143 τε
1361 3091 1472 3163 γὰρ
1531 3088 1861 3160 στρουθίον
1907 3091 2000 3145 ὑπ’

2097 584 2286 660 [νειιε.
2318 587 2399 662 6.]
2430 589 2478 645 Α
2514 603 2648 647 voc‘e
2704 593 2944 662 gemitus
2976 596 3081 649 mei
3122 596 3356 658 adhaesit
3400 616 3464 658 os
3509 620 3690 663 meum

2095 679 2248 733 carni
2278 694 2432 735 mem.
2467 702 2484 733 ι
2529 683 2835 755 Cujuslibet
2873 687 3019 741 enim
3059 687 3168 744 cibi
3203 693 3509 761 appetitum
3564 713 3690 768 per-

2092 771 2230 836 didi,
2257 774 2486 842 pristina
2516 791 2647 831 vero
2680 778 2821 832 bona
2848 783 3098 850 corporis
3123 782 3448 845 habitudine
3472 792 3689 858 penitus

2093 863 2363 931 spoliatus
2418 881 2565 921 sum.
2617 867 2865 939 Corpore
2916 874 3063 929 enim
3106 877 3394 937 conlectus
3444 899 3569 939 sum
3617 903 3685 941 ex

2098 954 2238 1018 labe,
2282 970 2405 1026 quae
2442 972 2473 1010 e
2524 958 2744 1015 tristitia
2790 966 3015 1020 evenit:
3065 967 3278 1039 1317
3334 974 3498 1030 nudis
3558 992 3690 1032 vero

2096 1045 2316 1101 ossibus
2385 1057 2565 1102 cutem
2627 1049 2922 1109 haerentem
2966 1050 3182 1114 'liabeo.
3252 1058 3440 1132 [Panis
3499 1066 3690 1139 itaque

2098 1137 2297 1192 animae
2348 1149 2546 1194 nostrzr
2576 1150 2661 1196 est
2690 1145 2914 1200 verbum
2956 1147 3073 1204 Dei.
3110 1151 3280 1210 Prout
3328 1159 3475 1213 enim
3529 1137 3688 1233 panis

2098 1229 2381 1300 qualitatis
2411 1248 2630 1302 expers,
2660 1251 2885 1306 corpus,
2915 1242 2998 1296 sic
3021 1260 3241 1315 quoque
3273 1249 3495 1305 verbum
3533 1229 3688 1325 quod

2096 1338 2129 1378 e
2165 1323 2308 1381 caelo
2341 1333 2447 1386 est,
2499 1328 2739 1382 animam
2775 1332 2967 1387 nutrit.
3015 1334 3081 1389 Et
3128 1337 3218 1393 hic
3250 1349 3343 1396 est
3372 1344 3528 1411 panis
3559 1323 3685 1413 ille,

2097 1428 2262 1483 quem
2286 1412 2564 1481 Christus,
2594 1434 2720 1475 cum
2757 1424 3019 1491 apostolis
3067 1428 3181 1481 suis
3212 1433 3523 1489 ostenderet
3549 1412 3690 1505 quu-

2098 1507 2262 1559 modo
2285 1511 2620 1576 precandum
2653 1523 2818 1579 esset,
2848 1515 3140 1583 intellexit,
3168 1519 3355 1577 dicens
3386 1542 3399 1580 :
3436 1542 3456 1576 ι
3484 1524 3688 1582 Pam-in

2098 1605 2346 1690 nostrum
2382 1604 2763 1672 quotidianum
2801 1608 2872 1664 da
2924 1611 3086 1667 nobis
3132 1612 3314 1671 hodie.
3349 1635 3369 1669 ι
3424 1616 3691 1690 Quisquis

2097 1688 2284 1762 itaque
2303 1694 2652 1754 obliviscitur
2705 1699 2855 1757 hunc
2878 1704 3191 1771 comedere,
3226 1707 3334 1765 hoc
3353 1719 3439 1765 est
3476 1688 3692 1783 operari

2099 1780 2279 1853 (panis
2316 1786 2489 1852 enim,
2536 1790 2632 1859 qui
2673 1802 2855 1848 mente
2888 1795 3214 1866 percipitur,
3261 1780 3531 1858 comestio
3561 1821 3694 1876 ope-

2101 1876 2271 1932 rando
2301 1879 2604 1947 peﬂicitur,
2634 1881 2790 1953 juxta
2822 1885 2955 1943 illud
2983 1889 3433 1961 quod.apostolis
3460 1896 3576 1951 suis
3606 1899 3693 1953 di-

2097 1967 2175 2022 cit
2205 1967 2471 2027 Dominus
2504 1984 2521 2026 :
2561 1992 2580 2025 ι
2614 1974 2928 2044 Operamini
2963 1979 3170 2047 cibum,
3209 1996 3320 2038 non
3364 1972 3688 2054 pereuntem

2099 2061 2197 2116 sed
2228 2076 2648 2132 permanentem
2671 2070 2724 2122 in
2743 2078 3066 2139 internum,»
3092 2074 3242 2131 illius
3271 2078 3557 2133 corinstar
3580 2082 3692 2137 leni

2102 2167 2450 2221 percussum,
2482 2160 2704 2215 arescit.
2724 2159 3014 2227 Quomodo
3029 2174 3213 2220 autem
3239 2166 3421 2222 fenum
3442 2172 3692 2239 percuti-

2100 2252 2189 2298 tttr
2208 2254 2261 2301 et
2277 2249 2483 2304 arescit
2499 2250 2523 2303 Y
2539 2251 2585 2305 si
2603 2250 2785 2321 pluvia
2808 2269 2915 2308 non
2934 2258 3169 2325 amplius
3186 2275 3349 2329 super
3369 2260 3501 2315 illud
3518 2263 3687 2317 cadit.

2100 2335 2257 2394 Haud
2287 2341 2449 2397 aliter
2488 2358 2606 2408 cor,
2645 2345 2692 2400 si
2724 2349 2952 2415 penuria
2989 2350 3139 2405 verbi
3178 2351 3415 2418 laborat,
3450 2357 3691 2426 percuti-

2102 2438 2192 2485 tur
2216 2444 2270 2486 et
2297 2436 2517 2499 arescit,
2549 2452 2650 2492 nec
2678 2437 2869 2494 ﬂorem
2908 2442 3128 2498 virtutis
3154 2446 3457 2513 producere
3487 2449 3632 2503 valet
3664 2449 3686 2522 )

2133 2556 2147 2589 ,
2175 2523 2343 2582 Vens.
2383 2528 2435 2591 7,
2470 2529 2525 2584 8.
2563 2547 2582 2581 ι
2616 2528 2827 2588 Similis
2857 2535 3038 2591 factus
3068 2552 3188 2591 sum
3226 2539 3477 2608 pelicano
3504 2542 3696 2597 solitu-

2100 2617 2267 2683 dinis,
2291 2617 2469 2676 factus
2495 2636 2619 2676 sum
2655 2623 2802 2679 sicut
2831 2626 3149 2696 nycticorax
3182 2628 3237 2684 in
3263 2631 3566 2686 domicilio.
3602 2631 3697 2688 Vi-

2101 2709 2287 2780 gilavi,
2342 2721 2399 2766 et
2448 2712 2627 2768 factus
2685 2730 2807 2770 sum
2875 2717 3021 2773 sicut
3072 2734 3262 2789 passer
3308 2723 3590 2780 solitarius
3637 2726 3695 2781 iu

2105 2811 2269 2858 tecto.
2307 2827 2327 2855 ι
2352 2803 2537 2861 Multis
2564 2809 2737 2862 utitur
2759 2812 3291 2879 comparationibus,
3312 2816 3505 2873 volens
3533 2818 3697 2887 digne

2102 2893 2173 2949 ob
2195 2895 2387 2950 oculos
2413 2911 2617 2965 ponere
2638 2899 3007 2956 calamitates.
3051 2902 3158 2959 Per
3183 2906 3483 2975 quamlibet
3511 2919 3695 2964 autem

2104 2985 2298 3042 barum
2338 2989 2518 3042 avium
2553 2989 2805 3046 timorem
2856 2992 3225 3060 demonstrat,
3277 3007 3331 3052 et
3365 3001 3698 3068 protectoris

2101 3080 2414 3150 penuriam.
2462 3081 2919 3155 Quandoquidem
2969 3102 3155 3157 passer
3189 3090 3260 3144 ob
3312 3091 3695 3162 :egritudinem

411 3181 659 3252 ἀγωνίας
690 3179 972 3247 ἐξελαύνει
997 3180 1091 3235 τὸν
1120 3181 1309 3248 ὕπνον,
1329 3183 1426 3237 καὶ
1452 3185 1481 3237 ὁ
1510 3184 1876 3253 νυκτικόραξ
1902 3183 2000 3247 τὰς

2102 3187 2358 3253 somnum
2390 3175 2584 3244 abigit,
2618 3185 2675 3232 et
2697 3180 3015 3250 nycticoraa:
3069 3181 3346 3239 habitatas
3380 3183 3579 3241 domos
3616 3187 3701 3241 fu-

406 3273 745 3346 οἰκουμένας
802 3272 1025 3343 φεύγων
1077 3272 1187 3328 τῶν
1211 3275 1423 3339 οίκιῶν,
1471 3276 1596 3339 ταῖς
1640 3276 1868 3347 ἐρήμοις
1906 3276 2001 3328 καί.

410 3364 950 3438 καταλελειμμέναις
991 3367 1344 3440 προστρέχει.
1410 3365 1493 3421 Τὰ
1532 3367 1642 3439 γὰρ
1689 3368 1998 3434 οἰκόπεδα,

406 3453 720 3526 ἐρείπιασθ
762 3459 793 3515 6
832 3456 1131 3530 Σύμμαχος
1167 3458 1394 3532 εἴρηκεν
1415 3477 1430 3491 ο
1484 3458 1628 3514 οὓτω
1657 3460 1752 3515 καὶ
1781 3460 1842 3515 τὸ
1874 3460 2003 3515 ἄλλο

410 3546 608 3619 ὄρνεον
628 3549 752 3612 ταῖς
779 3548 1011 3620 δρήμοις
1039 3549 1394 3604 ἐνδιαιτᾶται.

487 3637 558 3695 θ’.
600 3656 621 3693 ι
670 3638 840 3709 Ὅλην
880 3638 981 3711 τὴν
1024 3639 1244 3711 ἡμέραν
1293 3639 1573 3705 ὠνείδιζόν
1609 3658 1677 3712 με
1723 3642 1773 3695 οί
1817 3642 2004 3715 ὲχθροί

412 3749 548 3805 μου,
579 3732 677 3786 καὶ
710 3732 762 3785 οί
791 3730 1143 3795 ἐπαινοῦντές
1172 3749 1241 3804 με
1260 3732 1308 3764 ⁹¹
1350 3733 1475 3788 κατ’
1515 3731 1654 3805 ἐμοῦ
1695 3731 1933 3804 ὤμνυον.
1979 3755 1998 3789 ι

412 3820 848 3892 Καταγέλαστος
874 3822 1153 3896 ἐγενόμην
1176 3824 1295 3887 τοῖς
1322 3822 1646 3895 δυσμενέσι·
1676 3824 1773 3878 καὶ
1796 3826 1824 3878 ό
1869 3825 2005 3879 ποτὲ

412 3912 686 3986 ζηλωτὸς,
707 3914 818 3968 ’καὶ
862 3914 1252 3987 περίϐλεπτος,
1283 3914 1380 3969 νῦν
1428 3914 1593 3988 ὅρκος
1641 3917 1843 3986 γέγονα
1891 3919 2006 3982 τοῖς

414 4003 592 4059 πάλαι
620 4004 1001 4076 θαυμάζουσι’
1030 4005 1174 4060 κατὰ
1219 4005 1329 4077 γὰρ
1382 4005 1490 4061 τῶν
1548 4007 1699 4079 ἐμῶν
1740 4009 2005 4079 ὀμνύουσι

418 4096 759 4168 συμφορῶν·
800 4093 895 4168 Μὴ
934 4095 1168 4168 πάθοιμι
1183 4098 1230 4131 ”
1258 4090 1297 4152 ἃ
1333 4099 1382 4153 oi
1421 4098 1594 4163 δεῖνες
1642 4100 2000 4154 πεπόνθασιν.

489 4284 543 4343 ι’,
579 4274 669 4332 ια’.
699 4296 719 4331 ι
762 4278 887 4333 Ὅτι
911 4278 1107 4334 σποδὸν
1162 4277 1297 4335 ὡσεὶ
1329 4279 1497 4355 ἄρτον
1528 4281 1756 4354 ἔφαγον,
1800 4288 1896 4340 καὶ
1945 4287 2006 4341 τὸ

418 4369 580 4439 πόμα
609 4385 716 4441 μου
749 4368 892 4440 μετὰ
930 4368 1212 4444 κλαυθμοῦ
1273 4372 1508 4444 ἐκίρνων
1526 4374 1593 4429 ³³.
1651 4374 1785 4429 Ἀπὸ
1834 4394 2005 4448 προσ-

415 4460 575 4516 ώπου
613 4463 714 4534 τῆς
741 4462 918 4534 ὀργῆς
959 4480 1083 4528 σου,
1112 4464 1207 4518 καὶ
1245 4465 1341 4519 τοῦ
1381 4465 1552 4537 θυμοῦ
1583 4460 1717 4526 σου.
1744 4487 1763 4521 t
1818 4469 2006 4525 Ταῦτα

415 4554 516 4608 καὶ
544 4554 573 4607 ὀ
599 4554 647 4587 ³⁸
677 4561 717 4609 o'
772 4555 869 4609 καὶ
920 4553 964 4609 θ’
1012 4557 1119 4625 ἔφη
1175 4555 1387 4628 ψαλμός
1405 4558 1473 4612 ’⁸.
1515 4577 1534 4611 ι
1570 4560 1822 4629 Ψωμιεῖς
1856 4562 2004 4632 ἡμᾶς

413 4646 588 4717 ἄρτον
615 4646 896 4719 δακρύων,
956 4649 1053 4703 καὶ
1100 4650 1308 4712 ποτιεῖς
1355 4650 1502 4720 ἡμᾶς
1544 4651 1602 4704 ἐν
1637 4651 1903 4723 δάκρυσιν
1946 4655 2005 4706 ἒν

416 4739 631 4809 μέτρῳ,
678 4759 697 4790 ι
741 4740 854 4812 Τὴν
884 4741 939 4795 δὲ
960 4741 1058 4812 τῆς
1109 4740 1303 4814 ὀδύνης
1336 4741 1644 4814 ὑπερϐολὴν
1675 4744 1766 4797 διὰ
1799 4745 2007 4799 τούτων

413 4830 588 4900 δηλοῖ.
618 4830 683 4884 Εί
716 4830 826 4901 γὰρ
860 4836 889 4887 6
935 4834 1038 4903 τῆς
1081 4830 1293 4903 τροφῆς
1323 4833 1516 4904 καιρὸς
1554 4833 1749 4904 ὀδύνης
1789 4836 2007 4908 ὑπῆρχε

415 4923 643 4995 μεστὸς,
703 4925 867 4996 σχολῇ
897 4942 959 4994 γε
1010 4925 1076 4979 ἂν
1106 4924 1264 4989 ἄλλος
1279 4926 1471 4997 καιρὸς
1492 4925 1695 4996 ταύτης
1720 4926 2010 5002 ὲλεύθερος

410 5011 508 5085 ἦν.
526 5013 753 5078 Τούτοις
765 5013 823 5067 δέ
839 5032 915 5085 φη
923 5033 976 5069 σι
992 5031 1060 5066 πε
1067 5013 1294 5086 ρικλύζο
1301 5033 1398 5086 μαι
1420 5017 1535 5078 τοῖς
1552 5018 1767 5080 κακοῖς,
1792 5018 1817 5070 ὲ
1829 5017 2007 5088 πειδὴ,

415 5104 695 5168 Δέσποτα,
717 5104 840 5159 κατ’
868 5105 1006 5175 ἐμοῦ
1029 5105 1334 5176 κεκίνηκας
1364 5107 1463 5179 τὴν
1478 5107 1671 5179 ὀργήν.
1700 5108 1858 5163 ιὈτι
1921 5111 2014 5163 ὲπο

412 5197 558 5267 ἀρας
579 5197 922 5268 κατέρραξάς
954 5197 1101 5268 μευ.
1132 5217 1151 5250 ι
1190 5196 1426 5270 ’Υψηλὸν
1453 5198 1564 5272 γάρ
1589 5215 1657 5271 με
1688 5199 1889 5267 δείξας,
1917 5204 2015 5258 καὶ

490 5344 519 5373 ι
552 5333 696 5389 Psal.
722 5348 911 5401 ωιτη,
942 5332 996 5388 6.

2102 3266 2278 3335 gieus,
2312 3267 2558 3324 desertas
2591 3269 2999 3343 derelictasqne
3031 3274 3367 3346 frequentat.
3409 3276 3700 3335 Domicilia

2101 3357 2272 3420 enim,
2324 3359 2621 3428 parietinas
2672 3361 3043 3433 Symmachus
3083 3366 3247 3423 dixit.
3285 3366 3380 3423 Sic
3430 3369 3599 3424 etiam
3646 3380 3702 3424 et

2103 3448 2211 3505 alia
2230 3450 2355 3507 avis
2377 3449 2434 3505 in
2463 3452 2861 3510 solitudinibus
2897 3467 3171 3513 versatur.

2174 3626 2342 3683 Vsus.
2373 3629 2427 3685 9.
2483 3648 2502 3682 ι
2555 3628 2696 3687 Toto
2739 3632 2829 3688 die
2859 3634 3268 3705 exprobrabant
3307 3636 3525 3711 1318
3567 3641 3700 3696 mihi

2104 3719 2312 3777 inimici
2352 3725 2483 3787 mei,
2510 3734 2566 3779 et
2594 3728 2688 3795 qui
2720 3726 3021 3782 laudabant
3054 3744 3161 3797 me,
3194 3730 3462 3787 adversus
3501 3751 3585 3789 me
3612 3735 3703 3804 ju-

2103 3814 2324 3867 rabant.
2368 3832 2388 3864 ι
2437 3813 2730 3870 Ridiculus
2776 3814 2960 3873 factus
3006 3834 3128 3876 sum
3183 3821 3458 3890 bosdbus,
3499 3838 3556 3880 et
3603 3827 3702 3896 qui

2068 3968 2073 3971 _
2104 3903 2243 3959 alias
2274 3901 2406 3960 felix
2449 3915 2505 3961 et
2554 3904 2787 3964 illustris
2824 3923 2999 3978 eram,
3046 3909 3423 3981 juramentum
3455 3916 3473 3940 ‘
3519 3915 3701 3978 factus

2103 4011 2228 4054 sum
2257 3997 2347 4062 iis,
2377 3996 2473 4071 qui
2496 3997 2627 4054 olim
2656 4014 2746 4056 me
2767 4000 3185 4059 admirabantur
3217 4020 3233 4058 :
3260 4005 3524 4063 adversus
3546 4025 3698 4069 meas

2102 4090 2251 4147 enim
2287 4092 2635 4149 calamitates
2668 4093 2883 4165 jurant,
2931 4093 3012 4153 Ne
3050 4097 3228 4165 patiar
3255 4114 3341 4166 ea,
3376 4116 3500 4173 qua:
3533 4102 3611 4159 illi
3645 4114 3701 4163 et

2105 4184 2183 4240 illi
2217 4188 2466 4257 perpessi
2501 4195 2653 4243 sunt.

2174 4275 2343 4332 Vnus.
2397 4277 2486 4345 10,
2521 4276 2607 4333 ll.
2668 4296 2689 4331 ι
2722 4278 2863 4346 Quia
2916 4281 3159 4338 cinerem
3196 4293 3454 4355 tanquam
3504 4298 3697 4353 panem

2105 4368 2529 4433 manducabam,
2565 4377 2622 4423 et
2657 4370 2916 4440 poculum
2945 4387 3131 4427 meum
3171 4389 3298 4429 cum
3333 4374 3462 4431 ﬂetu
3499 4380 3699 4435 misce-

2106 4462 2254 4518 bam.
2289 4463 2334 4515 Α
2366 4462 2508 4518 facie
2529 4463 2624 4517 itm
2648 4472 2699 4519 et
2731 4463 3127 4535 indignationis
3160 4475 3287 4522 tuae.
3328 4488 3344 4519 ι
3383 4469 3506 4526 Haec
3533 4472 3699 4527 etiam

2110 4554 2514 4624 septuagesimo
2534 4567 2679 4608 nono
2697 4554 2910 4624 psalmo
2931 4555 3103 4610 dixit:
3128 4575 3146 4607 ι
3172 4554 3396 4614 Cibabis
3426 4574 3526 4614 nos
3559 4575 3703 4630 pane

2109 4647 2500 4718 lacrymarutn,
2525 4655 2577 4701 et
2601 4646 2817 4716 putabis
2840 4663 2940 4702 nos
2958 4648 3214 4720 lacrymis
3242 4651 3294 4704 in
3319 4669 3580 4708 mrusnra
3605 4668 3653 4712 ει.
3678 4676 3696 4706 ι

2111 4739 2539 4812 Magnitudinem
2562 4755 2693 4794 vero
2706 4739 2915 4794 doloris
2937 4755 3030 4807 per
3050 4744 3165 4795 bac
3189 4745 3447 4798 ostendit.
3476 4742 3531 4799 Si
3551 4745 3697 4800 enim

2114 4832 2311 4888 edendi
2351 4840 2568 4902 tempus
2601 4824 2790 4885 dolore
2836 4829 3101 4885 referiam
3141 4843 3280 4897 erat,
3319 4842 3470 4889 tanto
3518 4838 3702 4893 minus

2114 4923 2264 4978 aliud
2300 4932 2522 4992 tempus
2556 4923 2625 4975 ab
2661 4921 2764 4975 boc
2797 4921 2988 4975 dolore
3025 4931 3145 4977 erat
3183 4922 3432 4979 liberum.
3480 4924 3576 4981 llis
3607 4944 3703 4982 au-

2114 5026 2243 5080 tem,
2279 5015 2477 5085 inquit,
2521 5012 2895 5069 circumdatus
2929 5028 3053 5071 sum
3096 5016 3280 5080 malis,
3314 5018 3573 5086 quoniam
3623 5028 3701 5084 tu,

2114 5105 2364 5168 Domine.
2391 5104 2444 5159 in
2479 5120 2565 5159 me
2594 5104 2732 5159 iram
2765 5113 2913 5159 tuam
2941 5105 3213 5161 excitasti.
3241 5125 3259 5158 ι
3294 5107 3567 5192 Quoniam
3596 5110 3707 5165 ele-

2115 5215 2250 5255 vaus
2304 5196 2519 5254 allisisti
2578 5212 2685 5253 me.
2728 5217 2746 5249 ι
2798 5198 2936 5254 Cum
2984 5200 3135 5255 enim
3174 5215 3263 5256 me
3312 5202 3606 5256 sublimem
3651 5211 3707 5260 et

1599 5452 1833 5508 νΑιιυΕ
1871 5450 2258 5509 LECTIONES
2298 5451 2385 5506 ET
2423 5449 2658 5506 NOTIE.

488 5563 539 5639 ἦ*
566 5563 762 5639 Σῶμα.
957 5566 983 5619 1
1017 5566 1144 5639 add.
1179 5583 1303 5639 μου.
1380 5568 1427 5600 ⁸³
1458 5569 1581 5623 cod.
1614 5568 1910 5639 [ὀστέοις.
1989 5566 2001 5599 ⁸

2102 5569 2180 5639 Γό.
2210 5569 2336 5623 cod.
2378 5567 2396 5620 i
2446 5582 2632 5637 przem.
2667 5585 2792 5639 μου.
2826 5638 2838 5639 7
2866 5569 2911 5601 ⁸⁷
2947 5567 3133 5625 Ecod.
3168 5567 3219 5622 1.
3295 5568 3343 5603 ⁸⁸
3383 5570 3480 5623 Ἐν
3502 5572 3703 5628 οίλιοπ.

488 5581 539 5597 ο*
566 5581 762 5690 augur:
794 5581 918 5649 con.
957 5581 983 5619 ι
1017 5581 1141 5622 aud.
1179 5583 1303 5657 μου.
1343 5639 1356 5656 ε
1380 5581 1427 5600 ⁵³
1458 5581 1581 5623 cca.
1614 5581 1635 5623 1
1682 5581 1910 5629 οστεοις.
1989 5581 2001 5599 ε

413 5634 594 5710 Hebr.
687 5635 1033 5710 alitudmum.
1104 5635 1164 5710 "_
1192 5638 1296 5710 Εγ.
1324 5656 1426 5705 ως.
1481 5639 1604 5710 cod.
1627 5637 1772 5710 Avat.
1843 5640 2001 5710 ὲγενὴ

2102 5581 2173 5625 to.
2210 5581 2336 5623 COlI.
2378 5581 2396 5620 ι
2446 5582 2632 5637 przem.
2667 5585 2792 5639 μου.
2866 5581 2908 5601 δ”
2947 5581 3133 5625 Iseon.
3168 5581 3219 5622 ‘l.
3295 5581 3343 5603 "
3385 5581 3480 5623 Ἐν
3502 5581 3703 5628 οΙλιοπ.

2102 5637 2309 5692 ιὼσεί.
2386 5639 2761 5710 ⁹⁰ίῈρείπιια
2822 5638 2975 5692 Hane
3030 5641 3321 5710 lectionem
3381 5645 3707 5697 auctoritate

408 5708 543 5761 cod.
576 5706 597 5758 l
632 5705 921 5775 posuimus

412 5775 463 5808 ’ί
510 5775 743 5830 Ἐπαιν.

412 5844 641 5916 ςαλμῷ.
709 5846 758 5880 ⁸⁸
781 5849 925 5899 Κατ.
949 5863 1026 5918 με
1062 5863 1074 5877 ·
1107 5845 1273 5904 Hebr.
1304 5848 1584 5917 Project'sti
1618 5866 1718 5902 me.

968 5721 1065 5779 pro
1112 5705 1426 5779 εύρίπιστα,
1461 5720 1521 5764 ιιι
1553 5708 1811 5779 habebat
1844 5705 2001 5763 editio

2102 5710 2217 5766 'ior.
2269 5709 2466 5763 Montl‘.
2522 5705 2575 5762 in
2614 5711 2842 5779 llexapl.
2874 5710 2938 5761 ad
2990 5710 3023 5763 b
3087 5706 3121 5757 Ι.

778 5792 870 5842 με.
932 5775 1096 5832 llebr.
1130 5775 1476 5834 insanientes.
1554 5779 1599 5811 ⁹¹
1630 5779 1753 5837 cod.
1794 5778 1818 5832 l
1865 5779 2001 5834 ⁸ιτόιθο

2102 5821 2111 5836 .
2189 5779 2235 5813 ⁸³
2266 5782 2388 5837 cod.
2424 5782 2442 5833 l
2481 5780 2713 5835 ἐκίνουν.

3181 5705 3304 5773 It'gil
3321 5778 3340 5782 _
3373 5713 3426 5764 ἓν
3453 5712 3704 5782 ᾉξῗρειττὶῳ.

2790 5780 2838 5812 θδ
2879 5779 2961 5832 ’0.
2988 5779 3105 5833 cod.
3132 5779 3151 5831 σε
3191 5782 3249 5830 ὲν
3279 5778 3370 5848 τῷ.
3448 5780 3493 5812 ⁸⁸
3513 5783 3636 5836 cod.
3654 5778 3701 5834 ’ί
