  <div class='ocr_page' id='page_1' title='image "/cluster/home/n/w/nwhite01/storage/ocr_20150623/80:no.1/coo.31924054869817/850.png"; bbox 0 0 4114 6426; ppageno 0'>
   <div class='ocr_carea' id='block_1_1' title="bbox 424 355 958 420">
    <p class='ocr_par' dir='ltr' id='par_1_1' title="bbox 424 355 958 420">
     <span class='ocr_line' id='line_1_1' title="bbox 424 355 958 420; baseline -0.011 0"><span class='ocrx_word' id='word_1_1' title='bbox 424 355 564 420; x_wconf 78' lang='lat'><strong>1685</strong></span> <span class='ocrx_word' id='word_1_2' title='bbox 942 387 958 414; x_wconf 77' lang='grc' dir='ltr'><strong>σ</strong></span> 
     </span>
    </p>
   </div>
   <div class='ocr_carea' id='block_1_2' title="bbox 732 470 1675 528">
    <p class='ocr_par' dir='ltr' id='par_1_2' title="bbox 732 470 1675 528">
     <span class='ocr_line' id='line_1_2' title="bbox 732 470 1675 528; baseline 0.002 -2"><span class='ocrx_word' id='word_1_3' title='bbox 732 470 997 526; x_wconf 79' lang='lat' dir='ltr'><strong>EPMIIN.</strong></span> <span class='ocrx_word' id='word_1_4' title='bbox 1040 471 1177 526; x_wconf 83' lang='grc' dir='ltr'><strong>ΤΟΥ</strong></span> <span class='ocrx_word' id='word_1_5' title='bbox 1212 475 1312 526; x_wconf 87' lang='grc' dir='ltr'><strong>ΡΒ’</strong></span> <span class='ocrx_word' id='word_1_6' title='bbox 1354 475 1675 528; x_wconf 76' lang='grc' dir='ltr'><strong>ΨΑΛΜΟΥ.</strong></span> 
     </span>
    </p>
   </div>
   <div class='ocr_carea' id='block_1_3' title="bbox 487 570 2000 659">
    <p class='ocr_par' dir='ltr' id='par_1_3' title="bbox 487 570 2000 659">
     <span class='ocr_line' id='line_1_3' title="bbox 487 570 2000 659; baseline 0.005 -24"><span class='ocrx_word' id='word_1_7' title='bbox 487 589 558 635; x_wconf 83' lang='grc' dir='ltr'>α’.</span> <span class='ocrx_word' id='word_1_8' title='bbox 593 600 611 634; x_wconf 85' lang='grc' dir='ltr'><strong>ι</strong></span> <span class='ocrx_word' id='word_1_9' title='bbox 647 570 884 656; x_wconf 56' lang='grc' dir='ltr'><strong>ἱιβἀλμδς</strong></span> <span class='ocrx_word' id='word_1_10' title='bbox 914 586 991 656; x_wconf 82' lang='grc' dir='ltr'>τῷ</span> <span class='ocrx_word' id='word_1_11' title='bbox 1025 587 1278 642; x_wconf 76' lang='grc' dir='ltr'>Δαϐίδ³⁰.</span> <span class='ocrx_word' id='word_1_12' title='bbox 1340 607 1360 641; x_wconf 73' lang='grc' dir='ltr'><strong>ι</strong></span> <span class='ocrx_word' id='word_1_13' title='bbox 1401 590 1562 642; x_wconf 83' lang='grc' dir='ltr'>Δοκεῖ</span> <span class='ocrx_word' id='word_1_14' title='bbox 1591 589 1694 659; x_wconf 83' lang='grc' dir='ltr'>μὲν</span> <span class='ocrx_word' id='word_1_15' title='bbox 1728 591 1756 642; x_wconf 85' lang='grc' dir='ltr'>ὁ</span> <span class='ocrx_word' id='word_1_16' title='bbox 1784 588 2000 658; x_wconf 86' lang='grc' dir='ltr'>ψαλμὺς</span> 
     </span>
    </p>
   </div>
   <div class='ocr_carea' id='block_1_4' title="bbox 413 671 1998 753">
    <p class='ocr_par' dir='ltr' id='par_1_4' title="bbox 413 671 1998 753">
     <span class='ocr_line' id='line_1_4' title="bbox 413 671 1998 753; baseline 0.004 -24"><span class='ocrx_word' id='word_1_17' title='bbox 413 671 572 740; x_wconf 78' lang='grc' dir='ltr'>οὗτος</span> <span class='ocrx_word' id='word_1_18' title='bbox 601 678 898 743; x_wconf 82' lang='grc' dir='ltr'>ἀκόλουθος</span> <span class='ocrx_word' id='word_1_19' title='bbox 928 674 1069 735; x_wconf 81' lang='grc' dir='ltr'>εῖναι</span> <span class='ocrx_word' id='word_1_20' title='bbox 1088 681 1133 712; x_wconf 67' lang='grc'>³³</span> <span class='ocrx_word' id='word_1_21' title='bbox 1162 681 1241 752; x_wconf 85' lang='grc' dir='ltr'>τῷ</span> <span class='ocrx_word' id='word_1_22' title='bbox 1272 683 1718 753; x_wconf 84' lang='grc' dir='ltr'>προτεταγμένῳ,</span> <span class='ocrx_word' id='word_1_23' title='bbox 1748 684 1846 738; x_wconf 76' lang='grc' dir='ltr'>καὶ</span> <span class='ocrx_word' id='word_1_24' title='bbox 1875 684 1998 737; x_wconf 79' lang='grc' dir='ltr'>κατ’</span> 
     </span>
    </p>
   </div>
   <div class='ocr_carea' id='block_1_5' title="bbox 417 770 2001 845">
    <p class='ocr_par' dir='ltr' id='par_1_5' title="bbox 417 770 2001 845">
     <span class='ocr_line' id='line_1_5' title="bbox 417 770 2001 845; baseline 0.004 -23"><span class='ocrx_word' id='word_1_25' title='bbox 417 770 590 840; x_wconf 83' lang='grc' dir='ltr'>αὐτὴν</span> <span class='ocrx_word' id='word_1_26' title='bbox 617 771 718 840; x_wconf 82' lang='grc' dir='ltr'>τὴν</span> <span class='ocrx_word' id='word_1_27' title='bbox 759 772 1040 826; x_wconf 83' lang='grc' dir='ltr'>ὑπόθεσιν.</span> <span class='ocrx_word' id='word_1_28' title='bbox 1090 774 1180 827; x_wconf 87' lang='grc' dir='ltr'>Ἐν</span> <span class='ocrx_word' id='word_1_29' title='bbox 1211 775 1407 845; x_wconf 87' lang='grc' dir='ltr'>ἐκείνῳ</span> <span class='ocrx_word' id='word_1_30' title='bbox 1443 776 1543 844; x_wconf 83' lang='grc' dir='ltr'>μὲν</span> <span class='ocrx_word' id='word_1_31' title='bbox 1573 775 1704 845; x_wconf 84' lang='grc' dir='ltr'>γὰρ,</span> <span class='ocrx_word' id='word_1_32' title='bbox 1730 777 1779 827; x_wconf 76' lang='lat' dir='ltr'><strong>oi</strong></span> <span class='ocrx_word' id='word_1_33' title='bbox 1820 775 1920 838; x_wconf 80' lang='grc' dir='ltr'><strong>τὰς</strong></span> <span class='ocrx_word' id='word_1_34' title='bbox 1943 776 2001 829; x_wconf 78' lang='grc' dir='ltr'><strong>ἐν</strong></span> 
     </span>
    </p>
   </div>
   <div class='ocr_carea' id='block_1_6' title="bbox 417 860 1999 933">
    <p class='ocr_par' dir='ltr' id='par_1_6' title="bbox 417 860 1999 933">
     <span class='ocr_line' id='line_1_6' title="bbox 417 860 1999 933; baseline 0.001 -20"><span class='ocrx_word' id='word_1_35' title='bbox 417 860 702 914; x_wconf 71' lang='grc' dir='ltr'>Βαϐυλῶνι</span> <span class='ocrx_word' id='word_1_36' title='bbox 732 862 1025 931; x_wconf 78' lang='grc' dir='ltr'>συμφορὰς</span> <span class='ocrx_word' id='word_1_37' title='bbox 1045 863 1460 933; x_wconf 83' lang='grc' dir='ltr'>ὀλοφυρόμενοι,</span> <span class='ocrx_word' id='word_1_38' title='bbox 1479 863 1571 917; x_wconf 85' lang='grc' dir='ltr'><strong>τὸν</strong></span> <span class='ocrx_word' id='word_1_39' title='bbox 1595 864 1727 916; x_wconf 85' lang='grc' dir='ltr'>Θεὸν</span> <span class='ocrx_word' id='word_1_40' title='bbox 1749 864 1999 918; x_wconf 78' lang='grc' dir='ltr'><strong>’ἱκέτευον</strong></span> 
     </span>
    </p>
   </div>
   <div class='ocr_carea' id='block_1_7' title="bbox 413 948 2001 1024">
    <p class='ocr_par' dir='ltr' id='par_1_7' title="bbox 413 948 2001 1024">
     <span class='ocr_line' id='line_1_7' title="bbox 413 948 2001 1024; baseline 0.002 -18"><span class='ocrx_word' id='word_1_41' title='bbox 413 953 518 1022; x_wconf 83' lang='grc' dir='ltr'><strong>τῆς</strong></span> <span class='ocrx_word' id='word_1_42' title='bbox 563 953 824 1006; x_wconf 76' lang='grc' dir='ltr'><strong>ἐπανόδου</strong></span> <span class='ocrx_word' id='word_1_43' title='bbox 872 957 1056 1023; x_wconf 80' lang='grc' dir='ltr'>τυχεῖν</span> <span class='ocrx_word' id='word_1_44' title='bbox 1083 971 1097 985; x_wconf 76' lang='grc' dir='ltr'><strong>ο</strong></span> <span class='ocrx_word' id='word_1_45' title='bbox 1151 955 1387 1008; x_wconf 86' lang='grc' dir='ltr'>ἐνταῦθα</span> <span class='ocrx_word' id='word_1_46' title='bbox 1427 955 1486 1007; x_wconf 82' lang='grc' dir='ltr'><strong>δὲ</strong></span> <span class='ocrx_word' id='word_1_47' title='bbox 1532 955 1896 1024; x_wconf 75' lang='grc' dir='ltr'><strong>τετυχηκότες</strong></span> <span class='ocrx_word' id='word_1_48' title='bbox 1927 948 2001 1009; x_wconf 83' lang='grc' dir='ltr'>ὧν</span> 
     </span>
    </p>
   </div>
   <div class='ocr_carea' id='block_1_8' title="bbox 416 1043 2002 1116">
    <p class='ocr_par' dir='ltr' id='par_1_8' title="bbox 416 1043 2002 1116">
     <span class='ocr_line' id='line_1_8' title="bbox 416 1043 2002 1116; baseline 0.002 -20"><span class='ocrx_word' id='word_1_49' title='bbox 416 1046 629 1116; x_wconf 71' lang='grc' dir='ltr'>ᾔτησαν</span> <span class='ocrx_word' id='word_1_50' title='bbox 660 1044 893 1114; x_wconf 81' lang='grc' dir='ltr'>ὑμνοῦσι</span> <span class='ocrx_word' id='word_1_51' title='bbox 923 1045 1014 1097; x_wconf 83' lang='grc' dir='ltr'><strong>τὸν</strong></span> <span class='ocrx_word' id='word_1_52' title='bbox 1034 1045 1355 1116; x_wconf 84' lang='grc' dir='ltr'>εὐεργέτην.</span> <span class='ocrx_word' id='word_1_53' title='bbox 1403 1045 1546 1114; x_wconf 85' lang='grc' dir='ltr'>Ἐγὼ</span> <span class='ocrx_word' id='word_1_54' title='bbox 1569 1047 1627 1100; x_wconf 78' lang='grc' dir='ltr'>δὲ</span> <span class='ocrx_word' id='word_1_55' title='bbox 1649 1043 1802 1116; x_wconf 76' lang='grc' dir='ltr'>οἶμαι</span> <span class='ocrx_word' id='word_1_56' title='bbox 1833 1049 2002 1099; x_wconf 85' lang='grc' dir='ltr'>πᾶσιν</span> 
     </span>
    </p>
   </div>
   <div class='ocr_carea' id='block_1_9' title="bbox 414 1135 2002 1208">
    <p class='ocr_par' dir='ltr' id='par_1_9' title="bbox 414 1135 2002 1208">
     <span class='ocr_line' id='line_1_9' title="bbox 414 1135 2002 1208; baseline -0.001 -16"><span class='ocrx_word' id='word_1_57' title='bbox 414 1135 729 1206; x_wconf 86' lang='grc' dir='ltr'>ἀνθρώποις</span> <span class='ocrx_word' id='word_1_58' title='bbox 765 1135 1060 1206; x_wconf 75' lang='grc' dir='ltr'>ἁρμόττειν</span> <span class='ocrx_word' id='word_1_59' title='bbox 1097 1137 1198 1207; x_wconf 85' lang='grc' dir='ltr'>τὴν</span> <span class='ocrx_word' id='word_1_60' title='bbox 1213 1138 1257 1170; x_wconf 84' lang='grc'><strong>⁹¹</strong></span> <span class='ocrx_word' id='word_1_61' title='bbox 1292 1137 1570 1207; x_wconf 82' lang='grc' dir='ltr'>ὑμνῳδίαν</span> <span class='ocrx_word' id='word_1_62' title='bbox 1604 1138 1696 1192; x_wconf 78' lang='grc' dir='ltr'>καὶ</span> <span class='ocrx_word' id='word_1_63' title='bbox 1741 1138 2002 1208; x_wconf 87' lang='grc' dir='ltr'>πικροτέ-</span> 
     </span>
    </p>
   </div>
   <div class='ocr_carea' id='block_1_10' title="bbox 417 1225 2000 1299">
    <p class='ocr_par' dir='ltr' id='par_1_10' title="bbox 417 1225 2000 1299">
     <span class='ocr_line' id='line_1_10' title="bbox 417 1225 2000 1299; baseline 0.003 -21"><span class='ocrx_word' id='word_1_64' title='bbox 417 1243 520 1296; x_wconf 85' lang='grc' dir='ltr'><strong>ρας</strong></span> <span class='ocrx_word' id='word_1_65' title='bbox 555 1225 920 1294; x_wconf 85' lang='grc' dir='ltr'>ἀπαλλαγεῖσι</span> <span class='ocrx_word' id='word_1_66' title='bbox 966 1226 1230 1290; x_wconf 88' lang='grc' dir='ltr'>δουλείας,</span> <span class='ocrx_word' id='word_1_67' title='bbox 1270 1228 1364 1281; x_wconf 75' lang='grc' dir='ltr'>καὶ</span> <span class='ocrx_word' id='word_1_68' title='bbox 1403 1229 1653 1299; x_wconf 79' lang='grc' dir='ltr'>μείζονος</span> <span class='ocrx_word' id='word_1_69' title='bbox 1685 1228 2000 1294; x_wconf 80' lang='grc' dir='ltr'>ἀξιωθεῖσιν</span> 
     </span>
    </p>
   </div>
   <div class='ocr_carea' id='block_1_11' title="bbox 415 1315 1998 1392">
    <p class='ocr_par' dir='ltr' id='par_1_11' title="bbox 415 1315 1998 1392">
     <span class='ocr_line' id='line_1_11' title="bbox 415 1315 1998 1392; baseline 0.003 -22"><span class='ocrx_word' id='word_1_70' title='bbox 415 1316 754 1385; x_wconf 82' lang='grc' dir='ltr'>ἐλευθερίας.</span> <span class='ocrx_word' id='word_1_71' title='bbox 787 1315 1111 1386; x_wconf 86' lang='grc' dir='ltr'>Δηλώσειδέ</span> <span class='ocrx_word' id='word_1_72' title='bbox 1147 1318 1244 1372; x_wconf 75' lang='grc' dir='ltr'>καὶ</span> <span class='ocrx_word' id='word_1_73' title='bbox 1283 1318 1392 1372; x_wconf 91' lang='grc' dir='ltr'><strong>τῶν</strong></span> <span class='ocrx_word' id='word_1_74' title='bbox 1449 1320 1631 1390; x_wconf 79' lang='grc' dir='ltr'>ῥητῶν</span> <span class='ocrx_word' id='word_1_75' title='bbox 1688 1321 1720 1392; x_wconf 86' lang='grc' dir='ltr'><strong>ή</strong></span> <span class='ocrx_word' id='word_1_76' title='bbox 1771 1321 1998 1383; x_wconf 81' lang='grc' dir='ltr'>διάνοια,</span> 
     </span>
    </p>
   </div>
   <div class='ocr_carea' id='block_1_12' title="bbox 414 1406 1999 1483">
    <p class='ocr_par' dir='ltr' id='par_1_12' title="bbox 414 1406 1999 1483">
     <span class='ocr_line' id='line_1_12' title="bbox 414 1406 1999 1483; baseline 0.005 -25"><span class='ocrx_word' id='word_1_77' title='bbox 414 1406 493 1469; x_wconf 84' lang='grc' dir='ltr'>ὡς</span> <span class='ocrx_word' id='word_1_78' title='bbox 531 1407 672 1477; x_wconf 79' lang='grc' dir='ltr'>αὐτὴ</span> <span class='ocrx_word' id='word_1_79' title='bbox 707 1406 910 1483; x_wconf 84' lang='grc' dir='ltr'>μᾶλλον</span> <span class='ocrx_word' id='word_1_80' title='bbox 967 1410 1001 1480; x_wconf 86' lang='grc' dir='ltr'><strong>ή</strong></span> <span class='ocrx_word' id='word_1_81' title='bbox 1039 1409 1298 1473; x_wconf 88' lang='grc' dir='ltr'>ὑπόθεσις</span> <span class='ocrx_word' id='word_1_82' title='bbox 1348 1410 1566 1481; x_wconf 81' lang='grc' dir='ltr'>ἐκείνης</span> <span class='ocrx_word' id='word_1_83' title='bbox 1614 1410 1958 1483; x_wconf 83' lang='grc' dir='ltr'>ἀληθεστέρα</span> <span class='ocrx_word' id='word_1_84' title='bbox 1985 1429 1999 1443; x_wconf 75' lang='grc'><strong>⁸</strong></span> 
     </span>
    </p>
   </div>
   <div class='ocr_carea' id='block_1_13' title="bbox 422 1479 2001 1571">
    <p class='ocr_par' dir='ltr' id='par_1_13' title="bbox 422 1479 2001 1571">
     <span class='ocr_line' id='line_1_13' title="bbox 422 1479 2001 1571; baseline 0.004 -21"><span class='ocrx_word' id='word_1_85' title='bbox 422 1498 707 1566; x_wconf 72' lang='grc' dir='ltr'>«Εὐλόγει,</span> <span class='ocrx_word' id='word_1_86' title='bbox 724 1500 758 1570; x_wconf 79' lang='grc' dir='ltr'><strong>ἡ</strong></span> <span class='ocrx_word' id='word_1_87' title='bbox 774 1479 920 1569; x_wconf 48' lang='lat' dir='ltr'><strong>diuiti;</strong></span> <span class='ocrx_word' id='word_1_88' title='bbox 945 1479 1071 1571; x_wconf 88' lang='grc' dir='ltr'>μου,</span> <span class='ocrx_word' id='word_1_89' title='bbox 1093 1500 1186 1553; x_wconf 80' lang='grc' dir='ltr'><strong>τὸν</strong></span> <span class='ocrx_word' id='word_1_90' title='bbox 1207 1500 1436 1571; x_wconf 81' lang='grc' dir='ltr'>Κύριον,</span> <span class='ocrx_word' id='word_1_91' title='bbox 1451 1479 1546 1555; x_wconf 62' lang='grc' dir='ltr'><strong>καῖ</strong></span> <span class='ocrx_word' id='word_1_92' title='bbox 1565 1503 1743 1556; x_wconf 72' lang='grc' dir='ltr'>πάντα</span> <span class='ocrx_word' id='word_1_93' title='bbox 1757 1503 1825 1555; x_wconf 72' lang='grc' dir='ltr'>τὰ</span> <span class='ocrx_word' id='word_1_94' title='bbox 1851 1479 2001 1566; x_wconf 82' lang='grc' dir='ltr'>ἐντός</span> 
     </span>
    </p>
   </div>
   <div class='ocr_carea' id='block_1_14' title="bbox 422 1590 2004 1664">
    <p class='ocr_par' dir='ltr' id='par_1_14' title="bbox 422 1590 2004 1664">
     <span class='ocr_line' id='line_1_14' title="bbox 422 1590 2004 1664; baseline 0.003 -22"><span class='ocrx_word' id='word_1_95' title='bbox 422 1606 528 1660; x_wconf 91' lang='grc' dir='ltr'><strong>μου</strong></span> <span class='ocrx_word' id='word_1_96' title='bbox 553 1590 616 1642; x_wconf 82' lang='grc' dir='ltr'>τὸ</span> <span class='ocrx_word' id='word_1_97' title='bbox 637 1590 809 1660; x_wconf 82' lang='grc' dir='ltr'>δνομα</span> <span class='ocrx_word' id='word_1_98' title='bbox 841 1591 902 1643; x_wconf 85' lang='grc' dir='ltr'><strong>τὸ</strong></span> <span class='ocrx_word' id='word_1_99' title='bbox 923 1591 1080 1658; x_wconf 71' lang='grc' dir='ltr'>ἅγιον</span> <span class='ocrx_word' id='word_1_100' title='bbox 1108 1591 1296 1644; x_wconf 87' lang='grc' dir='ltr'>αὐτοῦ.</span> <span class='ocrx_word' id='word_1_101' title='bbox 1339 1611 1357 1644; x_wconf 74' lang='grc' dir='ltr'><strong>ι</strong></span> <span class='ocrx_word' id='word_1_102' title='bbox 1389 1593 1452 1644; x_wconf 79' lang='grc' dir='ltr'><strong>υἱ</strong></span> <span class='ocrx_word' id='word_1_103' title='bbox 1487 1593 1846 1664; x_wconf 74' lang='grc' dir='ltr'>εὐγνωμόνως</span> <span class='ocrx_word' id='word_1_104' title='bbox 1873 1594 2004 1663; x_wconf 77' lang='grc' dir='ltr'>περὶ</span> 
     </span>
    </p>
   </div>
   <div class='ocr_carea' id='block_1_15' title="bbox 416 1680 2003 1755">
    <p class='ocr_par' dir='ltr' id='par_1_15' title="bbox 416 1680 2003 1755">
     <span class='ocr_line' id='line_1_15' title="bbox 416 1680 2003 1755; baseline 0.004 -23"><span class='ocrx_word' id='word_1_105' title='bbox 416 1680 521 1742; x_wconf 89' lang='grc' dir='ltr'><strong>τάς</strong></span> <span class='ocrx_word' id='word_1_106' title='bbox 549 1680 704 1741; x_wconf 86' lang='grc' dir='ltr'>θείας</span> <span class='ocrx_word' id='word_1_107' title='bbox 743 1681 975 1752; x_wconf 82' lang='grc' dir='ltr'>χάριτας</span> <span class='ocrx_word' id='word_1_108' title='bbox 1033 1682 1370 1753; x_wconf 83' lang='grc' dir='ltr'>διακείμενοι</span> <span class='ocrx_word' id='word_1_109' title='bbox 1419 1686 1499 1746; x_wconf 82' lang='grc' dir='ltr'><strong>είς</strong></span> <span class='ocrx_word' id='word_1_110' title='bbox 1539 1685 1813 1755; x_wconf 82' lang='grc' dir='ltr'>ὑμνῳδίαν</span> <span class='ocrx_word' id='word_1_111' title='bbox 1863 1689 2003 1753; x_wconf 84' lang='grc' dir='ltr'>σφᾶς</span> 
     </span>
    </p>
   </div>
   <div class='ocr_carea' id='block_1_16' title="bbox 419 1770 2000 1848">
    <p class='ocr_par' dir='ltr' id='par_1_16' title="bbox 419 1770 2000 1848">
     <span class='ocr_line' id='line_1_16' title="bbox 419 1770 2000 1848; baseline 0.004 -24"><span class='ocrx_word' id='word_1_112' title='bbox 419 1772 620 1834; x_wconf 75' lang='grc' dir='ltr'>αὐτοὺς</span> <span class='ocrx_word' id='word_1_113' title='bbox 643 1772 996 1844; x_wconf 85' lang='grc' dir='ltr'>διεγείρουσι,</span> <span class='ocrx_word' id='word_1_114' title='bbox 1033 1775 1124 1826; x_wconf 78' lang='grc' dir='ltr'><strong>τὸν</strong></span> <span class='ocrx_word' id='word_1_115' title='bbox 1147 1773 1443 1844; x_wconf 83' lang='grc' dir='ltr'>εὐεργέτην</span> <span class='ocrx_word' id='word_1_116' title='bbox 1465 1770 1546 1837; x_wconf 71' lang='grc' dir='ltr'>οἷς</span> <span class='ocrx_word' id='word_1_117' title='bbox 1573 1776 1802 1830; x_wconf 79' lang='grc' dir='ltr'>δυνατὸν</span> <span class='ocrx_word' id='word_1_118' title='bbox 1839 1779 2000 1848; x_wconf 83' lang='grc' dir='ltr'>ἀμει-</span> 
     </span>
    </p>
   </div>
   <div class='ocr_carea' id='block_1_17' title="bbox 419 1865 2002 1938">
    <p class='ocr_par' dir='ltr' id='par_1_17' title="bbox 419 1865 2002 1938">
     <span class='ocr_line' id='line_1_17' title="bbox 419 1865 2002 1938; baseline 0.002 -20"><span class='ocrx_word' id='word_1_119' title='bbox 419 1866 667 1936; x_wconf 78' lang='grc' dir='ltr'>ϐόμενοι.</span> <span class='ocrx_word' id='word_1_120' title='bbox 693 1867 934 1921; x_wconf 73' lang='grc' dir='ltr'>Δυνατὺν</span> <span class='ocrx_word' id='word_1_121' title='bbox 971 1866 1027 1920; x_wconf 85' lang='grc' dir='ltr'>δὲ</span> <span class='ocrx_word' id='word_1_122' title='bbox 1051 1867 1244 1936; x_wconf 81' lang='grc' dir='ltr'>ὑμνεῖν</span> <span class='ocrx_word' id='word_1_123' title='bbox 1271 1865 1382 1928; x_wconf 81' lang='grc' dir='ltr'>ἀεὶ,</span> <span class='ocrx_word' id='word_1_124' title='bbox 1414 1867 1511 1918; x_wconf 74' lang='grc' dir='ltr'><strong>καὶ</strong></span> <span class='ocrx_word' id='word_1_125' title='bbox 1537 1867 1644 1918; x_wconf 86' lang='grc' dir='ltr'><strong>τῶν</strong></span> <span class='ocrx_word' id='word_1_126' title='bbox 1671 1867 2002 1938; x_wconf 81' lang='grc' dir='ltr'>εὐεργεσιῶν</span> 
     </span>
    </p>
   </div>
   <div class='ocr_carea' id='block_1_18' title="bbox 417 1952 2004 2032">
    <p class='ocr_par' dir='ltr' id='par_1_18' title="bbox 417 1952 2004 2032">
     <span class='ocr_line' id='line_1_18' title="bbox 417 1952 2004 2032; baseline 0.001 -20"><span class='ocrx_word' id='word_1_127' title='bbox 417 1959 648 2013; x_wconf 75' lang='grc' dir='ltr'>ἔναυλον</span> <span class='ocrx_word' id='word_1_128' title='bbox 680 1959 1002 2032; x_wconf 80' lang='grc' dir='ltr'>περιφέρειν</span> <span class='ocrx_word' id='word_1_129' title='bbox 1030 1959 1131 2028; x_wconf 81' lang='grc' dir='ltr'>τὴν</span> <span class='ocrx_word' id='word_1_130' title='bbox 1193 1958 1439 2028; x_wconf 86' lang='grc' dir='ltr'>μνήμην.</span> <span class='ocrx_word' id='word_1_131' title='bbox 1477 1952 1637 2011; x_wconf 77' lang='grc' dir='ltr'>Οὗτοι</span> <span class='ocrx_word' id='word_1_132' title='bbox 1685 1959 1781 2012; x_wconf 78' lang='grc' dir='ltr'><strong>καὶ</strong></span> <span class='ocrx_word' id='word_1_133' title='bbox 1825 1959 2004 2014; x_wconf 84' lang='grc' dir='ltr'>πάντα</span> 
     </span>
    </p>
   </div>
   <div class='ocr_carea' id='block_1_19' title="bbox 415 2050 2002 2123">
    <p class='ocr_par' dir='ltr' id='par_1_19' title="bbox 415 2050 2002 2123">
     <span class='ocr_line' id='line_1_19' title="bbox 415 2050 2002 2123; baseline -0.001 -17"><span class='ocrx_word' id='word_1_134' title='bbox 415 2053 490 2106; x_wconf 74' lang='grc' dir='ltr'>τὰ</span> <span class='ocrx_word' id='word_1_135' title='bbox 516 2053 666 2116; x_wconf 78' lang='grc' dir='ltr'>ἐντὸς</span> <span class='ocrx_word' id='word_1_136' title='bbox 721 2051 1065 2123; x_wconf 81' lang='grc' dir='ltr'>καθιεροῦσι,</span> <span class='ocrx_word' id='word_1_137' title='bbox 1118 2050 1212 2104; x_wconf 77' lang='grc' dir='ltr'>καὶ</span> <span class='ocrx_word' id='word_1_138' title='bbox 1242 2050 1420 2104; x_wconf 82' lang='grc' dir='ltr'>πάντα</span> <span class='ocrx_word' id='word_1_139' title='bbox 1482 2050 1745 2120; x_wconf 82' lang='grc' dir='ltr'>λογισμὸν</span> <span class='ocrx_word' id='word_1_140' title='bbox 1788 2055 1868 2115; x_wconf 81' lang='grc' dir='ltr'>εἰς</span> <span class='ocrx_word' id='word_1_141' title='bbox 1913 2052 2002 2105; x_wconf 78' lang='grc' dir='ltr'><strong>τὸν</strong></span> 
     </span>
    </p>
   </div>
   <div class='ocr_carea' id='block_1_20' title="bbox 416 2142 2004 2216">
    <p class='ocr_par' dir='ltr' id='par_1_20' title="bbox 416 2142 2004 2216">
     <span class='ocr_line' id='line_1_20' title="bbox 416 2142 2004 2216; baseline 0 -17"><span class='ocrx_word' id='word_1_142' title='bbox 416 2146 568 2199; x_wconf 89' lang='grc' dir='ltr'>θεῖον</span> <span class='ocrx_word' id='word_1_143' title='bbox 596 2145 765 2216; x_wconf 80' lang='grc' dir='ltr'>ὕμνον</span> <span class='ocrx_word' id='word_1_144' title='bbox 797 2142 1166 2201; x_wconf 80' lang='grc' dir='ltr'>ἀνακινοῦσιν.</span> <span class='ocrx_word' id='word_1_145' title='bbox 1213 2143 1414 2209; x_wconf 77' lang='grc' dir='ltr'>Ἐντὸς</span> <span class='ocrx_word' id='word_1_146' title='bbox 1460 2143 1569 2215; x_wconf 79' lang='grc' dir='ltr'>γὰρ</span> <span class='ocrx_word' id='word_1_147' title='bbox 1607 2145 1834 2198; x_wconf 85' lang='grc' dir='ltr'>ἐκάλεσε</span> <span class='ocrx_word' id='word_1_148' title='bbox 1877 2147 2004 2210; x_wconf 76' lang='grc' dir='ltr'>τοὺς</span> 
     </span>
    </p>
   </div>
   <div class='ocr_carea' id='block_1_21' title="bbox 415 2235 2002 2309">
    <p class='ocr_par' dir='ltr' id='par_1_21' title="bbox 415 2235 2002 2309">
     <span class='ocr_line' id='line_1_21' title="bbox 415 2235 2002 2309; baseline -0.001 -17"><span class='ocrx_word' id='word_1_149' title='bbox 415 2239 746 2309; x_wconf 84' lang='grc' dir='ltr'>λογισμοὺς,</span> <span class='ocrx_word' id='word_1_150' title='bbox 788 2237 886 2291; x_wconf 74' lang='grc' dir='ltr'>καὶ</span> <span class='ocrx_word' id='word_1_151' title='bbox 951 2235 1053 2300; x_wconf 83' lang='grc' dir='ltr'>τὰς</span> <span class='ocrx_word' id='word_1_152' title='bbox 1105 2235 1461 2308; x_wconf 88' lang='grc' dir='ltr'>ἐνθυμήσεις,</span> <span class='ocrx_word' id='word_1_153' title='bbox 1521 2237 1617 2292; x_wconf 68' lang='grc' dir='ltr'>καὶ</span> <span class='ocrx_word' id='word_1_154' title='bbox 1664 2237 1846 2292; x_wconf 80' lang='grc' dir='ltr'>πάντα</span> <span class='ocrx_word' id='word_1_155' title='bbox 1903 2239 2002 2309; x_wconf 80' lang='grc' dir='ltr'>τῆς</span> 
     </span>
    </p>
   </div>
   <div class='ocr_carea' id='block_1_22' title="bbox 413 2327 1016 2402">
    <p class='ocr_par' dir='ltr' id='par_1_22' title="bbox 413 2327 1016 2402">
     <span class='ocr_line' id='line_1_22' title="bbox 413 2327 1016 2402; baseline -0.002 -20"><span class='ocrx_word' id='word_1_156' title='bbox 413 2329 597 2402; x_wconf 78' lang='grc' dir='ltr'>ψυχῆς</span> <span class='ocrx_word' id='word_1_157' title='bbox 621 2329 692 2383; x_wconf 82' lang='grc' dir='ltr'>τὰ</span> <span class='ocrx_word' id='word_1_158' title='bbox 713 2327 839 2399; x_wconf 86' lang='grc' dir='ltr'>κινή</span> <span class='ocrx_word' id='word_1_159' title='bbox 849 2345 1016 2399; x_wconf 82' lang='grc' dir='ltr'>ματα.</span> 
     </span>
    </p>
   </div>
   <div class='ocr_carea' id='block_1_23' title="bbox 493 2505 2004 2582">
    <p class='ocr_par' dir='ltr' id='par_1_23' title="bbox 493 2505 2004 2582">
     <span class='ocr_line' id='line_1_23' title="bbox 493 2505 2004 2582; baseline -0.001 -20"><span class='ocrx_word' id='word_1_160' title='bbox 493 2509 558 2580; x_wconf 82' lang='grc' dir='ltr'><strong>β’.</strong></span> <span class='ocrx_word' id='word_1_161' title='bbox 594 2525 614 2562; x_wconf 76' lang='grc' dir='ltr'><strong>ι</strong></span> <span class='ocrx_word' id='word_1_162' title='bbox 655 2506 909 2576; x_wconf 79' lang='grc' dir='ltr'>Εὐλόγει,</span> <span class='ocrx_word' id='word_1_163' title='bbox 953 2507 988 2576; x_wconf 87' lang='grc' dir='ltr'><strong>ή</strong></span> <span class='ocrx_word' id='word_1_164' title='bbox 1037 2505 1184 2576; x_wconf 79' lang='grc' dir='ltr'>ψυχή</span> <span class='ocrx_word' id='word_1_165' title='bbox 1219 2521 1346 2575; x_wconf 88' lang='grc' dir='ltr'>μου,</span> <span class='ocrx_word' id='word_1_166' title='bbox 1379 2505 1470 2558; x_wconf 82' lang='grc' dir='ltr'><strong>τὸν</strong></span> <span class='ocrx_word' id='word_1_167' title='bbox 1521 2505 1749 2576; x_wconf 86' lang='grc' dir='ltr'>Κύριον,</span> <span class='ocrx_word' id='word_1_168' title='bbox 1793 2509 1886 2562; x_wconf 78' lang='grc' dir='ltr'>καὶ</span> <span class='ocrx_word' id='word_1_169' title='bbox 1929 2511 2004 2582; x_wconf 80' lang='grc' dir='ltr'><strong>μὴ</strong></span> 
     </span>
    </p>
   </div>
   <div class='ocr_carea' id='block_1_24' title="bbox 416 2595 1998 2660">
    <p class='ocr_par' dir='ltr' id='par_1_24' title="bbox 416 2595 1998 2660">
     <span class='ocr_line' id='line_1_24' title="bbox 416 2595 1998 2660; baseline -0.001 -8"><span class='ocrx_word' id='word_1_170' title='bbox 416 2599 784 2653; x_wconf 80' lang='grc' dir='ltr'>ἐπιλανθάνου</span> <span class='ocrx_word' id='word_1_171' title='bbox 830 2598 1010 2660; x_wconf 88' lang='grc' dir='ltr'>πάσας</span> <span class='ocrx_word' id='word_1_172' title='bbox 1059 2597 1159 2660; x_wconf 80' lang='grc' dir='ltr'>τὰς</span> <span class='ocrx_word' id='word_1_173' title='bbox 1207 2595 1594 2659; x_wconf 85' lang='grc' dir='ltr'>ἀνταποδόσεις</span> <span class='ocrx_word' id='word_1_174' title='bbox 1613 2596 1657 2629; x_wconf 87' lang='grc'><em>³³</em></span> <span class='ocrx_word' id='word_1_175' title='bbox 1720 2597 1909 2654; x_wconf 90' lang='grc' dir='ltr'>αὐτοῦ.</span> <span class='ocrx_word' id='word_1_176' title='bbox 1979 2618 1998 2650; x_wconf 75' lang='grc' dir='ltr'><strong>ι</strong></span> 
     </span>
    </p>
   </div>
   <div class='ocr_carea' id='block_1_25' title="bbox 418 2686 2005 2758">
    <p class='ocr_par' dir='ltr' id='par_1_25' title="bbox 418 2686 2005 2758">
     <span class='ocr_line' id='line_1_25' title="bbox 418 2686 2005 2758; baseline -0.003 -12"><span class='ocrx_word' id='word_1_177' title='bbox 418 2692 593 2746; x_wconf 85' lang='grc' dir='ltr'>Πάλιν</span> <span class='ocrx_word' id='word_1_178' title='bbox 621 2688 824 2756; x_wconf 80' lang='grc' dir='ltr'>ἑαυτὴν</span> <span class='ocrx_word' id='word_1_179' title='bbox 856 2690 888 2758; x_wconf 86' lang='grc' dir='ltr'>ἡ</span> <span class='ocrx_word' id='word_1_180' title='bbox 920 2687 1068 2758; x_wconf 78' lang='grc' dir='ltr'>ψυχὴ</span> <span class='ocrx_word' id='word_1_181' title='bbox 1111 2686 1403 2757; x_wconf 86' lang='grc' dir='ltr'>διεγείρειν</span> <span class='ocrx_word' id='word_1_182' title='bbox 1452 2687 1766 2741; x_wconf 82' lang='grc' dir='ltr'>διδάσκεται</span> <span class='ocrx_word' id='word_1_183' title='bbox 1784 2689 1850 2751; x_wconf 60' lang='grc'><strong>³⁸,</strong></span> <span class='ocrx_word' id='word_1_184' title='bbox 1908 2690 2005 2742; x_wconf 78' lang='grc' dir='ltr'><strong>καὶ</strong></span> 
     </span>
    </p>
   </div>
   <div class='ocr_carea' id='block_1_26' title="bbox 413 2779 2004 2854">
    <p class='ocr_par' dir='ltr' id='par_1_26' title="bbox 413 2779 2004 2854">
     <span class='ocr_line' id='line_1_26' title="bbox 413 2779 2004 2854; baseline -0.002 -17"><span class='ocrx_word' id='word_1_185' title='bbox 413 2785 516 2853; x_wconf 77' lang='grc' dir='ltr'>τῆς</span> <span class='ocrx_word' id='word_1_186' title='bbox 549 2782 718 2854; x_wconf 79' lang='grc' dir='ltr'>λήθης</span> <span class='ocrx_word' id='word_1_187' title='bbox 748 2780 1054 2846; x_wconf 70' lang='grc' dir='ltr'>ἐξελαύνειν</span> <span class='ocrx_word' id='word_1_188' title='bbox 1090 2780 1153 2833; x_wconf 82' lang='grc' dir='ltr'>τὸ</span> <span class='ocrx_word' id='word_1_189' title='bbox 1183 2781 1368 2849; x_wconf 81' lang='grc' dir='ltr'>νέφος,</span> <span class='ocrx_word' id='word_1_190' title='bbox 1402 2780 1498 2832; x_wconf 52' lang='grc' dir='ltr'><strong>καὶ⁸</strong></span> <span class='ocrx_word' id='word_1_191' title='bbox 1535 2779 1645 2832; x_wconf 88' lang='grc' dir='ltr'><strong>τῶν</strong></span> <span class='ocrx_word' id='word_1_192' title='bbox 1672 2781 2004 2852; x_wconf 77' lang='grc' dir='ltr'>εὐεργεσιῶν</span> 
     </span>
    </p>
   </div>
   <div class='ocr_carea' id='block_1_27' title="bbox 419 2870 2002 2943">
    <p class='ocr_par' dir='ltr' id='par_1_27' title="bbox 419 2870 2002 2943">
     <span class='ocr_line' id='line_1_27' title="bbox 419 2870 2002 2943; baseline -0.003 -14"><span class='ocrx_word' id='word_1_193' title='bbox 419 2872 894 2942; x_wconf 83' lang='grc' dir='ltr'>ἀνανεοῦσθαιτὴν</span> <span class='ocrx_word' id='word_1_194' title='bbox 917 2873 1159 2943; x_wconf 88' lang='grc' dir='ltr'>μνήμην.</span> <span class='ocrx_word' id='word_1_195' title='bbox 1188 2870 1300 2936; x_wconf 86' lang='grc' dir='ltr'><strong>Τὰς</strong></span> <span class='ocrx_word' id='word_1_196' title='bbox 1328 2871 1510 2941; x_wconf 83' lang='grc' dir='ltr'>μέντοι</span> <span class='ocrx_word' id='word_1_197' title='bbox 1536 2870 2002 2939; x_wconf 80' lang='grc' dir='ltr'>ἀνταποδόσεις,</span> 
     </span>
    </p>
   </div>
   <div class='ocr_carea' id='block_1_28' title="bbox 416 2957 2005 3036">
    <p class='ocr_par' dir='ltr' id='par_1_28' title="bbox 416 2957 2005 3036">
     <span class='ocr_line' id='line_1_28' title="bbox 416 2957 2005 3036; baseline -0.003 -15"><span class='ocrx_word' id='word_1_198' title='bbox 416 2966 770 3036; x_wconf 75' lang='grc' dir='ltr'>εὐεργεσίας</span> <span class='ocrx_word' id='word_1_199' title='bbox 799 2965 829 3017; x_wconf 88' lang='grc' dir='ltr'><strong>ό</strong></span> <span class='ocrx_word' id='word_1_200' title='bbox 853 2964 1152 3034; x_wconf 87' lang='grc' dir='ltr'>Σύμμαχος</span> <span class='ocrx_word' id='word_1_201' title='bbox 1177 2964 1422 3034; x_wconf 73' lang='grc' dir='ltr'>εἴρηκεν.</span> <span class='ocrx_word' id='word_1_202' title='bbox 1446 2957 1580 3016; x_wconf 83' lang='grc' dir='ltr'>Εῐτα</span> <span class='ocrx_word' id='word_1_203' title='bbox 1611 2962 1816 3026; x_wconf 88' lang='grc' dir='ltr'>ταύτας</span> <span class='ocrx_word' id='word_1_204' title='bbox 1864 2964 2005 3018; x_wconf 88' lang='grc' dir='ltr'><strong>κατά</strong></span> 
     </span>
    </p>
   </div>
   <div class='ocr_carea' id='block_1_29' title="bbox 421 3057 863 3131">
    <p class='ocr_par' dir='ltr' id='par_1_29' title="bbox 421 3057 863 3131">
     <span class='ocr_line' id='line_1_29' title="bbox 421 3057 863 3131; baseline -0.005 -19"><span class='ocrx_word' id='word_1_205' title='bbox 421 3059 592 3131; x_wconf 85' lang='grc' dir='ltr'>μέρος</span> <span class='ocrx_word' id='word_1_206' title='bbox 621 3057 863 3121; x_wconf 78' lang='grc' dir='ltr'>διέξεισι.</span> 
     </span>
    </p>
   </div>
   <div class='ocr_carea' id='block_1_30' title="bbox 1812 362 2297 429">
    <p class='ocr_par' dir='ltr' id='par_1_30' title="bbox 1812 362 2297 429">
     <span class='ocr_line' id='line_1_30' title="bbox 1812 362 2297 429; baseline 0.006 -6"><span class='ocrx_word' id='word_1_207' title='bbox 1812 364 1892 424; x_wconf 84' lang='lat' dir='ltr'><strong>1N</strong></span> <span class='ocrx_word' id='word_1_208' title='bbox 1930 362 2135 429; x_wconf 83' lang='lat' dir='ltr'><strong>PSAL.</strong></span> <span class='ocrx_word' id='word_1_209' title='bbox 2167 364 2297 426; x_wconf 85' lang='lat' dir='ltr'><strong>Cll.</strong></span> 
     </span>
    </p>
   </div>
   <div class='ocr_carea' id='block_1_31' title="bbox 2027 480 2079 538">
    <p class='ocr_par' dir='ltr' id='par_1_31' title="bbox 2027 480 2079 538">
     <span class='ocr_line' id='line_1_31' title="bbox 2027 480 2079 538; baseline 0 -21"><span class='ocrx_word' id='word_1_210' title='bbox 2027 480 2079 538; x_wconf 69' lang='grc' dir='ltr'>Α.</span> 
     </span>
    </p>
   </div>
   <div class='ocr_carea' id='block_1_32' title="bbox 3551 361 3684 427">
    <p class='ocr_par' dir='ltr' id='par_1_32' title="bbox 3551 361 3684 427">
     <span class='ocr_line' id='line_1_32' title="bbox 3551 361 3684 427; baseline -0.008 -3"><span class='ocrx_word' id='word_1_211' title='bbox 3551 361 3684 427; x_wconf 76' lang='grc'><strong>1686</strong></span> 
     </span>
    </p>
   </div>
   <div class='ocr_carea' id='block_1_33' title="bbox 2510 473 3270 531">
    <p class='ocr_par' dir='ltr' id='par_1_33' title="bbox 2510 473 3270 531">
     <span class='ocr_line' id='line_1_33' title="bbox 2510 473 3270 531; baseline 0.007 -5"><span class='ocrx_word' id='word_1_212' title='bbox 2510 473 2832 531; x_wconf 79' lang='lat' dir='ltr'><strong>INTERPR.</strong></span> <span class='ocrx_word' id='word_1_213' title='bbox 2871 473 3127 531; x_wconf 81' lang='lat' dir='ltr'><strong>PSALMI</strong></span> <span class='ocrx_word' id='word_1_214' title='bbox 3156 476 3270 531; x_wconf 71' lang='lat' dir='ltr'><strong>(III.</strong></span> 
     </span>
    </p>
   </div>
   <div class='ocr_carea' id='block_1_34' title="bbox 2181 585 3687 656">
    <p class='ocr_par' dir='ltr' id='par_1_34' title="bbox 2181 585 3687 656">
     <span class='ocr_line' id='line_1_34' title="bbox 2181 585 3687 656; baseline 0.001 -15"><span class='ocrx_word' id='word_1_215' title='bbox 2181 589 2339 644; x_wconf 71' lang='lat' dir='ltr'><strong>Vens.</strong></span> <span class='ocrx_word' id='word_1_216' title='bbox 2375 589 2424 642; x_wconf 79' lang='lat' dir='ltr'><strong>l.</strong></span> <span class='ocrx_word' id='word_1_217' title='bbox 2472 604 2490 639; x_wconf 83' lang='grc' dir='ltr'><strong>ι</strong></span> <span class='ocrx_word' id='word_1_218' title='bbox 2529 585 2780 643; x_wconf 88' lang='lat' dir='ltr'><strong>Psalmus</strong></span> <span class='ocrx_word' id='word_1_219' title='bbox 2812 585 3023 642; x_wconf 90' lang='lat' dir='ltr'><strong>Davidi.</strong></span> <span class='ocrx_word' id='word_1_220' title='bbox 3065 606 3083 638; x_wconf 79' lang='grc' dir='ltr'><strong>ι</strong></span> <span class='ocrx_word' id='word_1_221' title='bbox 3126 585 3226 640; x_wconf 90' lang='lat' dir='ltr'><strong>Hic</strong></span> <span class='ocrx_word' id='word_1_222' title='bbox 3263 587 3510 656; x_wconf 77' lang='lat' dir='ltr'><strong>psalmus</strong></span> <span class='ocrx_word' id='word_1_223' title='bbox 3540 587 3687 642; x_wconf 80' lang='lat' dir='ltr'><strong>vidc-</strong></span> 
     </span>
    </p>
   </div>
   <div class='ocr_carea' id='block_1_35' title="bbox 2103 678 3686 749">
    <p class='ocr_par' dir='ltr' id='par_1_35' title="bbox 2103 678 3686 749">
     <span class='ocr_line' id='line_1_35' title="bbox 2103 678 3686 749; baseline -0.003 -16"><span class='ocrx_word' id='word_1_224' title='bbox 2103 687 2192 733; x_wconf 90' lang='lat' dir='ltr'><strong>tur</strong></span> <span class='ocrx_word' id='word_1_225' title='bbox 2240 678 2573 749; x_wconf 77' lang='lat' dir='ltr'><strong>praecedenti</strong></span> <span class='ocrx_word' id='word_1_226' title='bbox 2607 681 2964 749; x_wconf 90' lang='lat' dir='ltr'><strong>respondere,</strong></span> <span class='ocrx_word' id='word_1_227' title='bbox 3008 679 3261 746; x_wconf 80' lang='lat' dir='ltr'><strong>idemque</strong></span> <span class='ocrx_word' id='word_1_228' title='bbox 3298 686 3686 747; x_wconf 79' lang='lat' dir='ltr'><strong>argumentum</strong></span> 
     </span>
    </p>
   </div>
   <div class='ocr_carea' id='block_1_36' title="bbox 2103 771 3690 841">
    <p class='ocr_par' dir='ltr' id='par_1_36' title="bbox 2103 771 3690 841">
     <span class='ocr_line' id='line_1_36' title="bbox 2103 771 3690 841; baseline 0.001 -17"><span class='ocrx_word' id='word_1_229' title='bbox 2103 772 2321 825; x_wconf 87' lang='lat' dir='ltr'><strong>habere.</strong></span> <span class='ocrx_word' id='word_1_230' title='bbox 2377 771 2434 825; x_wconf 87' lang='lat' dir='ltr'><strong>In</strong></span> <span class='ocrx_word' id='word_1_231' title='bbox 2492 771 2582 825; x_wconf 89' lang='lat' dir='ltr'><strong>illo</strong></span> <span class='ocrx_word' id='word_1_232' title='bbox 2615 771 2762 826; x_wconf 89' lang='lat' dir='ltr'><strong>enim</strong></span> <span class='ocrx_word' id='word_1_233' title='bbox 2796 772 3162 837; x_wconf 81' lang='lat' dir='ltr'><strong>calamitates,</strong></span> <span class='ocrx_word' id='word_1_234' title='bbox 3222 788 3363 841; x_wconf 89' lang='lat' dir='ltr'><strong>quas</strong></span> <span class='ocrx_word' id='word_1_235' title='bbox 3409 773 3690 841; x_wconf 74' lang='lat' dir='ltr'><strong>Babylone</strong></span> 
     </span>
    </p>
   </div>
   <div class='ocr_carea' id='block_1_37' title="bbox 2102 861 3686 932">
    <p class='ocr_par' dir='ltr' id='par_1_37' title="bbox 2102 861 3686 932">
     <span class='ocr_line' id='line_1_37' title="bbox 2102 861 3686 932; baseline 0.001 -18"><span class='ocrx_word' id='word_1_236' title='bbox 2102 863 2449 932; x_wconf 87' lang='lat' dir='ltr'><strong>patiebantur</strong></span> <span class='ocrx_word' id='word_1_237' title='bbox 2474 862 2851 932; x_wconf 84' lang='lat' dir='ltr'><strong>deplorantes,</strong></span> <span class='ocrx_word' id='word_1_238' title='bbox 2885 863 3053 916; x_wconf 87' lang='lat' dir='ltr'><strong>Deum</strong></span> <span class='ocrx_word' id='word_1_239' title='bbox 3083 864 3317 916; x_wconf 86' lang='lat' dir='ltr'><strong>orabant</strong></span> <span class='ocrx_word' id='word_1_240' title='bbox 3356 872 3413 916; x_wconf 91' lang='lat' dir='ltr'><strong>ut</strong></span> <span class='ocrx_word' id='word_1_241' title='bbox 3451 861 3686 916; x_wconf 86' lang='lat' dir='ltr'><strong>reditum</strong></span> 
     </span>
    </p>
   </div>
   <div class='ocr_carea' id='block_1_38' title="bbox 2101 952 3690 1024">
    <p class='ocr_par' dir='ltr' id='par_1_38' title="bbox 2101 952 3690 1024">
     <span class='ocr_line' id='line_1_38' title="bbox 2101 952 3690 1024; baseline -0.002 -16"><span class='ocrx_word' id='word_1_242' title='bbox 2101 965 2576 1024; x_wconf 84' lang='lat' dir='ltr'><strong>consequerentur</strong></span> <span class='ocrx_word' id='word_1_243' title='bbox 2631 952 2772 1007; x_wconf 92' lang='lat' dir='ltr'><strong>:hic</strong></span> <span class='ocrx_word' id='word_1_244' title='bbox 2822 968 2951 1006; x_wconf 90' lang='lat' dir='ltr'><strong>vero</strong></span> <span class='ocrx_word' id='word_1_245' title='bbox 3009 952 3098 1005; x_wconf 90' lang='lat' dir='ltr'><strong>illa</strong></span> <span class='ocrx_word' id='word_1_246' title='bbox 3157 968 3278 1021; x_wconf 86' lang='lat' dir='ltr'><strong>quae</strong></span> <span class='ocrx_word' id='word_1_247' title='bbox 3329 953 3690 1021; x_wconf 79' lang='lat' dir='ltr'><strong>eﬁlagitaraut</strong></span> 
     </span>
    </p>
   </div>
   <div class='ocr_carea' id='block_1_39' title="bbox 2103 1041 3686 1113">
    <p class='ocr_par' dir='ltr' id='par_1_39' title="bbox 2103 1041 3686 1113">
     <span class='ocr_line' id='line_1_39' title="bbox 2103 1041 3686 1113; baseline -0.004 -13"><span class='ocrx_word' id='word_1_248' title='bbox 2103 1045 2410 1110; x_wconf 83' lang='lat' dir='ltr'><strong>consecuti,</strong></span> <span class='ocrx_word' id='word_1_249' title='bbox 2453 1043 2701 1097; x_wconf 89' lang='lat' dir='ltr'><strong>benelicii</strong></span> <span class='ocrx_word' id='word_1_250' title='bbox 2737 1055 3018 1098; x_wconf 85' lang='lat' dir='ltr'><strong>auctorem</strong></span> <span class='ocrx_word' id='word_1_251' title='bbox 3055 1044 3304 1097; x_wconf 89' lang='lat' dir='ltr'><strong>laudant.</strong></span> <span class='ocrx_word' id='word_1_252' title='bbox 3358 1041 3471 1113; x_wconf 80' lang='lat' dir='ltr'><strong>Ego</strong></span> <span class='ocrx_word' id='word_1_253' title='bbox 3501 1051 3686 1095; x_wconf 89' lang='lat' dir='ltr'><strong>autem</strong></span> 
     </span>
    </p>
   </div>
   <div class='ocr_carea' id='block_1_40' title="bbox 2103 1135 3689 1207">
    <p class='ocr_par' dir='ltr' id='par_1_40' title="bbox 2103 1135 3689 1207">
     <span class='ocr_line' id='line_1_40' title="bbox 2103 1135 3689 1207; baseline -0.003 -16"><span class='ocrx_word' id='word_1_254' title='bbox 2103 1138 2298 1207; x_wconf 88' lang='lat' dir='ltr'><strong>opinor</strong></span> <span class='ocrx_word' id='word_1_255' title='bbox 2333 1137 2478 1190; x_wconf 90' lang='lat' dir='ltr'><strong>hunc</strong></span> <span class='ocrx_word' id='word_1_256' title='bbox 2507 1135 2770 1205; x_wconf 81' lang='lat' dir='ltr'><strong>hymnum</strong></span> <span class='ocrx_word' id='word_1_257' title='bbox 2796 1135 3054 1190; x_wconf 89' lang='lat' dir='ltr'><strong>omnibus</strong></span> <span class='ocrx_word' id='word_1_258' title='bbox 3081 1135 3396 1189; x_wconf 91' lang='lat' dir='ltr'><strong>hominibus</strong></span> <span class='ocrx_word' id='word_1_259' title='bbox 3418 1149 3689 1202; x_wconf 82' lang='lat' dir='ltr'><strong>congrue-</strong></span> 
     </span>
    </p>
   </div>
   <div class='ocr_carea' id='block_1_41' title="bbox 2103 1225 3690 1299">
    <p class='ocr_par' dir='ltr' id='par_1_41' title="bbox 2103 1225 3690 1299">
     <span class='ocr_line' id='line_1_41' title="bbox 2103 1225 3690 1299; baseline -0.004 -14"><span class='ocrx_word' id='word_1_260' title='bbox 2103 1246 2184 1291; x_wconf 85' lang='lat' dir='ltr'><strong>re,</strong></span> <span class='ocrx_word' id='word_1_261' title='bbox 2211 1230 2302 1299; x_wconf 92' lang='lat' dir='ltr'><strong>qui</strong></span> <span class='ocrx_word' id='word_1_262' title='bbox 2343 1228 2412 1282; x_wconf 92' lang='lat' dir='ltr'><strong>ab</strong></span> <span class='ocrx_word' id='word_1_263' title='bbox 2443 1227 2710 1282; x_wconf 87' lang='lat' dir='ltr'><strong>acerbiori</strong></span> <span class='ocrx_word' id='word_1_264' title='bbox 2771 1228 3033 1281; x_wconf 87' lang='lat' dir='ltr'><strong>servitute</strong></span> <span class='ocrx_word' id='word_1_265' title='bbox 3088 1225 3298 1280; x_wconf 84' lang='lat' dir='ltr'><strong>liberati</strong></span> <span class='ocrx_word' id='word_1_266' title='bbox 3334 1235 3482 1291; x_wconf 92' lang='lat' dir='ltr'><strong>sunt,</strong></span> <span class='ocrx_word' id='word_1_267' title='bbox 3514 1225 3690 1292; x_wconf 77' lang='lat' dir='ltr'><strong>majo-</strong></span> 
     </span>
    </p>
   </div>
   <div class='ocr_carea' id='block_1_42' title="bbox 2107 1317 3690 1392">
    <p class='ocr_par' dir='ltr' id='par_1_42' title="bbox 2107 1317 3690 1392">
     <span class='ocr_line' id='line_1_42' title="bbox 2107 1317 3690 1392; baseline -0.006 -16"><span class='ocrx_word' id='word_1_268' title='bbox 2107 1323 2267 1392; x_wconf 90' lang='lat' dir='ltr'><strong>rique</strong></span> <span class='ocrx_word' id='word_1_269' title='bbox 2317 1322 2572 1376; x_wconf 82' lang='lat' dir='ltr'><strong>libertate</strong></span> <span class='ocrx_word' id='word_1_270' title='bbox 2605 1320 2790 1376; x_wconf 85' lang='lat' dir='ltr'><strong>donati</strong></span> <span class='ocrx_word' id='word_1_271' title='bbox 2843 1319 3019 1374; x_wconf 81' lang='lat' dir='ltr'><strong>fuere.</strong></span> <span class='ocrx_word' id='word_1_272' title='bbox 3065 1317 3472 1372; x_wconf 89' lang='lat' dir='ltr'><strong>Demonstrabit</strong></span> <span class='ocrx_word' id='word_1_273' title='bbox 3524 1332 3690 1386; x_wconf 88' lang='lat' dir='ltr'><strong>porro</strong></span> 
     </span>
    </p>
   </div>
   <div class='ocr_carea' id='block_1_43' title="bbox 2102 1411 3693 1482">
    <p class='ocr_par' dir='ltr' id='par_1_43' title="bbox 2102 1411 3693 1482">
     <span class='ocr_line' id='line_1_43' title="bbox 2102 1411 3693 1482; baseline -0.002 -17"><span class='ocrx_word' id='word_1_274' title='bbox 2102 1415 2406 1471; x_wconf 78' lang='lat' dir='ltr'><strong>verborum</strong></span> <span class='ocrx_word' id='word_1_275' title='bbox 2440 1427 2660 1479; x_wconf 83' lang='lat' dir='ltr'><strong>sensus,</strong></span> <span class='ocrx_word' id='word_1_276' title='bbox 2694 1413 2800 1468; x_wconf 87' lang='lat' dir='ltr'><strong>hoc</strong></span> <span class='ocrx_word' id='word_1_277' title='bbox 2820 1419 3204 1482; x_wconf 82' lang='lat' dir='ltr'><strong>argumentum</strong></span> <span class='ocrx_word' id='word_1_278' title='bbox 3243 1411 3418 1478; x_wconf 76' lang='lat' dir='ltr'><strong>magis</strong></span> <span class='ocrx_word' id='word_1_279' title='bbox 3455 1424 3578 1463; x_wconf 91' lang='lat' dir='ltr'><strong>esse</strong></span> <span class='ocrx_word' id='word_1_280' title='bbox 3599 1423 3693 1462; x_wconf 88' lang='lat' dir='ltr'><strong>ve-</strong></span> 
     </span>
    </p>
   </div>
   <div class='ocr_carea' id='block_1_44' title="bbox 2105 1499 3690 1574">
    <p class='ocr_par' dir='ltr' id='par_1_44' title="bbox 2105 1499 3690 1574">
     <span class='ocr_line' id='line_1_44' title="bbox 2105 1499 3690 1574; baseline -0.005 -14"><span class='ocrx_word' id='word_1_281' title='bbox 2105 1520 2249 1571; x_wconf 85' lang='lat' dir='ltr'><strong>rum,</strong></span> <span class='ocrx_word' id='word_1_282' title='bbox 2286 1519 2452 1574; x_wconf 88' lang='lat' dir='ltr'><strong>quam</strong></span> <span class='ocrx_word' id='word_1_283' title='bbox 2489 1505 2622 1559; x_wconf 88' lang='lat' dir='ltr'><strong>illud</strong></span> <span class='ocrx_word' id='word_1_284' title='bbox 2656 1521 2671 1559; x_wconf 91' lang='lat'><strong>:</strong></span> <span class='ocrx_word' id='word_1_285' title='bbox 2709 1521 2729 1555; x_wconf 77' lang='grc' dir='ltr'><strong>ι</strong></span> <span class='ocrx_word' id='word_1_286' title='bbox 2763 1502 3020 1565; x_wconf 87' lang='lat' dir='ltr'><strong>Benedic,</strong></span> <span class='ocrx_word' id='word_1_287' title='bbox 3055 1500 3237 1554; x_wconf 89' lang='lat' dir='ltr'><strong>anima</strong></span> <span class='ocrx_word' id='word_1_288' title='bbox 3257 1516 3398 1565; x_wconf 89' lang='lat' dir='ltr'><strong>mea,</strong></span> <span class='ocrx_word' id='word_1_289' title='bbox 3434 1499 3690 1558; x_wconf 91' lang='lat' dir='ltr'><strong>Domino.</strong></span> 
     </span>
    </p>
   </div>
   <div class='ocr_carea' id='block_1_45' title="bbox 2104 1593 3688 1667">
    <p class='ocr_par' dir='ltr' id='par_1_45' title="bbox 2104 1593 3688 1667">
     <span class='ocr_line' id='line_1_45' title="bbox 2104 1593 3688 1667; baseline -0.007 -16"><span class='ocrx_word' id='word_1_290' title='bbox 2104 1599 2356 1652; x_wconf 90' lang='lat' dir='ltr'><strong>etomnia</strong></span> <span class='ocrx_word' id='word_1_291' title='bbox 2377 1612 2501 1667; x_wconf 74' lang='lat' dir='ltr'><strong>quae</strong></span> <span class='ocrx_word' id='word_1_292' title='bbox 2524 1597 2666 1650; x_wconf 90' lang='lat' dir='ltr'><strong>intra</strong></span> <span class='ocrx_word' id='word_1_293' title='bbox 2689 1611 2775 1651; x_wconf 87' lang='lat' dir='ltr'><strong>me</strong></span> <span class='ocrx_word' id='word_1_294' title='bbox 2797 1604 2944 1659; x_wconf 90' lang='lat' dir='ltr'><strong>sunt,</strong></span> <span class='ocrx_word' id='word_1_295' title='bbox 2981 1593 3192 1648; x_wconf 91' lang='lat' dir='ltr'><strong>nomini</strong></span> <span class='ocrx_word' id='word_1_296' title='bbox 3229 1602 3422 1648; x_wconf 88' lang='lat' dir='ltr'><strong>sancto</strong></span> <span class='ocrx_word' id='word_1_297' title='bbox 3445 1593 3585 1661; x_wconf 84' lang='lat' dir='ltr'><strong>ejus.</strong></span> <span class='ocrx_word' id='word_1_298' title='bbox 3621 1610 3640 1640; x_wconf 73' lang='grc' dir='ltr'><strong>ι</strong></span> <span class='ocrx_word' id='word_1_299' title='bbox 3673 1594 3688 1610; x_wconf 74' lang='grc'><strong><em>⁸</em></strong></span> 
     </span>
    </p>
   </div>
   <div class='ocr_carea' id='block_1_46' title="bbox 2105 1684 3692 1758">
    <p class='ocr_par' dir='ltr' id='par_1_46' title="bbox 2105 1684 3692 1758">
     <span class='ocr_line' id='line_1_46' title="bbox 2105 1684 3692 1758; baseline -0.006 -16"><span class='ocrx_word' id='word_1_300' title='bbox 2105 1687 2207 1754; x_wconf 87' lang='lat' dir='ltr'><strong>Qui</strong></span> <span class='ocrx_word' id='word_1_301' title='bbox 2236 1703 2362 1757; x_wconf 78' lang='lat' dir='ltr'><strong>erga</strong></span> <span class='ocrx_word' id='word_1_302' title='bbox 2394 1688 2578 1742; x_wconf 89' lang='lat' dir='ltr'><strong>divina</strong></span> <span class='ocrx_word' id='word_1_303' title='bbox 2608 1687 2872 1743; x_wconf 88' lang='lat' dir='ltr'><strong>beneﬁcia</strong></span> <span class='ocrx_word' id='word_1_304' title='bbox 2913 1695 3070 1758; x_wconf 80' lang='lat' dir='ltr'><strong>grato</strong></span> <span class='ocrx_word' id='word_1_305' title='bbox 3101 1686 3288 1739; x_wconf 89' lang='lat' dir='ltr'><strong>animo</strong></span> <span class='ocrx_word' id='word_1_306' title='bbox 3324 1684 3504 1738; x_wconf 69' lang='lat' dir='ltr'><strong>affecti</strong></span> <span class='ocrx_word' id='word_1_307' title='bbox 3541 1691 3692 1748; x_wconf 87' lang='lat' dir='ltr'><strong>sunt,</strong></span> 
     </span>
    </p>
   </div>
   <div class='ocr_carea' id='block_1_47' title="bbox 2107 1775 3693 1848">
    <p class='ocr_par' dir='ltr' id='par_1_47' title="bbox 2107 1775 3693 1848">
     <span class='ocr_line' id='line_1_47' title="bbox 2107 1775 3693 1848; baseline -0.004 -14"><span class='ocrx_word' id='word_1_308' title='bbox 2107 1780 2176 1834; x_wconf 88' lang='lat' dir='ltr'><strong>ad</strong></span> <span class='ocrx_word' id='word_1_309' title='bbox 2212 1780 2425 1834; x_wconf 90' lang='lat' dir='ltr'><strong>divinas</strong></span> <span class='ocrx_word' id='word_1_310' title='bbox 2455 1779 2644 1834; x_wconf 90' lang='lat' dir='ltr'><strong>laudes</strong></span> <span class='ocrx_word' id='word_1_311' title='bbox 2685 1778 2900 1848; x_wconf 90' lang='lat' dir='ltr'><strong>seipsos</strong></span> <span class='ocrx_word' id='word_1_312' title='bbox 2929 1779 3191 1842; x_wconf 85' lang='lat' dir='ltr'><strong>excitant,</strong></span> <span class='ocrx_word' id='word_1_313' title='bbox 3227 1775 3476 1831; x_wconf 81' lang='lat' dir='ltr'><strong>beneﬁcii</strong></span> <span class='ocrx_word' id='word_1_314' title='bbox 3500 1782 3693 1828; x_wconf 87' lang='lat' dir='ltr'><strong>aucto-</strong></span> 
     </span>
    </p>
   </div>
   <div class='ocr_carea' id='block_1_48' title="bbox 2113 1868 3695 1942">
    <p class='ocr_par' dir='ltr' id='par_1_48' title="bbox 2113 1868 3695 1942">
     <span class='ocr_line' id='line_1_48' title="bbox 2113 1868 3695 1942; baseline -0.003 -17"><span class='ocrx_word' id='word_1_315' title='bbox 2113 1889 2249 1934; x_wconf 89' lang='lat' dir='ltr'><strong>rem,</strong></span> <span class='ocrx_word' id='word_1_316' title='bbox 2280 1873 2478 1942; x_wconf 88' lang='lat' dir='ltr'><strong>quibus</strong></span> <span class='ocrx_word' id='word_1_317' title='bbox 2513 1872 2696 1927; x_wconf 91' lang='lat' dir='ltr'><strong>modis</strong></span> <span class='ocrx_word' id='word_1_318' title='bbox 2722 1881 2974 1941; x_wconf 89' lang='lat' dir='ltr'><strong>possunt,</strong></span> <span class='ocrx_word' id='word_1_319' title='bbox 3011 1879 3452 1925; x_wconf 85' lang='lat' dir='ltr'><strong>remunerantes.</strong></span> <span class='ocrx_word' id='word_1_320' title='bbox 3510 1868 3695 1921; x_wconf 87' lang='lat' dir='ltr'><strong>Polcst</strong></span> 
     </span>
    </p>
   </div>
   <div class='ocr_carea' id='block_1_49' title="bbox 2116 1962 3695 2034">
    <p class='ocr_par' dir='ltr' id='par_1_49' title="bbox 2116 1962 3695 2034">
     <span class='ocr_line' id='line_1_49' title="bbox 2116 1962 3695 2034; baseline -0.003 -18"><span class='ocrx_word' id='word_1_321' title='bbox 2116 1963 2329 2034; x_wconf 64' lang='lat'><strong>1324</strong></span> <span class='ocrx_word' id='word_1_322' title='bbox 2357 1973 2537 2017; x_wconf 87' lang='lat' dir='ltr'><strong>autem</strong></span> <span class='ocrx_word' id='word_1_323' title='bbox 2565 1977 2781 2031; x_wconf 88' lang='lat' dir='ltr'><strong>semper</strong></span> <span class='ocrx_word' id='word_1_324' title='bbox 2811 1962 3048 2022; x_wconf 89' lang='lat' dir='ltr'><strong>laudari,</strong></span> <span class='ocrx_word' id='word_1_325' title='bbox 3085 1974 3459 2028; x_wconf 84' lang='lat' dir='ltr'><strong>constansque</strong></span> <span class='ocrx_word' id='word_1_326' title='bbox 3487 1974 3695 2012; x_wconf 90' lang='lat' dir='ltr'><strong>memo-</strong></span> 
     </span>
    </p>
   </div>
   <div class='ocr_carea' id='block_1_50' title="bbox 2112 2050 3694 2124">
    <p class='ocr_par' dir='ltr' id='par_1_50' title="bbox 2112 2050 3694 2124">
     <span class='ocr_line' id='line_1_50' title="bbox 2112 2050 3694 2124; baseline -0.004 -15"><span class='ocrx_word' id='word_1_327' title='bbox 2112 2056 2191 2109; x_wconf 88' lang='lat' dir='ltr'><strong>ria</strong></span> <span class='ocrx_word' id='word_1_328' title='bbox 2243 2054 2636 2109; x_wconf 89' lang='lat' dir='ltr'><strong>beneﬁciorum</strong></span> <span class='ocrx_word' id='word_1_329' title='bbox 2680 2054 2854 2124; x_wconf 89' lang='lat' dir='ltr'><strong>ipsius</strong></span> <span class='ocrx_word' id='word_1_330' title='bbox 2891 2052 3076 2107; x_wconf 90' lang='lat' dir='ltr'><strong>animo</strong></span> <span class='ocrx_word' id='word_1_331' title='bbox 3113 2051 3476 2106; x_wconf 78' lang='lat' dir='ltr'><strong>circumferri.</strong></span> <span class='ocrx_word' id='word_1_332' title='bbox 3526 2050 3588 2103; x_wconf 94' lang='lat' dir='ltr'><strong>lli</strong></span> <span class='ocrx_word' id='word_1_333' title='bbox 3642 2057 3694 2104; x_wconf 92' lang='lat' dir='ltr'><strong>et</strong></span> 
     </span>
    </p>
   </div>
   <div class='ocr_carea' id='block_1_51' title="bbox 2111 2141 3695 2216">
    <p class='ocr_par' dir='ltr' id='par_1_51' title="bbox 2111 2141 3695 2216">
     <span class='ocr_line' id='line_1_51' title="bbox 2111 2141 3695 2216; baseline -0.006 -14"><span class='ocrx_word' id='word_1_334' title='bbox 2111 2146 2294 2202; x_wconf 86' lang='lat' dir='ltr'><strong>omnia</strong></span> <span class='ocrx_word' id='word_1_335' title='bbox 2327 2161 2450 2216; x_wconf 52' lang='lat' dir='ltr'><strong>quas</strong></span> <span class='ocrx_word' id='word_1_336' title='bbox 2476 2146 2620 2200; x_wconf 88' lang='lat' dir='ltr'><strong>intra</strong></span> <span class='ocrx_word' id='word_1_337' title='bbox 2652 2154 2779 2201; x_wconf 90' lang='lat' dir='ltr'><strong>sunt</strong></span> <span class='ocrx_word' id='word_1_338' title='bbox 2803 2152 3146 2207; x_wconf 89' lang='lat' dir='ltr'><strong>consecrant,</strong></span> <span class='ocrx_word' id='word_1_339' title='bbox 3171 2155 3512 2211; x_wconf 84' lang='lat' dir='ltr'><strong>omnemque</strong></span> <span class='ocrx_word' id='word_1_340' title='bbox 3543 2141 3695 2211; x_wconf 84' lang='lat' dir='ltr'><strong>cogi-</strong></span> 
     </span>
    </p>
   </div>
   <div class='ocr_carea' id='block_1_52' title="bbox 2113 2233 3695 2305">
    <p class='ocr_par' dir='ltr' id='par_1_52' title="bbox 2113 2233 3695 2305">
     <span class='ocr_line' id='line_1_52' title="bbox 2113 2233 3695 2305; baseline -0.008 -8"><span class='ocrx_word' id='word_1_341' title='bbox 2113 2241 2371 2297; x_wconf 83' lang='lat' dir='ltr'><strong>tationem</strong></span> <span class='ocrx_word' id='word_1_342' title='bbox 2412 2238 2478 2292; x_wconf 88' lang='lat' dir='ltr'><strong>ad</strong></span> <span class='ocrx_word' id='word_1_343' title='bbox 2512 2236 2755 2292; x_wconf 89' lang='lat' dir='ltr'><strong>divinam</strong></span> <span class='ocrx_word' id='word_1_344' title='bbox 2806 2236 3020 2292; x_wconf 90' lang='lat' dir='ltr'><strong>laudem</strong></span> <span class='ocrx_word' id='word_1_345' title='bbox 3054 2235 3360 2305; x_wconf 90' lang='lat' dir='ltr'><strong>appellunt.</strong></span> <span class='ocrx_word' id='word_1_346' title='bbox 3411 2233 3546 2286; x_wconf 84' lang='lat' dir='ltr'><strong>Nam</strong></span> <span class='ocrx_word' id='word_1_347' title='bbox 3575 2248 3695 2303; x_wconf 74' lang='lat' dir='ltr'><strong>qua:</strong></span> 
     </span>
    </p>
   </div>
   <div class='ocr_carea' id='block_1_53' title="bbox 2112 2327 3696 2398">
    <p class='ocr_par' dir='ltr' id='par_1_53' title="bbox 2112 2327 3696 2398">
     <span class='ocr_line' id='line_1_53' title="bbox 2112 2327 3696 2398; baseline -0.004 -14"><span class='ocrx_word' id='word_1_348' title='bbox 2112 2334 2256 2384; x_wconf 82' lang='lat' dir='ltr'><strong>intra</strong></span> <span class='ocrx_word' id='word_1_349' title='bbox 2285 2338 2407 2384; x_wconf 81' lang='lat' dir='ltr'><strong>sunt</strong></span> <span class='ocrx_word' id='word_1_350' title='bbox 2466 2329 2940 2394; x_wconf 83' lang='lat' dir='ltr'><strong>ratiocinationes,</strong></span> <span class='ocrx_word' id='word_1_351' title='bbox 2990 2327 3484 2398; x_wconf 81' lang='lat' dir='ltr'><strong>cogitationesque,</strong></span> <span class='ocrx_word' id='word_1_352' title='bbox 3511 2333 3696 2395; x_wconf 84' lang='lat' dir='ltr'><strong>.alque</strong></span> 
     </span>
    </p>
   </div>
   <div class='ocr_carea' id='block_1_54' title="bbox 2112 2419 3066 2488">
    <p class='ocr_par' dir='ltr' id='par_1_54' title="bbox 2112 2419 3066 2488">
     <span class='ocr_line' id='line_1_54' title="bbox 2112 2419 3066 2488; baseline -0.006 -12"><span class='ocrx_word' id='word_1_353' title='bbox 2112 2437 2304 2476; x_wconf 90' lang='lat' dir='ltr'><strong>omnes</strong></span> <span class='ocrx_word' id='word_1_354' title='bbox 2333 2419 2503 2475; x_wconf 87' lang='lat' dir='ltr'><strong>animi</strong></span> <span class='ocrx_word' id='word_1_355' title='bbox 2539 2431 2721 2474; x_wconf 89' lang='lat' dir='ltr'><strong>motus</strong></span> <span class='ocrx_word' id='word_1_356' title='bbox 2750 2420 3066 2488; x_wconf 81' lang='lat' dir='ltr'><strong>appellavit.</strong></span> 
     </span>
    </p>
   </div>
   <div class='ocr_carea' id='block_1_55' title="bbox 2183 2507 3694 2575">
    <p class='ocr_par' dir='ltr' id='par_1_55' title="bbox 2183 2507 3694 2575">
     <span class='ocr_line' id='line_1_55' title="bbox 2183 2507 3694 2575; baseline -0.007 -8"><span class='ocrx_word' id='word_1_357' title='bbox 2183 2511 2344 2568; x_wconf 70' lang='lat' dir='ltr'><strong>Vens.</strong></span> <span class='ocrx_word' id='word_1_358' title='bbox 2378 2514 2428 2564; x_wconf 72' lang='grc'>2.</span> <span class='ocrx_word' id='word_1_359' title='bbox 2472 2531 2490 2562; x_wconf 79' lang='grc' dir='ltr'><strong>ι</strong></span> <span class='ocrx_word' id='word_1_360' title='bbox 2529 2511 2781 2574; x_wconf 81' lang='lat' dir='ltr'><strong>Benedic,</strong></span> <span class='ocrx_word' id='word_1_361' title='bbox 2819 2512 3000 2563; x_wconf 86' lang='lat' dir='ltr'><strong>anima</strong></span> <span class='ocrx_word' id='word_1_362' title='bbox 3029 2525 3171 2575; x_wconf 82' lang='lat' dir='ltr'><strong>mea,</strong></span> <span class='ocrx_word' id='word_1_363' title='bbox 3210 2508 3461 2572; x_wconf 89' lang='lat' dir='ltr'><strong>Domino,</strong></span> <span class='ocrx_word' id='word_1_364' title='bbox 3495 2513 3548 2560; x_wconf 88' lang='lat' dir='ltr'><strong>et</strong></span> <span class='ocrx_word' id='word_1_365' title='bbox 3582 2507 3694 2559; x_wconf 91' lang='lat' dir='ltr'><strong>noli</strong></span> 
     </span>
    </p>
   </div>
   <div class='ocr_carea' id='block_1_56' title="bbox 2113 2599 3696 2669">
    <p class='ocr_par' dir='ltr' id='par_1_56' title="bbox 2113 2599 3696 2669">
     <span class='ocr_line' id='line_1_56' title="bbox 2113 2599 3696 2669; baseline -0.006 -8"><span class='ocrx_word' id='word_1_366' title='bbox 2113 2605 2358 2661; x_wconf 77' lang='lat' dir='ltr'><strong>oblivisci</strong></span> <span class='ocrx_word' id='word_1_367' title='bbox 2397 2603 2643 2657; x_wconf 89' lang='lat' dir='ltr'><strong>omnium</strong></span> <span class='ocrx_word' id='word_1_368' title='bbox 2677 2603 3101 2657; x_wconf 82' lang='lat' dir='ltr'><strong>retributionuut</strong></span> <span class='ocrx_word' id='word_1_369' title='bbox 3128 2601 3266 2669; x_wconf 86' lang='lat' dir='ltr'><strong>ejus.</strong></span> <span class='ocrx_word' id='word_1_370' title='bbox 3310 2619 3329 2651; x_wconf 73' lang='grc' dir='ltr'><strong>ι</strong></span> <span class='ocrx_word' id='word_1_371' title='bbox 3366 2599 3582 2654; x_wconf 82' lang='lat' dir='ltr'><strong>Rursus</strong></span> <span class='ocrx_word' id='word_1_372' title='bbox 3609 2614 3696 2654; x_wconf 83' lang='lat' dir='ltr'><strong>se-</strong></span> 
     </span>
    </p>
   </div>
   <div class='ocr_carea' id='block_1_57' title="bbox 2113 2691 3694 2766">
    <p class='ocr_par' dir='ltr' id='par_1_57' title="bbox 2113 2691 3694 2766">
     <span class='ocr_line' id='line_1_57' title="bbox 2113 2691 3694 2766; baseline -0.006 -15"><span class='ocrx_word' id='word_1_373' title='bbox 2113 2699 2287 2766; x_wconf 80' lang='lat' dir='ltr'><strong>ipsam</strong></span> <span class='ocrx_word' id='word_1_374' title='bbox 2313 2695 2498 2749; x_wconf 91' lang='lat' dir='ltr'><strong>anima</strong></span> <span class='ocrx_word' id='word_1_375' title='bbox 2527 2697 2769 2748; x_wconf 77' lang='lat' dir='ltr'><strong>excitare</strong></span> <span class='ocrx_word' id='word_1_376' title='bbox 2795 2694 3047 2759; x_wconf 89' lang='lat' dir='ltr'><strong>docetur,</strong></span> <span class='ocrx_word' id='word_1_377' title='bbox 3085 2692 3489 2761; x_wconf 88' lang='lat' dir='ltr'><strong>oblivionisque</strong></span> <span class='ocrx_word' id='word_1_378' title='bbox 3522 2691 3694 2743; x_wconf 83' lang='lat' dir='ltr'><strong>nebu-</strong></span> 
     </span>
    </p>
   </div>
   <div class='ocr_carea' id='block_1_58' title="bbox 2112 2784 3691 2850">
    <p class='ocr_par' dir='ltr' id='par_1_58' title="bbox 2112 2784 3691 2850">
     <span class='ocr_line' id='line_1_58' title="bbox 2112 2784 3691 2850; baseline -0.005 -8"><span class='ocrx_word' id='word_1_379' title='bbox 2112 2788 2218 2842; x_wconf 88' lang='lat' dir='ltr'><strong>lam</strong></span> <span class='ocrx_word' id='word_1_380' title='bbox 2242 2787 2536 2850; x_wconf 90' lang='lat' dir='ltr'><strong>discutere,</strong></span> <span class='ocrx_word' id='word_1_381' title='bbox 2563 2794 2618 2841; x_wconf 91' lang='lat' dir='ltr'><strong>et</strong></span> <span class='ocrx_word' id='word_1_382' title='bbox 2648 2784 3037 2841; x_wconf 87' lang='lat' dir='ltr'><strong>beneﬁciorum</strong></span> <span class='ocrx_word' id='word_1_383' title='bbox 3057 2784 3379 2838; x_wconf 90' lang='lat' dir='ltr'><strong>memoriam</strong></span> <span class='ocrx_word' id='word_1_384' title='bbox 3407 2797 3691 2838; x_wconf 88' lang='lat' dir='ltr'><strong>renovare.</strong></span> 
     </span>
    </p>
   </div>
   <div class='ocr_carea' id='block_1_59' title="bbox 2115 2875 3692 2949">
    <p class='ocr_par' dir='ltr' id='par_1_59' title="bbox 2115 2875 3692 2949">
     <span class='ocr_line' id='line_1_59' title="bbox 2115 2875 3692 2949; baseline -0.004 -15"><span class='ocrx_word' id='word_1_385' title='bbox 2115 2880 2507 2934; x_wconf 75' lang='lat' dir='ltr'><strong>Iietributiones</strong></span> <span class='ocrx_word' id='word_1_386' title='bbox 2557 2878 2779 2949; x_wconf 86' lang='lat' dir='ltr'><strong>quidem</strong></span> <span class='ocrx_word' id='word_1_387' title='bbox 2833 2877 3086 2948; x_wconf 79' lang='lat' dir='ltr'><strong>beneﬁcia</strong></span> <span class='ocrx_word' id='word_1_388' title='bbox 3123 2876 3490 2947; x_wconf 72' lang='lat' dir='ltr'><strong>Symmachus</strong></span> <span class='ocrx_word' id='word_1_389' title='bbox 3531 2875 3692 2930; x_wconf 82' lang='lat' dir='ltr'><strong>dixit.</strong></span> 
     </span>
    </p>
   </div>
   <div class='ocr_carea' id='block_1_60' title="bbox 2117 2970 3105 3041">
    <p class='ocr_par' dir='ltr' id='par_1_60' title="bbox 2117 2970 3105 3041">
     <span class='ocr_line' id='line_1_60' title="bbox 2117 2970 3105 3041; baseline -0.003 -17"><span class='ocrx_word' id='word_1_390' title='bbox 2117 2971 2321 3027; x_wconf 89' lang='lat' dir='ltr'><strong>Deinde</strong></span> <span class='ocrx_word' id='word_1_391' title='bbox 2352 2973 2468 3026; x_wconf 55' lang='lat' dir='ltr'><strong>haec</strong></span> <span class='ocrx_word' id='word_1_392' title='bbox 2497 2972 2774 3041; x_wconf 78' lang='lat' dir='ltr'><strong>sigillatim</strong></span> <span class='ocrx_word' id='word_1_393' title='bbox 2811 2970 3105 3040; x_wconf 85' lang='lat' dir='ltr'><strong>percurrit.</strong></span> 
     </span>
    </p>
   </div>
   <div class='ocr_carea' id='block_1_61' title="bbox 486 3143 2009 3230">
    <p class='ocr_par' dir='ltr' id='par_1_61' title="bbox 486 3143 2004 3216">
     <span class='ocr_line' id='line_1_61' title="bbox 486 3143 2004 3216; baseline -0.011 -12"><span class='ocrx_word' id='word_1_394' title='bbox 486 3147 564 3212; x_wconf 82' lang='grc' dir='ltr'>γ’.</span> <span class='ocrx_word' id='word_1_395' title='bbox 625 3167 645 3201; x_wconf 79' lang='grc' dir='ltr'><strong>ι</strong></span> <span class='ocrx_word' id='word_1_396' title='bbox 711 3147 818 3201; x_wconf 86' lang='grc' dir='ltr'><strong>Τὸν</strong></span> <span class='ocrx_word' id='word_1_397' title='bbox 875 3145 1261 3200; x_wconf 88' lang='grc' dir='ltr'>εὐῖλατεύοντα</span> <span class='ocrx_word' id='word_1_398' title='bbox 1327 3144 1511 3208; x_wconf 83' lang='grc' dir='ltr'>πάσας</span> <span class='ocrx_word' id='word_1_399' title='bbox 1561 3143 1659 3207; x_wconf 80' lang='grc' dir='ltr'>τὰς</span> <span class='ocrx_word' id='word_1_400' title='bbox 1717 3146 1946 3216; x_wconf 77' lang='grc' dir='ltr'>ἀνομίας</span> <span class='ocrx_word' id='word_1_401' title='bbox 1962 3147 2004 3180; x_wconf 72' lang='grc'><strong>³³</strong></span> 
     </span>
    </p>
   </div>
   <div class='ocr_carea' id='block_1_62' title="bbox 2115 3143 3702 3230">
    <p class='ocr_par' dir='ltr' id='par_1_62' title="bbox 2185 3145 3702 3222">
     <span class='ocr_line' id='line_1_62' title="bbox 2185 3145 3702 3222; baseline -0.006 -15"><span class='ocrx_word' id='word_1_402' title='bbox 2185 3152 2350 3209; x_wconf 73' lang='lat' dir='ltr'><strong>Vens.</strong></span> <span class='ocrx_word' id='word_1_403' title='bbox 2405 3155 2456 3208; x_wconf 80' lang='grc'>5.</span> <span class='ocrx_word' id='word_1_404' title='bbox 2508 3171 2526 3205; x_wconf 82' lang='grc' dir='ltr'><strong>ι</strong></span> <span class='ocrx_word' id='word_1_405' title='bbox 2569 3151 2672 3218; x_wconf 87' lang='lat' dir='ltr'><strong>Qui</strong></span> <span class='ocrx_word' id='word_1_406' title='bbox 2727 3151 2964 3222; x_wconf 78' lang='lat' dir='ltr'><strong>ignoscit</strong></span> <span class='ocrx_word' id='word_1_407' title='bbox 3000 3149 3257 3204; x_wconf 86' lang='lat' dir='ltr'><strong>omnibus</strong></span> <span class='ocrx_word' id='word_1_408' title='bbox 3313 3145 3702 3216; x_wconf 85' lang='lat' dir='ltr'><strong>iniquitatibus</strong></span> 
     </span>
    </p>
   </div>
   <div class='ocr_carea' id='block_1_63' title="bbox 423 3231 2011 3308">
    <p class='ocr_par' dir='ltr' id='par_1_63' title="bbox 423 3231 2011 3308">
     <span class='ocr_line' id='line_1_63' title="bbox 423 3231 2011 3308; baseline -0.003 -14"><span class='ocrx_word' id='word_1_409' title='bbox 423 3258 544 3305; x_wconf 85' lang='grc' dir='ltr'>σου,</span> <span class='ocrx_word' id='word_1_410' title='bbox 599 3239 693 3293; x_wconf 81' lang='grc' dir='ltr'><strong>τὸν</strong></span> <span class='ocrx_word' id='word_1_411' title='bbox 749 3239 980 3308; x_wconf 88' lang='grc' dir='ltr'>ίώμενον</span> <span class='ocrx_word' id='word_1_412' title='bbox 1029 3237 1212 3300; x_wconf 87' lang='grc' dir='ltr'>πάσας</span> <span class='ocrx_word' id='word_1_413' title='bbox 1244 3237 1343 3299; x_wconf 85' lang='grc' dir='ltr'>τὰς</span> <span class='ocrx_word' id='word_1_414' title='bbox 1396 3237 1589 3300; x_wconf 86' lang='grc' dir='ltr'>νόσους</span> <span class='ocrx_word' id='word_1_415' title='bbox 1623 3253 1743 3290; x_wconf 91' lang='grc' dir='ltr'>σου.</span> <span class='ocrx_word' id='word_1_416' title='bbox 1787 3256 1806 3288; x_wconf 70' lang='grc' dir='ltr'><strong>ι</strong></span> <span class='ocrx_word' id='word_1_417' title='bbox 1841 3231 2011 3300; x_wconf 75' lang='grc' dir='ltr'>Οὗτος</span> 
     </span>
    </p>
   </div>
   <div class='ocr_carea' id='block_1_64' title="bbox 419 3327 2010 3403">
    <p class='ocr_par' dir='ltr' id='par_1_64' title="bbox 419 3327 2010 3403">
     <span class='ocr_line' id='line_1_64' title="bbox 419 3327 2010 3403; baseline -0.004 -17"><span class='ocrx_word' id='word_1_418' title='bbox 419 3335 534 3403; x_wconf 76' lang='grc' dir='ltr'>γάρ</span> <span class='ocrx_word' id='word_1_419' title='bbox 568 3347 650 3384; x_wconf 90' lang='grc' dir='ltr'><strong>σοι</strong></span> <span class='ocrx_word' id='word_1_420' title='bbox 693 3329 997 3401; x_wconf 85' lang='grc' dir='ltr'>δεδώρηται</span> <span class='ocrx_word' id='word_1_421' title='bbox 1038 3327 1146 3381; x_wconf 87' lang='grc' dir='ltr'><strong>τῶν</strong></span> <span class='ocrx_word' id='word_1_422' title='bbox 1185 3327 1604 3399; x_wconf 82' lang='grc' dir='ltr'>ἁμαρτημάτων</span> <span class='ocrx_word' id='word_1_423' title='bbox 1652 3328 1751 3398; x_wconf 81' lang='grc' dir='ltr'><strong>τὴν</strong></span> <span class='ocrx_word' id='word_1_424' title='bbox 1775 3329 1972 3397; x_wconf 80' lang='grc' dir='ltr'>ἄφεσιν</span> <span class='ocrx_word' id='word_1_425' title='bbox 1997 3346 2010 3359; x_wconf 89' lang='grc'><strong>·</strong></span> 
     </span>
    </p>
   </div>
   <div class='ocr_carea' id='block_1_65' title="bbox 417 3416 2012 3492">
    <p class='ocr_par' dir='ltr' id='par_1_65' title="bbox 417 3416 2012 3492">
     <span class='ocr_line' id='line_1_65' title="bbox 417 3416 2012 3492; baseline -0.003 -14"><span class='ocrx_word' id='word_1_426' title='bbox 417 3416 580 3486; x_wconf 74' lang='grc' dir='ltr'>οὗτός</span> <span class='ocrx_word' id='word_1_427' title='bbox 638 3440 724 3476; x_wconf 88' lang='grc' dir='ltr'><strong>σοι</strong></span> <span class='ocrx_word' id='word_1_428' title='bbox 764 3423 1090 3492; x_wconf 84' lang='grc' dir='ltr'>κεχάρισται</span> <span class='ocrx_word' id='word_1_429' title='bbox 1133 3420 1244 3474; x_wconf 89' lang='grc' dir='ltr'><strong>τῶν</strong></span> <span class='ocrx_word' id='word_1_430' title='bbox 1294 3421 1642 3490; x_wconf 83' lang='grc' dir='ltr'>παθημάτων</span> <span class='ocrx_word' id='word_1_431' title='bbox 1697 3421 1794 3491; x_wconf 79' lang='grc' dir='ltr'>τὴν</span> <span class='ocrx_word' id='word_1_432' title='bbox 1843 3421 2012 3474; x_wconf 85' lang='grc' dir='ltr'>ῐασιν.</span> 
     </span>
    </p>
   </div>
   <div class='ocr_carea' id='block_1_66' title="bbox 421 3511 2016 3583">
    <p class='ocr_par' dir='ltr' id='par_1_66' title="bbox 421 3511 2016 3583">
     <span class='ocr_line' id='line_1_66' title="bbox 421 3511 2016 3583; baseline -0.002 -14"><span class='ocrx_word' id='word_1_433' title='bbox 421 3515 649 3569; x_wconf 86' lang='grc' dir='ltr'>Τούτων</span> <span class='ocrx_word' id='word_1_434' title='bbox 675 3515 704 3567; x_wconf 87' lang='grc' dir='ltr'><strong>ό</strong></span> <span class='ocrx_word' id='word_1_435' title='bbox 729 3512 1061 3583; x_wconf 87' lang='grc' dir='ltr'>παρειμένος</span> <span class='ocrx_word' id='word_1_436' title='bbox 1091 3511 1433 3583; x_wconf 80' lang='grc' dir='ltr'>ἁπήλαυσεν.</span> <span class='ocrx_word' id='word_1_437' title='bbox 1469 3511 1712 3564; x_wconf 86' lang='grc' dir='ltr'>Ἤκουσε</span> <span class='ocrx_word' id='word_1_438' title='bbox 1745 3513 1856 3583; x_wconf 87' lang='grc' dir='ltr'>γὰρ</span> <span class='ocrx_word' id='word_1_439' title='bbox 1875 3513 2016 3566; x_wconf 84' lang='grc' dir='ltr'>κατὰ</span> 
     </span>
    </p>
   </div>
   <div class='ocr_carea' id='block_1_67' title="bbox 421 3601 2016 3674">
    <p class='ocr_par' dir='ltr' id='par_1_67' title="bbox 421 3601 2016 3674">
     <span class='ocr_line' id='line_1_67' title="bbox 421 3601 2016 3674; baseline -0.003 -12"><span class='ocrx_word' id='word_1_440' title='bbox 421 3608 645 3671; x_wconf 77' lang='grc' dir='ltr'>ταυτὸν,</span> <span class='ocrx_word' id='word_1_441' title='bbox 683 3624 702 3659; x_wconf 79' lang='grc' dir='ltr'><strong>ι</strong></span> <span class='ocrx_word' id='word_1_442' title='bbox 742 3604 1045 3673; x_wconf 82' lang='grc' dir='ltr'>Ἀφέωνται</span> <span class='ocrx_word' id='word_1_443' title='bbox 1079 3605 1138 3656; x_wconf 88' lang='grc' dir='ltr'><strong>αί</strong></span> <span class='ocrx_word' id='word_1_444' title='bbox 1161 3604 1428 3674; x_wconf 87' lang='grc' dir='ltr'>ἁμαρτίαι</span> <span class='ocrx_word' id='word_1_445' title='bbox 1448 3620 1566 3656; x_wconf 81' lang='grc' dir='ltr'>σου·</span> <span class='ocrx_word' id='word_1_446' title='bbox 1605 3623 1624 3656; x_wconf 74' lang='grc' dir='ltr'><strong>ι</strong></span> <span class='ocrx_word' id='word_1_447' title='bbox 1652 3605 1766 3669; x_wconf 79' lang='grc' dir='ltr'>καὶ,</span> <span class='ocrx_word' id='word_1_448' title='bbox 1792 3622 1810 3655; x_wconf 80' lang='grc' dir='ltr'><strong>ι</strong></span> <span class='ocrx_word' id='word_1_449' title='bbox 1841 3601 2016 3674; x_wconf 70' lang='grc' dir='ltr'><strong>τΑρον</strong></span> 
     </span>
    </p>
   </div>
   <div class='ocr_carea' id='block_1_68' title="bbox 423 3691 2010 3769">
    <p class='ocr_par' dir='ltr' id='par_1_68' title="bbox 423 3691 2010 3769">
     <span class='ocr_line' id='line_1_68' title="bbox 423 3691 2010 3769; baseline -0.004 -16"><span class='ocrx_word' id='word_1_450' title='bbox 423 3701 518 3753; x_wconf 83' lang='grc' dir='ltr'><strong>τὸν</strong></span> <span class='ocrx_word' id='word_1_451' title='bbox 559 3697 871 3769; x_wconf 80' lang='grc' dir='ltr'>κράὁϐατόν</span> <span class='ocrx_word' id='word_1_452' title='bbox 896 3713 1015 3760; x_wconf 90' lang='grc' dir='ltr'>σου,</span> <span class='ocrx_word' id='word_1_453' title='bbox 1056 3697 1150 3749; x_wconf 70' lang='grc' dir='ltr'><strong>καὶ</strong></span> <span class='ocrx_word' id='word_1_454' title='bbox 1180 3695 1361 3764; x_wconf 81' lang='grc' dir='ltr'>ὕπαγε</span> <span class='ocrx_word' id='word_1_455' title='bbox 1403 3698 1484 3758; x_wconf 84' lang='grc' dir='ltr'><strong>είς</strong></span> <span class='ocrx_word' id='word_1_456' title='bbox 1515 3697 1610 3748; x_wconf 84' lang='grc' dir='ltr'><strong>τὸν</strong></span> <span class='ocrx_word' id='word_1_457' title='bbox 1645 3691 1795 3748; x_wconf 83' lang='grc' dir='ltr'>οἶκόν</span> <span class='ocrx_word' id='word_1_458' title='bbox 1839 3713 1954 3751; x_wconf 90' lang='grc' dir='ltr'>σου.</span> <span class='ocrx_word' id='word_1_459' title='bbox 1995 3717 2010 3747; x_wconf 75' lang='grc' dir='ltr'><strong>ι</strong></span> 
     </span>
    </p>
   </div>
   <div class='ocr_carea' id='block_1_69' title="bbox 423 3785 2012 3860">
    <p class='ocr_par' dir='ltr' id='par_1_69' title="bbox 423 3785 2012 3860">
     <span class='ocr_line' id='line_1_69' title="bbox 423 3785 2012 3860; baseline -0.004 -14"><span class='ocrx_word' id='word_1_460' title='bbox 423 3790 619 3852; x_wconf 78' lang='grc' dir='ltr'>Οὕτως</span> <span class='ocrx_word' id='word_1_461' title='bbox 648 3792 682 3860; x_wconf 86' lang='grc' dir='ltr'><strong>ή</strong></span> <span class='ocrx_word' id='word_1_462' title='bbox 731 3786 1059 3858; x_wconf 79' lang='grc' dir='ltr'>ἁμαρτωλὸς</span> <span class='ocrx_word' id='word_1_463' title='bbox 1092 3788 1232 3855; x_wconf 84' lang='grc' dir='ltr'>γυνὴ</span> <span class='ocrx_word' id='word_1_464' title='bbox 1277 3785 1548 3857; x_wconf 87' lang='grc' dir='ltr'>τετύχηκε</span> <span class='ocrx_word' id='word_1_465' title='bbox 1600 3787 1699 3853; x_wconf 82' lang='grc' dir='ltr'>τῆς</span> <span class='ocrx_word' id='word_1_466' title='bbox 1734 3787 2012 3854; x_wconf 85' lang='grc' dir='ltr'>ἀφέσεως·</span> 
     </span>
    </p>
   </div>
   <div class='ocr_carea' id='block_1_70' title="bbox 421 3877 2017 3952">
    <p class='ocr_par' dir='ltr' id='par_1_70' title="bbox 421 3877 2017 3952">
     <span class='ocr_line' id='line_1_70' title="bbox 421 3877 2017 3952; baseline -0.003 -16"><span class='ocrx_word' id='word_1_467' title='bbox 421 3882 605 3944; x_wconf 70' lang='grc' dir='ltr'>οὕτως</span> <span class='ocrx_word' id='word_1_468' title='bbox 633 3883 662 3934; x_wconf 90' lang='grc' dir='ltr'><strong>ό</strong></span> <span class='ocrx_word' id='word_1_469' title='bbox 686 3879 911 3952; x_wconf 78' lang='grc' dir='ltr'>λῃστὴς,</span> <span class='ocrx_word' id='word_1_470' title='bbox 943 3878 1119 3942; x_wconf 73' lang='grc' dir='ltr'>οὕτως</span> <span class='ocrx_word' id='word_1_471' title='bbox 1154 3877 1206 3930; x_wconf 79' lang='grc' dir='ltr'>οἱ</span> <span class='ocrx_word' id='word_1_472' title='bbox 1257 3877 1511 3943; x_wconf 88' lang='grc' dir='ltr'>τελῶναι,</span> <span class='ocrx_word' id='word_1_473' title='bbox 1568 3877 1742 3941; x_wconf 76' lang='grc' dir='ltr'>οὕτως</span> <span class='ocrx_word' id='word_1_474' title='bbox 1773 3879 2017 3942; x_wconf 75' lang='grc' dir='ltr'>ἅπαντες</span> 
     </span>
    </p>
   </div>
   <div class='ocr_carea' id='block_1_71' title="bbox 383 3963 920 4034">
    <p class='ocr_par' dir='ltr' id='par_1_71' title="bbox 383 3963 920 4034">
     <span class='ocr_line' id='line_1_71' title="bbox 383 3963 920 4034; baseline -0.009 -5"><span class='ocrx_word' id='word_1_475' title='bbox 383 3963 386 3966; x_wconf 45' lang='grc'><em>’</em></span> <span class='ocrx_word' id='word_1_476' title='bbox 421 3975 481 4029; x_wconf 73' lang='lat' dir='ltr'><strong>oi</strong></span> <span class='ocrx_word' id='word_1_477' title='bbox 500 3972 920 4034; x_wconf 85' lang='grc' dir='ltr'>πιστεύσαντες.</span> 
     </span>
    </p>
   </div>
   <div class='ocr_carea' id='block_1_72' title="bbox 500 4058 2010 4134">
    <p class='ocr_par' dir='ltr' id='par_1_72' title="bbox 500 4058 2010 4134">
     <span class='ocr_line' id='line_1_72' title="bbox 500 4058 2010 4134; baseline -0.003 -15"><span class='ocrx_word' id='word_1_478' title='bbox 500 4065 565 4119; x_wconf 82' lang='grc' dir='ltr'>δ’.</span> <span class='ocrx_word' id='word_1_479' title='bbox 604 4083 624 4116; x_wconf 77' lang='grc' dir='ltr'><strong>ι</strong></span> <span class='ocrx_word' id='word_1_480' title='bbox 652 4063 758 4117; x_wconf 80' lang='grc' dir='ltr'>Τὸν</span> <span class='ocrx_word' id='word_1_481' title='bbox 788 4061 1162 4134; x_wconf 88' lang='grc' dir='ltr'>λυτρούμενον</span> <span class='ocrx_word' id='word_1_482' title='bbox 1194 4061 1258 4114; x_wconf 80' lang='grc' dir='ltr'><strong>ἐκ</strong></span> <span class='ocrx_word' id='word_1_483' title='bbox 1297 4061 1509 4131; x_wconf 76' lang='grc' dir='ltr'>φθορᾶς</span> <span class='ocrx_word' id='word_1_484' title='bbox 1540 4059 1638 4132; x_wconf 78' lang='grc' dir='ltr'><strong>τὴν</strong></span> <span class='ocrx_word' id='word_1_485' title='bbox 1672 4058 1821 4131; x_wconf 79' lang='grc' dir='ltr'>ζωήν</span> <span class='ocrx_word' id='word_1_486' title='bbox 1848 4077 1966 4116; x_wconf 88' lang='grc' dir='ltr'>σου.</span> <span class='ocrx_word' id='word_1_487' title='bbox 1992 4082 2010 4114; x_wconf 78' lang='grc' dir='ltr'><strong>ι</strong></span> 
     </span>
    </p>
   </div>
   <div class='ocr_carea' id='block_1_73' title="bbox 425 4151 2021 4225">
    <p class='ocr_par' dir='ltr' id='par_1_73' title="bbox 425 4151 2021 4225">
     <span class='ocr_line' id='line_1_73' title="bbox 425 4151 2021 4225; baseline -0.003 -15"><span class='ocrx_word' id='word_1_488' title='bbox 425 4157 573 4219; x_wconf 82' lang='grc' dir='ltr'>Τοὺς</span> <span class='ocrx_word' id='word_1_489' title='bbox 599 4155 699 4224; x_wconf 83' lang='grc' dir='ltr'>μὲν</span> <span class='ocrx_word' id='word_1_490' title='bbox 722 4155 1071 4225; x_wconf 79' lang='grc' dir='ltr'>ἀπαχθέντας</span> <span class='ocrx_word' id='word_1_491' title='bbox 1099 4155 1158 4208; x_wconf 84' lang='grc' dir='ltr'><strong>ἐν</strong></span> <span class='ocrx_word' id='word_1_492' title='bbox 1185 4153 1468 4206; x_wconf 75' lang='grc' dir='ltr'>Βαϐυλῶνι</span> <span class='ocrx_word' id='word_1_493' title='bbox 1497 4151 1876 4222; x_wconf 85' lang='grc' dir='ltr'>δορυαλώτους</span> <span class='ocrx_word' id='word_1_494' title='bbox 1899 4153 2021 4206; x_wconf 80' lang='grc' dir='ltr'>δου-</span> 
     </span>
    </p>
   </div>
   <div class='ocr_carea' id='block_1_74' title="bbox 425 4245 2018 4318">
    <p class='ocr_par' dir='ltr' id='par_1_74' title="bbox 425 4245 2018 4318">
     <span class='ocr_line' id='line_1_74' title="bbox 425 4245 2018 4318; baseline -0.001 -16"><span class='ocrx_word' id='word_1_495' title='bbox 425 4249 584 4310; x_wconf 85' lang='grc' dir='ltr'>λείας</span> <span class='ocrx_word' id='word_1_496' title='bbox 616 4248 716 4318; x_wconf 82' lang='grc' dir='ltr'><strong>μὲν</strong></span> <span class='ocrx_word' id='word_1_497' title='bbox 743 4247 1112 4318; x_wconf 77' lang='grc' dir='ltr'>ἠλευθέρωσε,</span> <span class='ocrx_word' id='word_1_498' title='bbox 1137 4246 1236 4316; x_wconf 81' lang='grc' dir='ltr'>τῆς</span> <span class='ocrx_word' id='word_1_499' title='bbox 1257 4245 1314 4299; x_wconf 78' lang='grc' dir='ltr'>δὲ</span> <span class='ocrx_word' id='word_1_500' title='bbox 1346 4246 1591 4316; x_wconf 82' lang='grc' dir='ltr'>φθαρτῆς</span> <span class='ocrx_word' id='word_1_501' title='bbox 1619 4247 1720 4300; x_wconf 89' lang='grc' dir='ltr'><strong>οὐκ</strong></span> <span class='ocrx_word' id='word_1_502' title='bbox 1738 4246 2018 4316; x_wconf 83' lang='grc' dir='ltr'>ἀπήλλαξε</span> 
     </span>
    </p>
   </div>
   <div class='ocr_carea' id='block_1_75' title="bbox 431 4339 2020 4412">
    <p class='ocr_par' dir='ltr' id='par_1_75' title="bbox 431 4339 2020 4412">
     <span class='ocr_line' id='line_1_75' title="bbox 431 4339 2020 4412; baseline 0 -20"><span class='ocrx_word' id='word_1_503' title='bbox 431 4339 642 4412; x_wconf 82' lang='grc' dir='ltr'>βιοτῆς.</span> <span class='ocrx_word' id='word_1_504' title='bbox 678 4339 845 4409; x_wconf 83' lang='grc' dir='ltr'>Ἡμῖν</span> <span class='ocrx_word' id='word_1_505' title='bbox 885 4339 944 4392; x_wconf 77' lang='grc' dir='ltr'>δὲ</span> <span class='ocrx_word' id='word_1_506' title='bbox 1003 4339 1325 4407; x_wconf 85' lang='grc' dir='ltr'>κεχάρισται</span> <span class='ocrx_word' id='word_1_507' title='bbox 1379 4339 1480 4408; x_wconf 80' lang='grc' dir='ltr'>τῆς</span> <span class='ocrx_word' id='word_1_508' title='bbox 1535 4339 1886 4402; x_wconf 80' lang='grc' dir='ltr'>ἀναστάσεως</span> <span class='ocrx_word' id='word_1_509' title='bbox 1923 4339 2020 4402; x_wconf 84' lang='grc' dir='ltr'>τὰς</span> 
     </span>
    </p>
   </div>
   <div class='ocr_carea' id='block_1_76' title="bbox 430 4429 2011 4501">
    <p class='ocr_par' dir='ltr' id='par_1_76' title="bbox 430 4429 2011 4501">
     <span class='ocr_line' id='line_1_76' title="bbox 430 4429 2011 4501; baseline -0.001 -15"><span class='ocrx_word' id='word_1_510' title='bbox 430 4432 675 4496; x_wconf 81' lang='grc' dir='ltr'>ἐλπίδας,</span> <span class='ocrx_word' id='word_1_511' title='bbox 716 4433 812 4484; x_wconf 70' lang='grc' dir='ltr'>καὶ</span> <span class='ocrx_word' id='word_1_512' title='bbox 842 4431 936 4484; x_wconf 78' lang='grc' dir='ltr'><strong>τὸν</strong></span> <span class='ocrx_word' id='word_1_513' title='bbox 961 4430 1260 4501; x_wconf 72' lang='grc' dir='ltr'>ἀρραϐῶνα</span> <span class='ocrx_word' id='word_1_514' title='bbox 1301 4429 1400 4484; x_wconf 91' lang='grc' dir='ltr'><strong>τοῦ</strong></span> <span class='ocrx_word' id='word_1_515' title='bbox 1431 4430 1748 4501; x_wconf 84' lang='grc' dir='ltr'>πνεύματος</span> <span class='ocrx_word' id='word_1_516' title='bbox 1787 4432 2011 4494; x_wconf 76' lang='grc' dir='ltr'>ἔδωκεν,</span> 
     </span>
    </p>
   </div>
   <div class='ocr_carea' id='block_1_77' title="bbox 2117 3236 3702 3314">
    <p class='ocr_par' dir='ltr' id='par_1_77' title="bbox 2117 3236 3702 3314">
     <span class='ocr_line' id='line_1_77' title="bbox 2117 3236 3702 3314; baseline -0.006 -14"><span class='ocrx_word' id='word_1_517' title='bbox 2117 3245 2250 3308; x_wconf 89' lang='lat' dir='ltr'><strong>tuis,</strong></span> <span class='ocrx_word' id='word_1_518' title='bbox 2291 3246 2384 3314; x_wconf 87' lang='lat' dir='ltr'><strong>qui</strong></span> <span class='ocrx_word' id='word_1_519' title='bbox 2417 3254 2575 3299; x_wconf 88' lang='lat' dir='ltr'><strong>sanat</strong></span> <span class='ocrx_word' id='word_1_520' title='bbox 2603 3257 2797 3299; x_wconf 86' lang='lat' dir='ltr'><strong>omnes</strong></span> <span class='ocrx_word' id='word_1_521' title='bbox 2827 3243 3172 3296; x_wconf 83' lang='lat' dir='ltr'><strong>inﬁrmitates</strong></span> <span class='ocrx_word' id='word_1_522' title='bbox 3205 3250 3347 3295; x_wconf 90' lang='lat' dir='ltr'><strong>tuas.</strong></span> <span class='ocrx_word' id='word_1_523' title='bbox 3385 3259 3403 3290; x_wconf 84' lang='grc'>›</span> <span class='ocrx_word' id='word_1_524' title='bbox 3446 3236 3583 3291; x_wconf 86' lang='lat' dir='ltr'><strong>Nam</strong></span> <span class='ocrx_word' id='word_1_525' title='bbox 3615 3237 3702 3290; x_wconf 78' lang='lat' dir='ltr'><strong>hie</strong></span> 
     </span>
    </p>
   </div>
   <div class='ocr_carea' id='block_1_78' title="bbox 2116 3331 3703 3409">
    <p class='ocr_par' dir='ltr' id='par_1_78' title="bbox 2116 3331 3703 3409">
     <span class='ocr_line' id='line_1_78' title="bbox 2116 3331 3703 3409; baseline -0.009 -16"><span class='ocrx_word' id='word_1_526' title='bbox 2116 3347 2468 3409; x_wconf 87' lang='lat' dir='ltr'><strong>peccatorum</strong></span> <span class='ocrx_word' id='word_1_527' title='bbox 2522 3337 2736 3392; x_wconf 85' lang='lat' dir='ltr'><strong>veniam</strong></span> <span class='ocrx_word' id='word_1_528' title='bbox 2779 3335 3135 3400; x_wconf 72' lang='lat' dir='ltr'><strong>condonavit,</strong></span> <span class='ocrx_word' id='word_1_529' title='bbox 3186 3334 3276 3388; x_wconf 92' lang='lat' dir='ltr'><strong>hic</strong></span> <span class='ocrx_word' id='word_1_530' title='bbox 3331 3331 3703 3402; x_wconf 84' lang='lat' dir='ltr'><strong>perturbatio-</strong></span> 
     </span>
    </p>
   </div>
   <div class='ocr_carea' id='block_1_79' title="bbox 2119 3422 3704 3496">
    <p class='ocr_par' dir='ltr' id='par_1_79' title="bbox 2119 3422 3704 3496">
     <span class='ocr_line' id='line_1_79' title="bbox 2119 3422 3704 3496; baseline -0.007 -13"><span class='ocrx_word' id='word_1_531' title='bbox 2119 3446 2250 3483; x_wconf 82' lang='lat' dir='ltr'><strong>num</strong></span> <span class='ocrx_word' id='word_1_532' title='bbox 2290 3430 2584 3484; x_wconf 91' lang='lat' dir='ltr'><strong>sanitatem</strong></span> <span class='ocrx_word' id='word_1_533' title='bbox 2617 3427 2717 3481; x_wconf 89' lang='lat' dir='ltr'><strong>tibi</strong></span> <span class='ocrx_word' id='word_1_534' title='bbox 2748 3427 2980 3496; x_wconf 73' lang='lat' dir='ltr'><strong>largitus</strong></span> <span class='ocrx_word' id='word_1_535' title='bbox 3011 3433 3113 3478; x_wconf 83' lang='lat' dir='ltr'><strong>est.</strong></span> <span class='ocrx_word' id='word_1_536' title='bbox 3163 3423 3288 3478; x_wconf 81' lang='lat' dir='ltr'><strong>llaec</strong></span> <span class='ocrx_word' id='word_1_537' title='bbox 3319 3422 3509 3476; x_wconf 89' lang='lat' dir='ltr'><strong>omnia</strong></span> <span class='ocrx_word' id='word_1_538' title='bbox 3540 3435 3704 3490; x_wconf 87' lang='lat' dir='ltr'><strong>para-</strong></span> 
     </span>
    </p>
   </div>
   <div class='ocr_carea' id='block_1_80' title="bbox 2118 3509 3702 3587">
    <p class='ocr_par' dir='ltr' id='par_1_80' title="bbox 2118 3509 3702 3587">
     <span class='ocr_line' id='line_1_80' title="bbox 2118 3509 3702 3587; baseline -0.006 -15"><span class='ocrx_word' id='word_1_539' title='bbox 2118 3520 2318 3587; x_wconf 83' lang='lat' dir='ltr'><strong>lyticus</strong></span> <span class='ocrx_word' id='word_1_540' title='bbox 2347 3528 2674 3573; x_wconf 91' lang='lat' dir='ltr'><strong>consecutus</strong></span> <span class='ocrx_word' id='word_1_541' title='bbox 2698 3525 2802 3571; x_wconf 90' lang='lat' dir='ltr'><strong>est.</strong></span> <span class='ocrx_word' id='word_1_542' title='bbox 2844 3514 3023 3568; x_wconf 90' lang='lat' dir='ltr'><strong>Simul</strong></span> <span class='ocrx_word' id='word_1_543' title='bbox 3057 3515 3204 3569; x_wconf 88' lang='lat' dir='ltr'><strong>enim</strong></span> <span class='ocrx_word' id='word_1_544' title='bbox 3237 3512 3448 3567; x_wconf 84' lang='lat' dir='ltr'><strong>audivit</strong></span> <span class='ocrx_word' id='word_1_545' title='bbox 3483 3530 3496 3566; x_wconf 88' lang='lat'>:</span> <span class='ocrx_word' id='word_1_546' title='bbox 3537 3530 3555 3561; x_wconf 77' lang='grc' dir='ltr'><strong>ι</strong></span> <span class='ocrx_word' id='word_1_547' title='bbox 3597 3509 3702 3563; x_wconf 74' lang='lat' dir='ltr'><strong>lle-</strong></span> 
     </span>
    </p>
   </div>
   <div class='ocr_carea' id='block_1_81' title="bbox 2121 3603 3704 3678">
    <p class='ocr_par' dir='ltr' id='par_1_81' title="bbox 2121 3603 3704 3678">
     <span class='ocr_line' id='line_1_81' title="bbox 2121 3603 3704 3678; baseline -0.006 -16"><span class='ocrx_word' id='word_1_548' title='bbox 2121 3611 2286 3664; x_wconf 84' lang='lat' dir='ltr'><strong>missa</strong></span> <span class='ocrx_word' id='word_1_549' title='bbox 2308 3619 2435 3662; x_wconf 75' lang='lat' dir='ltr'><strong>sunt</strong></span> <span class='ocrx_word' id='word_1_550' title='bbox 2459 3618 2676 3678; x_wconf 89' lang='lat' dir='ltr'><strong>peccata</strong></span> <span class='ocrx_word' id='word_1_551' title='bbox 2697 3617 2787 3660; x_wconf 89' lang='lat' dir='ltr'><strong>tua</strong></span> <span class='ocrx_word' id='word_1_552' title='bbox 2808 3607 2870 3672; x_wconf 62' lang='lat' dir='ltr'><strong>lI;</strong></span> <span class='ocrx_word' id='word_1_553' title='bbox 2907 3626 2924 3656; x_wconf 74' lang='grc' dir='ltr'><strong>ι</strong></span> <span class='ocrx_word' id='word_1_554' title='bbox 2948 3615 3003 3660; x_wconf 89' lang='lat' dir='ltr'><strong>et</strong></span> <span class='ocrx_word' id='word_1_555' title='bbox 3030 3622 3043 3660; x_wconf 91' lang='lat'>:</span> <span class='ocrx_word' id='word_1_556' title='bbox 3075 3623 3094 3656; x_wconf 78' lang='grc' dir='ltr'><strong>ι</strong></span> <span class='ocrx_word' id='word_1_557' title='bbox 3121 3604 3276 3658; x_wconf 87' lang='lat' dir='ltr'><strong>Tolle</strong></span> <span class='ocrx_word' id='word_1_558' title='bbox 3301 3603 3501 3657; x_wconf 91' lang='lat' dir='ltr'><strong>lectum</strong></span> <span class='ocrx_word' id='word_1_559' title='bbox 3528 3609 3704 3663; x_wconf 91' lang='lat' dir='ltr'><strong>tuum,</strong></span> 
     </span>
    </p>
   </div>
   <div class='ocr_carea' id='block_1_82' title="bbox 2117 3691 3705 3757">
    <p class='ocr_par' dir='ltr' id='par_1_82' title="bbox 2117 3691 3705 3757">
     <span class='ocr_line' id='line_1_82' title="bbox 2117 3691 3705 3757; baseline -0.008 -2"><span class='ocrx_word' id='word_1_560' title='bbox 2117 3715 2171 3756; x_wconf 92' lang='lat' dir='ltr'><strong>et</strong></span> <span class='ocrx_word' id='word_1_561' title='bbox 2201 3701 2337 3753; x_wconf 90' lang='lat' dir='ltr'><strong>vade</strong></span> <span class='ocrx_word' id='word_1_562' title='bbox 2363 3700 2417 3752; x_wconf 90' lang='lat' dir='ltr'><strong>in</strong></span> <span class='ocrx_word' id='word_1_563' title='bbox 2446 3701 2667 3751; x_wconf 87' lang='lat' dir='ltr'><strong>domum</strong></span> <span class='ocrx_word' id='word_1_564' title='bbox 2699 3709 2848 3748; x_wconf 90' lang='lat' dir='ltr'><strong>tuam</strong></span> <span class='ocrx_word' id='word_1_565' title='bbox 2882 3695 2955 3747; x_wconf 66' lang='grc' dir='ltr'><strong>κ’.</strong></span> <span class='ocrx_word' id='word_1_566' title='bbox 2987 3713 3006 3746; x_wconf 73' lang='grc' dir='ltr'><strong>ι</strong></span> <span class='ocrx_word' id='word_1_567' title='bbox 3048 3693 3317 3748; x_wconf 88' lang='lat' dir='ltr'><strong>Similiter</strong></span> <span class='ocrx_word' id='word_1_568' title='bbox 3346 3691 3544 3744; x_wconf 88' lang='lat' dir='ltr'><strong>mulier</strong></span> <span class='ocrx_word' id='word_1_569' title='bbox 3577 3705 3705 3757; x_wconf 84' lang='lat' dir='ltr'><strong>pec—</strong></span> 
     </span>
    </p>
   </div>
   <div class='ocr_carea' id='block_1_83' title="bbox 2118 3779 3707 3848">
    <p class='ocr_par' dir='ltr' id='par_1_83' title="bbox 2118 3779 3707 3848">
     <span class='ocr_line' id='line_1_83' title="bbox 2118 3779 3707 3848; baseline -0.01 0"><span class='ocrx_word' id='word_1_570' title='bbox 2118 3793 2292 3848; x_wconf 73' lang='lat' dir='ltr'><strong>catt-ix</strong></span> <span class='ocrx_word' id='word_1_571' title='bbox 2321 3791 2611 3844; x_wconf 87' lang='lat' dir='ltr'><strong>sanitatem</strong></span> <span class='ocrx_word' id='word_1_572' title='bbox 2640 3802 2704 3840; x_wconf 89' lang='lat' dir='ltr'><strong>ac</strong></span> <span class='ocrx_word' id='word_1_573' title='bbox 2747 3786 2962 3838; x_wconf 81' lang='lat' dir='ltr'><strong>veniam</strong></span> <span class='ocrx_word' id='word_1_574' title='bbox 3007 3790 3301 3838; x_wconf 89' lang='lat' dir='ltr'><strong>consecuta</strong></span> <span class='ocrx_word' id='word_1_575' title='bbox 3338 3791 3423 3835; x_wconf 92' lang='lat' dir='ltr'><strong>est</strong></span> <span class='ocrx_word' id='word_1_576' title='bbox 3458 3780 3501 3834; x_wconf 81' lang='lat'><strong>1.</strong></span> <span class='ocrx_word' id='word_1_577' title='bbox 3537 3779 3707 3833; x_wconf 89' lang='lat' dir='ltr'><strong>Simi—</strong></span> 
     </span>
    </p>
   </div>
   <div class='ocr_carea' id='block_1_84' title="bbox 2118 3875 3704 3948">
    <p class='ocr_par' dir='ltr' id='par_1_84' title="bbox 2118 3875 3704 3948">
     <span class='ocr_line' id='line_1_84' title="bbox 2118 3875 3704 3948; baseline -0.008 -10"><span class='ocrx_word' id='word_1_578' title='bbox 2118 3885 2242 3939; x_wconf 91' lang='lat' dir='ltr'><strong>liter</strong></span> <span class='ocrx_word' id='word_1_579' title='bbox 2284 3884 2422 3937; x_wconf 90' lang='lat' dir='ltr'><strong>latro</strong></span> <span class='ocrx_word' id='word_1_580' title='bbox 2457 3891 2517 3946; x_wconf 78' lang='grc' dir='ltr'>ιιι,</span> <span class='ocrx_word' id='word_1_581' title='bbox 2565 3879 2819 3934; x_wconf 89' lang='lat' dir='ltr'><strong>similiter</strong></span> <span class='ocrx_word' id='word_1_582' title='bbox 2868 3876 3170 3948; x_wconf 89' lang='lat' dir='ltr'><strong>publicani,</strong></span> <span class='ocrx_word' id='word_1_583' title='bbox 3197 3875 3454 3929; x_wconf 91' lang='lat' dir='ltr'><strong>similiter</strong></span> <span class='ocrx_word' id='word_1_584' title='bbox 3489 3887 3704 3933; x_wconf 86' lang='lat' dir='ltr'><strong>omnes,</strong></span> 
     </span>
    </p>
   </div>
   <div class='ocr_carea' id='block_1_85' title="bbox 2123 3973 2628 4046">
    <p class='ocr_par' dir='ltr' id='par_1_85' title="bbox 2123 3973 2628 4046">
     <span class='ocr_line' id='line_1_85' title="bbox 2123 3973 2628 4046; baseline -0.01 -17"><span class='ocrx_word' id='word_1_585' title='bbox 2123 3976 2217 4046; x_wconf 90' lang='lat' dir='ltr'><strong>qui</strong></span> <span class='ocrx_word' id='word_1_586' title='bbox 2256 3973 2628 4028; x_wconf 86' lang='lat' dir='ltr'><strong>crediderunt.</strong></span> 
     </span>
    </p>
   </div>
   <div class='ocr_carea' id='block_1_86' title="bbox 2189 4055 3701 4129">
    <p class='ocr_par' dir='ltr' id='par_1_86' title="bbox 2189 4055 3701 4129">
     <span class='ocr_line' id='line_1_86' title="bbox 2189 4055 3701 4129; baseline -0.012 -8"><span class='ocrx_word' id='word_1_587' title='bbox 2189 4066 2355 4121; x_wconf 72' lang='lat' dir='ltr'><strong>Vens.</strong></span> <span class='ocrx_word' id='word_1_588' title='bbox 2395 4064 2449 4118; x_wconf 75' lang='grc'>4.</span> <span class='ocrx_word' id='word_1_589' title='bbox 2491 4083 2508 4114; x_wconf 82' lang='grc' dir='ltr'><strong>ι</strong></span> <span class='ocrx_word' id='word_1_590' title='bbox 2548 4062 2651 4129; x_wconf 92' lang='lat' dir='ltr'><strong>Qui</strong></span> <span class='ocrx_word' id='word_1_591' title='bbox 2684 4060 2904 4114; x_wconf 88' lang='lat' dir='ltr'><strong>redimit</strong></span> <span class='ocrx_word' id='word_1_592' title='bbox 2931 4060 2998 4113; x_wconf 87' lang='lat' dir='ltr'><strong>de</strong></span> <span class='ocrx_word' id='word_1_593' title='bbox 3031 4057 3257 4113; x_wconf 91' lang='lat' dir='ltr'><strong>interitu</strong></span> <span class='ocrx_word' id='word_1_594' title='bbox 3290 4055 3455 4110; x_wconf 88' lang='lat' dir='ltr'><strong>vitam</strong></span> <span class='ocrx_word' id='word_1_595' title='bbox 3485 4065 3654 4108; x_wconf 89' lang='lat' dir='ltr'><strong>tuam.</strong></span> <span class='ocrx_word' id='word_1_596' title='bbox 3683 4072 3701 4103; x_wconf 67' lang='grc' dir='ltr'><strong>ι</strong></span> 
     </span>
    </p>
   </div>
   <div class='ocr_carea' id='block_1_87' title="bbox 2123 4146 3706 4222">
    <p class='ocr_par' dir='ltr' id='par_1_87' title="bbox 2123 4146 3706 4222">
     <span class='ocr_line' id='line_1_87' title="bbox 2123 4146 3706 4222; baseline -0.009 -10"><span class='ocrx_word' id='word_1_597' title='bbox 2123 4157 2235 4213; x_wconf 85' lang='lat' dir='ltr'><strong>Eos</strong></span> <span class='ocrx_word' id='word_1_598' title='bbox 2277 4155 2498 4222; x_wconf 86' lang='lat' dir='ltr'><strong>quidem</strong></span> <span class='ocrx_word' id='word_1_599' title='bbox 2541 4153 2635 4220; x_wconf 87' lang='lat' dir='ltr'><strong>qui</strong></span> <span class='ocrx_word' id='word_1_600' title='bbox 2676 4151 3006 4222; x_wconf 88' lang='lat' dir='ltr'><strong>Babylonem</strong></span> <span class='ocrx_word' id='word_1_601' title='bbox 3042 4150 3097 4202; x_wconf 91' lang='lat' dir='ltr'><strong>in</strong></span> <span class='ocrx_word' id='word_1_602' title='bbox 3127 4149 3445 4203; x_wconf 80' lang='lat' dir='ltr'><strong>servitutem</strong></span> <span class='ocrx_word' id='word_1_603' title='bbox 3486 4146 3706 4198; x_wconf 61' lang='lat' dir='ltr'><strong>ahzlucti</strong></span> 
     </span>
    </p>
   </div>
   <div class='ocr_carea' id='block_1_88' title="bbox 2120 4236 3705 4311">
    <p class='ocr_par' dir='ltr' id='par_1_88' title="bbox 2120 4236 3705 4311">
     <span class='ocr_line' id='line_1_88' title="bbox 2120 4236 3705 4311; baseline -0.013 -6"><span class='ocrx_word' id='word_1_604' title='bbox 2120 4249 2294 4311; x_wconf 82' lang='lat' dir='ltr'><strong>fuere,</strong></span> <span class='ocrx_word' id='word_1_605' title='bbox 2326 4263 2353 4300; x_wconf 91' lang='lat' dir='ltr'><strong>a</strong></span> <span class='ocrx_word' id='word_1_606' title='bbox 2389 4246 2650 4301; x_wconf 87' lang='lat' dir='ltr'><strong>servitute</strong></span> <span class='ocrx_word' id='word_1_607' title='bbox 2682 4242 2933 4297; x_wconf 84' lang='lat' dir='ltr'><strong>liberavit</strong></span> <span class='ocrx_word' id='word_1_608' title='bbox 2965 4260 2978 4294; x_wconf 88' lang='lat'><strong>:</strong></span> <span class='ocrx_word' id='word_1_609' title='bbox 3007 4249 3062 4294; x_wconf 91' lang='lat' dir='ltr'><strong>at</strong></span> <span class='ocrx_word' id='word_1_610' title='bbox 3111 4255 3180 4294; x_wconf 74' lang='lat' dir='ltr'><strong>ex</strong></span> <span class='ocrx_word' id='word_1_611' title='bbox 3221 4239 3327 4291; x_wconf 85' lang='lat' dir='ltr'><strong>vita</strong></span> <span class='ocrx_word' id='word_1_612' title='bbox 3363 4236 3705 4304; x_wconf 87' lang='lat' dir='ltr'><strong>corruptioni</strong></span> 
     </span>
    </p>
   </div>
   <div class='ocr_carea' id='block_1_89' title="bbox 2122 4325 3710 4394">
    <p class='ocr_par' dir='ltr' id='par_1_89' title="bbox 2122 4325 3710 4394">
     <span class='ocr_line' id='line_1_89' title="bbox 2122 4325 3710 4394; baseline -0.012 0"><span class='ocrx_word' id='word_1_613' title='bbox 2122 4341 2360 4394; x_wconf 84' lang='lat' dir='ltr'><strong>obnoxia</strong></span> <span class='ocrx_word' id='word_1_614' title='bbox 2393 4336 2620 4390; x_wconf 88' lang='lat' dir='ltr'><strong>minime</strong></span> <span class='ocrx_word' id='word_1_615' title='bbox 2656 4331 2926 4387; x_wconf 88' lang='lat' dir='ltr'><strong>liberavit.</strong></span> <span class='ocrx_word' id='word_1_616' title='bbox 2966 4330 3138 4384; x_wconf 88' lang='lat' dir='ltr'><strong>Nobis</strong></span> <span class='ocrx_word' id='word_1_617' title='bbox 3186 4343 3314 4382; x_wconf 88' lang='lat' dir='ltr'><strong>vero</strong></span> <span class='ocrx_word' id='word_1_618' title='bbox 3344 4325 3710 4381; x_wconf 85' lang='lat' dir='ltr'><strong>resurrectio-</strong></span> 
     </span>
    </p>
   </div>
   <div class='ocr_carea' id='block_1_90' title="bbox 2122 4415 3707 4501">
    <p class='ocr_par' dir='ltr' id='par_1_90' title="bbox 2122 4415 3707 4501">
     <span class='ocr_line' id='line_1_90' title="bbox 2122 4415 3707 4501; baseline -0.013 -13"><span class='ocrx_word' id='word_1_619' title='bbox 2122 4434 2210 4488; x_wconf 89' lang='lat' dir='ltr'><strong>nis</strong></span> <span class='ocrx_word' id='word_1_620' title='bbox 2245 4446 2394 4501; x_wconf 87' lang='lat' dir='ltr'><strong>spem</strong></span> <span class='ocrx_word' id='word_1_621' title='bbox 2425 4428 2656 4498; x_wconf 82' lang='lat' dir='ltr'><strong>largitus</strong></span> <span class='ocrx_word' id='word_1_622' title='bbox 2681 4436 2788 4489; x_wconf 90' lang='lat' dir='ltr'><strong>est,</strong></span> <span class='ocrx_word' id='word_1_623' title='bbox 2834 4424 3145 4494; x_wconf 81' lang='lat' dir='ltr'><strong>pignusque</strong></span> <span class='ocrx_word' id='word_1_624' title='bbox 3186 4421 3413 4489; x_wconf 84' lang='lat' dir='ltr'><strong>spiritus</strong></span> <span class='ocrx_word' id='word_1_625' title='bbox 3455 4415 3707 4488; x_wconf 71' lang='lat' dir='ltr'><strong>prazbuit,</strong></span> 
     </span>
    </p>
   </div>
   <div class='ocr_carea' id='block_1_91' title="bbox 432 4508 2009 4591">
    <p class='ocr_par' dir='ltr' id='par_1_91' title="bbox 432 4519 2009 4591">
     <span class='ocr_line' id='line_1_91' title="bbox 432 4519 2009 4591; baseline -0.003 -13"><span class='ocrx_word' id='word_1_626' title='bbox 432 4523 532 4578; x_wconf 82' lang='grc' dir='ltr'>καὶ</span> <span class='ocrx_word' id='word_1_627' title='bbox 559 4522 650 4575; x_wconf 79' lang='grc' dir='ltr'><strong>τὸν</strong></span> <span class='ocrx_word' id='word_1_628' title='bbox 688 4521 788 4591; x_wconf 80' lang='grc' dir='ltr'><strong>τῆς</strong></span> <span class='ocrx_word' id='word_1_629' title='bbox 829 4519 1143 4590; x_wconf 83' lang='grc' dir='ltr'>ἀφθαρσίας</span> <span class='ocrx_word' id='word_1_630' title='bbox 1173 4521 1322 4590; x_wconf 77' lang='grc' dir='ltr'>ἡμᾶς</span> <span class='ocrx_word' id='word_1_631' title='bbox 1353 4521 1572 4582; x_wconf 78' lang='grc' dir='ltr'>ἐνέδυσε</span> <span class='ocrx_word' id='word_1_632' title='bbox 1600 4520 1826 4590; x_wconf 87' lang='grc' dir='ltr'>χιτῶνα.</span> <span class='ocrx_word' id='word_1_633' title='bbox 1857 4540 1876 4572; x_wconf 80' lang='grc' dir='ltr'><strong>ι</strong></span> <span class='ocrx_word' id='word_1_634' title='bbox 1913 4522 2009 4574; x_wconf 68' lang='grc' dir='ltr'>Τὸι</span> 
     </span>
    </p>
   </div>
   <div class='ocr_carea' id='block_1_92' title="bbox 2115 4508 3712 4591">
    <p class='ocr_par' dir='ltr' id='par_1_92' title="bbox 2121 4512 3712 4583">
     <span class='ocr_line' id='line_1_92' title="bbox 2121 4512 3712 4583; baseline -0.014 -1"><span class='ocrx_word' id='word_1_635' title='bbox 2121 4536 2177 4583; x_wconf 93' lang='lat' dir='ltr'><strong>et</strong></span> <span class='ocrx_word' id='word_1_636' title='bbox 2226 4535 2377 4579; x_wconf 88' lang='lat' dir='ltr'><strong>veste</strong></span> <span class='ocrx_word' id='word_1_637' title='bbox 2413 4518 2841 4576; x_wconf 87' lang='lat' dir='ltr'><strong>immortalitatis</strong></span> <span class='ocrx_word' id='word_1_638' title='bbox 2880 4531 2978 4571; x_wconf 89' lang='lat' dir='ltr'><strong>nos</strong></span> <span class='ocrx_word' id='word_1_639' title='bbox 3016 4515 3217 4570; x_wconf 90' lang='lat' dir='ltr'><strong>induit.</strong></span> <span class='ocrx_word' id='word_1_640' title='bbox 3259 4532 3276 4564; x_wconf 79' lang='grc' dir='ltr'><strong>ι</strong></span> <span class='ocrx_word' id='word_1_641' title='bbox 3325 4512 3430 4577; x_wconf 93' lang='lat' dir='ltr'><strong>Qui</strong></span> <span class='ocrx_word' id='word_1_642' title='bbox 3482 4516 3712 4562; x_wconf 86' lang='lat' dir='ltr'><strong>coronat</strong></span> 
     </span>
    </p>
   </div>
   <div class='ocr_carea' id='block_1_93' title="bbox 434 4612 2022 4685">
    <p class='ocr_par' dir='ltr' id='par_1_93' title="bbox 434 4612 2022 4685">
     <span class='ocr_line' id='line_1_93' title="bbox 434 4612 2022 4685; baseline -0.001 -16"><span class='ocrx_word' id='word_1_643' title='bbox 434 4614 814 4684; x_wconf 83' lang='grc' dir='ltr'>στεφανοῦντά</span> <span class='ocrx_word' id='word_1_644' title='bbox 842 4631 905 4667; x_wconf 90' lang='grc' dir='ltr'><strong>σε</strong></span> <span class='ocrx_word' id='word_1_645' title='bbox 938 4615 996 4666; x_wconf 90' lang='grc' dir='ltr'><strong>ἐν</strong></span> <span class='ocrx_word' id='word_1_646' title='bbox 1023 4612 1163 4666; x_wconf 79' lang='grc' dir='ltr'>ἐλέει</span> <span class='ocrx_word' id='word_1_647' title='bbox 1198 4613 1294 4665; x_wconf 77' lang='grc' dir='ltr'>καὶ</span> <span class='ocrx_word' id='word_1_648' title='bbox 1325 4613 1651 4683; x_wconf 84' lang='grc' dir='ltr'>οίκτιρμοῖς.</span> <span class='ocrx_word' id='word_1_649' title='bbox 1679 4632 1800 4667; x_wconf 76' lang='grc' dir='ltr'>ι-ι</span> <span class='ocrx_word' id='word_1_650' title='bbox 1827 4615 2022 4685; x_wconf 78' lang='grc' dir='ltr'>Χάριτί</span> 
     </span>
    </p>
   </div>
   <div class='ocr_carea' id='block_1_94' title="bbox 432 4699 2018 4775">
    <p class='ocr_par' dir='ltr' id='par_1_94' title="bbox 432 4699 2018 4775">
     <span class='ocr_line' id='line_1_94' title="bbox 432 4699 2018 4775; baseline -0.001 -14"><span class='ocrx_word' id='word_1_651' title='bbox 432 4709 561 4762; x_wconf 83' lang='grc' dir='ltr'>ἐστε</span> <span class='ocrx_word' id='word_1_652' title='bbox 580 4707 624 4739; x_wconf 78' lang='grc'><strong>³⁸</strong></span> <span class='ocrx_word' id='word_1_653' title='bbox 648 4705 1006 4775; x_wconf 83' lang='grc' dir='ltr'>σεσωσμένοι,</span> <span class='ocrx_word' id='word_1_654' title='bbox 1109 4720 1277 4773; x_wconf 89' lang='grc' dir='ltr'>φησιν</span> <span class='ocrx_word' id='word_1_655' title='bbox 1304 4705 1332 4756; x_wconf 90' lang='grc' dir='ltr'><strong>ό</strong></span> <span class='ocrx_word' id='word_1_656' title='bbox 1362 4703 1505 4765; x_wconf 86' lang='grc' dir='ltr'>θεῖος</span> <span class='ocrx_word' id='word_1_657' title='bbox 1544 4703 1892 4769; x_wconf 81' lang='grc' dir='ltr'>Ἀπόστολος,</span> <span class='ocrx_word' id='word_1_658' title='bbox 1924 4707 2018 4758; x_wconf 82' lang='grc' dir='ltr'><strong>καί</strong></span> 
     </span>
    </p>
   </div>
   <div class='ocr_carea' id='block_1_95' title="bbox 432 4797 2018 4868">
    <p class='ocr_par' dir='ltr' id='par_1_95' title="bbox 432 4797 2018 4868">
     <span class='ocr_line' id='line_1_95' title="bbox 432 4797 2018 4868; baseline -0.004 -13"><span class='ocrx_word' id='word_1_659' title='bbox 432 4801 597 4855; x_wconf 86' lang='grc' dir='ltr'>τοῦτο</span> <span class='ocrx_word' id='word_1_660' title='bbox 631 4801 732 4852; x_wconf 89' lang='grc' dir='ltr'><strong>οὐκ</strong></span> <span class='ocrx_word' id='word_1_661' title='bbox 758 4797 818 4862; x_wconf 83' lang='grc' dir='ltr'><strong>ἐξ</strong></span> <span class='ocrx_word' id='word_1_662' title='bbox 847 4797 1003 4868; x_wconf 90' lang='grc' dir='ltr'>ὑμῶν</span> <span class='ocrx_word' id='word_1_663' title='bbox 1026 4814 1040 4829; x_wconf 88' lang='grc'><strong>·</strong></span> <span class='ocrx_word' id='word_1_664' title='bbox 1069 4797 1206 4851; x_wconf 84' lang='grc' dir='ltr'>Θεοῦ</span> <span class='ocrx_word' id='word_1_665' title='bbox 1237 4799 1300 4849; x_wconf 75' lang='grc' dir='ltr'>τὸ</span> <span class='ocrx_word' id='word_1_666' title='bbox 1327 4797 1521 4864; x_wconf 85' lang='grc' dir='ltr'>δῶρον,</span> <span class='ocrx_word' id='word_1_667' title='bbox 1549 4797 1634 4849; x_wconf 70' lang='grc' dir='ltr'><strong>ἵνα</strong></span> <span class='ocrx_word' id='word_1_668' title='bbox 1663 4801 1736 4867; x_wconf 88' lang='grc' dir='ltr'><strong>μή</strong></span> <span class='ocrx_word' id='word_1_669' title='bbox 1773 4816 1859 4861; x_wconf 88' lang='grc' dir='ltr'><strong>τις</strong></span> <span class='ocrx_word' id='word_1_670' title='bbox 1882 4817 2018 4850; x_wconf 80' lang='grc' dir='ltr'>καυ-</span> 
     </span>
    </p>
   </div>
   <div class='ocr_carea' id='block_1_96' title="bbox 434 4885 2022 4962">
    <p class='ocr_par' dir='ltr' id='par_1_96' title="bbox 434 4885 2022 4962">
     <span class='ocr_line' id='line_1_96' title="bbox 434 4885 2022 4962; baseline -0.002 -18"><span class='ocrx_word' id='word_1_671' title='bbox 434 4892 702 4962; x_wconf 80' lang='grc' dir='ltr'>χήσηται.</span> <span class='ocrx_word' id='word_1_672' title='bbox 733 4908 752 4942; x_wconf 73' lang='grc' dir='ltr'><strong>ι</strong></span> <span class='ocrx_word' id='word_1_673' title='bbox 779 4890 1094 4955; x_wconf 77' lang='grc' dir='ltr'>Καὶπάλιν,</span> <span class='ocrx_word' id='word_1_674' title='bbox 1120 4908 1140 4941; x_wconf 84' lang='grc' dir='ltr'><strong>ι</strong></span> <span class='ocrx_word' id='word_1_675' title='bbox 1167 4887 1401 4959; x_wconf 81' lang='grc' dir='ltr'>Χριστὸς</span> <span class='ocrx_word' id='word_1_676' title='bbox 1423 4889 1630 4959; x_wconf 87' lang='grc' dir='ltr'>Ἰησοῦς</span> <span class='ocrx_word' id='word_1_677' title='bbox 1648 4885 1812 4958; x_wconf 81' lang='grc' dir='ltr'>ἦλθεν</span> <span class='ocrx_word' id='word_1_678' title='bbox 1837 4892 1914 4952; x_wconf 83' lang='grc' dir='ltr'>εἰς</span> <span class='ocrx_word' id='word_1_679' title='bbox 1932 4893 2022 4941; x_wconf 68' lang='grc' dir='ltr'><strong>τὸν</strong></span> 
     </span>
    </p>
   </div>
   <div class='ocr_carea' id='block_1_97' title="bbox 435 4974 2019 5054">
    <p class='ocr_par' dir='ltr' id='par_1_97' title="bbox 435 4974 2019 5054">
     <span class='ocr_line' id='line_1_97' title="bbox 435 4974 2019 5054; baseline -0.001 -18"><span class='ocrx_word' id='word_1_680' title='bbox 435 4985 648 5054; x_wconf 82' lang='grc' dir='ltr'>κόσμον</span> <span class='ocrx_word' id='word_1_681' title='bbox 695 4982 1060 5054; x_wconf 78' lang='grc' dir='ltr'>ἁμαρτωλοὺς</span> <span class='ocrx_word' id='word_1_682' title='bbox 1091 4982 1284 5044; x_wconf 87' lang='grc' dir='ltr'>σῶσαι,</span> <span class='ocrx_word' id='word_1_683' title='bbox 1320 4974 1396 5034; x_wconf 82' lang='grc' dir='ltr'>ὧν</span> <span class='ocrx_word' id='word_1_684' title='bbox 1447 4979 1664 5052; x_wconf 80' lang='grc' dir='ltr'>πρῶτός</span> <span class='ocrx_word' id='word_1_685' title='bbox 1718 4982 1836 5051; x_wconf 87' lang='grc' dir='ltr'>είμι</span> <span class='ocrx_word' id='word_1_686' title='bbox 1885 4981 2019 5048; x_wconf 78' lang='grc' dir='ltr'>ἐγώ.</span> 
     </span>
    </p>
   </div>
   <div class='ocr_carea' id='block_1_98' title="bbox 451 5071 2026 5144">
    <p class='ocr_par' dir='ltr' id='par_1_98' title="bbox 451 5071 2026 5144">
     <span class='ocr_line' id='line_1_98' title="bbox 451 5071 2026 5144; baseline -0.002 -15"><span class='ocrx_word' id='word_1_687' title='bbox 451 5075 616 5129; x_wconf 80' lang='grc' dir='ltr'>’Λλλά</span> <span class='ocrx_word' id='word_1_688' title='bbox 669 5075 759 5128; x_wconf 70' lang='grc' dir='ltr'>διὰ</span> <span class='ocrx_word' id='word_1_689' title='bbox 817 5074 1036 5128; x_wconf 81' lang='grc' dir='ltr'>τοῦτο³⁷</span> <span class='ocrx_word' id='word_1_690' title='bbox 1084 5073 1345 5144; x_wconf 74' lang='grc' dir='ltr'>ἠλεήθην,</span> <span class='ocrx_word' id='word_1_691' title='bbox 1385 5072 1473 5125; x_wconf 82' lang='grc' dir='ltr'>ἵνα</span> <span class='ocrx_word' id='word_1_692' title='bbox 1529 5074 1588 5126; x_wconf 84' lang='grc' dir='ltr'><strong>ἐν</strong></span> <span class='ocrx_word' id='word_1_693' title='bbox 1634 5072 1760 5142; x_wconf 78' lang='grc' dir='ltr'>ἐμοὶ</span> <span class='ocrx_word' id='word_1_694' title='bbox 1820 5071 2026 5144; x_wconf 84' lang='grc' dir='ltr'>πρώτῳ</span> 
     </span>
    </p>
   </div>
   <div class='ocr_carea' id='block_1_99' title="bbox 439 5162 2030 5235">
    <p class='ocr_par' dir='ltr' id='par_1_99' title="bbox 439 5162 2030 5235">
     <span class='ocr_line' id='line_1_99' title="bbox 439 5162 2030 5235; baseline -0.001 -16"><span class='ocrx_word' id='word_1_695' title='bbox 439 5165 747 5235; x_wconf 78' lang='grc' dir='ltr'>ἐνδείξηται</span> <span class='ocrx_word' id='word_1_696' title='bbox 777 5165 1013 5235; x_wconf 86' lang='grc' dir='ltr'>Χριστὸς</span> <span class='ocrx_word' id='word_1_697' title='bbox 1045 5163 1253 5235; x_wconf 86' lang='grc' dir='ltr'>Ἰησοῦς</span> <span class='ocrx_word' id='word_1_698' title='bbox 1276 5163 1374 5234; x_wconf 86' lang='grc' dir='ltr'><strong>τὴν</strong></span> <span class='ocrx_word' id='word_1_699' title='bbox 1401 5165 1582 5216; x_wconf 78' lang='grc' dir='ltr'>πᾶσαν</span> <span class='ocrx_word' id='word_1_700' title='bbox 1611 5162 1777 5216; x_wconf 87' lang='grc' dir='ltr'>αὑτοῦ</span> <span class='ocrx_word' id='word_1_701' title='bbox 1816 5180 2030 5234; x_wconf 81' lang='grc' dir='ltr'>μακρο-</span> 
     </span>
    </p>
   </div>
   <div class='ocr_carea' id='block_1_100' title="bbox 439 5254 2030 5329">
    <p class='ocr_par' dir='ltr' id='par_1_100' title="bbox 439 5254 2030 5329">
     <span class='ocr_line' id='line_1_100' title="bbox 439 5254 2030 5329; baseline -0.003 -18"><span class='ocrx_word' id='word_1_702' title='bbox 439 5257 670 5328; x_wconf 86' lang='grc' dir='ltr'>θυμίαν,</span> <span class='ocrx_word' id='word_1_703' title='bbox 697 5257 834 5329; x_wconf 86' lang='grc' dir='ltr'>πρὸς</span> <span class='ocrx_word' id='word_1_704' title='bbox 857 5254 1209 5310; x_wconf 87' lang='grc' dir='ltr'>ὑποτύπωσιν</span> <span class='ocrx_word' id='word_1_705' title='bbox 1258 5256 1367 5311; x_wconf 91' lang='grc' dir='ltr'><strong>τῶν</strong></span> <span class='ocrx_word' id='word_1_706' title='bbox 1397 5255 1702 5326; x_wconf 88' lang='grc' dir='ltr'>μελλόντων</span> <span class='ocrx_word' id='word_1_707' title='bbox 1749 5254 2030 5309; x_wconf 86' lang='grc' dir='ltr'>πιστεύειν</span> 
     </span>
    </p>
   </div>
   <div class='ocr_carea' id='block_1_101' title="bbox 2127 4598 3713 4678">
    <p class='ocr_par' dir='ltr' id='par_1_101' title="bbox 2127 4598 3713 4678">
     <span class='ocr_line' id='line_1_101' title="bbox 2127 4598 3713 4678; baseline -0.012 -2"><span class='ocrx_word' id='word_1_708' title='bbox 2127 4629 2180 4676; x_wconf 90' lang='lat' dir='ltr'><strong>te</strong></span> <span class='ocrx_word' id='word_1_709' title='bbox 2230 4614 2636 4678; x_wconf 85' lang='lat' dir='ltr'><strong>misericordia,</strong></span> <span class='ocrx_word' id='word_1_710' title='bbox 2689 4598 2760 4666; x_wconf 18' lang='lat' dir='ltr'><strong>eti</strong></span> <span class='ocrx_word' id='word_1_711' title='bbox 2797 4608 3270 4664; x_wconf 87' lang='lat' dir='ltr'><strong>miserationibus.</strong></span> <span class='ocrx_word' id='word_1_712' title='bbox 3315 4624 3334 4658; x_wconf 79' lang='grc' dir='ltr'><strong>ι</strong></span> <span class='ocrx_word' id='word_1_713' title='bbox 3364 4634 3431 4644; x_wconf 89' lang='grc'><strong>-</strong></span> <span class='ocrx_word' id='word_1_714' title='bbox 3469 4623 3486 4654; x_wconf 82' lang='grc' dir='ltr'><strong>ι</strong></span> <span class='ocrx_word' id='word_1_715' title='bbox 3525 4602 3713 4657; x_wconf 87' lang='lat' dir='ltr'><strong>Gratia</strong></span> 
     </span>
    </p>
   </div>
   <div class='ocr_carea' id='block_1_102' title="bbox 2120 4696 3705 4773">
    <p class='ocr_par' dir='ltr' id='par_1_102' title="bbox 2120 4696 3705 4773">
     <span class='ocr_line' id='line_1_102' title="bbox 2120 4696 3705 4773; baseline -0.014 -5"><span class='ocrx_word' id='word_1_716' title='bbox 2120 4709 2313 4768; x_wconf 89' lang='lat' dir='ltr'><strong>salvati</strong></span> <span class='ocrx_word' id='word_1_717' title='bbox 2338 4708 2489 4773; x_wconf 90' lang='lat' dir='ltr'><strong>estis,</strong></span> <span class='ocrx_word' id='word_1_718' title='bbox 2510 4701 2569 4760; x_wconf 90' lang='lat' dir='ltr'><strong>ut</strong></span> <span class='ocrx_word' id='word_1_719' title='bbox 2596 4704 2671 4759; x_wconf 84' lang='lat' dir='ltr'><strong>ait</strong></span> <span class='ocrx_word' id='word_1_720' title='bbox 2694 4703 2915 4756; x_wconf 88' lang='lat' dir='ltr'><strong>divinus</strong></span> <span class='ocrx_word' id='word_1_721' title='bbox 2942 4699 3243 4770; x_wconf 83' lang='lat' dir='ltr'><strong>Apostolus</strong></span> <span class='ocrx_word' id='word_1_722' title='bbox 3269 4705 3295 4732; x_wconf 77' lang='grc' dir='ltr'><strong>ιι</strong></span> <span class='ocrx_word' id='word_1_723' title='bbox 3333 4713 3346 4750; x_wconf 86' lang='lat'><strong>:</strong></span> <span class='ocrx_word' id='word_1_724' title='bbox 3378 4705 3432 4749; x_wconf 89' lang='lat' dir='ltr'><strong>et</strong></span> <span class='ocrx_word' id='word_1_725' title='bbox 3459 4696 3562 4748; x_wconf 93' lang='lat' dir='ltr'><strong>hoc</strong></span> <span class='ocrx_word' id='word_1_726' title='bbox 3595 4708 3705 4748; x_wconf 89' lang='lat' dir='ltr'><strong>non</strong></span> 
     </span>
    </p>
   </div>
   <div class='ocr_carea' id='block_1_103' title="bbox 2124 4784 3712 4866">
    <p class='ocr_par' dir='ltr' id='par_1_103' title="bbox 2124 4784 3712 4866">
     <span class='ocr_line' id='line_1_103' title="bbox 2124 4784 3712 4866; baseline -0.013 -10"><span class='ocrx_word' id='word_1_727' title='bbox 2124 4818 2191 4856; x_wconf 79' lang='lat' dir='ltr'><strong>ex</strong></span> <span class='ocrx_word' id='word_1_728' title='bbox 2222 4799 2380 4856; x_wconf 89' lang='lat' dir='ltr'><strong>vobis</strong></span> <span class='ocrx_word' id='word_1_729' title='bbox 2412 4815 2428 4855; x_wconf 86' lang='lat'><strong>;</strong></span> <span class='ocrx_word' id='word_1_730' title='bbox 2464 4797 2555 4851; x_wconf 91' lang='lat' dir='ltr'><strong>Dei</strong></span> <span class='ocrx_word' id='word_1_731' title='bbox 2585 4793 2804 4866; x_wconf 44' lang='lat'><strong>1325,</strong></span> <span class='ocrx_word' id='word_1_732' title='bbox 2829 4801 2914 4847; x_wconf 87' lang='lat' dir='ltr'><strong>est</strong></span> <span class='ocrx_word' id='word_1_733' title='bbox 2949 4793 3177 4855; x_wconf 91' lang='lat' dir='ltr'><strong>donum,</strong></span> <span class='ocrx_word' id='word_1_734' title='bbox 3215 4799 3275 4842; x_wconf 93' lang='lat' dir='ltr'><strong>ut</strong></span> <span class='ocrx_word' id='word_1_735' title='bbox 3320 4801 3482 4842; x_wconf 86' lang='lat' dir='ltr'><strong>nemo</strong></span> <span class='ocrx_word' id='word_1_736' title='bbox 3514 4784 3712 4856; x_wconf 76' lang='lat' dir='ltr'><strong>glorie~</strong></span> 
     </span>
    </p>
   </div>
   <div class='ocr_carea' id='block_1_104' title="bbox 2125 4883 3715 4948">
    <p class='ocr_par' dir='ltr' id='par_1_104' title="bbox 2125 4883 3715 4948">
     <span class='ocr_line' id='line_1_104' title="bbox 2125 4883 3715 4948; baseline -0.011 -1"><span class='ocrx_word' id='word_1_737' title='bbox 2125 4904 2235 4948; x_wconf 90' lang='lat' dir='ltr'><strong>tur.</strong></span> <span class='ocrx_word' id='word_1_738' title='bbox 2276 4911 2295 4945; x_wconf 73' lang='grc' dir='ltr'><strong>ι</strong></span> <span class='ocrx_word' id='word_1_739' title='bbox 2332 4891 2399 4946; x_wconf 83' lang='grc' dir='ltr'>Ει</span> <span class='ocrx_word' id='word_1_740' title='bbox 2426 4905 2622 4945; x_wconf 90' lang='lat' dir='ltr'><strong>rursus</strong></span> <span class='ocrx_word' id='word_1_741' title='bbox 2655 4906 2669 4943; x_wconf 90' lang='lat'><strong>:</strong></span> <span class='ocrx_word' id='word_1_742' title='bbox 2708 4907 2727 4940; x_wconf 78' lang='grc' dir='ltr'><strong>ι</strong></span> <span class='ocrx_word' id='word_1_743' title='bbox 2764 4886 2928 4942; x_wconf 81' lang='lat' dir='ltr'><strong>Jesus</strong></span> <span class='ocrx_word' id='word_1_744' title='bbox 2969 4884 3226 4940; x_wconf 87' lang='lat' dir='ltr'><strong>Christus</strong></span> <span class='ocrx_word' id='word_1_745' title='bbox 3260 4884 3417 4937; x_wconf 88' lang='lat' dir='ltr'><strong>venit</strong></span> <span class='ocrx_word' id='word_1_746' title='bbox 3459 4883 3515 4938; x_wconf 91' lang='lat' dir='ltr'><strong>in</strong></span> <span class='ocrx_word' id='word_1_747' title='bbox 3550 4894 3715 4933; x_wconf 82' lang='lat' dir='ltr'><strong>mun-</strong></span> 
     </span>
    </p>
   </div>
   <div class='ocr_carea' id='block_1_105' title="bbox 2131 4971 3718 5048">
    <p class='ocr_par' dir='ltr' id='par_1_105' title="bbox 2131 4971 3718 5048">
     <span class='ocr_line' id='line_1_105' title="bbox 2131 4971 3718 5048; baseline -0.011 -10"><span class='ocrx_word' id='word_1_748' title='bbox 2131 4983 2286 5044; x_wconf 87' lang='lat' dir='ltr'><strong>dum,</strong></span> <span class='ocrx_word' id='word_1_749' title='bbox 2328 4990 2387 5034; x_wconf 93' lang='lat' dir='ltr'><strong>ut</strong></span> <span class='ocrx_word' id='word_1_750' title='bbox 2417 4985 2730 5048; x_wconf 88' lang='lat' dir='ltr'><strong>peccatores</strong></span> <span class='ocrx_word' id='word_1_751' title='bbox 2760 4975 2942 5031; x_wconf 88' lang='lat' dir='ltr'><strong>salvos</strong></span> <span class='ocrx_word' id='word_1_752' title='bbox 2967 4974 3192 5040; x_wconf 81' lang='lat' dir='ltr'><strong>faceret,</strong></span> <span class='ocrx_word' id='word_1_753' title='bbox 3226 4988 3464 5043; x_wconf 87' lang='lat' dir='ltr'><strong>quorum</strong></span> <span class='ocrx_word' id='word_1_754' title='bbox 3508 4971 3718 5039; x_wconf 89' lang='lat' dir='ltr'><strong>primus</strong></span> 
     </span>
    </p>
   </div>
   <div class='ocr_carea' id='block_1_106' title="bbox 2134 5067 3715 5142">
    <p class='ocr_par' dir='ltr' id='par_1_106' title="bbox 2134 5067 3715 5142">
     <span class='ocr_line' id='line_1_106' title="bbox 2134 5067 3715 5142; baseline -0.011 -15"><span class='ocrx_word' id='word_1_755' title='bbox 2134 5089 2236 5142; x_wconf 81' lang='lat' dir='ltr'><strong>ego</strong></span> <span class='ocrx_word' id='word_1_756' title='bbox 2265 5087 2409 5126; x_wconf 92' lang='lat' dir='ltr'><strong>sum.</strong></span> <span class='ocrx_word' id='word_1_757' title='bbox 2442 5069 2547 5125; x_wconf 77' lang='lat' dir='ltr'><strong>Sed</strong></span> <span class='ocrx_word' id='word_1_758' title='bbox 2590 5069 2710 5125; x_wconf 89' lang='lat' dir='ltr'><strong>ideo</strong></span> <span class='ocrx_word' id='word_1_759' title='bbox 2733 5067 3173 5125; x_wconf 86' lang='lat' dir='ltr'><strong>misericordiam</strong></span> <span class='ocrx_word' id='word_1_760' title='bbox 3219 5073 3547 5120; x_wconf 77' lang='lat' dir='ltr'><strong>consecutus</strong></span> <span class='ocrx_word' id='word_1_761' title='bbox 3571 5075 3715 5123; x_wconf 92' lang='lat' dir='ltr'><strong>sum,</strong></span> 
     </span>
    </p>
   </div>
   <div class='ocr_carea' id='block_1_107' title="bbox 2138 5155 3718 5232">
    <p class='ocr_par' dir='ltr' id='par_1_107' title="bbox 2138 5155 3718 5232">
     <span class='ocr_line' id='line_1_107' title="bbox 2138 5155 3718 5232; baseline -0.012 -12"><span class='ocrx_word' id='word_1_762' title='bbox 2138 5174 2198 5220; x_wconf 91' lang='lat' dir='ltr'><strong>ut</strong></span> <span class='ocrx_word' id='word_1_763' title='bbox 2238 5165 2293 5218; x_wconf 92' lang='lat' dir='ltr'><strong>in</strong></span> <span class='ocrx_word' id='word_1_764' title='bbox 2322 5179 2409 5218; x_wconf 93' lang='lat' dir='ltr'><strong>mc</strong></span> <span class='ocrx_word' id='word_1_765' title='bbox 2444 5162 2622 5232; x_wconf 88' lang='lat' dir='ltr'><strong>primo</strong></span> <span class='ocrx_word' id='word_1_766' title='bbox 2653 5161 2973 5216; x_wconf 88' lang='lat' dir='ltr'><strong>ostenderet</strong></span> <span class='ocrx_word' id='word_1_767' title='bbox 3007 5158 3262 5213; x_wconf 86' lang='lat' dir='ltr'><strong>Christus</strong></span> <span class='ocrx_word' id='word_1_768' title='bbox 3305 5155 3465 5209; x_wconf 81' lang='lat' dir='ltr'><strong>Jesus</strong></span> <span class='ocrx_word' id='word_1_769' title='bbox 3499 5165 3718 5206; x_wconf 81' lang='lat' dir='ltr'><strong>omnem</strong></span> 
     </span>
    </p>
   </div>
   <div class='ocr_carea' id='block_1_108' title="bbox 2139 5241 3717 5326">
    <p class='ocr_par' dir='ltr' id='par_1_108' title="bbox 2139 5241 3717 5326">
     <span class='ocr_line' id='line_1_108' title="bbox 2139 5241 3717 5326; baseline -0.011 -17"><span class='ocrx_word' id='word_1_770' title='bbox 2139 5253 2459 5326; x_wconf 87' lang='lat' dir='ltr'><strong>patientiam</strong></span> <span class='ocrx_word' id='word_1_771' title='bbox 2519 5267 2703 5318; x_wconf 88' lang='lat' dir='ltr'><strong>suam,</strong></span> <span class='ocrx_word' id='word_1_772' title='bbox 2746 5251 2813 5306; x_wconf 91' lang='lat' dir='ltr'><strong>ad</strong></span> <span class='ocrx_word' id='word_1_773' title='bbox 2852 5247 3299 5304; x_wconf 78' lang='lat' dir='ltr'><strong>informationem</strong></span> <span class='ocrx_word' id='word_1_774' title='bbox 3353 5257 3564 5300; x_wconf 84' lang='lat' dir='ltr'><strong>eorum,</strong></span> <span class='ocrx_word' id='word_1_775' title='bbox 3625 5241 3717 5308; x_wconf 85' lang='lat' dir='ltr'><strong>qui</strong></span> 
     </span>
    </p>
   </div>
   <div class='ocr_carea' id='block_1_109' title="bbox 518 5399 2009 5480">
    <p class='ocr_par' dir='ltr' id='par_1_109' title="bbox 518 5408 2009 5480">
     <span class='ocr_line' id='line_1_109' title="bbox 518 5408 2009 5480; baseline -0.001 -13"><span class='ocrx_word' id='word_1_776' title='bbox 518 5413 548 5452; x_wconf 72' lang='grc' dir='ltr'>ι</span> <span class='ocrx_word' id='word_1_777' title='bbox 585 5412 781 5469; x_wconf 82' lang='lat' dir='ltr'><strong>Matth.</strong></span> <span class='ocrx_word' id='word_1_778' title='bbox 819 5415 980 5480; x_wconf 75' lang='lat' dir='ltr'><strong>tx,2.</strong></span> <span class='ocrx_word' id='word_1_779' title='bbox 1031 5413 1058 5452; x_wconf 66' lang='grc' dir='ltr'><strong>ι</strong></span> <span class='ocrx_word' id='word_1_780' title='bbox 1089 5411 1112 5435; x_wconf 80' lang='grc'>⁶</span> <span class='ocrx_word' id='word_1_781' title='bbox 1162 5410 1332 5468; x_wconf 79' lang='lat' dir='ltr'><strong>Marc.</strong></span> <span class='ocrx_word' id='word_1_782' title='bbox 1387 5427 1448 5479; x_wconf 88' lang='grc' dir='ltr'><strong>ιι,</strong></span> <span class='ocrx_word' id='word_1_783' title='bbox 1491 5411 1546 5466; x_wconf 74' lang='lat'><strong>2.</strong></span> <span class='ocrx_word' id='word_1_784' title='bbox 1631 5410 1649 5449; x_wconf 80' lang='grc' dir='ltr'>ι</span> <span class='ocrx_word' id='word_1_785' title='bbox 1697 5408 1826 5465; x_wconf 88' lang='lat' dir='ltr'><strong>Luc.</strong></span> <span class='ocrx_word' id='word_1_786' title='bbox 1857 5409 2009 5475; x_wconf 76' lang='lat' dir='ltr'><strong>vn,4</strong></span> 
     </span>
    </p>
   </div>
   <div class='ocr_carea' id='block_1_110' title="bbox 2115 5399 3468 5480">
    <p class='ocr_par' dir='ltr' id='par_1_110' title="bbox 2125 5399 3468 5472">
     <span class='ocr_line' id='line_1_110' title="bbox 2125 5399 3468 5472; baseline -0.01 -9"><span class='ocrx_word' id='word_1_787' title='bbox 2125 5408 2215 5465; x_wconf 73' lang='grc'><strong>48.</strong></span> <span class='ocrx_word' id='word_1_788' title='bbox 2290 5416 2331 5444; x_wconf 76' lang='grc' dir='ltr'><strong>ιιι</strong></span> <span class='ocrx_word' id='word_1_789' title='bbox 2371 5405 2504 5461; x_wconf 85' lang='lat' dir='ltr'><strong>Luc.</strong></span> <span class='ocrx_word' id='word_1_790' title='bbox 2547 5421 2707 5468; x_wconf 68' lang='grc' dir='ltr'>χχιιι,</span> <span class='ocrx_word' id='word_1_791' title='bbox 2747 5403 2838 5459; x_wconf 71' lang='grc' dir='ltr'>ιδ.</span> <span class='ocrx_word' id='word_1_792' title='bbox 2919 5414 2947 5441; x_wconf 83' lang='grc' dir='ltr'><strong>ιι</strong></span> <span class='ocrx_word' id='word_1_793' title='bbox 2979 5403 3178 5472; x_wconf 81' lang='lat' dir='ltr'><strong>Ephes.</strong></span> <span class='ocrx_word' id='word_1_794' title='bbox 3238 5416 3298 5461; x_wconf 86' lang='grc' dir='ltr'><strong>ιι,</strong></span> <span class='ocrx_word' id='word_1_795' title='bbox 3325 5399 3380 5457; x_wconf 86' lang='grc'>8,</span> <span class='ocrx_word' id='word_1_796' title='bbox 3414 5399 3468 5451; x_wconf 81' lang='lat'><strong>9.</strong></span> 
     </span>
    </p>
   </div>
   <div class='ocr_carea' id='block_1_111' title="bbox 1654 5541 2688 5603">
    <p class='ocr_par' dir='ltr' id='par_1_111' title="bbox 1654 5541 2688 5603">
     <span class='ocr_line' id='line_1_111' title="bbox 1654 5541 2688 5603; baseline -0.005 -2"><span class='ocrx_word' id='word_1_797' title='bbox 1654 5548 1890 5603; x_wconf 67' lang='lat' dir='ltr'><strong>VARIIE</strong></span> <span class='ocrx_word' id='word_1_798' title='bbox 1920 5545 2303 5602; x_wconf 75' lang='lat' dir='ltr'><strong>LECTIONES</strong></span> <span class='ocrx_word' id='word_1_799' title='bbox 2335 5545 2420 5598; x_wconf 85' lang='grc' dir='ltr'>ΕΤ</span> <span class='ocrx_word' id='word_1_800' title='bbox 2452 5541 2688 5598; x_wconf 63' lang='lat' dir='ltr'><strong>NOTAE.</strong></span> 
     </span>
    </p>
   </div>
   <div class='ocr_carea' id='block_1_112' title="bbox 523 5644 1670 5718">
    <p class='ocr_par' dir='ltr' id='par_1_112' title="bbox 523 5644 1670 5718">
     <span class='ocr_line' id='line_1_112' title="bbox 523 5644 1670 5718; baseline -0.005 -14"><span class='ocrx_word' id='word_1_801' title='bbox 523 5651 568 5682; x_wconf 83' lang='grc'><strong>⁸⁰</strong></span> <span class='ocrx_word' id='word_1_802' title='bbox 606 5651 801 5718; x_wconf 75' lang='grc' dir='ltr'>Ψαλμ.</span> <span class='ocrx_word' id='word_1_803' title='bbox 839 5645 918 5713; x_wconf 79' lang='grc' dir='ltr'>τῷ</span> <span class='ocrx_word' id='word_1_804' title='bbox 944 5649 1080 5702; x_wconf 81' lang='grc' dir='ltr'>Δαϐ.</span> <span class='ocrx_word' id='word_1_805' title='bbox 1112 5647 1232 5718; x_wconf 68' lang='lat' dir='ltr'><strong>cod.</strong></span> <span class='ocrx_word' id='word_1_806' title='bbox 1270 5647 1289 5699; x_wconf 88' lang='grc' dir='ltr'><strong>ι</strong></span> <span class='ocrx_word' id='word_1_807' title='bbox 1330 5644 1670 5718; x_wconf 69' lang='grc' dir='ltr'>Ἄλληλούἵα.</span> 
     </span>
    </p>
   </div>
   <div class='ocr_carea' id='block_1_113' title="bbox 449 5715 1570 5786">
    <p class='ocr_par' dir='ltr' id='par_1_113' title="bbox 449 5715 1570 5786">
     <span class='ocr_line' id='line_1_113' title="bbox 449 5715 1570 5786; baseline -0.007 -12"><span class='ocrx_word' id='word_1_808' title='bbox 449 5739 573 5786; x_wconf 74' lang='grc' dir='ltr'>την.</span> <span class='ocrx_word' id='word_1_809' title='bbox 648 5719 692 5750; x_wconf 81' lang='grc'><strong>³³</strong></span> <span class='ocrx_word' id='word_1_810' title='bbox 724 5715 969 5774; x_wconf 68' lang='grc' dir='ltr'>Ἆγι-απ.</span> <span class='ocrx_word' id='word_1_811' title='bbox 1002 5718 1124 5773; x_wconf 88' lang='lat' dir='ltr'><strong>cod.</strong></span> <span class='ocrx_word' id='word_1_812' title='bbox 1162 5715 1284 5770; x_wconf 79' lang='lat' dir='ltr'><strong>Vat.</strong></span> <span class='ocrx_word' id='word_1_813' title='bbox 1317 5717 1570 5777; x_wconf 81' lang='grc' dir='ltr'>αἱνὲσεις.</span> 
     </span>
    </p>
   </div>
   <div class='ocr_carea' id='block_1_114' title="bbox 455 5787 1321 5862">
    <p class='ocr_par' dir='ltr' id='par_1_114' title="bbox 455 5787 1321 5862">
     <span class='ocr_line' id='line_1_114' title="bbox 455 5787 1321 5862; baseline -0.001 -19"><span class='ocrx_word' id='word_1_814' title='bbox 455 5789 712 5846; x_wconf 78' lang='grc' dir='ltr'>³⁸Ἐστέ.</span> <span class='ocrx_word' id='word_1_815' title='bbox 751 5789 872 5847; x_wconf 90' lang='lat' dir='ltr'><strong>cod.</strong></span> <span class='ocrx_word' id='word_1_816' title='bbox 906 5788 928 5842; x_wconf 84' lang='lat' dir='ltr'><strong>l</strong></span> <span class='ocrx_word' id='word_1_817' title='bbox 969 5804 1156 5862; x_wconf 72' lang='lat' dir='ltr'><strong>prmm.</strong></span> <span class='ocrx_word' id='word_1_818' title='bbox 1195 5787 1321 5858; x_wconf 83' lang='grc' dir='ltr'>γάρ.</span> 
     </span>
    </p>
   </div>
   <div class='ocr_carea' id='block_1_115' title="bbox 1771 5628 2009 5698">
    <p class='ocr_par' dir='ltr' id='par_1_115' title="bbox 1771 5643 2009 5697">
     <span class='ocr_line' id='line_1_115' title="bbox 1771 5643 2009 5697; baseline -0.008 0"><span class='ocrx_word' id='word_1_819' title='bbox 1771 5644 1812 5675; x_wconf 74' lang='grc'><strong>³⁸</strong></span> <span class='ocrx_word' id='word_1_820' title='bbox 1839 5643 2009 5697; x_wconf 77' lang='grc' dir='ltr'>Ἀκό.ί</span> 
     </span>
    </p>
   </div>
   <div class='ocr_carea' id='block_1_116' title="bbox 2115 5628 3722 5698">
    <p class='ocr_par' dir='ltr' id='par_1_116' title="bbox 2115 5628 3722 5698">
     <span class='ocr_line' id='line_1_116' title="bbox 2115 5628 3722 5698; baseline -0.008 -5"><span class='ocrx_word' id='word_1_821' title='bbox 2115 5659 2219 5696; x_wconf 61' lang='lat' dir='ltr'><strong>rat.</strong></span> <span class='ocrx_word' id='word_1_822' title='bbox 2268 5639 2436 5696; x_wconf 82' lang='lat' dir='ltr'><strong>cod.l</strong></span> <span class='ocrx_word' id='word_1_823' title='bbox 2471 5637 2808 5692; x_wconf 83' lang='grc' dir='ltr'>ἀκολουθεῖν.</span> <span class='ocrx_word' id='word_1_824' title='bbox 2886 5636 2933 5667; x_wconf 81' lang='lat'><strong>&quot;</strong></span> <span class='ocrx_word' id='word_1_825' title='bbox 2974 5632 3108 5698; x_wconf 81' lang='grc' dir='ltr'>Τήν.</span> <span class='ocrx_word' id='word_1_826' title='bbox 3145 5630 3264 5685; x_wconf 77' lang='lat' dir='ltr'><strong>cod.</strong></span> <span class='ocrx_word' id='word_1_827' title='bbox 3309 5630 3331 5682; x_wconf 83' lang='lat' dir='ltr'><strong>-l</strong></span> <span class='ocrx_word' id='word_1_828' title='bbox 3370 5645 3556 5698; x_wconf 73' lang='lat' dir='ltr'><strong>prunu.</strong></span> <span class='ocrx_word' id='word_1_829' title='bbox 3587 5628 3722 5680; x_wconf 63' lang='lat' dir='ltr'><strong>tati-</strong></span> 
     </span>
    </p>
   </div>
   <div class='ocr_carea' id='block_1_117' title="bbox 1676 5701 2009 5770">
    <p class='ocr_par' dir='ltr' id='par_1_117' title="bbox 1676 5713 2000 5769">
     <span class='ocr_line' id='line_1_117' title="bbox 1676 5713 2000 5769; baseline -0.009 -1"><span class='ocrx_word' id='word_1_830' title='bbox 1676 5715 1714 5744; x_wconf 62' lang='lat'><strong>3&quot;</strong></span> <span class='ocrx_word' id='word_1_831' title='bbox 1749 5714 1871 5769; x_wconf 86' lang='lat' dir='ltr'><strong>cod.</strong></span> <span class='ocrx_word' id='word_1_832' title='bbox 1907 5713 1929 5766; x_wconf 77' lang='grc' dir='ltr'><strong>ί</strong></span> <span class='ocrx_word' id='word_1_833' title='bbox 1973 5714 2000 5765; x_wconf 88' lang='grc' dir='ltr'>ὃ</span> 
     </span>
    </p>
   </div>
   <div class='ocr_carea' id='block_1_118' title="bbox 2115 5701 3717 5770">
    <p class='ocr_par' dir='ltr' id='par_1_118' title="bbox 2115 5701 3717 5770">
     <span class='ocr_line' id='line_1_118' title="bbox 2115 5701 3717 5770; baseline -0.006 -9"><span class='ocrx_word' id='word_1_834' title='bbox 2115 5729 2236 5765; x_wconf 71' lang='lat' dir='ltr'><strong>met.</strong></span> <span class='ocrx_word' id='word_1_835' title='bbox 2315 5711 2361 5742; x_wconf 81' lang='grc'>³³</span> <span class='ocrx_word' id='word_1_836' title='bbox 2399 5709 2528 5766; x_wconf 74' lang='grc' dir='ltr'><strong>Ιὶρο.</strong></span> <span class='ocrx_word' id='word_1_837' title='bbox 2559 5709 2720 5763; x_wconf 76' lang='lat' dir='ltr'><strong>lectio</strong></span> <span class='ocrx_word' id='word_1_838' title='bbox 2755 5709 2808 5763; x_wconf 89' lang='lat' dir='ltr'><strong>lt.</strong></span> <span class='ocrx_word' id='word_1_839' title='bbox 2846 5705 2880 5758; x_wconf 91' lang='grc' dir='ltr'>Ι.</span> <span class='ocrx_word' id='word_1_840' title='bbox 2931 5713 3016 5758; x_wconf 88' lang='lat' dir='ltr'><strong>est</strong></span> <span class='ocrx_word' id='word_1_841' title='bbox 3049 5701 3252 5764; x_wconf 67' lang='grc' dir='ltr'>πάσαις</span> <span class='ocrx_word' id='word_1_842' title='bbox 3294 5704 3410 5765; x_wconf 76' lang='grc' dir='ltr'>ταῖς</span> <span class='ocrx_word' id='word_1_843' title='bbox 3450 5701 3717 5770; x_wconf 74' lang='grc' dir='ltr'>ἀνομιαις.</span> 
     </span>
    </p>
   </div>
   <div class='ocr_carea' id='block_1_119' title="bbox 1401 5782 2283 5840">
    <p class='ocr_par' dir='ltr' id='par_1_119' title="bbox 1401 5782 2283 5840">
     <span class='ocr_line' id='line_1_119' title="bbox 1401 5782 2283 5840; baseline -0.005 0"><span class='ocrx_word' id='word_1_844' title='bbox 1401 5785 1442 5816; x_wconf 83' lang='grc'><em>³⁷</em></span> <span class='ocrx_word' id='word_1_845' title='bbox 1479 5787 1581 5840; x_wconf 59' lang='lat' dir='ltr'><strong>Atii</strong></span> <span class='ocrx_word' id='word_1_846' title='bbox 1616 5784 1810 5838; x_wconf 70' lang='grc' dir='ltr'>τοῦτο.</span> <span class='ocrx_word' id='word_1_847' title='bbox 1846 5783 1965 5839; x_wconf 81' lang='lat' dir='ltr'><strong>Des.</strong></span> <span class='ocrx_word' id='word_1_848' title='bbox 2004 5784 2054 5839; x_wconf 91' lang='lat' dir='ltr'><strong>in</strong></span> <span class='ocrx_word' id='word_1_849' title='bbox 2079 5783 2198 5838; x_wconf 78' lang='lat' dir='ltr'><strong>cod.</strong></span> <span class='ocrx_word' id='word_1_850' title='bbox 2234 5782 2283 5837; x_wconf 79' lang='grc'>1.</span> 
     </span>
    </p>
   </div>
  </div>
