4114 6410
428 352 559 422 ιιιςι

1427 349 1918 412 ΤΙΙΕΟΟΟΒΕΤΙ
1957 347 2295 410 EPISCOPI
2341 353 2718 415 CYRENSIS

3581 359 3716 424 1692

498 467 668 521 Vsus.
700 466 787 532 17,
831 466 915 520 l8.
963 486 980 518 ι
1021 463 1399 520 Misericordia
1441 473 1623 515 autem
1676 459 1891 514 Domini
1946 457 2015 511 ab

2192 459 2280 521 ιζ’,
2305 461 2394 530 ιη’.
2430 480 2449 513 ι
2489 463 2562 516 Τὸ
2593 465 2650 516 δέ
2682 465 2832 529 ἕλεος
2868 467 2961 520 τοῦ
2996 469 3206 542 Κυρίου
3233 469 3344 524 ἀπὸ
3376 470 3473 523 τοῦ
3493 471 3715 534 αἰῶνος,

428 572 636 615 aeterno
698 574 872 629 usque
923 561 976 613 in
1017 570 1307 619 mternnm,
1345 570 1509 624 super
1539 554 1793 607 timentes
1839 565 1964 605 eum
2003 567 2017 604 :

430 663 484 705 et
511 651 730 716 justitia
761 651 908 704 illius
937 653 991 704 in
1027 651 1169 712 filios
1212 649 1470 702 filiorum.
1529 630 1623 698 llis
1656 643 1751 714 qui
1799 651 2024 697 servant

432 741 616 794 l'tndus
655 739 796 808 ejus,
841 750 893 794 et
935 754 1205 793 memores
1230 747 1358 793 sunt
1409 737 1798 790 mandatorum
1851 733 2024 802 ipsius

433 841 493 884 ut
525 832 728 886 faciant
751 847 835 886 ea.
885 849 902 882 ι
952 829 1152 884 Natura
1205 831 1372 900 igitur
1414 829 1495 882 sic
1530 826 1738 896 fragilis
1774 833 1859 880 est
1890 841 1903 877 :
1929 822 2023 878 sed

433 925 616 980 divina
668 924 1054 979 misericordia
1102 923 1425 978 diuturnam
1473 920 1638 973 vitam
1672 917 1921 986 largitur,
1973 922 2030 969 et

429 1015 657 1086 justitize
725 1017 1233 1070 remunerationem
1294 1012 1603 1083 majoribus
1669 1009 1906 1063 debitam
1957 1005 2027 1061 ad

434 1118 685 1176 posteros
714 1123 888 1178 usque
923 1118 1235 1162 conservat.
1273 1107 1364 1162 Sic
1395 1119 1624 1174 regnum
1675 1103 1744 1156 ad
1776 1111 2028 1170 quartam

440 1215 618 1268 usque
649 1200 966 1270 progeniem
992 1198 1129 1254 Jehn
1159 1199 1420 1261 servavit,
1446 1197 1571 1250 licet
1598 1192 1891 1264 perfectam
1919 1191 2032 1261 pie-

437 1275 604 1346 talem
641 1293 872 1347 minime
905 1291 1180 1354 habuerit,
1215 1291 1310 1346 sed
1345 1293 1396 1344 in
1442 1289 1714 1359 principio
1754 1287 1904 1358 regni
1938 1301 2031 1341 ze-

437 1382 550 1437 lum
585 1384 916 1439 ostenderit.
951 1381 1043 1437 Sic
1073 1382 1261 1437 divino
1291 1381 1484 1436 Davidi
1517 1382 1901 1437 inexstinctam
1932 1394 2030 1449 ge.-

437 1475 585 1529 neris
612 1475 910 1530 scintillam
958 1475 1276 1540 custodivit,
1328 1475 1546 1530 tametsi
1593 1473 1748 1528 multi
1786 1472 1937 1540 impii
1978 1470 2032 1524 in

439 1567 620 1620 medio
651 1566 985 1621 exstiterint.
1029 1568 1182 1622 Hanc
1212 1577 1418 1623 autent.
1456 1567 1657 1636 inquit,
1703 1564 2029 1620 misericor-

439 1659 586 1713 diam
619 1673 677 1712 se
708 1660 1154 1714 eustodientibns
1186 1661 1361 1714 foedus
1391 1660 1511 1727 ejus
1554 1658 1929 1729 prmbitnrum.
1967 1655 2036 1708 Et

447 1762 560 1802 non
598 1748 921 1818 simpliciter
951 1749 1038 1814 iis,
1069 1750 1160 1818 qui
1187 1748 1568 1802 mandatorum
1609 1749 1728 1817 ejus
1759 1759 2036 1801 memores

441 1835 656 1892 fuerint
687 1856 700 1891 :
735 1840 828 1894 sed
873 1839 962 1905 iis,
998 1839 1090 1908 qui
1127 1853 1291 1907 opera
1327 1838 1541 1908 1329
1577 1836 1756 1892 verbis
1804 1836 2032 1900 addunt,

440 1937 498 1985 et
521 1929 824 1985 secundum
857 1946 921 1985 ea
950 1945 1104 1986 suam
1140 1930 1384 1999 dirigunt
1418 1929 1607 1982 vitam.

525 2193 688 2250 Vrsas.
758 2196 841 2251 19.
902 2213 921 2246 ι
960 2195 1224 2249 Dominus
1279 2195 1332 2248 in
1391 2195 1532 2250 ccelo
1587 2193 1801 2265 paravit
1849 2194 2033 2248 sedem

444 2304 622 2353 suam,
655 2296 708 2342 et
735 2305 964 2356 regnum
1005 2288 1176 2356 ipsius
1206 2287 1465 2342 omnibus
1496 2287 1837 2341 dominatur.
1865 2305 1882 2338 ι
1921 2285 2038 2341 Hoc

443 2380 626 2438 simile
649 2391 733 2434 est
768 2381 836 2435 iis
871 2395 993 2450 qua:
1020 2379 1072 2432 in
1111 2379 1218 2434 alio
1247 2379 1458 2448 psalmo
1493 2379 1636 2432 dicta
1669 2388 1796 2432 sunt
1825 2396 1837 2431 :
1876 2396 1894 2428 ι
1929 2377 2036 2445 Qui

444 2473 501 2528 in
532 2473 767 2528 excelsis
799 2473 1041 2535 habitat,
1071 2483 1126 2527 et
1159 2471 1390 2526 humilia
1423 2471 1651 2540 respicit
1674 2480 1722 2526 ν.
1763 2489 1781 2521 ι
1823 2469 2036 2525 Etenim

445 2561 552 2616 hoc
577 2563 630 2615 in
665 2563 784 2616 loco
813 2577 996 2616 sermo
1022 2563 1377 2632 prepheticus
1403 2575 1505 2616 nos
1529 2561 1714 2622 docet,
1745 2561 2038 2617 universo-

445 2665 567 2704 rum
602 2650 894 2705 Dominum
927 2653 983 2706 in
1011 2651 1152 2707 ccelo
1179 2652 1399 2722 quidem
1427 2651 1630 2706 habere
1658 2652 1880 2718 solium,
1918 2651 2041 2706 uni-

443 2744 589 2797 versi
642 2755 824 2798 autem
856 2745 1048 2799 mundi
1096 2746 1406 2800 machinam
1440 2745 1716 2814 inspicere
1755 2755 1812 2800 et
1847 2746 2040 2802 mode-

448 2836 585 2900 rari,
624 2838 824 2906 quippe
857 2837 950 2906 qui
1003 2838 1248 2890 omnium
1301 2835 1486 2906 opifex
1527 2845 1654 2899 est,
1698 2846 1753 2892 et
1801 2853 1896 2891 rex
1927 2877 1942 2903 ,
1988 2847 2043 2892 et

447 2927 733 2981 dominus.

520 3013 688 3070 Vens.
709 3015 802 3070 20.
817 3033 835 3066 ‹
864 3013 1176 3072 Benedicite
1199 3015 1456 3082 Domino,
1481 3031 1675 3073 omnes
1696 3018 1874 3089 angeli
1897 3018 2038 3089 ejus,

2126 551 2220 602 καὶ
2276 551 2379 615 ἕως
2446 555 2542 608 τοῦ
2599 557 2799 622 αἰῶνος
2847 560 2944 612 ἐπὶ
2971 563 3102 627 τοὺς
3125 564 3500 634 φοϐουμένους
3529 565 3716 626 αὐτὸν.

2127 644 2222 694 καὶ
2252 644 2283 712 ἡ
2315 644 2637 717 δικαιοσύνη
2677 650 2845 703 αὐτοῦ
2887 653 2982 705 ἐπὶ
3017 653 3156 718 υἱοῖς
3182 655 3228 687 ⁸⁸
3257 655 3412 708 υίῶν.
3454 653 3581 717 Τοῖς
3614 671 3722 722 φυ-

2127 733 2391 790 λάσσουσι
2415 739 2512 809 τὴν
2544 741 2813 812 διαθήκην
2838 745 3029 809 αὑτοῦ,
3064 747 3159 800 καὶ
3207 747 3582 818 μεμνημένοις
3609 747 3721 798 τῶν

2129 826 2360 880 ἐντολῶν
2404 829 2568 883 αὑτοῦ
2600 871 2614 894 ,
2648 832 2745 885 τοῦ
2794 836 3022 904 ποιῆσαι
3073 839 3266 900 αὐτάς.
3306 857 3325 888 ι
3372 838 3434 890 Ἥ
3473 838 3572 906 μὲν
3626 837 3722 890 οὖν

2131 915 2294 985 φύσις
2325 917 2498 982 οὕτως
2529 922 2798 994 ἐπίκηρος
2828 942 2841 954 ·
2869 927 2901 994 ὴ
2935 927 2993 978 δὲ
3036 926 3160 979 θεία
3192 927 3579 997 φιλανθρωπία
3625 927 3723 979 τὸν

2134 1010 2348 1078 μακρὸν
2376 1011 2553 1065 αἰῶνα
2580 1015 2868 1084 χαρίζεται
2907 1017 3080 1086 βιοῦν,
3114 1020 3212 1072 καὶ
3243 1019 3438 1090 μέχρις
3477 1019 3724 1086 ἐγγόνων

2130 1100 2381 1172 διατηρεῖ
2408 1102 2504 1174 τὴν
2532 1109 2645 1168 τοῖς
2679 1108 2970 1175 προγόνοις
3002 1110 3368 1180 ὀφειλομένην
3389 1111 3489 1180 τῆς
3509 1111 3725 1164 δικαιο-

2133 1189 2302 1260 σύνης
2323 1192 2619 1248 ἀντίδοσιν.
2653 1194 2810 1249 Οὕτω
2848 1197 2928 1268 τῷ
2962 1197 3104 1268 Ἰηοῦ
3137 1200 3183 1232 ⁵³
3241 1200 3407 1269 μέχρι
3449 1201 3724 1268 τετάρτης

2131 1284 2325 1349 γενεᾶς
2381 1283 2479 1354 τὴν
2518 1285 2800 1354 βασιλείαν
2860 1289 3158 1360 τετήρηκε,
3203 1291 3299 1344 καί
3341 1308 3427 1343 τοι
3463 1291 3599 1360 μηδὲ
3631 1308 3725 1344 τε-

2132 1375 2285 1428 λείαν
2332 1378 2619 1433 εὐσέϐειαν
2658 1383 3027 1454 κτησαμένῳ,
3065 1384 3184 1437 ἀλλ’
3213 1385 3270 1436 ἐν
3318 1387 3386 1454 τῇ
3445 1384 3586 1455 ἀρχῇ
3617 1383 3723 1453 τῆς

2136 1466 2419 1536 βασιλείας
2447 1471 2848 1544 ἐπιδειξαμένῳ
2871 1476 2964 1527 τὸν
2991 1475 3180 1546 ζῆλον.
3215 1475 3378 1529 Οὕτω
3412 1477 3492 1546 τῷ
3517 1475 3724 1536 θεσπε-

2137 1558 2239 1627 σίῳ
2270 1559 2438 1612 Δαϐὶδ
2470 1560 2736 1615 ἄσϐεστον
2765 1564 3060 1636 διετήρησε
3089 1566 3183 1620 τὸν
3211 1568 3307 1620 τοῦ
3344 1568 3541 1634 γένους
3567 1585 3727 1622 amv-

2137 1647 2303 1720 θῆρα,
2339 1653 2436 1704 καὶ
2466 1651 2640 1706 ταῦτα
2670 1654 2885 1707 πολλῶν
2913 1656 3200 1711 δυσσεϐὦν
3242 1659 3303 1711 ὲν
3342 1659 3496 1729 μέσῳ
3527 1658 3726 1728 βεϐλα-

2139 1741 2442 1811 στηκότων.
2476 1743 2678 1799 Τοῦτον
2711 1746 2790 1811 δὲ,
2842 1747 3025 1817 φησὶν,
3057 1747 3238 1816 ὀρέξει
3265 1749 3358 1801 τὸν
3417 1749 3566 1803 ἔλεον
3611 1755 3727 1815 τοῖς

2140 1834 2475 1900 φυλάσσουσι
2505 1835 2602 1907 τὴν
2631 1836 2901 1908 διαθήκην
2935 1839 3126 1892 αὐτοῦ.
3156 1840 3268 1893 Καὶ
3295 1840 3393 1910 οὐχ
3418 1841 3610 1904 ἁπλῶς
3627 1859 3728 1911 με·

2139 1926 2439 1996 μνημένοις
2487 1927 2597 1981 τῶν
2655 1929 2888 1983 ἐντολῶν
2915 1930 3106 1996 αὐτοῦ,
3141 1930 3258 1984 ἀλλ’
3283 1933 3578 1986 ἐπιτιθεῖσι
3611 1936 3726 1996 τοῖς

2134 2015 2318 2083 λόγοις
2350 2017 2421 2070 τὰ
2448 2017 2606 2089 ἔργα,
2633 2021 2728 2072 καὶ
2751 2020 2893 2074 κατὰ
2919 2019 3126 2084 ταύτας
3153 2021 3248 2074 τὸν
3284 2025 3492 2076 οἰκεῖον
3523 2023 3724 2095 ῥυθμί-

2137 2105 2294 2170 ζουσι
2323 2108 2457 2178 βίον.

2211 2200 2300 2254 ιϐ’.
2341 2219 2360 2252 t
2403 2202 2608 2272 Κύριος
2634 2204 2691 2255 ἐν
2716 2203 2793 2274 τῷ
2825 2205 3045 2276 οὐρανῷ
3076 2205 3345 2274 ἡτοίμασε
3395 2206 3489 2258 τὸν
3534 2206 3727 2278 Θρόνον

2138 2293 2325 2368 αὐτού,
2376 2294 2473 2346 καὶ
2509 2297 2542 2365 ή
2594 2296 2845 2364 βασιλεία
2900 2295 3068 2349 αὐτοῦ
3118 2298 3338 2350 πάντων
3393 2299 3670 2362 δεσπόζει,
3703 2319 3721 2352 ο

2139 2384 2310 2438 Τοῦτο
2323 2385 2470 2438 ἔοικε
2496 2389 2613 2451 τοῖς
2633 2389 2692 2440 ὲν
2721 2389 2896 2459 ἑτέρῳ
2911 2390 3224 2458 εἰρημένοις
3248 2390 3449 2460 ψαλμῷ
3477 2407 3491 2420 ·
3527 2409 3544 2441 ι
3586 2393 3642 2444 '0
3668 2393 3726 2443 ἐν

2140 2477 2366 2548 ὑψηλοῖς
2422 2479 2711 2544 κατοικῶν,
2745 2481 2940 2533 καὶτὰ
2994 2481 3229 2532 ταπεινὰ
3276 2481 3514 2550 ἐφορῶν.
3562 2500 3580 2531 ›
3617 2481 3730 2534 Καὶ

2139 2570 2251 2641 γὰρ
2279 2569 2518 2623 ἐνταῦθα
2543 2571 2570 2623 ό
2601 2569 2942 2641 προφητικὸς
2975 2572 3124 2640 ἡμᾶς
3158 2571 3400 2623 διδάσκει
3437 2571 3617 2636 λόγος,
3651 2571 3730 2634 ὡς

2142 2662 2201 2715 ὲν
2230 2661 2449 2732 οὐρανῷ
2483 2663 2581 2733 μὲν
2627 2663 2741 2734 ἔχει
2773 2663 2866 2715 τὸν
2898 2662 3094 2732 θρόνον
3125 2663 3234 2716 τῶν
3273 2664 3412 2716 ὅλων
3443 2666 3472 2716 ὁ
3498 2663 3728 2732 Κύριος,

2143 2755 2320 2826 ἐφορᾷ
2365 2754 2425 2809 δὲ
2465 2756 2560 2808 καὶ
2587 2754 2921 2825 πρυτανεύει
2949 2757 3015 2824 τῇ
3068 2755 3247 2807 κτίσει
3276 2755 3344 2820 ⁵⁸,
3377 2753 3470 2808 ἅτε
3491 2755 3554 2826 δὴ
3588 2756 3730 2810 πάν-

2141 2865 2249 2901 των
2317 2846 2393 2902 ὢν
2463 2847 2798 2919 δημιουργὸς
2830 2885 2847 2910 ,
2895 2847 2991 2900 καὶ
3049 2847 3329 2916 βασιλεὺς,
3380 2849 3473 2901 καὶ
3535 2850 3735 2902 δεσπό-

2141 2954 2264 3008 της.

2216 3035 2284 3083 κ’.
2319 3047 2337 3079 ‹
2368 3027 2655 3096 Εὐλογεῖτε
2677 3027 2768 3080 τὸν
2807 3026 3036 3097 Κύριον,
3071 3027 3272 3090 πάντες
3299 3028 3349 3080 οἱ
3374 3026 3596 3094 ἄγγελοι
3632 3029 3735 3082 αὐ-

449 3121 704 3182 potentes
729 3112 951 3177 virtute,
978 3111 1243 3169 facientes
1264 3114 1492 3168 verbum
1519 3115 1689 3179 illius,
1722 3117 1787 3171 ad
1812 3119 2038 3173 audien-

2143 3116 2253 3183 τοῦς,
2289 3118 2508 3171 δυνατοὶ
2541 3117 2709 3186 ἰσχύϊ,
2739 3116 3024 3179 ποιοῦντες
3064 3117 3156 3169 τὸν
3193 3117 3351 3183 λόγον
3402 3117 3597 3178 αὐτοῦ,
3629 3117 3731 3170 τοῦ

450 3203 575 3259 dam
611 3219 799 3258 vocem
832 3219 1150 3259 sermonum
1177 3204 1319 3275 ejus.
1347 3225 1366 3257 ι
1410 3205 1608 3262 Merito
1642 3209 1894 3264 caelestes
1929 3211 2042 3266 vir-

451 3306 596 3352 tutes
627 3295 679 3349 in
711 3297 1157 3350 communionem
1205 3297 1535 3366 hymnorum
1578 3301 1886 3356 accersivit.
1923 3302 2041 3358 Non

450 3389 598 3445 enim
640 3396 822 3458 potest
868 3388 1111 3441 humana
1153 3396 1349 3443 natura
1380 3390 1545 3461 digne
1576 3400 1626 3447 te
1658 3393 1910 3450 beneﬁcii
1944 3412 2044 3450 au—

455 3493 662 3538 ctorem
693 3481 949 3534 laudibus
985 3482 1242 3551 prosequi
1276 3499 1289 3536 :
1318 3482 1654 3552 incorporem
1685 3503 1813 3542 vero
1837 3499 1892 3544 et
1918 3504 2047 3544 san-

454 3579 559 3625 cta!
603 3579 848 3636 naturae,
883 3587 1006 3640 quae
1057 3571 1287 3626 liberam
1324 3573 1393 3628 ab
1432 3574 1812 3634 affectionibus
1843 3580 2048 3636 habent

457 3662 672 3727 vitam,
729 3661 939 3718 idonea:
995 3672 1124 3718 sunt
1181 3665 1250 3720 ad
1314 3667 1500 3722 divina
1562 3668 1818 3724 mandata
1883 3671 2048 3741 perfl-

456 3756 681 3813 cienda.

531 3847 692 3905 Vens.
732 3850 824 3906 21.
865 3870 883 3902 ε
924 3850 1237 3907 Benedicite
1285 3851 1554 3918 Domino,
1585 3869 1777 3912 onmes
1809 3856 2042 3913 virtutes

457 3939 578 4008 ejus
601 3983 615 4006 .
657 3942 896 3997 ministri
940 3941 1058 4012 ejus
1079 3979 1097 4005 ,
1130 3943 1226 4012 qui
1269 3941 1450 3998 facitis
1484 3944 1818 4000 voluntatem
1851 3947 1993 4015 ejus.
2024 3966 2043 4000 ι

460 4031 611 4086 Multi
642 4043 697 4088 et
724 4035 861 4089 varii
902 4044 1033 4089 sunt
1071 4035 1376 4089 cmlestium
1410 4036 1651 4091 ordines.
1700 4037 2047 4108 Principatus

457 4125 640 4190 enim,
682 4133 737 4179 et
767 4125 1071 4181 Potestates
1093 4167 1108 4187 ,
1149 4136 1202 4180 et
1225 4125 1433 4181 Throni
1457 4169 1472 4194 ,
1506 4139 1560 4184 et
1601 4127 2006 4188 Dominationes
2032 4172 2047 4197 ,

459 4225 516 4272 et
547 4214 836 4287 Seraphim
863 4258 878 4284 ,
908 4228 961 4272 et
989 4218 1286 4273 Cherubim
1318 4259 1333 4283 ,
1367 4229 1420 4274 et
1450 4221 1559 4275 alia
1594 4223 1817 4276 nomina
1846 4227 1861 4243 ‘
1892 4225 2049 4282 nobis

461 4311 671 4381 ignota,
707 4320 766 4365 ut
796 4311 873 4364 ait
905 4311 1126 4368 divinus
1153 4314 1449 4384 Apostolus
1475 4323 1502 4351 ι
1527 4332 1542 4380 ;
1576 4314 1670 4370 sed
1697 4316 1880 4370 omnia
1906 4317 2050 4372 duo-

2145 3211 2376 3266 ἁκοῦσαι
2428 3211 2529 3280 τῆς
2585 3210 2770 3279 φωνῆς
2808 3210 2916 3264 τῶν
2974 3209 3149 3277 λόγων
3194 3209 3384 3264 αὐτοῦ.
3435 3230 3454 3262 ι
3493 3211 3736 3274 Εἰκότως

2146 3306 2246 3368 τὰς
2298 3303 2566 3374 ἀοράτους
2593 3303 2856 3372 δυνάμεις
2903 3305 2983 3365 εἰς
3017 3303 3308 3355 κοινωνίαν
3327 3303 3425 3373 τῆς
3453 3303 3737 3373 ὑμνῳδίας

2147 3396 2429 3451 ἐκάλεσεν.
2463 3395 2579 3446 Οὐκ
2599 3394 2817 3464 ἀπόχρη
2844 3393 2950 3463 γὰρ
2976 3395 3008 3462 ἡ
3034 3393 3355 3462 ἀνθρωπεία
3377 3393 3539 3463 φύσις
3565 3394 3738 3460 ἀξίως

2148 3488 2340 3558 ὑμνεῖν
2374 3503 2433 3538 σε
2467 3485 2509 3517 ⁸³
2532 3485 2625 3537 τὸν
2665 3483 2964 3555 εὐεργέτην
2987 3501 2999 3514 ·
3035 3485 3176 3536 αἰδὲ
3208 3483 3492 3552 ἀσώματοι
3533 3486 3631 3539 καὶ
3676 3487 3738 3538 αἱ

2149 3581 2306 3648 ἆγιαι
2329 3578 2545 3648 φύσεις,
2575 3575 2870 3646 ἐλευθέραν
2917 3575 3141 3644 ἔχουσαι
3192 3575 3536 3645 παθημάτων
3563 3575 3736 3646 ζωὴν,

2153 3672 2338 3725 ἱκαναὶ
2369 3668 2612 3741 πληροῦν
2635 3668 2702 3722 τὰ
2737 3668 2860 3722 θεῖα
2907 3667 3335 3738 προστάγματα.

2189 3830 2198 3839 ⁸
2223 3857 2330 3905 καν.
2359 3869 2378 3902 t
2407 3850 2701 3918 Εὐλογεῖτε
2722 3848 2814 3901 τδν
2833 3847 3061 3917 Κύριον,
3080 3848 3253 3902 πᾶσαι
3275 3848 3331 3900 αἱ
3353 3848 3615 3916 δυνάμεις
3632 3850 3739 3902 αὖ-

2152 3943 2272 4008 τοῦ,
2323 3943 2636 4014 λειτουργοὶ
2686 3941 2855 3994 αὐτοῦ
2909 3930 3192 4003 ποιοῢντες
3220 3941 3280 3993 τὸ
3325 3940 3538 4012 θέλημα
3569 3942 3614 3972 ⁸⁸
3642 3941 3742 3994 αὐ-

2155 4036 2273 4092 τοῦ.
2317 4055 2334 4088 ι
2370 4036 2552 4090 Πολλά
2577 4035 2674 4089 καὶ
2735 4033 2974 4104 διάφορα
3003 4031 3112 4086 τῶν
3146 4031 3414 4103 οὐρανίων
3441 4033 3485 4064 ⁸³
3508 4033 3578 4085 τά
3603 4033 3743 4100 τάγ-

2160 4148 2308 4202 ματα
2334 4145 2347 4160 ⁶
2391 4129 2585 4200 Ἀρχαὶ
2627 4129 2735 4196 γὰρ
2779 4126 2876 4180 καὶ
2917 4125 3208 4190 Ἐξουσίαι,
3245 4125 3342 4179 καὶ
3385 4126 3598 4196 Θρόνοι,
3641 4127 3743 4179 καὶ⁵

2158 4217 2518 4288 Κυριότητες,
2560 4217 2655 4268 καὶ
2683 4215 2960 4286 Σεραφὶμ,
2989 4215 3084 4267 καὶ
3111 4214 3416 4285 Χερουϐὶμ,
3449 4215 3545 4268 καὶ
3571 4215 3742 4286 ’ἐτερα

2157 4312 2292 4380 ἡμῖν
2324 4309 2565 4378 ὀνόματα
2592 4307 2871 4374 ἄγνωστα,
2898 4298 3118 4379 ᾖφησιν
3143 4307 3172 4358 ό
3210 4303 3354 4367 θεῖος
3384 4303 3706 4369 Ἀπόστολος
3725 4321 3741 4335 ο

463 4400 568 4456 bus
597 4402 683 4457 his
710 4403 1030 4458 nominibus
1058 4405 1322 4474 propheta
1354 4407 1790 4476 comprehendit.
1821 4409 2038 4478 Angelos

2157 4399 2295 4454 ἀλλὰ
2321 4401 2496 4453 πάντα
2521 4397 2610 4450 διὰ
2635 4397 2744 4449 τῶν
2771 4394 2866 4449 δύο
2895 4395 3109 4449 τούτων·
3144 4394 3430 4466 ὀνομάτων
3467 4398 3495 4450 ὁ
3521 4413 3746 4465 προφη-

2081 4457 2128 4512 D

463 4493 616 4548 enim
658 4496 908 4560 vocavit,
958 4502 1217 4566 tanquam
1267 4497 1468 4552 divinis
1515 4499 1784 4554 mandatis
1826 4516 2038 4570 operam

2155 4490 2304 4554 τικδς
2371 4487 2780 4561 συμπριέλαϐε
2802 4487 2961 4554 λόγος
2991 4488 3040 4518 ⁸³
3065 4529 3078 4542 .
3098 4488 3425 4557 Ἀγγέλους
3483 4489 3583 4557 μὲν
3633 4487 3745 4557 γὰρ

465 4593 755 4650 navantes,
779 4585 1077 4658 divinaque
1107 4589 1275 4643 verba
1307 4590 1743 4646 transmittentes
1768 4609 1781 4643 :
1815 4589 2051 4646 Virtutes

467 4693 592 4732 vero
616 4717 631 4743 ,
658 4686 917 4748 tanquam
952 4680 1284 4738 subicientes
1313 4683 1377 4738 ad
1412 4684 1680 4754 imperata
1708 4684 2014 4754 peragenda
2037 4723 2052 4748 ,

465 4775 522 4822 et
547 4768 740 4838 agendi
770 4771 879 4825 vim
909 4786 942 4826 a
967 4772 1252 4828 conditore
1277 4789 1370 4842 per
1401 4775 1575 4844 ipsam
1610 4783 1866 4830 naturam
1899 4790 2056 4831 acce-

373 4919 376 4922 ,
469 4868 689 4929 perunt.

539 5034 704 5090 Vens.
750 5036 842 5092 22.
888 5055 906 5088 ι
940 5035 1254 5097 Benedicite
1299 5040 1551 5107 Domino,
1603 5042 1819 5115 1330
1867 5046 2053 5100 omnia

469 5141 636 5197 Opera
664 5129 783 5198 ejus
806 5169 823 5194 ,
857 5129 911 5181 in
946 5128 1098 5182 omni
1128 5128 1252 5184 loco
1281 5131 1678 5192 dominationis
1706 5137 1849 5206 ejus.
1888 5156 1905 5188 ι
1944 5136 2054 5194 Ne-

543 5310 568 5341 ν
600 5302 744 5358 l’sal.
776 5317 953 5368 xxx”,
985 5305 1072 5360 15.
1151 5318 1178 5348 κ
1211 5305 1428 5364 Coloss.
1458 5326 1497 5374 ι,
1535 5311 1624 5364 16.

2157 4581 2436 4647 ἐκάλεσεν,
2489 4580 2564 4644 ὡς
2614 4581 2726 4643 τοῖς
2773 4579 2941 4643 Θείοις
2992 4578 3406 4650 ὑπουργοῦντας
3459 4578 3745 4649 προστάγ-

2162 4690 2316 4745 μασι,
2344 4673 2439 4726 καὶ
2463 4675 2586 4735 τοὺς
2615 4671 2792 4733 θείους
2811 4669 3004 4738 λόγους
3040 4669 3549 4741 διαπορθμεύοντας
3581 4685 3594 4699 ·
3626 4671 3743 4722 Δυ-

2156 4765 2365 4835 νάμεις
2391 4764 2470 4828 δέ,
2502 4764 2577 4827 ὡς
2606 4760 2801 4825 ἱκανάς
2830 4759 2892 4814 τὸ
2927 4759 3287 4829 κελευόμενον
3322 4760 3608 4829 πράττειν,
3642 4758 3742 4810 καὶ

2159 4858 2220 4912 τὸ
2253 4856 2480 4911 δυνατὸν
2508 4858 2565 4910 ἐν
2591 4858 2654 4926 τῇ
2697 4855 2860 4923 φύσει
2909 4851 3062 4923 παρὰ
3113 4849 3207 4904 τοῦ
3236 4849 3599 4921 πεποιηκότος
3641 4848 3731 4903 λαο

2161 4948 2375 5012 δόντας.

2231 5040 2337 5111 κβν.
2374 5058 2393 5091 ‹
2431 5037 2722 5106 Εὐλογεϊτε
2736 5035 2826 5091 τὸν
2842 5035 3069 5107 Κύριον,
3095 5033 3275 5087 πάντα
3300 5031 3529 5102 τάέργα
3552 5029 3743 5097 αὐτοῦ,

2162 5139 2222 5190 ἐν
2253 5135 2420 5188 παντὶ
2451 5131 2603 5202 τόπῳ
2623 5129 2725 5198 τῆς
2747 5125 3073 5190 δεσποτείας
3091 5126 3136 5159 ⁸⁸
3152 5123 3342 5179 αὐτοῦ.
3373 5142 3393 5176 ι
3422 5122 3560 5176 Οὐδὲ
3581 5121 3747 5176 τοῦτο

1596 5460 1831 5520 ῩΑΒΙᾸΕ
1865 5464 2248 5521 LECTIONES
2272 5463 2360 5518 ET
2387 5460 2624 5519 NOTIE.

543 5611 588 5644 ⁸⁸
615 5611 741 5667 Rue.
772 5613 929 5671 lectio
958 5617 1014 5670 lt.
1042 5617 1081 5670 Ι.
1119 5624 1206 5671 est
1238 5615 1407 5679 υἱούς.

493 5675 531 5706 ⁸³
556 5681 784 5755 ’.Υμνεῖν
812 5699 904 5739 σε.
941 5688 1066 5741 cod.
1093 5687 1116 5738 1
1147 5675 1406 5755 ὑμνῆσαι.

490 5751 652 5828 cyth!
685 5755 882 5821 χορός,
902 5755 1140 5842 ascripta
1186 5751 1390 5837 'tamen
1447 5755 1678 5814 lectione
1739 5758 1929 5815 altera.

1483 5616 1534 5671 ".
1555 5618 1675 5674 cod.
1707 5621 1731 5673 1
1773 5619 1944 5672 ’ἰούδα
1978 5659 1995 5683 ,
2030 5636 2096 5674 ex
2147 5634 2334 5676 errore
2388 5615 2618 5680 librarii,
2658 5623 2716 5669 ut
2777 5615 3010 5670 videtur.

1522 5687 1565 5757 ‘f
1595 5689 1718 5742 cod.
1752 5687 1925 5744 Vatic.
1977 5692 2142 5745 habet
2193 5689 2263 5742 τὰ
2295 5689 2596 5757 θελήματα.

3115 5612 3162 5644 ⁶⁰
3199 5611 3324 5667 cod.
3356 5613 3373 5666 1
3414 5611 3511 5669 τὴν
3537 5608 3747 5669 κτίσιν.

2711 5686 2904 5759 iss—Cod:
2930 5686 2951 5736 1
2986 5684 3346 5759 ἐπουρανίων.
3457 5679 3503 5715 ⁸³
3526 5679 3764 5759 Λδτοςα.

2039 5761 2084 5794 ⁸⁵
2112 5761 2296 5814 Δεσπ.
2327 5754 2448 5818 cod.
2480 5756 2654 5812 Vatic.
2693 5757 2854 5812 habet
2879 5754 3214 5817 δυναστείας.
