4114 6418
497 365 514 424 1
526 365 634 430 693

1851 383 1929 446 IN
1974 385 2178 446 PSAL.
2212 387 2376 447 CIII.

3615 396 3753 461 1691.

489 481 610 540 τοῖς
650 481 925 548 Ἰουδαίοις
963 485 1250 558 ἁρμόττει.
1281 490 1518 545 Ἐκεῖνοι
1562 492 1672 563 γὰρ
1703 493 1809 548 ὑπὸ
1836 494 1948 548 τῶν
1974 497 2049 548 ἀν⁴

2171 513 2277 568 que
2313 500 2415 554 hoc
2441 499 2645 560 Judmis
2668 503 2940 573 congruit.
2972 503 3051 558 Illi
3081 505 3228 558 enim
3262 521 3387 560 cum
3418 508 3486 560 ab
3518 508 3624 572 his,
3657 509 3750 578 qui
3789 581 3792 589 Ι

488 570 934 640 δραποδισάντων
969 575 1098 650 ᾆσαι
1151 583 1590 654 προσταχθέντες
1639 587 1705 638 ἐκ
1755 586 1864 639 τῶν
1912 587 2068 658 ᾠδῶν

491 661 651 727 Σιὼν,
688 665 898 734 ἔφασαν
955 671 1158 742 ἔννομα
1206 675 1464 745 δρῶντες,
1511 697 1529 729 ι
1571 679 1694 741 Πῶς
1721 679 1930 750 ᾀσομεν
1967 681 2068 752 τὴν

489 752 632 824 ᾠδὴν
665 758 869 828 Κυρίου
900 764 991 815 ἐπὶ
1019 766 1121 832 γῆς
1152 767 1440 839 ἀλλοτρίας
1466 787 1480 835 ;
1527 789 1545 820 ι
1599 772 1759 840 Ἡμῖν
1784 772 1841 824 δὲ
1865 775 1891 824 ὁ
1923 772 2068 835 θεῖος

498 841 826 915 Ἀπόστολος
870 862 1180 931 παρεγγυᾷ,
1211 865 1268 914 ὲν
1315 865 1478 917 παντὶ
1508 866 1660 936 τόπῳ
1691 870 2068 938 προσευχομέ-

488 957 610 1004 νους
642 944 818 1014 αἴρειν
847 949 996 1012 ὁσίας
1027 952 1070 982 ⁸⁸
1100 955 1310 1025 χεῖρας.
1349 955 1522 1009 Τοῦτο
1580 959 1676 1012 καὶ
1728 960 1756 1011 ὁ
1787 961 2065 1030 Δεσπότης

485 1032 724 1122 Χριστὸς
773 1038 909 1108 πρὸς
944 1041 1042 1111 τὴν
1099 1045 1432 1116 Σαμαρεῖτιν
1467 1048 1595 1118 ἔφη,
1629 1067 1647 1101 ι
1690 1050 1884 1122 Ἀμὴν,
1915 1052 2064 1122 ἀμὴν

487 1121 629 1190 λέγω
683 1143 764 1179 σοι
791 1167 805 1190 ,
851 1130 1030 1196 γύναι,
1061 1133 1143 1186 ὅτι
1178 1135 1400 1205 ἔρχεται
1450 1137 1572 1209 ὥρα
1602 1178 1617 1202 ,
1649 1141 1744 1193 καὶ
1771 1141 1864 1194 νῦν
1889 1142 2062 1209 ἔστιν,

485 1213 572 1264 ὅτε
597 1213 722 1268 οὐτε
751 1219 808 1270 ἐν
837 1218 916 1288 τῷ
945 1222 1096 1292 τόπῳ
1129 1224 1305 1296 τούτῳ
1325 1266 1338 1288 ,
1375 1226 1499 1281 οὐτε
1549 1229 1608 1280 έν
1665 1231 2064 1302 Ἰεροσολύμοις

485 1308 930 1378 προσκυνήσουσι
960 1311 1039 1382 τῷ
1075 1315 1268 1386 Πατρί.
1305 1317 1534 1388 Πνεῦμα
1579 1320 1690 1390 γάρ
1718 1323 1746 1374 ό
1783 1322 1936 1388 Θεὸς,
1965 1323 2062 1376 καὶ

479 1395 610 1457 τοὺς
635 1401 1076 1466 προσκυνοῦντας
1110 1407 1273 1461 αὐτὸν
1317 1411 1376 1462 ὲν
1405 1411 1678 1480 πνεύματι
1705 1413 1800 1465 καὶ
1831 1413 2062 1486 ἀληθείᾳ

479 1481 916 1554 δεῖπροσκυνεῖν.
931 1511 1052 1543 ›-ι
1071 1495 1314 1564 Εὐλόγει,
1332 1499 1363 1566 ή
1379 1498 1525 1570 ψυχή
1543 1517 1666 1568 μου,
1687 1502 1779 1554 τὸν
1795 1481 2053 1573 Κύριονλ

480 1573 783 1644 Σύμφωνον
815 1579 894 1648 τῷ
925 1585 1204 1656 προοιμίῳ
1229 1587 1289 1639 τὸ
1321 1587 1495 1651 τέλος.
1535 1591 1789 1655 Καλέσας
1820 1591 1929 1664 γάρ
1978 1593 2060 1656 είς
2101 1658 2104 1660 _

481 1667 770 1721 κοινωνίαν
829 1670 933 1740 τῆς
978 1673 1257 1744 ὑμνῳδίας
1297 1678 1397 1742 τάς
1445 1682 1644 1750 νοητὰς
1667 1682 1878 1748 οὐσίας,
1909 1682 2058 1737 διδά-

482 1760 725 1812 σκει’καὶ
752 1763 922 1831 ἡμᾶς,
971 1764 1048 1828 ὡς
1093 1765 1316 1822 δυνατὸν
1351 1772 1631 1842 γεραίρειν
1673 1774 1767 1827 τὸν
1790 1775 2054 1847 Ποιητὴν,

479 1849 575 1901 καὶ
607 1849 895 1924 ἰσόμετρον
919 1858 986 1928 τῇ
1041 1855 1272 1930 δυνάμει
1307 1862 1646 1934 προσφέρειν
1666 1865 1760 1919 τὸν
1786 1867 2054 1938 χαριστή-

480 1956 598 2008 ριον
629 1942 820 2014 ὕμνον.

785 2057 1054 2114 ΕΡΜΗΝ.
1088 2061 1226 2115 ΤΟΥ
1268 2063 1368 2116 Pl"
1431 2067 1749 2124 ΨΑΛΜΟΥ.

545 2164 616 2252 α’.
654 2177 672 2210 ι
718 2161 950 2234 Ψαλμός
994 2169 1075 2237 τῷ
1135 2171 1300 2225 Δαϐίδ
1323 2174 1386 2229 ⁸⁷.
1428 2194 1447 2226 ι
1493 2177 1557 2230 Ἦ
1602 2177 1699 2231 τοῦ
1780 2183 2052 2252 παναγίου

474 2250 796 2344 ίῐνεύματος
828 2257 992 2327 χάρις
1028 2261 1090 2312 οὐ
1130 2261 1292 2330 μόνον
1312 2263 1511 2336 ἠθικὴν
1563 2269 1660 2322 καὶ
1713 2250 2053 2344 δογματικὴν

470 2341 824 2398 διδασκαλίαν
863 2350 976 2412 τοῖς
1017 2350 1332 2422 ἀνθρώποις
1398 2359 1722 2429 προσφέρει,
1784 2341 1921 2417 ἀλλά
1952 2341 2051 2418 καὶ

469 2435 619 2498 ὅπως
657 2437 844 2506 ὑμνεῖν
874 2444 1142 2510 προσήκει
1192 2446 1284 2499 τὸν
1313 2447 1552 2520 Ποιητὴν
1577 2452 1824 2522 ἀκριϐῶς
1851 2457 2049 2510 ἐκπαιο

469 2525 636 2618 δεύει.
675 2531 860 2583 Διάτοι
883 2533 1042 2587 τοῦτο
1071 2535 1221 2590 τόνδε
1267 2541 1621 2611 συγγέγραφε
1669 2544 1761 2598 τὸν
1806 2545 2044 2618 ψαλμὸν,

419 2623 428 2629 ·
467 2615 547 2684 τῷ
582 2621 844 2690 μακαρίῳ
871 2623 1037 2678 Δαϐὶδ
1066 2626 1326 2699 ὑπουργῷ
1356 2634 1676 2704 χρησαμένη
1705 2650 1720 2665 ·
1744 2636 1819 2700 ὡς
1838 2639 1905 2692 ἂν
1924 2615 2046 2708 -μά-

469 2713 658 2784 θοιμεν
721 2716 962 2783 ἅπαντες
997 2759 1010 2783 ,
1042 2722 1182 2776 τίσιν
1237 2722 1429 2795 ὕμνοις
1479 2727 1585 2799 χρὴ
1623 2730 1716 2782 τὸν
1745 2731 2046 2804 εὐεργέτην

465 2805 815 2872 ἀμείϐεσθαι.
857 2807 967 2874 Τάς
1001 2813 1185 2883 μέντοι
1212 2817 1397 2880 κοινὰς
1447 2819 1768 2888 εὐεργεσίας
1805 2824 2044 2878 ἐνταῦθα

462 2895 711 2963 διέξεισι,
766 2901 862 2952 καὶ
914 2903 1158 2957 δείκνυσι
1204 2909 1436 2978 ποιητὴν
1464 2909 1723 2986 ἁπάντων
1751 2914 1911 2983 όμοῦ,
1949 2917 2045 2970 καὶ

466 2991 735 3059 πρύτανιν
753 2992 844 3046 τὸν
875 2994 986 3048 τῶν
1009 2995 1146 3050 ὅλων
1170 2996 1324 3053 Θεόν.
1361 3019 1380 3052 ι
1409 3001 1701 3072 Εὑλόγει,ή
1735 3004 1878 3079 ψυχή
1913 3024 2040 3075 μου,

2168 605 2262 644 eos
2303 592 2353 644 in
2384 594 2706 648 servitutem
2739 596 3083 649 abduxcrant
3106 638 3120 659 ,
3149 598 3374 668 aliquod
3407 597 3592 658 Siquis
3622 614 3752 652 can-

2171 682 2334 737 ticum
2369 701 2566 740 canere
2592 687 2735 756 jussi
2771 697 2956 742 essent
2981 728 2996 752 ,
3021 689 3280 743 dixerunt
3309 689 3412 759 Icgi
3451 702 3700 758 parentes
3735 709 3746 744 :

2172 793 2191 824 ε
2220 775 2507 841 Quomodo
2551 780 2898 836 cantabimus
2943 783 3218 836 Canticum
3266 781 3479 836 Domini
3516 784 3568 835 in
3605 793 3750 836 terra

2165 869 2546 935 peregrina-3'?
2571 889 2588 920 ›
2637 869 2804 924 Nobis
2836 889 2962 926 vero
2989 873 3208 927 divinus
3241 874 3531 942 Apostolus
3561 877 3747 941 praeri-

2165 957 2244 1024 pit
2271 965 2314 1021 3,
2349 959 2400 1011 in
2431 961 2578 1012 omni
2607 961 2727 1016 loco
2752 974 2969 1017 orantes
3003 965 3252 1018 attollere
3284 983 3478 1020 manus
3505 978 3746 1020 sanctas.

2166 1045 2281 1102 Iluc
2332 1051 2493 1103 etiam
2549 1053 2810 1107 Dominus
2857 1055 3110 1110 Christus
3161 1057 3521 1112 Saumritanm
3570 1060 3744 1112 dicit:

2172 1158 2190 1192 ι
2222 1139 2521 1206 Vere,vere
2555 1144 2680 1198 dico
2713 1145 2806 1198 tibi
2844 1145 2960 1200 fore
3015 1157 3074 1200 ut
3104 1151 3285 1201 veniat
3311 1151 3443 1202 hora
3468 1191 3481 1211 ,
3511 1158 3566 1203 et
3602 1167 3747 1204 nunc

2163 1241 2280 1299 est,
2315 1235 2534 1302 quando
2567 1251 2743 1304 neque
2774 1238 2825 1289 in
2869 1248 3051 1290 monte
3086 1240 3211 1301 hoc,
3251 1257 3426 1309 neque
3459 1243 3510 1294 in
3553 1239 3748 1292 "iuro-

2164 1323 2390 1394 solymis
2416 1325 2721 1380 adorabunt
2746 1327 2982 1382 Patrem.
3015 1330 3259 1398 Spiritus
3283 1333 3426 1385 enim
3457 1341 3542 1386 est
3573 1331 3740 1394 Deus,

2161 1423 2215 1468 et
2238 1430 2334 1472 eos
2368 1416 2460 1486 qui
2485 1418 2716 1471 adorant
2741 1433 2889 1485 eum,
2917 1419 2969 1473 in
3001 1421 3198 1488 spiritu
3228 1433 3281 1476 et
3315 1425 3547 1478 veritate
3573 1439 3743 1493 opor-

2161 1513 2236 1560 tet
2252 1507 2479 1562 adorare
2496 1520 2544 1563 ι.
2582 1527 2601 1562 ι
2629 1539 2699 1548 -
2727 1529 2747 1562 ι
2777 1510 3035 1576 Benedic,
3067 1511 3248 1566 anima
3270 1529 3411 1578 mea,
3435 1515 3685 1568 Domino.
3719 1533 3738 1564 ι

2159 1595 2310 1653 Finis
2344 1601 3304 1659 accommodatusestexordio.Cum
3335 1604 3477 1658 enim
3510 1606 3562 1658 in
3595 1619 3746 1659 com-

2158 1690 2472 1747 munionem
2504 1691 2704 1747 divina:
2751 1694 3093 1765 symphoniae
3133 1696 3451 1765 spirituales
3487 1685 3745 1752 substan-

2162 1785 2263 1839 tias
2295 1784 2616 1851 accivisset,
2649 1787 2812 1842 docet
2852 1797 2906 1841 et
2944 1805 3044 1843 nos
3095 1804 3194 1858 pro
3240 1791 3450 1845 viribus
3481 1791 3745 1844 Condito-

2159 1888 2273 1929 rem
2309 1875 2583 1929 honorare
2604 1914 2619 1939 ,
2668 1876 3044 1946 hymnumque
3068 1879 3371 1946 gratiarum
3399 1881 3636 1936 actionis
3663 1877 3745 1934 fa-

2155 1963 2345 2019 cultati
2376 1972 2582 2020 nostrae
2609 1980 2796 2034 parem
2828 1965 3051 2022 oﬂ‘erre.

2542 2077 2864 2133 INTERPR.
2921 2077 3174 2135 PSALMI
3215 2079 3350 2136 CIII.

2226 2193 2390 2250 Vens.
2432 2195 2486 2250 I.
2561 2214 2581 2248 ι
2629 2196 2884 2252 Psalmus
2927 2197 3140 2255 Davidi.
3189 2217 3209 2250 ι
3267 2198 3510 2268 Spiritus
3564 2201 3740 2257 sancti

2152 2285 2324 2355 gratia
2371 2303 2480 2342 non
2514 2290 2679 2343 modo
2712 2289 2976 2345 moralem
3031 2298 3086 2344 et
3119 2290 3486 2361 dogmaticam
3534 2291 3740 2347 doctri-

2150 2393 2277 2432 nam
2310 2379 2622 2435 hominibus
2647 2381 2825 2445 aﬂ‘ert,
2853 2398 3046 2437 verum
3079 2383 3243 2437 etiam
3275 2384 3552 2453 quomodo
3573 2385 3739 2439 Crea-

2149 2476 2324 2523 torem
2369 2471 2590 2524 laudare
2615 2473 2928 2534 conveniat,
2948 2482 3208 2528 accurate
3253 2474 3434 2528 docet.
3475 2473 3739 2544 Propter-

2147 2572 2208 2612 ea
2239 2559 2384 2614 hunc
2412 2561 2747 2629 conscripsit
2787 2563 3082 2631 psalmum,
3120 2563 3282 2617 beato
3319 2564 3522 2617 Davide
3559 2564 3730 2617 mini-

2147 2656 2262 2704 stro
2277 2665 2400 2714 usa,
2422 2659 2480 2704 ut
2508 2649 2792 2705 discamus
2817 2665 3032 2713 omnes,
3056 2652 3258 2721 quibus
3289 2653 3547 2706 laudibus
3580 2653 3739 2707 bene-

2147 2738 2254 2792 ﬁcii
2286 2747 2566 2793 auctorem
2596 2741 2930 2794 remunerari
2965 2751 3242 2809 oporteat.
3270 2741 3603 2796 Communia
3635 2742 3736 2812 igi-

2148 2836 2237 2876 tur
2265 2826 2524 2880 benelicia
2557 2828 2659 2880 hoc
2687 2828 2808 2882 loco
2834 2831 3207 2897 persequitur,
3233 2829 3586 2898 ostenditque
3614 2829 3737 2882 uni-

2144 2929 2428 2968 versorum
2462 2917 2628 2970 simul
2674 2917 2925 2988 opiﬁcem
2950 2957 2966 2983 ,
3006 2926 3063 2974 et
3109 2920 3516 2974 moderatorem
3563 2919 3734 2972 Deum

2142 3019 2286 3060 esse.
2308 3023 2324 3056 ι
2351 3004 2604 3069 Benedic,
2622 3008 2830 3078 1331
2850 3008 3033 3062 anima
3056 3023 3198 3072 mea,
3222 3010 3504 3063 Domino.»
3537 3008 3739 3063 Unum-

464 3082 804 3153 τὸν-Κύριον.
851 3105 870 3137 ι
912 3087 1184 3142 Ἔκαστον
1205 3090 1491 3155 εὐσεϐείας
1523 3095 1790 3164 τρόφιμον
1847 3098 2040 3168 ὑμνεῖν

2150 3110 2416 3164 quemque
2461 3097 2678 3164 pietatis
2707 3099 2992 3153 alumnum
3037 3099 3211 3154 Deum
3260 3099 3506 3153 beneficii
3533 3108 3737 3152 aucto-

465 3171 708 3227 διδάσκει
737 3175 828 3229 τὸν
869 3178 1168 3249 εὐεργέτην
1201 3180 1356 3235 Θεόν.
1401 3201 1420 3234 ι
1461 3159 1702 3255 Κύριεήό
1738 3159 2039 3257 Θεόξμου,

2150 3159 2258 3238 rem
2300 3159 2554 3241 laudibus
2591 3189 2849 3258 prosequi
2897 3189 3084 3244 docet.
3139 3207 3158 3240 ι
3195 3188 3421 3244 Domine
3451 3189 3593 3243 Deus
3625 3190 3733 3255 mi,

463 3265 540 3328 ὡς
567 3267 612 3298 ⁸⁸
636 3268 1016 3339 ὲμεγαλύνθης
1078 3273 1318 3343 σφόδραι
1361 3291 1379 3326 ι
1435 3275 1770 3342 Ἐπιτάσεως
1805 3280 1901 3334 καὶ
1958 3282 2045 3334 ὲν-

462 3354 642 3408 ταῢθα
695 3357 756 3409 τὸ
805 3359 905 3425 ὡς.
941 3360 1013 3413 Τὸ
1060 3361 1117 3414 δὲ
1165 3362 1582 3433 ὲμεγαλύνθης
1621 3368 1688 3431 σν,
1721 3370 1824 3421 οὐκ
1869 3369 2041 3441 αὐξή-

465 3465 608 3512 σεως
637 3450 680 3482 "
708 3450 1026 3520 δηλωτικὸν,
1068 3454 1206 3509 ἀλλά
1258 3454 1354 3509 τοῦ
1380 3455 1397 3474 ⁶
1416 3458 1727 3529 ἀμετρήτου
1778 3459 2044 3529 μεγέθους

466 3543 824 3610 σημαντικόν.
855 3543 1012 3599 Οὕτω
1041 3546 1150 3617 γάρ
1179 3549 1326 3601 καὶὸ
1365 3547 1667 3620 Σύμμαχος
1703 3552 2038 3622 ἡρμήνευσε,

463 3632 573 3686 Καὶ
601 3634 641 3665 ⁷¹
673 3637 708 3689 ό
730 3637 874 3702 Θεός
882 3653 1002 3704 μου
1035 3641 1227 3709 μέγας
1258 3641 1305 3673 ⁷³
1337 3641 1394 3694 ετ
1421 3641 1680 3710 σφόδρα.
1700 3645 1776 3696 Οὐ
1806 3644 1916 3716 γάρ
1947 3661 2041 3715 μι-

464 3724 600 3794 κρὸς
635 3722 712 3777 ὣν
765 3727 1136 3799 ἐμεγαλύνθη,
1167 3729 1309 3784 ἀλλά
1333 3730 1498 3800 φύσει
1554 3733 1733 3800 μέγας
1771 3732 1851 3788 ὢν
1879 3733 2041 3786 τοῦτο

461 3813 577 3875 τοῖς
599 3813 884 3869 εὐσεϐέσιν
902 3816 947 3847 ⁷³
970 3816 1185 3889 ἐδείχθη
1214 3833 1228 3848 ·
1251 3819 1350 3889 οὐχ
1364 3819 1513 3872 ἅπαν
1542 3821 1606 3872 τὸ
1633 3820 1889 3890 μέγεθος,
1921 3821 2038 3875 ἀλλ’

458 3903 586 3956 ὅσον
617 3905 652 3975 ἠ
685 3903 850 3973 φύσις
877 3906 989 3960 τῶν
1021 3908 1330 3978 ἀνθρώπων
1364 3909 1579 3980 ἐχώρει.
1616 3929 1636 3962 ι
1674 3910 2040 3984 Ἐξομολόγη-

461 4011 548 4049 σιν
586 3996 684 4050 καὶ
701 3998 1188 4070 μεγαλοπρέπειαν
1216 4001 1264 4032 ’⁸
1290 4001 1552 4058 ἑνεδύσω.
1585 4021 1607 4056 ι
1651 4004 1714 4057 '0
1736 4004 2040 4076 Σύμμαχος

457 4080 655 4150 οὕτως,
691 4086 926 4157 ’Υμνον
974 4091 1075 4146 καὶ
1135 4091 1421 4158 εὐδοξίαν
1469 4093 1771 4164 ήμςριάσω.
1816 4096 1931 4150 Οὐκ
1956 4097 2038 4153 ἔτι

457 4176 568 4248 γάρ
603 4193 664 4231 σε
696 4179 988 4246 ἀγνοοῦσιν
1017 4184 1066 4235 οἱ
1107 4182 1218 4237 τῶν
1266 4184 1375 4240 σῶν
1421 4185 1786 4251 ἀπολαύοντες
1818 4189 1863 4222 ⁷⁸
1894 4189 2037 4256 ἀγα·

459 4271 590 4338 θῶν,
618 4270 741 4324 οὐδὲ
779 4275 890 4333 τοῖς
928 4273 1170 4339 εἰδώλοις
1190 4276 1253 4330 τὸ
1282 4277 1374 4330 σὺν
1417 4277 1580 4340 σέϐας
1605 4278 2032 4349 προσφέρουσιν,

456 4362 596 4417 ἀλλά
640 4378 701 4415 σε
758 4363 1030 4434 ὑμνοῦσι,
1063 4366 1158 4420 καί
1201 4385 1284 4422 σοι
1309 4367 1370 4422 τὸ
1395 4369 1495 4440 τῆς
1545 4368 1854 4439 δοξολογίας
1887 4369 2034 4425 ἐκτί-

454 4472 610 4510 νουσι
649 4456 695 4489 ⁷⁸
732 4456 915 4527 χρέος.

528 4547 593 4617 β’.
631 4565 651 4600 ι
701 4543 1170 4621 Ἀναϐαλλόμενος
1199 4551 1317 4619 φῶς
1356 4552 1431 4616 ὡς
1473 4553 1711 4624 ἱμάτιον.
1749 4571 1768 4605 ι
1809 4554 2032 4625 Συνῳδὰ

453 4633 665 4699 τούτοις
689 4637 734 4668 ⁷⁷
762 4638 906 4691 καὶὸ
946 4639 1270 4704 Ἀπόστολος
1303 4640 1404 4712 ἔφη
1447 4657 1463 4674 °
1502 4663 1520 4696 ι
1577 4644 1636 4697 '0
1671 4645 1832 4713 μόνος
1893 4645 2035 4716 ἔχων

421 4726 758 4782 ἀθανασίαν
784 4770 799 4795 ,
847 4729 963 4797 φῶς
1016 4731 1182 4786 οἰκῶν
1223 4733 1538 4803 ἀπρόσιτον.
1569 4754 1587 4786 ι
1613 4735 1883 4789 Τοσοῦτον
1925 4737 2035 4809 γάρ

452 4820 602 4876 ἔστιν
629 4822 806 4874 ἐκεῖνο
842 4821 906 4876 τὸ
946 4823 1082 4892 φῶς,
1123 4823 1200 4887 ὡς
1239 4825 1444 4896 μηδένα
1490 4825 1752 4892 πελάζειν
1785 4827 2031 4899 τολμᾷν·

450 4911 786 4983 ἀποστρέφει
822 4915 931 4986 γὰρ
969 4916 1069 4980 τὰς
1098 4916 1253 4987 ὄψεις
1291 4919 1324 4988 ἡ
1362 4917 1463 4988 τῆς
1498 4917 1694 4987 αἴγλης
1727 4919 2029 4990 ὑπερϐολή.

451 5001 522 5058 EI
547 5002 659 5076 γάρ
684 5007 713 5059 ὁ
739 5007 999 5079 αίσθητὸς
1018 5009 1180 5064 τοῦτο
1204 5013 1380 5064 ποιεῖν
1398 5010 1550 5081 ἥλιος
1575 5010 1880 5078 ἀναγκάζει
1903 5012 2031 5075 τοὺς

2143 3291 2307 3346 quam
2359 3278 2744 3348 magniﬁcatus
2813 3296 2873 3336 es
2910 3280 3088 3335 valde.
3120 3300 3138 3332 ›
3191 3282 3682 3351 Exaggerationcm
3717 3284 3733 3304 ‘

2153 3369 2260 3424 hoc
2294 3371 2459 3425 etiam
2493 3372 2616 3426 loco
2637 3411 2652 3437 ,
2683 3388 2843 3442 quam
2877 3372 3167 3442 signillcat.
3196 3373 3332 3427 Illud
3391 3388 3539 3434 vero,
3611 3371 3734 3424 Μα-

2142 3462 2422 3530 gniﬁcatus
2491 3479 2587 3525 es,
2658 3479 2767 3518 non
2823 3465 3221 3520 incrementum
3297 3463 3576 3534 designat.
3637 3463 3735 3519 sed

2143 3552 2467 3608 immensam
2498 3555 2929 3624 magnitudinem
2961 3555 3184 3611 indicat.
3211 3553 3302 3610 Sic
3329 3556 3474 3610 enim
3507 3564 3561 3608 et
3586 3554 3735 3624 Sym-

2142 3645 2370 3698 machus
2401 3645 2791 3714 interpretatus
2817 3657 2920 3712 est,
2949 3647 3088 3702 Deus
3121 3649 3215 3710 mi,
3237 3665 3460 3717 magnus
3482 3665 3536 3701 es
3559 3647 3732 3702 valde.

2141 3728 2261 3785 Non
2293 3731 2437 3784 enim
2469 3747 2593 3786 cum
2626 3742 2772 3787 esset
2806 3749 3009 3802 parvus
3037 3773 3052 3797 ,
3107 3749 3341 3804 magnus
3388 3736 3566 3790 Iactus
3613 3747 3730 3800 est,

2140 3823 2234 3876 sed
2268 3837 2390 3876 cum
2427 3832 2620 3878 natura
2659 3840 2888 3892 magnus
2920 3835 3095 3891 esset,
3131 3826 3236 3881 hoc
3267 3828 3373 3895 piis
3408 3828 3732 3881 horninibus

2139 3917 2582 3974 demonstratum
2615 3930 2701 3975 est
2728 3938 2741 3974 :
2781 3935 2890 3975 non
2925 3928 3034 3974 tota
3063 3922 3401 3990 magnitudo,
3435 3922 3527 3974 sed
3553 3937 3730 3990 quan-

2141 4015 2250 4061 tam
2295 4006 2537 4062 humana
2565 4017 2763 4063 natura
2794 4009 3266 4078 comprehendere
3297 4021 3494 4080 potest.
3535 4029 3554 4061 ι
3582 4009 3730 4065 Con-

2138 4095 2434 4151 fessionem
2473 4106 2528 4151 et
2565 4097 2819 4153 decorem
2853 4097 3102 4154 induisti.
3134 4117 3153 4150 ι
3204 4099 3568 4170 Symmachus
3607 4099 3726 4154 sic:

2139 4185 2376 4241 Laudem
2402 4198 2454 4241 et
2485 4187 2714 4258 gloriam
2741 4188 2988 4243 induisti.
3025 4187 3144 4242 Non
3174 4191 3318 4244 enim
3348 4190 3610 4257 amplius,
3633 4190 3727 4259 qui

2139 4278 2250 4332 tuis
2288 4275 2653 4348 perfruuntur
2687 4279 2886 4346 bonis,
2935 4288 2987 4333 te
3027 4279 3281 4350 ignorant
3308 4321 3322 4342 ,
3369 4296 3541 4350 neque
3575 4292 3726 4334 tuum

2139 4369 2404 4423 honorem
2434 4368 2754 4425 simulacris
2782 4369 3062 4436 deferunt,
3089 4372 3180 4424 sed
3205 4380 3254 4424 te
3281 4371 3523 4436 laudant,
3553 4379 3607 4425 et
3632 4371 3728 4425 tibi

2067 4491 2112 4547 ι)
2141 4463 2328 4533 gloriae
2351 4462 2596 4518 debitum
2629 4464 2894 4533 pendunt.

2209 4554 2376 4610 Vens.
2415 4555 2471 4608 2.
2526 4572 2544 4606 ι
2573 4556 2824 4611 Amictus
2875 4555 3085 4610 lumine
3129 4556 3273 4612 sicut
3326 4555 3675 4610 vestimento.
3703 4573 3722 4607 ι

2141 4644 2397 4700 Cousona
2437 4645 2522 4701 his
2552 4646 2852 4715 Apostolus
2885 4661 3108 4718 quoque
3147 4647 3322 4702 dicit:
3373 4664 3392 4698 ι
3429 4646 3534 4712 Qui
3579 4646 3730 4702 solus

2142 4735 2306 4791 habet
2354 4736 2824 4793 immortalitatem
2849 4780 2862 4804 ,
2900 4739 3076 4794 lucem
3124 4739 3438 4794 inhabitans
3479 4739 3728 4793 inacces-

2141 4827 2358 4883 sibilem
2387 4827 2440 4882 δ.
2498 4847 2518 4879 ι
2555 4827 2728 4883 Tanta
2761 4831 2911 4885 enim
2941 4840 3026 4887 est
3061 4831 3154 4888 illa
3191 4832 3314 4889 lux.
3347 4841 3406 4885 ut
3442 4845 3604 4886 nemo
3636 4845 3733 4899 ap-

2141 4919 2509 4988 propinquare
2569 4921 2769 4975 audeat
2811 4939 2826 4975 :
2885 4921 3252 4978 redundantia
3301 4921 3449 4977 enim
3501 4919 3729 4975 luminis

2139 5011 2316 5070 visum
2350 5010 2566 5068 avertit.
2604 5009 2662 5068 Si
2689 5013 2835 5068 enim
2877 5014 2960 5069 sol
2998 5031 3162 5086 quem
3197 5015 3470 5072 sentimus
3503 5011 3608 5066 hoc
3643 5006 3728 5065 fa-

524 5233 548 5276 !
591 5224 734 5283 Psal.
769 5193 1002 5298 cur",
1033 5227 1087 5283 1.
1166 5237 1190 5266 ⁸
1226 5227 1246 5282 1
1281 5227 1426 5283 Tim.
1462 5245 1537 5292 ιι,
1569 5228 1623 5283 8.
1701 5239 1728 5269 ι
1763 5225 1924 5283 Joan.
1964 5242 2049 5292 IV,

2172 5267 2188 5292 ,
2215 5227 2326 5292 25,
2362 5228 2453 5283 24.
2527 5229 2556 5270 δ
2584 5227 2601 5284 1
2631 5228 2774 5285 Tim.
2810 5245 2861 5284 vt
2887 5269 2903 5296 ,
2942 5230 3030 5288 16.

1547 5403 1779 5460 νΑΒΙᾹΞ
1821 5403 2204 5460 LECTIONES
2241 5403 2330 5458 ET
2365 5403 2612 5461 ΝΟΤᾸΕ.

525 5569 570 5602 ⁶⁶
599 5574 722 5630 cod.
746 5576 770 5630 1
794 5573 995 5634 ὁσίους,
1020 5587 1144 5642 qua:
1169 5578 1252 5626 est
1279 5568 1567 5642 rec._Iectio
1595 5569 1710 5642 I._c_.
1737 5638 1752 5642 _
1786 5571 1829 5603 ⁸⁷
1869 5570 2044 5642 Ψᾳλμ

2150 5568 2228 5642 τῷ
2252 5569 2592 5642 Δαϐίδφοιί.
2621 5565 3062 5642 *1-’ᾼλληλούῖαιι
3103 5564 3160 5642 _‘_°
3195 5563 3313 5642 ςΩς.
3345 5563 3568 5642 ᾼὺεειε
3587 5563 3726 5642 eod.

453 5641 566 5710 ρει
592 5660 626 5699 a
664 5655 811 5700 textu
837 5645 945 5696 τῶν
971 5638 1055 5694 (ΥΣ
1160 5642 1203 5673 ⁶⁹
1243 5643 1362 5710 cod.
1395 5639 1418 5691 1
1457 5638 1820 5710 ὲμεγαλύνθη.

455 5706 715 5781 "Mirr-ac
747 5711 820 5770 εἴ.
853 5713 976 5768 cod.
1005 5711 1028 5763 1
1066 5709 1460 5781 έμεγαλύνθης.

454 5779 805 5860 εὐπρέπειαν.
899 5783 946 5816 ⁷⁸
972 5779 1110 5837 σού.
1137 5782 1160 5836 1
1193 5779 1616 5842 ἀπολαύσαντες.

1934 5640 1980 5671 ⁷ο
2003 5638 2350 5705 Αῠξήσεως.
2383 5640 2508 5694 eod.
2547 5639 2568 5690 1
2609 5637 2907 5702 ἀξιώσεως.

1536 5700 1584 5741 τί
1605 5710 1725 5764 cod.
1755 5700 2049 5763 1ἐύσεϐοῦε

2159 5700 2167 5704 ⁷
2213 5709 2260 5741 ⁷³
2289 5700 2512 5778 Merra.
2549 5707 2622 5778 Ita
2657 5700 2820 5761 habet
2855 5703 3206 5778 qulexﬁlex.
3240 5703 3292 5778 In
3314 5703 3438 5759 cod.
3465 5700 3559 5755 Vat
3611 5700 3720 5775 Περ.

1717 5779 1763 5811 ⁷⁸
1789 5779 2149 5838 Ἐκτίνουσι.
2181 5779 2302 5836 cod.
2331 5779 2354 5832 1
2386 5777 2750 5849 ἀπονέμουσι.

3018 5634 3064 5665 τί
3095 5635 3224 5704 Καί.
3277 5634 3409 5704 cod.
3435 5633 3718 5704 I__Kt59tt.

2865 5776 2908 5806 ⁷⁷
2941 5774 3064 5828 cod.
3101 5772 3130 5824 1·
3169 5773 3362 5843 τούτῳ.
