4114 6434
524 354 659 422 1699

1513 353 2009 418 THEODORETI
2053 352 2398 416 EPISCOPI
2426 352 2797 421 CYRENSIS

3641 350 3760 422 1700

521 493 720 535 secans
752 477 900 533 viam
934 477 1097 549 aquis
1149 476 1317 542 fecit,
1366 485 1428 532 ut
1472 492 1580 531 non
1627 477 1809 531 solum
1867 475 2121 531 homines

2224 476 2374 547 ροῦν.
2408 478 2510 534 Διά
2538 478 2703 532 τοῦτο
2738 478 2842 550 ὅρη
2894 478 3110 550 τέμνων
3153 479 3417 550 παρόδους
3446 481 3556 543 τοῖς
3595 474 3763 535 ὖδασιν

526 569 733 625 aﬂatim
777 570 1013 626 fontium
1060 570 1210 625 rivns
1252 570 1548 634 haberent,
1586 568 1680 623 sed
1708 568 1871 622 etiam
1909 581 2112 638 genera

527 655 711 710 omnia
752 658 1099 712 terrestrium
1130 672 1528 727 aerearumque
1559 657 1948 712 animantium.
1976 654 2115 709 Illud

530 749 709 793 autem
731 783 745 806 ,
795 760 816 793 ι
849 741 1265 812 Exspectabam
1298 743 1491 812 onagri
1524 744 1578 797 in
1610 742 1702 798 siti
1740 758 1867 798 sua.
1893 762 1913 795 ι
1953 740 2118 814 Sym-

530 832 758 889 machus
791 834 873 891 sic
902 835 1070 891 vertit
1100 852 1116 891 :
1154 834 1436 891 Rccrcabit
1464 851 1665 905 onager
1693 836 1843 891 sitim
1868 852 2047 890 suam.

600 1108 767 1166 Vsus.
809 1107 901 1163 15.
944 1125 965 1160 ι
1005 1107 1218 1179 Rigans
1240 1115 1463 1163 montes
1487 1122 1519 1163 e
1551 1108 1855 1164 emnseulis
1887 1109 2027 1175 suis,
2054 1110 2122 1164 de

531 1204 711 1257 fructu
738 1216 969 1272 operum
999 1210 1226 1257 tuorum
1252 1202 1547 1257 satiabitur
1570 1211 1741 1257 terra.
1769 1220 1790 1253 ι
1819 1200 1935 1256 Non
1958 1202 2121 1257 modo

530 1294 747 1349 inferne
777 1309 1050 1364 aquarum
1085 1303 1341 1348 naturam
1374 1303 1671 1364 praeparat,
1703 1303 1758 1348 et
1787 1309 1959 1364 aquas
1995 1309 2121 1350 sca-

530 1389 702 1444 turire
754 1388 910 1453 facit,
965 1389 1061 1443 sed
1098 1402 1334 1459 superne
1379 1388 1546 1443 etiam
1579 1404 1678 1459 per
1711 1389 1888 1446 nubes
1921 1389 2119 1461 irriga-

533 1478 740 1537 tionem
792 1480 974 1537 aﬂ'ert.
1018 1479 1228 1536 Deinde
1262 1479 1577 1548 utilitatem,
1609 1496 1733 1552 qua:
1762 1482 1892 1538 hinc
1920 1483 2118 1549 oritur,

533 1568 831 1640 signiﬁcat.

606 1658 777 1716 Vens.
812 1664 899 1716 14.
943 1681 962 1713 ι
995 1661 1314 1718 Producens
1348 1662 1538 1719 fenum
1564 1664 1857 1734 iumentis,
1900 1676 1956 1722 et
1995 1667 2121 1724 her-

533 1754 659 1807 bam
693 1753 946 1807 servituti
976 1755 1286 1819 hominum,
1309 1762 1369 1809 ut
1386 1755 1588 1810 educas
1607 1771 1803 1826 panem
1823 1759 1892 1813 de
1913 1765 2115 1815 terra.»

533 1840 726 1898 Oritur
756 1844 901 1898 enim
934 1844 1124 1911 herba,
1149 1855 1203 1900 et
1222 1845 1471 1915 iumenta
1499 1847 1557 1902 in
1587 1851 1606 1869 ⁹
1630 1863 1794 1903 usum
1833 1849 2117 1908 hominum

535 1942 662 1988 nata
699 1935 871 1989 nutrit
906 1951 921 1987 :
951 1935 1176 1990 aluntur
1204 1946 1390 1994 autem
1422 1947 1479 1994 et
1518 1937 1733 1997 fruetus
1762 1957 1862 2011 per
1890 1943 2117 2011 imbres,

532 2034 588 2078 et
620 2023 824 2078 maturi
876 2025 1033 2089 fiunt,
1089 2036 1145 2080 et
1192 2026 1512 2084 hominibus
1551 2042 1955 2101 proponuntur.
2007 2034 2123 2090 Hoc
2151 2044 2196 2100 Β

531 2121 587 2169 et
619 2114 672 2167 in
708 2114 818 2169 alio
846 2115 925 2169 ait
954 2117 1167 2185 psalmo
1198 2135 1214 2171 :
1251 2137 1271 2169 ι
1310 2116 1576 2176 Homines
1615 2130 1671 2176 et
1714 2122 1964 2192 iumenta
2008 2127 2123 2181 sal-

536 2203 710 2267 vabis,
732 2202 965 2259 Domine
991 2202 1037 2256 i.
1072 2225 1091 2256 ι
1128 2205 1515 2263 Verumtamen
1544 2210 1616 2264 ob
1641 2211 1925 2270 hominum
1959 2232 2026 2273 us
2082 2233 2122 2274 ιι

533 2294 698 2349 e'ia'n
729 2295 979 2366 iumenta
1011 2296 1371 2367 perfruuntur
1407 2299 1511 2356 hac
1544 2303 1909 2371 providentia.

612 2561 776 2619 Vsus.
813 2564 903 2620 15.
950 2583 970 2618 ι
1007 2564 1076 2621 Ει
1105 2567 1293 2623 vinum
1342 2569 1587 2627 hetifleat
1633 2587 1730 2630 cor
1766 2574 2027 2641 hominis,
2062 2587 2124 2635 ut

533 2656 808 2711 exhilaret
857 2656 1054 2713 faciem
1093 2660 1217 2716 oleo
1248 2677 1264 2716 :
1294 2670 1352 2717 et
1394 2664 1555 2733 panis
1585 2680 1681 2721 cor
1718 2667 1961 2726 hominis
1990 2685 2124 2726 con-

534 2741 737 2798 ﬁrmat.
784 2763 802 2796 ι
870 2743 1237 2816 Symmachus
1295 2750 1502 2808 clarius
1557 2752 1701 2809 dixit
1750 2772 1764 2811 :
1815 2755 2122 2813 Producens

534 2835 715 2905 fenum
744 2837 1007 2906 iumentis
1029 2880 1045 2906 ,
1090 2848 1141 2893 ct
1174 2839 1391 2895 herbam
1424 2845 1549 2898 usui
1580 2844 1872 2914 hominum,
1906 2860 1962 2902 ut
1990 2850 2124 2904 edu-

533 2942 623 2982 cas
661 2927 836 2982 cibum
866 2945 931 2983 ea:
967 2941 1133 2997 terra,
1166 2942 1216 2987 et
1245 2935 1429 2988 uinum
1459 2936 1695 3008 letiﬁca
1728 2955 1822 2993 cor
1861 2941 2122 3008 hominis,

533 3018 767 3073 illustrat
800 3021 992 3092 faciem
1024 3023 1162 3088 oleo,
1192 3034 1242 3078 et
1270 3027 1423 3093 panis
1449 3044 1542 3082 cor
1562 3028 1795 3084 hominis
1825 3032 2119 3100 confirmet.

533 3108 614 3164 Ad
646 3110 754 3167 hoc
786 3113 956 3178 enim,
991 3114 1191 3185 inquit,
1226 3115 1372 3172 Deus
1402 3119 1789 3176 universorum
1823 3131 1981 3178 terrae
2003 3125 2124 3194 plu-

533 3200 654 3257 vias
686 3204 951 3259 continue
982 3206 1321 3277 suppeditat,
1355 3218 1415 3263 ut
1447 3210 1664 3283 1336
1685 3214 1868 3269 omnis
1904 3216 2122 3285 generis

535 3290 750 3347 fruetus
790 3295 1076 3363 producat,
1109 3305 1166 3351 et
1202 3313 1340 3366 pane
1367 3301 1585 3371 quidem
1635 3302 1918 3358 hominum
1960 3314 2122 3361 natu-

538 3397 657 3437 ram
691 3385 981 3440 confirmet
1012 3395 1068 3441 et
1095 3389 1229 3453 alat,
1273 3390 1403 3444 vino
1450 3407 1580 3448 vero
1615 3393 1871 3460 lmtilicet,
1906 3397 2122 3465 jucuu-
2146 3389 2191 3449 Ω

536 3474 863 3545 dioremque
910 3475 1109 3534 efﬁciat
1144 3478 1333 3546 vitam,
1377 3481 1501 3537 oleo
1545 3492 1727 3539 autem
1782 3503 1890 3542 non
1941 3490 2120 3545 solum

538 3564 691 3622 intus
736 3566 945 3623 nutriat
1003 3582 1279 3640 corpora,
1342 3585 1531 3628 verum
1588 3573 1753 3631 etiam
1803 3575 1936 3635 foris
1994 3578 2122 3635 illu-

538 3663 695 3712 stret.

612 3917 775 3976 Vens.
806 3920 895 3977 16.
929 3919 1337 3981 Saturabuntur
1369 3926 1516 3998 ligna
1546 3931 1747 4003 campi.
1782 3950 1804 3987 ι
1840 3933 2121 4005 Ηειπιευε,

533 4018 592 4067 et
645 4012 828 4066 caeteri
876 4012 1246 4083 interpretes,
1307 4016 1483 4089 Ligna
1528 4020 1745 4077 Domini
1794 4038 2121 4098 posuerunt.

534 4100 675 4159 Cum
726 4104 893 4174 igitur
944 4104 1259 4165 fructuosas
1301 4111 1531 4176 arbores
1581 4118 1945 4185 exposuisset,
1989 4122 2123 4179 satis

534 4196 783 4266 apposite
829 4198 998 4253 etiam
1047 4202 1318 4258 sterilium
1369 4206 1699 4273 mentionem
1751 4210 1900 4280 fecit,
1935 4224 2123 4285 utpote

535 4287 684 4356 quod
711 4287 845 4358 ipsae
865 4304 1087 4359 quoque
1113 4294 1393 4362 prebeant
1411 4298 1728 4356 hominibus
1747 4308 2121 4371 necessarium

534 4392 722 4433 usum.
771 4378 987 4438 Idcirco
1015 4392 1073 4439 et
1106 4384 1320 4441 Domini
1367 4388 1516 4457 ipsas
1548 4393 1842 4462 appellavit
1876 4415 1891 4451 :
1922 4399 2125 4470 quippe

534 4485 662 4543 quae
697 4474 830 4545 ipsa
875 4491 976 4532 sua
1030 4486 1228 4549 sponte
1261 4482 1535 4549 oriantur,
1574 4497 1629 4538 ιιι
1660 4500 1768 4540 non
1802 4502 1968 4542 manu
2006 4488 2121 4542 ela-

536 4563 766 4630 borate,
803 4568 899 4623 sed
938 4568 1129 4626 divino
1164 4573 1333 4628 verbo
1360 4576 1470 4629 sint
1501 4576 1801 4645 productae.
1828 4576 2120 4647 Propterea

536 4652 745 4712 infert:
787 4677 808 4710 ι
848 4659 914 4715 Ει
961 4662 1119 4718 cedri
1157 4660 1381 4730 Libani,
1425 4682 1564 4734 quas
1614 4668 1896 4737 plaulasti.
1933 4688 1951 4721 ι
2000 4668 2117 4724 Non

536 4747 685 4805 enim
722 4763 1010 4806 nemorum
1044 4753 1289 4811 cultores
1318 4756 1488 4827 aliqui
1517 4758 1618 4813 has
1646 4759 1986 4830 plantarunt,
2026 4762 2119 4817 scd

535 4836 781 4895 divinum
838 4840 1083 4901 Verbum
1141 4848 1412 4904 montium
1469 4850 1710 4906 eulmina
1766 4852 1855 4909 his
1903 4841 2120 4909 abunde

460 4924 475 4933 ’
534 4932 877 4988 convestivit.
936 4933 1004 4990 Et
1051 4935 1248 4993 Libani
1295 4941 1516 5009 quidem
1576 4944 1725 4999 velut
1778 4943 2117 5001 celeberrimi

535 5025 867 5079 mentionem
901 5026 1135 5094 faciens,
1166 5040 1222 5085 et
1254 5034 1544 5090 cedrorum
1576 5052 1701 5107 quae
1730 5036 1785 5093 in
1813 5038 1935 5110 ipso
1964 5048 2116 5107 sunt,

534 5115 674 5171 alios
700 5116 868 5171 etiam
905 5127 1120 5175 montes
1162 5130 1218 5176 et
1254 5126 1479 5183 arbores
1515 5144 1610 5199 per
1648 5130 1763 5187 haec
1793 5131 2077 5189 indicavit.

630 5314 647 5355 ι
692 5305 839 5362 Psal.
877 5322 1043 5375 xxxv,
1071 5308 1129 5364 6.

2222 570 2560 640 ἐτεκτήνατο
2587 588 2602 601 ⁸
2634 570 2776 625 ὥστε
2818 573 2896 645 μή
2928 572 3091 642 μόνον
3135 570 3456 643 ἀνθρώπους
3502 571 3638 642 ἔχειν
3672 573 3768 638 ἀφ-

2221 659 2394 725 θόνως
2444 663 2517 715 τὰ
2565 662 2784 734 νάματα
2816 662 2926 717 τῶν
2974 663 3170 733 πηγῶν
3197 680 3213 694 ο
3248 660 3386 717 ἀ)λά
3422 661 3514 717 καὶ
3533 662 3635 715 τῶν
3657 679 3764 732 χερ-

2235 752 2433 814 σαίων,
2460 754 2560 807 καὶ
2607 752 2719 807 τῶν
2753 754 3079 827 ἀεροπόρων
3107 753 3263 819 ζώων
3297 754 3368 807 τὰ
3416 755 3567 823 γένη.
3594 746 3667 807 Τὸ
3697 754 3767 816 δὲ,

2227 863 2247 895 ι
2286 845 2689 916 Προσδέξονται
2709 847 2938 918 δναγροι
2960 849 3041 911 είς
3069 847 3230 917 δίψαν
3289 845 3492 903 αὐτῶν.
3534 866 3554 899 s
3581 848 3607 899 ὁ
3630 845 3768 915 Σύμ-

2224 950 2397 1007 μαχος
2442 935 2618 1000 οὕτως
2653 938 3031 1009 ήρμήνευσεν,
3064 938 3491 1004 Ἀνακτήσεται
3538 937 3772 1008 ὄνατρος

2221 1027 2416 1097 δίψαν
2433 1030 2624 1085 αὐτοῦ
2644 1032 2710 1087 ’⁸.

2293 1129 2386 1190 ιγ’.
2421 1143 2440 1174 ι
2481 1124 2725 1188 Ποτίξων
2745 1124 2852 1196 ὅρη
2876 1126 2941 1179 ἐκ
2973 1126 3081 1179 τῶν
3122 1123 3390 1195 ὑπερῴων
3422 1114 3587 1178 αὑτοῦ
3614 1140 3630 1154 ·
3676 1121 3776 1175 ἀπὺ

2220 1213 2441 1283 καρποῦ
2470 1214 2581 1266 τῶν
2602 1214 2784 1286 ἔργων
2833 1232 2930 1268 σου
2953 1215 3392 1288 χορτασθήσεται
3434 1218 3467 1286 ή
3508 1215 3600 1285 γῆ.
3634 1234 3652 1267 ι
3704 1214 3775 1268 Οὐ

2220 1305 2330 1375 γὰρ
2362 1306 2523 1374 μόνον
2557 1306 2806 1361 κάτωθεν
2834 1307 3152 1371 ἀναϐλύζει.
3196 1308 3290 1361 καὶ
3306 1308 3353 1340 ⁹⁶
3380 1306 3776 1378 παρασκευάζει

2218 1394 2329 1447 τῶν
2362 1395 2575 1450 ὑδάτων
2604 1396 2705 1469 τὴν
2741 1396 2940 1467 φύσιν·
2997 1398 3180 1452 an"!
3231 1397 3439 1453 ἄνωθεν
3486 1398 3570 1451 διὰ
3611 1397 3778 1467 νεφῶν

2217 1489 2320 1561 τὴν
2351 1491 2575 1562 ἀρδείαν
2626 1492 2955 1565 προσφέρει.
2992 1486 3129 1548 Εἶτα
3162 1491 3263 1565 τὴν
3295 1491 3548 1547 ἐντεῦθεν
3581 1487 3778 1544 emat.

2222 1598 2414 1635 κνυαιν
2440 1581 2736 1651 ὠφέλειαν.

2294 1674 2355 1727 ιδ’
2362 1714 2377 1729 .
2417 1693 2435 1726 ι
2471 1674 2530 1728 ὐ
2565 1668 2936 1740 ὲξανατέλλων
2984 1674 3180 1746 χόρτον
3213 1674 3329 1739 τοῖς
3383 1678 3603 1747 κτήνεσι
3627 1692 3642 1707 ·
3692 1673 3779 1728 καὶ

2219 1767 2389 1837 χλόην
2420 1770 2490 1839 τῇ
2546 1768 2765 1839 δουλείᾳ
2804 1768 2917 1821 τῶν
2974 1766 3303 1837 ἀνθρώπων,
3361 1767 3457 1821 τοῦ
3502 1766 3778 1836 ἐξαγαγεῖν

2219 1856 2390 1928 ἄρτον
2410 1859 2479 1911 ἐκ
2499 1857 2601 1929 τῆς
2634 1861 2761 1931 γῆς.
2799 1878 2818 1911 s
2848 1858 3051 1912 Φύεται
3065 1857 3177 1928 γὰρ
3209 1859 3242 1929 ή
3273 1860 3404 1924 πόα,
3446 1859 3540 1913 καὶ
3584 1859 3780 1928 διατρέ-

2222 1966 2317 2020 φει
2338 1950 2408 2001 τὰ
2435 1950 2635 2020 κτήνη,
2654 1951 2725 2005 τά
2751 1952 2834 2014 εἰς
2855 1950 3046 2021 χρείαν
3071 1949 3377 2022 ἀνθρώπων
3406 1950 3740 2020 γεγενημένα
3763 1962 3777 1981 ⁸

2221 2038 2519 2109 τρέφονται
2559 2039 2618 2092 δέ
2670 2040 2766 2093 καὶ
2803 2041 2854 2093 οἱ
2896 2036 3102 2111 καρποὶ
3155 2040 3244 2094 διὰ
3299 2041 3409 2097 τῶν
3464 2035 3651 2102 ὑετῶν,
3697 2038 3781 2091 καὶ

2223 2131 2431 2202 ὦριμοι
2462 2132 2729 2200 γίνονται,
2762 2133 2858 2187 καὶ
2886 2132 2998 2195 τοῖς
3019 2126 3332 2204 ἀνθρώποις
3373 2133 3778 2213 προσφέρονται.

2223 2224 2397 2279 Τοῦτο
2424 2226 2521 2280 καὶ
2552 2227 2613 2279 ἐν
2659 2226 2833 2296 ἑτέρῳ
2864 2228 2967 2297 ἔφη
2994 2220 3194 2296 ψαλμῷ
3215 2243 3227 2255 ·
3265 2246 3283 2277 ι
3336 2226 3676 2297 Ἀνθρώπους
3697 2223 3784 2277 καὶ

2222 2316 2399 2385 κτήνη
2449 2314 2669 2382 σώσεις,
2689 2316 2885 2387 Κύριε.
2922 2336 2939 2367 ι
2982 2316 3124 2369 Ἀλλ’
3162 2317 3313 2387 ὅμως
3341 2315 3430 2371 διὰ
3447 2316 3544 2387 τὴν
3568 2316 3672 2369 τῶν
3700 2316 3785 2368 ἀνο

2221 2406 2460 2480 θρὼπων
2479 2408 2674 2479 χρείαν
2712 2410 2808 2462 καὶ
2832 2409 2904 2463 τὰ
2932 2410 3108 2481 κτήνη
3143 2408 3349 2480 ταύτης
3402 2408 3662 2462 ἀπολαύει
3697 2408 3785 2477 τῆς

2221 2497 2594 2570 προμηθείας.

2297 2590 2381 2645 ιε’.
2414 2609 2434 2643 ι
2466 2591 2578 2645 Καὶ
2612 2587 2759 2656 οἶνος
2789 2592 3073 2662 εὐφραίνει
3102 2592 3333 2663 καρδίαν
3353 2591 3661 2663 ἀνθρώπου,
3699 2582 3785 2641 τοῦ

2225 2682 2475 2754 ἱλαρῦναι
2513 2683 2810 2755 πρόσωπον
2854 2685 2913 2736 ἐν
2947 2684 3117 2754 ἐλαίῳ
3144 2699 3159 2714 ·
3221 2683 3316 2737 καὶ
3348 2682 3519 2755 ἄρτος
3569 2682 3788 2754 καρδίαν

2222 2776 2515 2847 ἀνθρώπου
2551 2776 2822 2847 στηρίξει.
2857 2795 2875 2827 ι
2936 2775 3278 2846 Σαφέστερον
3334 2776 3392 2829 δὲ
3422 2778 3451 2829 ὁ
3505 2774 3784 2846 Σύμμαχος

2222 2870 2448 2939 εἴρηκεν
2474 2885 2488 2898 ·
2530 2867 2920 2923 Ἐκόλαστῶν
2961 2870 3183 2939 χόρτον
3219 2868 3342 2935 τοῖς
3384 2867 3653 2934 κτήνεσι,
3697 2864 3785 2918 καί

2220 2958 2423 3027 χλόην
2437 2956 2514 3026 τῇ
2544 2957 2793 3026 δουλείᾳ
2820 2955 2939 3010 τῶν
2956 2956 3282 3025 ἀνθρώπων
3302 2973 3315 2987 ·
3340 2955 3431 3024 εις
3452 2957 3517 3010 τὸ
3541 2954 3786 3025 ἐκφῦσαί

2219 3048 2452 3120 τροφὴν
2480 3050 2600 3106 ἀπὸ
2628 3049 2764 3120 γῆς.
2794 3049 2891 3103 καί
2932 3044 3102 3104 οἶνον
3148 3049 3501 3117 εὐφραίνειν
3553 3044 3788 3114 καρδίαν

2220 3143 2572 3211 ἀνθρώπου·
2615 3143 2891 3196 στίλϐειν
2932 3143 3263 3210 πρόσωπον
3284 3140 3417 3194 er"
3450 3140 3650 3204 ἐλαίῳ,
3697 3132 3788 3189 καί

2220 3232 2406 3303 ἄρτον
2451 3233 2707 3303 καρδίαν
2749 3231 3069 3300 ἀνθρώπου
3107 3228 3433 3299 στηρίζειν,
3487 3230 3612 3282 Ἐπὶ
3644 3225 3788 3280 τοῦτο

2220 3325 2350 3397 γὰρ,
2392 3328 2579 3397 φησιν,
2615 3326 2644 3377 ὁ
2670 3325 2780 3378 τῶν
2805 3325 2941 3377 ὅλων
2968 3323 3100 3386 Θεὸς
3130 3325 3196 3393 τῇ
3232 3320 3302 3392 τῇ
3340 3323 3470 3386 τοὺς
3503 3319 3686 3380 ὑετοὺς
3711 3316 3786 3370 δι-

2221 3416 2437 3488 ηνεκῶς
2459 3418 2711 3488 χορηγεῖ,
2744 3414 2887 3469 ὥστε
2921 3415 3050 3479 τοὺς
3094 3411 3477 3478 παντοδαποὺς
3506 3410 3788 3484 βλαστῆσαι

2225 3511 2498 3582 καρποὺς,
2535 3509 2633 3562 καὶ
2665 3506 2818 3579 ἄρτῳ
2864 3507 2963 3578 μὲν
3008 3505 3263 3578 στηρίξαι
3290 3504 3335 3538 θ’
3368 3506 3466 3558 καὶ
3513 3501 3787 3572 διαθρέψαι

2223 3600 2332 3654 τῶν
2377 3599 2687 3671 ἀνθρώπων
2742 3597 2840 3668 τὴν
2873 3598 3037 3665 φύσιν
3065 3613 3077 3627 ·
3115 3595 3242 3664 οἴνῳ
3296 3594 3351 3649 δὲ
3384 3594 3654 3666 εὐφρᾶναι
3703 3587 3791 3643 καὶ

2225 3691 2643 3762 θυμηρεστέραν
2672 3688 3016 3759 ἐργάσασθαι
3053 3688 3154 3760 τὴν
3180 3684 3361 3758 ζωήν·
3423 3685 3589 3757 ἐλαίῳ
3634 3683 3689 3737 δέ
3732 3679 3788 3732 οὐ

2227 3783 2389 3853 μόνον
2409 3781 2622 3835 ἔνδοθεν
2651 3780 2967 3852 διαθρέψαι,
2983 3779 3121 3833 ἀλλὰ
3144 3780 3237 3832 καὶ
3254 3777 3459 3845 ἔξωθεν
3486 3771 3791 3848 λαμπρῢναι

2223 3875 2293 3928 τὰ
2323 3873 2574 3945 σώματα.

2297 3971 2396 4032 ις’.
2430 3984 2451 4018 ι
2491 3964 2973 4037 Χορτασθήσονται
2999 3963 3069 4016 τὰ
3120 3961 3254 4027 ξύλα
3285 3959 3381 4015 τοῦ
3440 3960 3649 4016 πεδίου.
3681 3976 3701 4013 ι
3738 3954 3792 4010 '0

2221 4055 2280 4109 δέ
2317 4054 2594 4127 Ἐϐραῖος,
2636 4054 2734 4109 καὶ
2756 4055 2807 4107 οἱ
2835 4054 3018 4107 λοιποὶ
3036 4055 3079 4118 ¹,
3100 4052 3212 4108 τοῦ
3244 4052 3471 4121 Κυρίου
3500 4050 3788 4106 τεθείκασι.

2222 4147 2519 4214 Διεξελθὼν
2552 4148 2622 4202 τὰ
2647 4148 2928 4219 κάρπιμα,
2988 4145 3305 4214 ἀναγκαίως
3340 4144 3671 4215 μνημονεύει
3708 4137 3792 4192 καὶ

2221 4240 2331 4295 τῶν
2386 4240 2681 4312 ἀκάρπων,
2714 4238 2793 4300 ὼς
2825 4236 3135 4306 ἀναγκαίαν
3192 4238 3303 4299 τοῖς
3349 4235 3662 4307 ἀνθρώποις
3708 4228 3792 4285 καὶ

2222 4332 2403 4387 αὐτῶν
2441 4331 2794 4403 παρεχόντων
2838 4331 3053 4402 χρείαν.
3109 4328 3212 4383 Διά
3271 4327 3431 4382 τοῦτο
3463 4329 3559 4383 καὶ
3594 4325 3790 4395 Κυρίου

2221 4424 2364 4481 αὐτὰ
2412 4424 2865 4496 προσηγόρευσεν
2889 4439 2903 4453 ·
2948 4421 3027 4486 ὡς
3064 4421 3337 4490 αὐτοφυᾶ,
3379 4422 3476 4476 καὶ
3508 4420 3572 4475 οὐ
3623 4415 3793 4491 χειρό-

2222 4533 2431 4587 κμητα,
2479 4513 2619 4568 ἀλλά
2665 4512 2744 4584 τῷ
2774 4512 2905 4584 θείῳ
2951 4513 3096 4585 λόγῳ
3126 4511 3532 4584 βλαστήσαντα.
3589 4507 3679 4565 Διδ
3703 4505 3792 4561 καὶ

2221 4608 2506 4678 ἐπήγαγεν
2523 4625 2538 4638 ο
2565 4625 2584 4659 ι
2605 4606 2669 4659 Δί
2690 4606 2872 4676 κέδροι
2888 4604 2983 4659 τοῦ
3002 4603 3260 4665 Λιϐάνου,
3294 4602 3360 4666 ἃς
3385 4603 3690 4672 ἐφύτευσας
3707 4599 3745 4650 ³.
3770 4613 3786 4646 ι

2151 4720 2198 4780 ο
2226 4696 2366 4751 Οὗτε
2400 4697 2509 4768 γὰρ
2542 4695 2844 4766 ἀλσοκόμοι
2896 4696 3045 4761 τινὲς
3090 4694 3297 4749 τούτων
3351 4693 3655 4765 γεγένηντο
3697 4704 3789 4780 φν-

2225 4789 2448 4862 τουργοί
2472 4804 2486 4820 ·
2507 4789 2621 4844 ἀλλ’
2671 4790 2701 4842 ὁ
2738 4788 2885 4851 θεῖος
2924 4787 3098 4855 Λόγος
3142 4786 3485 4858 ἀμφιλαφεῖς
3544 4782 3642 4844 τὰς
3694 4777 3793 4832 τῶν

2224 4881 2368 4952 ὀρῶν
2395 4878 2640 4951 κορυφὰς
2674 4879 2996 4949 εἰργάσατο.
3048 4876 3157 4930 Τοῦ
3215 4876 3402 4946 μέντοι
3454 4874 3689 4929 Λιϐάνου
3725 4867 3792 4927 ὡς

2224 4971 2503 5042 ἐπισήμου
2540 4969 2945 5042 μνημονεύσας,
3005 4967 3239 5022 καὶτῶν
3268 4968 3328 5021 ἐν
3379 4965 3534 5037 αύτῷ
3577 4962 3789 5033 κέδρωνο

2226 5066 2321 5119 καὶ
2343 5064 2516 5120 τᾶλλα
2549 5063 2650 5135 ὅρη
2680 5061 2775 5116 καὶ
2807 5060 3000 5132 δένδρα
3027 5058 3118 5115 διὰ
3143 5057 3348 5113 τούτων
3374 5056 3646 5129 ἐδήλωσεν
3667 5054 3707 5107 ³.

2450 5349 2483 5370 /

1590 5463 1830 5523 VABIIE
1885 5467 2272 5526 LECTIONES
2308 5469 2397 5527 ET
2428 5468 2658 5527 ΝΟΤΕ.

615 5619 659 5651 ’³
680 5619 902 5675 Αὑτοῦ.
927 5618 1052 5674 cod.
1086 5621 1109 5674 1
1137 5618 1356 5674 ἐαυτοῦ.

1463 5621 1510 5654 ³⁸
1545 5623 1674 5675 Καί.
1699 5622 1865 5678 Abest
1895 5640 1925 5678 a
1956 5624 2079 5681 cod.
2107 5627 2122 5679 1

2234 5625 2281 5659 ’ν
2330 5626 2506 5681 Ἀλλ’.
2541 5625 2661 5680 eod.
2699 5626 2724 5680 ι
2759 5624 3034 5691 ἀλλὰριαί.
3109 5622 3157 5659 ⁸⁸
3184 5628 3309 5681 Ἐν.
3339 5626 3507 5681 Abest
3529 5639 3557 5677 τι
3587 5621 3707 5680 cod.
3739 5616 3789 5672 1ο

537 5684 734 5769 ξ’ῃςοό.
769 5690 784 5742 l
825 5689 1100 5769 στηρίσαι.
1177 5691 1988 5769 1013104509_§_ed_blontf._in
2025 5694 2122 5769 lle)

2219 5696 2255 5769 l._
2285 5696 2349 5751 ad
2378 5695 2758 5769 Ah._l._hquil:e_
2791 5705 2847 5769 et
2871 5684 3234 5769 Theodotioni
3264 5697 3505 5754 vindicat
3535 5695 3789 5762 interpre‘

540 5756 801 5815 tationem
833 5756 943 5813 τού
961 5758 1147 5814 πεδίου
1177 5758 1409 5829 Κυρίου.

1510 5761 1528 5789 ¹
1565 5761 1763 5828 Ἐςούτ.
1812 5760 1977 5818 Hebr.
2014 5760 2301 5833 plantavit.
2376 5766 2398 5799 '
2425 5760 2631 5833 Ἐδήλ.
2661 5766 2781 5822 eod.
2823 5767 2848 5822 1
2881 5767 3308 5837 ἐμνημόνευσεν.
