4114 6418
443 376 566 442 Pii

1835 380 1916 442 IN
1954 381 2158 442 PSAL.
2195 377 2354 440 CIII.

3580 376 3720 449 1702

515 493 600 554 ις’.
646 509 663 542 ι
711 491 860 544 Ἑκεῖ
886 491 1146 560 στρουθία
1164 492 1578 547 ἐννοσσεύσουσι
1603 509 1617 524 '
1645 492 1741 546 τοῦ
1763 490 1990 564 ὲρωδιοῦ
2007 491 2029 520 ⁸

2207 489 2375 546 Vens.
2426 490 2512 544 -Π,
2571 507 2590 542 ι
2627 491 2705 545 lbi
2751 505 3004 561 passeres
3053 489 3413 547 uidilicabunt
3449 512 3463 547 :
3504 490 3718 550 herodii

435 586 467 652 ἠ
505 582 768 635 κατοικία
804 584 1024 652 ἡγεῖται
1044 582 1249 638 αὐτῶν.
1286 602 1305 635 »
1351 583 1412 637 Ὀ
1434 584 1490 638 δὲ
1537 583 1768 647 Ἀκύλας
1813 582 1987 646 οὕτως
2011 599 2027 616 ο

449 673 613 728 Ἐκεῖ
638 673 817 742 ὄρνεα
851 675 1313 728 νοσσεύσουσιν
1336 691 1350 707 ο
1396 674 1616 746 ἐρωδιῷ
1635 678 1656 709 ⁸
1688 675 1897 730 ἐλάται
1943 671 2028 728 οἷ-

443 781 552 830 κος
607 765 791 831 αὐτῷ.
839 765 940 818 ’0⁸
995 765 1051 818 δὲ
1107 766 1426 838 Σύμμαχος,
1487 768 1706 821 Ὅπουτ
1743 767 2031 834 στρουθία

435 859 865 921 ὲννοσσεύσει,
927 859 1007 925 τῷ
1057 860 1283 913 {xta-4‘
1324 859 1592 927 βόρατον
1642 858 1904 924 οτκησις.
1949 857 2032 910 Τὰ

437 956 546 1024 γάρ
577 954 718 1007 αὺτά
741 953 936 1024 δένδρα
968 954 1137 1023 ἄλλην
1167 952 1264 1022 μὲν
1284 949 1594 1022 ἀνθρώποις
1621 950 1833 1020 χρείαν,
1864 949 2030 1019 ἀλλην

437 1043 495 1095 δὲ
530 1045 647 1105 τοῖς
675 1044 888 1112 ὀρνέοις
942 1045 1172 1113 παρέχει
1201 1057 1215 1071 ⁸
1265 1039 1578 1112 ἀνθρώποις
1634 1040 1733 1108 μὲν
1783 1039 1892 1108 γὰρ
1951 1043 2032 1101 εἰς

439 1135 790 1205 κατασκευὴν
819 1135 1012 1188 οἰκιῶν
1051 1125 1340 1206 ἐπιτήδεια
1363 1148 1378 1164 ο
1412 1132 1524 1185 τῶν
1556 1132 1614 1186 δὲ
1660 1132 1864 1202 ὀρνέων
1891 1131 2032 1186 αύτά

437 1225 656 1293 δέχεται
685 1226 782 1289 τὰς
820 1227 1086 1297 οἰκήσεις.

513 1319 606 1383 ιη’.
647 1333 665 1364 ι
702 1315 842 1384 Ὀρη
869 1314 938 1367 τά
961 1314 1144 1386 ὑψηλά
1173 1317 1297 1378 ταῖς
1326 1314 1547 1384 ἐλάφοις
1570 1312 1591 1344 ⁹
1617 1330 1632 1345 ο
1665 1312 1844 1385 πέτρα
1861 1331 2033 1367 κατα-

441 1403 592 1470 φυγὴ
615 1405 728 1466 τοῖς
759 1403 994 1471 λαγωοῖς
1026 1405 1090 1458 '°.
1130 1425 1149 1458 ι
1191 1406 1266 1458 UO
1289 1407 1507 1478 παρορᾷ
1543 1423 1659 1470 σου,
1691 1409 1876 1477 φησὶν,
1913 1407 2033 1460 οὐδὲ

439 1497 509 1547 τὰ
541 1495 752 1566 σμικρά
784 1496 825 1526 “
864 1497 972 1550 τῶν
1001 1496 1157 1562 ζώων
1207 1499 1241 1568 ἡ
1278 1499 1530 1568 πρόνοια,
1570 1498 1708 1552 ἀλλά
1762 1501 1883 1561 ταῖς
1933 1500 2034 1570 μὲν

442 1585 664 1654 ἐλάφοις
684 1586 893 1650 ἔδωκας
915 1588 1243 1660 ἐνδιαίτημα
1269 1589 1371 1652 τὰς
1406 1588 1517 1642 τῶν
1567 1589 1710 1660 ὀρῶν
1731 1589 1989 1662 ’κορυφάς
2015 1607 2029 1622 ⁸

441 1679 555 1738 τοῖς
582 1677 638 1729 δὲ
683 1679 1073 1750 σμικροτέροις
1102 1679 1213 1733 τῶν
1254 1678 1433 1744 ζώων,
1492 1680 1593 1743 τὰς
1646 1679 1756 1733 τῶν
1813 1680 2034 1752 πετρῶν

443 1769 715 1823 καταδύσε
726 1787 774 1833 ις

2131 583 2327 636 domus
2353 583 2464 637 dux
2498 593 2583 638 est
2627 599 2840 640 eorum.
2880 602 2898 636 ι
2947 584 3143 654 Aquila
3180 601 3306 639 vero
3332 586 3454 640 sic:
3486 585 3571 640 lbi
3597 602 3717 641 aves

2131 673 2504 742 nidi/italiam,
2530 675 2732 729 herodii
2753 676 2941 729 domus
2966 676 3162 730 abiete:
3181 686 3323 729 sunt.
3353 675 3720 746 Symmachus

2131 781 2262 819 vero
2294 786 2306 820 :
2350 765 2452 821 Ubi
2484 783 2722 834 passeres
2757 767 3132 835 nidiﬁcabunt,
3174 770 3333 822 milvo
3369 769 3515 822 abies
3564 769 3718 822 habi-

2133 860 2288 910 tatio.
2331 856 2468 912 Nam
2501 859 2728 913 arbores
2758 858 2961 914 eaedem
2994 861 3160 914 alium
3206 860 3522 915 hominibus
3554 875 3716 914 usum

2091 995 2097 1002 .
2133 949 2394 1016 pra-bent,
2429 959 2484 1003 et
2532 950 2699 1004 alium
2743 951 2938 1006 avibus
2972 969 2986 1006 :
3030 952 3340 1008 hominibus
3383 952 3606 1020 quidem
3647 952 3716 1006 ad

2136 1042 2426 1094 domorum
2459 1051 2797 1097 structuram
2831 1053 2958 1098 sunt
2989 1055 3149 1115 aptae,
3181 1047 3361 1099 avium
3399 1055 3582 1100 autem
3613 1045 3716 1099 do-

2135 1152 2256 1191 mos
2291 1138 2421 1206 ipsa!
2449 1139 2741 1207 rccipiunt.

2213 1314 2374 1368 Vnus.
2411 1316 2492 1370 -l8.
2527 1335 2546 1368 ι
2580 1316 2788 1371 Montes
2817 1318 3017 1372 excelsi
3046 1319 3243 1384 cervis,
3263 1331 3414 1390 petra
3443 1321 3714 1392 refugium

2138 1407 2349 1477 1337
2389 1408 2693 1477 leporibus.
2733 1429 2752 1460 ι
2815 1409 2933 1463 Tua
2989 1412 3346 1478 providentia,
3394 1413 3602 1483 inquit,
3646 1429 3718 1469 ne

2135 1498 2424 1567 perexigua
2466 1498 2686 1567 quidem
2741 1499 2971 1570 despicit
3021 1501 3321 1556 animantia
3358 1520 3371 1555 :
3411 1503 3504 1557 sed
3539 1503 3718 1558 cervis

2134 1589 2354 1659 quidem
2415 1590 2684 1643 montium
2729 1591 2858 1659 juga
2911 1592 3211 1660 hospitium
3243 1593 3257 1612 ‘
3290 1591 3459 1658 dedit,
3507 1593 3718 1663 exiguis

2137 1696 2266 1736 vero
2295 1682 2626 1738 animalibus
2665 1698 2924 1737 saxorum
2957 1700 3244 1738 cavernas.

521 1860 606 1914 tO'.
649 1881 666 1911 ι
714 1862 970 1933 Ἐποίησε
1004 1861 1238 1933 σελήνην
1290 1863 1371 1925 εἰς
1421 1865 1670 1935 καιρούς.
1703 1881 1722 1915 ι
1780 1862 1863 1916 Τὰ
1892 1863 2031 1917 κατά

2206 1860 2370 1918 Vens.
2407 1862 2494 1917 l9.
2536 1881 2556 1915 ι
2595 1861 2741 1918 Fecit
2775 1865 2959 1918 lunam
2993 1881 3090 1932 pro
3126 1866 3484 1934 temporibus.
3519 1885 3539 1917 ι
3571 1865 3713 1922 Cum

443 1957 548 2023 γῆν
589 1955 808 2008 ἅπαντα
855 1953 1169 2021 διεξελθὼν,
1220 1955 1461 2010 καὶτῶν
1509 1956 1764 2024 ἀοράτων
1817 1955 2034 2025 φύσεων

444 2044 547 2114 τὴν
584 2044 956 2115 δημιουργίαν
985 2045 1188 2110 δείξας,
1216 2045 1313 2098 καὶ
1345 2045 1453 2098 τῶν
1475 2046 1723 2117 οὐρανῶν
1748 2046 2036 2114 ὑποδείξας

442 2136 542 2205 τὴν
561 2135 802 2205 ποίησιν,
823 2134 1053 2189 καὶτῶν
1069 2139 1258 2208 φωστή
1267 2153 1377 2207 ρων
1397 2140 1633 2191 ποιεῖται
1659 2138 1760 2208 τὴν
1786 2140 2034 2209 μνήμην,

443 2226 494 2279 οἳ
531 2225 676 2279 κατά
735 2224 837 2296 τὴν
883 2227 1156 2297 τετάρτην
1189 2228 1409 2299 ἡμέραν
1443 2229 1716 2297 ἐγένοντο.
1746 2231 1857 2283 Καὶ
1885 2229 2035 2297 λέγει

442 2316 544 2386 τὴν
572 2317 672 2386 τῆς
704 2317 936 2388 σελήνης
966 2317 1333 2389 δημιουργίαν
1388 2319 1478 2373 διά
1515 2319 1614 2389 τὴν
1663 2321 1770 2372 τῶν
1829 2321 2037 2390 καιρῶν

443 2409 778 2481 γεγενῆσθαι
834 2410 1188 2465 διδασκαλίαν
1215 2427 1232 2444 ο
1285 2414 1339 2465 αἱ
1385 2413 1493 2482 γάρ
1532 2412 1706 2482 αὐτῆς
1734 2413 1774 2445 ³³
1809 2413 2036 2466 ἀλλοιώ-

447 2519 560 2565 σεις
615 2501 934 2573 μετρεῖσθαι
991 2503 1087 2557 τὸν
1131 2504 1324 2575 χρόνον
1368 2505 1877 2575 παρασκευάζουσι.
1928 2506 2036 2560 Τοῦ

445 2594 555 2666 γὰρ
584 2596 756 2666 μηνὸς
782 2598 844 2649 τὸ
875 2595 1077 2667 μέτρον
1111 2595 1252 2668 αὑτὴ
1288 2599 1454 2661 ποιεῖ,
1483 2599 1542 2650 ὲν
1573 2596 1866 2661 τοσαύταις
1896 2599 2036 2668 ἡμέ-

447 2704 571 2757 ραις
595 2687 638 2719 ⁸³
667 2687 912 2754 αὖξουσὰ
940 2705 999 2741 τε
1031 2689 1126 2742 καὶ
1180 2688 1469 2758 φθίνουσα.
1504 2708 1523 2741 ι
1587 2689 1649 2742 '0
1677 2689 1835 2759 ἥλιος
1895 2691 2037 2759 ἔγνω

445 2780 548 2849 τὴν
579 2779 730 2832 δύσιν
757 2779 944 2835 αὑτοῦ.
983 2800 1002 2831 ι
1037 2781 1151 2834 Ούκ
1167 2779 1410 2851 ἔμψυχος
1443 2780 1541 2847 ὣν,
1577 2782 1700 2834 οὐδὲ
1723 2781 1867 2852 λόγῳ
1895 2781 2036 2850 χρώ-

450 2887 649 2940 μενος’
682 2871 820 2925 ἀλλά
852 2871 998 2926 κατά
1042 2872 1133 2925 τὸν
1197 2871 1343 2925 θεῖον
1404 2872 1530 2942 ὅρον
1581 2871 1806 2935 ὁδεύων,
1862 2871 2036 2935 οὕτως

449 2959 730 3032 ποιεῖτὴν
769 2960 986 3032 ἡμέραν
1016 2961 1368 3031 φαινόμενος,
1405 2963 1502 3016 καὶ
1530 2961 1631 3030 τὴν
1673 2959 1848 3014 νύκτα
1898 2977 2036 3030 κρυ-

453 3052 722 3123 πτόμενος
751 3065 768 3080 ·
800 3053 896 3105 καὶ
929 3051 1022 3105 τὸν
1055 3051 1220 3106 αὑτὸν
1267 3052 1467 3124 δρόμον
1504 3051 1618 3124 ἔχει
1667 3053 1774 3117 ἀεὶ,
1813 3051 1912 3107 καὶ
1966 3052 2037 3106 τά

457 3143 635 3213 μέτρα
666 3142 950 3211 φυλάττει.

526 3234 597 3286 κ’.
644 3252 662 3286 ι
696 3232 863 3286 Ἔθου
896 3232 1109 3300 σκότος,
1137 3233 1230 3286 καὶ
1252 3233 1472 3302 ἐγένετο
1507 3234 1624 3300 νύξ.
1661 3253 1680 3285 ›
1735 3232 2041 3304 ’Λναγκαία

455 3327 550 3378 καὶ
581 3324 789 3395 ταύτης
818 3327 852 3397 ἡ
887 3325 1051 3396 χρεία
1081 3341 1096 3356 °
1129 3328 1195 3396 τῇ
1235 3325 1334 3396 μὲν
1359 3325 1455 3378 τοῦ
1489 3327 1665 3394 φωτὸς
1690 3327 2041 3399 ὑποχωρήσει

458 3419 828 3490 συνισταμένη
859 3434 872 3449 ·
903 3419 1219 3473 ἀνάπαυσιν
1237 3419 1282 3449 ¹δ
1307 3417 1366 3471 δὲ
1386 3419 1499 3482 τοῖς
1532 3417 1840 3489 ἀνθρώποις
1901 3434 2044 3488 παρ·

457 3509 715 3579 εχομένη.

543 3621 559 3650 ι
617 3602 707 3655 Ἐν
739 3603 878 3673 αὐτῇ
909 3597 1280 3656 διελεύσονται
1308 3602 1353 3633 ’⁸
1396 3600 1574 3654 πάντα
1627 3601 1698 3653 τὰ
1728 3601 1894 3672 θηρία
1947 3601 2044 3655 τοῦ

460 3692 694 3764 δρυμοῦ.
730 3690 888 3765 [κα’.]
917 3693 1156 3761 Σκύμνοι
1197 3690 1503 3761 ὠρυόμενοι
1526 3689 1623 3742 τοῦ
1661 3691 2046 3760 ἀρπάσαι,καὶ

464 3787 698 3860 ζητῆσαι
729 3787 882 3858 παρὰ
920 3785 1014 3838 τοῦ
1043 3783 1180 3837 Θεοῦ
1207 3784 1249 3815 ¹⁶
1284 3781 1488 3853 βρῶσιν
1525 3783 1731 3846 αὐτοῖς.
1763 3801 1781 3833 ι
1833 3783 1894 3836 Ἦ
1937 3784 2046 3855 γὰρ

465 3875 563 3941 νὺξ
587 3877 702 3940 τοῖς
739 3876 837 3945 μὲν
867 3872 1180 3944 ἀνθρώποις
1206 3871 1526 3926 ἀνάπαυλαν
1571 3871 2043 3941 πραγματεύεται,

463 3968 650 4022 ἄδειαν
687 3965 744 4019 δὲ
778 3968 891 4028 τοῖς
951 3963 1165 4036 θηρίοις
1232 3963 1486 4033 παρέχει,
1521 3961 1660 4015 ὥστε
1706 3947 2032 4024 πεινώσαςί

465 4059 746 4130 ὲμπλῆσαι
773 4055 1159 4128 γαστέρας.Τδ
1178 4055 1272 4117 δὲ,,
1297 4073 1316 4107 ι
1343 4054 1585 4124 Ζητῆσαι
1606 4053 1756 4126 παρὰ
1784 4052 1878 4107 τοῦ
1912 4053 2046 4106 Θεοῦ

468 4152 672 4224 βρῶσιν
689 4151 898 4214 αὐτοῖς,
933 4169 950 4200 ι
986 4147 1109 4202 ἀντὶ
1126 4146 1243 4210 τοῦ,
1272 4147 1382 4200 Καὶ
1395 4145 1606 4209 τούτοις
1625 4148 1659 4217 ἡ
1675 4145 1794 4200 θεία
1819 4145 2049 4215 Πρόνοια

467 4243 700 4314 παρέχει
743 4242 842 4311 τὴν
891 4241 1106 4312 χρείαν.
1150 4239 1223 4292 Τὸ
1279 4238 1380 4310 μὲν
1415 4237 1524 4310 γὰρ
1581 4238 1733 4308 παρὰ
1772 4237 1868 4290 τοῦ
1914 4236 2049 4290 Θεοῦ

467 4339 662 4399 αἰτεῖν,
697 4333 971 4403 λογικῶν’
1023 4331 1084 4386 τὸ
1133 4331 1190 4386 δὲ
1225 4333 1435 4402 ζητεῖν,
1491 4330 1588 4384 καὶ
1629 4329 1740 4384 τῶν
1783 4329 1998 4399 ἀλόγων
2030 4344 2046 4358 ·

467 4428 586 4482 ἀλλ’
617 4429 768 4496 ὅμως
797 4425 894 4480 καὶ
918 4424 1132 4488 τούτοις
1157 4424 1185 4476 ὁ
1205 4421 1343 4487 Θεὸς
1404 4421 1502 4493 τὴν
1551 4419 1858 4490 ἀναγκαίαν
1907 4436 2047 4492 παρ-

467 4522 584 4592 έχει
610 4520 842 4591 τροφήν.

543 4613 648 4682 κβ’,
683 4618 790 4679 κγ’.
839 4630 858 4662 ι
901 4607 1201 4663 ’Δνέτειλεν
1231 4608 1260 4660 ὁ
1288 4606 1463 4676 ἥλιος,
1494 4604 1590 4658 καὶ
1617 4603 2044 4674 συνήχθησανη,

469 4706 566 4758 καὶ
599 4704 678 4767 εἰς
716 4703 817 4766 τὰς
887 4701 1129 4771 μάνδρας
1175 4696 1360 4751 αὐτῶν
1416 4693 1892 4764 κοιτασθήσονται.
1936 4691 2054 4757 Ἐξ-

469 4795 751 4849 ελεύσεται
795 4793 1084 4862 ἄνθρωπος
1133 4788 1228 4841 ἐπὶ
1263 4786 1324 4840 τὸ
1358 4785 1520 4858 ἔργον
1568 4785 1738 4840 αὑτοῦ
1764 4801 1778 4816 ’
1815 4785 1912 4838 καὶ
1959 4785 2053 4838 ἐπὶ

469 4887 568 4960 τὴν
599 4884 863 4957 ἐργασίαν
897 4881 1065 4937 αὑτοῦ
1105 4880 1210 4943 ἓως
1231 4878 1494 4948 ἑσπέρας.
1533 4894 1552 4928 ι
1621 4875 1802 4929 Ἠλίου
1863 4875 1919 4929 δὲ
1963 4875 2060 4929 ἀν-

475 4980 743 5050 ίσχοντος,
772 4975 841 5029 τὰ
873 4974 972 5046 μὲν
1013 4973 1094 5036 είς
1121 4971 1219 5034 τὰς
1250 4969 1457 5031 οἰκείας
1486 4966 1813 5028 καταδύσεις
1838 4967 2010 5037 χωρεῖ
2036 4979 2050 4995 ·

470 5074 520 5125 οἱ
581 5070 638 5122 δὲ
675 5068 959 5137 ἄνθρωποι
1008 5063 1101 5118 τὸν
1138 5064 1240 5133 τῆς
1288 5059 1626 5131 προτεραίας
1650 5058 1691 5090 ¹⁹
1722 5057 2051 5121 ἀποθέμενοι

474 5162 662 5225 πόνον,
722 5156 1028 5228 προθύμως
1097 5153 1261 5207 πάλιν
1322 5152 1396 5203 ὲνο
1434 5148 1552 5211 τοῖς
1616 5145 1800 5217 ἔργοις
1859 5147 2051 5216 διημε-

477 5263 750 5319 ρευουσιν.

2145 1956 2423 2009 terrestria
2460 1957 2646 2009 omnia
2691 1967 3010 2025 persecutus
3041 1966 3209 2023 esset,
3254 1957 3724 2028 invisibiliumque

2137 2056 2457 2097 naturarum
2489 2043 2852 2108 creationem,
2894 2058 2959 2096 ac
2992 2043 3257 2098 caelorum
3305 2043 3721 2112 productionem

2136 2134 2769 2196 demonstrasset,etiatn
2809 2133 3162 2186 luminarium
3199 2134 3530 2187 mentionem
3569 2131 3720 2196 facit,

2138 2243 2259 2296 quae
2287 2236 2490 2296 quarto
2521 2226 2612 2279 die
2646 2225 2786 2278 facta
2820 2224 2973 2278 fuere
3003 2243 3016 2278 :
3047 2234 3100 2278 et
3147 2222 3280 2279 dicit
3316 2225 3458 2278 lunae
3485 2225 3722 2280 creatio-

2141 2334 2262 2372 nem
2291 2317 2360 2371 ob
2389 2327 2693 2386 temporum
2726 2316 3031 2370 doctrinam
3068 2315 3264 2370 factam
3293 2331 3445 2382 esse;
3477 2315 3725 2384 quando-

2139 2409 2358 2476 quidem
2411 2406 2529 2474 ejus
2582 2405 2914 2459 mutationes
2952 2405 3055 2460 hoc
3105 2403 3363 2470 elﬁciunt,
3404 2415 3463 2460 ut
3508 2417 3724 2475 tempus

2140 2498 2244 2553 sub
2281 2512 2597 2552 mensuram
2628 2497 2809 2553 cadat.
2845 2499 2964 2568 Ipsa
3001 2501 3145 2554 enim
3178 2512 3490 2551 mensuram
3521 2496 3725 2552 mensis

2139 2588 2321 2653 edicit,
2357 2604 2480 2642 cum
2510 2597 2588 2643 tot
2620 2589 2816 2644 diebus
2851 2597 3066 2644 crescat
3128 2597 3182 2644 et
3233 2590 3530 2643 decrescat.
3577 2607 3594 2639 ι
3632 2588 3725 2643 Sol

2139 2681 2396 2751 cognovit
2420 2697 2678 2736 occasum
2707 2697 2891 2736 suum.
2935 2701 2954 2734 ι
2993 2680 3109 2737 Non
3147 2681 3291 2751 quod
3321 2682 3596 2736 animatus
3631 2682 3722 2748 sit,

2142 2788 2316 2844 neque
2365 2775 2509 2843 quod
2570 2775 2781 2828 ratione
2833 2783 3062 2830 utatur:
3094 2773 3189 2829 sed
3240 2774 3387 2843 quod
3431 2789 3499 2828 ex
3534 2773 3725 2829 divino

2141 2867 2458 2938 praescripto
2493 2868 2594 2922 iter
2626 2867 2872 2933 faciens,
2917 2868 2999 2922 sic
3041 2881 3310 2936 apparens
3355 2867 3498 2920 diem
3530 2865 3722 2930 eﬂicit,

2142 2969 2195 3015 et
2224 2968 2462 3026 noctem,
2497 2961 2842 3025 delitescens,
2880 2977 3153 3031 suumque
3197 2977 3418 3016 cursum
3469 2964 3723 3016 eumdem

2142 3066 2361 3124 semper
2393 3061 2562 3121 tenet,
2595 3065 2647 3110 et
2674 3069 2962 3111 mensuras
2989 3063 3298 3110 conservat.

2216 3228 2384 3283 Vens.
2416 3227 2506 3282 20.
2539 3246 2559 3282 ι
2596 3227 2838 3283 Posuisti
2874 3227 3148 3289 tenebras,
3179 3235 3232 3280 et
3264 3225 3402 3279 facta
3441 3234 3524 3280 est
3558 3239 3718 3279 nox.»

2145 3320 2501 3376 Necessarius
2542 3331 2625 3375 est
2653 3321 2816 3374 etiam
2850 3319 3014 3388 hujus
3051 3333 3226 3373 usus:
3259 3318 3397 3372 lueis
3443 3317 3588 3371 enim
3640 3335 3724 3375 re-

2145 3429 2305 3470 cessu
2339 3423 2458 3468 orta
2489 3429 2620 3478 nox,
2656 3415 2902 3482 requiem
2937 3410 3264 3466 mortalibus
3287 3411 3513 3478 praebet.

2226 3611 2244 3642 ι
2301 3591 2356 3646 In
2410 3593 2526 3656 ipsa
2583 3589 3000 3660 pertransibunt
3055 3602 3248 3643 omnes
3311 3586 3501 3642 bestiae
3557 3585 3724 3641 silvai.

2149 3682 2359 3756 [νεεδ.
2418 3681 2512 3752 21]
2555 3680 2735 3736 Catuli
2782 3681 3001 3735 leonum
3052 3679 3348 3750 rugientes,
3405 3685 3464 3730 ut
3493 3678 3727 3746 rapiant,

2147 3781 2200 3827 et
2229 3783 2479 3841 quaarant
2505 3785 2536 3825 a
2571 3770 2683 3825 Deo
2711 3785 2894 3826 escam
2929 3769 3056 3825 sibi.
3091 3786 3111 3820 ι
3163 3767 3281 3821 Nox
3322 3767 3465 3822 enim
3497 3768 3732 3821 homini-

2150 3865 2251 3918 bus
2283 3863 2524 3932 quietem
2565 3870 2854 3930 procurat,
2894 3859 3244 3916 securitatem
3281 3872 3410 3912 vero
3451 3855 3582 3911 feris
3618 3857 3730 3912 lar-

2138 3957 2316 4034 gitur,
2363 3965 2422 4012 ut
2454 3954 2761 4010 esurientes
2798 3961 3016 4006 ventres
3065 3950 3338 4019 eXpleant.
3387 3947 3522 4002 lllud
3564 3961 3729 4012 vero,

2159 4048 2370 4119 [338
2403 4066 2422 4099 ι
2456 4054 2517 4100 ιιι
2544 4052 2792 4115 quaerant
2824 4058 2854 4096 a
2882 4041 2993 4096 Deo
3021 4054 3204 4096 escam
3251 4038 3376 4102 sibi,
3413 4057 3433 4089 ›
3468 4037 3610 4090 idem
3650 4049 3734 4092 est

2150 4143 2320 4214 quod,
2350 4142 2526 4196 Etiam
2561 4140 2647 4195 his
2668 4138 2852 4195 divina
2877 4131 3228 4189 Providentia
3261 4129 3566 4185 necessaria
3593 4144 3733 4198 pra:-

2149 4233 2264 4288 bet.
2288 4229 2424 4286 Nam
2455 4245 2487 4284 a
2514 4230 2626 4284 Deo
2650 4226 2872 4298 quidem
2899 4223 3198 4295 postulare,
3222 4228 3306 4275 est
3332 4219 3544 4272 ratione
3570 4229 3731 4272 uten-

2153 4326 2317 4388 tium,
2348 4337 2600 4394 quaerere
2625 4336 2780 4384 vero,
2815 4319 2981 4373 etiam
3012 4315 3228 4370 ratione
3261 4313 3562 4367 carentium
3598 4330 3612 4366 :
3642 4328 3734 4367 re-

2154 4429 2464 4472 rumtameu
2486 4414 2649 4469 etiam
2673 4412 2759 4466 his
2783 4411 2923 4464 Deus
2945 4408 3311 4462 necessarium
3340 4404 3734 4458 nutrimentum

2076 4532 2121 4587 ι)
2153 4511 2342 4564 donat.

2222 4598 2389 4653 Vens.
2422 4597 2513 4663 22,
2549 4596 2642 4652 25.
2723 4611 2741 4646 ι
2785 4592 2952 4648 Ortus
2999 4600 3087 4647 est
3137 4589 3252 4654 sol,
3313 4596 3366 4642 et
3420 4585 3735 4657 congregati

2151 4699 2319 4754 sunt,
2371 4696 2426 4744 et
2468 4687 2522 4742 in
2573 4684 2846 4740 cubilibus
2894 4682 3012 4738 suis
3070 4680 3504 4756 collocabantur.
3557 4676 3740 4731 Exibit

2155 4783 2322 4836 homo
2360 4779 2429 4834 ad
2473 4793 2614 4849 opus
2641 4792 2830 4841 suum,
2869 4785 2924 4830 et
2953 4775 3020 4829 ad
3050 4774 3426 4844 operationem
3457 4785 3612 4826 suam
3645 4785 3735 4824 us-

2157 4887 2266 4943 que
2294 4873 2362 4928 ad
2395 4883 2701 4940 vesperam.
2743 4886 2763 4920 ι
2800 4865 3027 4923 Oriente
3060 4865 3209 4931 sole,
3259 4865 3377 4921 haec
3416 4863 3635 4934 quidem
3681 4863 3735 4916 in

2159 4980 2261 5020 sua
2307 4964 2479 5020 lustra
2538 4959 2827 5017 discedunt
2869 4975 2886 5015 :
2928 4958 3179 5014 homines
3227 4972 3358 5013 vero
3412 4971 3440 5011 a
3485 4955 3737 5026 pridiana

2156 5057 2342 5112 labore
2367 5054 2619 5121 recreati,
2663 5060 2920 5123 prompte
2946 5066 3142 5107 rursus
3181 5050 3236 5106 in
3281 5047 3562 5106 laboribus
3589 5045 3732 5102 diem

2155 5150 2386 5204 ducunt.

1585 5325 1820 5380 VARUE
1860 5324 2242 5380 LECTIONES
2286 5323 2370 5378 ΕΤ
2407 5321 2645 5379 ΝΟΤΕ-

542 5439 564 5470 ⁸
587 5435 698 5490 Τοῦ
725 5464 794 5473 -
825 5429 1041 5486 αὐτῶν.
1070 5424 1234 5482 Hebr.
1291 5426 1532 5489 Ciconia,
1593 5424 1786 5477 abicies
1824 5423 2012 5475 domus
2048 5421 2184 5489 ejus.
2286 5421 2307 5452 ⁵
2344 5437 2400 5474 co

542 5505 591 5547 ἠ
622 5534 692 5544 ..-
722 5503 982 5547 ηικιηιτιρ-
1014 5499 1138 5547 Des.
1179 5499 1232 5547 in
1257 5497 1378 5547 cod.
1413 5495 1462 5547 1.
1569 5496 1587 5525 ⁷
1629 5494 1834 5547 Ὅπου.
1878 5489 2068 5546 Monlf.
2109 5491 2143 5544 Ι.
2189 5506 2238 5546 C.
2283 5492 2400 5542 ἐκεῖ

476 5511 497 5539 ⁸
537 5505 591 5558 Ὀ
622 5534 692 5544 -—
722 5503 982 5568 οἴκησις.
1013 5499 1138 5554 Des.
1179 5499 1232 5550 in
1257 5497 1378 5568 cod.
1413 5495 1462 5568 1ἶ

477 5574 646 5629 Hebr.
685 5572 943 5627 "ritibus.
1051 5570 1094 5601 ¹⁶
1129 5574 1332 5636 Λατωο

2286 5420 2307 5452 ⁵
2344 5419 2465 5474 cod.
2514 5420 2534 5471 ‘l
2580 5418 2823 5488 ἐρωδιοῦ.
2881 5416 3073 5470 Menti.
3113 5417 3148 5469 Ι.
3175 5412 3446 5488 0.]ὲῆομ
3471 5412 3730 5488 ⁸ερῳδίῳ.

2517 5489 2540 5521 ⁸
2570 5480 2760 5541 Μύιιιί.
2799 5491 2832 5540 Ι.
2871 5503 2920 5542 c.
2957 5487 3137 5538 ίκτῖνι.
3243 5483 3264 5514 ⁹
3295 5481 3433 5545 Ταῖς
3457 5480 3730 5549 ἐλάφοις.

1338 5566 1411 5630 ῖς.
1449 5564 1598 5618 lianc
1628 5565 1830 5618 codicis
1867 5563 2021 5616 Alex.
2059 5561 2344 5614 lectionem
2389 5561 2502 5623 τοῖς
2531 5555 3129 5630 θ’,νὶιιιιὶιεειιΙΙὶοιζοιιἑ
3173 5554 3224 5606 in
3276 5553 3416 5630 epist
3445 5551 3658 5630 ad_s_un_
3679 5561 3734 5604 et

477 5613 1074 5700 ἕζὲἱῖἰῖἶὲὂέῖῖῖειίο.
1113 5613 1214 5706 133".
1225 5613 1689 5706 ’ᾖῐῷγρὖίἷῐοιξῖ
1703 5613 1721 5615 ⁷⁷
1733 5613 1974 5706 "regitis;
1993 5613 2049 5683 tt.

2145 5613 2172 5683 ,ν
2197 5613 2360 5706 habet
2399 5613 2934 5706 prism‘?_cuniculis._
2992 5625 3047 5706 _”
3084 5613 3484 5706 Σςέιικρᾴξροιί..
3516 5621 3540 5673 1
3575 5620 3735 5706 habet

479 5716 677 5785 μικρά,
709 5722 764 5767 et
794 5721 1110 5789 postpauca
1147 5700 1513 5786 μικροτέροις.
1591 5705 1633 5734 ³¹
1664 5703 1784 5786 cod.
1824 5704 1844 5755 l
1874 5700 2097 5782 ταύτης.

482 5786 525 5815 ιδ
550 5787 700 5826 Ars-1,
731 5782 895 5826 “2hr,
924 5791 1110 5826 una-an
1136 5774 1477 5826 m-orevtabtt.
1587 5775 1631 5806 ¹⁶
1653 5789 1775 5826 cou.
1805 5773 1828 5826 1
1856 5790 1932 5826 τω
1963 5771 2097 5826 Θεω.

853 5799 896 5836 r.
924 5791 1110 5839 ῑὍἾΠ
1134 5789 1477 5844 proreptaou.
1589 5789 1631 5806 ιο
1653 5789 1775 5828 cou.
1805 5789 1828 5826 ι
1856 5790 1932 5842 τῳ
1963 5789 2102 5837 uso),
2138 5789 2256 5840 (μεῖν
2284 5789 2366 5824 eSt

850 5851 889 5883 ’⁸
920 5851 1041 5906 cod.
1084 5848 1254 5911 Vatic.
1289 5845 1735 5914 συναχθήσονται.
1816 5844 1857 5874 ¹²
1889 5842 2010 5896 cod.
2039 5826 2065 5895 ’ί
2105 5841 2399 5911 προτέρας.

482 5774 525 5815 ⁵³
547 5774 702 5838 Δὶελ.
731 5774 896 5838 Ilébr.
924 5774 1110 5839 ii:an
1134 5774 1477 5844 ὴνοτίεριαδίί·

479 5853 772 5924 Ρῐᾶξωπάς

2197 5700 2241 5740 ⁸³
2283 5689 2568 5768 Ἡμέραις.
2588 5700 2754 5752 Abest
2779 5695 2956 5768 good.
2990 5695 3053 5768 l._
3116 5689 3157 5724 ‘7‘
3186 5689 3362 5768 φάε-1
3376 5689 3730 5768 ἀνάπαυλαν,

2138 5786 2256 5840 quze
2284 5759 2366 5824 est
2407 5759 2561 5826 lectio
2595 5769 2725 5824 edit.
2767 5764 2889 5820 Ald.
2929 5774 2982 5821 et
3015 5763 3223 5834 Compl.
3303 5760 3343 5794 ”
3368 5763 3528 5816 Ιιειν.
3559 5759 3729 5816 (⁸οι1.1
