4114 6454
354 318 491 387 1705

1716 307 1796 367 IN
1827 306 2036 367 PSAL.
2096 300 2262 363 CIII.

3492 295 3630 363 1706

352 454 528 495 παντα
548 436 596 469 ⁸⁸
650 433 1058 504 πλησθήσονται
1093 428 1140 461 ⁸⁸
1187 426 1584 499 χρηστότητος.
1621 444 1640 477 ι
1675 426 1789 495 Τὴν
1846 426 1935 479 εὐ·
1967 473 1975 488 ι

2060 421 2219 476 -ἰοηῑο
2252 431 2303 475 te
2331 431 2559 475 manum
2604 424 2777 481 tuam,
2820 414 3004 470 omnia
3049 414 3424 485 implebuntur
3473 412 3634 470 boni-

351 530 538 586 κολίαν
572 528 674 599 τῆς
694 526 803 580 τῶν
842 522 1064 595 ἀγαθῶν
1094 520 1367 594 χορηγίας
1406 518 1498 573 διὰ
1550 521 1760 573 τούτων
1807 517 1937 589 ἐδή-

351 624 541 679 λωσεν.
588 624 805 691 ’Ὠσπερ
833 618 944 690 γὰρ
972 616 1209 679 εὐπετὲς
1241 614 1375 667 εἴσω
1404 612 1730 675 νενευκότας
1761 612 1938 664 ἐκτεῖ-

351 735 440 772 ναι
473 713 798 777 δακτύλους,
847 710 994 764 οὕτω
1045 708 1227 780 ῥᾴδιον
1255 707 1335 776 τῷ
1388 703 1507 775 Θεῷ
1553 702 1663 756 τῶν
1715 701 1939 771 ἀγαθῶν

352 809 613 865 ἁπάντων
646 803 1004 877 δωρήσασθαι
1031 800 1128 873 τὴν
1153 799 1349 872 φοράν.

423 902 529 958 κθ’.
573 921 592 954 ‹
643 898 1118 969 Ἀποστρέψαντος
1143 896 1201 948 δέ
1229 912 1326 947 σου
1371 893 1435 947 τὸ
1477 894 1797 964 πρόσωπον,
1843 908 1938 945 τα-

354 995 747 1068 ραχθήσονται.
786 1009 804 1041 ι
840 989 1111 1058 Καθάπερ
1140 987 1197 1040 δὲ
1232 986 1415 1057 πάσης
1464 987 1731 1057 ἐμφορεῖς
1764 982 1943 1058 θυμη-

353 1090 472 1152 δέας
505 1088 634 1149 τοὺς
681 1084 790 1137 τῶν
825 1081 1054 1150 ἀγαθῶν
1105 1080 1509 1143 ἀπολαύοντας,
1570 1081 1629 1133 ἐν
1677 1077 1943 1149 εὐμενείᾳ

352 1180 528 1235 ταῦτα
555 1176 901 1249 δωρούμενος
929 1191 944 1205 ’
970 1172 1146 1237 οὕτως
1179 1171 1668 1244 ἀποστρεφομένου
1702 1187 1819 1232 σου,
1847 1187 1945 1223 τα·

356 1272 532 1345 ραχῆς
554 1270 776 1325 ἅπαντα
805 1268 903 1320 καὶ
929 1266 1091 1329 δέους
1117 1264 1490 1335 ἐμπίπλαται.
1541 1283 1559 1316 ι
1601 1261 1944 1325 Ἀντανελεῖς

353 1367 418 1419 τὸ
455 1362 679 1433 πνεῦμα
702 1359 905 1426 αὐτῶν,
934 1359 1027 1413 καὶ
1059 1358 1393 1427 ἐκλείψουσι,
1423 1357 1523 1410 ’καὶ
1571 1359 1654 1420 είς
1686 1357 1779 1410 τὸν
1813 1355 1945 1427 χοῦν

355 1457 541 1514 αὐτῶν
562 1453 984 1526 ἐπιστρέφουσι.
1026 1472 1043 1505 ι
1084 1451 1185 1505 Σοῦ
1219 1452 1332 1524 γὰρ
1381 1451 1732 1522 βουλομένου,
1775 1452 1870 1504 καὶ
1917 1451 1946 1501 ὁ

357 1555 456 1624 τῆς
479 1551 662 1621 ψυχῆς
693 1550 787 1602 καὶ
828 1549 857 1600 ὁ
882 1542 978 1600 τοῦ
1046 1544 1305 1617 σώματος
1358 1544 1574 1613 γίνεται
1616 1541 1899 1614 χωρισμός
1926 1557 1940 1573 ⁸

358 1646 482 1717 μεθ’
508 1645 566 1698 ὃν
589 1644 631 1675 ⁸⁷
667 1642 728 1695 τὸ
758 1642 916 1711 σῶμα
938 1639 1116 1710 φθορᾷ
1148 1638 1529 1708 παραδίδοται,
1569 1638 1663 1689 καὶ
1716 1637 1798 1699 εἰς
1855 1635 1948 1689 τὸν

359 1738 633 1809 πρόγονον
672 1733 974 1789 ἀναλύεται
1003 1731 1156 1802 χοῦν.
1191 1730 1437 1799 Πνεῦμα
1473 1728 1532 1783 δὲ
1568 1727 1807 1783 ἐνταῦθα
1847 1726 1948 1798 την

358 1829 540 1900 ψυχὴν
563 1825 1036 1898 προςηγόρευςεν.

430 1917 496 1972 λ’.
544 1936 563 1969 ι
618 1912 1124 1980 Ἐξαποστελεῖςτὺ
1155 1910 1377 1982 πνεῦμά
1401 1925 1520 1972 σου,
1576 1910 1672 1963 καὶ
1721 1908 1949 1979 κτισθή-

362 2028 574 2074 σονται,
633 2010 732 2062 καὶ
779 2006 1118 2068 ἀνακαινιεῖς
1165 2003 1227 2057 τὸ
1274 2003 1569 2074 πρόσωπον
1621 2001 1880 2074 τῆς-γῆς.
1926 2020 1945 2053 ι

375 2100 650 2157 Ἐνταῦθα
683 2098 875 2167 σαφῶς
918 2099 1055 2168 ἡμῖν
1084 2095 1183 2167 τὴν
1243 2094 1545 2149 ἀνάστασιν
1581 2091 1949 2166 προεκήρυξε,

361 2197 461 2248 καὶ
491 2194 590 2263 τὴν
621 2192 709 2244 διὶι
728 2191 822 2243 τοῦ
857 2188 1132 2255 παναγίου
1160 2188 1206 2220 ⁸⁸
1252 2185 1574 2257 Πνεύματος
1623 2185 1950 2240 ἀναϐίωσιν.

358 2282 527 2336 Οὕτω
552 2281 608 2335 δὲ
639 2280 735 2334 καὶ
779 2278 971 2341 Ἠλίας
1000 2279 1028 2331 ὁ
1055 2277 1198 2331 πάνυ
1237 2279 1336 2348 τῆς
1394 2278 1571 2347 χήρας
1626 2278 1750 2348 τρὶς
1771 2276 1818 2308 ¹⁹
1851 2276 1955 2345 ἐμ-

363 2374 624 2446 φυσήσεις
645 2371 725 2442 τῷ
751 2369 1054 2442 παιδαρίῳ,
1078 2370 1177 2421 καὶ
1203 2368 1292 2421 διὰ
1320 2368 1419 2437 τῆς
1435 2365 1758 2436 ἐνοικούσης
1786 2383 1955 2420 πνευ-

369 2468 615 2539 ματικῆς
667 2467 895 2537 χάριτος
950 2460 1323 2531 ἐπαναγαγὼν
1381 2460 1629 2533 ζωήν³⁶⁶
1680 2460 1825 2515 οὕτω
1862 2458 1956 2515 καὶ

375 2558 683 2621 Ἐλισσαῖος
703 2556 797 2609 τὸν
819 2555 918 2622 τῆς
937 2552 1324 2623 Σουμανίτιξος
1338 2552 1676 2624 ἐξωοποίησε
1696 2551 1739 2583 ³¹
1767 2552 1955 2614 παῖδα,

360 2653 443 2722 τῷ
488 2648 849 2720 πνευματικῷ
898 2648 1250 2718 χρησάμενος
1301 2646 1686 2716 ἐμφυσήματι,
1731 2642 1829 2697 καὶ
1880 2641 1959 2712 τῷ

367 2743 627 2812 ξωοποιῷ
678 2741 957 2812 πνεύματι
1004 2739 1582 2810 πραγματευσάμενος
1636 2733 1735 2808 τὴν
1782 2733 1956 2804 ζωήν.

359 2837 528 2892 ὐῦτω
559 2836 662 2907 τῆς
696 2835 848 2898 θείας
871 2833 1179 2903 δυνάμεως,
1214 2832 1308 2885 καὶ⁵
1334 2831 1494 2903 τήνδε
1538 2830 1637 2901 τὴν
1672 2829 1960 2903 ἐνέργειαν

365 2929 573 2996 δείξας,
609 2929 689 2992 εἰς
719 2925 997 2998 ὑμνῳδίαν
1042 2924 1348 2996 μεταφέρει
1378 2922 1477 2993 τὴν
1503 2921 1753 2991 γλῶτταν
1768 2921 1837 2974 ³’.

440 3108 546 3164 λα’.
586 3126 605 3160 ι
644 3108 853 3176 Ἥτωή
877 3105 1006 3170 δόξα
1034 3104 1245 3175 Κυρίου
1296 3105 1379 3169 εἰς
1417 3103 1546 3167 τοὺς
1591 3101 1798 3166 αἰῶνας
1819 3102 1886 3155 ³³.
1929 3119 1948 3153 ι
1984 3138 2028 3197 C

379 3202 520 3267 ‘Ast,
548 3200 736 3271 φησὶν,
763 3199 927 3251 αὑτὸν
953 3195 1107 3269 παρὰ
1136 3196 1361 3250 πάντων
1385 3192 1673 3265 ὑμνεῖσθαι
1721 3194 1954 3247 δίκαιον.

367 3292 831 3364 Εὐφρανθήσεται
864 3291 1069 3363 Κύριος
1101 3291 1194 3345 ἐπὶ
1225 3292 1338 3354 τοῖς
1362 3289 1545 3359 ἔργοις
1573 3287 1763 3343 αὐτοῦ.
1790 3306 1809 3340 ι
1846 3288 1958 3358 Τὴν

368 3387 647 3456 ἐσομένην
698 3385 810 3437 τῶν
859 3384 1167 3454 ἀνθρώπων
1221 3381 1556 3451 θεογνωσίαν
1613 3380 1702 3434 διὰ
1752 3379 1960 3432 τούτων

367 3478 653 3533 ἐθέσπισε.
687 3477 799 3547 Τῆς
818 3476 931 3546 γὰρ
953 3478 1228 3547 προτέρας
1253 3476 1473 3545 ἀπάτης
1495 3474 1606 3528 τῶν
1652 3473 1750 3527 ἀνθ
1762 3473 1960 3546 ρώπων

368 3568 829 3636 ἀπαλλαγέντων,
856 3569 951 3619 καὶ
984 3565 1302 3638 δεξαμένων
1330 3565 1424 3620 τοῦ
1471 3563 1610 3617 Θεοῦ
1650 3564 1751 3634 τὴν
1835 3562 1959 3615 ἐπί-

371 3676 608 3729 γνωσιν,
633 3657 1080 3729 εὐφρανθήσεται
1100 3657 1146 3689 ³⁸
1181 3656 1336 3722 θεὸς,
1373 3656 1434 3710 οὺ
1459 3653 1958 3726 προσκυνούμενος,

367 3749 518 3805 ἀλλὰ
548 3749 896 3820 σωζομένους
931 3748 1095 3820 ὀρῶν.

342 3876 351 3881 -
441 3839 543 3911 λβ’.
601 3859 619 3891 ι
683 3841 742 3893 '0
800 3839 1117 3893 ἐπιϐλέπων
1168 3838 1260 3891 ἐπὶ
1305 3837 1404 3909 τὴν
1453 3840 1579 3907 γῆν,
1643 3838 1738 3890 καὶ
1792 3837 1961 3889 ποιῶν

368 3932 549 4001 αὐτὴν
575 3931 832 4001 τρέμειν·
877 3931 906 3983 ὁ
935 3929 1242 3998 ἁπτόμενος
1266 3928 1376 3981 τῶν
1413 3928 1609 3998 ὀρέων,
1634 3927 1729 3980 καὶ
1757 3926 1960 3979 καπνί-

372 4023 586 4088 ζονται.
631 4040 650 4074 ι
690 4023 935 4086 Εἰκότως
978 4021 1155 4074 ταῦτα
1191 4020 1573 4092 προστέθεικε,
1605 4020 1667 4072 τὸ
1713 4019 1961 4083 ἁνενδεὲς

366 4115 646 4170 διδάσκων
697 4118 799 4187 τῆς
848 4115 1000 4179 θείας
1040 4114 1278 4184 φύσεως.
1311 4115 1389 4167 Οὐ
1432 4114 1542 4185 γὰρ
1578 4113 1653 4176 ὡς
1705 4113 1962 4182 δεόμενος

365 4208 638 4279 τέρπεται
686 4208 1172 4280 προσκυνούμενος
1198 4225 1213 4239 ·
1266 4206 1381 4259 ἀλλ’
1412 4205 1717 4273 ὼςνσώςειν
1761 4204 1963 4275 βουλό-

368 4317 560 4373 μενος,
597 4298 698 4371 τὴν
740 4299 1001 4372 ἀλήθειαν
1040 4300 1287 4352 δείκνυσι
1311 4315 1325 4330 ·
1377 4298 1473 4351 καὶ
1519 4297 1769 4362 κολάζειν
1801 4297 1962 4351 δυνά-

372 4410 562 4464 μενος,
606 4393 709 4446 οὐκ
742 4391 998 4463 ἐπιφέρει
1043 4392 1142 4463 τὴν
1183 4390 1442 4445 κόλασιν·
1478 4390 1573 4443 καί
1602 4407 1685 4443 τοι
1725 4392 1861 4461 μόνῃ
1894 4392 1960 4461 τῇ

2042 524 2177 569 tate.
2230 531 2250 564 ι
2319 510 2660 566 Facilitatem
2713 506 3174 578 suppeditationis
3220 506 3491 560 bonorum
3537 518 3635 574 per

2043 605 2159 659 lucc
2191 601 2515 656 declaravit.
2567 598 2725 653 Sicut
2765 598 2913 652 enim
2960 597 3122 653 facile
3170 604 3255 651 est
3296 595 3502 665 digitos
3544 594 3634 648 in-

2044 706 2285 750 trorsum
2345 693 2575 748 inflexus
2631 690 2928 747 extendere
2975 709 2988 743 :
3043 690 3126 744 sic
3176 690 3337 744 facile
3391 697 3477 744 est
3523 687 3634 744 Deo

2044 787 2288 841 omnium
2330 786 2605 840 bonorum
2639 783 2853 854 ecpiam
2887 781 3096 852 largiri.

2117 878 2287 935 Vens.
2323 878 2415 933 29.
2467 896 2486 929 ι
2525 880 2821 932 Avertente
2851 886 3034 930 autem
3085 883 3136 928 te
3170 872 3398 936 faciem,
3447 870 3635 927 turba-

2043 974 2270 1028 buntur.
2306 990 2325 1024 ι
2361 968 2834 1037 Quemadmodum
2880 975 3062 1023 autem
3104 968 3252 1021 omni
3303 965 3488 1020 laetitia
3538 979 3637 1019 eos

2047 1066 2267 1137 imples,
2301 1064 2396 1135 qui
2430 1065 2590 1118 bonis
2620 1062 3000 1133 perfruuntur,
3052 1060 3316 1115 benevole
3369 1060 3486 1114 [nec
3527 1057 3641 1111 lar-

2049 1161 2203 1232 giens
2231 1177 2244 1212 :
2273 1159 2464 1214 eodem
2513 1156 2679 1212 modo
2711 1163 2995 1211 avet-lente
3034 1165 3104 1219 te,
3143 1152 3555 1224 perturbatione
3584 1161 3642 1206 et

2050 1253 2248 1308 timore
2273 1251 2459 1305 omnia
2490 1251 2807 1320 implentur.
2842 1267 2861 1300 ι
2887 1246 3119 1301 Auferes
3144 1246 3397 1316 spiritum
3420 1259 3638 1310 eorum,

2049 1358 2104 1402 et
2153 1346 2430 1409 deficient.
2478 1356 2534 1400 et
2590 1345 2644 1398 in
2682 1344 2959 1413 pulverem
3000 1357 3161 1398 suum
3213 1349 3571 1395 revertentur.
3614 1357 3635 1390 ι

2051 1439 2127 1495 Te
2150 1441 2297 1496 enim
2319 1440 2563 1503 volente,
2587 1445 2641 1493 et
2667 1437 2865 1492 anima:
2890 1443 2945 1490 et
2961 1435 3209 1506 corporis
3229 1434 3290 1489 fit
3308 1433 3639 1489 divortium:

2049 1542 2176 1606 post
2222 1534 2368 1606 quod
2435 1548 2640 1604 corpus
2692 1530 3090 1599 corrumpitur,
3135 1539 3191 1584 ct
3226 1528 3280 1581 in
3342 1527 3643 1598 pristinum

2053 1630 2336 1702 pulverem
2384 1627 2732 1683 dissolvitur.
2785 1624 3050 1694 Spiritum
3099 1623 3310 1678 scilicet
3368 1622 3476 1677 hoc
3523 1622 3647 1676 loco

2052 1723 2293 1776 animam
2337 1719 2647 1791 appellavit.

2131 1904 2300 1959 Vens.
2340 1901 2431 1958 '50.
2470 1921 2489 1953 ι
2525 1900 2757 1955 Emittes
2789 1896 3045 1968 spiritum
3078 1906 3254 1961 tuum,
3294 1905 3347 1952 et
3373 1896 3651 1953 creabun-

2056 2005 2167 2060 tur,
2204 2006 2259 2050 et
2287 1992 2583 2049 renovabis
2616 1991 2812 2047 faciem
2851 2000 3032 2047 terrae.
3072 2007 3092 2041 ι
3138 1987 3252 2045 lloe
3282 1989 3336 2044 in
3381 1989 3502 2045 loco
3531 2004 3652 2045 ma-

2057 2088 2257 2144 nifeste
2312 2088 2776 2143 resurrectionem
2833 2085 2994 2141 nobis
3052 2085 3340 2155 praedixit,
3413 2095 3469 2141 et
3523 2085 3652 2141 vitae

2056 2180 2502 2245 restitutionem,
2545 2195 2669 2250 qua:
2719 2180 3057 2236 sanctissimi
3100 2179 3336 2250 Spiritus
3380 2177 3652 2234 beneﬂcio

2057 2273 2348 2341 contingit.
2397 2272 2489 2327 Sic
2536 2282 2720 2326 autem
2754 2282 2804 2326 et
2853 2271 3000 2327 Elias
3052 2272 3141 2327 ille
3170 2285 3403 2341 magnus
3432 2270 3562 2325 fecit
3582 2278 3647 2333 ω,

2058 2381 2185 2420 eum
2239 2365 2471 2435 puerulo
2524 2365 2703 2420 viduae
2741 2373 2821 2420 ter
2874 2365 3234 2435 inspirasset,
3283 2378 3522 2434 eumque
3555 2378 3651 2432 per

2059 2459 2293 2528 gratiam
2345 2456 2592 2526 spiritus,
2624 2472 2746 2526 qua:
2792 2457 2845 2511 in
2896 2457 3014 2526 ipso
3049 2456 3348 2521 habitabat,
3392 2457 3449 2510 in
3478 2455 3651 2510 vitam

2059 2534 2372 2605 reduxisset
2405 2567 2417 2602 :
2463 2549 2544 2603 sic
2590 2548 2755 2602 etiam
2804 2549 3034 2603 Eliszeus
3072 2548 3246 2604 filium
3284 2546 3651 2602 Sumanitidis

2059 2643 2244 2698 vivum
2277 2642 2457 2698 effecit
2487 2650 2577 2709 ποθ,
2634 2658 2758 2697 cum
2814 2642 3041 2710 spiritus
3100 2643 3469 2697 insufflatione
3514 2654 3653 2696 usus

2059 2747 2227 2801 esset,
2294 2745 2350 2790 et
2411 2736 2578 2790 vitam
2638 2734 2853 2789 vivifico
2908 2733 3100 2802 spiritu
3158 2740 3530 2803 procurasset.
3588 2730 3653 2788 In

2062 2830 2214 2885 hunc
2239 2829 2463 2884 modum
2493 2828 2738 2883 divinam
2763 2826 3085 2897 potentiam,
3117 2826 3349 2897 ejusque
3382 2827 3492 2882 vim
3523 2840 3655 2882 cum

2060 2924 2438 2990 ostendisset,
2498 2922 2742 2993 linguam
2793 2920 2863 2975 ad
2912 2920 3269 2976 celebrandas
3322 2920 3414 2975 Dei
3461 2919 3657 2977 laudes

2062 3017 2352 3071 convertit.

2134 3107 2300 3164 Vens.
2327 3109 2417 3163 3f.
2447 3128 2467 3162 ι
2498 3107 2581 3163 Sit
2612 3109 2787 3179 gloria
2816 3105 3033 3162 Domini
3064 3105 3117 3160 in
3153 3106 3410 3162 saecula.»
3440 3104 3652 3178 1351

2069 3197 2320 3270 Semper,
2351 3201 2446 3267 ait,
2473 3202 2543 3255 ab
2569 3202 2825 3256 omnibus
2848 3215 2976 3255 eum
2996 3199 3251 3255 laudibus
3280 3199 3419 3255 allici
3444 3200 3656 3269 justum
3744 3269 3750 3274 .

2068 3300 2169 3345 cst.
2204 3309 2223 3342 ι
2264 3289 2567 3345 Laatabitur
2600 3290 2869 3347 Dominus
2902 3289 2971 3345 de
3012 3290 3272 3361 operibus
3318 3292 3454 3347 suis.
3485 3310 3504 3343 ι
3546 3289 3660 3345 Fu-

2069 3390 2250 3434 turam
2284 3379 2379 3435 Dei
2408 3380 2780 3451 cognitionem
2811 3379 2869 3435 in
2898 3379 3216 3435 hominibus
3246 3396 3344 3450 per
3375 3380 3492 3436 haec
3514 3381 3659 3435 vati-

2071 3472 2292 3529 cinatus
2349 3483 2483 3537 est-
2531 3472 2862 3529 Hominibus
2912 3473 3060 3529 enim
3112 3489 3145 3528 a
3197 3474 3431 3546 pristino
3472 3489 3662 3531 errore

2071 3567 2342 3634 liberatis,
2368 3565 2575 3638 Deique
2597 3566 2972 3638 cognitionem
2996 3566 3231 3637 adeptis,
3253 3567 3468 3622 laetatur
3489 3566 3659 3632 Deus.

2071 3675 2184 3714 non
2223 3665 2352 3729 quia
2380 3659 2602 3721 Colitur,
2646 3659 2741 3714 sed
2776 3659 2907 3729 quia
2950 3659 3097 3714 videt
3137 3660 3391 3715 homines
3424 3661 3659 3717 salutem

2069 3759 2420 3806 consecutos.

2142 3841 2311 3898 sts.
2343 3844 2434 3898 52.
2488 3862 2506 3894 ι
2540 3843 2646 3909 Qui
2698 3844 2924 3913 respicit
2965 3852 3205 3907 terram,
3259 3856 3311 3900 et
3363 3845 3496 3900 facit
3535 3862 3658 3901 eam

2069 3943 2304 3987 tremere
2346 3950 2363 3985 :
2401 3932 2496 4002 qui
2546 3935 2717 4003 tangit
2761 3944 3009 3999 montes,
3042 3943 3096 3989 et
3140 3935 3430 4003 fumigant.
3472 3954 3492 3988 ι
3526 3934 3661 3991 Jurc

2071 4025 2189 4079 haec
2223 4025 2500 4095 apposuit,
2543 4025 2749 4081 docens
2795 4026 3039 4081 divinam
3089 4037 3343 4081 naturam
3399 4028 3547 4082 nulla
3602 4045 3661 4084 re

2072 4116 2335 4185 indigere.
2396 4115 2517 4170 Non
2569 4118 2716 4171 enim
2770 4127 2829 4172 ut
2876 4118 3128 4189 indigens
3178 4118 3479 4174 delectatur
3531 4135 3657 4174 cum

2071 4207 2270 4261 colitur
2298 4216 2326 4256 P
2359 4224 2373 4259 :
2410 4208 2503 4262 sed
2534 4218 2593 4262 ut
2634 4209 2867 4264 salutem
2916 4210 3160 4279 praebere
3201 4211 3410 4274 volens,
3460 4213 3661 4265 veritas

2072 4308 2180 4353 tem
2227 4300 2498 4364 ostendit,
2551 4312 2607 4355 et
2644 4318 2769 4356 cum
2803 4302 3046 4372 plectere
3075 4303 3274 4372 possit,
3323 4318 3430 4357 non
3463 4303 3663 4375 infligit

2070 4407 2315 4462 poenam,
2361 4393 2462 4447 etsi
2521 4395 2640 4449 sola
2672 4396 2688 4416 ‘
2719 4410 2821 4450 sua
2855 4397 3147 4466 praesentia
3191 4406 3393 4451 terram
3424 4398 3657 4467 quatiat,

371 4484 677 4556 ἐπιφανείᾳ
713 4484 875 4537 σείων
899 4484 1000 4554 τὴν
1052 4485 1179 4553 γῆν,
1209 4482 1303 4537 καὶ
1338 4483 1510 4555 πυρὸς
1542 4484 1635 4536 καὶ
1660 4482 1869 4537 καπνοῦ
1899 4485 1967 4538 τὰ

2074 4494 2129 4540 ct
2172 4486 2294 4555 igne
2344 4500 2410 4539 ac
2451 4486 2606 4541 fumo
2644 4497 2858 4542 montes
2890 4488 3130 4557 impleat.
3164 4488 3278 4543 lloc
3323 4498 3555 4545 sane‘et
3603 4489 3660 4544 in

368 4578 481 4648 ὅρη
508 4575 755 4647 πληρῶν.
783 4574 958 4630 Τοῦτο
977 4575 1037 4628 δὲ
1068 4576 1163 4628 καὶ
1192 4575 1251 4627 ἐν
1279 4574 1354 4644 τῷ
1385 4575 1518 4645 Σινᾷ
1532 4575 1648 4647 ὄρει
1673 4576 1964 4646 πεποίηκε’

368 4670 477 4740 τὴν
528 4668 743 4722 οἰκείαν
785 4668 893 4739 γὰρ
936 4667 1308 4736 ποιησάμενος
1349 4667 1698 4736 ἐπιφάνειαν,
1732 4667 1794 4721 τὸ
1840 4668 1967 4739 ὅρος

375 4762 532 4815 ἅπαν
560 4758 728 4823 ἔδειξε
763 4759 1187 4829 καπνιζὸμενον.

444 4847 552 4919 λγ’.
597 4870 617 4903 ι
655 4850 808 4922 ’ᾼσω
838 4849 915 4920 τῷ
949 4851 1141 4920 Κυρίῳ
1178 4852 1235 4901 ἐν
1275 4851 1341 4919 τῇ
1384 4849 1496 4920 ζωῇ
1534 4867 1659 4919 μου,
1695 4851 1852 4921 ψαλῶ
1889 4854 1968 4924 τῷ

369 4940 498 5011 Θεῷ
541 4958 643 5011 μου
686 4940 794 5004 ἕως
831 4941 1083 5011 ὑπάρχω.
1115 4959 1135 4991 ι
1177 4938 1291 4992 Καὶ
1323 4938 1499 4993 ταῦτα
1536 4940 1763 5005 εἰκότως
1794 4960 1966 5012 προσ-

364 5033 644 5087 τέθεικεν.
690 5053 708 5085 ι
755 5033 830 5085 Οὐ
868 5034 978 5105 γάρ
1035 5036 1184 5086 ἐστιν
1216 5035 1274 5085 ἐν
1333 5033 1413 5102 τῷ
1448 5031 1668 5103 θανάτῳ
1692 5034 1720 5086 ὁ
1753 5052 1970 5107 μνημο-

368 5123 552 5179 νεύων
609 5124 819 5191 αὐτοῦ,
866 5126 925 5179 ἐν
977 5124 1034 5178 δὲ
1077 5124 1155 5196 τῷ
1217 5124 1320 5197 ᾄδῃ
1382 5123 1466 5190 τίς
1506 5124 1965 5198 ἐξομολογήσεται

448 5325 494 5354 ω
531 5311 600 5368 lll
637 5313 771 5387 lleg.
804 5328 936 5377 xvn,
972 5312 1065 5364 21.

2075 4590 2261 4635 monte
2294 4579 2447 4635 Sinai
2484 4581 2611 4637 fecit
2647 4601 2660 4638 :
2692 4599 2818 4638 cum
2869 4586 3019 4639 enim
3068 4587 3435 4655 apparuisset,
3481 4596 3661 4643 totum

2073 4685 2320 4728 montem
2368 4674 2675 4730 fumantem
2707 4677 2963 4733 reddidit.

2149 4848 2319 4905 Vens.
2352 4850 2444 4905 55.
2485 4869 2503 4901 ι
2543 4851 2791 4907 Cantabo
2826 4852 3059 4909 Domino
3097 4856 3151 4909 in
3177 4856 3291 4911 vita
3326 4873 3466 4923 mea,
3515 4857 3664 4928 psal-

2073 4943 2182 4996 lam
2236 4943 2348 4999 Deo
2396 4960 2522 4999 meo
2572 4946 2813 5014 quandiu
2860 4946 3039 5003 fuero.
3091 4967 3111 5001 ι
3174 4948 3241 5004 Ει
3285 4949 3402 5004 haec
3466 4951 3663 5005 merito

2081 5036 2313 5091 addidit.
2348 5036 2484 5091 Nam
2524 5056 2544 5086 ‹
2583 5055 2690 5092 non
2725 5047 2810 5094 est
2852 5039 2909 5094 itt
2948 5050 3157 5105 morte,
3205 5044 3299 5113 qui
3342 5058 3551 5099 memor
3590 5042 3663 5097 sit

2078 5127 2218 5196 ejus,
2264 5127 2319 5182 in
2365 5127 2583 5183 inferno
2621 5140 2805 5183 autem
2851 5129 2977 5200 quis
3018 5133 3366 5188 confitebitur
3406 5131 3511 5203 ipsi
3538 5130 3602 5184 'l?
3633 5148 3654 5182 ι

1155 5316 1242 5347 ιι·⁰
1283 5308 1352 5366 ιγ
1388 5309 1527 5382 Reg.
1572 5325 1646 5376 tv,
1686 5309 1776 5364 54.
1857 5319 1885 5359 P
1922 5309 2163 5382 lsanux,
2204 5315 2300 5372 9.0.
2369 5326 2399 5366 (ι
2438 5314 2582 5373 Psal-
2622 5331 2705 5385 νιν
2741 5316 2795 5372 5-

1515 5469 1755 5531 VARM‘Z
1790 5474 2175 5533 LECTIONES
2203 5476 2293 5531 ET
2317 5475 2551 5533 ΝΟΤΛ».

443 5597 492 5630 ⁸⁸
516 5604 599 5660 Τὰ
619 5606 965 5674 σύμπαντα.
1000 5604 1169 5659 Abest
1227 5621 1256 5659 a
1301 5614 1449 5662 textu
1490 5608 1656 5665 Ilebr.
1735 5613 1781 5644 “
1810 5614 1975 5674 Πληθ

2060 5610 2220 5666 Hebr.
2269 5612 2630 5671 satiabuntur.

2730 5617 2775 5648 ’⁷
2803 5615 2984 5686 (ξοι1η1
3014 5607 3097 5669 οῦ.
3174 5614 3223 5648 ³⁸
3249 5616 3373 5671 cod.
3406 5615 3431 5672 1
3471 5617 3652 5686 ἁγίου.

373 5676 427 5753 ξς
460 5677 618 5753 ἶρις.
654 5677 778 5753 cod.
815 5675 836 5727 1
885 5675 1386 5753 μιῆειιιηάνέστςησε
1445 5680 1537 5735 τὸν
1599 5683 1736 5737 υξάν,
1794 5683 1857 5753 *ιθ
1892 5685 1975 5734 zu

2060 5684 2240 5737 cod.
2288 5682 2314 5735 1
2376 5699 2563 5753 prtem.
2617 5688 2717 5750 εἰς.
2791 5685 2836 5719 ³⁸
2866 5682 3099 5745 Ἑζωοπ.
3160 5685 3326 5741 Abest
3364 5702 3396 5742 a
3436 5675 3559 5747 cod.
3596 5688 3649 5749 ί.

377 5739 427 5773 ³⁸
459 5739 589 5815 Πρῦ
609 5739 903 5815 γλῶτταν.
930 5746 1053 5800 cod.
1090 5745 1112 5797 f
1149 5745 1240 5797 τὸν
1278 5739 1458 5814 λὸγον.

708 5842 987 5902 Parnm"
1029 5842 1145 5902 Gn.
1166 5841 1408 5904 LXXX.

1559 5753 1603 5784 ⁸³
1633 5752 1759 5809 cod.
1793 5751 1968 5809 V'atic.
1999 5751 2091 5807 τὸν
2126 5753 2319 5810 αίῶνα.

2410 5755 2455 5786 ³⁵
2476 5757 2600 5811 cod.
2631 5756 2657 5811 1
2692 5755 3068 5828 εὐφραίνεται.

3217 5846 3293 5913 54
