4114 6456
505 297 647 366 1707

1506 286 2001 349 TIIEODORETI
2030 284 2373 346 EPISCOPI
2406 284 2776 346 CYRENSIS

3617 276 3749 339 1708

501 413 601 469 Sic
639 412 809 468 fatuis
846 408 1154 482 virginibus
1194 403 1422 461 thalami
1458 403 1629 475 janua
1664 399 1885 455 occlusa
1923 399 2088 466 iuit',

2201 399 2392 471 αὐτῷ;
2426 419 2444 451 ι
2493 398 2683 461 Οὕτως
2708 395 3052 467 ἀπεκλείσθη
3089 396 3212 461 ταῖς
3244 398 3451 467 μωραϊς
3487 395 3760 465 παρθένοις

501 523 630 565 cum
664 505 1015 562 ferendarum
1056 501 1371 572 lampadutn
1415 508 1629 567 tempus
1676 497 1782 555 olei
1818 492 2096 565 emptione

504 598 917 655 eontrivissent.

574 773 744 828 Vsus.
780 771 872 827 54.
912 788 930 822 ι
968 766 1283 826 Jucundum
1314 765 1389 822 sit
1417 767 1466 820 ei
1508 764 1793 835 eloquium
1827 778 2030 818 meum.
2069 780 2090 814 ι

504 865 831 935 Eloquium,
907 860 1273 934 Symmachus
1336 856 1838 912 sermocinationem
1915 855 2091 910 dixit:

500 957 698 1029 Aquila
740 971 870 1012 vero
920 954 1264 1024 colloquium.
1310 950 1584 1006 Caeterum
1622 963 1841 1020 precor,
1889 947 1987 1013 ait,
2033 957 2095 1001 ut

502 1052 587 1105 hae
626 1064 762 1105 mea:
805 1047 997 1102 laudes
1037 1042 1381 1101 dulcissima:
1436 1051 1492 1097 et
1541 1040 1961 1111 iucundissima:
2010 1039 2095 1093 vi-

498 1143 753 1198 deantur.
785 1159 802 1193 ι
844 1140 956 1212 Ego
995 1153 1128 1195 vero
1170 1135 1487 1193 delectabor
1517 1135 1571 1189 in
1604 1133 1860 1189 Domino.
1900 1150 1919 1183 ι
1957 1130 2092 1187 Nam

500 1238 626 1301 hoc,
658 1238 755 1300 ait,
807 1232 1084 1304 perfecto,
1135 1231 1263 1286 hinc
1306 1228 1548 1283 laetitiam
1592 1226 1916 1298 percipiam.

570 1414 737 1467 Vsus.
772 1410 864 1465 55.
904 1427 923 1460 ι
959 1406 1228 1462 Deliciant
1262 1410 1581 1473 peceatores
1611 1416 1643 1455 a
1682 1397 1893 1471 1342
1925 1409 2090 1464 terra,

494 1518 553 1561 et
605 1503 803 1574 iniqui,
858 1502 933 1555 ita
986 1507 1045 1553 ut
1089 1512 1198 1552 non
1258 1497 1387 1551 sint.
1426 1514 1444 1546 ι
1507 1494 1805 1563 Postquam
1850 1491 2091 1546 divinam

495 1595 970 1671 pulchritudinem
1020 1588 1547 1660 inexplicabilcsque
1618 1585 1875 1652 divitias,
1921 1592 1977 1637 ut
2023 1585 2091 1637 ab

499 1695 742 1745 humana
789 1695 991 1740 natura
1029 1681 1147 1736 licri
1189 1680 1381 1751 potuit,
1419 1678 1720 1745 enarravit,
1757 1690 1949 1729 omnes
1991 1674 2091 1727 ho-

2196 491 2293 544 τοῦ
2361 490 2653 562 νυμφῶνος
2689 492 2734 523 ⁸⁸
2790 491 2825 561 ὴ
2887 488 3051 560 θύρα,
3111 487 3204 540 τὸν
3268 486 3366 556 τῆς
3428 485 3762 557 λαμπαόοφαμ

2198 583 2323 654 ρίας
2352 584 2396 616 ³⁸
2447 583 2639 655 καιρὸν
2707 583 2786 645 εἰς
2844 578 3151 653 άγορασίαν
3218 577 3403 632 ἐλαίου
3462 577 3763 648 δαπανησα-

2198 694 2346 739 σαις.

2266 769 2360 823 λδ’.
2405 787 2424 818 ι
2495 767 2781 838 Ἥδυνθείη
2831 765 2985 837 αὑτῷ
3047 767 3080 836 ἠ
3132 764 3357 837 διαλογή
3414 782 3538 837 μου.
3597 784 3616 817 ι
3660 764 3764 832 Ἰῆν

2195 860 2517 933 διαλογήν,
2572 861 2848 925 διάλεξιν
2897 862 2925 914 ὁ
2979 859 3284 929 Σύμμαχος
3339 858 3596 930 εἴρηκεν*
3642 859 3670 912 ὀ
3716 858 3768 910 δὲ

2209 957 2466 1023 Ἀκύλας,
2498 955 2763 1026 ὁμιλίαν.
2800 953 3048 1026 Εὑχομαι
3104 953 3183 1017 δὲ,
3229 951 3386 1022 φησὶ,
3435 949 3636 1019 ταύτην
3672 966 3768 1018 μου

2196 1050 2296 1122 τὴν
2345 1051 2623 1122 ὑμνῳδίαν
2663 1051 2890 1121 ἡδίστην
2940 1047 3037 1101 καὶ
3087 1046 3466 1117 τερπνοτάτην
3526 1042 3771 1114 ὀφθῆναι.

2201 1162 2220 1194 t
2262 1141 2407 1211 Ἐγὼ
2440 1142 2496 1195 δὲ
2532 1140 2989 1213 εὐφρανθήσομαι
3025 1141 3117 1194 ἐπὶ
3142 1140 3220 1211 τῷ
3250 1140 3462 1211 Κυρίῳ.
3501 1158 3520 1192 ι
3572 1137 3770 1193 Τούτου

2194 1235 2328 1305 γάρ,
2362 1236 2549 1306 φησὶν,
2595 1233 2911 1304 γινομένου,
2953 1233 3065 1303 ἐγὼ
3088 1235 3188 1305 τὴν
3215 1229 3473 1289 ἐντεῦθεν
3508 1229 3768 1301 εὐθυμίαν

2195 1345 2263 1381 κα
2271 1327 2458 1399 ρπώσο
2465 1344 2587 1398 μαι.

2265 1418 2363 1475 λε’.
2402 1439 2421 1471 ι
2469 1419 2815 1474 Ἐκλείποιεν
2860 1420 2905 1452 ³⁷
2966 1418 3283 1491 ἁμαρτωλοὶ
3318 1416 3429 1473 ἀπὸ
3486 1417 3587 1488 τῆς
3633 1415 3772 1486 γῆς·

2193 1512 2289 1569 καὶ
2323 1512 2541 1585 ἄνομοι,
2592 1513 2736 1567 ὥστε
2785 1510 2861 1582 μὴ
2897 1511 3172 1583 ὑπάρχειν
3202 1510 3423 1574 αὑτούς.
3460 1528 3480 1561 ι
3523 1509 3597 1563 Τὸ
3638 1507 3776 1561 θεῖον

2194 1604 2412 1669 κάλλος,
2466 1603 2566 1658 καὶ
2606 1604 2701 1657 τὸν
2734 1604 2976 1676 ἄρῤητον
3024 1603 3257 1657 πλοῦτον
3291 1603 3367 1667 ὼς
3410 1602 3540 1673 ἐνῆν
3574 1599 3777 1672 ἀνθρω-

2194 1698 2326 1769 πεία
2364 1699 2527 1768 φύσει
2565 1694 2891 1763 διεξελθὼν,
2932 1695 3144 1760 πάντας
3179 1693 3512 1767 ἀνθρώπους
3555 1694 3652 1763 τῆς
3686 1692 3776 1744 αὑ-

497 1782 677 1838 mines
723 1778 971 1849 ejusdem
1018 1772 1354 1843 cognitionis
1406 1770 1704 1841 participes
1746 1768 1863 1823 ﬁeri
1902 1766 2086 1836 cupit,

2192 1759 2679 1858 τῆς1μεταλαχεῖν
2731 1759 3007 1857 ἱμείρεται
3057 1759 3341 1854 γνῶσεως,
3393 1785 3492 1839 καὶ
3542 1759 3781 1853 τὴντῶν

496 1885 668 1946 utque
710 1879 1062 1944 peccatorum
1114 1865 1493 1921 conventicula
1538 1864 1759 1934 penitus
1809 1860 2083 1926 deficiant,

496 1969 772 2039 supplicat
806 1981 820 2019 :
854 1978 961 2017 non
1007 1968 1068 2015 ut
1107 1958 1208 2027 ipsi
1253 1958 1526 2013 intereant
1563 1955 1871 2026 postulans,
1902 1953 1995 2009 sed
2027 1959 2086 2007 ut

492 2066 778 2117 mutentur
821 2055 1143 2117 obsecrans,
1182 2060 1237 2106 et
1282 2059 1341 2104 ut
1387 2064 1580 2103 eorum
1626 2061 1819 2118 agmen
1860 2044 2087 2099 desistat

490 2150 826 2221 efﬂagitans,
889 2160 1011 2199 cum
1059 2142 1127 2196 ad
1177 2142 1446 2196 honorum
1494 2147 1680 2209 partes
1725 2135 2084 2200 transierint,

493 2242 821 2310 divitiasque
867 2253 955 2291 res
999 2233 1310 2289 didicerint.
1369 2231 1647 2287 Caeterum
1698 2229 1744 2284 si
1794 2228 1919 2298 quis
1973 2225 2089 2280 haec

493 2334 664 2389 verba
709 2332 868 2385 aliter
921 2327 1225 2396 intelligere
1291 2323 1560 2385 voluerit,
1610 2320 1769 2392 quasi
1826 2317 2088 2388 prephcta

495 2425 699 2497 impios
739 2423 997 2478 homines
1040 2416 1517 2473 exsecrationibus
1558 2412 1876 2482 subiiceret,
1919 2409 2083 2464 etiam

486 2521 601 2575 hoc
642 2521 807 2588 pacto
854 2511 1169 2583 apostolica:
1207 2509 1473 2564 doctrina:
1522 2504 1933 2574 respondentem
1987 2515 2082 2554 ra-

486 2611 878 2668 ticinationem
929 2603 1191 2660 inveniet.
1237 2600 1451 2656 Etenim
1498 2599 1691 2653 beatus
1728 2595 1934 2650 Paulus
1977 2592 2084 2648 Co-

486 2704 719 2761 rinthiis
767 2700 1039 2764 scribens,
1088 2696 1235 2751 hunc
1300 2693 1487 2764 posuit
1538 2692 1747 2746 linem:
1789 2708 1807 2741 ι
1856 2688 1915 2743 Si
1960 2687 2088 2758 quis

495 2809 606 2850 non
667 2790 848 2861 diligit
894 2786 1186 2842 Dominum
1241 2782 1467 2847 .lesum,
1517 2781 1808 2836 anathema
1855 2778 2019 2832 sit”:
2063 2794 2082 2828 ι

488 2888 603 2944 hoc
638 2885 787 2942 enim
836 2880 1120 2953 proprium
1164 2888 1489 2938 esteorum,
1524 2873 1622 2943 qui
1647 2870 1863 2926 ardenti
1904 2870 2090 2924 animo

495 2988 706 3039 amant.
744 2997 763 3031 ι
795 2974 1056 3041 Benedic,
1078 2970 1263 3027 anima
1287 2981 1431 3034 mea,
1447 2965 1703 3022 Domino.
1742 2983 1761 3017 ›
1791 2963 1896 3030 Qui
1923 2963 2091 3034 igitur

2188 1877 2538 1950 ἁμαρτωλῶν
2570 1880 2806 1951 πάμπαν
2832 1878 2876 1910 ³⁸
2894 1877 3151 1947 ἐκλεῖψαι
3175 1878 3499 1950 συμμορίαν
3528 1875 3775 1934 ἱκετεύει·

2194 1967 2296 2023 οὐκ
2334 1969 2536 2034 αὐτοὺς
2575 1969 2874 2024 ἀπολέσθαι
2916 1969 3257 2041 παρακαλῶν
3286 2010 3300 2035 ,
3331 1967 3477 2024 ἀλλά
3513 1968 3781 2041 μεταϐλη-

2200 2057 2360 2131 θῆναι
2395 2060 2686 2133 δεόμενος,
2751 2062 2847 2115 καὶ
2895 2060 3215 2115 παύσασθαι
3253 2060 3442 2115 αὑτῶν
3495 2061 3559 2115 τὸ
3593 2057 3784 2130 στῖφος

2196 2153 2498 2208 ἀντιϐολῶν
2558 2152 3028 2225 μεταταξαμένων
3084 2153 3182 2206 καὶ
3232 2153 3673 2225 μεταμαθὸντων
3720 2151 3787 2205 τὰ

2196 2243 2336 2299 θεῖα.
2363 2245 2427 2297 El
2449 2243 2509 2297 δέ
2527 2262 2612 2308 τις
2634 2243 2839 2315 ἑτέρως
2867 2242 3042 2297 ταῦτα
3079 2243 3333 2314 βούλεται
3351 2248 3504 2298 νοεῖν
3533 2244 3605 2298 τὰ
3627 2243 3784 2315 ῥητά,

2185 2335 2262 2399 ὡς
2301 2335 2395 2389 τοῦ
2442 2335 2730 2407 προφήτου
2770 2335 2900 2400 τοὺς
2951 2335 3247 2409 ὃυσσεὸεῖᾳ
3286 2336 3583 2402 συζῶντας
3657 2337 3787 2389 ὑπο·

2188 2427 2484 2493 ϐάλλοντος
2513 2428 2698 2499 ἀραῖς,
2742 2428 2837 2481 καὶ
2868 2427 3044 2492 οὕτως
3078 2429 3309 2500 εὑρήσει
3339 2432 3415 2501 τῇ
3453 2427 3788 2497 άποστολικῇ

2186 2517 2513 2589 διδασκαλίᾳ
2543 2517 2643 2589 τὴν
2678 2517 3027 2588 προφητείαν
3061 2516 3509 2588 συμϐαίνουσαν.
3545 2517 3660 2573 Καὶ
3686 2518 3791 2588 γὰρ

2186 2612 2218 2665 ὁ
2242 2610 2515 2681 μακάριος
2546 2608 2761 2674 Παῦλος
2806 2608 3120 2681 Κορινθίοις
3144 2609 3516 2675 ἐπιστέλλων,
3551 2609 3791 2664 τοιοῦτον

2188 2702 2606 2774 ἀκροτελεύτιον
2629 2702 2873 2756 τέθεικεν
2901 2718 2914 2732 ·
2956 2721 2977 2754 ι
3033 2702 3098 2756 Ei
3134 2720 3221 2766 τις
3262 2702 3323 2757 οὑ
3366 2703 3523 2773 φιλεῖ
3553 2703 3647 2757 τὸν
3679 2702 3793 2757 Κύ-

2192 2811 2309 2867 ριον
2354 2792 2653 2865 Ἰησοῦν³⁹,
2721 2793 2839 2864 ἦτω
2885 2793 3162 2864 ἀνάθεμα.
3223 2812 3241 2845 ι
3294 2792 3468 2849 ἰδιον
3517 2795 3631 2866 γὰρ
3686 2793 3792 2848 τῶν

2191 2882 2411 2956 θερμῶς
2469 2882 2840 2954 ἀγαπώντων.
2902 2904 2919 2936 t
2977 2885 3228 2953 Εὑλόγει,
3278 2883 3308 2956 ἡ
3368 2887 3522 2960 ψυχή
3558 2888 3794 2960 patimini

2191 2975 2482 3047 Κύριον⁴⁰.
2530 2993 2549 3028 ι
2598 2978 2662 3029 Οἱ
2705 2976 2803 3047 μὲν
2831 2970 2923 3029 οὖν
2958 2975 3149 3046 ὑμνεῖν
3194 2976 3285 3029 τὸν
3328 2978 3627 3033 τοσούτων
3657 2979 3793 3047 ἀγαο

494 3086 579 3131 tot
604 3075 878 3130 bonorum
906 3067 1228 3138 largitorem
1265 3059 1500 3116 laudare
1529 3056 1824 3122 noluerint,
1872 3055 1964 3108 illa
1992 3068 2088 3123 pa-

931 3159 965 3165 -.
1014 3158 1024 3165 .
1109 3154 1151 3165 ...
1584 3147 1596 3161 .
1640 3163 1681 3165 η
1966 3143 2053 3165 εκ.

2194 3067 2304 3165 θῶν
2360 3068 2599 3140 χορηγὸν
2645 3068 2706 3121 οὑ
2761 3066 3079 3165 βουλάμενοι
3109 3111 3122 3135 ,
3187 3071 3383 3123 ἐκεῖνα
3429 3070 3799 3141 πασχέτωσαν

495 3169 704 3221 tiantur
749 3176 873 3233 qua:
916 3158 1049 3215 dixi.
1109 3154 1192 3210 Tu
1238 3168 1389 3218 vero,
1439 3166 1474 3206 ο
1509 3147 1726 3212 anima,
1769 3157 1924 3201 tuum
1966 3143 2085 3199 Sal-

495 3268 757 3315 vatorem
783 3263 840 3311 et
886 3252 1152 3324 Opiﬁcem
1182 3247 1238 3302 in
1261 3245 1463 3302 cmlum
1506 3241 1790 3314 perpetuis
1829 3237 2086 3294 laudibus

495 3348 652 3406 eﬂ'er.

916 3475 1195 3533 INTERP.
1234 3472 1488 3531 PSALMI
1528 3470 1664 3528 CIV.

570 3592 829 3650 Alleluia.
859 3590 926 3646 Et
956 3590 1046 3645 hic
1076 3587 1324 3661 psalmus
1350 3586 1524 3642 Deum
1554 3584 1939 3641 universorum
1965 3580 2086 3637 lau-

493 3689 663 3746 dibus
717 3684 1007 3743 celebrare
1055 3682 1232 3754 jubet.
1275 3678 1391 3736 Hoc
1426 3682 1444 3701 ·
1490 3677 1736 3736 declarat
1776 3674 2081 3746 inscriptio.

494 3779 733 3836 Alleluia
768 3776 940 3842 enim,
975 3774 1222 3830 Laudato
1255 3772 1544 3828 Dominum
1583 3775 1775 3836 sonat,
1820 3768 1867 3824 si
1911 3769 2082 3823 inter-

2193 3159 2340 3232 ἅπερ
2371 3159 2573 3231 εἴρηκα
2604 3175 2616 3189 ·
2670 3159 2738 3212 σὺ
2784 3158 2867 3226 δὲ,
2896 3153 2941 3213 ὦ
2978 3158 3149 3230 ψυχὴ,
3205 3160 3533 3234 ἐνδελεχῶς.
3561 3165 3655 3217 τὸν
3706 3162 3798 3215 σὺν

2193 3253 2356 3326 ὕμνει
2387 3252 2736 3326 Δημιουργὺν
2779 3253 2877 3307 καὶ
2905 3253 3156 3325 Σωτῆρα.

2509 3473 2779 3529 ΕΡΜΗΝ.
2802 3472 2941 3528 ΤΟΥ
2975 3474 3094 3529 PA'.
3130 3473 3471 3534 ΨΑΔΜΟΥ.

2270 3593 2671 3660 Ἀλληλούὶίι.
2714 3591 2935 3664 Ὕμνεῖν
2989 3592 3086 3646 καὶ
3115 3588 3270 3657 οὗτος
3301 3596 3331 3648 ὁ
3358 3596 3593 3670 ψαλμος
3632 3616 3801 3672 παρα.

2186 3683 2473 3739 κελεύεται
2526 3684 2619 3737 τὸν
2679 3684 2789 3738 τῶν
2841 3684 2978 3738 ὅλων
3038 3684 3215 3738 Θεὸν’
3261 3686 3426 3758 δηλοῖ
3491 3692 3554 3746 δὲ
3614 3694 3712 3747 καὶ
3765 3694 3798 3761 ἡ

2186 3776 2496 3848 ἐπιγραφή.
2550 3777 2625 3830 Τὸ
2660 3778 2771 3849 γὰρ
2820 3779 3189 3849 ἀλληλούιϊι,
3222 3782 3469 3838 Alt-site
3522 3786 3638 3841 τόν
3686 3786 3802 3840 Κύ-

491 3870 741 3945 preteris.
764 3869 1024 3926 Caeterum
1036 3866 1611 3940 promissionumaDeo
1630 3863 1697 3923 ad
1742 3860 2083 3932 patriarchas

2192 3884 2322 3935 ριον
2349 3867 2743 3939 ἑρμηνεύεται.
2789 3870 3232 3943 Ἀναμιμνήσκει
3267 3870 3322 3925 δὲ
3353 3874 3476 3927 τῶν
3499 3876 3648 3947 πρὸς
3676 3877 3803 3938 τοὺς

490 3962 764 4018 factarum
798 3957 1070 4020 meminit,
1098 3963 1153 4011 et
1178 3955 1452 4011 bonorum
1475 3967 1599 4024 qua:
1624 3966 1721 4023 per
1744 3951 1869 4007 illos
1898 3959 2084 4021 poste-

2192 3959 2543 4029 πατριάρχας
2593 3957 2699 4011 ὑπὸ
2762 3957 2857 4013 τοῦ
2909 3959 3046 4012 Θεοῦ
3092 3964 3500 4032 γεγενημένων
3560 3965 3803 4038 ὑποσχέ-

489 4055 571 4110 ris
603 4066 794 4108 eorum
850 4049 1064 4105 tribuit.
1106 4046 1319 4102 Sullicit
1344 4048 1492 4102 enim
1537 4045 1735 4100 horum
1765 4052 1819 4098 et
1861 4042 2080 4097 illorum

2194 4065 2358 4115 σεων,
2397 4047 2490 4102 καὶ
2524 4048 2636 4102 τῶν
2668 4049 2737 4103 δι’
2769 4049 3016 4112 ἐκείνους
3055 4050 3148 4103 ὑπ’
3183 4052 3354 4106 αὑτοῦ
3414 4026 3806 4129 παρασχεθέν-

489 4142 822 4208 recordatio,
858 4142 927 4197 ad
958 4156 1056 4197 eos
1086 4138 1437 4195 exacuendos
1470 4145 1526 4192 et
1554 4132 1957 4199 accendendos,
1986 4133 2081 4204 qui

2192 4157 2294 4194 των
2351 4140 2581 4209 ἀγαθῶν
2636 4143 2750 4204 τοῖς
2786 4141 3016 4195 ἐκείνων
3046 4142 3293 4211 ἐκγόνοις
3339 4144 3416 4202 ⁸⁸.
3474 4149 3668 4221 Ἱκανὴ
3696 4149 3804 4222 γάρ

489 4237 694 4294 talibus
750 4232 1033 4291 beneficiis
1086 4230 1266 4285 allecti
1339 4237 1500 4295 sunt,
1561 4234 1622 4282 ut
1675 4226 1742 4281 ad
1805 4225 2078 4295 majorum

2192 4232 2286 4287 καὶ
2312 4232 2525 4287 τούτων
2561 4233 2836 4299 κάκείνων
2871 4236 2902 4304 ἡ
2939 4235 3151 4306 μνήμη,
3178 4237 3303 4301 τοὺς
3328 4239 3627 4297 τοσούτων
3656 4245 3805 4315 εὐερς

491 4341 726 4387 suorum
774 4324 1002 4382 virtutis
1058 4321 1468 4377 aemulationem
1521 4319 1851 4375 excitentur.
1902 4315 2079 4370 Simul

2192 4322 2390 4391 γεσιῶν
2441 4322 2864 4387 ἀπολαύσαντας
2906 4326 2987 4388 εἰς
3019 4323 3180 4396 ζῆλον
3218 4326 3320 4397 τῆς
3349 4329 3472 4384 τῶν
3508 4336 3804 4403 προγόνων

491 4417 709 4491 1343
747 4414 913 4471 etiam
963 4411 1129 4469 docet
1175 4426 1379 4467 novum
1420 4409 1707 4480 populum,
1765 4406 1913 4477 quod
1966 4421 2075 4460 non

2192 4415 2385 4488 ἀρετῆς
2451 4413 2701 4487 ἐρεθίσαι
2763 4418 2856 4469 καὶ
2895 4416 3233 4487 παραθῆξαι.
3269 4419 3544 4478 Διδάσκει
3599 4426 3660 4480 δὲ
3712 4428 3806 4479 καὶ

490 4513 698 4582 injuste
738 4508 1015 4578 ingratum
1050 4504 1201 4560 illum
1232 4502 1495 4575 populum
1538 4516 1638 4558 sua
1665 4515 1797 4556 cura
1828 4500 2076 4570 privave-

2192 4511 2326 4563 κατά
2361 4507 2584 4572 ταυτὸν,
2639 4508 2734 4562 καὶ
2760 4508 2849 4563 τὸν
2876 4509 2996 4563 νέον
3023 4508 3172 4577 λαὸν,
3219 4510 3294 4575 ὡς
3322 4516 3434 4570 οὐκ
3467 4518 3688 4585 ἀδίκως
3713 4517 3806 4574 τὸν

491 4609 591 4661 rit.
639 4603 912 4671 Quoniam
944 4599 1090 4656 enim
1132 4597 1224 4653 Dei
1266 4596 1505 4668 populus
1548 4592 1987 4664 appellabantur,
2025 4598 2080 4646 et

2192 4596 2485 4667 ἀχάριστον
2534 4596 2749 4651 ἐκεῖνον
2813 4597 2944 4652 λαὸν
2998 4598 3101 4670 τῆς
3165 4601 3382 4666 οἰκείας
3456 4610 3806 4682 κηδεμονίας

488 4695 785 4754 manifesto
813 4693 1000 4750 divina
1041 4704 1145 4761 ope
1186 4687 1545 4750 fruebantur,
1589 4684 1694 4739 hac
1722 4696 1856 4738 vero
1887 4689 2079 4752 postea

2192 4687 2526 4760 ἐγύμνωσεν.
2579 4689 2803 4761 Ἐπειδὴ
2852 4690 2962 4761 γὰρ
2993 4690 3130 4745 Θεοῦ
3188 4692 3319 4757 λαὸς
3375 4698 3804 4773 ἐχρημάτιζον,

490 4786 721 4843 omnino
764 4783 1008 4840 destituti
1041 4780 1289 4844 fuerunt,
1321 4791 1418 4848 per
1461 4777 1564 4834 hos
1598 4775 1843 4847 psalmos
1884 4787 2079 4830 omnes

2192 4779 2280 4832 καὶ
2345 4779 2647 4849 προφανῶς
2705 4781 2806 4850 τῆς
2864 4781 3018 4846 θείας
3065 4784 3427 4854 προμηθείας
3482 4794 3808 4865 ἀπήλαυον,

486 4878 745 4935 homines
780 4876 962 4943 docet,
1006 4879 1143 4945 quot
1191 4878 1246 4926 et
1289 4870 1511 4941 quantis
1561 4866 1846 4925 beneﬁciis
1893 4866 2072 4938 ipsum

2192 4870 2387 4942 ἔρημοι
2414 4870 2471 4924 δέ
2510 4871 2721 4942 ταύτης
2759 4872 2988 4945 ὕστερον
3035 4875 3284 4943 ἐγένοντο
3329 4885 3645 4951 παντελῶς
3674 4905 3687 4918 ο
3720 4887 3808 4941 διὰ

488 4970 751 5037 allecerit,
789 4978 844 5025 et
875 4966 1149 5040 quomodo
1183 4963 1576 5020 beneﬁciorum
1617 4961 1970 5018 immemores
1995 4960 2077 5017 illi

2192 4965 2295 5019 τῶν
2323 4966 2706 5037 προκειμένων
2729 4965 2964 5038 ψαλμῶν
3009 4967 3252 5023 διδάσκει
3290 4973 3533 5042 πάντας
3590 4980 3811 5053 ἀνθρώ..

487 5062 616 5119 facti
664 5060 890 5125 iuerint,
941 5064 1002 5111 ut
1032 5055 1240 5126 pariter
1269 5063 1323 5110 et
1356 5054 1482 5111 latae
1521 5053 1575 5108 in
1624 5053 1748 5110 illos
1792 5052 2079 5110 sententia:

2192 5074 2346 5121 πους.
2377 5057 2480 5111 ὅσα
2511 5056 2613 5127 μὲν
2657 5057 2821 5111 αὑτὸν
2879 5059 3212 5133 εύεργέτησε
3252 5063 3349 5116 καὶ
3389 5068 3604 5139 ἡλίκα,
3660 5052 3808 5134 ὅπως

485 5156 757 5229 justitiam
799 5166 992 5209 omnes
1025 5149 1277 5216 discant,
1321 5158 1376 5205 et
1420 5147 1617 5222 ingrati
1645 5146 1818 5203 animi
1856 5160 2076 5219 pinnam

2192 5148 2244 5203 δὲ
2276 5148 2567 5221 ἀχάριστοι
2600 5148 2731 5221 περὶ
2764 5154 2865 5214 τας
2903 5151 3223 5223 εὐεργεσίας
3268 5155 3489 5214 ἐκεῖνοι
3542 5163 3813 5233 γεγένην-

548 5317 570 5345 ι·
634 5305 827 5363 Matth.
868 5320 995 5372 xxv,
1034 5306 1124 5372 ll,
1166 5303 1257 5359 12.
1355 5313 1378 5343 ι
1416 5301 1436 5355 1
1475 5303 1604 5361 Cor.
1648 5319 1761 5373 xvr,
1798 5305 1890 5361 22.

1565 5450 1804 5508 VARIA‘I
1842 5450 2236 5510 LECTIONES
2280 5451 2369 5508 ET
2403 5450 2641 5509 ΝυΤιΕ.

2141 5572 2186 5605 ⁸⁷
2215 5570 2347 5628 Rec.
2378 5571 2540 5628 lectio
2589 5571 2647 5629 h.
2702 5572 2739 5629 ι.
2799 5584 2883 5631 est
2939 5575 3309 5634 ἐκλείποισαν.
3430 5583 3482 5615 ³³
3513 5587 3814 5660 Πὰμπαν,

2220 5668 2266 5719 ⁸9
2303 5668 2545 5737 Κύριον.
2594 5667 2654 5725 lu
2718 5677 2867 5727 textu
2933 5669 3099 5729 Hebr.
3162 5672 3431 5744 sequitur
3492 5666 3815 5749 rp-x‘a‘m.

578 5576 623 5610 ³⁸
648 5567 775 5626 cod.
804 5571 832 5626 1
863 5572 1121 5645 νυμφίου.
1220 5568 1265 5605 ⁸⁸
1287 5566 1410 5622 cod.
1460 5568 1486 5624 l
1526 5568 2009 5644 λαμπαδηφορίας.

486 5663 669 5743 φρικὶ
698 5661 942 5743 πάντων..
1053 5666 1097 5743 ³ξ
1131 5660 1392 5743 ’ζηισοῆκ
1439 5663 1559 5721 cod.
1602 5667 1629 5723 1
1673 5665 1801 5723 add.
1842 5667 2099 5738 Χριστόν.

485 5731 794 5804 margarita.
890 5735 932 5768 δι
984 5734 1111 5793 cod.
1148 5729 1467 5800 ιὲγγόνοις.
