4114 6422
472 320 491 385 1
505 320 611 387 709

1850 327 1933 387 ΙΝ
1973 330 2178 390 PSAL.
2224 334 2369 394 CIV.

3604 350 3742 416 1710

468 458 556 493 ται
586 456 600 470 ·
634 438 714 502 ὡς
741 437 802 491 ἓν
827 438 966 509 ὁμοῦ
996 442 1093 494 καὶ
1117 440 1217 513 τῆς
1251 441 1371 496 κατ“
1399 444 1626 495 ἐκείνων
1673 443 2041 515 ἐξενεχθείσης

2157 450 2426 517 videntes,
2482 453 2534 507 in
2580 454 2768 512 eadem
2802 457 2886 513 via
2922 476 3029 530 qua
3064 461 3139 516 illi
3172 478 3282 519 non
3324 463 3595 536 incedant,
3644 472 3742 526 sed

478 530 664 602 ψήφου
708 530 769 583 τὸ
817 530 1025 585 δίκαιον
1071 534 1445 604 καταμάθοιεν
1496 533 1756 597 ἀτταντες.
1818 537 1912 589 καὶ
1955 537 2055 604 τῆς

469 622 798 693 ἀχαριστίας
841 622 1079 694 ὁρῶντες
1137 625 1204 678 τὰ
1260 626 1550 696 ἐπίχειρα,
1619 625 1694 697 μὴ
1736 626 1835 697 τὴν
1883 628 2055 698 αὐτὴν

469 713 703 776 ὲκείνας
735 712 1025 782 βαδίζοιεν,
1062 715 1198 769 ἀλλὰ
1229 715 1329 787 τὴν
1354 716 1574 770 εὐθεῖαν
1609 715 1968 774 ὁδεύσοιεν⁴’.

540 809 609 857 α’.
649 823 667 855 ι
700 805 1148 876 Ἐξομολογεῖσθε
1182 807 1260 877 τῷ
1315 809 1523 880 Κυρίῳ,
1558 811 1651 863 καὶ
1703 812 2053 867 ἐπικαλεῖσθε

467 895 531 950 τὸ
558 895 731 965 ὄνομα
753 897 943 951 αὑτοῦ.
983 916 1002 949 3
1031 897 1104 950 Τὸ
1132 898 1191 952 δὲ
1240 899 1652 964 ἑπικωῖεῖσθε,
1702 902 2055 971 κηρύσσητε

465 989 494 1041 ὁ
542 986 842 1057 Σύμμαχος
885 990 1074 1060 εἴρηκε
1104 990 1167 1043 ⁸³.
1223 992 1670 1061 Παρακελεύεται
1715 992 1771 1045 δὲ
1827 995 1856 1046 ὁ
1895 993 2055 1063 λόγος

467 1078 566 1150 τὴν
614 1079 1039 1151 εὐχαριστὴριον
1074 1082 1349 1151 ὑμνῳδίαν
1387 1083 1745 1153 προσφέρειν,
1800 1085 1898 1138 καὶ
1970 1085 2054 1138 δι-

466 1170 723 1240 ηγεῖσθαι
777 1170 879 1234 τὰς
933 1171 1084 1233 θείας
1120 1172 1462 1242 εὐεργεσίας.
1499 1190 1517 1223 ι
1567 1173 1967 1242 Ἀπαγγείλατε
1995 1176 2054 1228 ἐν

465 1264 580 1324 τοῖς
605 1260 784 1313 ἔθνεσι
812 1263 882 1313 τά
910 1262 1047 1332 ἔργα
1078 1263 1265 1317 αὑτοῦ.
1308 1281 1327 1315 3
1364 1263 1540 1334 Δῆλόν
1582 1265 1700 1317 ἐστι
1730 1265 1827 1319 καὶ
1856 1265 2049 1335 σαφὲς,

466 1351 544 1414 ὼς
591 1352 779 1421 ὄνησιν
837 1352 939 1404 οὐκ
995 1352 1281 1416 Ἰουδαίοις
1318 1354 1503 1423 μόνον,
1562 1354 1722 1419 ἀλλά,
1790 1355 1886 1410 καὶ
1937 1359 2054 1421 τοῖς

464 1444 677 1497 ἔθνεσιν
712 1445 918 1499 ἅπασιν
963 1448 1446 1517 πραγματεύεται.

541 1535 607 1605 β’.
651 1557 668 1589 ι
711 1536 917 1609 ’ᾼσατε
953 1539 1125 1609 αὐτῷ,
1160 1540 1254 1592 καὶ
1275 1539 1485 1609 ψάλατε
1513 1541 1691 1613 αὐτῷ·
1714 1542 2051 1614 διηγήσασθε

466 1621 645 1674 πάντα
699 1624 767 1675 τὰ
820 1623 1103 1694 θαυμάσια
1156 1627 1345 1680 αὑτοῦ.
1395 1647 1414 1679 3
1448 1629 1682 1700 ’Υμνοις
1739 1631 1900 1685 αὑτὸν
1959 1633 2052 1686 καὶ

469 1711 758 1783 μελῳδίαις
795 1715 1135 1786 ἁμείόεσθευ
1192 1718 1288 1770 καὶ
1339 1719 1468 1782 τοὺς
1526 1719 1858 1788 ἀγνοοῦντας
1900 1722 2049 1778 διδά-

467 1807 598 1870 ξατε
633 1805 679 1836 δε
704 1806 772 1859 τὰ
805 1808 936 1878 παρ’
970 1808 1139 1861 αὑτοῦ
1176 1811 1522 1881 γεγενημένα
1551 1813 1832 1884 θαύματα.

536 1904 607 1966 γ’.
649 1917 667 1948 ι
706 1898 1054 1953 Ἐπαινεῖσθε
1080 1901 1140 1953 ὲν
1172 1900 1251 1970 τῷ
1281 1902 1509 1974 ὀνόματι
1539 1903 1615 1974 τῷ
1643 1905 1786 1977 ἁγίῳ
1810 1905 1999 1963 αὐτοῦ.
2022 1926 2040 1960 3

475 1989 535 2042 Ὁ
591 1990 649 2043 δὲ
704 1991 945 2055 ’Λκύλας
1014 1993 1330 2062 καυχᾶσθε
1378 1996 1500 2049 ἀντὶ⁸
1552 1995 1647 2050 τοῦ
1702 1990 2049 2055 ἐπαινεῖσθε

459 2080 698 2136 τέθεικε.
750 2083 1199 2153 Παρακελεύεται
1246 2087 1301 2140 δὲ
1332 2088 1360 2140 ὀ
1394 2087 1583 2158 λόγος,
1624 2090 1701 2162 μὴ
1744 2091 1839 2145 ἐπὶ
1877 2092 2047 2147 πλού-

459 2192 563 2245 τῳ,
601 2175 676 2245 μὴ
706 2177 798 2229 ἐπὶ
845 2174 1027 2248 ῥώμῃ,
1066 2179 1141 2248 μὴ
1173 2180 1264 2231 ἐπὶ
1290 2179 1584 2254 δυναστείᾳ.
1618 2185 1764 2253 μέγα
1799 2188 2044 2255 φρονεῖν,

460 2263 579 2316 ἀλλ’
617 2267 675 2317 ἐν
718 2268 782 2335 τῇ
834 2265 929 2318 τοῦ
975 2267 1113 2319 Θεοῦ
1142 2268 1344 2336 γνώσει
1376 2271 1473 2323 καὶ
1505 2274 1842 2347 προμηθείᾳ.
1873 2276 2048 2330 Τοῦτο

459 2356 825 2428 παρηγγύησε
854 2357 948 2411 καὶ
966 2361 995 2412 ὁ
1021 2357 1164 2424 θεῖος
1198 2359 1522 2427 Ἀποστόλος
1549 2379 1563 2393 °
1600 2382 1620 2417 ι
1659 2364 1721 2418 '0
1748 2366 2044 2439 καυχώμε-

456 2466 548 2511 νος
600 2448 727 2518 γὰρ,
764 2451 962 2520 φησὶν,
1000 2449 1058 2502 ὲν
1093 2451 1285 2524 Κυρίῳ
1312 2454 1632 2524 καυχάσθω.
1675 2475 1694 2508 3
1727 2457 1920 2512 Ταῦτα
1949 2461 2046 2515 καὶ

458 2541 494 2611 ἡ
524 2540 815 2609 σοφωτάτη
849 2540 1018 2592 Ἀννα
1065 2541 1309 2605 διέξεισι,
1351 2561 1369 2593 ι
1407 2544 1499 2615 Μὴ
1546 2547 1845 2617 καυχάσθω
1871 2551 1900 2604 ὁ
1950 2569 2043 2605 σο-

455 2632 555 2702 φὸς
595 2635 654 2686 ὲν
679 2635 745 2703 τῇ
775 2633 940 2703 σοφίᾳ
964 2634 1154 2697 αὑτοῦ,
1198 2636 1293 2688 καὶ
1324 2637 1371 2669 ⁸⁸
1407 2638 1482 2708 μὴ
1515 2640 1813 2710 καυχάσθω
1834 2643 1862 2693 ὁ
1899 2644 2045 2711 ίσχυ-

458 2724 553 2794 ρὸς
578 2725 634 2775 ἐν
661 2726 727 2794 τῇ
758 2722 906 2793 ίσχύῖ
933 2725 1120 2780 αὐτοῦ.
1154 2745 1172 2776 3
1193 2727 1323 2791 Καὶ,
1355 2747 1372 2779 ι
1393 2729 1484 2800 Μὴ
1505 2732 1801 2801 καυχάσθω
1822 2735 1850 2788 ὁ
1879 2733 2044 2789 πλού-

457 2833 574 2878 σιος
609 2815 667 2866 ἐν
692 2814 773 2884 ’τῷ
803 2814 1021 2886 πλούτῳ
1047 2817 1237 2882 αὑτοῦ,
1276 2819 1393 2872 ἀλλ⁹
1435 2823 1494 2874 ὲν
1536 2822 1711 2892 τούτῳ
1738 2826 2041 2897 καυχάσθω

450 2908 483 2958 ὁ
515 2905 892 2976 καυχώμενος,
927 2910 985 2960 ὲν
1008 2907 1086 2977 τῷ
1114 2911 1317 2964 συνιεῖν
1336 2912 1431 2965 καὶ
1466 2912 1762 2981 γινώσκειν
1802 2916 1896 2970 τὸν
1922 2917 2038 2972 Κύ-

452 3016 596 3070 ριον,
631 2999 726 3053 καί¹
763 3002 940 3054 ποιεῖν
995 3004 1173 3070 κρῖμα
1208 3004 1306 3057 καὶ
1352 3004 1703 3077 δικαιοσύνην
1744 3008 1840 3062 ἐπὶ
1866 3009 1914 3042 ’⁵⁸
1938 3011 2038 3082 τῆς

452 3092 579 3162 γῆς.
625 3108 644 3142 3
670 3119 741 3129 —
766 3108 785 3142 ι
824 3090 1199 3163 Εύφρανθήτω
1230 3094 1431 3163 καρδία
1453 3094 1766 3165 ζητούντων
1790 3099 1885 3153 τὸν
1919 3100 2036 3155 Κύ-

455 3197 593 3252 ριον.
629 3198 649 3232 3
699 3181 812 3252 Τῆς
843 3181 951 3253 γάρ
986 3184 1067 3246 είς
1120 3183 1211 3236 τὸν
1260 3182 1397 3239 Θεὸν
1456 3187 1676 3252 ἐλπίδος
1721 3190 2034 3266 εὐφροσύνη

452 3275 691 3341 καρπός.

523 3362 586 3419 δ’.
621 3383 641 3416 ι
678 3364 961 3436 Ζητήσατε
991 3366 1083 3421 τὸν
1124 3367 1353 3439 Κύριον,
1392 3371 1488 3425 καὶ
1515 3374 1900 3448 κραταιώθητε
1916 3378 1982 3434 ⁸⁷.
2012 3398 2032 3433 3

450 3459 563 3512 Καὶ
610 3459 885 3513 διδάσκων
937 3459 1056 3522 πῶς
1104 3460 1188 3514 δεῖ
1232 3461 1396 3516 τοῦτο
1459 3469 1671 3530 ποιεῖν,
1737 3464 1985 3542 ἐπήγαγε
2018 3489 2034 3504 ο

456 3569 475 3600 ι
515 3551 799 3621 Ζητήσατε
850 3550 910 3604 τὸ
979 3552 1276 3622 πρόσωπον
1336 3556 1504 3609 αὐτοῦ
1556 3557 1869 3627 διαπαντός.
1913 3583 1931 3616 3
1960 3566 2036 3619 Οὐ

450 3640 561 3711 γὰρ
593 3642 804 3714 ἀπαξῆ
854 3641 958 3709 δὶς,
994 3642 1131 3698 άλλᾶ
1184 3647 1338 3716 παρά
1391 3649 1569 3702 πάντα
1626 3652 1720 3705 τὸν
1773 3651 1891 3723 βίον
1934 3657 2038 3728 τὴν

447 3733 662 3788 ἄνωθεν
691 3735 1013 3806 ἐπικουρίαν
1062 3738 1332 3810 προσήκει
1362 3740 1569 3809 ζητεῖν,
1620 3744 1717 3797 καὶ
1750 3744 1850 3816 τὴν
1886 3746 2037 3817 ὠφέ-

446 3823 599 3876 λειαν
629 3822 996 3893 καρποῦσθαι.
1020 3824 1258 3897 Ἀμαχοι
1284 3828 1393 3899 γὰρ
1409 3830 1456 3881 οί
1475 3828 1767 3900 ζητοῦντες
1793 3834 2031 3906 ἔσονται,

447 3915 545 3969 καὶ
566 3916 847 3987 ἀήττητοι.
884 3915 1054 3968 Τοῦτο
1076 3917 1173 3969 καὶ
1209 3918 1237 3970 ὁ
1275 3918 1480 3989 Κύριος
1512 3922 1825 3991 νομοθετῶν
1856 3927 2033 4000 ὑπηγ-

445 4002 668 4071 γεί).ατο
690 4019 707 4034 ο
742 4022 762 4056 ι
798 4005 1013 4058 Αἰτεῖτε
1054 4005 1150 4059 καὶ
1177 4004 1465 4079 δοθήσεται
1495 4011 1649 4081 ὑμῖν,
1689 4012 1908 4086 ζητεῖτε
1938 4019 2034 4073 καὶ

442 4094 710 4167 εὑρήσετε
729 4137 745 4160 ,
786 4095 1014 4164 κρούετε
1062 4096 1160 4149 καὶ
1195 4097 1552 4170 ἀνοιγήσεται
1579 4102 1711 4173 ὑμῖν
1735 4120 1752 4138 ο
1789 4109 1899 4173 πᾶς
1921 4110 2032 4181 γὰρ

2158 552 2367 597 rectum
2398 546 2670 602 tramitem
2704 550 3101 617 ingrediantur.

2227 807 2394 864 Vens.
2439 810 2492 863 1.
2538 830 2556 862 ι
2594 810 2943 868 Conﬁteutiui
2986 814 3240 885 Domino,
3274 830 3327 875 et
3358 822 3607 877 invocate
3638 839 3745 877 no-

2155 915 2281 953 men
2323 901 2461 970 ejus.
2506 920 2525 953 3
2584 902 2886 960 l’ra'dt'cate
2939 907 3304 979 Symmachus
3355 929 3456 983 pro
3501 917 3743 971 invocare

2156 993 2343 1047 vertit.
2398 995 2563 1050 Jubet
2597 1013 2727 1052 vero
2777 999 2866 1054 hic
2912 1016 3097 1057 sermo
3145 1005 3446 1073 gratiarum
3504 1009 3741 1063 actiOuis

2157 1083 2390 1154 hymnos
2413 1088 2631 1155 oﬂ'erre,
2662 1091 2957 1164 divinaque
2990 1096 3248 1152 beneﬁcia
3287 1095 3536 1156 narrare.
3578 1121 3596 1153 ι
3628 1103 3744 1156 An-

2156 1179 2407 1235 nuutiate
2448 1181 2594 1237 inter
2620 1194 2811 1254 gentes
2841 1201 3006 1256 opera
3036 1189 3174 1259 ejus.
3215 1208 3238 1244 3
3270 1191 3489 1247 Clarum
3532 1203 3587 1249 et
3617 1211 3742 1264 per-

2156 1272 2409 1342 spicuum
2439 1285 2545 1342 est,
2583 1277 2689 1334 hoc
2719 1294 2829 1335 non
2854 1278 3055 1338 Iudaeis
3079 1284 3386 1352 solum,sed
3411 1290 3578 1345 etiam
3609 1307 3742 1362 gen-

2156 1363 2303 1420 tibus
2336 1368 2592 1425 omnibus
2628 1371 2918 1427 utilitatem
2958 1390 3280 1444 procurare.

2225 1520 2396 1581 Vens.
2438 1525 2493 1579 2.
2542 1546 2562 1580 ι
2603 1527 2834 1586 Cantate
2864 1533 2955 1599 ei,
3009 1544 3067 1589 et
3122 1537 3339 1606 psallite
3384 1540 3470 1605 ei,
3522 1554 3742 1598 narrate

2152 1615 2341 1671 omnia
2376 1616 2650 1676 mirabilia
2687 1621 2830 1692 ejus.
2878 1642 2897 1675 3
2941 1623 3190 1696 Hymnos
3217 1628 3520 1701 dulcesque
3546 1642 3743 1688 cantus

2154 1706 2258 1777 ipsi
2295 1710 2602 1779 rependite,
2623 1723 2791 1785 atque
2807 1717 3078 1773 miracula
3102 1720 3172 1776 ab
3196 1722 3316 1792 ipso
3342 1724 3488 1780 edita
3521 1728 3743 1783 nescios

2080 1798 2122 1852 Β
2151 1798 2365 1856 docete.

2229 1890 2395 1948 Vens.
2439 1895 2493 1950 5.
2543 1916 2564 1948 ι
2603 1896 2932 1956 Laudamini
2967 1902 3021 1957 in
3052 1905 3277 1962 nomine
3311 1917 3502 1965 sancto
3538 1910 3679 1981 ejus.
3716 1932 3738 1964 3

2152 1982 2351 2052 Aquila
2387 1989 2721 2056 gloriamini,
2752 2007 2852 2061 pro
2885 1993 3212 2064 laudamt’ni,
3240 2002 3448 2069 posuit.
3480 2000 3746 2060 Hortatur

2153 2091 2287 2132 sane
2316 2094 2502 2134 sermo
2529 2081 2654 2145 iste,
2688 2092 2749 2138 ut
2788 2099 2896 2140 non
2926 2087 2996 2142 ob
3025 2087 3268 2156 divitias,
3302 2108 3409 2147 non
3443 2094 3517 2148 ob
3548 2097 3739 2163 robur,

2153 2182 2263 2221 non
2302 2169 2372 2223 ob
2410 2173 2711 2239 potentiam
2758 2176 3121 2245 exsultemus,
3164 2180 3260 2236 sed
3307 2182 3362 2236 in
3411 2184 3505 2240 Dei
3548 2192 3740 2258 Cogni-

2153 2257 2308 2313 tione
2341 2276 2408 2316 ac
2434 2263 2800 2331 providentia.
2826 2266 2942 2325 Hoc
2960 2279 3014 2325 et
3037 2269 3258 2328 divinus
3287 2273 3586 2344 Apostolus
3619 2257 3739 2338 mo-

2156 2347 2298 2404 nuit.
2337 2367 2356 2400 ι
2387 2348 2491 2416 Qui
2520 2353 2691 2419 enim,
2718 2356 2917 2427 inquit,
2949 2359 3235 2429 gloriatur,
3266 2364 3320 2418 iu
3358 2364 3590 2423 Domino
3620 2371 3740 2440 glo-

2152 2440 2397 2496 rietur‘.
2436 2462 2456 2495 3
2514 2444 2642 2502 llmc
2706 2450 2871 2504 etiam
2937 2453 3354 2523 sapientissima
3421 2457 3514 2514 illa
3578 2463 3737 2520 Anna

2154 2533 2372 2608 13M
2403 2539 2643 2608 explicat
2666 2553 2714 2598 υ.
2771 2561 2791 2595 ι
2828 2543 2909 2600 Ne
2955 2547 3225 2616 glorietur
3268 2552 3492 2621 sapiens
3532 2554 3587 2609 in
3637 2573 3739 2615 sua

2148 2629 2441 2698 sapientia,
2462 2647 2640 2704 neque
2658 2633 2816 2692 fortis
2851 2638 2905 2691 in
2925 2653 3027 2695 sua
3052 2639 3396 2700 fortitudine.
3442 2664 3461 2698 3
3487 2646 3570 2712 Et,
3610 2671 3629 2704 ι
3655 2652 3740 2710 Ne

2149 2723 2417 2794 glorietur
2438 2726 2594 2783 dives
2626 2729 2679 2782 in
2705 2730 2917 2787 divitiis
2949 2734 3097 2800 suis;
3129 2736 3226 2791 sed
3258 2737 3313 2791 in
3341 2740 3444 2795 hoc
3467 2742 3739 2811 glorietur

2145 2817 2243 2888 qui
2269 2817 2558 2889 gloriatur,
2614 2821 2668 2876 in
2712 2823 3063 2895 intelligendo
3106 2836 3164 2883 et
3197 2836 3583 2899 cognoscendo
3626 2835 3738 2893 Do-

2147 2906 2381 2973 minum,
2432 2919 2488 2964 et
2527 2909 2781 2967 faciendo
2825 2913 3100 2983 judicium
3144 2927 3202 2973 et
3244 2919 3520 2989 justitiam
3570 2941 3739 2998 super

2145 3006 2292 3055 terra
2308 3008 2358 3055 ν.
2397 3019 2416 3053 3
2441 3032 2514 3043 —
2541 3020 2561 3054 ι
2589 3003 2826 3060 Laetetur
2848 3022 2942 3063 cor
2968 3011 3333 3079 quaerentium
3364 3015 3678 3075 Dominum.
3708 3043 3728 3075 3

2143 3090 2281 3149 Nam
2305 3093 2518 3152 fructus
2542 3097 2658 3167 spei
2690 3098 2745 3152 in
2777 3099 2890 3155 Deo
2917 3103 3201 3160 collocatae
3227 3116 3312 3162 est
3341 3107 3549 3166 lzetitia.

2210 3367 2227 3387 ‘
2263 3365 2429 3424 Vatis.
2471 3368 2526 3424 4.
2575 3388 2595 3422 ι
2631 3368 2872 3437 Quaerite
2923 3373 3254 3442 Dominum,
3320 3388 3374 3434 et
3433 3384 3735 3440 conﬁrma-

2140 3458 2298 3514 mini.
2342 3478 2362 3512 3
2407 3459 2474 3515 Et
2502 3461 2730 3528 docens,
2771 3465 3055 3533 quomodo
3089 3464 3197 3522 hoc
3237 3467 3418 3526 facere
3456 3484 3729 3544 oporteat,

2140 3550 2305 3607 infert
2336 3569 2350 3606 :
2390 3571 2410 3604 ι
2450 3551 2690 3619 ριιωτίιθ
2721 3552 2917 3610 faciem
2946 3557 3069 3626 ejus
3095 3574 3333 3630 semper.
3370 3581 3390 3614 3
3423 3562 3544 3620 Non
3581 3569 3731 3626 enim

2140 3645 2329 3712 semel,
2380 3655 2478 3701 aut
2526 3647 2634 3713 bis,
2686 3648 2783 3703 sed
2835 3664 2933 3717 per
2982 3659 3152 3706 totam
3200 3655 3370 3710 vitam
3416 3673 3726 3729 supernum

2110 3739 2407 3793 auxilium
2462 3754 2709 3809 quaerere
2752 3743 3045 3810 convenit,
3100 3746 3500 3820 utilitatemque
3551 3757 3730 3823 perci-

2138 3845 2287 3899 pere.
2318 3830 2516 3886 lnvieti
2540 3832 2688 3887 enim
2733 3841 2789 3889 ct
2827 3834 3230 3906 insuperabiles
3264 3854 3430 3896 erunt
3454 3846 3547 3914 qui
3578 3862 3729 3917 quae-

2134 3931 2268 3977 runt
2291 3922 2449 3979 illud.
2472 3922 2589 3980 Hoc
2613 3925 2780 3981 etiam
2812 3926 3076 3985 Dominus
3100 3929 3274 4001 legem
3310 3932 3494 3989 ferens
3515 3938 3728 4005 pollici-

2140 4020 2232 4068 tus
2262 4024 2348 4070 est
2377 4032 2392 4070 :
2428 4032 2448 4067 ι
2481 4014 2677 4084 Petite,
2701 4023 2756 4073 et
2779 4016 3000 4073 dabitur
3023 4020 3200 4086 vobis,
3228 4025 3459 4092 quarite
3483 4036 3539 4082 et
3569 4028 3725 4087 inve-

2134 4105 2325 4171 nietis,
2377 4107 2595 4177 pulsate
2646 4120 2703 4164 et
2747 4110 3028 4180 aperietur
3083 4112 3274 4181 vobis;
3325 4118 3507 4175 omnis
3552 4123 3723 4187 enim,

444 4188 473 4240 ὀ
500 4186 668 4239 αίτῶν
713 4186 1016 4258 λαμϐάνει,
1069 4190 1165 4242 καὶ
1209 4191 1238 4242 ὁ
1278 4191 1455 4263 ζητῶν
1490 4194 1763 4267 εὑρίσκει,
1810 4201 1905 4255 καὶ
1952 4203 2032 4275 τῷ

2145 4199 2230 4270 qui
2269 4200 2425 4271 petit,
2473 4200 2721 4271 accipit:
2764 4210 2819 4257 et
2860 4203 2958 4273 qui
3005 4206 3225 4274 quaerit,
3276 4208 3489 4265 invenit
3529 4228 3543 4265 :
3577 4223 3632 4269 et
3671 4217 3724 4271 ei

445 4278 700 4350 κρούοντι
725 4280 1099 4350 ἀνοιγήσεται.
1131 4301 1150 4335 3

514 4378 576 4424 ε’.
608 4389 627 4423 ι
662 4371 954 4443 Μνήσθητε
986 4373 1094 4426 τῶν
1121 4376 1447 4446 θαυμασίων
1476 4381 1643 4437 αὐτοῦ
1673 4377 1750 4441 ὧν
1778 4388 2026 4462 ἐποίησε,

2131 4294 2225 4365 qui
2252 4294 2459 4365 pulsat,
2496 4295 2865 4365 aperietur".
2909 4316 2928 4350 3

2202 4384 2371 4445 Vens.
2413 4388 2467 4444 5.
2508 4406 2528 4441 ι
2569 4388 2897 4447 Mementote
2928 4393 3259 4450 tnirabilium
3288 4397 3429 4467 ejus,
3475 4416 3598 4471 quae
3639 4401 3721 4458 fe-

441 4461 511 4515 τά
564 4462 772 4533 τέρατα
838 4462 1037 4525 αὐτοῦ,
1081 4465 1174 4518 καὶ
1217 4466 1289 4520 τά
1335 4471 1578 4543 κρίματα
1609 4475 1703 4530 τοῦ
1756 4461 2023 4551 στόματος

2145 4478 2224 4545 :it,
2273 4478 2524 4552 prodigia
2570 4480 2713 4552 ejus,
2762 4492 2819 4538 et
2858 4483 3069 4554 judicia
3117 4486 3233 4542 oris
3283 4461 3424 4557 ejus.
3464 4461 3509 4543 ι’
3539 4491 3719 4550 Nolite

440 4552 630 4608 αὑτοῦ.
668 4573 689 4606 3
740 4555 832 4624 Μὴ
877 4556 1150 4625 παράδοτε
1171 4556 1218 4589 ⁸⁸
1265 4557 1409 4632 λήθῃ
1456 4563 1559 4629 τὰς
1590 4568 1868 4641 ἀρρήτους
1894 4571 2028 4627 θαυ-

2145 4570 2429 4629 ,neﬂ'abilia
2486 4574 2752 4631 miracula
2806 4552 3071 4633 oblivioni
3118 4579 3355 4646 tradere,
3399 4600 3524 4654 qua:
3564 4586 3715 4657 justa

444 4643 807 4715 ματουργίας,
847 4645 913 4709 ἂς
947 4649 1012 4717 τῇ
1035 4646 1223 4716 δικαίᾳ
1250 4647 1418 4721 ψήφῳ
1449 4656 1738 4728 κοσμήσας
1759 4660 1790 4713 δ
1820 4662 2028 4716 Aea-m5-

2130 4665 2405 4722 sententia
2454 4665 2759 4737 disponens
2803 4666 3069 4724 Dominus
3112 4669 3256 4726 fecit.
3303 4671 3527 4731 Iudicia
3568 4681 3716 4734 enim

437 4749 541 4804 της
586 4733 906 4804 εἰργάσατο.
962 4734 1232 4804 Κρίματα
1293 4736 1404 4809 γὰρ
1456 4740 1692 4797 ἐνταῦθα
1750 4749 2028 4820 προσηγό-

2145 4776 2235 4817 ηιοο
2262 4761 2386 4817 loco
2414 4733 2561 4816 dixit
2580 4759 2848 4816 miracula
2873 4761 3023 4830 juste
3057 4778 3086 4816 a
3113 4761 3224 4818 Deo
3248 4765 3413 4821 edita.
3443 4768 3715 4835 Quoniam

441 4841 601 4895 ρευσε
640 4824 707 4878 τά
748 4825 976 4889 ἐνδίκως
1033 4827 1138 4880 ὑπὸ
1184 4830 1277 4882 τοῦ
1318 4829 1455 4884 Θεοῦ
1502 4837 1849 4907 γεγενημένα
1890 4839 2025 4894 θαύ-

2126 4853 2275 4909 enim
2300 4853 2370 4909 de
2402 4852 2534 4919 illis,
2564 4868 2689 4919 quae
2711 4852 2768 4907 in
2796 4851 3036 4925 .Egypto
3067 4854 3208 4911 facta
3240 4857 3411 4925 fuere,
3443 4861 3606 4918 verba
3636 4863 3716 4919 fa-

440 4934 609 4987 ματα.
643 4918 866 4989 Ἐπειδὴ
895 4920 1007 4990 γάρ
1046 4923 1157 4976 τῶν
1206 4925 1265 4978 ἐν
1323 4926 1590 4998 Αίγύπτῳ
1630 4933 2023 5003 γεγενημένων

2145 4945 2223 5010 :it,
2246 4944 2523 5015 justitiam
2552 4958 2730 5015 preme
2760 4918 3145 5016 JEgvptiorum
3177 4959 3335 5007 antea
3363 4952 3544 5009 docet.

436 5014 677 5065 ποιεῖται
711 5013 988 5084 διήγησιν,
1040 5017 1394 5087 προδιδάσκει
1448 5020 1550 5091 τῆς
1593 5024 1909 5093 Αίγυπτίων
1938 5045 2021 5081 τι-

438 5101 657 5172 μωρίας
684 5102 744 5157 τὸ
776 5102 1007 5163 δίκαιον.
1546 5136 1551 5139 ν

507 5198 583 5257 ς’.
624 5213 643 5246 ι
679 5195 913 5268 Σπέρμα
936 5199 1190 5272 Ἀϐραὰμ
1217 5202 1396 5257 δοῦλοι
1436 5205 1605 5259 αὑτοῦ
1625 5246 1641 5271 ,
1683 5208 1793 5262 υίοὶ
1820 5208 2021 5265 Ἰακὼὸ

2200 5201 2365 5259 Vens.
2409 5201 2464 5257 6.
2508 5221 2529 5256 ι
2567 5201 2768 5258 Semen
2827 5203 3128 5262 Ahrahami
3184 5209 3327 5263 servi
3381 5208 3539 5278 ejus,
3612 5209 3710 5267 lilii

434 5283 686 5339 ἐκλεκτοὶ
718 5287 909 5343 αὑτοῦ.
945 5308 964 5342 3
1008 5289 1148 5356 Τοὺς
1164 5291 1211 5324 δ’
1252 5294 1452 5359 αὐτοὺς
1484 5296 1580 5349 καὶ
1606 5295 1769 5350 τοῦτο
1797 5299 2021 5354 κάκεῖνο

2145 5297 2296 5354 Iacob
2339 5296 2500 5353 electi
2544 5296 2688 5366 ejus.
2733 5314 2754 5348 3
2797 5294 3033 5353 Eosdem
3066 5306 3122 5353 et
3159 5301 3262 5354 hoc
3307 5310 3361 5354 et
3401 5300 3495 5354 illo
3538 5301 3707 5359 modo

509 5428 529 5461 ι
563 5425 606 5480 ll
632 5427 761 5481 Cor.
791 5442 848 5488 χ,
882 5421 967 5482 l7.
1045 5438 1074 5467 ιι
1105 5426 1125 5481 l
1153 5427 1287 5498 Reg.
1316 5443 1378 5495 ιι,
1413 5430 1501 5484 10.
1576 5439 1608 5473 τ
1633 5429 1837 5489 Jerem.
1877 5449 1954 5499 ix,
1984 5433 2041 5490 22

2145 5434 2205 5488 4.
2248 5438 2296 5472 ν·
2328 5432 2520 5488 Matth.
2548 5448 2646 5498 vn,
2678 5432 2733 5501 7,
2766 5430 2821 5489 8.

1524 5565 1761 5623 VARIJE
1801 5565 2192 5625 LECTIONES
2227 5567 2315 5623 ET
2349 5566 2586 5623 NOTAE.

479 5649 526 5682 δ’
549 5659 669 5712 cod.
708 5659 730 5713 1
767 5660 1025 5715 ὀδεύοιεν.
1101 5662 1147 5695 ⁸³
1175 5664 1250 5717 Εἴ

1243 5666 1418 5733 ξρηκε.
1475 5666 1600 5720 cod.
1636 5666 1659 5718 1

430 5722 477 5755 ιδ
504 5730 637 5782 Καί.
665 5731 837 5784 Abest
879 5746 909 5784 a
944 5733 1067 5786 cod.
1098 5733 1149 5787 ι.
1243 5722 1261 5733 ’
1289 5722 1334 5767 ιδ
1366 5737 1512 5788 Ἐπί.
1539 5737 1661 5792 cod.
1693 5722 2024 5805 ι”ἐν’μέσῳ.

430 5795 587 5848 δῶτε.
666 5800 710 5832 δ’
740 5801 904 5848 Τυὺρ-
939 5820 993 5848 κ-
1020 5821 1071 5848 τ-
1105 5804 1153 5848 λ-
1184 5806 1295 5848 Alia
1326 5806 1479 5848 Imln-I
1512 5807 1670 5848 ﬁni-il,
1710 5817 1745 5848 l,
1791 5805 1852 5848 III
1903 5822 1952 5848 η-
1984 5807 2024 5848 Ι·

1698 5665 2070 5736 ήρμήνευσεν.

666 5800 710 5832 ⁸⁹
740 5801 906 5867 Τοὺς,
939 5820 993 5856 κ.
1020 5821 1071 5858 τ.
1105 5804 1154 5857 λ.
1181 5806 1295 5858 Alia
1326 5806 1483 5861 Italu-l
1512 5807 1673 5862 Cord.
1710 5817 1749 5860 ι.
1791 5800 1878 5869 ΙΙΙ,
1903 5800 2107 5877 p.115.

2146 5664 2192 5697 “
2222 5664 2510 5730 Διδὰεατε
2556 5666 2610 5719 lu
2649 5665 2843 5735 cod.__i
2890 5661 3108 5735 ponitur
3155 5671 3281 5735 post
3329 5665 3702 5735 γεγενῃμένα.

2138 5735 2182 5767 ⁸⁷
2207 5737 2316 5790 Καὶ
2346 5753 2516 5804 κρατ.
2550 5735 2715 5791 llebr.
2752 5733 2818 5787 Et
2848 5734 3006 5787 robur
3027 5734 3166 5803 ejus.
3241 5733 3286 5765 ⁸⁸
3314 5734 3435 5789 cod.
3464 5733 3704 5812 [παρια-
