4114 6424
473 295 573 361 ΠΙ

1467 303 1963 367 TIIEODORETI
1998 302 2342 364 EPISCOPI
2379 304 2751 365 CYRENSIS

3572 303 3710 371 1712

434 417 742 479 nuncupat,
787 418 844 463 ut
878 408 971 481 qui
1000 411 1198 480 partim
1226 421 1475 482 nepotes,
1507 417 1704 484 partim
1732 414 1826 469 ﬁlii
1851 417 2017 471 exsti-

2128 415 2297 482 ιιαλεῖ,
2328 417 2404 480 ὡς
2432 418 2557 479 τοὺς
2583 417 2630 447 ⁸⁸
2668 416 2768 486 μὲν
2800 415 3123 484 ἀπογόνους,
3156 416 3282 480 τοὺς
3311 415 3368 470 δὲ
3398 417 3548 481 υἱοὺς
3573 436 3712 489 χρη-

437 501 627 557 terint.
676 500 892 555 Electa;
953 517 1083 556 vero
1142 504 1451 573 appellavit,
1506 516 1565 559 ut
1612 522 1710 561 eos
1759 509 1852 577 qui
1910 521 2021 577 prae

429 595 651 650 cunctis
689 595 943 664 gentibus
980 594 1214 664 populus
1264 593 1356 651 Dei
1397 599 1571 651 vocati
1611 608 1762 653 sunt.
1808 596 2021 669 1345

430 684 551 741 {loc
616 694 794 739 autem
852 695 903 739 et
957 701 1053 755 per
1104 701 1167 741 ea
1229 703 1350 757 quae
1420 699 1729 759 sequuntur
1796 691 2021 745 όυιιιυιιο

436 776 651 833 stravit.

506 863 675 921 Vens.
720 868 772 920 7.
819 885 837 917 ι
876 864 994 935 lpse
1024 865 1292 922 Dominus
1336 866 1478 924 Deus
1527 880 1735 935 noster,
1776 870 1829 923 in
1871 869 2023 923 omni

424 971 578 1016 terra
621 961 829 1032 judicia
876 962 1017 1031 ejus.
1061 981 1078 1012 ι
1114 963 1251 1016 Cum
1298 965 1445 1017 enim
1499 965 1617 1035 ipse
1660 966 1733 1020 sit
1777 967 2023 1019 omnium

437 1050 583 1107 Deus
627 1063 680 1106 et
734 1051 1018 1119 Dominus,
1073 1054 1284 1123 totique
1333 1056 1452 1109 orbi
1508 1057 1845 1121 dominetur,
1901 1071 2027 1126 pro-

435 1143 610 1211 prium
640 1143 901 1213 populum
937 1144 1039 1199 bos
1076 1146 1390 1214 appellavit.

512 1233 675 1289 Vens.
719 1235 774 1289 8.
823 1254 842 1286 ι
883 1234 1092 1289 Memor
1127 1237 1227 1290 fuit
1261 1238 1313 1289 in
1348 1237 1608 1292 saeculum
1654 1238 1876 1294 fmderis
1915 1243 2023 1309 sui,

437 1327 587 1380 verbi
617 1328 762 1396 quod
801 1328 1083 1382 mandavit
1122 1329 1176 1381 in
1228 1329 1376 1383 mille
1409 1333 1810 1400 generationes.
1852 1352 1873 1385 ›
1922 1333 2027 1388 Per

439 1417 557 1472 hme
580 1418 1052 1473 continuationem
1079 1415 1134 1473 et
1160 1423 1576 1490 perpetuitatem
1604 1424 1761 1478 docet
1790 1426 2026 1493 promis-

432 1511 682 1573 sionum,
710 1525 835 1578 quae
861 1510 1178 1564 Abrahamo
1219 1511 1375 1566 facta:
1405 1513 1647 1569 fuerunt.
1698 1514 1813 1569 Non
1855 1517 2025 1581 enim,

432 1609 497 1654 ut
520 1599 691 1668 aliqui
725 1600 1007 1667 dixerunt,
1045 1602 1131 1656 hic
1162 1617 1345 1657 sermo
1379 1615 1463 1659 est
1497 1606 1901 1675 hyperbolicos,
1931 1608 2025 1661 sed

438 1706 608 1745 verus
663 1700 718 1745 et
769 1692 1009 1748 divinus.
1068 1691 1333 1749 Promisit
1391 1707 1573 1751 autent
1640 1700 2024 1753 universorum

2128 511 2487 582 ματίσαντας.
2523 509 2882 575 Ἐκλεκτοὺς
2905 508 2964 562 δέ
2982 510 3430 581 προσηγόρευσεν
3453 510 3529 574 ὡς
3557 520 3711 584 παρετ

2124 602 2308 655 πάντα
2339 601 2410 655 τὰ
2451 600 2588 671 ἔθνη
2614 601 2741 664 λαὸς
2781 599 3085 669 κληθέντας
3138 599 3295 654 Θεοῦ.
3331 598 3505 653 Τοῦτο
3531 601 3585 654 δὲ
3617 602 3713 654 καὶ

2121 693 2214 747 διὰ
2242 694 2354 750 τῶν
2388 694 2803 766 ἐπιφερομένων
2837 691 3134 763 ἐδήλωσεν.

2197 873 2264 938 ζ’.
2304 892 2322 925 t
2362 872 2537 935 Αὐτὸς
2566 871 2772 941 Κύριος
2799 873 2827 924 ὁ
2857 869 2992 933 Θεὸς
3025 870 3206 939 ἡμῶν,
3245 872 3302 923 ἐν
3331 872 3482 944 πάσῃ
3520 874 3587 943 τῇ
3639 875 3710 942 γῇ

2123 965 2192 1019 τὰ
2240 966 2484 1037 κρίματα
2539 964 2727 1018 αὐτοῦ.
2783 982 2802 1015 ι
2853 963 2911 1016 '0
2956 963 3067 1033 γὰρ
3117 963 3280 1026 αὐτὸς
3330 962 3404 1016 ὢν
3453 966 3713 1018 ἁπάντων

2124 1058 2258 1119 Θεὶς
2304 1057 2401 1110 καὶ
2430 1054 2655 1126 Κύριος,
2694 1054 2787 1107 καὶ
2829 1054 3011 1120 πάσης
3063 1053 3344 1117 δεσπόζων
3389 1053 3488 1124 τῆς
3530 1056 3713 1107 οἰκου-

2128 1150 2322 1219 μένης,
2353 1148 2579 1208 τούτους
2618 1147 2750 1199 ἴδιον
2779 1145 2907 1199 λαὸν
2934 1145 3405 1216 προσηγόρευσεν.

2193 1246 2266 1310 η’.
2314 1258 2333 1289 ι
2382 1238 2665 1307 Ἐμνήσθη
2711 1239 2794 1301 εἰς
2851 1238 2943 1292 τὸν
2976 1237 3154 1291 αἰῶνα
3205 1236 3475 1307 διαθήκης
3519 1236 3712 1303 αὑτοῦ,

2123 1331 2284 1399 λόγου
2336 1327 2396 1384 οὗ
2448 1330 2757 1384 ἐνετείλατο
2805 1331 2884 1393 εἰς
2928 1329 3109 1400 χιλίας
3152 1331 3365 1398 γενεάς.
3407 1349 3427 1380 ι
3459 1331 3532 1382 Τὸ
3560 1330 3716 1401 διαρ·

2126 1424 2215 1486 κές
2247 1425 2344 1476 καὶ
2374 1425 2601 1494 μόνιμον
2628 1423 2739 1475 τῶν
2762 1421 2901 1494 πρὸς
2922 1422 3014 1476 τὸν
3041 1422 3299 1493 ’Λϐραὰμ
3326 1422 3716 1493 γεγενημένων

2127 1516 2478 1586 ὑποσχέσεων
2521 1515 2609 1569 διὰ
2647 1516 2855 1568 τούτων
2886 1514 3149 1568 διδάσκει.
3189 1515 3265 1567 υὺ
3304 1516 3434 1584 γὰρ,
3466 1515 3541 1577 ὥς
3566 1532 3713 1578 τινες

2126 1606 2424 1671 ὑπέλαϐον,
2471 1604 2836 1676 ὐπερϐολικὸς
2882 1604 2911 1655 δ
2944 1603 3135 1672 λόγος’
3197 1603 3314 1658 ἀλλ’
3372 1603 3577 1674 ἀληθὴς
3618 1606 3716 1657 καὶ

2128 1697 2293 1761 θεῖος.
2334 1697 2715 1767 Ὑπέσχετοδὲ
2742 1698 2770 1750 ὁ
2802 1695 2912 1750 τῶν
2941 1696 3079 1750 ὅλων
3112 1696 3267 1762 Θεὸς,
3320 1697 3379 1749 ἐν
3415 1696 3494 1766 τῷ
3546 1697 3716 1766 σπέρ-

436 1782 583 1836 l)eus
624 1783 677 1835 in
713 1784 923 1836 semine
976 1784 1101 1852 ejus
1129 1801 1187 1840 se
1229 1786 1644 1843 benedicturum
1681 1806 1805 1845 esse
1834 1792 2016 1845 omni-

2128 1808 2258 1860 ματι
2310 1789 2480 1843 αὑτοῦ
2517 1789 2836 1859 εὐλογήσειν
2880 1788 3063 1842 πάντα
3094 1788 3165 1842 τὰ
3193 1771 3346 1859 ἔθνη.
3380 1788 3613 1860 Σπέρμα
3655 1788 3715 1842 δέ

436 1872 542 1926 hus
571 1872 847 1941 gentibus.
888 1870 1086 1927 Semen
1122 1890 1251 1929 vero
1281 1877 1403 1945 ejus
1447 1888 1531 1932 est
1562 1878 1831 1935 Dominus
1855 1879 2017 1947 Clu-i-

434 1973 554 2016 stus
602 1963 905 2017 secundum
951 1978 1196 2029 carnem,
1263 1968 1358 2036 qui
1408 1969 1802 2039 sempiternum
1856 1972 2019 2026 habet

433 2053 750 2122 imperium,
782 2070 1123 2126 regnumque
1165 2072 1422 2126 perenne.
1463 2060 1580 2115 Hoc
1609 2077 1741 2118 vero
1772 2074 1826 2117 et
1870 2063 2019 2119 mille

433 2146 764 2200 saeculorum
797 2150 1251 2204 commemoratio
1292 2152 1495 2207 indicat
1529 2170 1547 2206 :
1578 2169 1686 2208 non
1729 2155 1875 2209 enim
1917 2170 2018 2209 au-

433 2253 629 2293 norum
676 2255 963 2293 numerum
992 2256 1173 2296 sermo
1195 2243 1490 2312 signiﬁcat,
1522 2246 1616 2301 sed
1649 2248 2020 2302 continuatio-

431 2345 556 2385 nem
605 2339 662 2385 et
713 2333 1078 2388 teternitatem
1126 2335 1425 2391 multitudo
1472 2340 1888 2407 generationem
1925 2341 2020 2395 de-

429 2425 632 2495 signat.

510 2515 675 2572 Vsus.
719 2517 772 2583 9,
823 2518 910 2572 t0.
959 2538 979 2570 ι
1025 2520 1184 2586 Quod
1244 2524 1536 2579 constituit
1586 2526 1922 2594 Abrahatno,
1967 2536 2019 2582 et

416 2608 725 2676 juramenti
783 2608 969 2666 lsaaco
1013 2612 1261 2669 dati.'Et
1316 2617 1609 2670 constituit
1650 2618 1783 2672 illud
1813 2617 2019 2673 Jacobo

428 2711 784 2769 praeceptum,
812 2712 865 2756 et
892 2703 1079 2758 lsrach
1116 2704 1301 2761 fwdus
1333 2716 1625 2763 aeternum.
1665 2727 1684 2759 ι
1725 2709 1900 2780 Hujus
1927 2712 2019 2779 ju-

430 2793 667 2847 ramenti
725 2795 892 2849 etiam
945 2796 1169 2851 divinus
1225 2798 1405 2854 Moses
1463 2801 1794 2857 mentionem
1862 2801 2015 2857 facit.

433 2902 454 2934 ι
496 2882 645 2938 Dixit
689 2888 858 2949 enim,
914 2889 1112 2958 inquit,
1162 2889 1307 2944 Deus
1352 2891 1717 2949 Abrahamo:
1760 2895 1863 2949 l'er
1907 2909 2021 2948 inc-

430 2977 612 3045 ipsmn
651 2978 835 3049 juravi
896 2980 1014 3034 fore
1055 2993 1116 3035 ut
1162 2982 1493 3038 benedicens
1538 2986 1857 3040 benedicam
1900 2987 2020 3051 tibi,

429 3076 487 3121 et
511 3070 886 3139 multiplicans
917 3073 1277 3141 tnultiplicctn
1317 3089 1503 3129 semen
1547 3085 1700 3130 tuum
1726 3078 1868 3131 sicut
1898 3076 2023 3130 stel-

2125 1880 2295 1935 αὐτοῦ
2322 1884 2351 1934 ὁ
2394 1882 2677 1951 Δεσπότης
2711 1879 2947 1951 Χριστὸς
2984 1880 3128 1934 κατὰ
3163 1881 3367 1950 σάρκα·
3396 1881 3454 1943 ὃς
3492 1880 3714 1934 αἰώνιον

2125 1972 2239 2042 ἔχει
2298 1974 2360 2025 τὸ
2423 1973 2659 2041 κράτος,
2727 1972 2823 2024 καὶ
2875 1970 2976 2041 τὴν
3042 1969 3322 2040 βασιλείαν
3380 1969 3709 2037 ἀνώλεθρον.

2126 2065 2302 2118 Τοῦτο
2324 2066 2379 2119 δὲ
2415 2065 2511 2119 καὶ
2534 2064 2644 2118 τῶν
2662 2063 2853 2134 χιλίων
2878 2063 3085 2132 γενεῶν
3106 2065 3139 2132 ἡ
3174 2063 3363 2133 μνήμη
3386 2063 3714 2134 παραδηλοῖ.

2126 2157 2202 2209 Οὐ
2258 2156 2368 2228 γὰρ
2420 2156 2557 2209 ἐτῶν
2590 2155 2827 2226 ἀριθμὸν
2875 2158 2904 2208 ὁ
2947 2155 3106 2224 λόγος
3147 2155 3424 2225 σημαίνει,
3469 2155 3607 2208 ἀλλὰ
3651 2157 3715 2209 τὸ

2126 2248 2352 2319 διαρκὲς
2392 2248 2490 2302 καὶ
2517 2245 2739 2301 αἰώνιον
2766 2248 2810 2279 ⁵⁸
2841 2245 2957 2300 τῶν
2981 2245 3187 2314 γενεῶν
3209 2247 3271 2299 τὸ
3311 2246 3515 2317 πλῆθος
3538 2246 3716 2300 αἰνίτ-

2125 2356 2303 2392 τεται.

2198 2519 2265 2585 θ’,
2303 2525 2354 2573 ι’.
2393 2538 2412 2572 ι
2451 2520 2520 2573 ’Ὀ
2566 2536 2618 2573 τι
2649 2521 2695 2553 ⁸²
2724 2519 2935 2573 διέθετο
2987 2520 3065 2591 τῷ
3124 2520 3399 2591 Ἀϐραὰμ,
3463 2518 3560 2574 καὶ
3612 2520 3713 2575 τοῦ

2126 2612 2295 2685 ὅρκου
2341 2610 2508 2665 αὑτοῦ
2541 2613 2624 2683 τῷ
2669 2611 2877 2667 Ἰσαάκ.
2929 2613 3038 2666 Καὶ
3099 2613 3330 2683 ἔστησεν
3376 2614 3540 2666 αὑτὸν
3561 2613 3608 2646 ⁸⁸
3634 2614 3717 2687 τῷ

2139 2704 2339 2757 Ἰακὼϐ
2371 2705 2453 2767 είς
2480 2706 2836 2775 πρόσταγμα,
2874 2705 2967 2758 καὶ
2999 2704 3075 2774 τῷ
3109 2705 3330 2776 Ἰσραὴλ
3352 2706 3434 2769 είς
3448 2705 3717 2777 διαθήκην

2128 2795 2371 2849 αἰώνιον.
2402 2814 2423 2847 ›
2466 2795 2687 2848 Τούτων
2737 2795 2850 2848 τῶν
2897 2796 3077 2866 ὅρκων
3134 2795 3298 2850 atat“
3339 2798 3367 2850 ὁ
3425 2797 3718 2862 θεσπέσιος

2128 2888 2508 2958 ἐμνημόνευσε
2559 2887 2804 2957 Μωσῆςο
2846 2906 2865 2938 ι
2913 2884 3050 2940 Eine
3093 2887 3222 2958 γὰρ,
3274 2889 3477 2960 φησὶν,
3520 2891 3548 2942 ὁ
3582 2889 3718 2952 Θεὸς

2128 2980 2266 3050 πρὸς
2299 2980 2555 3049 ’Δϐραὰμ
2576 3020 2590 3041 ,
2637 2979 2775 3032 Κατ’
2825 2978 3070 3048 ἐμαυτοῦ
3111 2979 3324 3049 ὤμοσα,
3357 2976 3393 3050 ἦ
3428 2980 3534 3051 μὴν
3561 2980 3719 3033 εὐλο-

2128 3071 2242 3140 γῶν
2268 3071 2552 3139 εὐλογήσω
2564 3073 2629 3136 ⁸⁵,
2654 3070 2751 3123 καὶ
2789 3070 3080 3139 πληθύνων
3118 3071 3377 3143 πληθυνῶ
3405 3072 3466 3125 τὸ
3494 3073 3720 3142 σπέρμα

432 3166 515 3220 las
560 3164 684 3220 τα)ιί
736 3166 1111 3230 multitudine,
1174 3173 1228 3220 et
1275 3166 1670 3223 benedicentur
1717 3169 1768 3222 in
1816 3171 2023 3235 semine

2134 3180 2251 3226 σου,
2274 3163 2350 3226 ὡς
2380 3163 2449 3216 τὰ
2475 3162 2656 3233 ἄστρα
2688 3161 2783 3215 τοῦ
2815 3161 3048 3234 οὐρανοῦ
3072 3162 3149 3234 τῷ
3180 3163 3377 3233 πλήθει
3396 3179 3412 3195 ο
3440 3166 3536 3217 καὶ
3561 3164 3721 3217 εὐλο-

433 3268 531 3313 tuo
558 3272 751 3313 omnes
778 3259 953 3312 tribus
980 3269 1139 3312 terra:
1164 3266 1214 3310 ³.
1249 3276 1267 3309 ι
1299 3256 1414 3313 Hoc
1445 3259 1832 3328 jusjurandum
1864 3261 2028 3315 etiam

420 3349 628 3405 .lsaaco
658 3350 713 3402 in
751 3349 1079 3403 memoriam
1126 3357 1370 3412 revocat,
1414 3360 1470 3404 et
1502 3350 1791 3403 continuat
1827 3349 2030 3406 {eadem

432 3455 562 3495 cum
602 3437 810 3493 Jacobo
854 3439 991 3492 inita
1015 3446 1068 3503 I,
1111 3450 1281 3507 atque
1317 3441 1485 3494 etiam
1526 3440 1641 3495 haec
1676 3440 1860 3511 implet
1890 3460 1902 3495 :
1933 3459 2031 3512 per

436 3531 626 3586 Mosen
653 3530 942 3595 nimirum,
986 3531 1208 3584 illorum
1253 3542 1509 3601 posteros
1545 3532 1617 3587 ab
1646 3531 2027 3605 Egyptiorum

435 3622 705 3677 servitute
749 3620 965 3693 1346
1003 3621 1293 3678 liberans:
1331 3638 1428 3693 per
1469 3621 1658 3678 Jesutn
1709 3640 1839 3679 vero
1881 3625 2030 3682 Nave

436 3713 769 3782 promissam
816 3724 1016 3767 terram
1056 3712 1236 3770 dans:
1274 3712 1436 3769 ﬁnem
1480 3725 1662 3769 autctn
1701 3718 2027 3786 promissio-

430 3805 524 3862 .nis
549 3822 645 3876 per
669 3804 965 3861 Dominum
991 3804 1275 3861 Christum
1305 3806 1615 3877 perﬁciens.

506 3987 672 4042 Vsus.
714 3986 802 4043 11.
850 4005 869 4040 ς
908 3985 1106 4043 Dicens
1136 4000 1151 4040 :
1179 3984 1302 4040 Tibi
1345 3985 1490 4041 dabo
1515 3995 1714 4041 terram
1741 3985 2027 4054 Chanaan,

432 4079 740 4135 funiculum
772 4079 1112 4135 hmreditatis
1144 4088 1359 4134 vestrae.
1402 4096 1421 4130 ι
1455 4076 1781 4131 Fum'cnlum
1816 4079 2031 4133 vocavit

431 4174 867 4230 dominationem
916 4184 1077 4230 terra:
1107 4189 1122 4228 :
1155 4173 1440 4242 proprium
1478 4171 1624 4227 enim
1661 4171 1878 4225 illorum
1922 4179 2026 4236 est,

434 4265 530 4336 qui
574 4267 878 4336 possident,
913 4274 1115 4319 terram
1146 4264 1423 4318 mensuris
1449 4262 1742 4333 subjicere.

505 4356 676 4415 Vsus.
718 4359 808 4413 12.
855 4375 875 4409 ε
914 4357 1051 4413 Cum
1092 4368 1282 4413 essent
1316 4370 1552 4411 numero
1593 4356 1766 4424 brevi,
1813 4353 2029 4426 paucis-

2132 3254 2538 3326 γηθήσονται⁸⁶
2573 3256 2632 3307 ἐν
2678 3253 2756 3324 τῷ
2801 3255 3081 3325 σπέρματί
3122 3272 3216 3307 σου
3254 3258 3428 3309 πᾶσαι
3458 3258 3514 3308 αἱ
3552 3257 3725 3324 φυλαὶ

2131 3348 2230 3417 τῆς
2258 3349 2387 3418 γῆς.
2419 3366 2438 3399 ι
2467 3346 2655 3417 Τούτῳ
2682 3346 2759 3417 τῷ
2785 3346 2936 3417 ὅρκῳ
2963 3346 3059 3401 καὶ
3081 3347 3174 3401 τὸν
3201 3347 3389 3401 Ἰσαὰκ
3407 3349 3723 3420 ἀναμιμνῆ-

2135 3455 2256 3491 σκει
2291 3454 2304 3468 ο
2356 3436 2569 3507 βεϐαιοῖ
2609 3436 2704 3490 καὶ
2734 3437 2870 3508 πρὸς
2904 3437 3000 3489 τὸν
3036 3435 3234 3491 Ἰακὼϐ
3266 3438 3367 3501 τὰς
3407 3438 3718 3508 συνθήκαςο

2131 3528 2228 3581 καὶ
2261 3527 2445 3598 μέντοι
2486 3527 2582 3580 καὶ
2612 3526 2814 3597 πληροῖ
2842 3526 3070 3591 ταύτας,
3113 3526 3201 3581 διὰ
3240 3528 3341 3598 μὲν
3365 3528 3567 3582 Μωσοῦ
3589 3532 3727 3594 τοὺς

2131 3620 2361 3675 ἐκείνων
2415 3620 2675 3688 ἐκγόνους
2706 3619 2750 3650 ⁵⁷
2799 3620 2899 3690 τῆς
2961 3620 3277 3689 Αἰγυπτίων
3334 3620 3725 3691 ἐλευθερώσας

2132 3710 2402 3775 δουλείας,
2435 3710 2526 3764 διὰ
2551 3711 2606 3763 δὲ
2638 3711 2817 3777 Ἰησοῦ
2846 3710 2939 3764 τοῦ
2972 3712 3132 3782 Ναυῆ
3161 3712 3262 3781 τὴν
3289 3712 3724 3784 ἐπηγγελμένην

2132 3807 2235 3877 γῆν
2268 3805 2315 3837 ⁸⁸
2346 3804 2582 3868 ἀποδούς
2609 3820 2623 3836 ο
2652 3804 2713 3857 τὸ
2744 3802 2800 3856 δὲ
2827 3803 2979 3867 τέλος
3013 3806 3111 3875 τῆς
3138 3806 3475 3874 ἐπαγγελίας
3498 3806 3592 3860 διὰ
3621 3807 3723 3861 τοῦ

2132 3897 2407 3950 Δεσπότου
2440 3896 2798 3967 συμπεράνας
2831 3897 3096 3967 Χριστοῦ.

2205 3988 2295 4043 ια’.
2344 4007 2363 4042 ί
2395 3990 2612 4057 Δέγων,
2675 3990 2767 4042 Σοὶ
2814 3989 2972 4043 δώσω
3005 3989 3106 4059 τὴν
3129 3993 3233 4061 γῆν
3295 3989 3539 4055 Χαναὰν,
3571 3990 3720 4061 σχοί-

2129 4098 2301 4152 νισμα.
2354 4081 2724 4154 κληρονομίας
2783 4081 2961 4152 ὑμῶν.
3010 4100 3029 4133 ι
3085 4082 3423 4152 Σχοίνισμα
3474 4084 3574 4155 τὴν
3618 4084 3727 4154 τῆς

2130 4174 2232 4244 γῆς
2261 4174 2491 4229 ἐκάλεσε
2514 4174 2841 4229 δεσποτείαν
2868 4190 2880 4204 ο
2916 4172 3025 4227 τῶν
3059 4175 3416 4245 κεκτημένων
3446 4176 3555 4246 γὰρ
3587 4175 3723 4230 ἴδιον

2132 4266 2320 4337 μέτρῳ
2349 4267 2448 4338 τὴν
2478 4270 2584 4338 γῆν
2616 4266 2965 4319 ὑποϐάλλειν.

2204 4360 2293 4430 ιβ’.
2328 4378 2349 4412 ι
2401 4361 2491 4413 Ἐν
2540 4358 2619 4429 τῴ
2647 4354 2789 4412 εἶναι
2835 4358 3035 4420 αὐτοὺς
3063 4355 3287 4430 ἀριθμῷ
3322 4356 3576 4428 βραχεῖς,
3605 4359 3725 4411 όλί-

432 4449 582 4516 simi,
618 4462 673 4505 ct
697 4450 892 4506 incola:
933 4450 1075 4519 ejus.
1110 4467 1129 4501 ι
1169 4446 1293 4504 Haec
1315 4459 1520 4516 autem,
1551 4449 1753 4519 inquit,
1780 4446 2021 4517 parenti-

2130 4454 2358 4521 γοστοὺς
2386 4452 2482 4505 καὶ
2526 4452 2828 4519 παροίκους
2864 4451 2920 4501 ἐν
2949 4449 3109 4519 αὐτῇ.
3153 4468 3171 4501 ι
3207 4448 3394 4502 Ταῦτα
3424 4450 3503 4509 δὲ,
3527 4451 3725 4519 φησὶν,

436 4545 538 4599 bus
570 4544 840 4612 promisit,
889 4544 991 4614 qui
1033 4543 1256 4598 fuerunt
1301 4543 1484 4613 pauci,
1521 4552 1576 4597 ct
1616 4551 1904 4596 numerata
1952 4538 2025 4594 fa-

434 4634 591 4689 ciles.
624 4633 981 4690 Demonstrat
1026 4645 1210 4690 autem
1244 4650 1339 4705 per
1382 4636 1486 4689 hoc
1519 4632 1893 4704 promittentis
1934 4645 2029 4701 po-

438 4726 687 4793 tentiam,
727 4728 876 4797 quod
899 4727 1125 4783 licetsic
1154 4725 1316 4796 pauci
1342 4725 1674 4789 exstiterint,
1702 4734 1811 4779 tam
1834 4721 2027 4793 ampla:

436 4827 601 4872 terra:
628 4817 924 4888 imperium
953 4818 1061 4872 illis
1090 4818 1275 4887 largiri
1302 4817 1563 4889 potuerit.

511 4906 685 4962 Vens.
728 4909 817 4963 15.
867 4928 886 4962 ε
924 4910 993 4964 Ει
1022 4912 1363 4966 transierunt
1391 4911 1460 4966 de
1493 4916 1654 4980 gente
1688 4906 1754 4962 ad
1787 4915 2027 4978 gentem,

434 5003 588 5059 etde
623 5018 794 5075 regno
826 5005 891 5060 ad
935 5006 1197 5077 populum
1238 5007 1497 5061 alterum.
1546 5022 1566 5056 ι
1609 5000 1745 5057 Nam
1793 4999 2029 5070 patriar-

436 5097 555 5152 cha:
593 5096 648 5151 in
686 5106 950 5167 perpetua
1002 5098 1447 5169 peregrinatione
1478 5096 1683 5152 versati
1730 5103 1883 5157 sunt,
1931 5108 2028 5146 ne-

515 5289 539 5318 ι
574 5276 711 5333 Gen.
753 5289 893 5340 xxii,
937 5273 1025 5337 16,
1061 5271 1149 5326 l7.
1228 5280 1255 5319 1
1289 5270 1431 5326 Gen.
1465 5288 1616 5339 xxvi,
1647 5275 1702 5341 5,
1735 5275 1791 5328 4.

2133 4545 2405 4615 ὑπέσχετο
2448 4546 2566 4608 τοῖς
2609 4544 2883 4615 πατράσιν
2932 4541 3136 4611 ὀλίγοις
3165 4537 3315 4605 οὖσι,
3371 4542 3467 4596 καὶ
3509 4544 3725 4615 σφόδρα

2132 4638 2565 4709 εὐαριθμήτοις⁶
2607 4635 2762 4705 δηλοῖ
2793 4635 2850 4688 δέ
2882 4634 2972 4688 διὰ
3027 4634 3218 4687 τούτου
3266 4631 3361 4687 τοῦ
3418 4635 3722 4704 ὑπισχνου-

2138 4730 2304 4802 μένου
2356 4728 2455 4799 τὴν
2516 4725 2786 4797 δύναμιν⁸
2852 4724 2934 4777 ὃτι
2988 4724 3084 4776 καί
3141 4740 3225 4775 τοι
3281 4721 3454 4785 οὕτως
3511 4722 3722 4792 ὀλίγοις

2132 4821 2404 4889 τοσαύτης
2442 4817 2548 4889 γῆς
2573 4816 2894 4871 δεσποτείαν
2920 4816 3183 4885 παρέχειν
3206 4813 3457 4883 ἠδύνατο.

2207 4919 2297 4982 ιγ’.
2335 4931 2354 4964 ι
2400 4910 2512 4965 Καὶ
2549 4909 2768 4980 διῆλθον
2796 4910 2855 4976 ἐξ
2881 4908 3072 4970 ἔθνους
3093 4909 3172 4970 είς
3199 4907 3372 4970 ἔθνος,
3396 4907 3488 4959 καὶ
3524 4907 3589 4960 ἐκ
3621 4906 3724 4977 βα-

2132 5004 2337 5067 σιλείας
2364 5004 2444 5067 εἰς
2482 5002 2611 5055 λαὸν
2671 5002 2882 5071 ἕτερον.
2918 5020 2938 5053 ›
2991 4998 3394 5071 Παροικοῦντες
3428 5000 3475 5032 υ
3511 4997 3623 5070 γὰρ
3672 5000 3727 5052 οἱ

2132 5099 2476 5169 πατριάρχαι
2511 5093 2846 5161 διετέλεσαν,
2876 5095 2972 5148 καὶ
3018 5094 3143 5147 οὺδέ
3170 5093 3257 5163 ἐφ’
3287 5093 3407 5156 ἐνὸς
3440 5092 3729 5164 ίδρύμενοι

1558 5411 1786 5466 ὶἈΙὶΙΑεΣ
1826 5409 2208 5468 ιΕοτιοΝιςδ
2246 5409 2333 5464 ΕΤ
2368 5406 2603 5463 ΝΟΤΛΕ.

509 5532 557 5566 ⁸⁸
584 5533 754 5599 nec.
777 5529 898 5587 cod.
928 5530 951 5583 1
978 5529 1096 5585 τοῦ.
1133 5528 1209 5585 Ita
1233 5541 1453 5630 quoque
1477 5527 1673 5584 deinde
1698 5539 1823 5598 post
1851 5529 2023 5597 ἀπογό

509 5618 561 5653 σε
585 5612 671 5653 est
715 5616 826 5653 rec.
853 5601 1091 5653 lcctioh.
1125 5603 1163 5653 l.
1269 5600 1290 5630 ³
1320 5597 1538 5651 Αὐτόν.
1578 5598 1657 5653 Ita
1706 5600 1805 5653 lea.
1853 5600 1905 5653 in
1950 5600 2014 5653 ed

2131 5544 2180 5590 ς.
2257 5527 2299 5560 ⁶¹
2334 5524 2606 5580 Διώνιον.
2637 5524 2808 5577 cod.t
2852 5525 3102 5595 μόνιμον.
3172 5524 3218 5555 ⁸¹
3239 5523 3313 5577 ’Ὀ
3338 5540 3410 5578 τι.
3441 5523 3564 5578 cod.
3585 5526 3610 5578 ί
3640 5525 3727 5597 ὃν,

2128 5597 2251 5652 Ald.
2301 5606 2356 5650 et
2399 5594 2615 5653 Compl.
2661 5594 2902 5653 Recepta
2948 5604 3132 5649 autem
3185 5593 3347 5649 lectio
3385 5606 3470 5649 est
3522 5596 3727 5653 «suav.

439 5616 561 5669 quae
585 5612 671 5658 est
715 5616 826 5654 rce.
853 5601 1013 5656 lectio
1038 5602 1091 5656 h.

1269 5600 1290 5630 ³
1320 5593 1538 5669 Αὐτόν.
1578 5598 1657 5653 Ita
1702 5593 1805 5669 leg.
1853 5600 1905 5653 in
1950 5593 2014 5655 ed

2128 5597 2251 5652 Ald.
2301 5606 2356 5669 ct
2399 5593 2902 5669 Cettipl._liecepta
2948 5593 3347 5669 aitterr._lectio
3385 5606 3470 5669 est
3522 5593 3727 5669 aezi’p;

441 5663 488 5701 ³’δ
512 5673 643 5727 Καί.
678 5671 846 5725 Abest
877 5670 1047 5725 acod.
1080 5671 1131 5724 1.
1211 5669 1259 5701 ⁵⁸
1290 5668 1515 5736 Εὑλογ.
1563 5668 1685 5723 cod.
1739 5663 1785 5722 1⁷
1810 5669 1936 5723 add.
1993 5686 2023 5721 σ

2152 5669 2198 5700 ⁵⁸
2253 5668 2377 5722 cod.
2435 5667 2457 5718 1
2506 5663 3050 5736 ἐνευλογηθῆσονται.

3155 5664 3199 5696 ⁸⁷
3228 5666 3349 5721 cod.
3378 5665 3404 5719 1
3436 5664 3721 5735 ἐγγόνους.

442 5738 489 5773 ⁸⁸
512 5739 666 5809 Γῆν.
713 5739 880 5796 Abest
920 5754 954 5793 α
991 5740 1112 5797 cod.
1144 5740 1198 5794 1.
1272 5742 1319 5774 ⁸⁸
1354 5734 1597 5806 Παροικ.
1630 5755 1686 5792 κ.
1728 5756 1777 5791 τ.
1812 5739 1865 5792 λ.
1913 5739 2023 5794 υἱνι

2128 5762 2131 5793 |
2164 5748 2291 5793 sunt
2326 5751 2447 5808 quae
2482 5736 2644 5792 habet
2689 5734 2857 5791 Cord.
2891 5744 2931 5791 t.
2962 5734 3047 5802 ΙΙΙ,
3079 5751 3134 5806 p.
3167 5736 3288 5789 H7.
