  <div class='ocr_page' id='page_1' title='image "/cluster/home/n/w/nwhite01/storage/ocr_20150623/80:no.1/coo.31924054869817/864.png"; bbox 0 0 4114 6458; ppageno 0'>
   <div class='ocr_carea' id='block_1_1' title="bbox 458 426 596 494">
    <p class='ocr_par' dir='ltr' id='par_1_1' title="bbox 458 426 596 494">
     <span class='ocr_line' id='line_1_1' title="bbox 458 426 596 494; baseline -0.036 0"><span class='ocrx_word' id='word_1_1' title='bbox 458 426 596 494; x_wconf 70' lang='grc' dir='ltr'>ιγιει</span> 
     </span>
    </p>
   </div>
   <div class='ocr_carea' id='block_1_2' title="bbox 1830 432 2363 503">
    <p class='ocr_par' dir='ltr' id='par_1_2' title="bbox 1830 432 2363 503">
     <span class='ocr_line' id='line_1_2' title="bbox 1830 432 2363 503; baseline -0.002 -10"><span class='ocrx_word' id='word_1_2' title='bbox 1830 434 1912 494; x_wconf 83' lang='lat' dir='ltr'><strong>IN</strong></span> <span class='ocrx_word' id='word_1_3' title='bbox 1978 432 2187 503; x_wconf 83' lang='lat' dir='ltr'><strong>PSAL.</strong></span> <span class='ocrx_word' id='word_1_4' title='bbox 2217 432 2363 492; x_wconf 73' lang='lat' dir='ltr'><strong>CIV.</strong></span> 
     </span>
    </p>
   </div>
   <div class='ocr_carea' id='block_1_3' title="bbox 3595 418 3735 485">
    <p class='ocr_par' dir='ltr' id='par_1_3' title="bbox 3595 418 3735 485">
     <span class='ocr_line' id='line_1_3' title="bbox 3595 418 3735 485; baseline 0 0"><span class='ocrx_word' id='word_1_5' title='bbox 3595 418 3735 485; x_wconf 69' lang='grc'><strong>1714</strong></span> 
     </span>
    </p>
   </div>
   <div class='ocr_carea' id='block_1_4' title="bbox 443 532 2067 612">
    <p class='ocr_par' dir='ltr' id='par_1_4' title="bbox 443 534 2037 612">
     <span class='ocr_line' id='line_1_4' title="bbox 443 534 2037 612; baseline 0.001 -19"><span class='ocrx_word' id='word_1_6' title='bbox 443 540 618 594; x_wconf 80' lang='grc' dir='ltr'>τόπου</span> <span class='ocrx_word' id='word_1_7' title='bbox 645 554 657 566; x_wconf 82' lang='lat'><strong><em>°</em></strong></span> <span class='ocrx_word' id='word_1_8' title='bbox 694 536 833 592; x_wconf 75' lang='grc' dir='ltr'>ἀλλὰ</span> <span class='ocrx_word' id='word_1_9' title='bbox 864 534 962 592; x_wconf 80' lang='grc' dir='ltr'>νῦν</span> <span class='ocrx_word' id='word_1_10' title='bbox 1000 537 1100 609; x_wconf 78' lang='grc' dir='ltr'><strong>μὲν</strong></span> <span class='ocrx_word' id='word_1_11' title='bbox 1142 535 1269 603; x_wconf 82' lang='grc' dir='ltr'>ὦδε,</span> <span class='ocrx_word' id='word_1_12' title='bbox 1302 539 1397 593; x_wconf 82' lang='grc' dir='ltr'>νῦν</span> <span class='ocrx_word' id='word_1_13' title='bbox 1440 541 1497 594; x_wconf 76' lang='grc' dir='ltr'><strong>δὲ</strong></span> <span class='ocrx_word' id='word_1_14' title='bbox 1536 541 1655 595; x_wconf 82' lang='grc' dir='ltr'>ἐκεῖ</span> <span class='ocrx_word' id='word_1_15' title='bbox 1690 541 1788 604; x_wconf 80' lang='grc' dir='ltr'><strong>τὰς</strong></span> <span class='ocrx_word' id='word_1_16' title='bbox 1826 540 2037 612; x_wconf 71' lang='grc' dir='ltr'>σκηνὰς</span> 
     </span>
    </p>
   </div>
   <div class='ocr_carea' id='block_1_5' title="bbox 2161 532 3737 612">
    <p class='ocr_par' dir='ltr' id='par_1_5' title="bbox 2161 532 3737 609">
     <span class='ocr_line' id='line_1_5' title="bbox 2161 532 3737 609; baseline 0.001 -18"><span class='ocrx_word' id='word_1_17' title='bbox 2161 556 2247 609; x_wconf 73' lang='lat' dir='ltr'><strong>lue</strong></span> <span class='ocrx_word' id='word_1_18' title='bbox 2280 542 2332 594; x_wconf 92' lang='lat' dir='ltr'><strong>in</strong></span> <span class='ocrx_word' id='word_1_19' title='bbox 2373 555 2485 595; x_wconf 86' lang='lat' dir='ltr'><strong>uno</strong></span> <span class='ocrx_word' id='word_1_20' title='bbox 2517 538 2641 593; x_wconf 79' lang='lat' dir='ltr'><strong>loco</strong></span> <span class='ocrx_word' id='word_1_21' title='bbox 2670 535 3059 599; x_wconf 78' lang='lat' dir='ltr'><strong>constiterunt,</strong></span> <span class='ocrx_word' id='word_1_22' title='bbox 3091 532 3184 588; x_wconf 82' lang='lat' dir='ltr'><strong>scd</strong></span> <span class='ocrx_word' id='word_1_23' title='bbox 3214 532 3377 588; x_wconf 83' lang='lat' dir='ltr'><strong>modo</strong></span> <span class='ocrx_word' id='word_1_24' title='bbox 3408 532 3535 600; x_wconf 85' lang='lat' dir='ltr'><strong>huc,</strong></span> <span class='ocrx_word' id='word_1_25' title='bbox 3572 536 3737 592; x_wconf 85' lang='lat' dir='ltr'><strong>modo</strong></span> 
     </span>
    </p>
   </div>
   <div class='ocr_carea' id='block_1_6' title="bbox 450 633 879 705">
    <p class='ocr_par' dir='ltr' id='par_1_6' title="bbox 450 633 879 705">
     <span class='ocr_line' id='line_1_6' title="bbox 450 633 879 705; baseline -0.002 -18"><span class='ocrx_word' id='word_1_26' title='bbox 450 633 879 705; x_wconf 70' lang='grc' dir='ltr'><strong>μεταφέροντες.</strong></span> 
     </span>
    </p>
   </div>
   <div class='ocr_carea' id='block_1_7' title="bbox 516 725 2032 799">
    <p class='ocr_par' dir='ltr' id='par_1_7' title="bbox 516 725 2032 799">
     <span class='ocr_line' id='line_1_7' title="bbox 516 725 2032 799; baseline -0.001 -21"><span class='ocrx_word' id='word_1_27' title='bbox 516 725 605 780; x_wconf 77' lang='grc' dir='ltr'>ιδ’.</span> <span class='ocrx_word' id='word_1_28' title='bbox 642 742 661 776; x_wconf 75' lang='grc' dir='ltr'><strong>ι</strong></span> <span class='ocrx_word' id='word_1_29' title='bbox 705 725 820 778; x_wconf 88' lang='grc' dir='ltr'>Ούκ</span> <span class='ocrx_word' id='word_1_30' title='bbox 863 726 1077 794; x_wconf 75' lang='grc' dir='ltr'>ἀφῆκεν</span> <span class='ocrx_word' id='word_1_31' title='bbox 1123 726 1415 798; x_wconf 80' lang='grc' dir='ltr'>ἄνθρωπον</span> <span class='ocrx_word' id='word_1_32' title='bbox 1451 729 1712 799; x_wconf 73' lang='grc' dir='ltr'>ἀδικῆσαι</span> <span class='ocrx_word' id='word_1_33' title='bbox 1752 725 1973 786; x_wconf 79' lang='grc' dir='ltr'>αὐτούς.</span> <span class='ocrx_word' id='word_1_34' title='bbox 2014 746 2032 775; x_wconf 69' lang='grc' dir='ltr'><strong>ι</strong></span> 
     </span>
    </p>
   </div>
   <div class='ocr_carea' id='block_1_8' title="bbox 447 817 2037 892">
    <p class='ocr_par' dir='ltr' id='par_1_8' title="bbox 447 817 2037 892">
     <span class='ocr_line' id='line_1_8' title="bbox 447 817 2037 892; baseline 0 -20"><span class='ocrx_word' id='word_1_35' title='bbox 447 817 750 888; x_wconf 82' lang='grc' dir='ltr'>Κρείττους</span> <span class='ocrx_word' id='word_1_36' title='bbox 796 818 906 890; x_wconf 75' lang='grc' dir='ltr'><strong>γὰρ</strong></span> <span class='ocrx_word' id='word_1_37' title='bbox 973 819 1172 882; x_wconf 73' lang='grc' dir='ltr'>αὐτοὺς</span> <span class='ocrx_word' id='word_1_38' title='bbox 1221 820 1331 873; x_wconf 84' lang='grc' dir='ltr'><strong>τῶν</strong></span> <span class='ocrx_word' id='word_1_39' title='bbox 1385 821 1607 874; x_wconf 77' lang='grc' dir='ltr'>ἀδικιῶν</span> <span class='ocrx_word' id='word_1_40' title='bbox 1661 820 2037 892; x_wconf 77' lang='grc' dir='ltr'>πειραθέντων</span> 
     </span>
    </p>
   </div>
   <div class='ocr_carea' id='block_1_9' title="bbox 448 910 2044 984">
    <p class='ocr_par' dir='ltr' id='par_1_9' title="bbox 448 910 2044 984">
     <span class='ocr_line' id='line_1_9' title="bbox 448 910 2044 984; baseline 0.001 -20"><span class='ocrx_word' id='word_1_41' title='bbox 448 910 755 981; x_wconf 60' lang='grc' dir='ltr'>ἀπέφηνεν.</span> <span class='ocrx_word' id='word_1_42' title='bbox 837 929 856 962; x_wconf 78' lang='grc' dir='ltr'><strong>ι</strong></span> <span class='ocrx_word' id='word_1_43' title='bbox 947 910 1058 965; x_wconf 75' lang='grc' dir='ltr'><strong>Καὶ</strong></span> <span class='ocrx_word' id='word_1_44' title='bbox 1124 912 1354 983; x_wconf 74' lang='grc' dir='ltr'>ἤλεγξεν</span> <span class='ocrx_word' id='word_1_45' title='bbox 1435 913 1575 984; x_wconf 78' lang='grc' dir='ltr'>ὑπὲρ</span> <span class='ocrx_word' id='word_1_46' title='bbox 1638 913 1820 968; x_wconf 81' lang='grc' dir='ltr'>αὐτῶν</span> <span class='ocrx_word' id='word_1_47' title='bbox 1882 913 2044 983; x_wconf 82' lang='grc' dir='ltr'>βασι-</span> 
     </span>
    </p>
   </div>
   <div class='ocr_carea' id='block_1_10' title="bbox 448 1001 638 1064">
    <p class='ocr_par' dir='ltr' id='par_1_10' title="bbox 448 1001 638 1064">
     <span class='ocr_line' id='line_1_10' title="bbox 448 1001 638 1064; baseline -0.005 -10"><span class='ocrx_word' id='word_1_48' title='bbox 448 1001 585 1064; x_wconf 76' lang='grc' dir='ltr'>λεῖς.</span> <span class='ocrx_word' id='word_1_49' title='bbox 619 1020 638 1053; x_wconf 69' lang='grc' dir='ltr'><strong>ι</strong></span> 
     </span>
    </p>
   </div>
   <div class='ocr_carea' id='block_1_11' title="bbox 526 1091 2033 1166">
    <p class='ocr_par' dir='ltr' id='par_1_11' title="bbox 526 1091 2033 1166">
     <span class='ocr_line' id='line_1_11' title="bbox 526 1091 2033 1166; baseline 0.003 -23"><span class='ocrx_word' id='word_1_50' title='bbox 526 1097 608 1146; x_wconf 80' lang='grc' dir='ltr'>ιε’.</span> <span class='ocrx_word' id='word_1_51' title='bbox 639 1110 658 1142; x_wconf 75' lang='grc' dir='ltr'><strong>ι</strong></span> <span class='ocrx_word' id='word_1_52' title='bbox 692 1092 783 1161; x_wconf 78' lang='grc' dir='ltr'><strong>Μὴ</strong></span> <span class='ocrx_word' id='word_1_53' title='bbox 806 1091 1046 1145; x_wconf 65' lang='grc' dir='ltr'>ἅπτεσθε</span> <span class='ocrx_word' id='word_1_54' title='bbox 1064 1094 1109 1125; x_wconf 76' lang='grc'><strong>⁸⁸</strong></span> <span class='ocrx_word' id='word_1_55' title='bbox 1136 1093 1245 1147; x_wconf 83' lang='grc' dir='ltr'><strong>τῶν</strong></span> <span class='ocrx_word' id='word_1_56' title='bbox 1271 1095 1511 1166; x_wconf 78' lang='grc' dir='ltr'>χριστῶν</span> <span class='ocrx_word' id='word_1_57' title='bbox 1542 1113 1669 1165; x_wconf 87' lang='grc' dir='ltr'>μου,</span> <span class='ocrx_word' id='word_1_58' title='bbox 1701 1097 1797 1149; x_wconf 66' lang='grc' dir='ltr'><strong>καὶ</strong></span> <span class='ocrx_word' id='word_1_59' title='bbox 1830 1096 1888 1147; x_wconf 79' lang='grc' dir='ltr'>ἐν</span> <span class='ocrx_word' id='word_1_60' title='bbox 1919 1097 2033 1157; x_wconf 78' lang='grc' dir='ltr'>τοῖς</span> 
     </span>
    </p>
   </div>
   <div class='ocr_carea' id='block_1_12' title="bbox 455 1183 2045 1260">
    <p class='ocr_par' dir='ltr' id='par_1_12' title="bbox 455 1183 2045 1260">
     <span class='ocr_line' id='line_1_12' title="bbox 455 1183 2045 1260; baseline 0.002 -24"><span class='ocrx_word' id='word_1_61' title='bbox 455 1183 767 1253; x_wconf 73' lang='grc' dir='ltr'>προφήταις</span> <span class='ocrx_word' id='word_1_62' title='bbox 807 1201 908 1253; x_wconf 85' lang='grc' dir='ltr'><strong>μου</strong></span> <span class='ocrx_word' id='word_1_63' title='bbox 947 1185 1021 1255; x_wconf 82' lang='grc' dir='ltr'>μὴ</span> <span class='ocrx_word' id='word_1_64' title='bbox 1068 1186 1473 1260; x_wconf 87' lang='grc' dir='ltr'>πονηρεύσεσθε</span> <span class='ocrx_word' id='word_1_65' title='bbox 1504 1188 1571 1242; x_wconf 70' lang='grc' dir='ltr'><strong>σί.</strong></span> <span class='ocrx_word' id='word_1_66' title='bbox 1614 1206 1632 1239; x_wconf 74' lang='grc' dir='ltr'><strong>ι</strong></span> <span class='ocrx_word' id='word_1_67' title='bbox 1685 1188 1842 1240; x_wconf 73' lang='grc' dir='ltr'>Οὕτω</span> <span class='ocrx_word' id='word_1_68' title='bbox 1872 1188 1917 1220; x_wconf 74' lang='grc'><strong>⁸⁸</strong></span> <span class='ocrx_word' id='word_1_69' title='bbox 1950 1187 2045 1240; x_wconf 75' lang='grc' dir='ltr'>τὸν</span> 
     </span>
    </p>
   </div>
   <div class='ocr_carea' id='block_1_13' title="bbox 452 1273 2042 1348">
    <p class='ocr_par' dir='ltr' id='par_1_13' title="bbox 452 1273 2042 1348">
     <span class='ocr_line' id='line_1_13' title="bbox 452 1273 2042 1348; baseline 0.003 -22"><span class='ocrx_word' id='word_1_70' title='bbox 452 1273 660 1343; x_wconf 60' lang='grc' dir='ltr'>Φαραὼ</span> <span class='ocrx_word' id='word_1_71' title='bbox 712 1275 918 1345; x_wconf 73' lang='grc' dir='ltr'>ἦτασεν</span> <span class='ocrx_word' id='word_1_72' title='bbox 984 1278 1251 1347; x_wconf 82' lang='grc' dir='ltr'>ὲτασμοῖς</span> <span class='ocrx_word' id='word_1_73' title='bbox 1307 1279 1569 1347; x_wconf 83' lang='grc' dir='ltr'>μεγάλοις</span> <span class='ocrx_word' id='word_1_74' title='bbox 1615 1280 1712 1333; x_wconf 76' lang='grc' dir='ltr'><strong>καὶ</strong></span> <span class='ocrx_word' id='word_1_75' title='bbox 1783 1278 2042 1348; x_wconf 74' lang='grc' dir='ltr'>φοϐεροῖς</span> 
     </span>
    </p>
   </div>
   <div class='ocr_carea' id='block_1_14' title="bbox 454 1366 2038 1442">
    <p class='ocr_par' dir='ltr' id='par_1_14' title="bbox 454 1366 2038 1442">
     <span class='ocr_line' id='line_1_14' title="bbox 454 1366 2038 1442; baseline 0.003 -24"><span class='ocrx_word' id='word_1_76' title='bbox 454 1366 588 1436; x_wconf 78' lang='grc' dir='ltr'>περὶ</span> <span class='ocrx_word' id='word_1_77' title='bbox 623 1367 842 1438; x_wconf 72' lang='grc' dir='ltr'>Σάρρας</span> <span class='ocrx_word' id='word_1_78' title='bbox 879 1369 979 1438; x_wconf 83' lang='grc' dir='ltr'>τῆς</span> <span class='ocrx_word' id='word_1_79' title='bbox 1009 1370 1271 1438; x_wconf 71' lang='grc' dir='ltr'>γυναικὸς</span> <span class='ocrx_word' id='word_1_80' title='bbox 1300 1371 1582 1442; x_wconf 77' lang='grc' dir='ltr'>Ἀϐραάμ.</span> <span class='ocrx_word' id='word_1_81' title='bbox 1634 1371 1794 1424; x_wconf 79' lang='grc' dir='ltr'>Οὕτω</span> <span class='ocrx_word' id='word_1_82' title='bbox 1818 1370 2038 1439; x_wconf 85' lang='grc' dir='ltr'>νύκτωρ</span> 
     </span>
    </p>
   </div>
   <div class='ocr_carea' id='block_1_15' title="bbox 455 1456 2042 1534">
    <p class='ocr_par' dir='ltr' id='par_1_15' title="bbox 455 1456 2042 1534">
     <span class='ocr_line' id='line_1_15' title="bbox 455 1456 2042 1534; baseline 0.004 -26"><span class='ocrx_word' id='word_1_83' title='bbox 455 1456 551 1510; x_wconf 73' lang='grc' dir='ltr'><strong>τὸν</strong></span> <span class='ocrx_word' id='word_1_84' title='bbox 608 1458 902 1529; x_wconf 75' lang='grc' dir='ltr'>Ἀϐιμέλεχ</span> <span class='ocrx_word' id='word_1_85' title='bbox 957 1459 1388 1529; x_wconf 73' lang='grc' dir='ltr'>ἑξεδειμάτωτεν</span> <span class='ocrx_word' id='word_1_86' title='bbox 1452 1463 1728 1534; x_wconf 75' lang='grc' dir='ltr'>εἰρηκώς·</span> <span class='ocrx_word' id='word_1_87' title='bbox 1784 1462 1918 1515; x_wconf 82' lang='grc' dir='ltr'>Ἰδοὺ</span> <span class='ocrx_word' id='word_1_88' title='bbox 1974 1463 2042 1515; x_wconf 77' lang='grc' dir='ltr'><strong>σὺ</strong></span> 
     </span>
    </p>
   </div>
   <div class='ocr_carea' id='block_1_16' title="bbox 459 1547 2041 1626">
    <p class='ocr_par' dir='ltr' id='par_1_16' title="bbox 459 1547 2041 1626">
     <span class='ocr_line' id='line_1_16' title="bbox 459 1547 2041 1626; baseline 0.007 -26"><span class='ocrx_word' id='word_1_89' title='bbox 459 1547 833 1619; x_wconf 78' lang='grc' dir='ltr'><strong>ἀποθνήσκεις</strong></span> <span class='ocrx_word' id='word_1_90' title='bbox 873 1553 1002 1621; x_wconf 80' lang='grc' dir='ltr'>περὶ</span> <span class='ocrx_word' id='word_1_91' title='bbox 1046 1554 1269 1626; x_wconf 73' lang='grc' dir='ltr'>Σάρρας</span> <span class='ocrx_word' id='word_1_92' title='bbox 1317 1556 1418 1622; x_wconf 72' lang='grc' dir='ltr'>τῆς</span> <span class='ocrx_word' id='word_1_93' title='bbox 1445 1555 1704 1624; x_wconf 73' lang='grc' dir='ltr'>γυναικὸς</span> <span class='ocrx_word' id='word_1_94' title='bbox 1743 1554 2002 1625; x_wconf 77' lang='grc' dir='ltr'>Ἀϐραάμ</span> <span class='ocrx_word' id='word_1_95' title='bbox 2027 1569 2041 1583; x_wconf 83' lang='grc'><strong><em>⁸</em></strong></span> 
     </span>
    </p>
   </div>
   <div class='ocr_carea' id='block_1_17' title="bbox 458 1639 2041 1717">
    <p class='ocr_par' dir='ltr' id='par_1_17' title="bbox 458 1639 2041 1717">
     <span class='ocr_line' id='line_1_17' title="bbox 458 1639 2041 1717; baseline 0.004 -25"><span class='ocrx_word' id='word_1_96' title='bbox 458 1639 603 1712; x_wconf 72' lang='grc' dir='ltr'>αὕτη</span> <span class='ocrx_word' id='word_1_97' title='bbox 629 1642 686 1694; x_wconf 74' lang='grc' dir='ltr'>δέ</span> <span class='ocrx_word' id='word_1_98' title='bbox 714 1643 867 1697; x_wconf 75' lang='grc' dir='ltr'>ἐστιν</span> <span class='ocrx_word' id='word_1_99' title='bbox 904 1648 1256 1716; x_wconf 81' lang='grc' dir='ltr'>συνῳκηκυῖα</span> <span class='ocrx_word' id='word_1_100' title='bbox 1300 1647 1477 1717; x_wconf 84' lang='grc' dir='ltr'>ἀνδρί.</span> <span class='ocrx_word' id='word_1_101' title='bbox 1520 1646 1680 1701; x_wconf 78' lang='grc' dir='ltr'>Οὕτω</span> <span class='ocrx_word' id='word_1_102' title='bbox 1718 1648 1810 1700; x_wconf 84' lang='grc' dir='ltr'>τὸν</span> <span class='ocrx_word' id='word_1_103' title='bbox 1852 1646 2041 1700; x_wconf 74' lang='grc' dir='ltr'>Ἰσαὰκ</span> 
     </span>
    </p>
   </div>
   <div class='ocr_carea' id='block_1_18' title="bbox 459 1730 2045 1811">
    <p class='ocr_par' dir='ltr' id='par_1_18' title="bbox 459 1730 2045 1811">
     <span class='ocr_line' id='line_1_18' title="bbox 459 1730 2045 1811; baseline 0.005 -27"><span class='ocrx_word' id='word_1_104' title='bbox 459 1730 744 1803; x_wconf 72' lang='grc' dir='ltr'><strong>αἰδέσιμον</strong></span> <span class='ocrx_word' id='word_1_105' title='bbox 775 1736 889 1797; x_wconf 77' lang='grc' dir='ltr'>τοῖς</span> <span class='ocrx_word' id='word_1_106' title='bbox 918 1737 1220 1805; x_wconf 79' lang='grc' dir='ltr'>τηνικαῦτα</span> <span class='ocrx_word' id='word_1_107' title='bbox 1255 1738 1352 1809; x_wconf 76' lang='grc' dir='ltr'>τὴν</span> <span class='ocrx_word' id='word_1_108' title='bbox 1394 1740 1765 1811; x_wconf 72' lang='grc' dir='ltr'><strong>Παλαιστίνην</strong></span> <span class='ocrx_word' id='word_1_109' title='bbox 1800 1740 2045 1794; x_wconf 80' lang='grc' dir='ltr'><strong>οἰκοῦσιν</strong></span> 
     </span>
    </p>
   </div>
   <div class='ocr_carea' id='block_1_19' title="bbox 460 1823 2038 1902">
    <p class='ocr_par' dir='ltr' id='par_1_19' title="bbox 460 1823 2038 1902">
     <span class='ocr_line' id='line_1_19' title="bbox 460 1823 2038 1902; baseline 0.006 -26"><span class='ocrx_word' id='word_1_110' title='bbox 460 1823 766 1892; x_wconf 79' lang='grc' dir='ltr'>ἀπέφηνεν.</span> <span class='ocrx_word' id='word_1_111' title='bbox 843 1826 1002 1881; x_wconf 78' lang='grc' dir='ltr'><strong>Οὕτω</strong></span> <span class='ocrx_word' id='word_1_112' title='bbox 1069 1829 1303 1897; x_wconf 74' lang='grc' dir='ltr'>φονῶντι</span> <span class='ocrx_word' id='word_1_113' title='bbox 1348 1830 1427 1902; x_wconf 84' lang='grc' dir='ltr'><strong>τῷ</strong></span> <span class='ocrx_word' id='word_1_114' title='bbox 1472 1831 1659 1885; x_wconf 77' lang='grc' dir='ltr'>Λάσαν</span> <span class='ocrx_word' id='word_1_115' title='bbox 1698 1832 2038 1902; x_wconf 79' lang='grc' dir='ltr'>ἠπείλησεν·</span> 
     </span>
    </p>
   </div>
   <div class='ocr_carea' id='block_1_20' title="bbox 467 1915 2045 1996">
    <p class='ocr_par' dir='ltr' id='par_1_20' title="bbox 467 1915 2045 1996">
     <span class='ocr_line' id='line_1_20' title="bbox 467 1915 2045 1996; baseline 0.005 -30"><span class='ocrx_word' id='word_1_116' title='bbox 467 1933 486 1965; x_wconf 81' lang='grc' dir='ltr'><strong>ι</strong></span> <span class='ocrx_word' id='word_1_117' title='bbox 525 1915 670 1986; x_wconf 84' lang='grc' dir='ltr'>Ὅρα</span> <span class='ocrx_word' id='word_1_118' title='bbox 711 1916 839 1989; x_wconf 78' lang='grc' dir='ltr'>γὰρ.</span> <span class='ocrx_word' id='word_1_119' title='bbox 868 1918 996 1989; x_wconf 70' lang='grc' dir='ltr'>ἔφη,</span> <span class='ocrx_word' id='word_1_120' title='bbox 1043 1921 1118 1992; x_wconf 79' lang='grc' dir='ltr'>μὴ</span> <span class='ocrx_word' id='word_1_121' title='bbox 1163 1922 1408 1995; x_wconf 84' lang='grc' dir='ltr'>λαλήσῃς</span> <span class='ocrx_word' id='word_1_122' title='bbox 1450 1924 1662 1996; x_wconf 74' lang='grc' dir='ltr'>σκληρὰ</span> <span class='ocrx_word' id='word_1_123' title='bbox 1705 1924 1846 1978; x_wconf 84' lang='grc' dir='ltr'>κατὰ</span> <span class='ocrx_word' id='word_1_124' title='bbox 1874 1925 1922 1956; x_wconf 68' lang='grc'><strong><em>⁵³</em></strong></span> <span class='ocrx_word' id='word_1_125' title='bbox 1950 1922 2045 1976; x_wconf 76' lang='grc' dir='ltr'><strong>τοῦ</strong></span> 
     </span>
    </p>
   </div>
   <div class='ocr_carea' id='block_1_21' title="bbox 462 2009 2052 2086">
    <p class='ocr_par' dir='ltr' id='par_1_21' title="bbox 462 2009 2052 2086">
     <span class='ocr_line' id='line_1_21' title="bbox 462 2009 2052 2086; baseline 0.005 -25"><span class='ocrx_word' id='word_1_126' title='bbox 462 2009 656 2071; x_wconf 62' lang='grc' dir='ltr'>παιδός</span> <span class='ocrx_word' id='word_1_127' title='bbox 687 2027 789 2079; x_wconf 90' lang='grc' dir='ltr'><strong>μου</strong></span> <span class='ocrx_word' id='word_1_128' title='bbox 821 2012 1374 2081; x_wconf 79' lang='grc' dir='ltr'>’1ακώ6.›Χρισ-τοὺς</span> <span class='ocrx_word' id='word_1_129' title='bbox 1401 2016 1458 2068; x_wconf 77' lang='grc' dir='ltr'>δὲ</span> <span class='ocrx_word' id='word_1_130' title='bbox 1486 2018 1907 2086; x_wconf 83' lang='grc' dir='ltr'>προσαγορεύει,</span> <span class='ocrx_word' id='word_1_131' title='bbox 1952 2016 2052 2086; x_wconf 79' lang='grc' dir='ltr'><strong>οὐχ</strong></span> 
     </span>
    </p>
   </div>
   <div class='ocr_carea' id='block_1_22' title="bbox 460 2100 2050 2178">
    <p class='ocr_par' dir='ltr' id='par_1_22' title="bbox 460 2100 2050 2178">
     <span class='ocr_line' id='line_1_22' title="bbox 460 2100 2050 2178; baseline 0.006 -26"><span class='ocrx_word' id='word_1_132' title='bbox 460 2100 540 2163; x_wconf 84' lang='grc' dir='ltr'>ὡς</span> <span class='ocrx_word' id='word_1_133' title='bbox 574 2101 739 2172; x_wconf 74' lang='grc' dir='ltr'>ἐλαίῳ</span> <span class='ocrx_word' id='word_1_134' title='bbox 781 2105 1201 2174; x_wconf 79' lang='grc' dir='ltr'>κεχρισμένους,</span> <span class='ocrx_word' id='word_1_135' title='bbox 1236 2107 1350 2160; x_wconf 75' lang='grc' dir='ltr'>ἀλλ’</span> <span class='ocrx_word' id='word_1_136' title='bbox 1381 2109 1457 2171; x_wconf 83' lang='grc' dir='ltr'><strong>ὡς</strong></span> <span class='ocrx_word' id='word_1_137' title='bbox 1490 2109 1784 2171; x_wconf 76' lang='grc' dir='ltr'>ἐκλεκτοὺς</span> <span class='ocrx_word' id='word_1_138' title='bbox 1816 2108 2050 2178; x_wconf 77' lang='grc' dir='ltr'>γενομέ-</span> 
     </span>
    </p>
   </div>
   <div class='ocr_carea' id='block_1_23' title="bbox 458 2194 2049 2271">
    <p class='ocr_par' dir='ltr' id='par_1_23' title="bbox 458 2194 2049 2271">
     <span class='ocr_line' id='line_1_23' title="bbox 458 2194 2049 2271; baseline 0.005 -27"><span class='ocrx_word' id='word_1_139' title='bbox 458 2209 610 2256; x_wconf 83' lang='grc' dir='ltr'>νους.</span> <span class='ocrx_word' id='word_1_140' title='bbox 660 2194 984 2263; x_wconf 67' lang='grc' dir='ltr'>Προφήτην</span> <span class='ocrx_word' id='word_1_141' title='bbox 1016 2197 1071 2250; x_wconf 76' lang='grc' dir='ltr'>δὲ</span> <span class='ocrx_word' id='word_1_142' title='bbox 1105 2198 1199 2250; x_wconf 67' lang='grc' dir='ltr'><strong>καὶ</strong></span> <span class='ocrx_word' id='word_1_143' title='bbox 1241 2199 1405 2263; x_wconf 76' lang='grc' dir='ltr'>αὐτὸς</span> <span class='ocrx_word' id='word_1_144' title='bbox 1433 2200 1462 2251; x_wconf 75' lang='grc' dir='ltr'>ὁ</span> <span class='ocrx_word' id='word_1_145' title='bbox 1491 2200 1624 2266; x_wconf 74' lang='grc' dir='ltr'>Θεὸς</span> <span class='ocrx_word' id='word_1_146' title='bbox 1665 2201 1758 2254; x_wconf 80' lang='grc' dir='ltr'>τὸν</span> <span class='ocrx_word' id='word_1_147' title='bbox 1789 2201 2049 2271; x_wconf 70' lang='grc' dir='ltr'>Ἀϐραὰμ</span> 
     </span>
    </p>
   </div>
   <div class='ocr_carea' id='block_1_24' title="bbox 461 2282 2053 2361">
    <p class='ocr_par' dir='ltr' id='par_1_24' title="bbox 461 2282 2053 2361">
     <span class='ocr_line' id='line_1_24' title="bbox 461 2282 2053 2361; baseline 0.007 -28"><span class='ocrx_word' id='word_1_148' title='bbox 461 2282 909 2354; x_wconf 79' lang='grc' dir='ltr'>προσηγόρευσεν</span> <span class='ocrx_word' id='word_1_149' title='bbox 934 2303 946 2315; x_wconf 87' lang='grc'>·</span> <span class='ocrx_word' id='word_1_150' title='bbox 985 2304 1003 2337; x_wconf 78' lang='grc' dir='ltr'><strong>ι</strong></span> <span class='ocrx_word' id='word_1_151' title='bbox 1038 2287 1262 2352; x_wconf 76' lang='grc' dir='ltr'>Ἀπόδος</span> <span class='ocrx_word' id='word_1_152' title='bbox 1304 2291 1447 2360; x_wconf 66' lang='grc' dir='ltr'>γὰρ,</span> <span class='ocrx_word' id='word_1_153' title='bbox 1489 2290 1615 2360; x_wconf 59' lang='grc' dir='ltr'>ἔφη,</span> <span class='ocrx_word' id='word_1_154' title='bbox 1678 2291 1779 2361; x_wconf 77' lang='grc' dir='ltr'><strong>τὴν</strong></span> <span class='ocrx_word' id='word_1_155' title='bbox 1817 2293 2053 2360; x_wconf 84' lang='grc' dir='ltr'>γυναῖκα</span> 
     </span>
    </p>
   </div>
   <div class='ocr_carea' id='block_1_25' title="bbox 460 2371 2054 2452">
    <p class='ocr_par' dir='ltr' id='par_1_25' title="bbox 460 2371 2054 2452">
     <span class='ocr_line' id='line_1_25' title="bbox 460 2371 2054 2452; baseline 0.006 -29"><span class='ocrx_word' id='word_1_156' title='bbox 460 2371 542 2440; x_wconf 79' lang='grc' dir='ltr'>τῷ</span> <span class='ocrx_word' id='word_1_157' title='bbox 565 2372 739 2442; x_wconf 67' lang='grc' dir='ltr'>ἀνδρὶ,</span> <span class='ocrx_word' id='word_1_158' title='bbox 770 2374 852 2428; x_wconf 83' lang='grc' dir='ltr'>ὃτι</span> <span class='ocrx_word' id='word_1_159' title='bbox 879 2377 1168 2448; x_wconf 61' lang='grc' dir='ltr'>προφήτης</span> <span class='ocrx_word' id='word_1_160' title='bbox 1199 2378 1313 2431; x_wconf 83' lang='grc' dir='ltr'>ὲστί</span> <span class='ocrx_word' id='word_1_161' title='bbox 1338 2395 1352 2409; x_wconf 75' lang='grc'><strong><em>⁸</em></strong></span> <span class='ocrx_word' id='word_1_162' title='bbox 1388 2381 1486 2433; x_wconf 75' lang='grc' dir='ltr'>καὶ</span> <span class='ocrx_word' id='word_1_163' title='bbox 1533 2379 1894 2452; x_wconf 78' lang='grc' dir='ltr'>προσεύξεται</span> <span class='ocrx_word' id='word_1_164' title='bbox 1923 2380 2054 2452; x_wconf 78' lang='grc' dir='ltr'>περὶ</span> 
     </span>
    </p>
   </div>
   <div class='ocr_carea' id='block_1_26' title="bbox 465 2462 1060 2538">
    <p class='ocr_par' dir='ltr' id='par_1_26' title="bbox 465 2462 1060 2538">
     <span class='ocr_line' id='line_1_26' title="bbox 465 2462 1060 2538; baseline 0.003 -21"><span class='ocrx_word' id='word_1_165' title='bbox 465 2462 591 2528; x_wconf 81' lang='grc' dir='ltr'>σού,</span> <span class='ocrx_word' id='word_1_166' title='bbox 623 2465 716 2518; x_wconf 69' lang='grc' dir='ltr'><strong>καὶ</strong></span> <span class='ocrx_word' id='word_1_167' title='bbox 747 2466 990 2538; x_wconf 80' lang='grc' dir='ltr'>σωθήσῃ.</span> <span class='ocrx_word' id='word_1_168' title='bbox 1041 2487 1060 2519; x_wconf 68' lang='grc' dir='ltr'><strong>ι</strong></span> 
     </span>
    </p>
   </div>
   <div class='ocr_carea' id='block_1_27' title="bbox 537 2555 2058 2637">
    <p class='ocr_par' dir='ltr' id='par_1_27' title="bbox 537 2555 2058 2637">
     <span class='ocr_line' id='line_1_27' title="bbox 537 2555 2058 2637; baseline 0.008 -27"><span class='ocrx_word' id='word_1_169' title='bbox 537 2555 636 2623; x_wconf 82' lang='grc' dir='ltr'>ις’.</span> <span class='ocrx_word' id='word_1_170' title='bbox 666 2576 685 2610; x_wconf 75' lang='grc' dir='ltr'><strong>ι</strong></span> <span class='ocrx_word' id='word_1_171' title='bbox 728 2560 840 2612; x_wconf 73' lang='grc' dir='ltr'>Καὶ</span> <span class='ocrx_word' id='word_1_172' title='bbox 863 2561 1088 2614; x_wconf 76' lang='grc' dir='ltr'>ἐκάλεσε</span> <span class='ocrx_word' id='word_1_173' title='bbox 1114 2562 1275 2631; x_wconf 72' lang='grc' dir='ltr'>λιμὸν</span> <span class='ocrx_word' id='word_1_174' title='bbox 1306 2564 1399 2616; x_wconf 76' lang='grc' dir='ltr'>ἐπὶ</span> <span class='ocrx_word' id='word_1_175' title='bbox 1422 2564 1521 2635; x_wconf 83' lang='grc' dir='ltr'>τὴν</span> <span class='ocrx_word' id='word_1_176' title='bbox 1544 2564 1674 2635; x_wconf 82' lang='grc' dir='ltr'>γῆν.</span> <span class='ocrx_word' id='word_1_177' title='bbox 1714 2584 1733 2616; x_wconf 74' lang='grc' dir='ltr'><strong>ι</strong></span> <span class='ocrx_word' id='word_1_178' title='bbox 1779 2564 1847 2619; x_wconf 85' lang='grc' dir='ltr'><strong><em>Ἦ</em></strong></span> <span class='ocrx_word' id='word_1_179' title='bbox 1871 2566 2058 2637; x_wconf 85' lang='grc' dir='ltr'>ἁμαρ-</span> 
     </span>
    </p>
   </div>
   <div class='ocr_carea' id='block_1_28' title="bbox 462 2652 2056 2731">
    <p class='ocr_par' dir='ltr' id='par_1_28' title="bbox 462 2652 2056 2731">
     <span class='ocr_line' id='line_1_28' title="bbox 462 2652 2056 2731; baseline 0.004 -25"><span class='ocrx_word' id='word_1_180' title='bbox 462 2652 556 2706; x_wconf 78' lang='grc' dir='ltr'><strong>τία</strong></span> <span class='ocrx_word' id='word_1_181' title='bbox 584 2653 684 2724; x_wconf 81' lang='grc' dir='ltr'><strong>τὴν</strong></span> <span class='ocrx_word' id='word_1_182' title='bbox 713 2653 960 2707; x_wconf 79' lang='grc' dir='ltr'>παιδείαν</span> <span class='ocrx_word' id='word_1_183' title='bbox 981 2655 1269 2723; x_wconf 72' lang='grc' dir='ltr'>ἐφέλκεται</span> <span class='ocrx_word' id='word_1_184' title='bbox 1289 2672 1304 2684; x_wconf 88' lang='grc'><strong>·</strong></span> <span class='ocrx_word' id='word_1_185' title='bbox 1325 2656 1433 2727; x_wconf 81' lang='grc' dir='ltr'><strong>ἡδὲ</strong></span> <span class='ocrx_word' id='word_1_186' title='bbox 1461 2657 1681 2711; x_wconf 87' lang='grc' dir='ltr'>παιδεία</span> <span class='ocrx_word' id='word_1_187' title='bbox 1703 2657 1796 2711; x_wconf 73' lang='grc' dir='ltr'><strong>τὸν</strong></span> <span class='ocrx_word' id='word_1_188' title='bbox 1816 2658 2056 2731; x_wconf 80' lang='grc' dir='ltr'>θηριώδη</span> 
     </span>
    </p>
   </div>
   <div class='ocr_carea' id='block_1_29' title="bbox 466 2745 2060 2821">
    <p class='ocr_par' dir='ltr' id='par_1_29' title="bbox 466 2745 2060 2821">
     <span class='ocr_line' id='line_1_29' title="bbox 466 2745 2060 2821; baseline 0.003 -22"><span class='ocrx_word' id='word_1_189' title='bbox 466 2745 585 2816; x_wconf 85' lang='grc' dir='ltr'>βίον</span> <span class='ocrx_word' id='word_1_190' title='bbox 649 2745 864 2816; x_wconf 74' lang='grc' dir='ltr'>ἐλέγχει</span> <span class='ocrx_word' id='word_1_191' title='bbox 890 2761 904 2777; x_wconf 86' lang='grc'><strong>·</strong></span> <span class='ocrx_word' id='word_1_192' title='bbox 939 2748 969 2800; x_wconf 83' lang='grc' dir='ltr'>ὁ</span> <span class='ocrx_word' id='word_1_193' title='bbox 1010 2747 1068 2799; x_wconf 86' lang='grc' dir='ltr'>δὲ</span> <span class='ocrx_word' id='word_1_194' title='bbox 1094 2747 1317 2817; x_wconf 77' lang='grc' dir='ltr'>ἐλεγχος</span> <span class='ocrx_word' id='word_1_195' title='bbox 1349 2747 1448 2819; x_wconf 80' lang='grc' dir='ltr'>τὴν</span> <span class='ocrx_word' id='word_1_196' title='bbox 1476 2747 1571 2801; x_wconf 81' lang='grc' dir='ltr'>τοῦ</span> <span class='ocrx_word' id='word_1_197' title='bbox 1605 2748 1722 2819; x_wconf 85' lang='grc' dir='ltr'>βίου</span> <span class='ocrx_word' id='word_1_198' title='bbox 1751 2750 2060 2821; x_wconf 76' lang='grc' dir='ltr'>μεταϐολὴν</span> 
     </span>
    </p>
   </div>
   <div class='ocr_carea' id='block_1_30' title="bbox 465 2840 2061 2914">
    <p class='ocr_par' dir='ltr' id='par_1_30' title="bbox 465 2840 2061 2914">
     <span class='ocr_line' id='line_1_30' title="bbox 465 2840 2061 2914; baseline 0.003 -18"><span class='ocrx_word' id='word_1_199' title='bbox 465 2840 942 2913; x_wconf 80' lang='grc' dir='ltr'>πραγματεύεται.</span> <span class='ocrx_word' id='word_1_200' title='bbox 987 2843 1092 2894; x_wconf 77' lang='grc' dir='ltr'><strong>Τὸν</strong></span> <span class='ocrx_word' id='word_1_201' title='bbox 1122 2844 1303 2897; x_wconf 87' lang='grc' dir='ltr'>τοίνυν</span> <span class='ocrx_word' id='word_1_202' title='bbox 1335 2843 1494 2914; x_wconf 72' lang='grc' dir='ltr'>λιμὸν</span> <span class='ocrx_word' id='word_1_203' title='bbox 1542 2845 1795 2914; x_wconf 76' lang='grc' dir='ltr'>ἐπήγαγε</span> <span class='ocrx_word' id='word_1_204' title='bbox 1832 2845 1921 2899; x_wconf 76' lang='grc' dir='ltr'>διὰ</span> <span class='ocrx_word' id='word_1_205' title='bbox 1962 2845 2061 2900; x_wconf 81' lang='grc' dir='ltr'><strong>τὸν</strong></span> 
     </span>
    </p>
   </div>
   <div class='ocr_carea' id='block_1_31' title="bbox 463 2933 2055 3006">
    <p class='ocr_par' dir='ltr' id='par_1_31' title="bbox 463 2933 2055 3006">
     <span class='ocr_line' id='line_1_31' title="bbox 463 2933 2055 3006; baseline 0.004 -21"><span class='ocrx_word' id='word_1_206' title='bbox 463 2933 788 3004; x_wconf 81' lang='grc' dir='ltr'>παράνομον</span> <span class='ocrx_word' id='word_1_207' title='bbox 834 2933 949 3002; x_wconf 86' lang='grc' dir='ltr'>βίον</span> <span class='ocrx_word' id='word_1_208' title='bbox 997 2934 1107 2987; x_wconf 83' lang='grc' dir='ltr'>τῶν</span> <span class='ocrx_word' id='word_1_209' title='bbox 1151 2935 1458 3005; x_wconf 78' lang='grc' dir='ltr'>τηνικαῦτα</span> <span class='ocrx_word' id='word_1_210' title='bbox 1515 2936 1824 3006; x_wconf 80' lang='grc' dir='ltr'>ἀνθρώπων</span> <span class='ocrx_word' id='word_1_211' title='bbox 1856 2952 1871 2968; x_wconf 80' lang='lat'>&#39;</span> <span class='ocrx_word' id='word_1_212' title='bbox 1937 2938 2055 2991; x_wconf 83' lang='grc' dir='ltr'>ἀλλ’</span> 
     </span>
    </p>
   </div>
   <div class='ocr_carea' id='block_1_32' title="bbox 464 3022 2059 3100">
    <p class='ocr_par' dir='ltr' id='par_1_32' title="bbox 464 3022 2059 3100">
     <span class='ocr_line' id='line_1_32' title="bbox 464 3022 2059 3100; baseline 0.005 -23"><span class='ocrx_word' id='word_1_213' title='bbox 464 3024 621 3091; x_wconf 73' lang='grc' dir='ltr'>ὅμως</span> <span class='ocrx_word' id='word_1_214' title='bbox 652 3023 747 3075; x_wconf 69' lang='grc' dir='ltr'><strong>καὶ</strong></span> <span class='ocrx_word' id='word_1_215' title='bbox 773 3022 918 3076; x_wconf 73' lang='grc' dir='ltr'>οὕτω</span> <span class='ocrx_word' id='word_1_216' title='bbox 944 3024 1052 3078; x_wconf 82' lang='grc' dir='ltr'>τῶν</span> <span class='ocrx_word' id='word_1_217' title='bbox 1088 3026 1307 3079; x_wconf 85' lang='grc' dir='ltr'>οἰκείων</span> <span class='ocrx_word' id='word_1_218' title='bbox 1340 3026 1688 3096; x_wconf 83' lang='grc' dir='ltr'>θεραπόντων</span> <span class='ocrx_word' id='word_1_219' title='bbox 1720 3029 2059 3100; x_wconf 75' lang='grc' dir='ltr'>ἐπεμελήθη.</span> 
     </span>
    </p>
   </div>
   <div class='ocr_carea' id='block_1_33' title="bbox 473 3116 2057 3190">
    <p class='ocr_par' dir='ltr' id='par_1_33' title="bbox 473 3116 2057 3190">
     <span class='ocr_line' id='line_1_33' title="bbox 473 3116 2057 3190; baseline 0.008 -26"><span class='ocrx_word' id='word_1_220' title='bbox 473 3133 493 3164; x_wconf 73' lang='grc' dir='ltr'><strong>ι</strong></span> <span class='ocrx_word' id='word_1_221' title='bbox 532 3116 646 3168; x_wconf 79' lang='grc' dir='ltr'><strong>Πᾶν</strong></span> <span class='ocrx_word' id='word_1_222' title='bbox 704 3116 985 3185; x_wconf 84' lang='grc' dir='ltr'>στήριγμα</span> <span class='ocrx_word' id='word_1_223' title='bbox 1038 3117 1205 3187; x_wconf 81' lang='grc' dir='ltr'>ἄρτου</span> <span class='ocrx_word' id='word_1_224' title='bbox 1267 3119 1610 3190; x_wconf 74' lang='grc' dir='ltr'>συνέτριψεν.</span> <span class='ocrx_word' id='word_1_225' title='bbox 1667 3139 1687 3172; x_wconf 75' lang='grc' dir='ltr'><strong>ι</strong></span> <span class='ocrx_word' id='word_1_226' title='bbox 1755 3122 1905 3175; x_wconf 74' lang='grc' dir='ltr'>Ἀντὶ</span> <span class='ocrx_word' id='word_1_227' title='bbox 1934 3123 2057 3186; x_wconf 79' lang='grc' dir='ltr'>τοῦ,</span> 
     </span>
    </p>
   </div>
   <div class='ocr_carea' id='block_1_34' title="bbox 2016 1890 2121 1943">
    <p class='ocr_par' dir='ltr' id='par_1_34' title="bbox 2016 1890 2121 1943">
     <span class='ocr_line' id='line_1_34' title="bbox 2016 1890 2121 1943; baseline 0 0"><span class='ocrx_word' id='word_1_228' title='bbox 2016 1890 2121 1943; x_wconf 59' lang='grc' dir='ltr'><strong>τΒ</strong></span> 
     </span>
    </p>
   </div>
   <div class='ocr_carea' id='block_1_35' title="bbox 2144 627 3123 685">
    <p class='ocr_par' dir='ltr' id='par_1_35' title="bbox 2144 627 3123 685">
     <span class='ocr_line' id='line_1_35' title="bbox 2144 627 3123 685; baseline -0.004 -1"><span class='ocrx_word' id='word_1_229' title='bbox 2144 632 2275 685; x_wconf 88' lang='lat' dir='ltr'><strong>illuc</strong></span> <span class='ocrx_word' id='word_1_230' title='bbox 2308 630 2664 685; x_wconf 82' lang='lat' dir='ltr'><strong>tabernacula</strong></span> <span class='ocrx_word' id='word_1_231' title='bbox 2698 627 3123 681; x_wconf 76' lang='lat' dir='ltr'><strong>transferebant.</strong></span> 
     </span>
    </p>
   </div>
   <div class='ocr_carea' id='block_1_36' title="bbox 2218 719 3738 791">
    <p class='ocr_par' dir='ltr' id='par_1_36' title="bbox 2218 719 3738 791">
     <span class='ocr_line' id='line_1_36' title="bbox 2218 719 3738 791; baseline -0.003 -12"><span class='ocrx_word' id='word_1_232' title='bbox 2218 725 2382 780; x_wconf 72' lang='lat' dir='ltr'><strong>Vens.</strong></span> <span class='ocrx_word' id='word_1_233' title='bbox 2428 726 2512 779; x_wconf 74' lang='grc' dir='ltr'><strong>Μ.</strong></span> <span class='ocrx_word' id='word_1_234' title='bbox 2573 743 2593 776; x_wconf 87' lang='grc'><em>‹</em></span> <span class='ocrx_word' id='word_1_235' title='bbox 2635 721 2753 777; x_wconf 84' lang='lat' dir='ltr'><strong>Non</strong></span> <span class='ocrx_word' id='word_1_236' title='bbox 2812 721 3062 791; x_wconf 75' lang='lat' dir='ltr'><strong>permisit</strong></span> <span class='ocrx_word' id='word_1_237' title='bbox 3119 719 3213 774; x_wconf 83' lang='lat' dir='ltr'><strong>ulli</strong></span> <span class='ocrx_word' id='word_1_238' title='bbox 3269 719 3478 773; x_wconf 84' lang='lat' dir='ltr'><strong>homini</strong></span> <span class='ocrx_word' id='word_1_239' title='bbox 3536 735 3738 776; x_wconf 75' lang='lat' dir='ltr'><strong>nocere</strong></span> 
     </span>
    </p>
   </div>
   <div class='ocr_carea' id='block_1_37' title="bbox 2143 813 3740 884">
    <p class='ocr_par' dir='ltr' id='par_1_37' title="bbox 2143 813 3740 884">
     <span class='ocr_line' id='line_1_37' title="bbox 2143 813 3740 884; baseline -0.001 -14"><span class='ocrx_word' id='word_1_240' title='bbox 2143 819 2244 873; x_wconf 76' lang='lat' dir='ltr'><strong>eis.</strong></span> <span class='ocrx_word' id='word_1_241' title='bbox 2286 837 2303 868; x_wconf 76' lang='grc' dir='ltr'><strong>ι</strong></span> <span class='ocrx_word' id='word_1_242' title='bbox 2343 817 2449 872; x_wconf 84' lang='lat' dir='ltr'><strong>Eos</strong></span> <span class='ocrx_word' id='word_1_243' title='bbox 2483 817 2630 870; x_wconf 82' lang='lat' dir='ltr'><strong>enim</strong></span> <span class='ocrx_word' id='word_1_244' title='bbox 2665 815 2984 884; x_wconf 94' lang='lat' dir='ltr'><strong>superiores</strong></span> <span class='ocrx_word' id='word_1_245' title='bbox 3028 814 3265 867; x_wconf 75' lang='lat' dir='ltr'><strong>reddidit</strong></span> <span class='ocrx_word' id='word_1_246' title='bbox 3305 813 3392 879; x_wconf 90' lang='lat' dir='ltr'><strong>iis,</strong></span> <span class='ocrx_word' id='word_1_247' title='bbox 3438 813 3532 883; x_wconf 92' lang='lat' dir='ltr'><strong>qui</strong></span> <span class='ocrx_word' id='word_1_248' title='bbox 3569 828 3740 869; x_wconf 84' lang='lat' dir='ltr'><strong>cona-</strong></span> 
     </span>
    </p>
   </div>
   <div class='ocr_carea' id='block_1_38' title="bbox 2144 902 3561 974">
    <p class='ocr_par' dir='ltr' id='par_1_38' title="bbox 2144 902 3561 974">
     <span class='ocr_line' id='line_1_38' title="bbox 2144 902 3561 974; baseline -0.005 -13"><span class='ocrx_word' id='word_1_249' title='bbox 2144 908 2347 961; x_wconf 56' lang='lat' dir='ltr'><strong>bantur</strong></span> <span class='ocrx_word' id='word_1_250' title='bbox 2385 905 2598 960; x_wconf 74' lang='lat' dir='ltr'><strong>lzndere.</strong></span> <span class='ocrx_word' id='word_1_251' title='bbox 2648 922 2667 954; x_wconf 74' lang='grc' dir='ltr'><strong>ι</strong></span> <span class='ocrx_word' id='word_1_252' title='bbox 2710 904 2775 959; x_wconf 82' lang='grc' dir='ltr'>Ει</span> <span class='ocrx_word' id='word_1_253' title='bbox 2804 902 3280 974; x_wconf 64' lang='grc' dir='ltr'>οοιγίριιῑιρι·‹›ξεὶε</span> <span class='ocrx_word' id='word_1_254' title='bbox 3322 917 3496 973; x_wconf 80' lang='lat' dir='ltr'><strong>reges.</strong></span> <span class='ocrx_word' id='word_1_255' title='bbox 3543 922 3561 954; x_wconf 71' lang='grc' dir='ltr'><strong>ι</strong></span> 
     </span>
    </p>
   </div>
   <div class='ocr_carea' id='block_1_39' title="bbox 2217 1104 3741 1175">
    <p class='ocr_par' dir='ltr' id='par_1_39' title="bbox 2217 1104 3741 1175">
     <span class='ocr_line' id='line_1_39' title="bbox 2217 1104 3741 1175; baseline 0 -18"><span class='ocrx_word' id='word_1_256' title='bbox 2217 1105 2384 1161; x_wconf 75' lang='lat' dir='ltr'><strong>V&#39;izns.</strong></span> <span class='ocrx_word' id='word_1_257' title='bbox 2407 1106 2470 1159; x_wconf 76' lang='grc'><strong>15</strong></span> <span class='ocrx_word' id='word_1_258' title='bbox 2493 1127 2510 1156; x_wconf 72' lang='grc' dir='ltr'><strong>ι</strong></span> <span class='ocrx_word' id='word_1_259' title='bbox 2537 1105 2718 1160; x_wconf 81' lang='lat' dir='ltr'><strong>Nolite</strong></span> <span class='ocrx_word' id='word_1_260' title='bbox 2738 1116 2961 1174; x_wconf 72' lang='lat' dir='ltr'><strong>tangere</strong></span> <span class='ocrx_word' id='word_1_261' title='bbox 2993 1116 3186 1161; x_wconf 84' lang='lat' dir='ltr'><strong>unctos</strong></span> <span class='ocrx_word' id='word_1_262' title='bbox 3219 1121 3393 1170; x_wconf 86' lang='lat' dir='ltr'><strong>meos,</strong></span> <span class='ocrx_word' id='word_1_263' title='bbox 3429 1114 3482 1160; x_wconf 91' lang='lat' dir='ltr'><strong>et</strong></span> <span class='ocrx_word' id='word_1_264' title='bbox 3513 1104 3566 1157; x_wconf 88' lang='lat' dir='ltr'><strong>in</strong></span> <span class='ocrx_word' id='word_1_265' title='bbox 3595 1105 3741 1175; x_wconf 72' lang='lat' dir='ltr'><strong>&#39;pro-</strong></span> 
     </span>
    </p>
   </div>
   <div class='ocr_carea' id='block_1_40' title="bbox 2146 1198 3739 1268">
    <p class='ocr_par' dir='ltr' id='par_1_40' title="bbox 2146 1198 3739 1268">
     <span class='ocr_line' id='line_1_40' title="bbox 2146 1198 3739 1268; baseline -0.001 -15"><span class='ocrx_word' id='word_1_266' title='bbox 2146 1200 2338 1267; x_wconf 78' lang='lat' dir='ltr'><strong>phetas</strong></span> <span class='ocrx_word' id='word_1_267' title='bbox 2368 1215 2520 1254; x_wconf 84' lang='lat' dir='ltr'><strong>meos</strong></span> <span class='ocrx_word' id='word_1_268' title='bbox 2542 1200 2711 1254; x_wconf 91' lang='lat' dir='ltr'><strong>nolite</strong></span> <span class='ocrx_word' id='word_1_269' title='bbox 2738 1200 2961 1268; x_wconf 79' lang='lat' dir='ltr'><strong>maligni</strong></span> <span class='ocrx_word' id='word_1_270' title='bbox 2984 1215 3157 1255; x_wconf 53' lang='lat' dir='ltr'><strong>esse»</strong></span> <span class='ocrx_word' id='word_1_271' title='bbox 3180 1199 3274 1254; x_wconf 88' lang='lat' dir='ltr'><strong>Sic</strong></span> <span class='ocrx_word' id='word_1_272' title='bbox 3301 1200 3354 1253; x_wconf 90' lang='lat' dir='ltr'><strong>in</strong></span> <span class='ocrx_word' id='word_1_273' title='bbox 3394 1198 3739 1253; x_wconf 82' lang='lat' dir='ltr'><strong>Pharaonem</strong></span> 
     </span>
    </p>
   </div>
   <div class='ocr_carea' id='block_1_41' title="bbox 2147 1288 3742 1361">
    <p class='ocr_par' dir='ltr' id='par_1_41' title="bbox 2147 1288 3742 1361">
     <span class='ocr_line' id='line_1_41' title="bbox 2147 1288 3742 1361; baseline -0.004 -15"><span class='ocrx_word' id='word_1_274' title='bbox 2147 1291 2533 1346; x_wconf 73' lang='lat' dir='ltr'><strong>animadvenit</strong></span> <span class='ocrx_word' id='word_1_275' title='bbox 2572 1290 3141 1345; x_wconf 82' lang='lat' dir='ltr'><strong>auimadvcrsionibus</strong></span> <span class='ocrx_word' id='word_1_276' title='bbox 3162 1290 3373 1361; x_wconf 80' lang='lat' dir='ltr'><strong>magnis</strong></span> <span class='ocrx_word' id='word_1_277' title='bbox 3393 1297 3449 1345; x_wconf 87' lang='lat' dir='ltr'><strong>et</strong></span> <span class='ocrx_word' id='word_1_278' title='bbox 3482 1288 3742 1343; x_wconf 84' lang='lat' dir='ltr'><strong>terribili-</strong></span> 
     </span>
    </p>
   </div>
   <div class='ocr_carea' id='block_1_42' title="bbox 2148 1382 3742 1453">
    <p class='ocr_par' dir='ltr' id='par_1_42' title="bbox 2148 1382 3742 1453">
     <span class='ocr_line' id='line_1_42' title="bbox 2148 1382 3742 1453; baseline -0.002 -16"><span class='ocrx_word' id='word_1_279' title='bbox 2148 1384 2269 1450; x_wconf 85' lang='lat' dir='ltr'><strong>bus,</strong></span> <span class='ocrx_word' id='word_1_280' title='bbox 2285 1394 2508 1453; x_wconf 88' lang='lat' dir='ltr'><strong>propter</strong></span> <span class='ocrx_word' id='word_1_281' title='bbox 2530 1382 2722 1438; x_wconf 89' lang='lat' dir='ltr'><strong>Saram</strong></span> <span class='ocrx_word' id='word_1_282' title='bbox 2740 1399 2967 1437; x_wconf 79' lang='lat' dir='ltr'><strong>uxorem</strong></span> <span class='ocrx_word' id='word_1_283' title='bbox 2989 1384 3306 1437; x_wconf 80' lang='lat' dir='ltr'><strong>Abrahami.</strong></span> <span class='ocrx_word' id='word_1_284' title='bbox 3324 1383 3417 1438; x_wconf 90' lang='lat' dir='ltr'><strong>Sic</strong></span> <span class='ocrx_word' id='word_1_285' title='bbox 3436 1393 3595 1437; x_wconf 83' lang='lat' dir='ltr'><strong>nocte</strong></span> <span class='ocrx_word' id='word_1_286' title='bbox 3611 1382 3742 1435; x_wconf 81' lang='lat' dir='ltr'><strong>Abi-</strong></span> 
     </span>
    </p>
   </div>
   <div class='ocr_carea' id='block_1_43' title="bbox 2146 1475 3737 1547">
    <p class='ocr_par' dir='ltr' id='par_1_43' title="bbox 2146 1475 3737 1547">
     <span class='ocr_line' id='line_1_43' title="bbox 2146 1475 3737 1547; baseline -0.003 -16"><span class='ocrx_word' id='word_1_287' title='bbox 2146 1478 2455 1531; x_wconf 82' lang='lat' dir='ltr'><strong>mclcchum</strong></span> <span class='ocrx_word' id='word_1_288' title='bbox 2480 1477 2796 1547; x_wconf 82' lang='lat' dir='ltr'><strong>perterruit,</strong></span> <span class='ocrx_word' id='word_1_289' title='bbox 2833 1477 3022 1531; x_wconf 77' lang='lat' dir='ltr'><strong>dicens</strong></span> <span class='ocrx_word' id='word_1_290' title='bbox 3049 1495 3062 1530; x_wconf 91' lang='lat'>:</span> <span class='ocrx_word' id='word_1_291' title='bbox 3086 1475 3166 1529; x_wconf 87' lang='lat' dir='ltr'><strong>En</strong></span> <span class='ocrx_word' id='word_1_292' title='bbox 3206 1475 3459 1530; x_wconf 83' lang='lat' dir='ltr'><strong>morieris</strong></span> <span class='ocrx_word' id='word_1_293' title='bbox 3512 1482 3737 1544; x_wconf 81' lang='lat' dir='ltr'><strong>propter</strong></span> 
     </span>
    </p>
   </div>
   <div class='ocr_carea' id='block_1_44' title="bbox 2148 1566 3738 1637">
    <p class='ocr_par' dir='ltr' id='par_1_44' title="bbox 2148 1566 3738 1637">
     <span class='ocr_line' id='line_1_44' title="bbox 2148 1566 3738 1637; baseline -0.003 -16"><span class='ocrx_word' id='word_1_294' title='bbox 2148 1566 2339 1622; x_wconf 86' lang='lat' dir='ltr'><strong>Saram</strong></span> <span class='ocrx_word' id='word_1_295' title='bbox 2363 1584 2589 1623; x_wconf 75' lang='lat' dir='ltr'><strong>uxorem</strong></span> <span class='ocrx_word' id='word_1_296' title='bbox 2636 1568 2955 1630; x_wconf 84' lang='lat' dir='ltr'><strong>Abrahami,</strong></span> <span class='ocrx_word' id='word_1_297' title='bbox 2997 1568 3115 1637; x_wconf 85' lang='lat' dir='ltr'><strong>ipsa</strong></span> <span class='ocrx_word' id='word_1_298' title='bbox 3136 1581 3267 1621; x_wconf 88' lang='lat' dir='ltr'><strong>vero</strong></span> <span class='ocrx_word' id='word_1_299' title='bbox 3297 1566 3573 1619; x_wconf 83' lang='lat' dir='ltr'><strong>rohahitat</strong></span> <span class='ocrx_word' id='word_1_300' title='bbox 3614 1581 3738 1618; x_wconf 83' lang='lat' dir='ltr'><strong>cum</strong></span> 
     </span>
    </p>
   </div>
   <div class='ocr_carea' id='block_1_45' title="bbox 2145 1658 3743 1729">
    <p class='ocr_par' dir='ltr' id='par_1_45' title="bbox 2145 1658 3743 1729">
     <span class='ocr_line' id='line_1_45' title="bbox 2145 1658 3743 1729; baseline -0.002 -16"><span class='ocrx_word' id='word_1_301' title='bbox 2145 1661 2309 1714; x_wconf 65' lang='lat' dir='ltr'><strong>viro&#39;.</strong></span> <span class='ocrx_word' id='word_1_302' title='bbox 2326 1659 2416 1716; x_wconf 87' lang='lat' dir='ltr'><strong>Sic</strong></span> <span class='ocrx_word' id='word_1_303' title='bbox 2435 1661 2678 1715; x_wconf 84' lang='lat' dir='ltr'><strong>lsaacum</strong></span> <span class='ocrx_word' id='word_1_304' title='bbox 2694 1662 3064 1715; x_wconf 87' lang='lat' dir='ltr'><strong>venerandum</strong></span> <span class='ocrx_word' id='word_1_305' title='bbox 3081 1659 3313 1714; x_wconf 86' lang='lat' dir='ltr'><strong>reddidit</strong></span> <span class='ocrx_word' id='word_1_306' title='bbox 3332 1658 3472 1729; x_wconf 84' lang='lat' dir='ltr'><strong>apud</strong></span> <span class='ocrx_word' id='word_1_307' title='bbox 3493 1658 3633 1719; x_wconf 90' lang='lat' dir='ltr'><strong>illos,</strong></span> <span class='ocrx_word' id='word_1_308' title='bbox 3650 1658 3743 1723; x_wconf 81' lang='lat' dir='ltr'><strong>qui</strong></span> 
     </span>
    </p>
   </div>
   <div class='ocr_carea' id='block_1_46' title="bbox 2148 1748 3749 1809">
    <p class='ocr_par' dir='ltr' id='par_1_46' title="bbox 2148 1748 3749 1809">
     <span class='ocr_line' id='line_1_46' title="bbox 2148 1748 3749 1809; baseline -0.001 -4"><span class='ocrx_word' id='word_1_309' title='bbox 2148 1761 2277 1808; x_wconf 92' lang='lat' dir='ltr'><strong>tunc</strong></span> <span class='ocrx_word' id='word_1_310' title='bbox 2292 1752 2630 1807; x_wconf 60' lang='lat' dir='ltr'><strong>Palaestinam</strong></span> <span class='ocrx_word' id='word_1_311' title='bbox 2648 1754 3004 1809; x_wconf 80' lang='lat' dir='ltr'><strong>incolebant&#39;.</strong></span> <span class='ocrx_word' id='word_1_312' title='bbox 3029 1751 3122 1807; x_wconf 86' lang='lat' dir='ltr'><strong>Sic</strong></span> <span class='ocrx_word' id='word_1_313' title='bbox 3142 1751 3429 1806; x_wconf 87' lang='lat' dir='ltr'><strong>minitatus</strong></span> <span class='ocrx_word' id='word_1_314' title='bbox 3441 1760 3524 1804; x_wconf 88' lang='lat' dir='ltr'><strong>est</strong></span> <span class='ocrx_word' id='word_1_315' title='bbox 3537 1748 3749 1804; x_wconf 85' lang='lat' dir='ltr'><strong>Lahani</strong></span> 
     </span>
    </p>
   </div>
   <div class='ocr_carea' id='block_1_47' title="bbox 2149 1841 3744 1915">
    <p class='ocr_par' dir='ltr' id='par_1_47' title="bbox 2149 1841 3744 1915">
     <span class='ocr_line' id='line_1_47' title="bbox 2149 1841 3744 1915; baseline -0.002 -16"><span class='ocrx_word' id='word_1_316' title='bbox 2149 1844 2397 1899; x_wconf 84' lang='lat' dir='ltr'><strong>occidere</strong></span> <span class='ocrx_word' id='word_1_317' title='bbox 2414 1844 2649 1900; x_wconf 88' lang='lat' dir='ltr'><strong>volenti:</strong></span> <span class='ocrx_word' id='word_1_318' title='bbox 2674 1841 3311 1915; x_wconf 73' lang='lat' dir='ltr'><strong>«Caveenim,inquit,ne</strong></span> <span class='ocrx_word' id='word_1_319' title='bbox 3338 1843 3583 1911; x_wconf 82' lang='lat' dir='ltr'><strong>loquaris</strong></span> <span class='ocrx_word' id='word_1_320' title='bbox 3606 1841 3744 1897; x_wconf 86' lang='lat' dir='ltr'><strong>dura</strong></span> 
     </span>
    </p>
   </div>
   <div class='ocr_carea' id='block_1_48' title="bbox 2154 1932 3745 2007">
    <p class='ocr_par' dir='ltr' id='par_1_48' title="bbox 2154 1932 3745 2007">
     <span class='ocr_line' id='line_1_48' title="bbox 2154 1932 3745 2007; baseline -0.003 -17"><span class='ocrx_word' id='word_1_321' title='bbox 2154 1946 2340 1990; x_wconf 82' lang='lat' dir='ltr'><strong>contra</strong></span> <span class='ocrx_word' id='word_1_322' title='bbox 2366 1951 2585 1990; x_wconf 84' lang='lat' dir='ltr'><strong>servum</strong></span> <span class='ocrx_word' id='word_1_323' title='bbox 2611 1950 2793 1989; x_wconf 88' lang='lat' dir='ltr'><strong>meum</strong></span> <span class='ocrx_word' id='word_1_324' title='bbox 2825 1938 2841 1955; x_wconf 85' lang='lat'><strong>&#39;</strong></span> <span class='ocrx_word' id='word_1_325' title='bbox 2877 1934 3209 1990; x_wconf 80' lang='lat' dir='ltr'><strong>Jacobumb.</strong></span> <span class='ocrx_word' id='word_1_326' title='bbox 3240 1954 3258 1985; x_wconf 76' lang='grc' dir='ltr'><strong>ι</strong></span> <span class='ocrx_word' id='word_1_327' title='bbox 3293 1934 3507 2007; x_wconf 65' lang='grc'><strong>1347</strong></span> <span class='ocrx_word' id='word_1_328' title='bbox 3549 1932 3745 1989; x_wconf 85' lang='lat' dir='ltr'><strong>Unctos</strong></span> 
     </span>
    </p>
   </div>
   <div class='ocr_carea' id='block_1_49' title="bbox 2155 2029 3753 2100">
    <p class='ocr_par' dir='ltr' id='par_1_49' title="bbox 2155 2029 3753 2100">
     <span class='ocr_line' id='line_1_49' title="bbox 2155 2029 3753 2100; baseline -0.003 -16"><span class='ocrx_word' id='word_1_329' title='bbox 2155 2043 2334 2085; x_wconf 83' lang='lat' dir='ltr'><strong>autem</strong></span> <span class='ocrx_word' id='word_1_330' title='bbox 2371 2030 2632 2100; x_wconf 86' lang='lat' dir='ltr'><strong>appellat,</strong></span> <span class='ocrx_word' id='word_1_331' title='bbox 2664 2046 2774 2084; x_wconf 89' lang='lat' dir='ltr'><strong>non</strong></span> <span class='ocrx_word' id='word_1_332' title='bbox 2805 2038 3067 2099; x_wconf 83' lang='lat' dir='ltr'><strong>tanquam</strong></span> <span class='ocrx_word' id='word_1_333' title='bbox 3099 2029 3220 2084; x_wconf 89' lang='lat' dir='ltr'><strong>oleo</strong></span> <span class='ocrx_word' id='word_1_334' title='bbox 3255 2037 3469 2092; x_wconf 87' lang='lat' dir='ltr'><strong>unctos,</strong></span> <span class='ocrx_word' id='word_1_335' title='bbox 3499 2029 3593 2083; x_wconf 88' lang='lat' dir='ltr'><strong>scd</strong></span> <span class='ocrx_word' id='word_1_336' title='bbox 3627 2037 3753 2082; x_wconf 75' lang='lat' dir='ltr'><strong>tau-</strong></span> 
     </span>
    </p>
   </div>
   <div class='ocr_carea' id='block_1_50' title="bbox 2157 2118 3753 2193">
    <p class='ocr_par' dir='ltr' id='par_1_50' title="bbox 2157 2118 3753 2193">
     <span class='ocr_line' id='line_1_50' title="bbox 2157 2118 3753 2193; baseline -0.003 -16"><span class='ocrx_word' id='word_1_337' title='bbox 2157 2139 2317 2193; x_wconf 87' lang='lat' dir='ltr'><strong>quam</strong></span> <span class='ocrx_word' id='word_1_338' title='bbox 2361 2123 2567 2177; x_wconf 78' lang='lat' dir='ltr'><strong>elccms</strong></span> <span class='ocrx_word' id='word_1_339' title='bbox 2599 2121 2798 2176; x_wconf 84' lang='lat' dir='ltr'><strong>factos.</strong></span> <span class='ocrx_word' id='word_1_340' title='bbox 2842 2120 3163 2189; x_wconf 72' lang='lat' dir='ltr'><strong>Prop/ictam</strong></span> <span class='ocrx_word' id='word_1_341' title='bbox 3211 2136 3340 2175; x_wconf 87' lang='lat' dir='ltr'><strong>vero</strong></span> <span class='ocrx_word' id='word_1_342' title='bbox 3370 2127 3425 2175; x_wconf 89' lang='lat' dir='ltr'><strong>et</strong></span> <span class='ocrx_word' id='word_1_343' title='bbox 3457 2120 3573 2190; x_wconf 87' lang='lat' dir='ltr'><strong>ipse</strong></span> <span class='ocrx_word' id='word_1_344' title='bbox 3603 2118 3753 2173; x_wconf 87' lang='lat' dir='ltr'><strong>Deus</strong></span> 
     </span>
    </p>
   </div>
   <div class='ocr_carea' id='block_1_51' title="bbox 2156 2209 3747 2284">
    <p class='ocr_par' dir='ltr' id='par_1_51' title="bbox 2156 2209 3747 2284">
     <span class='ocr_line' id='line_1_51' title="bbox 2156 2209 3747 2284; baseline -0.003 -17"><span class='ocrx_word' id='word_1_345' title='bbox 2156 2215 2530 2269; x_wconf 80' lang='lat' dir='ltr'><strong>Abrahamum</strong></span> <span class='ocrx_word' id='word_1_346' title='bbox 2559 2213 2872 2284; x_wconf 85' lang='lat' dir='ltr'><strong>appellavit.</strong></span> <span class='ocrx_word' id='word_1_347' title='bbox 2897 2209 3291 2275; x_wconf 71' lang='lat' dir='ltr'><strong>«Reddecnim,</strong></span> <span class='ocrx_word' id='word_1_348' title='bbox 3328 2211 3424 2275; x_wconf 86' lang='lat' dir='ltr'><strong>ait,</strong></span> <span class='ocrx_word' id='word_1_349' title='bbox 3456 2210 3747 2264; x_wconf 86' lang='lat' dir='ltr'><strong>mulierem</strong></span> 
     </span>
    </p>
   </div>
   <div class='ocr_carea' id='block_1_52' title="bbox 2157 2301 3755 2376">
    <p class='ocr_par' dir='ltr' id='par_1_52' title="bbox 2157 2301 3755 2376">
     <span class='ocr_line' id='line_1_52' title="bbox 2157 2301 3755 2376; baseline -0.004 -16"><span class='ocrx_word' id='word_1_350' title='bbox 2157 2307 2297 2371; x_wconf 85' lang='lat' dir='ltr'><strong>viro,</strong></span> <span class='ocrx_word' id='word_1_351' title='bbox 2331 2306 2588 2376; x_wconf 88' lang='lat' dir='ltr'><strong>quoniam</strong></span> <span class='ocrx_word' id='word_1_352' title='bbox 2612 2304 2875 2375; x_wconf 83' lang='lat' dir='ltr'><strong>prapheta</strong></span> <span class='ocrx_word' id='word_1_353' title='bbox 2906 2310 3012 2367; x_wconf 87' lang='lat' dir='ltr'><strong>est,</strong></span> <span class='ocrx_word' id='word_1_354' title='bbox 3040 2309 3093 2357; x_wconf 90' lang='lat' dir='ltr'><strong>et</strong></span> <span class='ocrx_word' id='word_1_355' title='bbox 3124 2301 3303 2357; x_wconf 90' lang='lat' dir='ltr'><strong>orabit</strong></span> <span class='ocrx_word' id='word_1_356' title='bbox 3333 2318 3431 2372; x_wconf 88' lang='lat' dir='ltr'><strong>pro</strong></span> <span class='ocrx_word' id='word_1_357' title='bbox 3457 2310 3529 2364; x_wconf 81' lang='lat' dir='ltr'><strong>te,</strong></span> <span class='ocrx_word' id='word_1_358' title='bbox 3553 2311 3609 2356; x_wconf 89' lang='lat' dir='ltr'><strong>et</strong></span> <span class='ocrx_word' id='word_1_359' title='bbox 3636 2316 3755 2356; x_wconf 81' lang='lat' dir='ltr'><strong>ser-</strong></span> 
     </span>
    </p>
   </div>
   <div class='ocr_carea' id='block_1_53' title="bbox 2161 2398 2507 2453">
    <p class='ocr_par' dir='ltr' id='par_1_53' title="bbox 2161 2398 2507 2453">
     <span class='ocr_line' id='line_1_53' title="bbox 2161 2398 2507 2453; baseline -0.014 0"><span class='ocrx_word' id='word_1_360' title='bbox 2161 2398 2378 2453; x_wconf 89' lang='lat' dir='ltr'><strong>vaberis</strong></span> <span class='ocrx_word' id='word_1_361' title='bbox 2401 2408 2448 2452; x_wconf 78' lang='grc' dir='ltr'><strong>ο.</strong></span> <span class='ocrx_word' id='word_1_362' title='bbox 2487 2414 2507 2448; x_wconf 73' lang='grc' dir='ltr'><strong>ι</strong></span> 
     </span>
    </p>
   </div>
   <div class='ocr_carea' id='block_1_54' title="bbox 2233 2567 3745 2636">
    <p class='ocr_par' dir='ltr' id='par_1_54' title="bbox 2233 2567 3745 2636">
     <span class='ocr_line' id='line_1_54' title="bbox 2233 2567 3745 2636; baseline -0.005 -13"><span class='ocrx_word' id='word_1_363' title='bbox 2233 2570 2399 2625; x_wconf 68' lang='lat' dir='ltr'><strong>Vens.</strong></span> <span class='ocrx_word' id='word_1_364' title='bbox 2447 2570 2531 2625; x_wconf 85' lang='lat' dir='ltr'><strong>l6.</strong></span> <span class='ocrx_word' id='word_1_365' title='bbox 2579 2589 2599 2623; x_wconf 76' lang='grc' dir='ltr'><strong>ι</strong></span> <span class='ocrx_word' id='word_1_366' title='bbox 2636 2568 2703 2624; x_wconf 83' lang='grc' dir='ltr'>Ει</span> <span class='ocrx_word' id='word_1_367' title='bbox 2742 2570 2961 2625; x_wconf 81' lang='lat' dir='ltr'><strong>vocavit</strong></span> <span class='ocrx_word' id='word_1_368' title='bbox 3007 2567 3207 2622; x_wconf 88' lang='lat' dir='ltr'><strong>famem</strong></span> <span class='ocrx_word' id='word_1_369' title='bbox 3245 2582 3410 2636; x_wconf 84' lang='lat' dir='ltr'><strong>super</strong></span> <span class='ocrx_word' id='word_1_370' title='bbox 3457 2575 3681 2620; x_wconf 88' lang='lat' dir='ltr'><strong>terram.</strong></span> <span class='ocrx_word' id='word_1_371' title='bbox 3724 2582 3745 2614; x_wconf 73' lang='grc' dir='ltr'><strong>ι</strong></span> 
     </span>
    </p>
   </div>
   <div class='ocr_carea' id='block_1_55' title="bbox 2160 2658 3753 2731">
    <p class='ocr_par' dir='ltr' id='par_1_55' title="bbox 2160 2658 3753 2731">
     <span class='ocr_line' id='line_1_55' title="bbox 2160 2658 3753 2731; baseline -0.004 -13"><span class='ocrx_word' id='word_1_372' title='bbox 2160 2664 2449 2718; x_wconf 79' lang='lat' dir='ltr'><strong>Peccatum</strong></span> <span class='ocrx_word' id='word_1_373' title='bbox 2510 2662 2933 2731; x_wconf 84' lang='lat' dir='ltr'><strong>castigationem</strong></span> <span class='ocrx_word' id='word_1_374' title='bbox 2982 2660 3232 2722; x_wconf 85' lang='lat' dir='ltr'><strong>attrahit,</strong></span> <span class='ocrx_word' id='word_1_375' title='bbox 3286 2658 3578 2729; x_wconf 74' lang='lat' dir='ltr'><strong>casﬁgatio</strong></span> <span class='ocrx_word' id='word_1_376' title='bbox 3619 2672 3753 2711; x_wconf 83' lang='lat' dir='ltr'><strong>vero</strong></span> 
     </span>
    </p>
   </div>
   <div class='ocr_carea' id='block_1_56' title="bbox 2163 2753 3753 2826">
    <p class='ocr_par' dir='ltr' id='par_1_56' title="bbox 2163 2753 3753 2826">
     <span class='ocr_line' id='line_1_56' title="bbox 2163 2753 3753 2826; baseline -0.005 -15"><span class='ocrx_word' id='word_1_377' title='bbox 2163 2757 2392 2811; x_wconf 75' lang='lat' dir='ltr'><strong>fetiuam</strong></span> <span class='ocrx_word' id='word_1_378' title='bbox 2422 2757 2588 2811; x_wconf 89' lang='lat' dir='ltr'><strong>vitam</strong></span> <span class='ocrx_word' id='word_1_379' title='bbox 2617 2755 2923 2826; x_wconf 77' lang='lat' dir='ltr'><strong>redarguit,</strong></span> <span class='ocrx_word' id='word_1_380' title='bbox 2962 2754 3277 2824; x_wconf 87' lang='lat' dir='ltr'><strong>rcdargutio</strong></span> <span class='ocrx_word' id='word_1_381' title='bbox 3312 2769 3443 2809; x_wconf 84' lang='lat' dir='ltr'><strong>vero</strong></span> <span class='ocrx_word' id='word_1_382' title='bbox 3477 2753 3598 2808; x_wconf 77' lang='lat' dir='ltr'><strong>vita:</strong></span> <span class='ocrx_word' id='word_1_383' title='bbox 3632 2768 3753 2805; x_wconf 82' lang='lat' dir='ltr'><strong>mu-</strong></span> 
     </span>
    </p>
   </div>
   <div class='ocr_carea' id='block_1_57' title="bbox 2163 2843 3749 2913">
    <p class='ocr_par' dir='ltr' id='par_1_57' title="bbox 2163 2843 3749 2913">
     <span class='ocr_line' id='line_1_57' title="bbox 2163 2843 3749 2913; baseline -0.004 -13"><span class='ocrx_word' id='word_1_384' title='bbox 2163 2849 2423 2900; x_wconf 64' lang='lat' dir='ltr'><strong>tationem</strong></span> <span class='ocrx_word' id='word_1_385' title='bbox 2454 2846 2638 2901; x_wconf 79' lang='lat' dir='ltr'><strong>eﬂicit.</strong></span> <span class='ocrx_word' id='word_1_386' title='bbox 2680 2845 2902 2901; x_wconf 84' lang='lat' dir='ltr'><strong>Famem</strong></span> <span class='ocrx_word' id='word_1_387' title='bbox 2935 2844 3103 2913; x_wconf 77' lang='lat' dir='ltr'><strong>igitur</strong></span> <span class='ocrx_word' id='word_1_388' title='bbox 3134 2846 3353 2899; x_wconf 71' lang='lat' dir='ltr'><strong>induxit</strong></span> <span class='ocrx_word' id='word_1_389' title='bbox 3400 2843 3470 2899; x_wconf 90' lang='lat' dir='ltr'><strong>ob</strong></span> <span class='ocrx_word' id='word_1_390' title='bbox 3502 2844 3749 2912; x_wconf 85' lang='lat' dir='ltr'><strong>iniquam</strong></span> 
     </span>
    </p>
   </div>
   <div class='ocr_carea' id='block_1_58' title="bbox 2165 2936 3753 3007">
    <p class='ocr_par' dir='ltr' id='par_1_58' title="bbox 2165 2936 3753 3007">
     <span class='ocr_line' id='line_1_58' title="bbox 2165 2936 3753 3007; baseline -0.002 -17"><span class='ocrx_word' id='word_1_391' title='bbox 2165 2938 2329 2991; x_wconf 67' lang='lat' dir='ltr'><strong>vitam</strong></span> <span class='ocrx_word' id='word_1_392' title='bbox 2380 2937 2664 2991; x_wconf 82' lang='lat' dir='ltr'><strong>hominum</strong></span> <span class='ocrx_word' id='word_1_393' title='bbox 2715 2937 2861 2992; x_wconf 89' lang='lat' dir='ltr'><strong>illius</strong></span> <span class='ocrx_word' id='word_1_394' title='bbox 2913 2936 3252 3007; x_wconf 87' lang='lat' dir='ltr'><strong>tempestatis</strong></span> <span class='ocrx_word' id='word_1_395' title='bbox 3303 2955 3316 2991; x_wconf 91' lang='lat'><strong>:</strong></span> <span class='ocrx_word' id='word_1_396' title='bbox 3369 2944 3753 2991; x_wconf 81' lang='lat' dir='ltr'><strong>verumtamen</strong></span> 
     </span>
    </p>
   </div>
   <div class='ocr_carea' id='block_1_59' title="bbox 2167 3026 3755 3097">
    <p class='ocr_par' dir='ltr' id='par_1_59' title="bbox 2167 3026 3755 3097">
     <span class='ocr_line' id='line_1_59' title="bbox 2167 3026 3755 3097; baseline -0.003 -13"><span class='ocrx_word' id='word_1_397' title='bbox 2167 3032 2270 3085; x_wconf 90' lang='lat' dir='ltr'><strong>hoc</strong></span> <span class='ocrx_word' id='word_1_398' title='bbox 2297 3032 2458 3085; x_wconf 86' lang='lat' dir='ltr'><strong>etiam</strong></span> <span class='ocrx_word' id='word_1_399' title='bbox 2499 3031 2660 3086; x_wconf 88' lang='lat' dir='ltr'><strong>modo</strong></span> <span class='ocrx_word' id='word_1_400' title='bbox 2693 3030 2761 3085; x_wconf 89' lang='lat' dir='ltr'><strong>de</strong></span> <span class='ocrx_word' id='word_1_401' title='bbox 2806 3032 2923 3085; x_wconf 87' lang='lat' dir='ltr'><strong>suis</strong></span> <span class='ocrx_word' id='word_1_402' title='bbox 2960 3046 3146 3084; x_wconf 86' lang='lat' dir='ltr'><strong>curam</strong></span> <span class='ocrx_word' id='word_1_403' title='bbox 3196 3028 3385 3097; x_wconf 69' lang='lat' dir='ltr'><strong>gessit.</strong></span> <span class='ocrx_word' id='word_1_404' title='bbox 3441 3046 3459 3079; x_wconf 83' lang='grc' dir='ltr'><strong>ι</strong></span> <span class='ocrx_word' id='word_1_405' title='bbox 3494 3026 3559 3081; x_wconf 84' lang='grc' dir='ltr'>Ει</span> <span class='ocrx_word' id='word_1_406' title='bbox 3589 3041 3755 3080; x_wconf 89' lang='lat' dir='ltr'><strong>omne</strong></span> 
     </span>
    </p>
   </div>
   <div class='ocr_carea' id='block_1_60' title="bbox 2166 3116 3749 3191">
    <p class='ocr_par' dir='ltr' id='par_1_60' title="bbox 2166 3116 3749 3191">
     <span class='ocr_line' id='line_1_60' title="bbox 2166 3116 3749 3191; baseline -0.004 -14"><span class='ocrx_word' id='word_1_407' title='bbox 2166 3124 2570 3178; x_wconf 79' lang='lat' dir='ltr'><strong>firmamentum</strong></span> <span class='ocrx_word' id='word_1_408' title='bbox 2605 3123 2765 3191; x_wconf 88' lang='lat' dir='ltr'><strong>panis</strong></span> <span class='ocrx_word' id='word_1_409' title='bbox 2797 3122 3079 3178; x_wconf 84' lang='lat' dir='ltr'><strong>contrivit.</strong></span> <span class='ocrx_word' id='word_1_410' title='bbox 3117 3140 3140 3177; x_wconf 86' lang='grc'><strong>›</strong></span> <span class='ocrx_word' id='word_1_411' title='bbox 3191 3121 3360 3188; x_wconf 86' lang='lat' dir='ltr'><strong>Quasi</strong></span> <span class='ocrx_word' id='word_1_412' title='bbox 3412 3120 3579 3184; x_wconf 80' lang='lat' dir='ltr'><strong>dicat,</strong></span> <span class='ocrx_word' id='word_1_413' title='bbox 3613 3116 3749 3174; x_wconf 81' lang='lat' dir='ltr'><strong>0m-</strong></span> 
     </span>
    </p>
   </div>
   <div class='ocr_carea' id='block_1_61' title="bbox 470 3208 2067 3285">
    <p class='ocr_par' dir='ltr' id='par_1_61' title="bbox 470 3208 2056 3285">
     <span class='ocr_line' id='line_1_61' title="bbox 470 3208 2056 3285; baseline 0.005 -25"><span class='ocrx_word' id='word_1_414' title='bbox 470 3208 589 3261; x_wconf 77' lang='grc' dir='ltr'><strong>Πᾶν</strong></span> <span class='ocrx_word' id='word_1_415' title='bbox 677 3208 970 3281; x_wconf 78' lang='grc' dir='ltr'>διαθρέψαι</span> <span class='ocrx_word' id='word_1_416' title='bbox 1029 3210 1327 3280; x_wconf 82' lang='grc' dir='ltr'>δυνάμενον</span> <span class='ocrx_word' id='word_1_417' title='bbox 1394 3212 1652 3265; x_wconf 85' lang='grc' dir='ltr'>σπανίσαι</span> <span class='ocrx_word' id='word_1_418' title='bbox 1717 3213 2056 3285; x_wconf 66' lang='grc' dir='ltr'>πεποίηκεψ</span> 
     </span>
    </p>
   </div>
   <div class='ocr_carea' id='block_1_62' title="bbox 2161 3208 3751 3285">
    <p class='ocr_par' dir='ltr' id='par_1_62' title="bbox 2167 3209 3751 3285">
     <span class='ocr_line' id='line_1_62' title="bbox 2167 3209 3751 3285; baseline -0.004 -17"><span class='ocrx_word' id='word_1_419' title='bbox 2167 3217 2315 3268; x_wconf 86' lang='lat' dir='ltr'><strong>nium</strong></span> <span class='ocrx_word' id='word_1_420' title='bbox 2356 3231 2564 3280; x_wconf 90' lang='lat' dir='ltr'><strong>rerum,</strong></span> <span class='ocrx_word' id='word_1_421' title='bbox 2598 3219 2738 3285; x_wconf 64' lang='lat' dir='ltr'><strong>iqute</strong></span> <span class='ocrx_word' id='word_1_422' title='bbox 2770 3215 2980 3268; x_wconf 89' lang='lat' dir='ltr'><strong>nutrire</strong></span> <span class='ocrx_word' id='word_1_423' title='bbox 3015 3222 3286 3283; x_wconf 84' lang='lat' dir='ltr'><strong>poterant.</strong></span> <span class='ocrx_word' id='word_1_424' title='bbox 3324 3212 3564 3280; x_wconf 88' lang='lat' dir='ltr'><strong>inopiam</strong></span> <span class='ocrx_word' id='word_1_425' title='bbox 3598 3209 3751 3272; x_wconf 83' lang='lat' dir='ltr'><strong>fecit,</strong></span> 
     </span>
    </p>
   </div>
   <div class='ocr_carea' id='block_1_63' title="bbox 469 3301 2060 3378">
    <p class='ocr_par' dir='ltr' id='par_1_63' title="bbox 469 3301 2060 3378">
     <span class='ocr_line' id='line_1_63' title="bbox 469 3301 2060 3378; baseline 0.005 -24"><span class='ocrx_word' id='word_1_426' title='bbox 469 3302 533 3354; x_wconf 79' lang='grc' dir='ltr'><strong>οὐ</strong></span> <span class='ocrx_word' id='word_1_427' title='bbox 569 3301 729 3371; x_wconf 80' lang='grc' dir='ltr'>μόνον</span> <span class='ocrx_word' id='word_1_428' title='bbox 778 3306 945 3366; x_wconf 86' lang='grc' dir='ltr'>σῖτον,</span> <span class='ocrx_word' id='word_1_429' title='bbox 994 3304 1132 3358; x_wconf 79' lang='grc' dir='ltr'>ἀλλὰ</span> <span class='ocrx_word' id='word_1_430' title='bbox 1165 3304 1260 3359; x_wconf 73' lang='grc' dir='ltr'><strong>καὶ</strong></span> <span class='ocrx_word' id='word_1_431' title='bbox 1300 3305 1519 3376; x_wconf 82' lang='grc' dir='ltr'>κριθὰς,</span> <span class='ocrx_word' id='word_1_432' title='bbox 1561 3306 1656 3360; x_wconf 74' lang='grc' dir='ltr'><strong>καὶ</strong></span> <span class='ocrx_word' id='word_1_433' title='bbox 1698 3305 1927 3378; x_wconf 70' lang='grc' dir='ltr'>ὄσπρια,</span> <span class='ocrx_word' id='word_1_434' title='bbox 1963 3308 2060 3362; x_wconf 83' lang='grc' dir='ltr'>καὶ</span> 
     </span>
    </p>
   </div>
   <div class='ocr_carea' id='block_1_64' title="bbox 470 3389 1574 3471">
    <p class='ocr_par' dir='ltr' id='par_1_64' title="bbox 470 3389 1574 3471">
     <span class='ocr_line' id='line_1_64' title="bbox 470 3389 1574 3471; baseline 0.005 -24"><span class='ocrx_word' id='word_1_435' title='bbox 470 3395 520 3447; x_wconf 81' lang='grc' dir='ltr'>τ’</span> <span class='ocrx_word' id='word_1_436' title='bbox 546 3394 681 3449; x_wconf 81' lang='grc' dir='ltr'>ἄλλα</span> <span class='ocrx_word' id='word_1_437' title='bbox 706 3396 774 3450; x_wconf 85' lang='grc' dir='ltr'>δι’</span> <span class='ocrx_word' id='word_1_438' title='bbox 801 3389 878 3451; x_wconf 83' lang='grc' dir='ltr'>ὧν</span> <span class='ocrx_word' id='word_1_439' title='bbox 908 3395 1247 3466; x_wconf 81' lang='grc' dir='ltr'>βιοτεύουσιν</span> <span class='ocrx_word' id='word_1_440' title='bbox 1270 3400 1574 3471; x_wconf 82' lang='grc' dir='ltr'>ἄνθρωποι.</span> 
     </span>
    </p>
   </div>
   <div class='ocr_carea' id='block_1_65' title="bbox 548 3574 2058 3651">
    <p class='ocr_par' dir='ltr' id='par_1_65' title="bbox 548 3574 2058 3651">
     <span class='ocr_line' id='line_1_65' title="bbox 548 3574 2058 3651; baseline 0.006 -24"><span class='ocrx_word' id='word_1_441' title='bbox 548 3574 633 3640; x_wconf 78' lang='grc' dir='ltr'><strong>ιζ’.</strong></span> <span class='ocrx_word' id='word_1_442' title='bbox 681 3595 700 3628; x_wconf 76' lang='grc' dir='ltr'><strong>ι</strong></span> <span class='ocrx_word' id='word_1_443' title='bbox 739 3575 1085 3630; x_wconf 82' lang='grc' dir='ltr'>Ἀπέστειλεν</span> <span class='ocrx_word' id='word_1_444' title='bbox 1137 3575 1452 3649; x_wconf 74' lang='grc' dir='ltr'>ἔμπροσθεν</span> <span class='ocrx_word' id='word_1_445' title='bbox 1509 3578 1693 3634; x_wconf 80' lang='grc' dir='ltr'>αὐτῶν</span> <span class='ocrx_word' id='word_1_446' title='bbox 1745 3579 2058 3651; x_wconf 78' lang='grc' dir='ltr'>ἄνθρωπον,</span> 
     </span>
    </p>
   </div>
   <div class='ocr_carea' id='block_1_66' title="bbox 474 3668 2062 3743">
    <p class='ocr_par' dir='ltr' id='par_1_66' title="bbox 474 3668 2062 3743">
     <span class='ocr_line' id='line_1_66' title="bbox 474 3668 2062 3743; baseline 0.004 -23"><span class='ocrx_word' id='word_1_447' title='bbox 474 3669 554 3729; x_wconf 79' lang='grc' dir='ltr'><strong>εἰς</strong></span> <span class='ocrx_word' id='word_1_448' title='bbox 603 3668 789 3722; x_wconf 80' lang='grc' dir='ltr'>δοῦλον</span> <span class='ocrx_word' id='word_1_449' title='bbox 819 3669 867 3702; x_wconf 68' lang='grc'><strong>⁸⁸</strong></span> <span class='ocrx_word' id='word_1_450' title='bbox 921 3669 1135 3740; x_wconf 76' lang='grc' dir='ltr'>ἐπράθη</span> <span class='ocrx_word' id='word_1_451' title='bbox 1219 3671 1443 3741; x_wconf 76' lang='grc' dir='ltr'><strong>Ἰωσήφ.</strong></span> <span class='ocrx_word' id='word_1_452' title='bbox 1477 3690 1496 3723; x_wconf 73' lang='grc' dir='ltr'><strong>ο</strong></span> <span class='ocrx_word' id='word_1_453' title='bbox 1548 3671 1864 3743; x_wconf 77' lang='grc' dir='ltr'>’Δμιρότερα</span> <span class='ocrx_word' id='word_1_454' title='bbox 1918 3673 2062 3727; x_wconf 68' lang='grc' dir='ltr'>κατὰ</span> 
     </span>
    </p>
   </div>
   <div class='ocr_carea' id='block_1_67' title="bbox 473 3759 2056 3834">
    <p class='ocr_par' dir='ltr' id='par_1_67' title="bbox 473 3759 2056 3834">
     <span class='ocr_line' id='line_1_67' title="bbox 473 3759 2056 3834; baseline 0.004 -22"><span class='ocrx_word' id='word_1_455' title='bbox 473 3759 673 3813; x_wconf 75' lang='grc' dir='ltr'>ταυτὸν</span> <span class='ocrx_word' id='word_1_456' title='bbox 721 3760 981 3831; x_wconf 81' lang='grc' dir='ltr'>ἐδήλωσε,</span> <span class='ocrx_word' id='word_1_457' title='bbox 1034 3760 1130 3815; x_wconf 75' lang='grc' dir='ltr'>καὶ</span> <span class='ocrx_word' id='word_1_458' title='bbox 1167 3761 1277 3814; x_wconf 88' lang='grc' dir='ltr'><strong>τῶν</strong></span> <span class='ocrx_word' id='word_1_459' title='bbox 1301 3761 1548 3830; x_wconf 81' lang='grc' dir='ltr'>ἀδελφῶν</span> <span class='ocrx_word' id='word_1_460' title='bbox 1588 3762 1688 3833; x_wconf 82' lang='grc' dir='ltr'><strong>τὴν</strong></span> <span class='ocrx_word' id='word_1_461' title='bbox 1722 3764 2056 3834; x_wconf 82' lang='grc' dir='ltr'>μοχθηρίαν,</span> 
     </span>
    </p>
   </div>
   <div class='ocr_carea' id='block_1_68' title="bbox 475 3849 2058 3923">
    <p class='ocr_par' dir='ltr' id='par_1_68' title="bbox 475 3849 2058 3923">
     <span class='ocr_line' id='line_1_68' title="bbox 475 3849 2058 3923; baseline 0.004 -22"><span class='ocrx_word' id='word_1_462' title='bbox 475 3849 574 3902; x_wconf 75' lang='grc' dir='ltr'>καὶ</span> <span class='ocrx_word' id='word_1_463' title='bbox 622 3849 722 3921; x_wconf 78' lang='grc' dir='ltr'>τὴν</span> <span class='ocrx_word' id='word_1_464' title='bbox 767 3850 936 3904; x_wconf 81' lang='grc' dir='ltr'>αὑτοῦ</span> <span class='ocrx_word' id='word_1_465' title='bbox 966 3851 1194 3921; x_wconf 73' lang='grc' dir='ltr'>σοφίαψ</span> <span class='ocrx_word' id='word_1_466' title='bbox 1243 3853 1310 3922; x_wconf 81' lang='grc' dir='ltr'>τῇ</span> <span class='ocrx_word' id='word_1_467' title='bbox 1366 3852 1475 3923; x_wconf 83' lang='grc' dir='ltr'>γὰρ</span> <span class='ocrx_word' id='word_1_468' title='bbox 1519 3853 1746 3906; x_wconf 79' lang='grc' dir='ltr'>ἐκείνων</span> <span class='ocrx_word' id='word_1_469' title='bbox 1794 3856 1876 3917; x_wconf 84' lang='grc' dir='ltr'><strong>εἰς</strong></span> <span class='ocrx_word' id='word_1_470' title='bbox 1937 3854 2058 3908; x_wconf 80' lang='grc' dir='ltr'>δέον</span> 
     </span>
    </p>
   </div>
   <div class='ocr_carea' id='block_1_69' title="bbox 474 3941 2059 4014">
    <p class='ocr_par' dir='ltr' id='par_1_69' title="bbox 474 3941 2059 4014">
     <span class='ocr_line' id='line_1_69' title="bbox 474 3941 2059 4014; baseline 0.004 -22"><span class='ocrx_word' id='word_1_471' title='bbox 474 3941 752 4011; x_wconf 76' lang='grc' dir='ltr'>ἐχρήσατο</span> <span class='ocrx_word' id='word_1_472' title='bbox 789 3943 1044 4014; x_wconf 78' lang='grc' dir='ltr'>πονηρίᾳ.</span> <span class='ocrx_word' id='word_1_473' title='bbox 1075 3943 1150 3996; x_wconf 83' lang='grc' dir='ltr'><strong>Οὐ</strong></span> <span class='ocrx_word' id='word_1_474' title='bbox 1174 3944 1285 4013; x_wconf 80' lang='grc' dir='ltr'>γὰρ</span> <span class='ocrx_word' id='word_1_475' title='bbox 1326 3943 1490 4006; x_wconf 78' lang='grc' dir='ltr'>αὐτὸς</span> <span class='ocrx_word' id='word_1_476' title='bbox 1527 3944 1772 4008; x_wconf 77' lang='grc' dir='ltr'>ἐκείνους</span> <span class='ocrx_word' id='word_1_477' title='bbox 1809 3945 2059 4014; x_wconf 76' lang='grc' dir='ltr'>ἠνάγκα-</span> 
     </span>
    </p>
   </div>
   <div class='ocr_carea' id='block_1_70' title="bbox 477 4031 2060 4106">
    <p class='ocr_par' dir='ltr' id='par_1_70' title="bbox 477 4031 2060 4106">
     <span class='ocr_line' id='line_1_70' title="bbox 477 4031 2060 4106; baseline 0.002 -22"><span class='ocrx_word' id='word_1_478' title='bbox 477 4047 571 4084; x_wconf 87' lang='grc' dir='ltr'><strong>σεν</strong></span> <span class='ocrx_word' id='word_1_479' title='bbox 610 4031 999 4102; x_wconf 76' lang='grc' dir='ltr'>ἀπεμπολῆσαι</span> <span class='ocrx_word' id='word_1_480' title='bbox 1045 4031 1138 4086; x_wconf 79' lang='grc' dir='ltr'>τὸν</span> <span class='ocrx_word' id='word_1_481' title='bbox 1180 4031 1429 4100; x_wconf 73' lang='grc' dir='ltr'>ἀδελφὸν,</span> <span class='ocrx_word' id='word_1_482' title='bbox 1475 4032 1613 4086; x_wconf 80' lang='grc' dir='ltr'>ἀλλὰ</span> <span class='ocrx_word' id='word_1_483' title='bbox 1642 4035 1707 4104; x_wconf 80' lang='grc' dir='ltr'><strong>τῇ</strong></span> <span class='ocrx_word' id='word_1_484' title='bbox 1754 4033 2060 4106; x_wconf 79' lang='grc' dir='ltr'>κακοηθείᾳ</span> 
     </span>
    </p>
   </div>
   <div class='ocr_carea' id='block_1_71' title="bbox 481 4117 2054 4197">
    <p class='ocr_par' dir='ltr' id='par_1_71' title="bbox 481 4117 2054 4197">
     <span class='ocr_line' id='line_1_71' title="bbox 481 4117 2054 4197; baseline 0.003 -23"><span class='ocrx_word' id='word_1_485' title='bbox 481 4121 580 4188; x_wconf 76' lang='grc' dir='ltr'>μὲν</span> <span class='ocrx_word' id='word_1_486' title='bbox 618 4123 682 4192; x_wconf 86' lang='grc' dir='ltr'>τῇ</span> <span class='ocrx_word' id='word_1_487' title='bbox 718 4121 941 4174; x_wconf 76' lang='grc' dir='ltr'>ἐκείνων</span> <span class='ocrx_word' id='word_1_488' title='bbox 974 4122 1286 4176; x_wconf 75' lang='grc' dir='ltr'>ὲνδέδωκεν.</span> <span class='ocrx_word' id='word_1_489' title='bbox 1320 4123 1490 4185; x_wconf 78' lang='grc' dir='ltr'>Αὐτὸς</span> <span class='ocrx_word' id='word_1_490' title='bbox 1523 4124 1580 4177; x_wconf 82' lang='grc' dir='ltr'>δὲ</span> <span class='ocrx_word' id='word_1_491' title='bbox 1611 4126 1690 4187; x_wconf 79' lang='grc' dir='ltr'>εἰς</span> <span class='ocrx_word' id='word_1_492' title='bbox 1730 4123 1848 4178; x_wconf 75' lang='grc' dir='ltr'>δέον</span> <span class='ocrx_word' id='word_1_493' title='bbox 1879 4117 2054 4197; x_wconf 82' lang='grc' dir='ltr'>ταύτῃ</span> 
     </span>
    </p>
   </div>
   <div class='ocr_carea' id='block_1_72' title="bbox 478 4213 2061 4286">
    <p class='ocr_par' dir='ltr' id='par_1_72' title="bbox 478 4213 2061 4286">
     <span class='ocr_line' id='line_1_72' title="bbox 478 4213 2061 4286; baseline 0.003 -21"><span class='ocrx_word' id='word_1_494' title='bbox 478 4213 848 4284; x_wconf 75' lang='grc' dir='ltr'>χρησάμενος,</span> <span class='ocrx_word' id='word_1_495' title='bbox 886 4213 1111 4283; x_wconf 81' lang='grc' dir='ltr'>βασιλέα</span> <span class='ocrx_word' id='word_1_496' title='bbox 1153 4214 1245 4267; x_wconf 80' lang='grc' dir='ltr'><strong>τὸν</strong></span> <span class='ocrx_word' id='word_1_497' title='bbox 1288 4215 1473 4268; x_wconf 77' lang='grc' dir='ltr'>δοῦλον</span> <span class='ocrx_word' id='word_1_498' title='bbox 1519 4216 1790 4286; x_wconf 77' lang='grc' dir='ltr'>ἀπέφηνε,</span> <span class='ocrx_word' id='word_1_499' title='bbox 1844 4219 1940 4270; x_wconf 78' lang='grc' dir='ltr'><strong>καὶ</strong></span> <span class='ocrx_word' id='word_1_500' title='bbox 1982 4219 2061 4286; x_wconf 75' lang='grc' dir='ltr'>τῷ</span> 
     </span>
    </p>
   </div>
   <div class='ocr_carea' id='block_1_73' title="bbox 477 4302 2061 4375">
    <p class='ocr_par' dir='ltr' id='par_1_73' title="bbox 477 4302 2061 4375">
     <span class='ocr_line' id='line_1_73' title="bbox 477 4302 2061 4375; baseline 0.004 -21"><span class='ocrx_word' id='word_1_501' title='bbox 477 4302 629 4369; x_wconf 78' lang='grc' dir='ltr'>γένει</span> <span class='ocrx_word' id='word_1_502' title='bbox 652 4303 750 4374; x_wconf 78' lang='grc' dir='ltr'>τὴν</span> <span class='ocrx_word' id='word_1_503' title='bbox 779 4305 860 4367; x_wconf 87' lang='grc' dir='ltr'><strong>είς</strong></span> <span class='ocrx_word' id='word_1_504' title='bbox 893 4303 1170 4369; x_wconf 77' lang='grc' dir='ltr'>Αἴγυπτον</span> <span class='ocrx_word' id='word_1_505' title='bbox 1199 4305 1425 4358; x_wconf 82' lang='grc' dir='ltr'>κάθοδον</span> <span class='ocrx_word' id='word_1_506' title='bbox 1455 4306 1882 4375; x_wconf 78' lang='grc' dir='ltr'>ὲπρυτάνευσεν.</span> <span class='ocrx_word' id='word_1_507' title='bbox 1910 4307 2061 4361; x_wconf 81' lang='grc' dir='ltr'>Ἔδει</span> 
     </span>
    </p>
   </div>
   <div class='ocr_carea' id='block_1_74' title="bbox 479 4395 2065 4470">
    <p class='ocr_par' dir='ltr' id='par_1_74' title="bbox 479 4395 2065 4470">
     <span class='ocr_line' id='line_1_74' title="bbox 479 4395 2065 4470; baseline 0.003 -22"><span class='ocrx_word' id='word_1_508' title='bbox 479 4395 590 4464; x_wconf 72' lang='grc' dir='ltr'>γὰρ</span> <span class='ocrx_word' id='word_1_509' title='bbox 622 4397 749 4457; x_wconf 78' lang='grc' dir='ltr'>τοὺς</span> <span class='ocrx_word' id='word_1_510' title='bbox 780 4396 911 4449; x_wconf 70' lang='grc' dir='ltr'>λαὸν</span> <span class='ocrx_word' id='word_1_511' title='bbox 947 4395 1084 4450; x_wconf 79' lang='grc' dir='ltr'>Θεοῦ</span> <span class='ocrx_word' id='word_1_512' title='bbox 1134 4397 1428 4467; x_wconf 81' lang='grc' dir='ltr'>μέλλοντας</span> <span class='ocrx_word' id='word_1_513' title='bbox 1466 4398 1851 4469; x_wconf 77' lang='grc' dir='ltr'>χρηματίζειν,</span> <span class='ocrx_word' id='word_1_514' title='bbox 1904 4416 2065 4470; x_wconf 88' lang='grc' dir='ltr'>περι-</span> 
     </span>
    </p>
   </div>
   <div class='ocr_carea' id='block_1_75' title="bbox 480 4487 2056 4561">
    <p class='ocr_par' dir='ltr' id='par_1_75' title="bbox 480 4487 2056 4561">
     <span class='ocr_line' id='line_1_75' title="bbox 480 4487 2056 4561; baseline 0.001 -20"><span class='ocrx_word' id='word_1_515' title='bbox 480 4490 669 4556; x_wconf 79' lang='grc' dir='ltr'>φανεῖς</span> <span class='ocrx_word' id='word_1_516' title='bbox 705 4487 960 4552; x_wconf 83' lang='grc' dir='ltr'>γενέσθαι</span> <span class='ocrx_word' id='word_1_517' title='bbox 1013 4488 1107 4541; x_wconf 75' lang='grc' dir='ltr'><strong>καὶ</strong></span> <span class='ocrx_word' id='word_1_518' title='bbox 1176 4490 1576 4561; x_wconf 80' lang='grc' dir='ltr'>περιὸλέπτους</span> <span class='ocrx_word' id='word_1_519' title='bbox 1616 4490 1705 4543; x_wconf 76' lang='grc' dir='ltr'>διὰ</span> <span class='ocrx_word' id='word_1_520' title='bbox 1750 4488 1859 4543; x_wconf 79' lang='grc' dir='ltr'>τῶν</span> <span class='ocrx_word' id='word_1_521' title='bbox 1912 4490 2056 4560; x_wconf 83' lang='grc' dir='ltr'>ὑπὲρ</span> 
     </span>
    </p>
   </div>
   <div class='ocr_carea' id='block_1_76' title="bbox 2169 3301 3755 3373">
    <p class='ocr_par' dir='ltr' id='par_1_76' title="bbox 2169 3301 3755 3373">
     <span class='ocr_line' id='line_1_76' title="bbox 2169 3301 3755 3373; baseline -0.005 -12"><span class='ocrx_word' id='word_1_522' title='bbox 2169 3322 2280 3361; x_wconf 90' lang='lat' dir='ltr'><strong>non</strong></span> <span class='ocrx_word' id='word_1_523' title='bbox 2316 3306 2496 3362; x_wconf 90' lang='lat' dir='ltr'><strong>solum</strong></span> <span class='ocrx_word' id='word_1_524' title='bbox 2529 3306 2812 3368; x_wconf 79' lang='lat' dir='ltr'><strong>frumenti,</strong></span> <span class='ocrx_word' id='word_1_525' title='bbox 2861 3307 2956 3360; x_wconf 84' lang='lat' dir='ltr'><strong>sed</strong></span> <span class='ocrx_word' id='word_1_526' title='bbox 2988 3305 3152 3360; x_wconf 90' lang='lat' dir='ltr'><strong>etiam</strong></span> <span class='ocrx_word' id='word_1_527' title='bbox 3180 3303 3396 3367; x_wconf 72' lang='lat' dir='ltr'><strong>hordei,</strong></span> <span class='ocrx_word' id='word_1_528' title='bbox 3432 3315 3479 3357; x_wconf 86' lang='lat' dir='ltr'><strong>el</strong></span> <span class='ocrx_word' id='word_1_529' title='bbox 3519 3301 3755 3373; x_wconf 88' lang='lat' dir='ltr'><strong>legumi-</strong></span> 
     </span>
    </p>
   </div>
   <div class='ocr_carea' id='block_1_77' title="bbox 2171 3393 3754 3467">
    <p class='ocr_par' dir='ltr' id='par_1_77' title="bbox 2171 3393 3754 3467">
     <span class='ocr_line' id='line_1_77' title="bbox 2171 3393 3754 3467; baseline -0.006 -13"><span class='ocrx_word' id='word_1_530' title='bbox 2171 3415 2324 3459; x_wconf 88' lang='lat' dir='ltr'><strong>num.</strong></span> <span class='ocrx_word' id='word_1_531' title='bbox 2376 3406 2431 3453; x_wconf 89' lang='lat' dir='ltr'><strong>et</strong></span> <span class='ocrx_word' id='word_1_532' title='bbox 2479 3399 2711 3452; x_wconf 85' lang='lat' dir='ltr'><strong>aliarum</strong></span> <span class='ocrx_word' id='word_1_533' title='bbox 2766 3412 2974 3461; x_wconf 88' lang='lat' dir='ltr'><strong>rerum,</strong></span> <span class='ocrx_word' id='word_1_534' title='bbox 3029 3397 3236 3467; x_wconf 90' lang='lat' dir='ltr'><strong>quibus</strong></span> <span class='ocrx_word' id='word_1_535' title='bbox 3275 3395 3528 3450; x_wconf 86' lang='lat' dir='ltr'><strong>homines</strong></span> <span class='ocrx_word' id='word_1_536' title='bbox 3583 3393 3754 3447; x_wconf 75' lang='lat' dir='ltr'><strong>vitam</strong></span> 
     </span>
    </p>
   </div>
   <div class='ocr_carea' id='block_1_78' title="bbox 2172 3499 2503 3546">
    <p class='ocr_par' dir='ltr' id='par_1_78' title="bbox 2172 3499 2503 3546">
     <span class='ocr_line' id='line_1_78' title="bbox 2172 3499 2503 3546; baseline -0.003 0"><span class='ocrx_word' id='word_1_537' title='bbox 2172 3499 2503 3546; x_wconf 79' lang='lat' dir='ltr'><strong>sustentant.</strong></span> 
     </span>
    </p>
   </div>
   <div class='ocr_carea' id='block_1_79' title="bbox 2245 3577 3755 3648">
    <p class='ocr_par' dir='ltr' id='par_1_79' title="bbox 2245 3577 3755 3648">
     <span class='ocr_line' id='line_1_79' title="bbox 2245 3577 3755 3648; baseline -0.005 -14"><span class='ocrx_word' id='word_1_538' title='bbox 2245 3580 2414 3635; x_wconf 72' lang='lat' dir='ltr'><strong>Vens.</strong></span> <span class='ocrx_word' id='word_1_539' title='bbox 2460 3582 2546 3634; x_wconf 84' lang='lat' dir='ltr'><strong>t7.</strong></span> <span class='ocrx_word' id='word_1_540' title='bbox 2613 3599 2632 3632; x_wconf 79' lang='grc' dir='ltr'><strong>ι</strong></span> <span class='ocrx_word' id='word_1_541' title='bbox 2671 3578 2818 3635; x_wconf 80' lang='lat' dir='ltr'><strong>Misit</strong></span> <span class='ocrx_word' id='word_1_542' title='bbox 2872 3589 2997 3635; x_wconf 88' lang='lat' dir='ltr'><strong>ante</strong></span> <span class='ocrx_word' id='word_1_543' title='bbox 3051 3594 3147 3635; x_wconf 86' lang='lat' dir='ltr'><strong>eos</strong></span> <span class='ocrx_word' id='word_1_544' title='bbox 3200 3580 3378 3634; x_wconf 87' lang='lat' dir='ltr'><strong>virum</strong></span> <span class='ocrx_word' id='word_1_545' title='bbox 3437 3577 3755 3648; x_wconf 80' lang='lat' dir='ltr'><strong>quemdam,</strong></span> 
     </span>
    </p>
   </div>
   <div class='ocr_carea' id='block_1_80' title="bbox 2133 3664 3757 3742">
    <p class='ocr_par' dir='ltr' id='par_1_80' title="bbox 2133 3664 3757 3742">
     <span class='ocr_line' id='line_1_80' title="bbox 2133 3664 3757 3742; baseline -0.005 -16"><span class='ocrx_word' id='word_1_546' title='bbox 2133 3666 2138 3671; x_wconf 74' lang='grc'><em>’</em></span> <span class='ocrx_word' id='word_1_547' title='bbox 2172 3688 2273 3742; x_wconf 92' lang='lat' dir='ltr'><strong>pro</strong></span> <span class='ocrx_word' id='word_1_548' title='bbox 2306 3685 2469 3726; x_wconf 87' lang='lat' dir='ltr'><strong>servo</strong></span> <span class='ocrx_word' id='word_1_549' title='bbox 2496 3672 2844 3725; x_wconf 80' lang='lat' dir='ltr'><strong>venundatus</strong></span> <span class='ocrx_word' id='word_1_550' title='bbox 2871 3677 2958 3725; x_wconf 87' lang='lat' dir='ltr'><strong>est</strong></span> <span class='ocrx_word' id='word_1_551' title='bbox 2988 3668 3211 3738; x_wconf 68' lang='lat' dir='ltr'><strong>Ioseph.</strong></span> <span class='ocrx_word' id='word_1_552' title='bbox 3256 3687 3279 3718; x_wconf 72' lang='grc' dir='ltr'><strong>ι</strong></span> <span class='ocrx_word' id='word_1_553' title='bbox 3320 3664 3626 3736; x_wconf 88' lang='lat' dir='ltr'><strong>Utrumque</strong></span> <span class='ocrx_word' id='word_1_554' title='bbox 3662 3681 3757 3720; x_wconf 65' lang='lat' dir='ltr'><strong>ea-</strong></span> 
     </span>
    </p>
   </div>
   <div class='ocr_carea' id='block_1_81' title="bbox 2171 3758 3759 3831">
    <p class='ocr_par' dir='ltr' id='par_1_81' title="bbox 2171 3758 3759 3831">
     <span class='ocr_line' id='line_1_81' title="bbox 2171 3758 3759 3831; baseline -0.006 -13"><span class='ocrx_word' id='word_1_555' title='bbox 2171 3764 2297 3818; x_wconf 90' lang='lat' dir='ltr'><strong>dem</strong></span> <span class='ocrx_word' id='word_1_556' title='bbox 2346 3776 2511 3831; x_wconf 88' lang='lat' dir='ltr'><strong>opera</strong></span> <span class='ocrx_word' id='word_1_557' title='bbox 2561 3760 2882 3824; x_wconf 79' lang='lat' dir='ltr'><strong>declaravit,</strong></span> <span class='ocrx_word' id='word_1_558' title='bbox 2936 3768 2991 3814; x_wconf 91' lang='lat' dir='ltr'><strong>et</strong></span> <span class='ocrx_word' id='word_1_559' title='bbox 3043 3758 3275 3812; x_wconf 76' lang='lat' dir='ltr'><strong>fratrum</strong></span> <span class='ocrx_word' id='word_1_560' title='bbox 3328 3758 3654 3826; x_wconf 79' lang='lat' dir='ltr'><strong>nequitiam.</strong></span> <span class='ocrx_word' id='word_1_561' title='bbox 3705 3766 3759 3811; x_wconf 80' lang='lat' dir='ltr'><strong>et</strong></span> 
     </span>
    </p>
   </div>
   <div class='ocr_carea' id='block_1_82' title="bbox 2173 3848 3758 3923">
    <p class='ocr_par' dir='ltr' id='par_1_82' title="bbox 2173 3848 3758 3923">
     <span class='ocr_line' id='line_1_82' title="bbox 2173 3848 3758 3923; baseline -0.004 -14"><span class='ocrx_word' id='word_1_562' title='bbox 2173 3869 2330 3909; x_wconf 86' lang='lat' dir='ltr'><strong>suam</strong></span> <span class='ocrx_word' id='word_1_563' title='bbox 2377 3854 2551 3923; x_wconf 88' lang='lat' dir='ltr'><strong>ipsius</strong></span> <span class='ocrx_word' id='word_1_564' title='bbox 2596 3851 2921 3920; x_wconf 79' lang='lat' dir='ltr'><strong>sapientiam</strong></span> <span class='ocrx_word' id='word_1_565' title='bbox 2971 3869 2984 3903; x_wconf 90' lang='lat'>:</span> <span class='ocrx_word' id='word_1_566' title='bbox 3035 3866 3161 3904; x_wconf 88' lang='lat' dir='ltr'><strong>nam</strong></span> <span class='ocrx_word' id='word_1_567' title='bbox 3218 3850 3440 3903; x_wconf 90' lang='lat' dir='ltr'><strong>illorum</strong></span> <span class='ocrx_word' id='word_1_568' title='bbox 3494 3848 3758 3919; x_wconf 83' lang='lat' dir='ltr'><strong>pravitate</strong></span> 
     </span>
    </p>
   </div>
   <div class='ocr_carea' id='block_1_83' title="bbox 2172 3938 3760 4013">
    <p class='ocr_par' dir='ltr' id='par_1_83' title="bbox 2172 3938 3760 4013">
     <span class='ocr_line' id='line_1_83' title="bbox 2172 3938 3760 4013; baseline -0.005 -14"><span class='ocrx_word' id='word_1_569' title='bbox 2172 3951 2480 4013; x_wconf 85' lang='lat' dir='ltr'><strong>opportune</strong></span> <span class='ocrx_word' id='word_1_570' title='bbox 2511 3958 2647 3996; x_wconf 90' lang='lat' dir='ltr'><strong>usus</strong></span> <span class='ocrx_word' id='word_1_571' title='bbox 2675 3949 2782 3996; x_wconf 83' lang='lat' dir='ltr'><strong>est.</strong></span> <span class='ocrx_word' id='word_1_572' title='bbox 2816 3938 2935 3995; x_wconf 91' lang='lat' dir='ltr'><strong>Non</strong></span> <span class='ocrx_word' id='word_1_573' title='bbox 2967 3940 3114 3995; x_wconf 89' lang='lat' dir='ltr'><strong>enim</strong></span> <span class='ocrx_word' id='word_1_574' title='bbox 3150 3939 3267 4009; x_wconf 88' lang='lat' dir='ltr'><strong>ipse</strong></span> <span class='ocrx_word' id='word_1_575' title='bbox 3295 3954 3391 3994; x_wconf 86' lang='lat' dir='ltr'><strong>eos</strong></span> <span class='ocrx_word' id='word_1_576' title='bbox 3423 3938 3654 4008; x_wconf 89' lang='lat' dir='ltr'><strong>impulit,</strong></span> <span class='ocrx_word' id='word_1_577' title='bbox 3699 3946 3760 3992; x_wconf 91' lang='lat' dir='ltr'><strong>ut</strong></span> 
     </span>
    </p>
   </div>
   <div class='ocr_carea' id='block_1_84' title="bbox 2175 4030 3746 4102">
    <p class='ocr_par' dir='ltr' id='par_1_84' title="bbox 2175 4030 3746 4102">
     <span class='ocr_line' id='line_1_84' title="bbox 2175 4030 3746 4102; baseline -0.005 -12"><span class='ocrx_word' id='word_1_578' title='bbox 2175 4035 2398 4090; x_wconf 83' lang='lat' dir='ltr'><strong>fratrem</strong></span> <span class='ocrx_word' id='word_1_579' title='bbox 2423 4035 2741 4098; x_wconf 77' lang='lat' dir='ltr'><strong>venderent,</strong></span> <span class='ocrx_word' id='word_1_580' title='bbox 2767 4033 2861 4088; x_wconf 88' lang='lat' dir='ltr'><strong>sed</strong></span> <span class='ocrx_word' id='word_1_581' title='bbox 2886 4033 3104 4086; x_wconf 88' lang='lat' dir='ltr'><strong>illorum</strong></span> <span class='ocrx_word' id='word_1_582' title='bbox 3132 4031 3476 4102; x_wconf 83' lang='lat' dir='ltr'><strong>perversitati</strong></span> <span class='ocrx_word' id='word_1_583' title='bbox 3505 4030 3746 4084; x_wconf 83' lang='lat' dir='ltr'><strong>indulsit.</strong></span> 
     </span>
    </p>
   </div>
   <div class='ocr_carea' id='block_1_85' title="bbox 2174 4122 3761 4199">
    <p class='ocr_par' dir='ltr' id='par_1_85' title="bbox 2174 4122 3761 4199">
     <span class='ocr_line' id='line_1_85' title="bbox 2174 4122 3761 4199; baseline -0.005 -17"><span class='ocrx_word' id='word_1_584' title='bbox 2174 4128 2295 4199; x_wconf 90' lang='lat' dir='ltr'><strong>Ipse</strong></span> <span class='ocrx_word' id='word_1_585' title='bbox 2321 4142 2449 4182; x_wconf 88' lang='lat' dir='ltr'><strong>vero</strong></span> <span class='ocrx_word' id='word_1_586' title='bbox 2480 4135 2785 4196; x_wconf 86' lang='lat' dir='ltr'><strong>opportune</strong></span> <span class='ocrx_word' id='word_1_587' title='bbox 2816 4125 2922 4180; x_wconf 90' lang='lat' dir='ltr'><strong>hac</strong></span> <span class='ocrx_word' id='word_1_588' title='bbox 2958 4133 3137 4187; x_wconf 86' lang='lat' dir='ltr'><strong>utens,</strong></span> <span class='ocrx_word' id='word_1_589' title='bbox 3167 4140 3231 4178; x_wconf 83' lang='lat' dir='ltr'><strong>ex</strong></span> <span class='ocrx_word' id='word_1_590' title='bbox 3266 4139 3426 4178; x_wconf 85' lang='lat' dir='ltr'><strong>servo</strong></span> <span class='ocrx_word' id='word_1_591' title='bbox 3463 4138 3644 4192; x_wconf 78' lang='lat' dir='ltr'><strong>regem</strong></span> <span class='ocrx_word' id='word_1_592' title='bbox 3678 4122 3761 4175; x_wconf 82' lang='lat' dir='ltr'><strong>ei-</strong></span> 
     </span>
    </p>
   </div>
   <div class='ocr_carea' id='block_1_86' title="bbox 2176 4212 3755 4290">
    <p class='ocr_par' dir='ltr' id='par_1_86' title="bbox 2176 4212 3755 4290">
     <span class='ocr_line' id='line_1_86' title="bbox 2176 4212 3755 4290; baseline -0.004 -16"><span class='ocrx_word' id='word_1_593' title='bbox 2176 4221 2323 4287; x_wconf 71' lang='lat' dir='ltr'><strong>fecit,</strong></span> <span class='ocrx_word' id='word_1_594' title='bbox 2351 4231 2403 4275; x_wconf 90' lang='lat' dir='ltr'><strong>et</strong></span> <span class='ocrx_word' id='word_1_595' title='bbox 2435 4219 2618 4290; x_wconf 77' lang='lat' dir='ltr'><strong>generi</strong></span> <span class='ocrx_word' id='word_1_596' title='bbox 2648 4219 2975 4273; x_wconf 87' lang='lat' dir='ltr'><strong>descensum</strong></span> <span class='ocrx_word' id='word_1_597' title='bbox 3004 4217 3058 4271; x_wconf 91' lang='lat' dir='ltr'><strong>in</strong></span> <span class='ocrx_word' id='word_1_598' title='bbox 3086 4216 3382 4288; x_wconf 58' lang='lat' dir='ltr'><strong>[Egyptum</strong></span> <span class='ocrx_word' id='word_1_599' title='bbox 3412 4212 3755 4285; x_wconf 83' lang='lat' dir='ltr'><strong>procuravit.</strong></span> 
     </span>
    </p>
   </div>
   <div class='ocr_carea' id='block_1_87' title="bbox 2175 4306 3755 4382">
    <p class='ocr_par' dir='ltr' id='par_1_87' title="bbox 2175 4306 3755 4382">
     <span class='ocr_line' id='line_1_87' title="bbox 2175 4306 3755 4382; baseline -0.008 -13"><span class='ocrx_word' id='word_1_600' title='bbox 2175 4311 2474 4382; x_wconf 79' lang='lat' dir='ltr'><strong>Oportebat</strong></span> <span class='ocrx_word' id='word_1_601' title='bbox 2499 4312 2668 4376; x_wconf 89' lang='lat' dir='ltr'><strong>enim,</strong></span> <span class='ocrx_word' id='word_1_602' title='bbox 2703 4322 2764 4366; x_wconf 88' lang='lat' dir='ltr'><strong>ut</strong></span> <span class='ocrx_word' id='word_1_603' title='bbox 2791 4311 2884 4380; x_wconf 91' lang='lat' dir='ltr'><strong>qui</strong></span> <span class='ocrx_word' id='word_1_604' title='bbox 2915 4310 3143 4366; x_wconf 86' lang='lat' dir='ltr'><strong>vocandi</strong></span> <span class='ocrx_word' id='word_1_605' title='bbox 3175 4320 3335 4363; x_wconf 84' lang='lat' dir='ltr'><strong>erant</strong></span> <span class='ocrx_word' id='word_1_606' title='bbox 3365 4307 3602 4377; x_wconf 88' lang='lat' dir='ltr'><strong>populus</strong></span> <span class='ocrx_word' id='word_1_607' title='bbox 3637 4306 3755 4366; x_wconf 85' lang='lat' dir='ltr'><strong>Dei,</strong></span> 
     </span>
    </p>
   </div>
   <div class='ocr_carea' id='block_1_88' title="bbox 2176 4399 3759 4470">
    <p class='ocr_par' dir='ltr' id='par_1_88' title="bbox 2176 4399 3759 4470">
     <span class='ocr_line' id='line_1_88' title="bbox 2176 4399 3759 4470; baseline -0.004 -10"><span class='ocrx_word' id='word_1_608' title='bbox 2176 4404 2309 4461; x_wconf 77' lang='lat' dir='ltr'><strong>clari</strong></span> <span class='ocrx_word' id='word_1_609' title='bbox 2360 4413 2415 4459; x_wconf 91' lang='lat' dir='ltr'><strong>et</strong></span> <span class='ocrx_word' id='word_1_610' title='bbox 2463 4404 2706 4458; x_wconf 86' lang='lat' dir='ltr'><strong>illustres</strong></span> <span class='ocrx_word' id='word_1_611' title='bbox 2763 4402 2957 4458; x_wconf 82' lang='lat' dir='ltr'><strong>fierent</strong></span> <span class='ocrx_word' id='word_1_612' title='bbox 3009 4417 3106 4469; x_wconf 90' lang='lat' dir='ltr'><strong>per</strong></span> <span class='ocrx_word' id='word_1_613' title='bbox 3156 4401 3419 4455; x_wconf 84' lang='lat' dir='ltr'><strong>miracula</strong></span> <span class='ocrx_word' id='word_1_614' title='bbox 3473 4415 3573 4470; x_wconf 91' lang='lat' dir='ltr'><strong>pro</strong></span> <span class='ocrx_word' id='word_1_615' title='bbox 3622 4399 3759 4468; x_wconf 82' lang='lat' dir='ltr'><strong>ipsis</strong></span> 
     </span>
    </p>
   </div>
   <div class='ocr_carea' id='block_1_89' title="bbox 2175 4491 3758 4566">
    <p class='ocr_par' dir='ltr' id='par_1_89' title="bbox 2175 4491 3758 4566">
     <span class='ocr_line' id='line_1_89' title="bbox 2175 4491 3758 4566; baseline -0.007 -14"><span class='ocrx_word' id='word_1_616' title='bbox 2175 4499 2340 4552; x_wconf 87' lang='lat' dir='ltr'><strong>edita.</strong></span> <span class='ocrx_word' id='word_1_617' title='bbox 2389 4495 2670 4566; x_wconf 86' lang='lat' dir='ltr'><strong>Siquidem</strong></span> <span class='ocrx_word' id='word_1_618' title='bbox 2724 4510 2854 4550; x_wconf 88' lang='lat' dir='ltr'><strong>cura</strong></span> <span class='ocrx_word' id='word_1_619' title='bbox 2897 4493 3005 4548; x_wconf 88' lang='lat' dir='ltr'><strong>illis</strong></span> <span class='ocrx_word' id='word_1_620' title='bbox 3053 4492 3295 4547; x_wconf 83' lang='lat' dir='ltr'><strong>exhibita</strong></span> <span class='ocrx_word' id='word_1_621' title='bbox 3349 4491 3519 4545; x_wconf 82' lang='lat' dir='ltr'><strong>Deum</strong></span> <span class='ocrx_word' id='word_1_622' title='bbox 3565 4505 3758 4544; x_wconf 84' lang='lat' dir='ltr'><strong>eorum</strong></span> 
     </span>
    </p>
   </div>
   <div class='ocr_carea' id='block_1_90' title="bbox 481 4579 2067 4658">
    <p class='ocr_par' dir='ltr' id='par_1_90' title="bbox 481 4580 2061 4654">
     <span class='ocr_line' id='line_1_90' title="bbox 481 4580 2061 4654; baseline 0.001 -19"><span class='ocrx_word' id='word_1_623' title='bbox 481 4581 664 4635; x_wconf 80' lang='grc' dir='ltr'>αὐτῶν</span> <span class='ocrx_word' id='word_1_624' title='bbox 702 4581 1003 4651; x_wconf 76' lang='grc' dir='ltr'>γινομένων</span> <span class='ocrx_word' id='word_1_625' title='bbox 1060 4580 1380 4650; x_wconf 74' lang='grc' dir='ltr'>θαυμάτων.</span> <span class='ocrx_word' id='word_1_626' title='bbox 1427 4582 1493 4634; x_wconf 88' lang='grc' dir='ltr'>Ἡ</span> <span class='ocrx_word' id='word_1_627' title='bbox 1537 4583 1647 4654; x_wconf 74' lang='grc' dir='ltr'>γὰρ</span> <span class='ocrx_word' id='word_1_628' title='bbox 1710 4585 1792 4646; x_wconf 86' lang='grc' dir='ltr'><strong>είς</strong></span> <span class='ocrx_word' id='word_1_629' title='bbox 1857 4584 2061 4647; x_wconf 76' lang='grc' dir='ltr'>αὐτοὺς</span> 
     </span>
    </p>
   </div>
   <div class='ocr_carea' id='block_1_91' title="bbox 2161 4579 3761 4658">
    <p class='ocr_par' dir='ltr' id='par_1_91' title="bbox 2175 4579 3761 4658">
     <span class='ocr_line' id='line_1_91' title="bbox 2175 4579 3761 4658; baseline -0.006 -16"><span class='ocrx_word' id='word_1_630' title='bbox 2175 4588 2523 4658; x_wconf 68' lang='lat' dir='ltr'><strong>praedicabat,</strong></span> <span class='ocrx_word' id='word_1_631' title='bbox 2552 4587 2946 4656; x_wconf 81' lang='lat' dir='ltr'><strong>audientesque</strong></span> <span class='ocrx_word' id='word_1_632' title='bbox 2969 4583 3172 4640; x_wconf 66' lang='lat' dir='ltr'><strong>divinae</strong></span> <span class='ocrx_word' id='word_1_633' title='bbox 3194 4581 3523 4653; x_wconf 83' lang='lat' dir='ltr'><strong>cognitionis</strong></span> <span class='ocrx_word' id='word_1_634' title='bbox 3553 4579 3761 4633; x_wconf 81' lang='lat' dir='ltr'><strong>lumine</strong></span> 
     </span>
    </p>
   </div>
   <div class='ocr_carea' id='block_1_92' title="bbox 477 4672 2065 4746">
    <p class='ocr_par' dir='ltr' id='par_1_92' title="bbox 477 4672 2065 4746">
     <span class='ocr_line' id='line_1_92' title="bbox 477 4672 2065 4746; baseline 0.001 -20"><span class='ocrx_word' id='word_1_635' title='bbox 477 4672 741 4744; x_wconf 83' lang='grc' dir='ltr'>γινομένη</span> <span class='ocrx_word' id='word_1_636' title='bbox 783 4673 1078 4745; x_wconf 85' lang='grc' dir='ltr'>κηδεμονία</span> <span class='ocrx_word' id='word_1_637' title='bbox 1130 4673 1222 4727; x_wconf 77' lang='grc' dir='ltr'>τὸν</span> <span class='ocrx_word' id='word_1_638' title='bbox 1262 4672 1470 4726; x_wconf 88' lang='grc' dir='ltr'>τούτων</span> <span class='ocrx_word' id='word_1_639' title='bbox 1514 4674 1647 4727; x_wconf 76' lang='grc' dir='ltr'>Θεὸν</span> <span class='ocrx_word' id='word_1_640' title='bbox 1686 4676 2024 4746; x_wconf 83' lang='grc' dir='ltr'>ἀνεκήρυττε</span> <span class='ocrx_word' id='word_1_641' title='bbox 2050 4716 2065 4741; x_wconf 95' lang='grc'><strong>,</strong></span> 
     </span>
    </p>
   </div>
   <div class='ocr_carea' id='block_1_93' title="bbox 479 4764 2059 4836">
    <p class='ocr_par' dir='ltr' id='par_1_93' title="bbox 479 4764 2059 4836">
     <span class='ocr_line' id='line_1_93' title="bbox 479 4764 2059 4836; baseline 0.001 -16"><span class='ocrx_word' id='word_1_642' title='bbox 479 4766 722 4830; x_wconf 73' lang='grc' dir='ltr'>καὶτοὺς</span> <span class='ocrx_word' id='word_1_643' title='bbox 764 4765 1065 4829; x_wconf 82' lang='grc' dir='ltr'>ἀκούοντας</span> <span class='ocrx_word' id='word_1_644' title='bbox 1097 4764 1175 4836; x_wconf 83' lang='grc' dir='ltr'>τῷ</span> <span class='ocrx_word' id='word_1_645' title='bbox 1225 4765 1365 4833; x_wconf 74' lang='grc' dir='ltr'>φωτὶ</span> <span class='ocrx_word' id='word_1_646' title='bbox 1395 4765 1494 4835; x_wconf 84' lang='grc' dir='ltr'>τῆς</span> <span class='ocrx_word' id='word_1_647' title='bbox 1531 4765 1862 4834; x_wconf 84' lang='grc' dir='ltr'>θεογνωσίας</span> <span class='ocrx_word' id='word_1_648' title='bbox 1920 4784 2059 4821; x_wconf 80' lang='grc' dir='ltr'>κατ-</span> 
     </span>
    </p>
   </div>
   <div class='ocr_carea' id='block_1_94' title="bbox 479 4854 814 4926">
    <p class='ocr_par' dir='ltr' id='par_1_94' title="bbox 479 4854 814 4926">
     <span class='ocr_line' id='line_1_94' title="bbox 479 4854 814 4926; baseline 0 -17"><span class='ocrx_word' id='word_1_649' title='bbox 479 4854 731 4926; x_wconf 75' lang='grc' dir='ltr'>έλαμψεν</span> <span class='ocrx_word' id='word_1_650' title='bbox 749 4857 814 4909; x_wconf 75' lang='grc'><strong>⁵⁵.</strong></span> 
     </span>
    </p>
   </div>
   <div class='ocr_carea' id='block_1_95' title="bbox 557 4944 2066 5017">
    <p class='ocr_par' dir='ltr' id='par_1_95' title="bbox 557 4944 2066 5017">
     <span class='ocr_line' id='line_1_95' title="bbox 557 4944 2066 5017; baseline 0.003 -20"><span class='ocrx_word' id='word_1_651' title='bbox 557 4952 648 5017; x_wconf 87' lang='grc' dir='ltr'>ιη’.</span> <span class='ocrx_word' id='word_1_652' title='bbox 690 4962 710 4995; x_wconf 75' lang='grc' dir='ltr'><strong>ι</strong></span> <span class='ocrx_word' id='word_1_653' title='bbox 759 4944 1165 5001; x_wconf 85' lang='grc' dir='ltr'>Ἐταπείνωσαν</span> <span class='ocrx_word' id='word_1_654' title='bbox 1194 4947 1253 4998; x_wconf 78' lang='grc' dir='ltr'>ὲν</span> <span class='ocrx_word' id='word_1_655' title='bbox 1295 4944 1485 5009; x_wconf 79' lang='grc' dir='ltr'>πέδαις</span> <span class='ocrx_word' id='word_1_656' title='bbox 1521 4945 1646 5008; x_wconf 78' lang='grc' dir='ltr'>τοὺς</span> <span class='ocrx_word' id='word_1_657' title='bbox 1672 4945 1840 5009; x_wconf 68' lang='grc' dir='ltr'>πόδας</span> <span class='ocrx_word' id='word_1_658' title='bbox 1868 4947 2066 5011; x_wconf 76' lang='grc' dir='ltr'>αὑτοῦ,</span> 
     </span>
    </p>
   </div>
   <div class='ocr_carea' id='block_1_96' title="bbox 2172 4679 2504 4736">
    <p class='ocr_par' dir='ltr' id='par_1_96' title="bbox 2172 4679 2504 4736">
     <span class='ocr_line' id='line_1_96' title="bbox 2172 4679 2504 4736; baseline -0.009 -1"><span class='ocrx_word' id='word_1_659' title='bbox 2172 4679 2504 4736; x_wconf 83' lang='lat' dir='ltr'><strong>illustrabat.</strong></span> 
     </span>
    </p>
   </div>
   <div class='ocr_carea' id='block_1_97' title="bbox 2244 4936 3762 5011">
    <p class='ocr_par' dir='ltr' id='par_1_97' title="bbox 2244 4936 3762 5011">
     <span class='ocr_line' id='line_1_97' title="bbox 2244 4936 3762 5011; baseline -0.007 -9"><span class='ocrx_word' id='word_1_660' title='bbox 2244 4945 2412 5002; x_wconf 69' lang='lat' dir='ltr'><strong>Vens.</strong></span> <span class='ocrx_word' id='word_1_661' title='bbox 2455 4944 2542 5001; x_wconf 75' lang='grc'><strong>18.</strong></span> <span class='ocrx_word' id='word_1_662' title='bbox 2592 4964 2610 4997; x_wconf 78' lang='grc' dir='ltr'><strong>ι</strong></span> <span class='ocrx_word' id='word_1_663' title='bbox 2646 4942 3082 4998; x_wconf 85' lang='lat' dir='ltr'><strong>llumiliavcrunt</strong></span> <span class='ocrx_word' id='word_1_664' title='bbox 3113 4942 3167 4996; x_wconf 92' lang='lat' dir='ltr'><strong>in</strong></span> <span class='ocrx_word' id='word_1_665' title='bbox 3201 4940 3561 5011; x_wconf 74' lang='lat' dir='ltr'><strong>compedibus</strong></span> <span class='ocrx_word' id='word_1_666' title='bbox 3595 4936 3762 5007; x_wconf 72' lang='lat' dir='ltr'><strong>pedes</strong></span> 
     </span>
    </p>
   </div>
   <div class='ocr_carea' id='block_1_98' title="bbox 484 5030 2067 5111">
    <p class='ocr_par' dir='ltr' id='par_1_98' title="bbox 484 5033 2067 5108">
     <span class='ocr_line' id='line_1_98' title="bbox 484 5033 2067 5108; baseline 0 -18"><span class='ocrx_word' id='word_1_667' title='bbox 484 5035 705 5106; x_wconf 82' lang='grc' dir='ltr'>σίδηρον</span> <span class='ocrx_word' id='word_1_668' title='bbox 738 5035 957 5105; x_wconf 82' lang='grc' dir='ltr'>διῆλθεν</span> <span class='ocrx_word' id='word_1_669' title='bbox 996 5038 1031 5107; x_wconf 79' lang='grc' dir='ltr'><strong>ἡ</strong></span> <span class='ocrx_word' id='word_1_670' title='bbox 1068 5034 1219 5107; x_wconf 75' lang='grc' dir='ltr'>ψυχὴ</span> <span class='ocrx_word' id='word_1_671' title='bbox 1234 5035 1423 5090; x_wconf 82' lang='grc' dir='ltr'>αὐτοῦ.</span> <span class='ocrx_word' id='word_1_672' title='bbox 1463 5055 1481 5087; x_wconf 77' lang='grc' dir='ltr'><strong>ι</strong></span> <span class='ocrx_word' id='word_1_673' title='bbox 1512 5033 1670 5089; x_wconf 81' lang='grc' dir='ltr'>Μετὰ</span> <span class='ocrx_word' id='word_1_674' title='bbox 1697 5034 1809 5106; x_wconf 80' lang='grc' dir='ltr'>γὰρ</span> <span class='ocrx_word' id='word_1_675' title='bbox 1848 5036 1946 5108; x_wconf 83' lang='grc' dir='ltr'><strong>τὴν</strong></span> <span class='ocrx_word' id='word_1_676' title='bbox 1969 5039 2067 5108; x_wconf 81' lang='grc' dir='ltr'>τῆς</span> 
     </span>
    </p>
   </div>
   <div class='ocr_carea' id='block_1_99' title="bbox 2161 5030 3761 5111">
    <p class='ocr_par' dir='ltr' id='par_1_99' title="bbox 2173 5030 3761 5111">
     <span class='ocr_line' id='line_1_99' title="bbox 2173 5030 3761 5111; baseline -0.008 -16"><span class='ocrx_word' id='word_1_677' title='bbox 2173 5041 2314 5111; x_wconf 86' lang='lat' dir='ltr'><strong>ejus,</strong></span> <span class='ocrx_word' id='word_1_678' title='bbox 2352 5039 2555 5096; x_wconf 87' lang='lat' dir='ltr'><strong>ferrum</strong></span> <span class='ocrx_word' id='word_1_679' title='bbox 2592 5036 2906 5108; x_wconf 87' lang='lat' dir='ltr'><strong>pertransiit</strong></span> <span class='ocrx_word' id='word_1_680' title='bbox 2947 5035 3189 5090; x_wconf 88' lang='lat' dir='ltr'><strong>animam</strong></span> <span class='ocrx_word' id='word_1_681' title='bbox 3224 5035 3367 5105; x_wconf 85' lang='lat' dir='ltr'><strong>ejus.</strong></span> <span class='ocrx_word' id='word_1_682' title='bbox 3410 5053 3429 5085; x_wconf 68' lang='grc' dir='ltr'><strong>ι</strong></span> <span class='ocrx_word' id='word_1_683' title='bbox 3469 5030 3600 5085; x_wconf 84' lang='lat' dir='ltr'><strong>Nam</strong></span> <span class='ocrx_word' id='word_1_684' title='bbox 3638 5042 3761 5100; x_wconf 85' lang='lat' dir='ltr'><strong>post</strong></span> 
     </span>
    </p>
   </div>
   <div class='ocr_carea' id='block_1_100' title="bbox 485 5125 2054 5199">
    <p class='ocr_par' dir='ltr' id='par_1_100' title="bbox 485 5125 2054 5199">
     <span class='ocr_line' id='line_1_100' title="bbox 485 5125 2054 5199; baseline -0.001 -18"><span class='ocrx_word' id='word_1_685' title='bbox 485 5125 735 5199; x_wconf 85' lang='grc' dir='ltr'>μοιχείας</span> <span class='ocrx_word' id='word_1_686' title='bbox 784 5127 1172 5197; x_wconf 76' lang='grc' dir='ltr'>συκοφαντίαν,</span> <span class='ocrx_word' id='word_1_687' title='bbox 1220 5128 1282 5182; x_wconf 82' lang='grc' dir='ltr'>τὸ</span> <span class='ocrx_word' id='word_1_688' title='bbox 1306 5127 1683 5197; x_wconf 81' lang='grc' dir='ltr'>δεσμωτήριον</span> <span class='ocrx_word' id='word_1_689' title='bbox 1718 5125 1927 5197; x_wconf 80' lang='grc' dir='ltr'>ᾤκησε,</span> <span class='ocrx_word' id='word_1_690' title='bbox 1957 5128 2054 5180; x_wconf 81' lang='grc' dir='ltr'><strong>καὶ</strong></span> 
     </span>
    </p>
   </div>
   <div class='ocr_carea' id='block_1_101' title="bbox 482 5218 2063 5292">
    <p class='ocr_par' dir='ltr' id='par_1_101' title="bbox 482 5218 2063 5292">
     <span class='ocr_line' id='line_1_101' title="bbox 482 5218 2063 5292; baseline 0.001 -18"><span class='ocrx_word' id='word_1_691' title='bbox 482 5220 802 5292; x_wconf 82' lang='grc' dir='ltr'>παραυτίκα</span> <span class='ocrx_word' id='word_1_692' title='bbox 831 5220 907 5284; x_wconf 83' lang='grc' dir='ltr'>ὡς</span> <span class='ocrx_word' id='word_1_693' title='bbox 930 5220 1077 5284; x_wconf 79' lang='grc' dir='ltr'>εἰκὸς</span> <span class='ocrx_word' id='word_1_694' title='bbox 1110 5219 1447 5292; x_wconf 82' lang='grc' dir='ltr'>περιέθηκαν</span> <span class='ocrx_word' id='word_1_695' title='bbox 1473 5219 1624 5290; x_wconf 77' lang='grc' dir='ltr'>αὐτῷ</span> <span class='ocrx_word' id='word_1_696' title='bbox 1643 5218 1714 5273; x_wconf 75' lang='grc' dir='ltr'>τὰ</span> <span class='ocrx_word' id='word_1_697' title='bbox 1739 5221 1805 5273; x_wconf 83' lang='grc' dir='ltr'><strong>ἐκ</strong></span> <span class='ocrx_word' id='word_1_698' title='bbox 1837 5220 2063 5291; x_wconf 87' lang='grc' dir='ltr'>σιδήρου</span> 
     </span>
    </p>
   </div>
   <div class='ocr_carea' id='block_1_102' title="bbox 481 5310 2062 5383">
    <p class='ocr_par' dir='ltr' id='par_1_102' title="bbox 481 5310 2062 5383">
     <span class='ocr_line' id='line_1_102' title="bbox 481 5310 2062 5383; baseline -0.004 -14"><span class='ocrx_word' id='word_1_699' title='bbox 481 5312 681 5383; x_wconf 82' lang='grc' dir='ltr'>δεσμά.</span> <span class='ocrx_word' id='word_1_700' title='bbox 734 5313 906 5366; x_wconf 69' lang='grc' dir='ltr'>Τοῦτο</span> <span class='ocrx_word' id='word_1_701' title='bbox 947 5310 1129 5382; x_wconf 88' lang='grc' dir='ltr'>μέντοι</span> <span class='ocrx_word' id='word_1_702' title='bbox 1171 5314 1199 5366; x_wconf 76' lang='lat'><strong><em>6</em></strong></span> <span class='ocrx_word' id='word_1_703' title='bbox 1245 5311 1546 5383; x_wconf 78' lang='grc' dir='ltr'>Σύμμαχος</span> <span class='ocrx_word' id='word_1_704' title='bbox 1594 5310 1769 5376; x_wconf 74' lang='grc' dir='ltr'>οὕτως</span> <span class='ocrx_word' id='word_1_705' title='bbox 1819 5312 2062 5383; x_wconf 83' lang='grc' dir='ltr'>εἴρηκεν,</span> 
     </span>
    </p>
   </div>
   <div class='ocr_carea' id='block_1_103' title="bbox 570 5517 955 5583">
    <p class='ocr_par' dir='ltr' id='par_1_103' title="bbox 570 5517 955 5583">
     <span class='ocr_line' id='line_1_103' title="bbox 570 5517 955 5583; baseline -0.008 -9"><span class='ocrx_word' id='word_1_706' title='bbox 570 5523 595 5553; x_wconf 82' lang='grc'>⁸</span> <span class='ocrx_word' id='word_1_707' title='bbox 613 5517 749 5573; x_wconf 82' lang='lat' dir='ltr'><strong>Gen.</strong></span> <span class='ocrx_word' id='word_1_708' title='bbox 780 5532 871 5583; x_wconf 78' lang='lat' dir='ltr'><strong>xx,</strong></span> <span class='ocrx_word' id='word_1_709' title='bbox 901 5517 955 5571; x_wconf 87' lang='grc'><strong>5.</strong></span> 
     </span>
    </p>
   </div>
   <div class='ocr_carea' id='block_1_104' title="bbox 2173 5122 3761 5199">
    <p class='ocr_par' dir='ltr' id='par_1_104' title="bbox 2173 5122 3761 5199">
     <span class='ocr_line' id='line_1_104' title="bbox 2173 5122 3761 5199; baseline -0.006 -14"><span class='ocrx_word' id='word_1_710' title='bbox 2173 5130 2427 5185; x_wconf 88' lang='lat' dir='ltr'><strong>adulterii</strong></span> <span class='ocrx_word' id='word_1_711' title='bbox 2470 5128 2799 5183; x_wconf 80' lang='lat' dir='ltr'><strong>calumniam</strong></span> <span class='ocrx_word' id='word_1_712' title='bbox 2839 5126 3058 5199; x_wconf 57' lang='lat'><strong>134.8</strong></span> <span class='ocrx_word' id='word_1_713' title='bbox 3104 5127 3156 5180; x_wconf 91' lang='lat' dir='ltr'><strong>in</strong></span> <span class='ocrx_word' id='word_1_714' title='bbox 3208 5125 3425 5181; x_wconf 85' lang='lat' dir='ltr'><strong>vincula</strong></span> <span class='ocrx_word' id='word_1_715' title='bbox 3474 5122 3761 5189; x_wconf 74' lang='lat' dir='ltr'><strong>coniectus</strong></span> 
     </span>
    </p>
   </div>
   <div class='ocr_carea' id='block_1_105' title="bbox 2169 5213 3759 5291">
    <p class='ocr_par' dir='ltr' id='par_1_105' title="bbox 2169 5213 3759 5291">
     <span class='ocr_line' id='line_1_105' title="bbox 2169 5213 3759 5291; baseline -0.007 -14"><span class='ocrx_word' id='word_1_716' title='bbox 2169 5233 2275 5287; x_wconf 85' lang='lat' dir='ltr'><strong>est,</strong></span> <span class='ocrx_word' id='word_1_717' title='bbox 2327 5221 2641 5291; x_wconf 85' lang='lat' dir='ltr'><strong>statimque.</strong></span> <span class='ocrx_word' id='word_1_718' title='bbox 2698 5229 2759 5274; x_wconf 89' lang='lat' dir='ltr'><strong>ut</strong></span> <span class='ocrx_word' id='word_1_719' title='bbox 2806 5220 3099 5274; x_wconf 84' lang='lat' dir='ltr'><strong>verisimile</strong></span> <span class='ocrx_word' id='word_1_720' title='bbox 3149 5226 3253 5282; x_wconf 88' lang='lat' dir='ltr'><strong>est,</strong></span> <span class='ocrx_word' id='word_1_721' title='bbox 3319 5216 3493 5271; x_wconf 67' lang='lat' dir='ltr'><strong>ferrea</strong></span> <span class='ocrx_word' id='word_1_722' title='bbox 3540 5213 3759 5267; x_wconf 85' lang='lat' dir='ltr'><strong>vincula</strong></span> 
     </span>
    </p>
   </div>
   <div class='ocr_carea' id='block_1_106' title="bbox 2173 5304 3757 5384">
    <p class='ocr_par' dir='ltr' id='par_1_106' title="bbox 2173 5304 3757 5384">
     <span class='ocr_line' id='line_1_106' title="bbox 2173 5304 3757 5384; baseline -0.008 -15"><span class='ocrx_word' id='word_1_723' title='bbox 2173 5314 2277 5384; x_wconf 89' lang='lat' dir='ltr'><strong>ipsi</strong></span> <span class='ocrx_word' id='word_1_724' title='bbox 2304 5313 2703 5381; x_wconf 89' lang='lat' dir='ltr'><strong>imposuerunt.</strong></span> <span class='ocrx_word' id='word_1_725' title='bbox 2739 5310 2854 5367; x_wconf 83' lang='lat' dir='ltr'><strong>Hoc</strong></span> <span class='ocrx_word' id='word_1_726' title='bbox 2879 5311 3027 5366; x_wconf 91' lang='lat' dir='ltr'><strong>enim</strong></span> <span class='ocrx_word' id='word_1_727' title='bbox 3057 5309 3424 5382; x_wconf 86' lang='lat' dir='ltr'><strong>Symmachus</strong></span> <span class='ocrx_word' id='word_1_728' title='bbox 3451 5306 3532 5360; x_wconf 85' lang='lat' dir='ltr'><strong>sic</strong></span> <span class='ocrx_word' id='word_1_729' title='bbox 3567 5304 3708 5360; x_wconf 76' lang='lat' dir='ltr'><strong>dixit</strong></span> <span class='ocrx_word' id='word_1_730' title='bbox 3737 5321 3757 5356; x_wconf 78' lang='grc' dir='ltr'><strong>ι</strong></span> 
     </span>
    </p>
   </div>
   <div class='ocr_carea' id='block_1_107' title="bbox 1034 5509 2598 5581">
    <p class='ocr_par' dir='ltr' id='par_1_107' title="bbox 1034 5509 2598 5581">
     <span class='ocr_line' id='line_1_107' title="bbox 1034 5509 2598 5581; baseline -0.003 -10"><span class='ocrx_word' id='word_1_731' title='bbox 1034 5527 1059 5556; x_wconf 73' lang='grc' dir='ltr'>ι</span> <span class='ocrx_word' id='word_1_732' title='bbox 1089 5513 1223 5571; x_wconf 88' lang='lat' dir='ltr'><strong>Gcn.</strong></span> <span class='ocrx_word' id='word_1_733' title='bbox 1262 5528 1408 5581; x_wconf 74' lang='lat' dir='ltr'><strong>xxvi,</strong></span> <span class='ocrx_word' id='word_1_734' title='bbox 1441 5512 1527 5569; x_wconf 80' lang='grc'><strong>10.</strong></span> <span class='ocrx_word' id='word_1_735' title='bbox 1607 5510 1632 5550; x_wconf 75' lang='grc' dir='ltr'>δ</span> <span class='ocrx_word' id='word_1_736' title='bbox 1663 5511 1799 5568; x_wconf 86' lang='lat' dir='ltr'><strong>Gen.</strong></span> <span class='ocrx_word' id='word_1_737' title='bbox 1835 5527 1988 5576; x_wconf 75' lang='lat' dir='ltr'><strong>xxxi,</strong></span> <span class='ocrx_word' id='word_1_738' title='bbox 2013 5512 2105 5567; x_wconf 64' lang='grc'><strong>24.</strong></span> <span class='ocrx_word' id='word_1_739' title='bbox 2184 5522 2206 5552; x_wconf 77' lang='grc' dir='ltr'><strong>α</strong></span> <span class='ocrx_word' id='word_1_740' title='bbox 2239 5509 2375 5566; x_wconf 86' lang='lat' dir='ltr'><strong>Gen.</strong></span> <span class='ocrx_word' id='word_1_741' title='bbox 2411 5527 2503 5576; x_wconf 77' lang='lat' dir='ltr'><strong>xx,</strong></span> <span class='ocrx_word' id='word_1_742' title='bbox 2545 5509 2598 5566; x_wconf 82' lang='lat'><strong>7.</strong></span> 
     </span>
    </p>
   </div>
   <div class='ocr_carea' id='block_1_108' title="bbox 1623 5667 2691 5726">
    <p class='ocr_par' dir='ltr' id='par_1_108' title="bbox 1623 5667 2691 5726">
     <span class='ocr_line' id='line_1_108' title="bbox 1623 5667 2691 5726; baseline -0.003 0"><span class='ocrx_word' id='word_1_743' title='bbox 1623 5669 1860 5726; x_wconf 63' lang='lat' dir='ltr'><strong>VAlllIE</strong></span> <span class='ocrx_word' id='word_1_744' title='bbox 1904 5667 2287 5725; x_wconf 71' lang='lat' dir='ltr'><strong>LECTIONES</strong></span> <span class='ocrx_word' id='word_1_745' title='bbox 2321 5667 2410 5723; x_wconf 82' lang='grc' dir='ltr'><strong>ΕΤ</strong></span> <span class='ocrx_word' id='word_1_746' title='bbox 2447 5667 2691 5725; x_wconf 60' lang='lat' dir='ltr'><strong>NOTAE.</strong></span> 
     </span>
    </p>
   </div>
   <div class='ocr_carea' id='block_1_109' title="bbox 561 5804 2067 5879">
    <p class='ocr_par' dir='ltr' id='par_1_109' title="bbox 561 5808 2062 5879">
     <span class='ocr_line' id='line_1_109' title="bbox 561 5808 2062 5879; baseline -0.005 -10"><span class='ocrx_word' id='word_1_747' title='bbox 561 5815 607 5848; x_wconf 73' lang='grc'><strong>⁵⁸</strong></span> <span class='ocrx_word' id='word_1_748' title='bbox 638 5816 760 5868; x_wconf 78' lang='lat' dir='ltr'><strong>cod.</strong></span> <span class='ocrx_word' id='word_1_749' title='bbox 802 5814 925 5867; x_wconf 80' lang='lat' dir='ltr'><strong>Vat.</strong></span> <span class='ocrx_word' id='word_1_750' title='bbox 957 5813 1119 5867; x_wconf 83' lang='lat' dir='ltr'><strong>habet</strong></span> <span class='ocrx_word' id='word_1_751' title='bbox 1169 5810 1403 5879; x_wconf 71' lang='grc' dir='ltr'>ἆψησθε,</span> <span class='ocrx_word' id='word_1_752' title='bbox 1455 5809 1604 5865; x_wconf 74' lang='lat' dir='ltr'><strong>Alex.</strong></span> <span class='ocrx_word' id='word_1_753' title='bbox 1655 5808 1942 5863; x_wconf 74' lang='grc' dir='ltr'>ἅπτεσθαι.</span> <span class='ocrx_word' id='word_1_754' title='bbox 2021 5811 2062 5842; x_wconf 83' lang='grc'><strong>⁶¹</strong></span> 
     </span>
    </p>
   </div>
   <div class='ocr_carea' id='block_1_110' title="bbox 2161 5804 3181 5879">
    <p class='ocr_par' dir='ltr' id='par_1_110' title="bbox 2161 5804 3181 5879">
     <span class='ocr_line' id='line_1_110' title="bbox 2161 5804 3181 5879; baseline -0.005 -16"><span class='ocrx_word' id='word_1_755' title='bbox 2161 5825 2237 5863; x_wconf 78' lang='lat' dir='ltr'><strong>cr.</strong></span> <span class='ocrx_word' id='word_1_756' title='bbox 2292 5808 2454 5863; x_wconf 85' lang='lat' dir='ltr'><strong>lectio</strong></span> <span class='ocrx_word' id='word_1_757' title='bbox 2488 5810 2543 5863; x_wconf 92' lang='lat' dir='ltr'><strong>h.</strong></span> <span class='ocrx_word' id='word_1_758' title='bbox 2579 5809 2617 5861; x_wconf 89' lang='grc'><strong>1.</strong></span> <span class='ocrx_word' id='word_1_759' title='bbox 2654 5814 2765 5879; x_wconf 67' lang='lat' dir='ltr'><strong>est</strong></span> <span class='ocrx_word' id='word_1_760' title='bbox 2794 5804 3181 5879; x_wconf 63' lang='lat' dir='ltr'><strong>1t_ovnpet5§605.</strong></span> 
     </span>
    </p>
   </div>
   <div class='ocr_carea' id='block_1_111' title="bbox 1227 5875 2067 5950">
    <p class='ocr_par' dir='ltr' id='par_1_111' title="bbox 1227 5875 2067 5950">
     <span class='ocr_line' id='line_1_111' title="bbox 1227 5875 2067 5950; baseline -0.004 -12"><span class='ocrx_word' id='word_1_761' title='bbox 1227 5875 1481 5937; x_wconf 66' lang='lat' dir='ltr'><strong>“Kurd.</strong></span> <span class='ocrx_word' id='word_1_762' title='bbox 1513 5880 1635 5936; x_wconf 83' lang='lat' dir='ltr'><strong>cod.</strong></span> <span class='ocrx_word' id='word_1_763' title='bbox 1676 5882 1690 5932; x_wconf 84' lang='grc' dir='ltr'><strong>Ι</strong></span> <span class='ocrx_word' id='word_1_764' title='bbox 1736 5880 1894 5950; x_wconf 73' lang='grc' dir='ltr'>μετά.</span> <span class='ocrx_word' id='word_1_765' title='bbox 1972 5880 2015 5912; x_wconf 73' lang='grc' dir='ltr'><strong>δ”</strong></span> <span class='ocrx_word' id='word_1_766' title='bbox 2041 5898 2067 5935; x_wconf 83' lang='lat' dir='ltr'><strong>c</strong></span> 
     </span>
    </p>
   </div>
   <div class='ocr_carea' id='block_1_112' title="bbox 2161 5875 3262 5950">
    <p class='ocr_par' dir='ltr' id='par_1_112' title="bbox 2192 5875 3262 5944">
     <span class='ocr_line' id='line_1_112' title="bbox 2192 5875 3262 5944; baseline -0.007 -10"><span class='ocrx_word' id='word_1_767' title='bbox 2192 5880 2217 5934; x_wconf 81' lang='grc'><strong>1</strong></span> <span class='ocrx_word' id='word_1_768' title='bbox 2248 5879 2513 5935; x_wconf 80' lang='grc' dir='ltr'>δουλείαν.</span> <span class='ocrx_word' id='word_1_769' title='bbox 2587 5880 2631 5911; x_wconf 75' lang='grc'><strong>⁸³</strong></span> <span class='ocrx_word' id='word_1_770' title='bbox 2665 5877 2792 5932; x_wconf 82' lang='lat' dir='ltr'><strong>cod.</strong></span> <span class='ocrx_word' id='word_1_771' title='bbox 2822 5875 2843 5929; x_wconf 85' lang='grc'><strong>1</strong></span> <span class='ocrx_word' id='word_1_772' title='bbox 2890 5876 3262 5944; x_wconf 80' lang='grc' dir='ltr'>κατέλαμπεν.</span> 
     </span>
    </p>
   </div>
   <div class='ocr_carea' id='block_1_113' title="bbox 497 5884 1135 5943">
    <p class='ocr_par' dir='ltr' id='par_1_113' title="bbox 497 5884 1135 5943">
     <span class='ocr_line' id='line_1_113' title="bbox 497 5884 1135 5943; baseline -0.003 -4"><span class='ocrx_word' id='word_1_773' title='bbox 497 5886 612 5941; x_wconf 75' lang='lat' dir='ltr'><strong>Alia</strong></span> <span class='ocrx_word' id='word_1_774' title='bbox 634 5886 797 5943; x_wconf 79' lang='lat' dir='ltr'><strong>habet</strong></span> <span class='ocrx_word' id='word_1_775' title='bbox 828 5884 990 5940; x_wconf 63' lang='grc' dir='ltr'><strong>(ἐστὶι.</strong></span> <span class='ocrx_word' id='word_1_776' title='bbox 1025 5884 1060 5937; x_wconf 90' lang='grc' dir='ltr'><strong>ι.</strong></span> <span class='ocrx_word' id='word_1_777' title='bbox 1086 5898 1135 5938; x_wconf 93' lang='lat' dir='ltr'><strong>c.</strong></span> 
     </span>
    </p>
   </div>
   <div class='ocr_carea' id='block_1_114' title="bbox 3262 5796 3764 5871">
    <p class='ocr_par' dir='ltr' id='par_1_114' title="bbox 3262 5796 3764 5871">
     <span class='ocr_line' id='line_1_114' title="bbox 3262 5796 3764 5871; baseline -0.01 -14"><span class='ocrx_word' id='word_1_778' title='bbox 3262 5805 3306 5836; x_wconf 77' lang='grc'>⁸³</span> <span class='ocrx_word' id='word_1_779' title='bbox 3331 5802 3515 5871; x_wconf 82' lang='grc' dir='ltr'>Οὕτω,</span> <span class='ocrx_word' id='word_1_780' title='bbox 3549 5818 3671 5857; x_wconf 85' lang='grc' dir='ltr'>κ.τ,</span> <span class='ocrx_word' id='word_1_781' title='bbox 3704 5796 3764 5853; x_wconf 75' lang='grc' dir='ltr'><strong>λ.</strong></span> 
     </span>
    </p>
   </div>
  </div>
