4114 6434
446 395 583 457 1735

1402 396 1900 459 THEODORETI
1949 398 2297 459 EPISCOPI
2354 399 2729 460 CYRENSIS

3588 397 3730 465 1716

443 513 504 567 In
560 512 769 568 l'errum
826 512 974 567 venit
1027 511 1210 566 anima
1260 511 1428 581 ejus;
1476 513 1533 570 id
1572 523 1676 579 est,
1713 514 1795 569 Ad
1830 515 2036 570 caedem

2156 515 2236 579 Εἰς
2286 514 2505 586 σίδηρον
2530 515 2744 585 διῆλθεν
2767 516 2813 548 ⁶⁶
2846 516 2879 586 ἡ
3085 512 3252 569 αὐτοῦ
3270 556 3285 581 ,
3318 515 3438 570 ἀντὶ
3456 515 3575 582 τοῦ,
3607 518 3725 572 Μέ-

444 619 621 673 usque
647 603 983 673 periclitatus
1004 612 1110 658 est.

520 691 689 750 Vsus.
733 695 822 750 l9.
884 713 903 745 ι
942 693 1121 750 Donec
1168 696 1380 751 veniret
1431 696 1655 752 verbum
1705 696 1863 767 ejus,
1914 696 2036 752 elo-

444 784 630 853 quium
662 782 875 837 Domini
916 782 1272 839 inﬂammavit
1302 800 1453 840 eum.
1490 805 1509 836 ι
1544 784 1718 840 Porro
1762 787 1876 842 luee
1917 800 2041 840 om-

447 878 536 931 nia
562 891 856 946 perpessus
899 887 1004 940 est,
1039 885 1100 932 ut
1126 877 1302 933 instar
1334 877 1455 933 auri
1502 880 1835 947 probaretur
1871 896 1885 932 :
1921 892 2035 933 non

447 977 511 1021 ut
559 970 833 1023 sinceram
883 967 1110 1040 Josephi
1156 971 1416 1025 virtutem
1450 981 1704 1025 nosceret
1739 970 1882 1026 Deus
1917 971 2042 1025 uni-

445 1076 755 1124 versorum,
785 1062 882 1132 qui
912 1063 1067 1116 novit
1093 1062 1311 1126 omnia,
1341 1062 1665 1133 priusquam
1700 1064 1814 1131 ipsa
1859 1063 1996 1117 ﬁant
2028 1079 2041 1115 :

449 1152 547 1207 sed
600 1162 659 1207 ιιι
709 1152 833 1209 aliis
880 1154 1196 1209 hominibus
1243 1153 1363 1223 ejus
1412 1153 1814 1223 philosophiam
1847 1163 2042 1208 osten-

448 1243 621 1307 derct,
663 1244 1025 1313 veritatisque
1046 1243 1330 1314 exemplar
1360 1254 1714 1313 preponeret.

522 1335 540 1353 ‘
585 1331 751 1388 Vsus.
784 1333 881 1400 20,
918 1334 1011 1388 2i.
1065 1353 1083 1386 ι
1124 1333 1276 1389 Misit
1332 1349 1466 1398 rex,
1526 1342 1581 1388 et
1644 1334 1807 1389 solvit
1860 1348 2040 1388 eum:

450 1426 708 1495 princeps
755 1425 1125 1495 pepnlorum,
1174 1432 1229 1479 et
1281 1422 1493 1479 dimisit
1540 1438 1689 1478 eum.
1739 1423 2045 1479 Constituit

451 1533 578 1571 eum
626 1518 914 1571 dominum
968 1516 1169 1571 domus
1218 1531 1352 1575 suae.
1402 1525 1458 1570 et
1508 1514 1809 1585 principem
1861 1516 2045 1571 omnis

455 1606 829 1675 possessionis
879 1621 1012 1660 sum.
1053 1624 1073 1657 ι
1131 1604 1200 1659 Ει
1261 1606 1555 1660 utilitatem
1613 1606 2044 1676 dispensationis

455 1697 781 1760 ostendens,
820 1697 986 1752 infert
1018 1716 1031 1750 :

531 1785 698 1842 Vens.
738 1786 829 1840 22.
876 1805 896 1837 ι
931 1784 1002 1841 Ut
1027 1786 1270 1841 erudiret
1299 1787 1575 1858 principes
1619 1789 1738 1860 ejus
1766 1789 1909 1844 sicut
1955 1804 2044 1844 se-

2141 622 2235 675 χρι
2266 606 2482 675 σφαγῆς
2520 607 2921 660 ἐκινδύνευσεν.

2214 697 2299 753 ιθ⁹.
2340 717 2359 750 ι
2395 699 2575 770 Μέχρι
2604 698 2699 752 τοῦ
2724 699 2900 752 ἐλθεῖν
2929 699 3021 753 τὸν
3042 700 3202 765 λόγον
3232 699 3420 762 αὐτοῦ,
3456 700 3518 754 τὸ
3545 700 3729 770 λόγιον

2140 788 2353 858 Κυρίου
2410 789 2696 858 ἐπύρωσεν
2716 791 2762 822 ⁸⁷
2806 790 2993 844 αὐτόν.
3032 810 3051 842 ι
3087 792 3273 845 Ταῦτα
3322 791 3382 844 δὲ
3429 793 3728 862 ὑπέμεινεν

2142 879 2360 937 ἃπαντα
2413 881 2621 951 χρυσοῦ
2673 880 2832 951 δίκην
2873 882 3306 953 δοκιμαζόμενος
3331 900 3345 913 ο
3380 882 3480 953 οὐχ
3520 883 3609 938 ἴνα
3664 885 3729 937 τδ

2145 971 2433 1040 ἀκίϐδηλον
2469 972 2571 1042 τῆς
2598 971 2694 1025 τοῦ
2723 973 2921 1044 Ἰωσὴφ
2948 974 3153 1046 ἀρετῆς
3190 976 3217 1027 ὁ
3257 974 3370 1028 τῶν
3405 976 3545 1029 ὅλων
3573 976 3724 1049 μάθῃ

2142 1062 2295 1126 Θεὸς,
2327 1064 2356 1115 ὁ
2386 1063 2671 1132 γινώσκων
2706 1064 2774 1117 τὰ
2805 1065 2984 1119 πάντα
3021 1067 3147 1136 πρὶν
3183 1067 3456 1134 γενέσεως
3502 1069 3684 1122 αὐτῶν
3708 1085 3727 1101 ο

2143 1154 2262 1209 ἀλλ’
2342 1155 2429 1208 ἵνα
2500 1159 2616 1218 τοῖς
2695 1156 2881 1220 ἄλλοις
2954 1157 3266 1230 ἀνθρώποις
3335 1161 3437 1231 τὴν
3514 1161 3728 1215 ἐκείνου

2145 1247 2464 1318 φιλοσοερίαν
2500 1247 2674 1319 δείξῃ,
2732 1248 2831 1302 καὶ
2868 1249 3180 1320 ἀρχέτυπον
3240 1250 3503 1321 ἀληθείας
3527 1254 3725 1324 προθῇ.

2214 1345 2285 1403 κ’,
2315 1344 2421 1392 κα’.
2458 1357 2479 1391 ι
2526 1338 2843 1392 Ἀπέστειλε
2875 1339 3148 1410 βασιλεὺς,
3173 1342 3266 1395 καὶ
3301 1342 3493 1396 έλυσεν
3526 1344 3725 1398 αὐτόν·

2144 1430 2331 1501 ἄρχων
2358 1429 2512 1497 λαοῦ,
2543 1431 2642 1486 καὶ
2673 1432 2887 1502 ἀφῆκεν
2930 1433 3120 1489 αὐτόν.
3168 1435 3525 1506 Κατέστησεν
3564 1437 3728 1491 αὐτὸν

2144 1521 2336 1593 κύριον
2373 1523 2471 1576 τοῦ
2522 1522 2677 1577 οἷκου
2730 1521 2921 1589 αὑτοῦ,
2951 1524 3049 1578 καὶ
3093 1527 3332 1595 ἄρχοντα
3390 1526 3571 1595 πάσης
3628 1528 3729 1598 τῆς

2145 1614 2395 1683 κτήσεως
2452 1613 2640 1668 αὑτοῦ.
2708 1633 2727 1665 ι
2779 1615 2892 1667 Καὶ
2931 1615 3033 1685 τὴν
3083 1616 3191 1669 ἀπὸ
3243 1616 3345 1685 τῆς
3413 1618 3728 1688 οἰκονομίας

2145 1706 2419 1776 ὠφέλειαν
2444 1706 2681 1770 δεικνὺς,
2712 1707 2983 1779 ἐπήγαγε·

2216 1799 2319 1867 κβ’.
2358 1817 2377 1848 ι
2427 1798 2533 1851 Τοῦ
2578 1796 2865 1851 παιδεῦσαι
2923 1799 3052 1862 τοὺς
3106 1798 3377 1870 ἄρχοντας
3430 1799 3596 1854 αὐτοῦ
3650 1799 3730 1865 ὡς

458 1878 777 1947 metipsum,
832 1885 888 1933 et
940 1892 1101 1933 senes
1160 1877 1282 1948 ejus
1328 1859 1675 1949 prudentiam
1735 1880 1979 1936 doceret.
2021 1899 2039 1931 ι

2156 1892 2344 1945 ἑαυτὸν
2381 1892 2449 1951 ⁸⁸.
2488 1892 2585 1944 καὶ
2607 1891 2737 1953 τοὺς
2765 1891 3174 1963 πρεσϐυτέρους
3222 1892 3389 1946 αὑτοῦ
3422 1894 3666 1963 σοφίσαι.
3708 1915 3726 1944 ι

458 1966 657 2023 Clarus
691 1967 836 2024 enim
881 1976 937 2023 et
971 1968 1206 2024 celebris
1247 1985 1347 2040 per
1392 1971 1736 2025 somniorum
1781 1972 2049 2040 interpre-

457 2061 696 2115 tationes
744 2060 856 2130 regi
904 2059 1102 2123 factus,
1135 2069 1190 2115 ct
1210 2071 1533 2131 potestatem
1576 2072 1937 2126 consecutus,
1977 2063 2044 2117 ad

459 2151 702 2205 divinam
742 2151 1133 2221 cogitationem
1177 2153 1316 2208 alios
1363 2154 1686 2220 deducebat,
1719 2170 1828 2209 non
1864 2155 2048 2210 verbis

461 2243 641 2298 solum
673 2253 854 2306 utens,
896 2244 991 2300 sed
1014 2246 1184 2301 etiam
1214 2247 1474 2317 operibus
1500 2262 1599 2304 eos
1628 2249 1697 2303 ad
1728 2249 1900 2319 ipsam
1934 2250 2051 2318 pie-

463 2346 627 2392 tatem
656 2337 926 2393 alliciens.

535 2428 705 2487 Vsas.
748 2432 840 2487 2'5.
888 2450 907 2483 ι
950 2431 1016 2486 Et
1050 2433 1275 2487 intravit
1303 2432 1472 2489 Israel
1522 2435 1579 2489 in
1625 2433 1948 2507 Egyplum,
1997 2444 2053 2490 et

463 2522 633 2579 Jacob
667 2525 848 2580 incola
898 2525 1001 2581 fuit
1044 2526 1101 2581 in
1140 2536 1285 2582 terra
1336 2527 1529 2583 Cham.
1571 2546 1591 2578 ο
1638 2527 1786 2594 Ηειιε,
1849 2530 2048 2600 inquit,

464 2614 688 2671 occasio
721 2614 827 2670 fuit
871 2617 1219 2687 patriarchae,
1272 2628 1334 2673 ut
1375 2619 1431 2674 in
1464 2618 1765 2691 Egyptum
1809 2621 2051 2691 peregri-

466 2716 717 2763 naretur.
769 2707 987 2763 Terram
1036 2725 1169 2766 vero
1217 2710 1387 2765 Citam
1432 2709 1730 2782 Egyptum
1782 2713 2050 2776 nominat,

465 2801 730 2869 quoniam
804 2800 1035 2857 Mesrem
1114 2802 1263 2858 ﬁlius
1322 2803 1601 2859 secundus
1668 2803 1864 2860 Chami
1928 2802 2050 2858 fuit.

472 2913 490 2944 ι
530 2892 701 2950 Cham
737 2895 906 2961 enim,
952 2895 1153 2967 inquit,
1190 2898 1383 2968 genuit
1413 2897 1564 2952 Clms
1605 2898 2050 2969 primogenitum,

465 2999 523 3043 et
561 2986 795 3043 Mesrcm
844 2988 1073 3045 fratrem
1122 2990 1241 3061 ejus
1260 2989 1311 3043 ἀ.
1351 3009 1370 3041 ι
1416 2989 1560 3046 Chus
1608 3000 1794 3045 autem
1836 2990 2055 3044 Ethio-

466 3079 611 3148 piam
658 3095 829 3136 sacrae
875 3080 1095 3137 Litterae
1143 3092 1489 3152 nuncupant,
1531 3091 1583 3136 et
1615 3081 1842 3137 Murem
1887 3080 2055 3153 )Egy-

465 3176 643 3239 ptum.
673 3167 937 3226 Jacobum
969 3170 1186 3244 1349
1204 3182 1384 3228 autem
1411 3181 1466 3228 et
1500 3170 1756 3227 Israelem
1798 3174 2050 3227 eumdem

470 3264 718 3319 nominat
750 3284 764 3320 :
801 3280 926 3319 nam
973 3280 1173 3321 nomen
1205 3266 1341 3320 illud
1386 3282 1452 3321 ex
1501 3268 1819 3334 parentibus
1867 3267 2051 3333 traxit,

471 3355 576 3410 hoc
607 3372 737 3411 vero
783 3355 941 3424 Deus:
976 3356 1055 3411 illi
1102 3356 1387 3428 imposuit,
1424 3358 1714 3414 declarans
1771 3374 1867 3429 per
1918 3360 2059 3416 hanc

467 3447 895 3517 appellationem
931 3448 1113 3517 ipsum
1144 3449 1195 3503 ei
1225 3449 1570 3519 apparuisse.

540 3536 711 3594 Vens.
746 3538 839 3593 24.
884 3556 905 3592 ι
948 3538 1019 3595 Ει
1054 3540 1210 3595 auxit
1242 3543 1505 3612 populum
1548 3558 1710 3598 suum
1761 3545 2060 3599 vehemen-

471 3637 575 3693 ter,
621 3636 677 3682 et
709 3626 949 3683 firmavit
976 3645 1100 3684 eum
1132 3644 1299 3701 super
1344 3630 1602 3687 inimicos
1632 3632 1770 3702 ejus.
1808 3652 1828 3684 ι
1870 3632 1981 3687 Hoc
2007 3642 2062 3688 et

470 3720 645 3775 Exodi
694 3720 925 3776 historia
974 3722 1153 3779 docet.
1213 3740 1233 3775 ι
1274 3723 1495 3791 Quanto
1531 3725 1679 3778 enim
1728 3725 1922 3795 magis,
1977 3727 2062 3780 iu-

471 3817 614 3888 quit,
662 3814 905 3888 Egyptii
953 3816 1106 3887 ipsos
1151 3816 1488 3887 allligebant,
1545 3826 1696 3872 tanto
1739 3818 1922 3887 plures
1967 3816 2062 3873 lie-

473 3910 628 3974 bant,
674 3916 937 3979 terraque
965 3908 1118 3978 ipsos
1147 3908 1613 3978 multiplicabate.
1655 3927 1673 3959 ι

543 3999 715 4057 Vens.
756 4000 849 4056 25.
910 4020 928 4051 ι
972 4000 1257 4058 Convertit
1306 4016 1404 4057 cor
1461 4017 1675 4065 eorum,
1734 4013 1793 4056 ut
1846 4001 2065 4057 odirent

472 4095 731 4164 populum
762 4095 903 4164 ejus.
943 4113 963 4147 ι
1002 4092 1119 4148 Non
1149 4094 1297 4165 quod
1329 4095 1445 4165 ipse
1490 4092 1876 4164 Egyptiorum
1908 4108 2063 4148 men-

475 4198 583 4240 tem
613 4186 861 4249 mutarit,
904 4184 1001 4240 sed
1031 4187 1180 4256 quod
1224 4184 1401 4239 libero
1445 4184 1672 4239 arbitrio
1703 4184 2014 4253 permiserit
2046 4201 2061 4237 :

470 4286 526 4330 et
562 4277 793 4332 insidias
819 4276 1042 4347 quidem
1080 4275 1309 4331 minime
1344 4275 1711 4345 prohibuerit,
1749 4276 2065 4345 superiores

473 4378 656 4425 autem
693 4368 1085 4425 insidiantibus
1111 4368 1410 4424 reddiderit
1453 4384 1570 4433 eos,
1617 4368 1820 4437 quibus
1850 4368 2067 4423 insidiae

474 4461 865 4518 tendebantur.
924 4480 942 4512 ι
979 4459 1049 4515 Ει
1096 4461 1254 4517 dolos
1309 4470 1588 4517 struerent
1631 4472 1824 4516 contra
1877 4475 2066 4514 servos

2151 1980 2463 2050 Ἐπίσημος
2492 1980 2602 2050 γὰρ
2631 1980 2722 2033 διὰ
2747 1983 2849 2051 τῆς
2886 1978 2997 2034 τῶν
3039 1981 3270 2052 ὀνείρων
3312 1983 3611 2053 ἑρμηνείας
3651 1982 3735 2053 τῷ

2153 2071 2363 2143 βασιλεῖ
2401 2071 2717 2140 γενόμενος,
2770 2070 2866 2123 καὶ
2890 2070 2991 2139 τὴν
3045 2069 3294 2134 ἐξουσίαν
3332 2071 3514 2142 λαχὼν
3543 2073 3610 2137 ⁸⁸,
3653 2075 3737 2135 εἰς

2152 2163 2486 2230 θεογνωσίαν
2514 2162 2775 2233 ἐποδήγει
2815 2162 2941 2223 τοὺς
2971 2161 3185 2228 ἄλλους,
3230 2163 3292 2216 οὐ
3328 2163 3509 2230 λόγοις
3549 2163 3736 2233 μόνοις

2151 2255 2455 2331 χρώμενος,
2514 2254 2654 2307 ἀλλά
2712 2253 2804 2307 καὶ
2859 2254 2972 2316 τοῖς
3036 2253 3220 2324 ἔργοις
3262 2255 3345 2318 είς
3397 2254 3497 2325 τὴν
3563 2255 3737 2327 αὐτὴν

2151 2348 2435 2403 εὐσέϐειαν
2470 2344 2853 2415 ἐφελκόμενος.

2223 2446 2329 2508 κγ’.
2372 2457 2392 2491 ι
2449 2439 2560 2493 Καὶ
2600 2435 2850 2506 εἰσῆλθεν
2878 2434 3095 2507 Ἰσραὴλ
3145 2437 3226 2500 εἰς
3284 2436 3595 2505 Αἴγυπτον,
3639 2438 3742 2491 καὶ⁵

2152 2534 2352 2589 Ἰακὼϐ
2389 2531 2721 2604 παρῴκησεν
2774 2532 2832 2583 ἐν
2879 2532 2950 2600 γῇ
2986 2529 3139 2600 Χάμ.
3193 2549 3211 2581 ι
3270 2530 3443 2601 Λΰτη,
3480 2532 3671 2600 φησὶν,
3703 2535 3741 2603 ἡ

2153 2627 2426 2698 πρόφασις
2461 2624 2678 2693 ἐγένετο
2711 2622 2791 2693 τῷ
2814 2621 3133 2693 πατριάρχῃ
3170 2621 3277 2691 τῆς
3321 2626 3403 2685 είς
3437 2621 3740 2689 Αἴγυπτον,

2154 2717 2442 2786 ἐκδημίας.
2473 2715 2607 2784 Γῆν
2626 2715 2682 2767 δέ
2711 2715 2838 2782 Χὰμ
2864 2712 2962 2784 τὴν
2993 2713 3268 2781 Αἴγυπτον
3288 2712 3561 2783 ὀνομάζει,
3590 2717 3741 2767 ἐπειο

2154 2808 2221 2878 δὴ
2241 2810 2269 2863 ὁ
2306 2806 2538 2878 Μεσρὲμ
2571 2806 2687 2869 υίὸς
2718 2804 2812 2859 τοῦ
2842 2805 2974 2875 Χὰμ
3001 2804 3219 2873 ἐγένετο
3241 2804 3514 2875 δεύτερος.
3547 2825 3566 2857 ι
3609 2806 3744 2870 Χὰμ

2156 2901 2285 2972 γὰρ,
2328 2898 2519 2970 φησὶν,
2567 2899 2859 2967 ἐγέννησεν
2911 2897 3005 2951 τὸν
3048 2898 3192 2959 Χοὺς
3246 2898 3615 2969 πρωτότοκον,
3646 2898 3745 2950 καὶ

2155 2992 2389 3063 Μεσρὲμ
2409 2991 2501 3044 τὸν
2526 2989 2755 3059 ἀδελφὸν
2783 2988 2971 3042 αὐτοῦ.
2998 3007 3016 3039 ι
3051 2989 3212 3053 Χοὺς
3232 2989 3290 3041 δέ
3323 2988 3420 3058 τὴν
3449 2988 3745 3042 Αἰθιοπίαν

2154 3086 2189 3155 ἡ
2230 3083 2347 3136 θεία
2397 3081 2554 3136 καλεῖ
2610 3081 2833 3153 Γραφὴ,
2894 3078 3134 3148 Μεσρέμ
3165 3080 3222 3132 δὲ
3280 3080 3379 3149 τὴν
3419 3080 3740 3148 Αἴγυπτον,

2169 3173 2371 3229 Ἰακὼϐ
2403 3173 2460 3227 δέ
2500 3174 2594 3227 καὶ
2620 3172 2863 3238 Ἰσραὴλ
2915 3169 3007 3224 τὸν
3049 3170 3210 3223 αὐτὸν
3242 3170 3518 3237 ὀνομάζει·
3544 3169 3605 3222 τὸ
3645 3172 3749 3239 μὲν

2157 3267 2266 3338 γὰρ
2312 3268 2377 3318 ἐκ
2406 3264 2515 3317 τῶν
2558 3263 2810 3334 πατέρων
2843 3262 3034 3332 ἔλαχεν
3073 3262 3246 3331 δνομα
3276 3304 3291 3324 ,
3322 3261 3384 3315 τὸ
3415 3261 3474 3314 δὲ
3521 3264 3550 3315 ὁ
3606 3262 3748 3327 Θεὸς

2158 3358 2308 3429 αὐτῷ
2345 3356 2582 3420 τέθεικε,
2604 3354 2701 3427 τὴν
2732 3355 3033 3425 γενομένην
3064 3352 3213 3423 αὐτῷ
3235 3352 3385 3407 θείαν
3414 3353 3750 3422 ἐπιφάνειαν

2157 3448 2248 3503 διὰ
2281 3449 2384 3518 τῆς
2412 3451 2785 3518 προσηγορίας
2815 3445 3012 3515 δηλῶν.

2229 3537 2327 3593 κδ’.
2370 3557 2388 3589 ι
2424 3538 2535 3591 Καὶ
2567 3536 2775 3607 ηῠξησε
2818 3536 2909 3590 τὸν
2941 3536 3070 3591 λαὸν
3129 3535 3299 3591 αὑτοῦ
3359 3536 3587 3607 σφόδρα,
3653 3538 3755 3591 καὶ

2160 3629 2541 3701 ἐκραταίωσεν
2594 3629 2757 3683 αὑτὸν
2815 3628 2957 3701 ὑπὲρ
3004 3620 3134 3693 τοὺς
3202 3629 3433 3701 ἐχθροὺς
3489 3628 3683 3682 αὐτοῦ.
3724 3649 3747 3682 ι

2160 3725 2336 3781 Τοῦτο
2362 3724 2590 3792 καὶτῆς
2641 3721 2854 3789 Ὲξὸδου
2904 3723 2939 3791 ή
2995 3722 3209 3791 ἱστορία
3267 3722 3532 3776 διδάσκει.
3596 3722 3757 3791 Ὀσῳ

2161 3820 2294 3889 γάρ,
2322 3816 2514 3887 φησὶν,
2549 3816 2788 3869 ἐκάκουν
2821 3814 3020 3877 αὐτοὺς
3047 3815 3098 3867 οἱ
3136 3814 3448 3883 Αἰγύπτιοι,
3505 3813 3757 3885 τοσούτῳ

2162 3911 2382 3974 πλείους
2414 3910 2684 3977 ἐγένοντο,
2715 3911 2810 3963 καὶ
2838 3907 3141 3978 ἐπλήθυνεν
3170 3910 3370 3972 αὐτοὺς
3395 3911 3428 3979 ἡ
3473 3908 3570 3976 γῆ.

2232 4009 2334 4058 κε’.
2367 4021 2385 4053 ι
2417 4000 2772 4071 Μετέστρεψε
2798 4000 2843 4031 7°
2874 4000 2975 4068 τὴν
3008 3999 3244 4067 καρδίαν
3276 3998 3480 4060 αὐτῶν,
3517 3997 3614 4051 τοῦ
3661 4016 3760 4068 μι-

2166 4097 2333 4168 σῆσαι
2364 4095 2459 4147 τὸν
2486 4094 2619 4148 λαδν
2657 4092 2853 4146 αὐτοῦ.
2895 4111 2916 4144 ι
2951 4092 3068 4146 Οὐκ
3096 4092 3262 4155 αὐτὸς
3298 4089 3622 4160 μεταϐαλὼν
3639 4090 3759 4144 τῶν

2164 4187 2483 4257 Αἰγυπτίων
2515 4185 2617 4256 τὴν
2649 4184 2900 4255 γνώμην,
2933 4182 3072 4237 ἀλλὰ
3100 4183 3178 4254 τῷ
3214 4182 3550 4252 αὑτεξουσὶῳ
3581 4200 3764 4252 παρα-

2165 4277 2362 4350 χωρῶν
2387 4296 2402 4309 ·
2440 4278 2540 4331 καὶ
2579 4276 2678 4337 τὰς
2713 4276 2810 4345 μὲν
2842 4273 3140 4335 ἐπιϐουλὰς
3177 4273 3252 4343 μὴ
3279 4272 3530 4335 κωλύων,
3561 4273 3763 4342 κρείτ-

2166 4387 2293 4433 τους
2325 4369 2383 4422 se
2409 4367 2520 4421 τῶν
2552 4365 3023 4419 ἐπιϐουλευόντων
3053 4366 3182 4428 τοὺς
3222 4365 3765 4435 ἐπιϐουλευομένους

2167 4460 2405 4523 δεικνύς.
2449 4477 2468 4510 ι
2502 4456 2610 4510 Τοῦ
2637 4456 2949 4510 δολιοῦσθαι
2997 4458 3055 4508 ἐν
3083 4458 3197 4519 τοῖς
3232 4456 3446 4520 δούλοις
3501 4457 3697 4513 αὑτοῦ.
3738 4478 3759 4510 ι

473 4554 618 4624 ejus.
658 4574 678 4607 ι
748 4551 1028 4609 Interdum
1102 4553 1322 4624 quidem
1376 4554 1616 4626 Egyptii
1673 4552 2053 4608 obstetricibus

2169 4552 2310 4606 Ποτέ
2343 4550 2444 4621 μὲν
2472 4551 2517 4582 ⁷¹
2551 4551 2673 4612 ταῖς
2706 4549 2900 4618 μαίαις
2930 4547 3203 4611 ἐπέταξαν
3243 4549 3293 4600 οί
3327 4549 3619 4616 Αἰγύπτιοι
3642 4551 3769 4603 δια-

470 4646 779 4714 jusserunt,
812 4653 873 4698 ut
899 4644 1252 4700 Hebraeorum
1283 4643 1524 4700 infantes
1554 4642 1873 4699 occiderent
1909 4660 1923 4696 :
1966 4643 2056 4697 in-

479 4738 691 4793 terdum
725 4753 874 4803 vero,
908 4747 971 4792 ut
1000 4738 1100 4793 hos
1131 4738 1186 4793 in
1217 4738 1423 4794 ﬂumen
1467 4737 1821 4808 projicerent,
1854 4751 2063 4805 praece-

480 4837 700 4898 perunt.
730 4828 1115 4885 Verumtamen
1145 4840 1201 4887 et
1231 4831 1336 4886 hoc
1362 4831 1528 4883 modo
1560 4828 1753 4884 mortis
1781 4828 2064 4883 machina-

482 4924 661 4980 tiones
690 4922 1042 4979 Hebraeorum
1068 4939 1244 4995 genus
1273 4922 1590 4978 declinavit.

554 5012 717 5070 Vens.
760 5014 851 5083 26,
878 5016 968 5071 9.7.
1015 5035 1035 5068 ‹
1079 5016 1228 5070 Misit
1278 5012 1464 5069 Mosen
1510 5028 1728 5069 servum
1771 5027 1957 5079 suum,
2011 5022 2068 5069 et

480 5113 776 5175 Aaronem,
830 5126 991 5180 quem
1047 5108 1213 5178 elegit
1274 5106 1381 5161 sibi
1460 5107 1586 5177 ipsi.
1630 5105 1927 5175 Proposuit
1983 5106 2067 5161 eis

480 5203 642 5258 verba
689 5204 972 5274 signorum
1010 5212 1065 5256 et
1098 5200 1474 5271 prodigiorum
1519 5214 1769 5263 suorum,
1820 5199 1876 5253 in
1924 5206 2069 5254 terra

556 5410 583 5451 α
622 5412 758 5471 ac".
801 5427 855 5477 x,
888 5411 943 5475 6,
976 5408 1068 5463 eo.
1152 5419 1175 5447 ο
1208 5405 1381 5462 Exod.
1419 5425 1460 5472 ι,
1501 5407 1585 5463 ιε.

2170 4642 2417 4713 φθείρειν
2444 4639 2554 4693 τῶν
2599 4638 2871 4709 Ἐϐραίων
2899 4638 2971 4690 τὰ
2997 4639 3226 4707 ἄρρενα,
3262 4639 3396 4690 ποτέ
3423 4638 3480 4691 δὲ
3526 4638 3606 4708 τῷ
3658 4657 3771 4693 πο-

2169 4734 2331 4807 ταμῷ
2352 4732 2526 4788 ταῦτα
2572 4731 2971 4803 παραπέμπειν
3013 4729 3333 4783 ἐκέλευσαν.
3395 4731 3544 4783 Ἀλλ’
3607 4732 3773 4801 ὅμως

2171 4830 2268 4884 καὶ¹
2300 4828 2473 4893 οὕτως
2523 4827 2583 4879 τὸ
2611 4826 2767 4895 γένος
2796 4824 3020 4894 διέφυγε
3053 4822 3149 4875 τοῦ
3183 4822 3422 4877 θανάτου
3456 4825 3525 4877 τὰ
3580 4842 3776 4895 μηχα-

2171 4924 2234 4991 νή
2244 4938 2411 4992 ματα.

2242 5019 2356 5078 κε’,
2386 5010 2488 5074 κζ’.
2528 5026 2546 5060 ι
2600 5005 2916 5061 Ἀπέστειλε
2953 5006 2997 5037 ’⁷³
3029 5004 3239 5073 Μωσῆν
3273 5005 3367 5057 τὸν
3412 5005 3605 5059 δοῦλον
3662 5008 3771 5061 αὐ-

2173 5107 2292 5166 τοῦ,
2332 5105 2432 5159 καὶ
2462 5103 2508 5134 ⁷³
2546 5098 2761 5171 Ἀαρὼν
2793 5099 2854 5152 ὃν
2907 5097 3191 5163 ἐξελέξατο
3228 5097 3407 5168 ἐαυτῷ
3436 5098 3504 5154 ⁷⁸.
3569 5100 3777 5156 Ἔῦετο

2179 5200 2365 5260 αὐτοῖς
2396 5196 2440 5227 ’⁷⁸
2473 5193 2600 5255 τοὺς
2633 5190 2827 5259 λόγους
2852 5188 2962 5243 τῶν
2988 5189 3232 5260 σημείων
3276 5188 3468 5255 αὑτοῦ,
3499 5191 3598 5244 καὶ
3655 5194 3775 5249 τῶν

1620 5521 1852 5578 νΑιιιΑε
1889 5515 2279 5578 LECTIONES
2317 5520 2404 5575 ET
2440 5518 2682 5575 ΝΟΤΛΞ.

597 5643 642 5675 ⁸⁸
667 5643 863 5722 cudi
888 5636 1477 5722 ﬁEOev._Sic_qttoqt-I\e
1510 5639 1792 5722 19$..qpllti
1837 5635 2118 5722 Montfzjn
2168 5638 2412 5722 ῌρκαιιιι
2434 5638 2508 5722 ad
2549 5638 2672 5722 hznl.

2764 5637 2806 5667 ⁸⁷
2838 5636 3199 5705 Ἐπὺρωσεν.
3250 5636 3415 5690 Hebr.
3444 5634 3776 5704 Exploravit

488 5727 628 5769 eum.
716 5713 763 5746 ⁸⁸
804 5705 1168 5778 Ὠςδὲαυτόκ
1199 5710 1366 5765 Hebr.
1389 5705 1509 5763 'Pro
1556 5705 1781 5764 érbiirio
1816 5725 1935 5762 suo.
2013 5710 2053 5743 "

2156 5711 2207 5763 ιΙ.
2247 5711 2269 5762 1
2308 5705 2512 5762 λαϐὼν.
2590 5708 2637 5738 ⁷ο
2668 5706 3072 5778 Μετέστρεψε.
3106 5705 3228 5778 cod.
3262 5706 3381 5760 Vat.
3414 5722 3613 5778 praem.
3642 5709 3765 5763 καί.

492 5782 534 5851 ξ’
561 5781 705 5836 Μέν.
735 5785 904 5838 cod.l
935 5783 1060 5838 add.
1084 5781 1214 5851 γάρ.

497 5926 648 5975 textu
683 5922 792 5975 τῶν
823 5926 876 5975 0'
914 5922 1129 5991 legitur.

1319 5781 1363 5811 ⁷²
1393 5779 1523 5836 llec.
1546 5781 1709 5836 lectio
1747 5781 1801 5833 ιι.
1835 5780 1873 5832 Ι.
1904 5788 1988 5833 est
2003 5780 2053 5843 ἐξ

2156 5779 2373 5832 ἔστειλε.
2451 5780 2495 5810 ⁷³
2524 5777 2658 5832 Καί.
2694 5778 2861 5832 Abest
2898 5792 2926 5829 a
2958 5775 3082 5830 cod.
3122 5777 3144 5829 1
3183 5784 3237 5830 et
3294 5791 3324 5828 a
3362 5785 3508 5831 textu
3546 5776 3657 5829 τῶν
3685 5782 3779 5838 ιγ,

493 5849 540 5879 τ·-
573 5853 820 5923 Ἐαυζιῖλ
843 5854 967 5905 eod.
1001 5853 1022 5923 l
1061 5853 1121 5904 ἐν
1149 5849 1322 5922 αὐτῷ,
1355 5852 1592 5923 ascripta
1627 5861 1807 5906 tamen
1839 5849 2003 5904 altera
2045 5850 2295 5906 lectione.

2399 5850 2443 5881 ⁷³
2474 5848 2707 5913 Αὑτοῖς.
2758 5848 2882 5902 cod.
2915 5847 2931 5898 Ι
2973 5863 3161 5917 praem.
3198 5849 3274 5899 ὲν.
3326 5846 3402 5900 lla
3430 5862 3649 5917 quoque
3707 5864 3771 5904 to
