4114 6426
424 368 559 436 172!

1810 374 1893 432 IN
1935 376 2138 436 PSAL.
2206 379 2318 439 CV.

3550 376 3695 444 1722

418 505 593 543 πευσε
614 488 672 543 δὲ
712 486 894 542 αὐτῶν
933 487 1031 541 καὶ
1059 486 1122 540 τδ
1153 486 1307 557 δίψος
1342 487 1460 550 ταῖς
1487 482 1817 556 παραδόξοις
1848 486 2003 539 ὠδῖσι

2113 492 2269 545 etiam
2326 492 2474 548 sitim
2507 492 2762 547 restinxit
2795 493 3058 548 inauditis
3104 492 3374 563 partubus
3423 495 3564 548 saxi.
3629 500 3687 549 lu

420 583 523 653 τῆς
554 582 781 653 πέτρας.
841 581 929 635 Ἐν
959 580 1173 651 ἀνύδρῳ
1200 580 1310 653 γὰρ
1345 582 1438 649 γῇ,
1473 580 1569 633 καὶ
1597 579 1802 641 νοτίδος
1854 580 2006 631 ἐστε-

424 674 663 746 ρημένῃ,
697 674 978 742 ποταμοὺς
993 673 1294 726 ἀναϐλῦσαι
1314 671 1621 740 προσέταξε
1653 686 1667 699 ⁸
1699 670 2006 736 ποταμοὺς

423 765 480 819 δὲ
517 765 675 818 καλεῖ
730 764 842 817 τῶν
867 763 1234 817 ἀναδοθέντων
1262 764 1326 815 ἐκ
1384 763 1482 830 τῆς
1532 762 1740 832 πέτρας
1795 761 2005 814 ὐδάτων

415 857 544 920 τοὺς
572 852 814 926 ὀχετούς.

490 966 601 1037 μβ’,
638 974 746 1037 μγ’.
787 987 804 1018 ι
846 967 968 1020 Ὅτι
999 965 1246 1037 ἐμνήσθη
1267 966 1360 1018 τοῦ
1392 966 1557 1034 λόγου
1593 965 1688 1019 τοῦ
1722 965 1879 1031 ἁγίου
1906 965 2008 1016 αύ-

417 1058 535 1122 τοῦ,
563 1057 657 1111 τοῦ
687 1059 824 1129 πρὸς
865 1058 1117 1126 ’Λϐρααμ
1145 1057 1235 1110 τὸν
1274 1057 1460 1110 δοῦλον
1492 1055 1682 1110 αὐτοῦ.
1762 1055 1872 1109 Καὶ
1913 1054 2003 1119 ἐξ-

418 1151 599 1219 ήγαγε
638 1148 728 1201 τὸν
762 1148 890 1202 λαὸν
918 1149 1083 1202 αὐτοῦ
1117 1148 1174 1198 ἐν
1208 1147 1548 1217 ἀγαλλιάσει,
1578 1147 1674 1201 καὶ
1705 1147 1827 1209 τοὺς
1853 1145 2007 1198 ἐκλε-

416 1240 584 1302 κτοὺς
618 1238 782 1291 αὐτοῦ
815 1241 871 1290 ἐν
903 1238 1231 1311 εὐφροσύνῃ.
1272 1258 1290 1290 ι
1326 1238 1545 1289 Τούτων
1578 1238 1632 1290 δέ
1664 1237 1880 1290 πάντων
1904 1239 2004 1289 αὐ-

417 1329 533 1391 τοῖς
569 1329 864 1397 μετέδωκε.
897 1330 996 1391 τὰς
1028 1328 1165 1397 πρδς
1187 1329 1278 1380 τὸν
1326 1327 1580 1398 Ἀϐραὰμ
1629 1326 2005 1397 γεγενημένας

418 1415 513 1469 ὐπ’
542 1415 706 1469 αὐτοῦ
740 1415 1074 1483 ἐπαγγελίας
1102 1415 1343 1486 πληρῶν.

492 1527 594 1597 μδ’.
633 1547 651 1580 ι
700 1529 809 1581 Καὶ
848 1528 1047 1581 ἔδωκεν
1078 1531 1263 1591 αὐτοῖς
1306 1528 1491 1599 χώρας
1539 1528 1732 1590 ἐθνῶν,
1766 1530 1863 1582 καὶ
1904 1529 2003 1582 πό-

418 1640 545 1686 νους
572 1622 718 1675 λαῶν
740 1622 978 1692 κατεκλη
990 1622 1298 1693 ρονὸμησαν
1322 1623 1364 1674 ¹.
1381 1641 1397 1671 ι
1430 1622 1504 1672 Οὐ
1525 1620 1632 1690 γὰρ
1660 1621 1681 1652 ³
1718 1621 1876 1690 μόνον
1900 1620 2004 1687 τῆς

418 1716 738 1785 Αίγυπτίων
763 1716 1104 1786 ἠλευθέρωσε
1127 1715 1397 1778 δουλείας,
1414 1714 1552 1767 ἀλλὰ
1571 1714 1667 1766 καὶ
1685 1714 1794 1766 τῶν
1822 1715 2006 1766 Χανα-

420 1807 590 1861 ναίων
636 1808 819 1869 αὐτοῖς
849 1807 1163 1877 ἐδωρήσατο
1209 1807 1338 1876 γῆν.
1393 1805 1488 1858 καὶ
1534 1805 1643 1858 τῶν
1705 1804 2004 1874 ἀλλοτρίων

2105 583 2256 635 arida
2286 584 2432 637 enim
2459 593 2624 646 terra,
2680 593 2734 638 et
2771 584 2999 639 humore
3052 587 3288 654 privata,
3352 594 3411 638 ιιι
3462 583 3686 639 Πιιηιίιιι]

2106 675 2433 729 seaturirent
2467 676 2770 744 imperavit.
2809 677 3065 730 Flumina
3102 688 3280 732 autem
3315 685 3478 730 vocat
3514 693 3687 746 aqua-

2106 779 2226 817 rum
2253 765 2419 830 rivos,
2448 766 2537 834 qui
2569 782 2597 820 e
2623 775 2775 836 petra
2818 766 3115 820 ﬂuxerunt.

2178 960 2342 1017 Vens.
2382 962 2471 1025 42,
2513 964 2602 1017 45.
2642 980 2661 1014 ι
2694 961 2963 1029 ρτνοιιῑίιηι
2990 979 3199 1017 memor
3240 965 3340 1020 fuit
3374 966 3525 1020 verbi
3560 982 3686 1019 san-

2106 1053 2178 1107 cti
2210 1054 2315 1118 Sui,
2347 1054 2488 1122 quod
2521 1055 2737 1109 locutus
2767 1067 2884 1109 erat
2909 1055 2976 1107 ad
3023 1057 3398 1111 Abrahamqu
3464 1073 3684 1110 servum

2107 1162 2285 1201 Suum.
2318 1145 2381 1200 Et
2410 1146 2595 1199 eduxit
2621 1147 2875 1215 populum
2901 1164 3059 1201 suum
3118 1149 3170 1201 in
3209 1150 3594 1210 exsultatione,
3634 1160 3687 1203 et

2107 1238 2308 1292 electos
2338 1252 2466 1291 suos
2492 1236 2543 1288 in
2585 1237 2790 1292 lzrtitia.
2831 1257 2848 1289 ι
2882 1238 3150 1294 Caeterum
3187 1244 3299 1294 haec
3329 1244 3513 1296 omnia
3580 1242 3686 1295 illis

2109 1329 2392 1397 impertiit,
2441 1330 2711 1398 promissa
2747 1332 2816 1384 ab
2871 1347 2936 1385 co
2986 1331 3300 1387 Abrahamo
3362 1333 3506 1387 facta
3554 1349 3685 1403 per-

2110 1420 2323 1474 ﬁciens.

2180 1531 2344 1587 Vens.
2375 1531 2464 1586 Η.
2502 1550 2522 1583 ι
2560 1531 2629 1586 Ει
2652 1533 2802 1586 dedit
2831 1533 2938 1587 illis
2961 1533 3214 1601 regiones
3243 1535 3508 1604 gentium,
3536 1544 3587 1589 et
3606 1535 3686 1588 la-

2107 1626 2268 1680 bores
2296 1624 2616 1693 populorum
2655 1625 3037 1693 possederunt.
3079 1643 3099 1676 »
3161 1624 3280 1678 Non
3336 1626 3497 1679 modo
3538 1627 3684 1679 enim

2106 1718 2174 1770 ab
2230 1715 2553 1785 JEgyptiaca
2616 1719 2879 1770 servitute
2918 1715 3121 1770 liberos
3180 1714 3328 1781 fecit,
3372 1716 3468 1770 sed
3519 1717 3683 1769 etiam

2104 1807 2535 1860 Chanaureorum
2580 1807 2714 1874 ipsis
2736 1807 2965 1876 largitus
2987 1816 3070 1860 est
3095 1816 3316 1870 terram,
3348 1807 3687 1861 alienorum-

420 1900 602 1953 πόνων
631 1899 899 1961 δεσπότας
922 1898 1169 1967 ἀπέφηνε
1195 1914 1207 1927 ·
1247 1897 1342 1949 καὶ
1372 1896 1619 1958 ἐκείνους
1643 1895 1880 1958 κολάσας
1919 1895 2002 1946 ἐνο

2113 1916 2209 1967 que
2235 1899 2476 1952 laborum
2509 1898 2759 1951 dominos
2800 1897 2951 1959 fecit,
2986 1904 3039 1950 et
3067 1897 3121 1949 in
3151 1898 3273 1950 illos
3322 1896 3470 1967 juste
3497 1896 3681 1949 anim-

417 1991 605 2055 δίκως,
648 1993 743 2044 καὶ
771 1991 869 2054 τὰς
905 1990 1113 2052 οἰκείας
1138 1988 1461 2059 ὲμπεδώσας
1492 1987 1846 2055 ἐπαγγελίας.
1881 1987 2001 2040 ’Ότι

417 2081 475 2133 δὲ
505 2082 605 2134 οὐκ
656 2081 857 2142 ἀδίκως
881 2079 1107 2145 ἐξέϐαλε
1137 2081 1262 2143 τοὺς
1290 2079 1481 2151 πρώην
1510 2080 1609 2150 τὴν
1636 2079 2003 2149 Παλαιστίνην

417 2173 722 2235 οἰκοῦντας,
732 2172 986 2247 paeana;
1020 2173 1122 2233 μὲν
1158 2173 1251 2226 καὶ
1276 2173 1344 2225 δι’
1375 2166 1450 2226 ὧν
1494 2172 1772 2233 Ἰουδαίοις
1811 2172 2003 2239 ἐνομο-

421 2263 639 2334 Θέτησε,
676 2265 899 2333 φεύγειν
929 2264 1193 2327 κελεύσας
1219 2264 1317 2335 τῆς
1349 2264 1573 2316 ἐκείνων
1608 2263 1883 2326 πολιτείας
1909 2263 2005 2332 τὴν

426 2354 681 2424 μίμησιν.
742 2355 995 2408 Διδάσκει
1044 2354 1102 2408 δὲ
1132 2355 1228 2409 καὶ
1272 2355 1371 2419 τὰς
1403 2355 1540 2425 πρὸς
1604 2355 1694 2409 τὸν
1761 2354 2007 2426 Ἀϐραὰμ

422 2446 759 2514 ἐπαγγελίας
791 2447 1133 2517 ποιούμενος,
1182 2449 1236 2501 τί
1269 2449 1470 2519 δήποτε
1535 2448 1610 2520 μὴ
1645 2449 1806 2511 εὐθὺς
1859 2448 2006 2519 αὐτῷ

420 2536 604 2591 δίδωσι
636 2538 735 2607 τῆς
758 2538 863 2605 γῆς
891 2540 1104 2610 ἐκείνης
1131 2541 1231 2609 τὴν
1264 2540 1606 2601 δεσποτείαν,
1641 2540 1776 2592 ἀλλά
1806 2556 2004 2607 παροι-

422 2630 544 2681 κεῖν
572 2630 663 2681 ἐπὶ
694 2630 944 2681 πλεῖστον
980 2631 1065 2702 ἐᾷ.
1101 2650 1119 2680 σ
1150 2630 1321 2684 Οὔπω
1374 2630 1504 2701 γὰρ,
1558 2631 1745 2700 φησὶν,
1805 2632 2001 2683 ἅναπε·

423 2716 741 2789 “litem-cat
798 2721 853 2772 αί
897 2720 1167 2788 ἁμαρτίαι
1195 2720 1305 2772 τῶν
1350 2721 1696 2790 Ἀμορραίων
1747 2720 1851 2781 ἕως
1912 2718 2005 2771 τοῦ

424 2807 524 2861 νῦν
551 2826 564 2839 ·
608 2828 628 2861 ι
663 2811 783 2864 ἀντὶ
812 2810 930 2874 τοῦ,
953 2811 1180 2864 Οὐδέπω
1198 2810 1572 2882 πανωλεθρίας
1604 2812 2008 2881 τετολμήκασιν

428 2899 559 2965 ἄξια
587 2919 600 2931 ο
626 2902 723 2954 καὶ
755 2903 815 2955 οὐ
850 2901 1056 2955 δίκαιον
1092 2904 1275 2965 αὐτοῖς
1327 2901 1425 2972 τὴν
1472 2902 1741 2973 τιμωρίαν
1802 2903 2010 2969 ἐπαγα-

428 2991 568 3056 γεῖν,
601 2991 723 3044 οὐδὲ
753 2993 817 3061 τῇ
850 2989 1154 3062 προγνώσει
1182 2994 1283 3062 τῆς
1317 2990 1563 3061 μείζονος
1593 2990 1869 3059 ἁμαρτίας
1911 2993 2010 3061 τῆς

424 3080 699 3151 τιμωρίας
721 3081 820 3151 τὴν
840 3081 1021 3150 ψῆφον
1052 3081 1383 3150 ἐξενεγκεῖν,
1414 3082 1549 3134 ἀλλά
1581 3082 1871 3150 ἀναμεῖναι
1900 3079 2011 3132 τῶν

2104 1990 2422 2052 advertens,
2512 1999 2565 2043 et
2624 2004 2752 2042 suas
2806 1988 3231 2056 pollicitationes
3325 1987 3682 2041 conﬁrmans.

2104 2081 2261 2149 Quod
2294 2089 2474 2135 autem
2509 2094 2619 2135 non
2655 2080 2857 2146 injuste
2888 2095 3006 2144 eos,
3038 2080 3129 2148 qui
3166 2079 3399 2147 primum
3449 2076 3687 2130 Palaesti-

2105 2191 2229 2229 nam
2262 2174 2589 2237 incolebant,
2620 2171 2893 2239 exegerit,
2935 2170 3096 2223 docet
3125 2169 3347 2237 quidem
3406 2177 3457 2220 et
3497 2181 3592 2234 per
3621 2179 3685 2219 ea

2105 2283 2230 2335 quze
2266 2263 2467 2319 Iudaeis
2491 2263 2708 2326 indixit,
2739 2262 3061 2332 przccipiens
3097 2270 3156 2312 ut
3178 2259 3532 2312 imitationem
3557 2257 3688 2311 vita

2107 2358 2326 2411 illorum
2364 2356 2633 2425 fugerent.
2666 2353 2829 2408 Docet
2855 2355 3016 2407 etiam
3035 2351 3427 2421 promissioncs
3453 2349 3687 2403 Abraha:

2109 2448 2335 2509 liciens,
2373 2461 2471 2500 cur
2508 2462 2617 2497 non
2660 2444 2844 2498 statim
2878 2444 3023 2496 illius
3058 2451 3214 2495 terra:
3272 2440 3555 2509 imperium
3587 2439 3688 2492 de-

2107 2540 2270 2602 derit,
2302 2540 2392 2594 sed
2425 2538 2519 2593 diu
2560 2539 2682 2591 illos
2714 2535 3048 2605 peregrinari
3101 2535 3310 2588 siverit.
3380 2552 3398 2585 (
3434 2531 3688 2586 Nondum

2106 2631 2272 2695 enim,
2333 2630 2531 2699 inquit,
2575 2628 2811 2695 impleta:
2866 2636 2992 2680 Sunt
3021 2626 3338 2694 iniquitates
3373 2625 3688 2676 Amorraeo-

2109 2738 2229 2777 rum
2264 2737 2436 2790 usque
2489 2722 2543 2774 in
2581 2720 2908 2774 hodiernum
2942 2719 3084 2772 diem
3121 2720 3168 2768 8.
3209 2735 3227 2767 ›
3256 2715 3685 2781 Quasidiccret:

2107 2814 2356 2869 Nominat
2396 2822 2638 2867 extrema
2665 2811 2905 2879 pernicie
2934 2812 3095 2881 digna
3126 2811 3244 2864 ausi
3278 2816 3444 2863 sunt:
3476 2814 3531 2861 et
3581 2806 3690 2859 mi-

2111 2905 2487 2974 nimcjustum
2546 2911 2665 2959 erat
2723 2902 2856 2973 ipsis
2918 2918 3132 2973 poenam
3168 2901 3429 2970 irrogare,
3478 2894 3694 2967 135E

2112 3014 2286 3066 neque
2328 2997 2550 3065 majoris
2612 2996 2819 3066 peccati
2861 2994 3203 3065 prwscicntia
3247 2989 3494 3060 supplicii
3564 3004 3693 3042 sen-

2114 3090 2333 3143 tentiam
2365 3088 2739 3157 pronuntiare,
2770 3086 2864 3140 sed
2902 3099 3085 3138 rerum
3118 3085 3281 3136 linem
3346 3087 3689 3147 exspectare.

425 3172 772 3243 πραγμάτων
798 3173 859 3225 τὺ
885 3173 1059 3236 τέλος.
1088 3174 1292 3243 Μέτρῳ
1318 3174 1425 3244 γὰρ
1450 3173 1696 3244 χρῶμαι,
1726 3174 1818 3226 καὶ
1852 3172 2010 3226 στοιϐ-

2115 3180 2365 3234 Meusura
2402 3180 2548 3233 enim
2586 3186 2732 3240 utor,
2761 3186 2816 3231 et
2865 3186 3067 3231 statera
3117 3173 3392 3236 moderor,
3453 3178 3506 3225 et
3559 3166 3697 3221 nihil

428 3263 519 3335 μῷ
579 3264 926 3334 πρυτανεύω,
959 3265 1053 3318 καὶ
1091 3265 1244 3319 οὐδὲν
1280 3266 1630 3336 ἀστάθμητον
1668 3268 1803 3336 παρ’
1863 3266 2010 3335 ἐμοί.

426 3355 530 3411 Διὰ
553 3354 712 3409 τοῦτο
730 3355 1100 3425 τετρακοσίων
1128 3357 1267 3409 ἐτῶν
1297 3357 1554 3428 ἀναμένω
1567 3357 1835 3426 περίοδον.
1852 3356 2010 3410 Οὐτω

427 3450 718 3511 κάκείνους
754 3449 998 3513 ἐξέϐαλε,
1047 3450 1145 3503 καὶ
1190 3450 1405 3514 τούτοις
1466 3451 1852 3519 ἐπαγγελίαςδ
1910 3451 2018 3504 ἀπ·

429 3543 653 3597 ἔδωκεν.

504 3641 606 3705 με’.
648 3653 668 3687 ‹
701 3635 888 3697 Ὅπως
919 3633 987 3687 ἂν
1023 3632 1308 3701 φυλάξωσι
1338 3632 1407 3686 τὰ
1433 3631 1786 3702 δικαιώματα
1819 3633 2012 3696 αὐτοῦ,

430 3727 528 3781 καὶ
571 3726 664 3780 τδν
714 3726 879 3795 νόμον
926 3724 1090 3779 αὐτοῦ
1132 3724 1512 3793 ἐκζητήσωσιν
1541 3724 1584 3778 ⁸.
1619 3743 1638 3775 ι
1695 3725 1908 3777 Δέδωκε
1958 3725 2017 3776 δὲ

430 3819 637 3883 αὐτοῖς,
668 3819 854 3889 φησὶν,
883 3818 952 3887 ἣν
982 3818 1004 3849 ⁸
1042 3816 1411 3886 ἐπηγγείλατο
1440 3815 1568 3885 γῆν,
1619 3816 1785 3886 νόμον
1832 3816 2017 3879 αὐτοῖς

431 3910 703 3977 δεδωκὼς,
741 3911 836 3964 καὶ
862 3909 1005 3964 κατά
1028 3908 1218 3963 τοῦτον
1249 3908 1515 3979 βιοτεύειν
1570 3908 1864 3972 κελεύσας.

750 4153 1018 4207 ΕΡΜΗΝ.
1048 4153 1186 4207 ΤΟΥ
1211 4148 1311 4205 PE'
1358 4151 1687 4209 ΨΑΛΜΟΥ.

518 4264 904 4335 Ἀλληλούτα.
963 4266 1052 4319 Ἐν
1102 4267 1200 4335 μὲν
1251 4264 1330 4335 τῷ
1378 4270 1422 4334 ρ’
1459 4264 1561 4316 καὶ
1597 4261 1638 4314 δ’
1676 4261 1876 4332 ψαλμῷ
1917 4261 2018 4325 τὰς

435 4357 588 4422 θείας
612 4360 640 4412 ὁ
669 4356 1007 4427 προφητικὸς
1035 4356 1193 4424 λόγος
1216 4353 1493 4425 διεξῆλθεν
1537 4352 1858 4423 εὐεργεσίας
1887 4369 1902 4383 °
1960 4355 2017 4405 ἐν

433 4451 610 4522 τούτῳ
634 4450 690 4503 δὲ
718 4448 944 4503 καὶτῶν
984 4446 1312 4517 εὐεργεσιῶν
1367 4444 1663 4515 μέμνηται,
1725 4441 1819 4495 καὶ
1870 4440 1970 4504 τὰς
1996 4441 2017 4471 ⁷

2115 3279 2201 3326 est
2226 3270 2369 3341 apud
2393 3284 2478 3324 me
2510 3270 2654 3339 quod
2685 3269 2940 3321 libratum
2982 3282 3088 3319 non
3120 3267 3213 3320 sit.
3237 3263 3533 3332 Drepterea
3552 3275 3699 3326 qua-

2116 3363 2529 3432 dringentorum
2561 3374 2829 3413 annorum
2862 3358 3144 3427 periodum
3174 3365 3454 3424 exspecto.
3492 3352 3585 3406 Sic
3640 3358 3698 3404 et

2118 3452 2244 3507 illos
2269 3450 2474 3522 exegit,
2508 3458 2565 3506 et
2592 3450 2678 3505 his
2700 3448 3096 3520 promissiones
3124 3446 3408 3516 persolvit.

2191 3629 2357 3685 Vens.
2385 3629 2476 3684 45.
2520 3645 2542 3679 ι
2573 3626 2644 3681 Ut
2670 3621 3455 3692 custodirentiustiﬁcationes
3483 3616 3625 3685 ejus,
3646 3621 3703 3670 et

2120 3724 2289 3793 legem
2327 3721 2446 3789 ejus
2489 3718 2856 3787 requirerent.
2899 3734 2917 3765 ι
2957 3713 3116 3769 Dedit
3179 3720 3361 3765 autem
3399 3708 3556 3775 ipsis,
3600 3707 3702 3770 ait,

2121 3824 2320 3868 terram
2362 3826 2526 3880 quam
2586 3807 2937 3878 promiserat,
2989 3819 3113 3858 cum
3160 3803 3240 3857 eis
3299 3805 3472 3870 legem
3525 3799 3701 3864 daret,

2118 3913 2172 3959 et
2223 3900 2526 3959 secundum
2586 3900 2728 3953 hanc
2772 3900 2944 3967 legem
3002 3895 3171 3947 vitam
3231 3893 3429 3960 degere
3489 3889 3704 3960 praeci-

2119 3999 2293 4061 peret.
2386 4028 2399 4040 .

2532 4142 2553 4162 ⁶
2578 4138 2851 4194 lNTERP.
2878 4135 3130 4192 PSALMI
3193 4133 3306 4190 CV.

2192 4257 2438 4314 Alleluia.
2477 4254 2535 4310 In
2563 4255 2864 4311 centesimo
2897 4259 3096 4323 quarto
3133 4250 3346 4319 psalmo
3419 4246 3698 4317 propheti-

2121 4367 2216 4406 cus
2251 4364 2431 4403 sermo
2461 4347 2643 4403 divina
2676 4345 2930 4416 exposuit
2959 4343 3223 4398 beneficia
3252 4359 3264 4394 :
3320 4340 3375 4394 iu
3407 4340 3513 4393 boc
3568 4352 3704 4391 vero

2122 4441 2282 4496 etiam
2338 4438 2598 4492 beneﬁcia
2632 4440 3042 4492 commemorat.
3073 4440 3127 4485 et
3156 4430 3426 4498 ingratum
3457 4425 3702 4479 animum

434 4543 547 4596 τῶν
583 4518 1081 4611 ψεύεργετηθέντων
1151 4536 1477 4606 ἀχαριστίας
1529 4534 1868 4604 κατηγορεῖ,
1922 4532 2010 4584 καὶ

2119 4548 2334 4593 eorum,
2369 4532 2460 4601 qui
2495 4529 2752 4585 beneficia
2821 4526 3099 4582 Consecuti
3165 4530 3339 4586 erant,
3395 4518 3699 4583 insimulat,

435 4636 536 4697 τὰς
562 4631 947 4701 ἐπενεχθείσας
996 4630 1177 4691 αὐτοῖς
1232 4626 1504 4696 διαφόρως
1566 4625 1838 4695 τιμωρίας
1886 4623 2023 4676 διδά-

440 4741 584 4779 σκει.
613 4722 1041 4792 Ἐσχημάτισται
1068 4720 1125 4772 δέ
1154 4718 1229 4781 ὡς
1253 4721 1317 4770 ἐκ
1344 4715 1638 4787 προσώπου
1667 4717 1777 4770 τῶν
1795 4716 2019 4770 εὐσεϐεο

440 4812 672 4881 στέρων,
720 4811 817 4871 τὰς
878 4809 1063 4871 κοινὰς
1086 4806 1500 4877 ὀλοφυρομένων
1564 4805 1871 4876 συμφορὰς,
1927 4807 2021 4858 καὶ

443 4901 663 4974 φειδοῦς
690 4903 874 4971 τυχεῖν
904 4898 1349 4953 ἀντιϐολούντων.

519 5021 589 5069 α’.
622 5033 641 5066 ι
683 5011 1127 5082 Ἔξομολογεῖσθε
1158 5010 1236 5080 τῷ
1267 5007 1478 5078 Κυρίῳ,
1527 5007 1878 5078 ὅτιχρηστὸς,
1938 5008 2022 5060 ὅτι

446 5107 528 5169 είς
575 5104 669 5160 τὸν
700 5104 874 5157 αἰῶνα
912 5103 975 5155 τὺ
1004 5102 1149 5166 ἔλεος
1194 5100 1379 5154 αὐτοῦ.
1430 5119 1447 5150 ι
1482 5100 1592 5152 Καὶ
1623 5099 1715 5151 ἐπὶ
1740 5101 1859 5162 ταῖς
1888 5116 2024 5169 προ-

442 5198 634 5269 τέραις
667 5196 1014 5266 εὐεργεσίαις
1037 5195 1128 5248 τὸν
1157 5195 1438 5264 Δεσπότην
1467 5192 1769 5263 ὑμνήσατε,
1810 5192 1904 5245 καὶ
1926 5191 2025 5254 τὰς

443 5288 819 5361 χρηστοτέρας
843 5288 1063 5352 ἐλπίδας
1091 5288 1483 5359 προσμείνατε.
1524 5284 1756 5352 ’Δγαθὸς
1785 5283 1895 5355 γὰρ
1928 5285 2022 5336 καὶ

445 5378 829 5451 φιλάνθρωπος
855 5379 884 5431 ὀ
912 5378 1211 5449 Δεσπότης,
1260 5379 1356 5431 καὶ
1381 5378 1469 5429 ἀεὶ
1500 5376 1577 5446 τῷ
1606 5376 1745 5447 ἐλέῳ
1789 5374 2026 5429 διατελεῖ

518 5541 546 5583 ⁸
564 5539 700 5596 Gen.
734 5555 824 5607 xv,
852 5538 938 5595 l6.

2121 4634 2176 4681 ct
2212 4639 2400 4694 poenas
2428 4623 2562 4692 ipsis
2614 4621 2763 4675 varie
2827 4618 3094 4687 irrogatas
3180 4615 3360 4668 docet.
3411 4611 3701 4665 Formatus

2125 4726 2208 4773 est
2243 4727 2423 4770 autem
2474 4723 2731 4784 tauquam
2764 4727 2831 4765 ex
2895 4723 3126 4780 persona
3180 4705 3475 4760 hominum
3533 4703 3702 4773 magis

2124 4809 2361 4877 piorum,
2419 4818 2741 4859 communes
2772 4801 3173 4871 deplorantium
3232 4797 3592 4859 calamitates,
3648 4803 3704 4846 et

2129 4909 2187 4953 ut
2221 4897 2610 4965 indulgentiam
2651 4905 3063 4962 consequantur
3093 4890 3526 4947 obsecrantium.

2196 5010 2364 5067 Vens.
2393 5010 2443 5063 l.
2482 5029 2501 5061 ι
2537 5008 2885 5063 Cuniitemini
2914 5006 3175 5067 Domino,
3205 5004 3470 5075 quoniam
3505 5001 3704 5061 bonus,

2131 5104 2389 5173 quoniam
2420 5102 2472 5155 in
2509 5101 2766 5155 saeculum
2798 5099 3170 5154 misericordia
3205 5096 3346 5166 ejus.
3387 5113 3405 5144 ι
3460 5093 3526 5144 Et
3581 5105 3709 5158 pro-

2133 5202 2250 5262 pter
2276 5192 2501 5261 pristina
2536 5189 2800 5245 beneﬁcia
2859 5189 3152 5244 Dominum
3199 5186 3487 5241 celebrate.
3514 5186 3567 5233 et
3590 5193 3706 5232 me-

2119 5284 2283 5339 liores
2317 5299 2441 5352 spes
2472 5283 2764 5351 concipite.
2818 5280 3000 5336 Bonus
3035 5280 3178 5335 enim
3212 5284 3268 5331 et
3296 5272 3569 5341 benignus
3625 5278 3708 5324 est

2132 5372 2416 5439 Dominus,
2456 5370 2944 5441 misericordiaque
2992 5382 3209 5437 semper
3242 5366 3436 5419 utitur.
3498 5362 3709 5417 Deinde

1541 5627 1803 5683 VARUE‘
1820 5625 2202 5682 LECTIONES
2242 5627 2328 5682 ET
2368 5626 2602 5682 NOTE.

518 5722 542 5755 ¹
565 5721 689 5777 cod.
723 5720 848 5776 Vat.
873 5700 1345 5792 ἐκληροτρόμησαν.

453 5792 476 5847 l
510 5805 694 5862 ιιι-ειη.
716 5793 836 5856 τάς.
913 5794 935 5826 ⁸
965 5791 1189 5859 Ἔκζὴτ.
1226 5791 1392 5847 Hebr.
1423 5799 1481 5843 ut
1523 5800 1910 5845 concertarent.

1456 5721 1478 5753 ³
1511 5720 1754 5789 Οὺγὰρ,
1784 5737 1839 5771 κ.
1872 5736 1923 5772 τ.
1957 5719 2008 5772 λ.
2034 5718 2297 5774 Pauciora
2332 5720 2494 5775 habet
2534 5719 2697 5774 Cord.
2724 5729 2763 5773 t.
2791 5716 2876 5777 lli.

1456 5799 1481 5843 ι
1523 5800 1910 5844 concertarent.
1983 5790 2006 5819 ‘
2033 5789 2168 5844 Ἦν.
2202 5790 2321 5844 cod.
2365 5791 2386 5843 Ι
2428 5789 2578 5843 addit
2606 5790 2719 5842 καί.
2797 5788 2816 5819 ⁷
2847 5803 2875 5842 c

2913 5729 2967 5783 p.
2999 5713 3118 5769 l'50.
3230 5710 3255 5744 ⁵
3294 5709 3539 5781 Ἐπαγγ.
3569 5712 3696 5768 cod.

2797 5788 2816 5819 ⁷
2847 5788 2966 5842 cod.
2993 5784 3018 5838 1
3049 5786 3169 5854 τῆς.
