4114 6414
338 356 482 424 1725

1769 370 1850 429 IN
1895 372 2100 433 PSAL.
2143 373 2255 434 CV.

3488 368 3624 437 1726

332 472 628 544 ὡδήγησεν
659 471 861 536 αὐτοὺς
886 472 945 527 ὲν
971 472 1305 548 ἁόύσσῳ,ὡς
1334 480 1393 533 ἐν
1423 479 1640 550 ἐρήμῳ.
1664 479 1773 531 Καὶ
1795 478 1927 532 ἐσω-

2043 497 2129 538 eos
2170 499 2265 553 per
2286 484 2544 553 abyssum
2587 484 2732 540 sicut
2788 484 2843 539 in
2884 483 3125 540 deserto.
3171 482 3236 537 Et
3272 482 3504 537 salvavit
3530 497 3625 538 eos

334 578 435 615 σεν
466 562 670 627 αὐτοὺς
703 565 769 617 ὲκ
791 564 976 635 χειρὸς
1011 569 1299 637 μισοῦντος
1331 572 1397 635 ¹⁶,
1434 572 1530 624 καὶ
1581 570 1928 641 ὲλυτρώσατο

333 653 540 716 αὐτοὺς
569 655 634 707 ὲκ
676 655 858 726 χειρὸς
891 658 1110 730 ἐχθροῦ.
1146 678 1164 712 ιι
1198 662 1360 734 Λόγῳ
1387 663 1497 733 γὰρ
1521 663 1621 727 τῆς
1648 661 1928 734 θαλάσσης

333 745 433 797 τὸν
464 743 715 814 πυθμένα
751 746 1073 816 γυμνώσας,
1102 751 1199 814 τὴν
1230 752 1432 822 πολλὴν
1491 752 1707 822 ἐκείνην
1761 753 1930 806 ἄϐυσ-

338 853 435 890 σον
491 838 798 909 ἱππήλατον
846 841 1030 905 αὐτοῖς
1092 843 1373 914 ἀπέφηνεν
1428 844 1657 915 ἔρημον.
1714 846 1932 916 Ἐπειδὴ

336 928 453 1000 γὰρ
515 930 576 983 ἐν
625 933 749 992 ταῖς
799 933 1029 1004 ἐρήμοις
1076 935 1245 1005 πολλὴ
1289 939 1400 1000 τοῖς
1451 936 1736 1006 τρέχουσιν
1778 938 1935 991 εὐκο-

336 1018 453 1082 λία,
501 1021 639 1091 μήτε
664 1022 848 1088 φυτῶν
876 1024 1067 1088 ὄντων,
1104 1028 1241 1096 μήτε
1276 1027 1554 1098 φραγμῶν
1585 1027 1929 1094 κωλυόντων,

338 1112 444 1183 τὴν
476 1115 576 1184 τῆς
627 1114 937 1180 διαϐάσεως
977 1116 1232 1171 εὐκολίαν
1277 1118 1549 1191 δεδήλωκε
1576 1121 1642 1188 τῇ
1679 1118 1783 1188 τῆς
1810 1120 1938 1191 ἐρή-

343 1222 449 1274 μου
487 1204 794 1276 παραϐολῇ.

417 1301 505 1348 ια’.
546 1314 565 1345 ι
607 1297 911 1366 Ἐκάλυψεν
953 1297 1098 1367 ὕδωρ
1127 1299 1254 1361 τοὺς
1284 1298 1569 1364 θλίϐοντας
1618 1293 1937 1365 αὐτοὺς,είς

340 1384 406 1451 ἐξ
435 1387 613 1440 αὐτῶν
641 1388 741 1459 οὐχ
770 1389 1096 1461 ὑπελείφθη.
1151 1409 1171 1442 ι
1210 1391 1427 1455 Πάντας
1453 1393 1563 1464 γὰρ
1590 1393 1716 1455 τοὺς
1770 1392 1942 1460 Δίγυ-

339 1479 538 1543 πτίους
567 1479 940 1553 ὑποϐρυχίους
965 1482 1237 1553 πεποίηκε
1263 1499 1278 1513 ο
1307 1484 1403 1536 καὶ
1443 1485 1478 1555 ἠ
1513 1484 1654 1555 αὑτὴ
1690 1482 1939 1537 θάλασσα

354 1569 634 1642 Ἑϐραίοις
676 1573 775 1644 μὲν
823 1575 1124 1646 σωτηρίαν,
1162 1574 1489 1645 Αἰγυπτίοις
1545 1575 1604 1629 δὲ
1664 1575 1939 1648 τιμωρίαν

341 1667 624 1737 ἐπήγαγε.

421 1758 510 1829 ιβ’.
550 1778 568 1812 ι
610 1760 721 1814 Καὶ
749 1761 1083 1817 ἐπίστευσαν
1125 1761 1205 1834 τῷ
1229 1761 1376 1834 λόγῳ
1404 1760 1449 1793 ⁸⁷
1510 1758 1697 1825 αὐτοῦ,
1759 1760 1856 1814 καὶ
1894 1759 1938 1792 ³⁸

2033 575 2101 630 de
2138 592 2302 630 manu
2339 578 2550 632 osoris:
2580 587 2637 632 ct
2674 578 2907 633 redemit
2942 593 3037 632 eos
3064 576 3132 631 dc
3158 575 3572 630 Inanuinimici.
3600 593 3620 626 ι

2034 666 2169 722 Nam
2201 684 2325 723 cum
2361 670 2526 724 verbo
2552 670 2721 726 maris
2756 669 2988 724 fundum
3027 670 3356 741 aperuisset,
3388 671 3628 725 immen-

2033 774 2151 814 sam
2204 760 2353 814 illam
2397 761 2656 833 abyssum
2715 762 2851 831 ipsis
2887 763 3245 817 solitudinem
3291 762 3450 831 equis
3497 777 3625 831 per-

2034 850 2178 903 viam
2216 849 2364 904 fecit.
2398 850 2671 915 Quoniam
2711 853 2858 904 enim
2894 852 2946 904 in
2999 849 3395 905 solitudinibus
3452 850 3621 903 multa

2039 937 2274 992 facilitas
2321 948 2403 993 est
2435 941 2805 1005 currentibus,
2867 955 2992 995 cum
3056 942 3281 993 arbores
3327 955 3436 992 non
3489 939 3622 1002 sint,

2038 1045 2220 1100 neque
2269 1047 2426 1100 sepes
2466 1046 2588 1100 qua:
2619 1031 2966 1100 prohibeant,
3000 1030 3266 1085 transitus
3306 1028 3623 1085 facilitatem

2038 1122 2354 1178 solitudinis
2386 1123 2796 1192 comparatione
2845 1122 3126 1176 indicavit.

2107 1298 2277 1355 Vens.
2316 1301 2403 1355 11.
2443 1319 2463 1352 ‹
2514 1299 2743 1370 Operuit
2780 1314 2921 1369 aqua
2954 1299 3279 1353 lribulantrs
3311 1313 3428 1357 eos.
3480 1313 3625 1353 unus

2040 1408 2109 1448 ex
2143 1393 2225 1449 eis
2250 1408 2359 1449 non
2395 1392 2682 1447 remansit.
2724 1410 2743 1442 ι
2778 1391 2981 1447 Omnes
3010 1392 3155 1445 enim
3191 1390 3477 1463 Egyptios
3496 1391 3626 1445 sub-

2040 1484 2254 1549 mersit,
2307 1494 2363 1539 et
2394 1485 2538 1539 idem
2588 1500 2740 1540 mare
2802 1484 3048 1540 Hebraeis
3084 1485 3306 1555 quidem
3349 1485 3625 1552 salutem,

2040 1575 2316 1648 Egyptiis
2345 1592 2478 1632 vero
2518 1576 2851 1648 supplicium
2874 1576 3087 1631 attulit.

2111 1754 2281 1810 Vens.
2318 1753 2407 1808 12.
2438 1773 2457 1807 ι
2513 1755 2583 1810 Et
2613 1754 2968 1812 crediderunt
2998 1754 3177 1810 verbis
3230 1754 3373 1824 cjus,
3403 1765 3458 1809 et
3489 1755 3634 1810 cele-

338 1845 485 1926 ᾖσαν
519 1853 564 1885 ¹⁹
588 1851 686 1924 τὴν
716 1854 924 1908 αἷνεσιν
968 1832 1218 1909 αὐτοῦ.)
1248 1832 1369 1906 Τῶν
1408 1851 1519 1923 γὰρ
1557 1850 1771 1923 ἀνδρῶν
1827 1852 1935 1922 ὁμ-

2043 1847 2272 1903 brarunt
2300 1847 2518 1903 Iaudem
2571 1847 2712 1918 ejus.
2748 1866 2767 1900 ι
2825 1845 2961 1902 Nam
3004 1847 3250 1901 virorum
3294 1848 3629 1902 laudantium

340 1939 583 1995 νούντων
605 1943 813 2013 Μωσῆς
842 1945 871 1998 ὁ
896 1943 1071 2015 μέγας
1118 1945 1324 2014 ἠγεῖτο,
1360 1943 1456 1997 τοῦ
1506 1942 1563 1996 δὲ
1609 1941 1773 2014 χοροῦ
1824 1943 1935 1997 τῶν

339 2032 622 2102 γυναικῶν
646 2034 884 2106 Μαριὰμ
911 2036 946 2107 ἡ
976 2035 1273 2108 προφῆτις.
1305 2033 1691 2104 Ἀνάγραπτος
1740 2033 1799 2086 δὲ
1839 2034 1937 2088 καὶ

340 2127 378 2198 ἡ
416 2125 552 2198 ᾠδήο

420 2224 511 2287 ιγ’,
537 2217 621 2273 ιδ’.
659 2238 678 2271 ι
712 2219 1035 2290 Ἐτάχυναν,
1056 2219 1384 2275 ἐπελάθοντο
1406 2221 1517 2275 τῶν
1536 2221 1716 2294 ἔργων
1743 2220 1934 2287 αὑτοῦ,

339 2310 445 2379 οὐχ
469 2309 775 2379 ὑπέμειναν
803 2311 905 2381 τὴν
937 2310 1134 2381 βουλὴν
1184 2313 1374 2368 αὐτοῦ.
1406 2314 1520 2368 Καὶ
1577 2313 1939 2384 ἐπεθύμησαν

343 2400 648 2471 ἐπιθυμίαν
703 2403 761 2454 ὲν
798 2405 865 2474 τῇ
905 2403 1121 2475 ἐρήμῳ,
1157 2404 1255 2458 καὶ
1320 2404 1628 2476 ἐπείρασαν
1674 2405 1769 2459 τὸν
1803 2404 1939 2458 Θεὸν

341 2493 404 2545 ὲν
444 2490 680 2563 ἀνύδρῳ.
720 2512 740 2544 ι
775 2493 1028 2547 Τοσαῦτα
1056 2495 1102 2526 ὀ
1138 2496 1249 2566 γὰρ
1289 2495 1511 2566 ἔχοντες
1565 2497 1663 2551 καὶ
1708 2496 1937 2549 τοιαῦτα

340 2580 587 2652 ἐχέγγυα
631 2581 733 2651 τῆς
758 2581 911 2646 Θείας
933 2582 1238 2653 δυνάμεως,
1265 2585 1367 2638 οὐκ
1391 2585 1602 2657 ᾔτησαν
1624 2585 1722 2656 τὴν
1744 2584 1937 2656 χρείαν

340 2672 556 2735 λαϐεῖν,
587 2673 709 2727 οὐδὲ
740 2674 840 2745 τὴν
901 2673 1052 2729 Θείαν
1109 2676 1481 2746 προσέμειναν
1532 2677 1761 2749 δωρεὰν,
1818 2676 1936 2732 ἀλλ’

339 2766 509 2830 εὐθὺς
539 2767 831 2839 λοιδορίαις
864 2767 1007 2821 κατὰ.
1051 2766 1160 2822 τῶν
1220 2769 1383 2823 θείων
1421 2771 1725 2843 ἐχρήσαντο
1772 2770 1937 2844 θερα-

346 2861 586 2916 πόντων.

417 2950 502 3006 ιε’.
546 2972 565 3004 ι
601 2954 712 3006 Καὶ
745 2953 947 3008 ἔδωκεν
989 2958 1177 3018 αὐτοῖς
1212 2954 1274 3009 τὸ
1321 2955 1534 3027 αἴτημα
1575 2956 1779 3021 αὐτῶν,
1840 2956 1932 3023 ἐξ·

338 3044 636 3098 απέστειλε
666 3045 990 3117 πλησμονὴν
1010 3048 1054 3080 “
1104 3049 1188 3110 είς
1211 3045 1310 3111 τὰς
1339 3046 1521 3117 ψυχὰς
1549 3047 1753 3103 αὐτῶν.
1792 3067 1811 3099 ι
1831 3047 1936 3101 Ατ-

2039 1956 2277 2010 magnus
2329 1939 2512 1995 Moses
2560 1940 2671 1994 dux
2718 1938 2822 1994 fuit
2860 1978 2877 2004 ,
2934 1939 3229 1994 mulierum
3280 1954 3412 1993 vero
3473 1939 3631 1993 chori

2037 2032 2265 2088 Mariam
2321 2032 2667 2103 prophetissa
2714 2033 2759 2087 ι.
2815 2031 2883 2086 Et
2932 2032 3040 2087 hoc
3098 2031 3374 2088 canticum
3434 2031 3631 2086 litteris

2040 2125 2298 2179 traditum
2335 2135 2439 2181 est.

2116 2217 2279 2275 Vens.
2338 2220 2426 2286 15,
2459 2219 2547 2275 11.
2592 2238 2611 2272 ι
2643 2218 2768 2275 Cito
2802 2216 3068 2283 fecerunt,
3107 2217 3262 2271 obliti
3298 2225 3427 2272 sunt
3498 2232 3627 2286 ope-

2039 2327 2164 2366 rum
2202 2311 2357 2379 ejus,
2391 2321 2447 2367 et
2488 2328 2594 2367 non
2628 2312 3012 2368 sustinuerunt
3066 2308 3360 2365 consilium
3413 2308 3627 2379 1357

2038 2404 2179 2471 ejus.
2215 2404 2286 2469 Et
2311 2405 2747 2474 concupiverunt
2772 2401 3277 2472 concupiscentiam
3306 2399 3363 2454 in
3388 2402 3629 2464 deserto,

2037 2506 2093 2553 et
2143 2506 2488 2552 tentaverunt
2535 2496 2704 2552 Deum
2762 2498 2816 2551 in
2862 2497 2984 2551 loco
3044 2495 3334 2564 inaqnoso.
3382 2520 3402 2545 ι
3451 2492 3631 2546 ‘Nam

2040 2598 2122 2644 tot
2172 2599 2226 2644 et
2257 2590 2386 2644 talia
2430 2589 2695 2645 habentes
2747 2588 2972 2660 pignora
3002 2587 3206 2642 divinae
3235 2584 3512 2654 potentiat,
3571 2591 3634 2638 nt

2038 2684 2351 2738 necessaria
2384 2682 2700 2752 acciperent
2752 2681 2981 2735 minime
3033 2677 3401 2750 postularunt,
3452 2689 3633 2743 neque

2037 2775 2280 2830 divinant
2332 2783 2722 2845 exspectarunt
2776 2773 3007 2839 donum,
3033 2770 3127 2827 sed
3157 2769 3341 2827 statim
3373 2766 3630 2823 convitiis

2038 2866 2091 2922 in
2131 2868 2346 2922 divinos
2387 2867 2627 2923 famulos
2659 2866 2744 2921 usi
2784 2873 2937 2922 sunt.

2108 2956 2277 3014 Vens.
2315 2958 2398 3013 15.
2435 2981 2453 3009 ι
2505 2958 2571 3012 Ει
2608 2957 2755 3013 dedit
2799 2957 2882 3012 eis
2919 2955 3235 3025 petitionem
3269 2953 3540 3022 ipsorum.
3576 2959 3634 3005 et

2037 3051 2191 3106 misit
2215 3052 2560 3106 saturitatem
2607 3051 2664 3105 in
2718 3050 2936 3104 animas
2974 3063 3191 3102 eorum.
3252 3064 3269 3098 ι
3314 3045 3632 3099 Petitionem

340 3152 504 3203 τημα
527 3137 572 3167 ²²
623 3138 724 3207 τὴν
753 3137 1050 3208 ἐπιθυμίαν
1092 3137 1386 3191 ἐκάλεσενο
1432 3139 1494 3191 οὐ
1542 3138 1652 3211 γὰρ
1696 3139 1934 3209 ᾔτησαν,

2043 3144 2258 3199 vocavit
2286 3142 2816 3213 concupiscentiam.
2868 3138 2988 3194 Non
3025 3139 3170 3193 enim
3208 3137 3506 3208 petierunt,
3535 3134 3631 3190 scd

339 3223 486 3278 ἀλλὰ
506 3224 882 3296 κατελάλησαν
907 3244 921 3259 ⁸
948 3227 1147 3281 δέδωκε
1170 3227 1225 3280 δὲ
1248 3227 1399 3297 ὅμως
1421 3227 1606 3291 αὐτοῖς
1636 3228 1732 3281 καὶ
1756 3228 1937 3300 κρεῶν

340 3316 636 3385 ἀφθονίαν,
664 3319 758 3371 καὶ
783 3318 948 3390 ἄρτον
972 3319 1409 3391 ἀχειροποίητον,
1441 3321 1536 3373 καὶ
1559 3318 1704 3392 ὕδωρ
1726 3319 1945 3391 ἥδιστόν

339 3426 406 3462 τε
430 3409 527 3462 καὶ
552 3408 806 3479 ἄφθονον.

419 3508 517 3568 ις’.
554 3520 572 3552 ι
612 3502 722 3555 Καὶ
747 3502 1112 3574 παρὼργισαν
1143 3502 1236 3557 τὸν
1275 3502 1486 3573 Μωσῆν
1522 3502 1581 3556 ὲν
1624 3505 1692 3575 τῇ
1727 3520 1947 3574 παρεμ-

341 3592 505 3664 ϐολῇ,
540 3594 630 3648 τὸν
648 3596 694 3626 ’³
735 3594 948 3665 ’Δαρὼν
977 3596 1071 3649 τὸν
1118 3596 1279 3664 ἅγιον
1314 3595 1547 3665 Κυρίου.
1587 3614 1607 3648 ›
1657 3596 1805 3667 Κορὲ
1842 3596 1944 3667 μὲν

338 3685 478 3757 γὰρ,
514 3687 609 3739 καὶ
636 3688 670 3757 ἡ
699 3688 891 3740 τούτου
914 3687 1219 3758 συμμορία,
1250 3686 1628 3757 ἐπειράθησαν
1654 3688 1753 3757 τὴν
1785 3690 1947 3759 ίερω-

342 3777 519 3845 σύνην
565 3779 813 3850 ἁρπάσαι
853 3779 916 3833 ’³.
964 3780 1145 3834 Δαθὰν
1188 3779 1245 3832 δὲ
1283 3780 1378 3832 καὶ
1438 3779 1705 3851 Ἀϐειρὼν
1748 3780 1945 3852 ἑτέραν

343 3870 694 3942 ἐμελέτησαν
723 3873 1041 3940 τυραννίδα.

419 3959 510 4026 ιζ’,
543 3969 634 4032 ιη’.
667 3982 685 4015 ι
737 3964 990 4035 Ἡνοίχθη
1023 3965 1056 4034 ἡ
1088 3964 1159 4034 γῆ
1194 3962 1288 4015 καὶ
1320 3962 1553 4017 κατέπιε
1599 3964 1803 4028 Δαθὰν,
1848 3963 1946 4017 καὶ

341 4054 621 4124 ἐκάλυψεν
667 4056 760 4108 ἐπὶ
795 4056 895 4127 τὴν
946 4056 1273 4127 συναγωγὴν
1333 4055 1618 4125 Ἀϐειρὼν.
1676 4057 1786 4110 Καὶ
1851 4055 1943 4123 ἐξ-

341 4144 555 4216 εκαύθη
588 4145 700 4218 πῦρ
732 4148 791 4199 ὲν
810 4151 875 4219 τῇ
901 4151 1197 4219 συναγωγῇ
1224 4148 1428 4215 αὐτῶν,
1455 4147 1589 4217 φλὸξ
1603 4150 1647 4180 ⁸⁵
1675 4148 1946 4216 κατέφλε-

345 4238 441 4303 ξεν
488 4238 870 4309 ἁμαρτωλούς.
903 4260 921 4291 ι
977 4240 1157 4293 Δαθὰν
1206 4242 1305 4310 μὲν
1351 4242 1446 4294 καὶ
1488 4239 1754 4312 Ἀὅειρὼν
1804 4240 1946 4310 μετά

346 4331 534 4399 πάσης
564 4332 664 4402 τῆς
702 4334 941 4403 πατριᾶς
967 4333 1013 4365 ’⁸
1054 4332 1562 4403 κατεποντίσθησαν
1582 4334 1657 4364 ’⁷ο
1686 4332 1829 4403 Κορὲ
1862 4332 1942 4397 δὲ,

347 4423 449 4476 καὶ
477 4425 525 4474 οί
555 4424 652 4476 σὺν
682 4423 852 4492 αὐτῷ,
883 4424 1133 4494 θεηλάτῳ
1164 4426 1299 4495 πυρὶ
1328 4424 1802 4496 κατεφλέχθησαν.
1834 4423 1946 4487 Τὰς

2045 3232 2290 3288 oblocuti
2320 3240 2450 3288 sunt
2471 3241 2558 3286 :et
2584 3232 2735 3287 dedit
2766 3240 2947 3286 tamen
2972 3229 3107 3299 ipsis
3131 3239 3184 3285 et.
3203 3226 3386 3282 carnis
3403 3225 3635 3279 allluen-

2046 3327 2201 3392 tiam,
2227 3335 2282 3382 et
2313 3342 2510 3397 panem
2544 3341 2650 3382 non
2680 3322 3081 3386 manufactum,
3100 3330 3158 3376 et
3199 3334 3399 3390 aquam
3428 3318 3636 3373 dulcis-

2047 3419 2244 3474 simam
2295 3428 2347 3474 et
2378 3418 2847 3489 copiosissimam.

2123 3511 2293 3568 Vens.
2341 3511 2427 3566 16.
2483 3529 2501 3563 ι
2555 3509 2624 3565 Et
2669 3510 3028 3564 irritaverunt
3080 3504 3267 3560 Mosen
3317 3504 3373 3558 in
3413 3501 3635 3565 castris,

2046 3604 2320 3659 Aaronem
2352 3611 2601 3657 sanctum
2636 3600 2874 3656 Domini.
2926 3618 2946 3650 ι
2981 3596 3122 3654 Core
3161 3595 3405 3666 quidem,
3443 3602 3499 3649 et
3539 3594 3635 3663 qui

2047 3711 2173 3752 cum
2188 3696 2309 3765 ipso
2326 3704 2505 3757 erant,
2529 3692 2899 3748 sacerdotium
2923 3690 3213 3759 subripere
3233 3687 3416 3744 conati
3436 3695 3566 3741 sunt
3584 3697 3598 3736 ι
3616 3726 3631 3741 .

2052 3787 2263 3841 Dathan
2306 3800 2436 3839 vero
2467 3792 2519 3837 et
2553 3782 2760 3837 Abiron
2804 3781 2970 3836 aliam
3020 3778 3407 3849 excogitarunt
3448 3784 3636 3846 tyran-

2048 3876 2291 4022 nl‘j‘fgts.
2326 3965 2413 4032 17,
2446 3964 2566 4019 18.t
2608 3963 2809 4032 Aperta
2836 3968 2921 4016 est
2948 3969 3119 4025 terra,
3143 3968 3197 4013 et
3220 3956 3504 4029 deglutivit
3529 3954 3635 4009 Da-

2048 4059 2306 4123 tbanem,
2354 4065 2408 4111 et
2449 4056 2665 4125 operuit
2712 4051 3189 4122 congregationem
3238 4048 3520 4104 Abironis.
3572 4049 3636 4101 Et

2047 4148 2254 4204 exarsit
2300 4146 2441 4217 ignis
2494 4145 2548 4199 in
2602 4153 2747 4199 metu
2793 4148 3024 4205 eorum',
3058 4140 3292 4195 'ﬂamma
3332 4139 3637 4194 combussit

2050 4249 2386 4311 peccatores.
2420 4258 2438 4289 ι
2477 4237 2686 4291 Datlian
2718 4235 2936 4304 quidem
2975 4242 3030 4288 et
3100 4233 3307 4288 Abiron
3362 4248 3484 4286 cum
3521 4241 3633 4284 tota

2049 4335 2258 4391 familia
2302 4331 2545 4400 absorpti
2578 4337 2708 4385 sunt
2738 4347 2750 4380 :
2778 4326 2919 4381 Core
2957 4341 3108 4393 vero,
3158 4336 3212 4379 et
3243 4324 3335 4395 qui
3368 4340 3493 4379 cunt
3542 4324 3637 4378 illo

2048 4434 2229 4491 erant,
2270 4424 2395 4492 igne
2421 4438 2452 4476 a
2507 4419 2617 4475 Deo
2652 4420 2900 4474 immisso
2953 4417 3227 4472 combusti
3257 4425 3386 4471 sunt
3409 4415 3458 4472 ι.
3511 4414 3639 4469 lla-c

349 4515 411 4569 δὲ
443 4517 714 4586 τιμωρίας
753 4520 1032 4587 ἐπήγαγεν
1073 4520 1100 4570 ὁ
1144 4517 1298 4581 Θεὸς,
1334 4519 1461 4582 τοὺς
1500 4517 1696 4581 ἄλλους
1732 4535 1939 4590 σωφρο-

2050 4527 2231 4573 autem
2257 4515 2527 4585 supplicia
2562 4513 2705 4568 Deus
2732 4511 2951 4576 inﬂixit,
2979 4510 3120 4565 alios
3161 4516 3355 4580 sapere
3374 4524 3577 4579 cogens
3620 4526 3635 4562 :

353 4610 473 4662 νεῖν
503 4610 858 4677 ἀναγκάζων·
888 4609 1148 4677 οὐδεμίαν
1171 4609 1228 4662 δὲ
1263 4609 1451 4662 λαϐεῖν
1480 4610 1733 4663 ἐντεῦθεν
1759 4609 1947 4679 ὄνησιν

356 4700 739 4771 ἐϐουλήθησαν
758 4718 772 4732 ο
811 4701 904 4754 καὶ
939 4700 1095 4754 τοῦτο
1130 4700 1280 4772 δηλοί
1311 4702 1345 4770 ἡ
1377 4700 1488 4753 τῶν
1516 4701 1946 4773 τετολμημένων

352 4791 646 4863 ἐξήγησις.

426 4885 516 4937 ιϐ’.
559 4903 578 4934 ι
618 4883 731 4936 Καὶ
786 4885 1052 4954 ἐποίησαν
1105 4884 1306 4956 μόσχον
1353 4886 1411 4936 ἐν
1464 4883 1692 4954 Χωρήὸ.
1750 4900 1771 4934 ι
1828 4884 1947 4952 Οὐχ

345 4976 541 5039 ἁπλῶς
572 4976 667 5029 τοῦ
702 4977 863 5047 ὅρους
892 4978 1324 5047 ἐμνημόνευσεν,
1371 4976 1507 5031 ἀλλὰ
1540 4976 1639 5047 τὴν
1679 4975 1782 5045 τῆς
1812 4977 1945 5029 ἀσε-

348 5072 511 5135 ϐείας
569 5071 841 5125 διδάσκων
893 5070 1221 5141 ὑπερϐολήν.
1272 5070 1361 5123 Ἐν
1416 5067 1593 5140 τούτῳ
1637 5069 1748 5138 γὰρ
1780 5066 1941 5137 ὤφθη

348 5164 465 5218 τῶν
493 5164 633 5218 ὅλων
676 5167 705 5216 ὁ
749 5163 954 5233 Κύριος
973 5179 988 5192 ο
1023 5165 1081 5216 ὲν
1109 5161 1284 5233 τούτῳ
1308 5162 1566 5233 δείματος
1596 5161 1797 5226 αὐτοὺς
1860 5162 1948 5215 ὲν-

394 5316 414 5356 ί
478 5314 653 5374 Exod.
708 5332 802 5381 xv,
838 5316 931 5383 20,
971 5315 1064 5370 2|.
1144 5327 1159 5366 ι
1197 5314 1359 5370 Num.
1392 5332 1505 5371 xvn.
1588 5312 1615 5353 ¹ι
1653 5315 1788 5371 ibid.

2055 4611 2149 4667 sed
2183 4608 2317 4664 nihil
2355 4606 2714 4663 emolumenti
2749 4605 2878 4659 hinc
2915 4602 3194 4673 percipere
3215 4603 3530 4656 voluerunt.
3575 4601 3639 4654 lit

2058 4702 2162 4756 hoc
2184 4699 2425 4756 declarat
2453 4697 2699 4752 narratio
2727 4709 2940 4760 eorum,
2976 4709 3098 4764 qua:
3144 4694 3487 4747 committere
3518 4693 3640 4746 ausi

2056 4803 2204 4850 sunt.

2126 4884 2294 4942 Vsus.
2346 4884 2435 4940 19.
2495 4900 2515 4934 ι
2559 4882 2628 4936 Et
2670 4881 2919 4934 fecerunt
2951 4877 3185 4932 vitulum
3222 4877 3276 4931 in
3316 4874 3554 4930 Clioreb.
3617 4891 3637 4922 ι

2057 4977 2174 5032 Νοη
2207 4974 2528 5045 simpliciter
2567 4972 2773 5027 montis
2806 4969 3073 5036 tuteminit,
3105 4969 3199 5024 sed
3245 4976 3304 5022 ut
3342 4964 3642 5035 impietatis

2055 5068 2429 5124 incredibilem
2477 5065 2909 5136 magnitudinem
2957 5063 3381 5117 demonstraret.
3430 5056 3485 5109 ιιι
3535 5056 3640 5109 hoc

2055 5158 2200 5214 enim
2250 5156 2468 5229 1358
2519 5155 2775 5227 apparuit
2808 5153 3073 5210 Dominus
3123 5152 3526 5214 universorum,
3584 5146 3637 5199 in

1443 5427 1681 5483 VARIJE
1721 5427 2107 5486 LECTIONES
2155 5426 2245 5482 ET
2277 5424 2515 5482 NOTAE.

451 5549 497 5618 ξ’
522 5547 731 5616 Italeg.
769 5548 822 5601 in
858 5548 1162 5603 cod.Alex.
1240 5550 1284 5581 "
1319 5547 1409 5614 Τῷ
1438 5551 1622 5617 λόγῳ.
1684 5547 1760 5602 Ita
1814 5548 2012 5618 legitur
2065 5549 2120 5603 in
2167 5545 2257 5602 ed.
2310 5545 2432 5618 Ald.
2484 5542 2798 5618 et_C-_ompl.

356 5621 405 5691 ff
437 5614 663 5691 ⁷ῌσᾳγ.
683 5609 827 5691 Ῑὶρο.
865 5619 1127 5691 lectiocst
1154 5609 1420 5691 ﬁvecav.'_
1453 5621 1498 5652 ¹⁰
1526 5609 1824 5691 Τοσαῦτα,
1848 5609 1902 5674 ,ξι
1922 5642 1939 5691 λ

2043 5649 2071 5673 ι.
2107 5618 2229 5672 Alia
2268 5617 2379 5691 vid.
2420 5615 2563 5686 apud
2594 5609 2837 5691 Cord._t.
2867 5609 3037 5691 111,.p.
3081 5609 3201 5664 152.

2916 5540 2959 5573 ⁸⁸
2988 5541 3120 5594 Kal.
3174 5539 3338 5595 Abest
3365 5555 3393 5594 a
3419 5539 3541 5593 cod.
3583 5541 3636 5596 1.

2916 5609 2956 5664 1.
2984 5626 3037 5664 ι).
3081 5609 3201 5664 152.
3312 5611 3357 5641 ¹¹
3390 5611 3635 5664 Πλησιι.

3484 5625 3635 5677 ησμο

356 5676 526 5759 llcbr.
565 5687 812 5743 Maciem.
888 5690 934 5719 ³²
957 5676 1205 5759 Αῑτημᾶ,
1240 5707 1292 5744 κ.
1321 5707 1372 5743 τ.
1409 5688 1459 5743 λ.
1492 5676 1933 5759 (ἐυτιίονίυςέιιυὶ

2043 5705 2097 5744 ec
2142 5692 2175 5759 l.
2213 5702 2263 5744 c.
2297 5688 2371 5759 ad
2393 5676 2539 5759 ve'rs.
2569 5685 2809 5759 pneced1
2838 5676 3042 5759 retulit,
3068 5695 3260 5759 praem:
3291 5676 3640 5759 6_oi_:g_a6’:6§;

355 5762 463 5828 τὴν
498 5758 934 5868 ὀρτυγομήτραν.
963 5760 1096 5813 dans
1134 5761 1264 5829 ipsis
1298 5760 1612 5814 coturnices.

364 5828 468 5868 τοι
516 5845 677 5868 "manu
732 5847 800 5868 νη
924 5830 971 5863 ﬂ
1002 5829 1253 5868 Πητηη-ἶρ
1306 5833 1405 5868 nml
1465 5830 1483 5868 Ι
1523 5847 1612 5868 ηφν

364 5828 489 5883 Vat.
514 5845 700 5899 praeut.
732 5828 846 5885 καί.
924 5830 971 5863 ¹⁶
998 5828 1271 5900 Πατριᾶς.
1306 5833 1426 5888 cod.
1465 5830 1487 5882 1
1523 5830 1802 5902 στρατιᾶς.

1716 5760 1764 5791 ⁸³
1797 5758 1930 5814 Τόν.
1972 5760 2095 5814 cod.
2125 5758 2246 5813 Vat.
2281 5758 2396 5811 καί.

1882 5831 1927 5862 ’⁷
1960 5831 2082 5886 cod.
2125 5832 2148 5885 1
2179 5828 2578 5898 κατεπόθησαν.

2503 5757 2549 5788 ⁸⁵
2570 5750 2695 5811 cod.
2725 5755 2750 5807 1
2784 5751 3104 5822 διαρπάσαι.
3214 5750 3261 5784 ³⁸
3288 5750 3476 5817 19-165-
3508 5752 3635 5808 00d-
