4114 6426
542 383 681 456 172⁸7

1557 388 2048 449 THEODORETI
2070 390 2407 449 EPISCOPI
2431 391 2800 451 CYRENSIS

3679 392 3815 462 173$

541 495 651 551 hoc
681 494 918 566 implevit
943 496 1089 566 lpsos
1115 496 1335 562 timore,
1367 512 1633 568 apparens
1669 514 1792 552 cum
1832 499 1957 568 igne
1998 500 2119 567 plu-

2244 500 2463 569 ἱπλησε,
2524 500 2661 571 μετᾶ
2719 500 2974 555 πλείστου
3013 502 3183 571 πυρὸς
3236 504 3424 570 φανεὶς
3449 504 3513 570 ⁸⁸,
3557 505 3815 573 σάλπιγξι

543 586 709 649 rimo,
741 589 885 643 tubis
914 598 1091 652 utens,
1127 606 1189 645 ac
1225 591 1537 645 tonitrubus
1564 607 1724 644 aures
1769 607 1959 644 eorum
1992 607 2121 644 ver-

542 677 765 742 berans,
795 692 847 735 et
876 697 999 736 cum
1040 683 1141 737 hoc
1174 694 1383 737 terrore
1413 685 1583 753 legem
1622 684 1876 737 ochrens.
1926 686 1986 736 In
2024 685 2128 736 hoc

545 771 881 840 impietatem
938 783 1158 843 patrare
1208 776 1329 831 ausi
1372 785 1522 831 sunt.
1576 796 1595 828 ι
1648 775 1712 831 Et
1761 776 2130 829 adoraverunt

542 863 815 932 sculptile.
855 886 872 917 ο
912 866 977 918 Et
1013 867 1117 921 hoc
1157 868 1385 923 alterius
1426 868 1712 922 dementia:
1757 880 1840 922 est
1871 868 2132 920 crimina-

545 955 643 1009 tio.
681 954 837 1021 Quod
892 959 1037 1010 enim
1074 968 1189 1013 arte
1220 962 1453 1012 humana
1505 958 1803 1013 formatum
1852 960 2129 1024 videbant,

550 1046 678 1099 huic
707 1047 952 1101 divinum
986 1049 1249 1103 honorem
1281 1051 1669 1105 exhibuernnt.

625 1136 790 1192 Vens.
820 1138 913 1193 ΞΟ.
950 1160 968 1191 ι
1013 1139 1081 1195 Et
1123 1150 1471 1195 mutaverunt
1494 1143 1720 1209 gloriam
1744 1142 1860 1211 ejus
1891 1142 1943 1195 iu
1983 1141 2135 1195 simi-

550 1229 837 1287 litudinem
897 1234 1053 1286 vituli
1111 1235 1447 1289 comedentis
1496 1236 1704 1289 fenum.
1752 1255 1769 1286 ι
1822 1236 2131 1289 Admodum

554 1324 800 1392 apposite
829 1325 1045 1379 illorum
1075 1327 1407 1383 dementiam
1430 1330 1700 1398 deplorat.
1734 1327 1866 1382 Nam
1891 1344 1988 1398 pro
2019 1329 2132 1389 illo,

550 1415 648 1483 qui
682 1414 808 1468 talia
857 1415 1105 1471 ediderat
1136 1419 1425 1483 miracula,
1471 1429 1525 1473 et
1560 1418 1935 1473 admirandam
1985 1418 2132 1473 illam

554 1504 782 1559 dederat
806 1505 1060 1566 salutem.
1091 1517 1144 1563 et
1172 1512 1265 1579 qui
1301 1520 1379 1565 tot
1400 1522 1452 1566 et
1501 1512 1627 1565 talia
1687 1511 1863 1566 facere
1896 1520 2133 1581 poterat,

554 1593 709 1647 vituli
747 1596 1104 1650 simulacrum
1141 1594 1569 1665 honoraverunt,
1612 1601 1772 1669 cujus
1806 1601 2137 1673 archetypus

555 1686 680 1740 cibo
703 1686 927 1756 indiget.
960 1687 1124 1743 Vituli
1158 1704 1323 1757 porro
1345 1693 1521 1757 cibus,
1554 1707 1661 1744 non
1697 1690 1853 1759 panis
1895 1701 1997 1755 cst,
2025 1706 2137 1761 quo

557 1779 789 1832 rationis
819 1793 1097 1850 compotes
1124 1797 1431 1846 vescuntur.
1465 1790 1483 1807 '
1506 1785 1599 1838 scd
1637 1786 1803 1838 herba
1837 1793 1890 1838 et
1925 1783 2130 1839 l‘cnttm.

557 1867 678 1924 Jam
709 1872 883 1934 vituli,
910 1874 1066 1941 cujus
1096 1884 1286 1931 natura
1338 1878 1567 1931 rationis
1598 1893 1790 1943 expers
1833 1886 1939 1940 est,
1976 1886 2029 1930 rt
2055 1875 2137 1931 fe-

564 1976 693 2014 num
720 1962 897 2029 cibus,
926 1967 1235 2022 etscrvitus
1266 1970 1577 2024 hominibus
1603 1971 1751 2031 data.
1784 1971 1969 2039 imago
1995 1969 2138 2023 mul-

563 2057 622 2103 to
648 2052 808 2106 vilior
832 2066 931 2108 est.
980 2055 1114 2111 Cum
1139 2060 1283 2111 enim
1332 2060 1404 2113 sit
1433 2077 1538 2115 non
1574 2063 1735 2117 modo
1778 2062 2011 2116 rationis
2041 2077 2140 2116 cx-

563 2154 705 2206 pers,
733 2157 921 2198 verum
952 2146 1114 2200 etiam
1148 2148 1466 2214 inanimata,
1500 2167 1599 2207 nec
1620 2154 1859 2222 cperari,
1886 2168 1985 2209 nec
2005 2169 2141 2207 mu—

563 2231 698 2299 gire,
754 2250 856 2290 nec
904 2239 1187 2294 comedere
1243 2252 1417 2311 potest
1465 2263 1480 2299 :
1524 2255 1760 2300 attamen
1816 2246 2140 2301 imbecillcm

563 2318 725 2374 istam
766 2319 876 2378 Deo
915 2326 1295 2383 universorum
1346 2333 1724 2399 praetulerunt.

634 2412 799 2469 Vens.
833 2416 925 2481 2|,
954 2418 1046 2474 22.
1082 2437 1101 2470 ι
1160 2420 1225 2474 Et
1257 2423 1409 2477 obliti
1458 2433 1587 2479 sunt
1638 2423 1732 2479 Dei
1765 2426 1858 2495 qui
1910 2425 2145 2480 salvat-it

563 2518 680 2562 eos.
715 2506 807 2573 qui
842 2506 966 2563 fecit
998 2526 1191 2579 magna
1229 2513 1281 2567 in
1323 2513 1580 2585 Egypto.
1609 2516 1876 2571 Mirabilia
1906 2517 1961 2570 in
1994 2528 2141 2571 terra

563 2594 758 2659 Cbam,
795 2601 1054 2656 terribilia
1098 2603 1153 2657 in
1200 2606 1338 2659 mari
1392 2605 1599 2662 Rubro.
1640 2629 1658 2660 ι
1704 2609 1814 2664 Nec
1860 2609 2005 2663 enim
2033 2623 2145 2663 sum

566 2686 810 2753 ipsorum
869 2691 1061 2749 salutis
1106 2699 1493 2764 meminerunt,
1551 2716 1727 2770 neque
1762 2701 2145 2772 Egyptiorum

563 2776 841 2847 supplicii,
877 2796 1056 2852 neque
1095 2788 1277 2854 magni
1320 2789 1569 2843 miraculi
1611 2790 1758 2860 quod
1797 2791 1851 2844 in
1886 2790 2027 2844 mari
2061 2790 2145 2845 l'a-

565 2875 712 2922 ctum
739 2880 880 2936 erat,
906 2876 999 2929 sed
1030 2878 1215 2932 omnia
1253 2880 1400 2935 illico
1426 2890 1901 2952 contempserunt.

636 3050 800 3110 Vsus.
825 3056 915 3111 25.
950 3076 969 3109 ι
1016 3057 1083 3114 Ει
1128 3061 1264 3117 dixit
1304 3078 1363 3117 sc
1393 3064 1535 3119 velle
1585 3065 1803 3136 1359
1830 3064 2148 3134 disperdere

2227 590 2533 661 χρώμενος,
2562 592 2655 644 καὶ
2691 592 3063 646 κατακτύπων
3096 592 3370 664 βρονταῖς,
3409 595 3504 647 καί
3533 596 3673 663 μετά
3699 615 3819 651 τοσ-

2227 682 2386 735 ούτου
2427 683 2583 745 δέους
2619 682 2720 753 τὴν
2755 683 3079 752 νομοθεσίαν
3120 683 3475 754 προσφέρων.
3517 684 3608 737 Ἐν
3642 684 3817 756 τούτῳ

2228 773 2594 843 τετολμήκασι
2623 776 2724 843 τὴν
2756 774 3035 828 ἀσέϐειαν.
3074 793 3094 826 ι
3149 777 3259 828 Kal
3291 775 3709 846 προσεκύνησαν
3738 776 3820 847 τῷ

2230 864 2454 935 γλυπτῷ
2474 867 2540 920 ’⁸.
2582 884 2601 916 ι
2650 864 2876 934 Ἑτέρας
2908 868 3001 919 καὶ
3032 865 3191 920 τοῦτο
3220 867 3608 937 παραπληξίας
3676 885 3814 920 κατ-

2231 958 2431 1026 ηγορία
2450 956 2506 1010 ’ὃ
2528 955 2637 1028 γὰρ
2663 957 2851 1027 ἐώρων
2879 957 2968 1010 διὰ
2991 957 3182 1028 τέχνης
3211 958 3564 1030 ἀνθρωπίνης
3591 959 3650 1012 τὸ
3676 956 3819 1023 εἶδος

2231 1047 2544 1118 δεξάμενον,
2569 1047 2746 1119 τούτῳ
2770 1049 2831 1102 τὸ
2854 1049 3020 1113 σέϐας
3044 1050 3104 1102 τὸ
3134 1049 3279 1103 θεῖον
3313 1053 3721 1122 προσήνεγκαν.

2301 1144 2371 1192 κ’.
2409 1156 2428 1188 ι
2462 1137 2573 1191 Καὶ
2600 1138 2903 1208 ἠλλάξαντο
2931 1138 3028 1210 τὴν
3055 1138 3216 1205 δόξαν
3252 1140 3420 1193 αὐτοῦ
3462 1142 3507 1174 ³⁸
3534 1143 3594 1195 ὲν
3618 1142 3814 1213 όμοιὼο

2236 1246 2367 1300 ματι
2412 1230 2615 1300 μόσχου
2641 1230 2683 1262 ³⁸
2706 1230 2981 1294 ἐσθίοντος
2996 1231 3041 1263 ³³
3075 1231 3290 1301 χόρτον.
3330 1250 3350 1284 ι
3384 1232 3601 1303 Σφόδρα
3635 1233 3817 1286 αὐτῶν

2235 1320 2513 1390 ἁρμοδίως
2549 1320 2648 1390 τὴν
2692 1319 2880 1385 ἄνοιαν
2919 1321 3321 1392 ὲτραγῴδησεν.
3371 1322 3518 1375 Ἀντί
3559 1323 3673 1393 γὰρ
3723 1323 3819 1377 τοῦ

2235 1412 2473 1465 τοσαῦτα
2532 1411 3162 1484 θαυματουργήσαντος,
3217 1415 3313 1467 καί
3367 1413 3468 1485 τὴν
3514 1415 3821 1485 παράδοξον

2238 1506 2455 1573 ἐκείνην
2486 1505 2763 1576 σωτηρίαν
2793 1507 3164 1577 χαρισαμένου
3185 1547 3200 1569 ,
3248 1507 3344 1560 καὶ
3386 1507 3629 1562 τοσαῦτα
3663 1509 3822 1579 ἐνερ-

2238 1597 2354 1664 γεῖν
2400 1595 2727 1665 δυναμένου,
2773 1597 2959 1650 εἰκόνα
2999 1598 3332 1668 τετιμήκασι
3384 1600 3608 1670 μόσχου,
3641 1594 3710 1672 ἦς
3759 1600 3825 1653 τὸ

2240 1689 2550 1758 ἀρχέτυπον
2580 1688 2783 1759 τροφῆς
2810 1689 3015 1752 ἐνδεές·
3049 1689 3224 1761 τροφὴ
3254 1691 3347 1743 καί
3376 1690 3455 1761 τῷ
3483 1690 3689 1760 μόσχῳ,
3721 1691 3827 1744 οὐκ

2171 1837 2214 1890 Β
2242 1780 2428 1851 ἄρτος,
2465 1783 2492 1834 ό
2514 1783 2627 1845 τοῖς
2644 1781 2886 1849 λογικοῖς
2924 1784 3392 1853 προσφερόμενος,
3426 1782 3563 1837 ἀλλά
3589 1783 3699 1837 πόα
3729 1784 3828 1837 καὶ

2241 1873 2456 1944 χόρτος.
2493 1872 2600 1925 Τοῦ
2642 1873 2699 1926 δὲ
2736 1873 2962 1944 μόσχου,
3006 1867 3068 1926 οὗ
3099 1873 3295 1942 ἄλογος
3341 1875 3375 1943 ἡ
3422 1874 3606 1945 φύσις,
3654 1875 3753 1928 καὶ
3799 1877 3832 1929 ό

2242 1963 2435 2035 χόρτος
2465 1965 2638 2033 τροφὴ
2656 1965 2838 2028 ⁸³,καί
2886 1966 2921 2035 ἡ
2962 1964 3180 2019 δουλεία
3220 1965 3570 2037 δεδωρημένη
3616 1965 3832 2036 ἀνθρώ.

2242 2071 2387 2119 ποις,
2439 2058 2471 2125 ἡ
2528 2053 2692 2107 εἰκὼν
2743 2054 3102 2125 εὐτελεστέρα
3138 2053 3336 2127 πολλῷ.
3382 2057 3457 2110 Οὐ
3506 2057 3638 2128 γὰρ’
3668 2058 3833 2127 μόνον

2242 2147 2458 2216 ἄλογος,
2487 2146 2625 2200 ἀλλὰ
2655 2147 2748 2201 καί
2770 2146 2997 2219 ἄψυχος,
3029 2147 3128 2200 οὐκ
3151 2149 3413 2218 ἐνεργεῖν,
3435 2149 3497 2202 οὐ
3525 2149 3831 2218 μυκᾶσθαι,

2244 2238 2346 2292 οὐκ
2379 2236 2578 2291 ἐσθίειν
2619 2237 2909 2307 ἰσχύουσα·
2930 2237 3069 2291 ἀλλὰ
3087 2240 3237 2309 ὅμως
3266 2239 3475 2310 ἀδρανῆ
3493 2240 3538 2272 ³⁸
3566 2239 3663 2292 τοῦ
3692 2238 3833 2292 Θεοῦ

2243 2330 2354 2385 τῶν
2381 2331 2520 2385 ὅλων
2552 2332 3044 2402 προτετιμήκασιν.

2316 2428 2424 2489 κα’,
2459 2421 2569 2492 κβ’.
2614 2441 2633 2473 ι
2667 2423 2778 2476 Kal
2797 2423 2840 2456 ³³
2868 2422 3202 2476 ἐπελάθοντο
3230 2421 3327 2476 τοῦ
3352 2421 3490 2476 Θεοῦ
3516 2421 3607 2475 τοῦ
3633 2420 3837 2486 σώζον-

2248 2534 2339 2580 τος
2383 2516 2600 2579 αὐτοὺς,
2650 2515 2745 2569 τοῦ
2796 2518 3127 2585 ποιήσαντος
3187 2515 3401 2585 μεγάλα
3439 2516 3499 2568 ἐν
3543 2514 3833 2585 Αἰγύπτῳ.

2247 2607 2540 2677 Θαυμάσια
2571 2607 2627 2659 ἐν
2658 2609 2727 2679 γῇ
2754 2606 2905 2677 Χάμ,
2934 2606 3144 2676 φοῦερά
3165 2607 3209 2639 ’⁸
3238 2607 3331 2660 ἐπὶ
3354 2605 3632 2677 θαλάσσης
3677 2606 3831 2677 Ἐρυ-

2250 2699 2405 2770 θρᾶς.
2442 2718 2459 2750 ι
2496 2698 2631 2753 Οὔτε
2666 2698 2774 2773 γᾴρ
2809 2699 2909 2769 τῆς
2941 2698 3148 2762 οἰκείας
3191 2698 3613 2769 ἐμνημόνευσαν
3656 2714 3836 2767 σωτη-

2253 2791 2393 2862 ρίας,
2425 2789 2549 2843 οὔτε
2593 2790 2696 2860 τῆς
2723 2787 2831 2843 τῶν
2874 2788 3192 2857 Αἰγυπτίων
3233 2788 3536 2859 τιμωρίας,
3573 2786 3702 2841 οῦτε
3741 2786 3839 2841 τοῦ

2253 2882 2489 2954 μεγάλου
2520 2881 2619 2951 τῆς
2639 2880 2912 2951 θαλάττης
2934 2880 3236 2952 θαύματος,
3262 2880 3400 2934 ἀλλά
3427 2879 3604 2933 πάντα
3622 2878 3841 2952 ἀθρόως

2249 2975 2593 3029 ἀπέπτυσαν.

2323 3071 2430 3133 κγ’.
2469 3083 2489 3117 ι
2528 3064 2639 3118 Kal
2676 3060 2796 3117 εἷπε
2831 3060 2925 3117 τοῦ
2960 3060 3346 3130 ἐξολοθρεῦσαι
3383 3062 3618 3124 αὐτοὺς,
3653 3061 3703 3114 εἰ
3759 3061 3836 3130 μὴ

565 3159 685 3207 eos,
706 3146 813 3201 nisi
848 3148 1023 3206 Moses
1053 3152 1257 3207 electus
1285 3154 1402 3224 ejus
1430 3157 1681 3210 stetisset
1707 3158 1759 3210 in
1787 3164 2010 3225 ruptura
2045 3170 2142 3211 co-

2255 3156 2462 3224 Μωσῆς
2493 3155 2522 3207 ὁ
2556 3154 2812 3216 ἐκλεκτὸς
2845 3151 3012 3206 αὑτοῦ
3058 3152 3191 3223 ἔστη
3251 3153 3310 3206 ἐν
3360 3154 3428 3224 τῇ
3472 3149 3701 3223 θραύσει
3747 3151 3842 3202 ὲν-

566 3250 685 3290 ram
711 3253 797 3301 eo,
825 3248 884 3293 ut
901 3251 1169 3298 averteret
1192 3245 1330 3299 iram
1356 3247 1498 3316 ejus,
1520 3264 1588 3302 ne
1610 3248 1947 3317 disperderet
1972 3264 2087 3303 eos.
2123 3268 2143 3302 ι

568 3323 706 3382 Nam
727 3343 850 3383 cum
876 3347 1057 3386 rerum
1082 3336 1326 3391 omnium
1346 3337 1489 3393 Deus
1513 3340 1741 3394 dixisset
1771 3358 1784 3394 :
1820 3359 1839 3391 ‹
1875 3340 2006 3394 Sine
2039 3355 2149 3405 me,

567 3424 626 3469 et
655 3417 825 3473 iratus
854 3420 1044 3475 delebo
1082 3439 1176 3478 eos
1216 3425 1270 3478 in
1310 3426 1413 3489 ira.
1439 3427 1712 3483 etfaciam
1761 3440 1814 3484 te
1840 3430 1893 3483 in
1935 3439 2147 3500 gentem

574 3519 827 3573 magnam
876 3505 921 3573 ι,
956 3528 977 3560 ι
1013 3509 1154 3565 dixit
1182 3512 1372 3569 beatus
1406 3514 1584 3571 Moses
1613 3534 1627 3569 :
1668 3536 1687 3569 ι
1734 3516 2013 3588 Siquidem
2061 3535 2151 3573 re-

575 3596 748 3651 mittis
775 3597 881 3655 illis
925 3611 1229 3672 peccatum,
1265 3608 1481 3663 remitte
1510 3625 1525 3676 ;
1557 3618 1653 3663 aut
1680 3610 1723 3664 si
1757 3626 1871 3665 non
1897 3610 2000 3675 vis,
2035 3610 2155 3666 delc

575 3702 666 3744 me
687 3692 753 3748 de
778 3692 918 3751 libro
945 3706 1061 3765 tuo,
1094 3714 1256 3770 quem
1302 3704 1570 3774 scripsisti
1603 3716 1664 3759 ω.
1713 3724 1732 3757 ι

647 3871 812 3929 Vens.
843 3876 933 3944 94,
964 3879 1056 3935 25.
1100 3901 1119 3934 ι
1156 3881 1220 3936 Et
1255 3899 1353 3953 pro
1391 3886 1563 3940 nihilo
1610 3886 1922 3941 habuerunt
1953 3897 2154 3941 terram

577 3963 1013 4036 desiderabilem,
1043 3987 1149 4027 non
1169 3976 1519 4031 crediderunt
1548 3978 1715 4032 verbo
1738 3978 1879 4047 ejus.
1914 3977 1979 4032 Et
2009 3995 2159 4032 mur-

578 4068 933 4113 muraverunt
971 4060 1023 4114 in
1050 4063 1415 4121 tabernaculis
1443 4067 1579 4133 suis,
1608 4078 1661 4122 et
1691 4084 1796 4122 non
1828 4071 2157 4124 audiverunt

576 4161 767 4203 vocem
832 4150 1061 4206 Domini.
1106 4174 1125 4205 ι
1187 4156 1361 4210 Aliam
1408 4159 1688 4227 perﬁdiam
1739 4172 2153 4216 commemorat.

575 4236 713 4293 Nam
737 4256 859 4295 cum
889 4241 1036 4299 Deus
1081 4246 1453 4315 praecepisset.
1496 4257 1557 4302 ut
1609 4251 1937 4318 promissam
1973 4251 2158 4321 ingre-

579 4331 834 4386 derentur
864 4342 1090 4397 terram,
1121 4336 1425 4393 timiditatis
1451 4340 1584 4395 vitio
1617 4341 1949 4407 laborantes,
1992 4343 2155 4412 plane

577 4424 838 4480 obluctati
873 4438 1021 4492 sunt,
1055 4429 1393 4485 Chananaeos
1443 4433 1661 4501 quidem
1703 4448 1996 4503 generosos
2028 4449 2153 4488 esse

2250 3247 2423 3301 ὠπιον
2448 3246 2640 3311 αὐτοῦ,
2667 3245 2762 3299 τοῦ
2798 3244 3144 3316 ἀποστρέψαι
3182 3245 3276 3299 τὸν
3291 3244 3465 3314 θυμὸν
3495 3243 3661 3297 αὑτοῦ
3675 3244 3720 3276 ⁸⁷
3739 3241 3841 3295 τοῦ

2255 3340 2330 3411 μὴ
2377 3339 2757 3409 ἱξολοθρεῦσαι
2807 3337 3007 3403 αὐτούς
3029 3338 3097 3392 ³⁸.
3155 3358 3174 3391 ι
3223 3336 3333 3392 τοῦ
3379 3337 3492 3406 γὰρ
3545 3335 3682 3390 Θεοῦ
3725 3335 3842 3388 τῶν

2252 3432 2388 3486 ὅλων
2420 3431 2728 3502 εἰρηκότος,
2779 3449 2798 3481 ι
2840 3431 3044 3486 Ἐασόν
3075 3448 3178 3501 με,
3227 3430 3324 3483 καὶ
3374 3427 3650 3494 θυμωθεὶς
3695 3426 3840 3498 ὀργῇ

2253 3520 2497 3591 ἐκτρίψω
2529 3520 2748 3585 αὐτοὺς,
2771 3520 2868 3574 καί
2902 3521 3115 3590 ποιήσω
3138 3537 3197 3572 σε
3219 3521 3301 3583 εἰς
3327 3518 3479 3582 ἔθνος
3502 3518 3647 3588 μέγα
3669 3533 3684 3548 °
3714 3535 3737 3570 ι
3765 3512 3844 3569 εἰ·

2254 3627 2356 3664 πεν
2377 3613 2405 3664 ό
2443 3611 2715 3681 μακάριος
2746 3611 2975 3681 Μωσῆς,
3015 3629 3034 3661 ι
3090 3610 3153 3663 Εἰ
3184 3608 3283 3677 μὲν
3319 3609 3479 3677 ἀφεῖς
3516 3608 3705 3670 αὐτοῖς
3739 3605 3844 3677 τὴν

2255 3702 2555 3774 ἁμαρτίαν,
2588 3702 2723 3771 ἄφες
2745 3719 2758 3732 ’
2812 3703 2862 3754 εἰ
2889 3702 2947 3755 δὲ
2998 3700 3093 3773 μὴ,
3144 3698 3427 3768 ἐξάλειψόν
3476 3715 3543 3769 με
3564 3699 3609 3731 ³⁸
3645 3700 3712 3751 ἐκ
3740 3699 3845 3769 τῆς

2258 3794 2441 3865 βίϐλου
2471 3788 2539 3865 ἦς
2568 3792 2838 3865 ἔγραψας.
2880 3813 2899 3845 ι

2334 3906 2352 3939 ι
2385 3886 2483 3951 κδ’,
2517 3892 2616 3940 κε’.
2668 3904 2685 3937 ι
2724 3886 2836 3939 Καὶ
2893 3883 3261 3948 ἐξουδένωσαν
3311 3884 3417 3953 γῆν
3466 3879 3843 3950 ἐπιθυμητὴν,

2255 3978 2357 4031 οὐκ
2379 3977 2424 4008 ⁸⁸
2452 3976 2782 4029 ἐπίστευσαν
2815 3974 2896 4042 τῷ
2919 3974 3063 4045 λόγῳ
3096 3972 3286 4026 αὑτοῦ.
3317 3972 3428 4026 Kal
3450 3971 3766 4040 ἐγόγγυσαν
3786 3971 3849 4023 ἐν

2255 4072 2371 4133 τοῖς
2398 4067 2752 4141 σκηνώμασιν
2783 4067 2987 4131 αὐτῶν,
3018 4068 3120 4120 οὐκ
3154 4067 3485 4137 εἰσήκουσαν
3522 4064 3620 4133 τῆς
3653 4061 3850 4129 φωνῆς

2257 4161 2489 4229 Κυρίου.
2522 4180 2542 4213 ι
2578 4160 2805 4231 Ἐτέρας
2827 4158 3110 4223 ἀπειθείας
3137 4158 3545 4229 ἀναμιμνήσκει
3564 4172 3578 4185 ·
3610 4153 3708 4207 τοῦ
3732 4153 3851 4223 γὰρ

2257 4249 2393 4304 Θεοῦ
2439 4250 2923 4321 παρεγγυήσαντος
2970 4249 3067 4316 τῆς
3114 4246 3540 4317 ἐπηγγελμένης
3579 4242 3848 4311 ἐπιϐῆναι

2259 4340 2384 4410 γῆς,
2426 4342 2527 4410 τῆς
2578 4340 2779 4402 δειλίας
2840 4338 2901 4392 τὸ
2948 4338 3119 4401 πάθος
3167 4337 3478 4407 δεξάμενοι,
3532 4335 3851 4388 ἀντέτεινον

2259 4433 2573 4504 προφανῶς,
2603 4434 2730 4495 τοὺς
2768 4432 2868 4502 μὲν
2894 4430 3236 4495 Χαναναίους
3270 4430 3554 4496 γενναίους
3584 4422 3730 4480 εἶναι
3755 4424 3849 4479 λέο

578 4526 906 4582 asserentes,
929 4533 987 4573 se
1013 4519 1161 4588 ipsos
1190 4537 1315 4577 vero
1339 4538 1444 4575 non
1474 4524 1610 4577 satis
1631 4523 1818 4578 ﬁrmas
1840 4526 2026 4594 copias
2048 4526 2142 4580 lia-

2258 4542 2466 4593 γοντες,
2505 4526 2645 4593 σφᾶς
2668 4524 2723 4577 δὲ
2751 4523 2947 4586 αὐτοὺς
2965 4520 3197 4592 δύναμιν
3228 4520 3531 4591 ἀξιόχρεων
3567 4517 3670 4571 οὐκ
3696 4516 3856 4588 ἔχειν

580 4606 728 4669 bere,
764 4608 965 4677 quibus
1016 4612 1277 4668 adversus
1307 4628 1403 4669 eos
1429 4614 1803 4682 conﬂigerent.
1864 4614 1979 4670 Hoc
2015 4632 2154 4672 sane

578 4699 926 4768 perspicuum
974 4714 1057 4758 est
1104 4717 1485 4777 argumentum
1530 4707 1954 4763 incredulitatis.
2015 4708 2154 4764 Nam

581 4790 723 4857 illos,
756 4793 847 4862 qui
892 4804 970 4850 tot
1017 4805 1403 4867 tantorumque
1444 4797 1834 4855 miraculorum
1873 4809 2151 4869 spectato-

579 4895 671 4938 res
709 4882 943 4952 fuerant,
973 4889 1383 4957 omnipotentiae
1415 4888 1559 4959 ejus,
1608 4892 1700 4958 qui
1752 4891 1885 4960 ipsis
1919 4891 2151 4947 salutem

579 4971 806 5044 largitus
832 4988 936 5042 est,
967 4979 1222 5033 omnibus
1246 4978 1301 5033 in
1332 4979 1497 5035 rebus
1523 4981 1794 5037 conlidere
1821 4997 1917 5052 par
1943 4992 2080 5038 erat.

656 5150 874 5208 1Exod.
907 5166 1081 5219 nm,
1106 5154 1193 5208 10.
1262 5162 1303 5192 ιιι
1331 5154 1461 5213 ibid.
1502 5158 1593 5214 52.

2262 4616 2400 4687 πρὸς
2457 4614 2557 4685 τὴν
2608 4614 2832 4668 ἐκείνων
2871 4612 3200 4685 παράταξιν.
3249 4611 3422 4665 Τοῦτο
3473 4609 3532 4664 δὲ
3581 4608 3855 4670 ἀπιστίας

2261 4706 2556 4779 προφανῶς
2582 4708 2879 4777 τεκμήριον
2900 4721 2913 4735 ·
2944 4706 3071 4768 τοὺς
3108 4704 3217 4775 γὰρ
3241 4702 3515 4756 τοσούτων
3541 4699 3639 4753 καὶ
3671 4698 3856 4752 τοιούο

2260 4815 2368 4852 των
2417 4798 2707 4868 θαυμάτων
2754 4796 3030 4859 αὐτόπτας
3076 4794 3300 4865 θαρρεῖν
3344 4794 3426 4857 εἰς
3475 4791 3655 4846 πάντα
3675 4790 3722 4822 ⁸⁸
3773 4788 3859 4842 δί-

2262 4908 2416 4946 καιον
2444 4886 2512 4961 ἦν
2544 4892 2610 4961 τῇ
2645 4889 2741 4944 τοῦ
2771 4888 3078 4951 σεσωκότος
3103 4886 3359 4957 δυνάμει.

1654 5355 1896 5413 ἾΔΒΙᾹΞ
1925 5354 2317 5413 LECTIONES
2359 5352 2451 5411 ET
2494 5351 2733 5418 NOTAE,

651 5507 699 5541 ’⁸
734 5508 970 5575 Φανείς.
998 5510 1119 5565 cod.
1151 5509 1175 5563 l
1211 5524 1396 5578 prtum.
1422 5510 1648 5572 αὐτοῖς..

1748 5511 2091 5579 ¹⁹Γ.1υ;ττῷ.
2123 5511 2288 5568 Hebr.
2319 5495 2513 5571 .‘DD‘OLJ
2545 5509 2687 5564 idolo
2718 5508 2859 5579 fuso.

584 5579 722 5633 riam
746 5595 920 5634 suam.
994 5581 1037 5611 ³¹
1067 5580 1338 5646 Μόσχου.
1371 5578 1534 5633 Hebr.
1567 5579 1742 5636 Bovis.
1818 5583 1862 5614 ³²
1886 5582 2016 5637 nec.
2056 5584 2142 5637 lcc

2244 5593 2321 5637 est
2351 5583 2621 5643 ἐσθοντος.

2965 5508 3011 5540 ³ο
3033 5507 3251 5563 Αὐτοῦ.
3279 5506 3442 5562 Hebr.
3484 5516 3659 5566 D1123
3679 5548 3696 5571 ,

2726 5509 2859 5575 fuso.
2965 5509 3011 5540 ”
3033 5509 3251 5563 Αὐτοῦ.
3279 5509 3442 5562 Hebr.
3484 5516 3659 5566 D1123
3679 5548 3696 5571 ,
3730 5509 3860 5578 gla-

2726 5579 2771 5611 ³⁸
2795 5578 3014 5647 Τρυφή.
3048 5579 3170 5633 cod.
3208 5580 3226 5632 l
3264 5594 3449 5648 prrem.
3483 5578 3539 5648 ἡ.
3617 5579 3666 5608 ⁸⁸
3691 5578 3856 5647 Ἀδρ.

3617 5579 3666 5608 ⁸⁸
3691 5578 3856 5647 Ἀδρ.

585 5647 710 5736 cpd.
744 5648 768 5701 l
802 5663 988 5717 praem.
1023 5650 1121 5736 τὴν
1145 5648 1331 5736 οῦτυῆ
1414 5650 1459 5736 1'
1492 5650 1814 5736 Kalebi-st
1856 5667 1884 5705 a
1913 5653 2042 5736 cod;
2076 5652 2126 5736 ἰ,

2244 5662 2419 5736 exstat
2450 5659 2664 5736 tantum
2691 5649 2742 5703 in
2768 5650 2852 5735 ed.
2873 5649 3113 5736 ind...ch
3147 5647 3400 5736 ρυιίιρι..
3718 5650 3854 5736 cod.

585 5715 710 5786 Vat.
751 5715 936 5786 prtem.
996 5715 1110 5773 καί.

1186 5718 1230 5791 ’ξ’
1262 5716 1776 5791 Τόνθυμαύτοῦ.
1828 5721 1957 5791 cod,
2000 5721 2123 5776 Vat.

2245 5721 2273 5776 δ
2304 5721 2477 5787 θυμοῦ
2531 5722 2703 5791 ὀργῆς
2737 5717 2924 5791 αςζιτοῦ.
3002 5718 3047 5751 ⁸⁸
3082 5716 3336 5787 Abram}.
3371 5719 3602 5776 Additur
3627 5718 3683 5772 in
3710 5716 3847 5773 cod.

586 5785 764 5842 Alex.
823 5786 866 5818 ³⁹
903 5789 1010 5845 Μέ.
1046 5788 1167 5846 cod.
1201 5786 1225 5839 1
1261 5788 1426 5856 κάμέ.
1487 5785 1548 5822 ’δθ
1582 5791 1720 5847 Οὐκ.
1757 5792 1876 5846 cod.
1919 5790 2035 5847 Vat.
2074 5807 2142 5862 pr;

2245 5831 2260 5846 .
2302 5785 2415 5847 καί.
2493 5793 2533 5824 ³¹
2564 5785 2685 5847 cdd.
2715 5792 2737 5845 ἰ
2771 5789 3006 5844 ἅπαντα.
