4114 6418
626 312 762 379 1⁸131

1625 302 2121 366 THEODORETI
2146 300 2487 361 EPISCOPI
2529 296 2897 359 CYRENSIS

3735 294 3847 362 1732
3868 318 3873 325 ‘

628 431 781 495 suis;
818 447 837 479 ι
873 425 1029 498 quasi
1065 425 1232 487 dicat,
1265 420 1383 476 Non
1415 422 1551 477 citra
1569 420 1967 475 dubitationem
1997 419 2214 472 locutus

2337 421 2429 481 τοῖς
2464 416 2700 486 χείλεσιν
2741 410 2930 475 αὑτοῦ,
2963 427 2981 460 ι
3018 408 3139 462 ἀντὶ
3188 405 3312 465 τοῦ,
3368 406 3463 459 οὐκ
3507 408 3850 478 ἀναμτιθόλως

630 532 732 575 est.
770 522 861 575 Ait
888 521 1032 574 enim
1064 537 1079 572 :
1116 536 1134 569 ι
1181 517 1326 570 Dixit
1352 514 1531 568 Moses
1557 514 1692 582 ipsis
1726 511 1910 566 :Num
1956 526 2022 566 ex
2064 518 2213 578 petra

633 614 734 669 hac
764 614 998 666 educam
1058 609 1215 663 vobis
1262 622 1461 675 aquam
1494 606 1564 658 p?
1602 627 1619 656 ι
1649 604 1859 659 ldrireo
1889 603 2060 657 iratus
2090 601 2216 655 uni-

632 720 916 759 versorum
966 702 1128 762 Deus,
1179 716 1287 753 non
1339 714 1436 768 per
1484 699 1662 768 ipsum
1718 706 1917 749 terram
1970 693 2218 764 patribus

634 797 957 866 promissam
990 793 1071 848 eis
1114 792 1284 854 dedit,
1319 791 1414 844 sed
1449 789 1600 843 illum
1633 789 1850 858 quidem
1886 786 2008 839 vitze
2057 786 2218 838 ﬁnem

632 889 784 941 obire
809 887 997 955 jussit,
1030 900 1128 955 per
1158 882 1387 938 Josuam
1419 896 1549 935 vero
1578 879 1728 934 Nave
1751 880 1922 933 ﬁlium
1944 884 2218 948 promissa

635 978 882 1048 perfecit.
918 976 983 1030 Et
1038 975 1261 1029 videtur
1317 989 1453 1028 sane
1492 973 1877 1026 universorum
1909 969 2223 1023 moderator

635 1070 777 1123 hanc
806 1068 854 1121 ei
882 1081 1097 1136 poenam
1130 1062 1429 1119 indixisse:
1459 1062 1550 1115 sed
1581 1062 1686 1115 alia
1710 1061 1942 1114 moliens
1966 1060 2071 1113 hoc
2100 1074 2225 1128 ges-

635 1164 726 1217 sit.
746 1160 879 1213 Nam
901 1159 1136 1229 primum
1156 1156 1378 1226 quidem
1395 1153 1711 1209 Judaaornm
1728 1152 1999 1206 insaniam
2021 1152 2221 1217 sciens,

635 1268 741 1305 non
775 1251 1025 1320 permisit
1072 1257 1130 1303 ut
1176 1263 1271 1318 per
1312 1248 1492 1315 ipsum
1526 1256 1638 1299 tota
1666 1247 1682 1264 '
1719 1244 2015 1314 promissio
2062 1244 2222 1296 ﬁnem

635 1343 950 1406 sortiretur,
987 1356 1057 1394 ne
1094 1340 1273 1409 ipsum
1308 1339 1471 1392 deum
1508 1351 1631 1391 esse
1662 1337 2092 1404 suspicarentur.
2122 1331 2225 1398 Qui

635 1434 781 1486 enim
810 1432 968 1485 vituli
1020 1431 1310 1499 imaginem
1373 1428 1533 1483 deum
1572 1425 1830 1491 fecerant,
1862 1440 2024 1495 quem
2058 1424 2229 1478 hono-

639 1540 755 1578 rem
811 1540 918 1577 non
958 1522 1272 1577 attulissent
1302 1521 1404 1589 illi,
1456 1520 1549 1589 qui
1596 1528 1675 1573 tot
1707 1519 2095 1572 miraculorum
2125 1516 2229 1569 mi-

640 1615 815 1667 nister
847 1612 993 1666 fuit?
1029 1610 1324 1680 Proptere‘a
1349 1610 1514 1663 etiam
1541 1609 1660 1677 ejus
1701 1607 2011 1677 sepulcrum
2045 1606 2230 1660 occul-

642 1703 750 1755 tari
789 1701 974 1755 \oluit.
1017 1699 1290 1754 Praeterea
1346 1698 1513 1769 legem
1548 1696 1614 1750 ad
1662 1705 1877 1765 tempus
1909 1710 2031 1750 esse
2061 1694 2225 1749 latam

645 1793 858 1864 1362
894 1791 1183 1848 ostendere
1213 1789 1387 1844 voluit
1417 1804 1482 1843 ex
1511 1787 1577 1841 iis
1610 1803 1732 1856 qua:
1756 1786 2052 1857 legislatori
2076 1787 2223 1841 acci-
2256 1768 2297 1823 Β

640 1887 860 1939 derunt.
894 1884 951 1936 Si
992 1883 1138 1937 enim
1176 1882 1292 1951 ipse
1322 1878 1603 1949 legislator
1638 1878 1910 1948 promissa
1933 1888 2076 1931 terra
2102 1892 2227 1947 per-

640 1974 751 2029 frui
784 1990 890 2028 non
933 1973 1129 2045 potuit,
1171 1972 1298 2027 bine
1328 1970 1488 2026 facile
1519 1971 1775 2039 cognosci
1817 1978 2016 2039 potest,
2047 1983 2227 2039 neque

644 2068 796 2138 ipsos
829 2068 933 2120 hac
962 2081 1093 2120 cura
1130 2065 1341 2120 diutius
1376 2062 1748 2134 perfruituros
1791 2077 1936 2117 esse.
1984 2061 2077 2117 Sic
2100 2078 2225 2118 cum

640 2176 704 2215 ea
734 2174 856 2230 quae
898 2159 950 2211 in
982 2157 1279 2212 solitudine
1324 2156 1641 2211 acciderunt
1670 2165 2008 2221 enarrasset,
2049 2165 2222 2210 trans-

641 2253 980 2323 gressionem
1033 2250 1103 2305 ab
1134 2250 1201 2307 iis
1231 2250 1286 2304 in
1332 2247 1720 2319 promissionis
1769 2255 1917 2303 terra
1958 2256 2228 2318 patratam

641 2343 937 2414 redarguit.

721 2605 886 2660 Vens.
930 2602 1125 2660 54-56.
1180 2621 1199 2655 ι
1238 2599 1359 2657 Νοιι
1412 2599 1854 2672 disperdiderunt
1901 2608 2111 2670 gentes,
2164 2599 2233 2657 de

645 2698 844 2769 quibus
870 2696 1010 2751 dixit
1038 2695 1148 2750 illis
1186 2693 1469 2749 Dominus.
1505 2693 1571 2746 Et
1609 2692 1886 2748 commisti
1928 2701 2058 2747 sunt
2091 2693 2232 2747 inter

648 2798 858 2860 gentes,
900 2797 955 2841 et
987 2786 1301 2842 didicerunt
1333 2800 1497 2855 opera
1527 2800 1739 2839 eorum.
1775 2782 1841 2838 Et
1887 2784 2235 2839 serv-iverunt

652 2879 1004 2949 sculptilibns
1034 2893 1249 2942 eorum,
1302 2888 1356 2932 et
1401 2876 1528 2931 facti
1578 2885 1707 2931 sunt
1739 2875 1848 2932 illis
1891 2874 2176 2930 seandalo.
2210 2894 2229 2928 ι

647 2971 1101 3026 Commistionem
1142 2970 1288 3025 enim
1323 2968 1625 3039 prohibuit,
1660 2969 1727 3022 ad
1777 2967 2052 3023 vitandam
2088 2983 2236 3022 com-

2314 508 2494 575 λόγοις
2523 507 2816 579 ἐχρήσατο.
2850 498 2984 554 Εἷπε
3011 501 3120 569 γάρ
3141 515 3155 528 ⁸
3194 517 3212 549 ι
3242 499 3377 567 Φησὶ
3400 499 3596 567 Μωσῆς
3626 501 3746 568 πρὸς
3770 503 3853 553 αὖ-

2317 601 2465 663 τοὺς,
2496 599 2588 669 Μὴ
2623 599 2688 649 ὲκ
2713 596 2813 664 τῆς
2846 594 3053 663 πέτρας
3094 590 3300 658 ταύτης
3328 588 3497 653 ἐξάξω
3519 591 3640 658 ὑμῖν
3662 590 3816 659 ’ὑδωρ;
3835 610 3851 643 ι

2319 692 2523 746 Τούτου
2555 691 2716 758 χάριν
2747 688 3135 754 ἀγανακτήσας
3170 681 3328 749 δῆθεν
3366 682 3394 731 6
3431 680 3536 731 τῶν
3568 680 3692 731 ὅλων
3727 680 3854 744 Θεὸς,

2319 783 2427 837 οὐδ’
2460 781 2609 851 αὐτῷ
2634 782 2734 850 τὴν
2766 780 2878 839 τοῖς
2907 776 3176 846 πατράσιν
3211 770 3616 841 ἐπηγγελμένην
3645 772 3859 823 ἀπέδωκε

2320 875 2424 945 γῆν
2445 889 2457 901 '
2491 871 2628 925 ἀλλά
2649 870 2740 922 τὸν
2770 869 2868 939 μὲν
2900 866 3156 920 ἐκέλευσε
3178 864 3433 929 δέξασθαι
3456 861 3548 916 τοῦ
3579 862 3689 932 βίου
3714 864 3767 916 τὸ
3785 866 3858 915 τέο

2322 968 2411 1031 λος
2431 984 2446 997 ο
2480 964 2546 1018 δι’
2590 961 2764 1033 Ἰησοῦ
2791 962 2847 1014 δὲ
2875 959 2967 1012 τοῦ
2995 959 3153 1027 Ναυῆ
3189 956 3521 1026 πεπλήρωκε
3543 953 3637 1024 τὴν
3660 954 3861 1023 ὑπόσχε-

2326 1076 2433 1113 σιν.
2466 1056 2580 1110 Kal.
2603 1056 2752 1107 δοκεῖ
2794 1053 2893 1123 μὲν
2919 1050 3127 1119 ταύτην
3155 1047 3303 1117 αὐτῷ
3335 1046 3602 1116 τιμωρίαν
3624 1044 3860 1098 ἐπιτεθειο

2324 1151 2479 1203 κέναι
2521 1146 2631 1199 τῶν
2672 1146 2809 1198 ὅλων
2861 1145 2889 1197 6
2937 1141 3234 1212 πρύτανις*
3290 1138 3452 1210 ἔτερα
3491 1137 3548 1190 δέ
3600 1136 3858 1203 οίκονομιῖν

2327 1238 2828 1312 ἐπραγματεύσατο
2858 1234 3040 1288 τοῦτο.
3073 1232 3296 1304 Πρῶτον
3328 1230 3425 1300 μὲν
3459 1227 3587 1299 γὰρ,
3618 1226 3720 1280 τῶν
3761 1227 3862 1278 Ἰον-

2325 1335 2492 1387 δαίων
2527 1330 2898 1400 ἐπιστάμενος
2936 1328 3147 1391 ἄνοιαν,
3177 1325 3278 1377 οὐκ
3307 1323 3455 1376 εἴασε
3489 1320 3556 1374 δι’
3588 1318 3745 1373 αὑτοῦ
3781 1320 3866 1370 πᾶ-

2329 1443 2429 1481 σαν
2448 1425 2545 1496 τὴν
2574 1424 2872 1492 ὑπόσχεσιν
2908 1422 3084 1491 πέρας
3111 1416 3317 1482 λαϐεῖν,
3369 1415 3457 1468 ἵνα
3488 1412 3563 1484 μὴ
3592 1410 3744 1466 αὐτὸν
3771 1409 3867 1462 θεὸν

2330 1516 2697 1573 ὑπολάϐωσιν.
2739 1515 2802 1567 0i
2840 1513 2948 1582 γὰρ
2993 1512 3182 1564 εἰκόνα
3217 1510 3419 1579 μόσχου
3465 1504 3869 1573 θεοποιήσαντες.

2332 1614 2483 1666 ποῖον
2514 1610 2617 1663 οὐκ
2660 1608 2726 1662 ἂν
2754 1606 3141 1676 προσήνεγκαν
3175 1600 3343 1663 σέϐας
3385 1597 3465 1669 τῷ
3489 1595 3746 1650 τοσούτων
3769 1594 3873 1644 (iam

2336 1706 2522 1776 μάτων
2554 1698 2817 1771 ὑπουργῷ
2853 1699 3166 1769 γενομένῳς
3218 1694 3320 1748 Διά
3359 1709 3444 1746 τοι
3483 1689 3641 1744 τοῦτο
3675 1689 3760 1740 καὶ.
3799 1684 3874 1736 τὸν

2328 1796 2498 1865 τάφον
2530 1794 2696 1850 αὑτοῦ
2724 1793 2908 1847 λαθεῖν
2930 1789 3233 1859 πεποίηκεν
3254 1788 3283 1841 ὁ
3302 1785 3437 1849 Θεός
3454 1800 3468 1814 ο
3495 1781 3628 1852 πρὸς
3654 1781 3707 1834 δὲ
3724 1778 3875 1837 τοῦτο,

2327 1884 2425 1937 καὶ
2453 1887 2554 1955 τῆς
2583 1880 2910 1953 νομοθεσίας
2946 1877 3223 1950 ἠϐουλήθη
3266 1873 3438 1939 δεῖξαι
3472 1873 3533 1927 τὸ
3578 1871 3878 1943 πρόσκαιρον

2327 1977 2437 2030 ἀπὸ
2463 1976 2572 2029 τῶν
2594 1973 2741 2045 αὐτῷ
2770 1972 2849 2045 τῷ
2889 1970 3156 2043 νομοθέτῃ
3197 1967 3548 2038 συμϐάντων.
3580 1964 3642 2017 Et
3676 1963 3774 2031 γὰρ
3801 1958 3880 2012 6”

2329 2065 2627 2137 νομοθέτης
2674 2065 2771 2135 τῆς
2822 2061 3246 2134 ἐπηγγελμένης
3298 2059 3402 2112 οὐκ
3448 2056 3724 2129 ἀπήλαυσε
3766 2054 3879 2121 γῆς,

2331 2157 2566 2212 συνιδεῖν
2625 2154 2882 2209 ἐντεῦθεν
2928 2155 3111 2228 ῥᾴδιον
3130 2152 3196 2218 ⁸ο,
3240 2152 3317 2214 ὡς
3355 2149 3480 2202 οὐδέ
3517 2147 3673 2201 αὐτοὶ
3710 2143 3884 2210 ταύτης

2332 2246 2723 2303 ἀπολαύσωσιν
2745 2244 2839 2296 ἐπὶ
2869 2227 3123 2296 πλεῖστον
3140 2237 3241 2308 τῆς
3271 2235 3635 2306 προμηθείας.
3666 2230 3806 2283 Οὕτω
3832 2227 3884 2278 τὰ.

2332 2338 2478 2392 κατὰ
2521 2336 2620 2408 τὴν
2656 2334 2864 2406 ἔρημον
2912 2330 3343 2401 διηγησάμενος,
3380 2325 3480 2397 τὴν
3524 2326 3583 2376 ἐν
3616 2324 3681 2392 τῇ
3707 2321 3772 2389 γῇ
3807 2315 3886 2382 τῆς

2333 2429 2672 2499 ἐπαγγελίας
2707 2426 3086 2496 γεγενημένην
3127 2419 3311 2475 αὐτῶν
3352 2418 3568 2486 ἐλέγχει
3592 2415 3633 2446 ⁶¹
3678 2422 3884 2481 παρανοο

2337 2524 2491 2596 μίαν.

2403 2613 2616 2679 λδ’-λς’.
2656 2630 2677 2665 ι
2710 2611 2826 2665 Οὐκ
2881 2606 3286 2680 ἐξωλόθρευσαν
3311 2603 3384 2657 τὰ
3413 2602 3569 2670 ἔθνη,
3600 2598 3638 2654 ἃ
3664 2594 3777 2650 εἷπε
3799 2590 3884 2647 Κύ-

2338 2724 2451 2781 ριος
2480 2706 2686 2768 αὐτοῖς.
2717 2703 2828 2756 Καὶ
2860 2700 3135 2771 ἐμίγησαν
3160 2700 3217 2751 ἐν
3240 2699 3356 2760 τοῖς
3380 2695 3587 2754 ἔθνεσι,
3610 2691 3704 2744 καὶ
3722 2685 3880 2781 ἔμαθον

2334 2776 2404 2854 τὰ
2433 2798 2572 2871 ἔργα
2600 2795 2798 2850 αὐτῶν.
2819 2793 2929 2848 Καὶ
2951 2791 3276 2847 ἐδούλευσαν
3295 2791 3412 2853 τοῖς
3438 2785 3698 2856 γλυπτοῖς
3723 2776 3883 2835 αὐτῶν,

2335 2895 2432 2949 καλ⁵
2466 2892 2703 2964 ἐγενήθη
2732 2890 2915 2952 αὐτοῖς
2942 2889 3022 2950 είς
3055 2883 3378 2939 σκάνδαλον.
3409 2900 3428 2933 ι
3466 2881 3581 2950 Τὴν
3607 2878 3715 2947 γὰρ
3729 2876 3769 2907 ⁸³
3795 2875 3888 2964 ἐπεῖ

2343 2985 2529 3059 μιξίαν
2566 2960 2652 3038 δια
2677 2960 2776 3053 τὴν
2803 2981 2902 3049 τῆς
2932 2977 3189 3040 ἀσεϐείας
3221 2972 3468 3028 ἐκώλυσε
3511 2968 3806 3025 κοινωνίαν,
3838 2960 3889 3029 τῇ

651 3062 966 3116 nmnionem
1001 3060 1321 3130 impietatis,
1356 3060 1518 3113 ﬁnem
1553 3075 1680 3113 cum
1723 3058 1991 3129 principio
2019 3057 2086 3113 de
2113 3074 2232 3113 rue-

2338 3057 2481 3150 άρχῇ
2516 3076 2576 3131 τὸ
2598 3077 2749 3138 τέλος
2781 3069 3141 3138 συναναιρῶν,
3175 3069 3269 3121 καὶ
3290 3067 3391 3120 σὺν
3424 3068 3492 3136 τῇ
3519 3064 3649 3135 ῥίζῃ
3683 3060 3768 3113 τὸν
3786 3070 3895 3123 uap-

651 3156 744 3210 dio
773 3155 992 3219 tollens,
1028 3164 1081 3208 ct
1120 3169 1247 3208 cum
1277 3153 1461 3207 radice
1507 3152 1746 3206 fructum
1780 3151 1991 3217 delens,
2044 3160 2099 3205 et
2133 3151 2236 3205 mi-

651 3249 772 3303 nori
810 3247 955 3301 malo
987 3246 1143 3316 pejus
1173 3246 1497 3315 reprimens.
1533 3244 1639 3299 Sed
1686 3254 1866 3298 tamen
1910 3244 2021 3310 isti,
2050 3244 2104 3296 in
2134 3242 2237 3297 hoc

654 3341 821 3394 etiam
853 3339 1094 3393 divinam
1122 3339 1295 3408 legem
1320 3336 1675 3407 transgressi,
1700 3352 1878 3407 neque
1909 3337 2103 3405 impias
2130 3346 2239 3389 tru-

652 3429 909 3483 cidarunt
935 3439 1147 3497 gentes,
1177 3441 1354 3495 neque
1381 3426 1936 3481 communicationem
1954 3441 2079 3480 cum
2103 3425 2237 3495 ipsis

550 3591 557 3597 δ
658 3517 917 3588 fugerunt
944 3536 957 3571 :
992 3518 1085 3573 sed
1118 3533 1342 3588 pravam
1370 3517 1589 3572 illorum
1618 3520 1784 3572 vitam
1816 3518 2060 3573 aemulati
2082 3531 2233 3574 sunt.

728 3605 897 3663 Vens.
942 3606 1132 3661 37-59.
1191 3628 1208 3656 ι
1250 3608 1317 3662 Ει
1361 3609 1785 3665 innuolavernnt
1826 3610 1965 3665 lilios
2007 3625 2139 3666 suos
2185 3620 2240 3665 et

660 3699 803 3755 ﬁlias
850 3715 984 3755 suas
1022 3701 1328 3756 daemoniis.
1359 3699 1425 3755 Et
1454 3701 1763 3757 eﬁ‘nderunt
1796 3702 2121 3773 sanguinem
2154 3705 2239 3758 in-

658 3798 967 3855 nocentem,
998 3794 1320 3861 sanguinem
1348 3792 1585 3847 ﬁliorum
1616 3809 1867 3859 suorum,
1903 3805 1958 3849 et
2001 3795 2238 3850 ﬁliarum

656 3899 913 3949 suarum,
938 3898 1078 3954 quas
1110 3884 1561 3939 sacriﬁcaverunt
1591 3886 1932 3954 sculptilibus
1954 3886 2237 3943 Chanaan.

652 3976 721 4030 Et
768 3976 976 4046 polluta
1021 3987 1104 4032 est
1151 3987 1296 4033 terra
1337 3978 1724 4049 sang'uinibus.
1778 3977 2239 4035 Elcontaminaia

654 4080 737 4123 cst
763 4070 1020 4139 operibus
1054 4085 1268 4125 eorum.
1304 4089 1323 4123 ι
1368 4070 1740 4142 Colophonem
1782 4074 2078 4143 impietatis
2106 4073 2239 4128 ulti-

656 4177 805 4215 mum
841 4164 1201 4232 reliquerunt.
1239 4162 1384 4229 Quid
1409 4164 1555 4218 enim
1587 4165 1654 4219 ad
1701 4165 1999 4235 impietatis
2048 4181 2242 4221 cumn-

655 4254 766 4308 lum
801 4254 905 4309 sibi
941 4255 1137 4325 reliqui
1167 4254 1435 4322 fecerunt,
1481 4257 1576 4327 qui
1612 4258 1971 4327 sanguinibus
2004 4259 2240 4314 ﬁliorum

655 4352 709 4397 ct
740 4345 977 4399 liliarum
1012 4355 1213 4400 terram
1245 4346 1623 4417 inquinarunt,
1654 4360 1706 4405 et
1749 4350 2108 4416 daemonibus,
2145 4353 2240 4423 qui

2339 3169 2441 3222 πὺν
2467 3165 2765 3237 ἀφανίζων,
2796 3165 2893 3217 καὶ
2919 3162 2996 3232 τῷ
3016 3162 3258 3215 ἐλάττονι
3290 3157 3454 3228 κακῷ
3477 3158 3541 3208 τὸ
3591 3157 3764 3225 χεῖρον
3786 3161 3894 3217 προ-

2338 3259 2705 3316 αναστέλλων.
2753 3256 2896 3309 Ἀλλ’
2917 3256 3065 3324 ὅμως
3091 3246 3235 3304 οὗτοι
3266 3252 3363 3303 καὶ
3383 3252 3445 3302 ἐν
3474 3249 3652 3317 τούτῳ
3672 3244 3758 3296 τὸν
3782 3240 3896 3291 θεῖον

2340 3351 2768 3423 παραϐαίνοντες
2795 3349 2982 3417 νόμον,
3008 3343 3133 3398 οὔτε
3166 3343 3233 3397 τὰ
3254 3341 3498 3411 δυσσεϐῆ
3530 3335 3896 3423 ἐξωλόθρενσοξξ

2339 3444 2489 3513 ἔθνη,
2521 3440 2647 3496 εὖτε
2673 3440 2773 3510 τὴν
2805 3439 2942 3510 πρὸς
2969 3436 3108 3491 αὐτὰ
3138 3436 3341 3503 έςυγον
3374 3431 3694 3493 κοινωνίαν,
3728 3417 3899 3480 am“

2338 3538 2438 3608 τὴν
2470 3534 2718 3605 πονηρὰν
2746 3532 2927 3586 αὐτῶν
2955 3528 3230 3583 πολιτείαν
3257 3527 3572 3598 ἐζήλωσαν.

2412 3627 2622 3694 λζ’-λθ.
2663 3645 2681 3677 ι
2726 3624 2838 3680 Καὶ
2871 3622 3070 3677 ἔθυσαν
3102 3622 3230 3685 τοὺς
3278 3621 3436 3681 υἱοὺς
3480 3617 3663 3672 αὐτῶν
3704 3615 3795 3666 καὶ
3825 3604 3902 3664 τὰς

2341 3720 2649 3791 θυγατέρας
2678 3716 2858 3770 αὐτῶν
2887 3716 3001 3777 τοῖς
3034 3711 3354 3783 δαιμονίοις.
3391 3711 3508 3763 Καὶ
3548 3708 3763 3776 ἐξέχεαν
3791 3693 3900 3767 αἷμα

2340 3814 2537 3875 ἀθῶον,
2571 3805 2714 3881 αἷμα
2743 3808 2876 3862 υίῶν
2907 3806 3086 3860 αὐτῶν
3137 3806 3231 3858 καὶ
3264 3801 3618 3873 θυγατέρων,
3645 3793 3719 3852 ὧν
3740 3794 3904 3847 ἔθυσαν

2340 3907 2452 3968 τοῖς
2498 3902 2759 3972 γλυπτοῖς
2795 3898 3045 3954 Χαναάνο
3094 3900 3189 3950 καὶ
3233 3892 3649 3964 ἐφονοκτονήθη
3693 3892 3725 3960 ή
3763 3885 3825 3954 γῆ
3860 3883 3903 3932 ἒν

2341 4000 2453 4060 τοῖς
2479 3997 2698 4067 αἵμασι.
2752 3993 2859 4047 Καὶ
2897 3989 3130 4061 ἐμιάνθη
3152 3990 3199 4021 ⁸⁸
3229 3989 3287 4040 ἐν
3309 3988 3426 4049 τοῖς
3457 3986 3647 4058 ἔργοις
3679 3977 3860 4036 αὐτῶν.
3888 3988 3901 4018 ι

2341 4089 2444 4142 Τὸν
2462 4089 2506 4120 ⁸⁸
2534 4086 2820 4155 κολοφῶνα
2855 4085 2947 4152 τῆς
2985 4080 3239 4143 ἀσεϐείας
3267 4079 3588 4132 τελευταῖον
3618 4071 3903 4128 κατέλιπον·

2342 4180 2503 4233 ποίαν
2526 4179 2571 4211 ⁸⁸
2600 4177 2709 4249 γὰρ
2728 4175 3050 4237 δυσσεϐείας
3076 4170 3389 4244 ὑπερϐολὴν
3421 4167 3746 4224 καταλείπει
3771 4160 3825 4214 τδ
3843 4156 3907 4249 αξξ

2345 4284 2513 4339 μασιν
2541 4244 2691 4318 υίίῦν⁷
2713 4265 2810 4318 καὶ
2865 4262 3183 4332 θυγατέρων
3244 4260 3479 4331 μολῦναι
3524 4259 3626 4329 τὴν
3678 4255 3794 4324 γῆν.
3833 4244 3906 4299 καὶ

2341 4363 2453 4423 τοῖς
2477 4357 2795 4429 αἱμοϐὁροις
2833 4356 3053 4426 δαίμοσι
3097 4354 3198 4417 τὰς
3246 4353 3461 4407 τούτων
3515 4351 3713 4410 θυσίας
3769 4355 3908 4414 apo?

654 4438 979 4507 sanguinem
1036 4448 1262 4504 vorant,
1319 4440 1522 4495 borum
1570 4443 1838 4498 sacriﬁcia
1882 4445 2232 4500 obtulerunt!

2346 4453 2620 4519 ενεγκεῖν;
2644 4447 2735 4519 Τῷ
2761 4448 2883 4519 Θεῷ
2910 4447 3009 4518 μὲν
3029 4446 3274 4517 γάρούδὲ
3289 4445 3358 4498 τά
3379 4442 3753 4515 νενομισμένα
3773 4446 3909 4503 προσ·

655 4525 791 4580 Nam
840 4527 952 4583 Deo
990 4545 1058 4583 ne
1086 4530 1353 4604 .legitima
1389 4531 1603 4603 1363
1643 4534 1863 4603 quidem
1919 4535 2240 4601 oﬁ‘erebant,

654 4617 816 4674 idolis
843 4635 970 4674 vero
998 4631 1249 4676 natorum
1271 4624 1436 4677 etiam
1471 4624 1668 4679 cades.
1697 4643 1715 4676 ι
1756 4625 1821 4679 Ει
1844 4625 2096 4682 fornicati
2117 4637 2245 4683 sunt

656 4711 854 4765 studiis
886 4712 1021 4765 suis.
1060 4729 1078 4762 ι
1115 4711 1550 4768 Fomicationem
1579 4714 1683 4770 hoc
1717 4715 1770 4769 in
1808 4715 1930 4771 loco
1974 4731 2087 4771 non
2121 4733 2241 4773 mo-

657 4800 729 4853 do
758 4800 1263 4871 intemperantiam,
1296 4819 1484 4859 verum
1532 4805 1695 4860 etiam
1729 4805 2001 4861 idolorum
2032 4809 2238 4863 cultum

655 4902 836 4946 vocat.
872 4890 1148 4956 Quoniam
1195 4896 1345 4951 enim
1379 4898 1489 4953 Deo
1541 4899 1802 4967 copulati,
1854 4900 2072 4955 illorum
2113 4906 2235 4957 cul-

656 4991 773 5037 tum
805 4985 1150 5050 adamarttnt,
1180 4988 1497 5062 daemonum
1546 4992 1810 5048 honorem
1845 4992 2042 5049 merito
2071 4992 2238 5049 forni-

654 5076 923 5133 cationem
956 5081 1270 5150 appellavit.

725 5264 754 5306 Ρ
788 5253 952 5311 Nunt.
979 5274 1068 5326 xx,
1096 5259 1184 5316 10.

2345 4543 2543 4613 έφερον
2562 4557 2576 4571 ⁸
2602 4545 2716 4604 τοῖς
2737 4540 2794 4593 δὲ
2820 4538 3060 4601 εἰδώλοις
3087 4539 3182 4592 καὶ
3204 4535 3303 4599 τὰς
3332 4536 3449 4589 τῶν
3474 4536 3687 4590 παίδων
3708 4530 3909 4599 σφαγάς.

2351 4655 2370 4687 ι
2408 4637 2521 4689 Καὶ
2569 4634 2911 4706 ἐπόρνευσαν
2945 4634 3004 4685 ἐν
3032 4633 3146 4693 τοῖς
3190 4629 3635 4700 ἐπιτηδεύμασιν
3681 4621 3905 4706 αὐτῶνθ

2343 4729 2642 4798 Πορνειάν
2663 4704 2898 4781 ἐνταῦθα
2926 4725 2988 4779 οὐ
3019 4724 3120 4794 τὴν
3140 4722 3449 4776 ἀκολασίαν
3484 4721 3670 4792 μόνον,
3694 4711 3821 4770 ἁλλᾶ
3839 4704 3910 4798 xu}

2342 4794 2442 4892 τὴν
2492 4820 2599 4873 τῶν
2645 4819 2881 4874 εἰδώλων
2930 4814 3189 4887 λατρείαν
3231 4813 3411 4868 καλεῖ.
3465 4810 3692 4881 Ἐπειδὴ
3725 4804 3825 4875 γὰρ
3850 4794 3909 4863 τῷ

2343 4912 2464 4982 Θεῷ
2496 4912 2837 4983 συνημμένοι
2865 4909 2964 4979 τὴν
2998 4907 3224 4961 ἐκείνων
3266 4904 3581 4976 θεραπείαν
3621 4902 3905 4971 ὴγάπησανι

2343 5006 2442 5077 τὴν
2469 5002 2894 5074 δεισιδαιμονίαν
2923 5000 3150 5064 εἰκότως
3177 4997 3445 5070 πορνείαν
3477 4995 3764 5051 ἐκάλεσεν.

1756 5376 1988 5433 νΑιιιΑς
2025 5375 2409 5435 Ll‘ICTlONES
2459 5379 2546 5433 ΕΤ
2585 5380 2824 5437 NOTAE.

729 5534 774 5566 "
823 5535 907 5586 Ὀ.
942 5532 1064 5588 cod.
1106 5534 1127 5588 Ι
1169 5548 1358 5603 prtem.
1418 5530 1599 5603 αὑτός.

1705 5538 1750 5569 ⁸⁸
1795 5537 2051 5612 Ῥᾴδιον.
2093 5539 2278 5612 cod._l
2327 5541 2452 5594 add.
2508 5536 2599 5612 ἦν.

2687 5543 2725 5574 ⁶¹
2762 5544 2884 5597 eod.
2920 5544 2942 5598 1
2980 5545 3272 5616 διελέγχει.
3345 5544 3393 5616 ξ’
3434 5543 3569 5616 Τὴν
3599 5545 3708 5612 γὰρ
3737 5556 3785 5616 κ.
3809 5530 3903 5616 τῂλε

656 5597 1280 5680 Pauca“praernimtntrtr
1304 5602 1447 5680 apud
1480 5603 1641 5659 (Iord.
1677 5607 1712 5660 l.
1747 5624 1795 5661 c.
1836 5597 1887 5674 p'.
1926 5609 2043 5661 156.
2123 5610 2167 5640 ⁸³
2226 5609 2232 5629 ¹

2337 5612 2414 5663 .ιά
2466 5597 2543 5651 -’
2571 5597 3303 5680 έζήλωσανξᾸιίὶιίήὶιᾝιιέι
3341 5597 3518 5667 Curii:
3563 5597 3685 5668 I.'c.'
3754 5610 3794 5641 δ’
3823 5597 3904 5657 ιίιιι

662 5672 935 5754 ἐρνιιάνρη.
968 5670 1126 5757 ξῑιιιιτ.
1184 5672 1267 5757 Et.
1299 5672 1605 5757 pauperum
1648 5692 1776 5729 sese.
1838 5670 1898 5710 ’⁸⁸
1940 5678 2232 5735 Τὸν-κο

2337 5685 2522 5737 Uxor.
2586 5670 2709 5739 lies.
2748 5688 2889 5753 apud
2931 5686 3092 5744 Cot'd.
3128 5687 3241 5742 1.ι·.
3279 5702 3331 5757 p.
3372 5686 3500 5739 ΙὺἹ.

3580 5686 3629 5717 ⁶⁶
3654 5683 3831 5737 Ποίαν
3855 5695 3908 5710 -”’

670 5741 931 5809 σφαγάς.
972 5740 1095 5798 lla'c
1129 5745 1269 5814 apud
1294 5742 1461 5797 (Iord.
1494 5743 1529 5795 l.
1566 5758 1612 5798 c.
1648 5747 1714 5799 ad
1757 5761 1897 5801 vers.
1927 5747 1997 5801 35
2024 5751 2273 5819 apposita
2304 5763 2454 5806 sunt.
