4114 6420
204 337 224 354 .
303 288 447 353 1733

1720 290 1800 350 IN
1841 287 2049 349 PSAL
2093 285 2203 344 CV.

3457 278 3591 342 I735

374 399 573 472 μ’-μβ’.
606 418 626 453 ι
663 400 775 454 Kal.
807 398 1054 472 ὠργίσθη
1098 398 1255 470 θυμῷ
1287 398 1495 470 Κύριος
1527 400 1621 455 ἐπὶ
1652 399 1742 453 τὸν
1768 400 1898 453 λαὸν

2073 393 2241 446 Vsus.
2279 389 2469 445 40-62.
2506 405 2525 439 ι
2570 384 2636 442 Et
2681 386 2855 443 iratus
2880 395 2964 443 cst
3000 384 3184 442 furore
3225 383 3488 441 Dominus
3536 389 3588 444 in

295 492 492 556 αὑτοῦ,
521 491 620 544 καὶ
649 491 974 557 ἐϐδελύξατο
1013 492 1113 563 τὴν
1147 492 1519 563 κληρονομίαν
1557 490 1748 546 αὑτοῦ.
1786 491 1897 543 Καὶ

2019 487 2264 554 ιορυὶιιιιι
2319 498 2525 546 suum,
2583 490 2637 535 et
2680 481 3032 535 abominatus
3078 489 3160 533 est
3218 479 3592 534 luereditatem

297 584 623 654 παρέδωκεν
645 584 844 647 αὐτοὺς
876 585 955 648 είς
982 588 1171 655 χεῖρας
1196 584 1411 655 ἐχθρῶν
1435 585 1503 650 ",
1527 585 1623 637 καὶ
1643 582 1897 653 ἐκυρίευ-

300 692 402 727 σαν
437 673 621 727 αὐτῶν
653 677 702 727 οἱ
732 675 1023 746 μισοῦντες
1052 676 1274 739 αὐτούς.
1306 677 1415 728 Καὶ
1452 675 1677 745 ἔθλιψαν
1700 676 1898 736 αὐτοὺς

295 768 349 819 οἱ
374 766 567 837 ἐχθροὶ
598 767 803 829 αὐτῶν,
841 769 935 821 καὶ
966 768 1412 839 ἐταπεινώθησαν
1446 769 1552 822 ὑπὸ
1587 769 1683 831 τὰς
1711 770 1898 838 χεῖρας

297 857 504 910 αὐτῶν.
543 876 562 908 ι
597 857 783 912 Ταῦτα
816 861 912 912 καὶ
935 861 968 930 ὴ
992 860 1099 913 τῶν
1137 861 1357 930 Κριτῶν
1391 859 1600 930 ἱστορία
1632 859 1897 925 διδάσκει,

298 949 397 1001 καὶ
438 948 625 1017 μέντοι
655 950 750 1003 καὶ
787 952 819 1022 ἡ
862 951 971 1005 τῶν
1020 952 1322 1005 Βασιλειῶν
1398 955 1710 1025 συγγραφή.
1764 954 1901 1006 "me

304 1040 408 1111 μὲν
440 1039 549 1109 γὰρ
575 1040 921 1104 Μωαϐίταις,
960 1042 1171 1095 ποτὲδέ
1211 1043 1595 1113 Ἀμμανίταις,
1632 1044 1822 1096 ἄλλοτε
1846 1042 1903 1098 δέ

314 1135 752 1205 Ἀμαλακίταις,
805 1138 900 1191 καὶ
953 1137 1342 1206 Μαδιηναίοις,
1402 1139 1500 1193 καὶ
1556 1138 1900 1206 ’Λλλοφύλοις

303 1228 621 1298 παρέδωκε,
651 1231 718 1299 τῇ
748 1211 968 1300 παιδείᾳ
1000 1230 1099 1297 τὴν
1122 1228 1396 1299 ὠφέλειαν
1427 1230 1808 1301 καρπούμενος
1833 1230 1898 1284 ⁸⁸.

381 1344 494 1407 μγ’.
529 1358 546 1389 ι
583 1338 883 1403 Πλεονάκις
914 1339 1185 1411 ἐρρύσατο
1207 1341 1437 1405 αὐτούς’
1469 1342 1624 1395 αὐτοὶ
1646 1342 1703 1395 δὲ
1764 1360 1906 1413 παρ-

304 1431 616 1500 επίκραναν
647 1430 808 1484 αὑτὸν
828 1434 886 1485 ἐν
911 1435 977 1503 τῇ
1007 1432 1171 1504 βουλῇ
1199 1433 1403 1496 αὐτῶν,
1421 1435 1510 1487 καὶ
1532 1434 1903 1506 ἐταπεινώθη-

307 1541 413 1578 σαν
438 1525 495 1576 ἐν
516 1527 636 1588 ταῖς
665 1525 912 1594 ἀνομίαις
939 1525 1140 1579 αὐτῶν.
1173 1545 1190 1577 ι
1233 1526 1490 1594 Ἐπάγων
1512 1528 1618 1597 γὰρ
1646 1528 1746 1597 τὴν
1780 1545 1908 1580 παι-

306 1614 461 1666 δείαν
484 1613 645 1667 πάλιν
672 1615 949 1684 μετεδίδου
974 1614 1418 1687 φιλανθρωπίας
1440 1618 1491 1670 οἱ
1519 1617 1574 1670 δὲ
1604 1617 1765 1671 αὑτὸν
1792 1619 1906 1681 τοῖς

307 1705 577 1768 ἐναντίοις
609 1705 919 1776 ἠμείὸοντο.

389 1818 496 1890 μδ¹.
533 1837 554 1870 ι
591 1817 703 1873 Καὶ
736 1816 847 1872 εἶδε
888 1819 1093 1891 Κύριος
1110 1821 1155 1853 (⁵⁸
1181 1820 1239 1872 ἐν
1271 1820 1349 1891 τῷ
1379 1821 1654 1875 θλίϐεσθαι
1683 1821 1900 1886 αὐτοὺς,

311 1912 376 1964 ἐν
420 1910 499 1983 τῷ
546 1911 710 1965 αὐτὸν
770 1911 1091 1966 εἰσακοῦσαι
1144 1913 1241 1983 τῆς
1293 1913 1532 1984 δεήσεως
1570 1914 1750 1967 αὐτῶν
1771 1914 1839 1969 ⁷⁸.
1877 1931 1897 1964 ι

311 2001 505 2057 Ταῦτα
557 2002 652 2055 καὶ
684 2002 740 2055 ai
773 2003 1003 2074 ἱστορίαι
1044 2003 1384 2057 διδάσκουσι·
1429 2005 1522 2058 καὶ
1561 2005 1643 2057 ὅτι
1677 2003 1904 2075 ἐδεήθη-

313 2111 417 2147 σαν
444 2093 539 2147 τοῦ
587 2094 724 2148 Θεοῦ
771 2096 880 2151 ἀπὸ
900 2096 941 2128 ⁷⁸
993 2096 1093 2167 τῆς
1135 2097 1384 2169 ἀνάγκης
1428 2096 1766 2169 ὠθούμενοι·
1810 2097 1908 2151 καὶ

311 2188 399 2241 ὅτι
429 2185 712 2258 δεηθέντες
739 2187 1114 2260 ὴκούσθησαν.

392 2307 497 2374 με’.
536 2319 554 2353 ι
583 2302 695 2356 Καὶ
724 2301 971 2372 ἐμνήσθη
998 2303 1100 2372 τῆς
1126 2303 1391 2375 διαθήκης
1416 2304 1603 2369 αὐτοῦ,
1630 2305 1725 2359 καὶ
1784 2322 1911 2376 μετ-

315 2412 341 2447 ε
352 2394 564 2468 μελήθη
584 2396 798 2449 κατὰτὸ
818 2396 1024 2466 πλῆθος
1052 2398 1145 2451 τοῦ
1173 2398 1324 2450 ἐλέου
1349 2400 1393 2430 ⁷²
1422 2398 1608 2452 αὑτοῦ.
1637 2399 1776 2451 una
1801 2398 1909 2467 γὰρ

313 2488 421 2552 τὰς
447 2489 584 2559 πρὸς
614 2489 742 2553 τοὺς
774 2491 1019 2561 πατέρας
1054 2492 1391 2559 ἐπαγγελίας
1419 2493 1509 2543 τὸν
1536 2491 1687 2544 ἔλεον
1712 2492 1909 2560 ἐχορή-

315 2596 491 2652 γησε·
524 2579 930 2649 μεταμέλειαν
964 2580 1018 2634 δὲ
1042 2583 1200 2635 καλεῖ
1230 2583 1327 2652 τῆς
1358 2583 1606 2644 παιδείας
1639 2582 1736 2653 τὴν
1779 2584 1911 2635 παῦ-

314 2672 441 2726 ).αν.
485 2672 545 2724 Ὀ
569 2671 681 2743 γὰρ
724 2672 857 2736 Θεὸς
894 2674 989 2744 τῆς
1033 2675 1395 2744 μεταμελείας
1434 2675 1533 2727 οὐκ
1576 2674 1688 2745 ἔχει
1724 2675 1784 2726 τὸ
1817 2674 1913 2727 πά-

318 2766 436 2832 θος,
470 2766 590 2819 οὐδὲ
613 2766 707 2818 νῦν
740 2766 840 2836 μὲν
861 2766 1091 2832 τούτοις,
1121 2767 1218 2820 νῦν
1248 2768 1303 2820 δὲ
1330 2767 1556 2830 ἐκείνοις
1590 2767 1906 2838 ἀρέσκεταιο

319 2859 461 2914 ἀλλὰ
482 2861 663 2929 σοφῶς
697 2860 912 2913 ἅπαντα
948 2859 1330 2930 πρυτανεύων,
1365 2861 1458 2913 καὶ
1501 2860 1751 2922 παιδείας
1814 2861 1912 2910 ἐπ-

322 2951 473 3019 άγει,
503 2949 596 3002 καὶ
624 2949 1034 3019 φιλανθρωπίαν
1061 2950 1265 3020 ὀρέγει.

399 3071 521 3134 pg“.
558 3083 576 3116 ι
615 3064 724 3117 Καὶ
750 3063 948 3118 ἔδωκεν
977 3065 1173 3127 αὐτοὺς
1203 3065 1282 3128 είς
1305 3065 1646 3135 οἰκτιρμοίις,
1670 3064 1910 3118 ἐναντίον
1936 3100 1979 3155 c

324 3156 549 3209 πάντων
568 3156 676 3208 τῶν
711 3155 1274 3227 αίχμαλωτευσάντων
1308 3156 1527 3219 αὐτούς.
1573 3176 1591 3207 ι
1634 3157 1791 3210 Οὕτω
1818 3157 1910 3209 τὸν

323 3248 512 3318 Κύρον
540 3246 883 3314 κατέθελξεν,
913 3246 1005 3301 καὶ
1029 3249 1109 3312 είς
1143 3248 1290 3300 ἔλεον
1324 3247 1560 3318 ἔκαμψε,
1602 3249 1698 3302 καὶ
1730 3248 1915 3301 δοῦναι

321 3344 441 3405 τοῖς
458 3338 817 3412 δορυαλώτοις
838 3339 936 3412 τὴν
967 3339 1279 3412 ἐλευθερίαν
1317 3340 1604 3413 πεποίηκε.

402 3457 514 3527 μζ¹ο
552 3476 570 3508 ε
609 3456 791 3509 Σῶσον
826 3458 975 3527 ἡμᾶς
999 3498 1014 3523 ,
1039 3457 1213 3528 Κύριε
1245 3459 1273 3511 6
1306 3457 1440 3522 Θεὸς
1472 3458 1649 3530 ἡμῶν,
1680 3457 1776 3512 καὶ
1799 3458 1918 3511 ἐπι-

327 3549 611 3617 συνάγαγε
642 3549 790 3619 ἡμᾶς
815 3550 879 3601 ἐκ
909 3550 1019 3601 τῶν
1053 3549 1248 3615 ὲθνῶν’
1282 3549 1378 3605 τοῦ
1416 3548 1918 3621 ἐξομολογήσασθαι

325 3642 410 3714 τῷ
440 3642 665 3713 ὀνόματί
699 3660 792 3696 σου
822 3642 899 3714 τῷ
928 3644 1088 3715 ἁγίῳ,
1118 3643 1214 3697 τοῦ
1248 3644 1629 3714 ὲγκαυχᾶσθαι
1657 3646 1715 3698 ἐν
1741 3645 1806 3713 τῇ
1834 3644 1919 3695 αἱ·

327 3736 486 3789 νέσει
518 3752 634 3789 σου.
679 3754 697 3786 ι
744 3736 855 3788 Καὶ
886 3734 1061 3788 ταῦτα
1088 3735 1258 3804 δηλοῖ,
1293 3736 1370 3797 ὡς
1396 3738 1425 3789 ὀ
1457 3733 1793 3806 προφητικὺς
1818 3734 1921 3786 αὑ-

326 3831 458 3892 τοὺς
488 3828 729 3883 διδάσκει
767 3827 946 3896 λόγος,
988 3828 1105 3891 πῶς
1143 3829 1225 3882 δεῖ
1266 3828 1358 3882 τὸν
1397 3829 1529 3881 Θεὸν
1573 3826 1917 3891 ίλεώσασθαι,

330 3925 429 3979 καὶ
458 3927 557 3995 τῆς
584 3925 715 3996 παρ’
753 3922 919 3978 αὑτοῦ
958 3923 1281 3995 κηδεμονίας
1307 3926 1506 3993 τυχεῖν.
1543 3922 1653 3976 Καὶ
1681 3923 1709 3974 6
1737 3920 1924 3974 θεσπέ-

333 4033 451 4079 σιος
473 4015 531 4069 δὲ
578 4015 902 4077 Ἀπὸστολος
930 4014 1028 4086 τὴν
1046 4014 1314 4085 ἐσομένην
1357 4013 1630 4075 Ἰουδαίοις
1648 4010 1922 4082 σωτηρίαν

329 4110 426 4165 διὰ
466 4108 646 4162 Ἠλιοῦ
692 4108 787 4163 τοῦ
821 4109 1081 4162 Θεσϐίτου
1125 4108 1559 4178 προηγόρευσεν·
1614 4124 1633 4157 ς
1671 4106 1828 4170 Ἥξει
1859 4107 1925 4158 ἐκ

333 4200 479 4256 Σιὼν
499 4203 565 4268 ⁷³,
590 4202 777 4272 φησὶν,
810 4204 839 4255 ὁ
868 4201 1152 4271 ῥυόμενος,
1185 4200 1280 4253 καὶ
1312 4198 1646 4268 ἀποστρέψει
1668 4197 1924 4260 ἀσεϐείας

334 4295 448 4349 ἀπὸ
491 4293 685 4348 Ἰακὼϐ
706 4314 721 4328 ·
750 4295 841 4349 καὶ
869 4294 1010 4364 αὕτη
1045 4295 1230 4357 αὐτοῖς
1258 4295 1292 4364 ή
1327 4293 1459 4365 παρ’
1492 4292 1626 4363 ἐμοῦ
1665 4292 1923 4362 διαθήκη,

332 4387 469 4440 ὅταν
494 4386 786 4455 ἀφέλωμαι
824 4384 924 4449 τὰς
966 4385 1243 4455 ἁμαρτίας
1264 4384 1465 4437 αὐτῶν.
1513 4401 1534 4433 ›
1586 4383 1660 4435 Οὐ
1700 4381 1800 4452 μὲν
1829 4381 1928 4453 τὴν

334 4476 653 4548 οἰκοδομίαν
694 4477 795 4547 τῆς
853 4476 1212 4547 Ἰερουσαλὴμ
1261 4477 1587 4545 προσμεῖναι
1628 4475 1735 4537 δεῖ,
1786 4472 1927 4527 κατά

333 4571 466 4633 τοὺς
495 4569 699 4640 μύθους
739 4570 849 4624 τῶν
890 4570 1159 4640 ἀνοήτων,
1205 4568 1303 4621 καὶ
1332 4567 1431 4638 τὴν
1461 4568 1602 4621 κατὰ
1632 4567 1797 4636 νόμον
1834 4566 1929 4619 λα-

335 4662 548 4735 τρείαν,
577 4662 672 4716 καὶ
696 4662 796 4725 τὰς
826 4660 1057 4730 ἀλόγους
1087 4659 1300 4723 θυσίας,
1339 4661 1436 4713 καὶ
1478 4659 1799 4730 περιτομὴν,
1834 4656 1931 4711 καὶ

340 4751 638 4816 σάϐϐατον,
673 4752 769 4805 καὶ
798 4750 1005 4822 σκιώδη
1027 4753 1465 4821 περιρραντήρια
1496 4750 1633 4819 μετά
1677 4749 1739 4801 τὸ
1790 4766 1929 4803 παν-

339 4845 498 4913 ἅγιον
521 4842 837 4914 βάπτισμαο
870 4841 1043 4896 ταῦτα
1074 4842 1181 4913 γὰρ
1210 4841 1469 4912 γραῖδίων
1489 4840 1796 4909 μεθυόντων
1827 4858 1929 4893 πα-

339 4938 482 5008 ραλη
492 4938 557 5007 ρή
568 4954 716 5006 ματα
737 4935 782 4969 ⁷⁵
803 4952 816 4965 °
845 4935 979 4989 ἀλλὰ
997 4935 1187 5006 κλῆσιν
1211 4935 1304 4987 καὶ
1321 4935 1617 5002 ἐπίγνωσιν
1644 4932 1924 5003 ἀληθείας,

339 5030 439 5086 καὶ
468 5031 652 5083 πίστιν
673 5029 754 5092 είς
781 5028 873 5082 τὸν
892 5029 1170 5099 Δεσπότην
1203 5026 1459 5099 Χριστὸν,
1495 5026 1588 5078 καὶ
1609 5023 1709 5095 τῆς
1734 5024 1929 5094 καινῆς

337 5119 615 5193 διαθήκης
639 5119 736 5193 τὴν
759 5120 1056 5176 πολιτείαν.

416 5315 445 5357 ιι
480 5300 645 5358 Rom.
676 5316 755 5367 ιι,
805 5297 899 5367 26,
946 5299 1055 5366 27;
1092 5297 1221 5354 coll.
1282 5293 1388 5355 lsa.
1426 5312 1538 5364 LIX,
1577 5294 1670 5351 20.

2000 590 2180 630 suam.
2213 573 2316 628 ‘Et
2338 573 2560 627 tradidit
2584 588 2678 627 ens
2713 573 2766 625 in
2800 587 2997 625 manus
3022 571 3287 633 hostium,
3326 580 3381 624 et
3408 570 3597 625 domi-

2001 667 2114 720 nati
2150 675 2278 720 sunt
2318 665 2405 725 iis,
2438 664 2533 733 qui
2565 664 2798 718 oderunt
2828 678 2943 717 eos.
2978 662 3041 715 lit
3065 662 3464 715 tribulaverunt
3498 675 3596 715 eos

2002 759 2209 812 inimici
2279 772 2512 822 eorum,
2561 765 2616 810 et
2677 755 2948 809 humiliati
3009 764 3140 808 sunt
3193 754 3297 808 sub
3340 753 3596 807 manibus

2003 866 2221 905 eorum.
2290 869 2309 902 ι
2350 850 2472 903 llaec
2511 857 2564 902 et
2609 847 2864 902 Judicum
2914 848 3144 901 historia
3195 847 3375 910 docet,
3428 856 3597 915 atque

2003 941 2164 995 etiam
2200 940 2513 1011 Regnorum
2543 939 2684 993 libri.
2715 937 2849 992 Nam
2876 940 3038 992 modo
3075 937 3294 1007 quidem
3317 935 3594 1000 Moabitis,

2005 1033 2170 1084 modo
2203 1046 2335 1085 vero
2371 1030 2727 1092 Ammanitis,
2771 1030 2908 1084 alias
2949 1040 3131 1083 autem
3164 1027 3502 1090 Amaleeitis,
3538 1033 3597 1081 et

2008 1124 2353 1189 Madiana-is,
2387 1132 2441 1177 et
2478 1122 2784 1193 Allophylis
2810 1137 2907 1176 cos
2940 1121 3182 1185 tradidit,
3214 1130 3271 1176 ut
3299 1136 3394 1190 per
3427 1118 3596 1175 casti-

2007 1216 2283 1287 gationem
2331 1213 2633 1268 commodis
2669 1212 2913 1281 ipsorum
2954 1213 3282 1267 consuleret.

2080 1325 2246 1379 Vens.
2283 1323 2374 1377 45.
2412 1341 2432 1374 ι
2477 1320 2633 1391 Ξαιρο
2663 1322 2915 1376 liberavit
2946 1339 3062 1386 eos,
3101 1323 3202 1392 ipsi
3250 1331 3432 1378 autem
3461 1336 3596 1377 exa-

2008 1416 2375 1475 cerbaverunt
2398 1429 2525 1469 eum
2562 1414 2794 1469 consilio
2826 1430 2945 1478 suo,
2973 1424 3027 1469 et
3056 1414 3325 1468 homiliati
3374 1421 3504 1470 sunt
3538 1414 3595 1468 in

2008 1507 2397 1577 iniquitatibus
2425 1507 2564 1561 suis.
2617 1524 2636 1558 ι
2673 1505 2932 1576 lntligens
2953 1507 3100 1559 enim
3136 1520 3375 1574 poenam,
3406 1520 3600 1559 rursus

2010 1596 2405 1666 benignitatem
2441 1595 2671 1667 largitus
2702 1604 2823 1661 est;
2862 1595 2963 1664 ipsi
3001 1604 3184 1649 autent
3213 1594 3485 1649 contraria
3515 1609 3603 1649 rc-

2012 1687 2338 1759 pendebant.

2082 1821 2252 1878 Vsus.
2294 1820 2385 1875 44.
2419 1839 2437 1873 ι
2498 1820 2565 1875 Et
2602 1820 2739 1875 vidit
2778 1820 3046 1875 Dominus
3093 1836 3217 1876 cum
3260 1818 3600 1875 tribularen-

2012 1924 2125 1981 tur,
2172 1929 2296 1969 cum
2348 1913 2567 1967 audiret
2616 1914 2925 1967 orationem
2974 1927 3188 1967 eorum.
3226 1930 3244 1962 ι
3282 1910 3408 1966 llaec
3434 1912 3601 1966 etiam

2011 2007 2259 2062 historiae
2280 2007 2501 2069 docent,
2533 2015 2588 2060 et
2625 2005 2776 2075 ipsos
2805 2005 2976 2060 Deum
3008 2006 3337 2060 obsecrasse
3357 2020 3386 2057 a
3416 2019 3603 2060 ueces~

2012 2100 2174 2153 sitate
2215 2096 2508 2166 impulsos,
2541 2106 2747 2151 etcum
2794 2110 2986 2166 preces
3040 2095 3331 2159 fudissent,
3372 2094 3602 2149 exaudi-

2014 2197 2099 2241 tos
2135 2186 2323 2241 fuisse.

2084 2298 2249 2352 Vens.
2283 2297 2373 2351 45.
2409 2315 2426 2347 ι
2468 2294 2529 2349 Et
2565 2310 2775 2351 memor
2802 2294 2903 2350 fuit
2945 2295 3167 2353 foederis
3192 2296 3299 2362 sui,
3346 2306 3399 2352 et
3430 2297 3604 2366 pmni-

2014 2390 2118 2443 tnit
2189 2404 2314 2443 eum
2377 2387 2680 2443 secundum
2745 2386 3151 2442 multitudinetn
3214 2386 3605 2441 misericordia:

2014 2495 2148 2534 suae.
2190 2497 2208 2530 ι
2244 2478 2379 2534 Nam
2433 2489 2657 2548 pr0pter
2688 2477 3086 2546 promissiones
3117 2478 3368 2547 patribus
3430 2477 3605 2534 factas

2015 2572 2449 2627 misericordiam
2486 2572 2758 2625 exhibuit.
2814 2569 3193 2625 Paenitentiam
3233 2570 3448 2643 1364
3472 2586 3606 2627 vero

2013 2675 2294 2733 nuncupat
2318 2677 2491 2730 pugnae
2522 2662 2909 2718 cessationem.
2942 2663 3224 2734 Siquidem
3268 2664 3606 2734 poenitentiae

2014 2756 2244 2811 affectus
2271 2755 2325 2809 in
2362 2755 2531 2809 Deum
2572 2770 2678 2811 non
2707 2749 2874 2819 cadit,
2903 2770 3082 2825 neque
3109 2756 3272 2811 modo
3307 2757 3415 2819 bis,
3440 2758 3606 2811 modo

2015 2848 2123 2903 illis
2170 2849 2470 2903 delectatur
2500 2865 2514 2901 :
2543 2846 2637 2902 sed
2672 2847 2856 2901 omnia
2892 2846 3167 2916 sapienter
3205 2848 3523 2915 moderans,
3545 2858 3604 2903 et

2015 2938 2282 3007 supplicia
2310 2935 2530 3008 inﬂigit,
2563 2950 2618 2991 et
2652 2936 3042 3006 benignitatem
3073 2938 3315 2992 exhibet.

2090 3036 2249 3105 Vens.
2282 3051 2371 3105 46.
2421 3069 2438 3100 ι
2483 3051 2545 3103 Et
2587 3050 2788 3115 effecit,
2825 3060 2885 3105 ut
2930 3050 3357 3106 misericordiam
3403 3066 3603 3108 conse-

2018 3150 2323 3213 querentur
2355 3158 2544 3197 coram
2582 3144 2840 3199 omnibus
2872 3144 2965 3214 qui
2995 3155 3255 3214 ceperant
3296 3159 3413 3199 eos.
3456 3163 3474 3197 ι
3510 3145 3604 3202 Sic

2016 3235 2216 3306 Cyrum
2240 3235 2523 3298 dctuulsil,
2553 3244 2608 3290 ct
2640 3235 2708 3290 ad
2733 3237 3167 3292 misericordiam
3203 3236 3432 3305 inﬂexit,
3456 3246 3513 3294 et
3541 3248 3603 3295 ut

2017 3328 2248 3396 captivis
2283 3327 2590 3383 libertatem
2623 3329 2797 3394 daret,
2830 3328 3031 3384 eﬂecit.

2094 3439 2258 3495 Vsus.
2288 3441 2378 3496 47.
2419 3459 2437 3492 ι
2473 3440 2666 3497 Salvos
2695 3457 2797 3498 nos
2829 3441 2935 3508 fac,
2956 3441 3187 3500 Domine
3220 3444 3362 3500 Deus
3394 3453 3605 3510 noster,

2020 3542 2072 3589 et
2102 3548 2372 3603 eongrega
2401 3548 2504 3588 nos
2528 3533 2596 3587 de
2626 3534 2941 3589 nationibus
2969 3551 2985 3590 :
3020 3544 3079 3589 ut
3107 3538 3471 3591 contiteamur
3503 3550 3606 3590 no.

2020 3622 2154 3676 mini
2174 3630 2266 3677 tuo
2294 3630 2503 3688 sancto,
2532 3632 2587 3689 et
2604 3623 2904 3691 gloriemur
2931 3625 2983 3677 in
3016 3624 3175 3680 laude
3200 3635 3310 3679 tua.
3348 3644 3369 3679 ι
3403 3625 3466 3681 Et
3497 3624 3611 3681 lucc

2022 3715 2345 3773 ostendunt,
2382 3713 2702 3781 prophetam
2723 3713 2872 3783 ipsos
2896 3714 3111 3779 docere,
3146 3717 3423 3785 quomodo
3454 3732 3611 3787 opor-

2025 3812 2135 3858 teat
2167 3802 2335 3856 Deum
2370 3803 2610 3872 placare,
2643 3814 2696 3858 et
2725 3806 3012 3874 providam
3043 3807 3162 3876 ejus
3193 3823 3380 3861 curam
3410 3823 3609 3863 conse-

2023 3896 2140 3966 qui.
2173 3895 2240 3949 Et
2286 3895 2505 3949 divinus
2528 3896 2823 3965 Apostolus
2850 3898 3086 3952 futuram
3124 3897 3435 3953 Judaaorum
3460 3900 3609 3955 salu-

2025 3998 2132 4043 tem
2166 4004 2261 4057 per
2294 3988 2466 4042 Ellam
2496 3988 2810 4043 Thcsbitam
2844 3991 3061 4045 asserit.
3111 4010 3129 4042 ι
3166 3990 3376 4054 Veniet,
3409 3991 3611 4061 inquit,

2025 4097 2090 4135 ex
2128 4080 2294 4135 Siono
2318 4081 2410 4150 qui
2443 4081 2660 4151 eripiat,
2692 4091 2747 4137 et
2776 4090 2989 4137 avertat
3028 4083 3358 4154 impietatem
3392 4099 3421 4136 a
3449 4082 3614 4139 Jaco-

2026 4173 2098 4228 bo
2132 4191 2146 4227 :
2179 4182 2232 4228 et
2259 4173 2363 4228 hoc
2396 4173 2504 4228 illis
2532 4189 2562 4226 a
2597 4190 2686 4228 me
2718 4183 3125 4238 testamentum,
3172 4191 3298 4231 cum
3332 4176 3616 4231 abstulero

2031 4276 2254 4337 peccata
2281 4281 2473 4321 eorum
2504 4276 2554 4321 τι.
2595 4287 2613 4319 ι
2644 4264 2763 4320 Νοιι
2784 4266 2948 4337 igitur
2976 4268 3391 4323 aediﬁcationem
3422 4268 3615 4323 lliero-

2034 4359 2258 4430 solymte
2285 4369 2604 4430 exspectare
2635 4369 2873 4430 oportet,
2902 4361 3204 4415 secundum
3235 4361 3446 4416 fabulas
3479 4362 3615 4416 stul-

2036 4462 2240 4514 torum,
2273 4461 2327 4505 et
2364 4454 2571 4506 cultum
2610 4457 2626 4473 '
2653 4452 2956 4506 setundnm
2994 4452 3192 4521 legem,
3242 4460 3295 4506 ct
3345 4452 3613 4507 sacrificia

2037 4542 2270 4597 rationis
2309 4543 2575 4612 expertia,
2606 4552 2661 4596 et
2687 4541 3187 4607 eireumcisionem,
3210 4551 3263 4597 et
3298 4543 3615 4609 sabbatum,

2038 4641 2094 4687 et
2144 4634 2468 4688 umbratiles
2506 4635 2852 4703 aspcrsiones
2896 4644 3018 4704 post
3066 4642 3315 4688 sanctum
3348 4633 3616 4703 baptisma

2042 4728 2185 4798 (haec
2214 4726 2361 4780 enim
2398 4726 2581 4779 omnia
2609 4725 2885 4780 chriarum
2924 4726 3265 4780 anicularum
3304 4736 3435 4779 sont
3477 4725 3618 4780 deli-

2044 4816 2338 4886 ramenta),
2358 4818 2451 4871 sed
2484 4818 2848 4879 vocationem,
2874 4826 2929 4872 et
2959 4817 3204 4871 veritatis
3224 4818 3618 4887 cognitionem,

2040 4917 2094 4962 et
2124 4908 2282 4962 tidem
2314 4909 2365 4961 in
2409 4906 2700 4963 Dominum
2740 4907 3046 4971 Christum,
3069 4917 3123 4964 et
3153 4908 3279 4965 novi
3310 4909 3620 4965 testamenti

2036 4999 2510 5056 constitutionem.

1444 5449 1678 5508 VARUF.
1716 5450 2098 5509 [.ECTIONES
2139 5452 2225 5508 ET
2263 5452 2499 5513 NOTAE.

419 5571 774 5643 "T‘Exapdm
800 5569 964 5627 Hebr.
991 5571 1276 5643 ggntim_n_._
1322 5567 1369 5601 ⁸⁸
1406 5572 1595 5643 ῤἀρπ.
1674 5570 1793 5623 cod.
1844 5570 1864 5623 Ι

2019 5571 2472 5643 ιγματευόμενος.

342 5647 394 5680 ὀ
422 5638 856 5711 Τῆς”δὲήσεως
898 5638 1118 5696 αὐτῶν.
1184 5639 1348 5694 llebr.
1386 5638 1701 5711 Clamorem
1750 5655 1953 5711 eorum.

2573 5574 2618 5646 κέ
2659 5576 2896 5646 Κύριος.
2955 5577 3119 5633 Abest
3171 5584 3399 5646 atextu
3453 5574 3618 5635 Ilebl'.

2037 5639 2230 5712 apud.
2295 5639 2319 5697 l
2368 5643 2494 5697 ὑπό.
2572 5645 2619 5676 ”
2667 5639 2793 5703 cod.
2845 5639 2868 5702 ἰ
2923 5649 3131 5712 ἐλέους.
3205 5645 3254 5681 ⁷³
3298 5648 3400 5704 Ἐκ
3452 5650 3611 5706 Σιών.

343 5705 581 5770 Abest-3
611 5705 735 5769 cod.
769 5705 848 5765 ἐξ
896 5712 943 5744 ⁷⁸
972 5714 1201 5780 napo}.
1226 5711 1347 5766 cod.
1378 5710 1399 5761 1
1434 5711 1499 5762 τὰ
1519 5710 1835 5780 ληρήματα.
1877 5708 1915 5762 l‘

2039 5705 2175 5764 ἀλλὰ
2202 5712 2335 5769 ibid.
2365 5714 2613 5786 sequitur
2643 5716 2763 5772 καί.

358 5874 381 5901 ς
