4114 6470
575 305 721 370 1735

1523 304 2016 366 THEODORETI
2051 306 2400 369 EPISCOPI
2440 311 2814 375 CYltENSIS

3129 363 3155 390 ο
3687 329 3805 398 1736
3874 372 3883 382 -

646 418 812 476 Vens.
844 419 933 475 18.
982 438 999 471 ι
1038 418 1368 475 Benedictus
1403 418 1665 475 Dominus
1693 420 1835 475 Deus
1868 422 2086 476 Israelis
2112 441 2141 475 ιι

2322 434 2433 498 μη⁹.
2471 446 2488 478 ι
2530 428 2842 501 Εὐλογητὸς
2875 431 3079 505 Κύριος
3115 437 3145 489 6
3172 436 3308 503 Θεὸς
3351 440 3563 514 Ἰσραὴλ
3590 446 3691 502 ἀπὸ
3725 451 3805 505 τοῦ

567 515 793 576 ετοοιιιο,
822 524 875 569 et
908 530 1080 581 usque
1115 515 1166 566 in
1195 513 1478 573 saeculum.
1512 522 1565 567 et
1587 514 1729 567 dicet
1754 515 1935 569 omnis
1967 531 2146 583 popu-

568 608 655 661 lus
688 626 701 662 :
734 606 872 670 Fiat,
919 606 1033 659 liat.
1082 625 1101 657 ι
1146 604 1462 659 Lamlabilis
1500 606 1645 659 enim
1702 606 1913 677 1365
1964 615 2047 662 cst
2098 609 2151 662 in

566 699 825 752 ommbus
878 698 1263 751 universorum
1306 698 1590 760 Dominus,
1628 701 1719 766 qui
1758 698 1969 752 Israelis
2006 698 2151 753 Deus

564 799 813 853 vocatur,
846 789 937 857 qui
968 790 1039 843 ob
1070 789 1356 842 hominum
1377 790 1608 843 salutem
1645 798 1795 842 tanta
1830 790 2016 845 subiit.
2048 790 2152 844 Dc-

561 888 647 934 cet
702 890 889 933 autem
920 897 1138 934 onmem
1170 881 1428 949 populum
1463 880 1804 934 laudantium
1837 884 1952 935 voci
1986 882 2152 937 Amen

560 970 893 1039 sobjungere
928 990 941 1023 :
975 971 1420 1039 quandoquidem
1480 968 1644 1035 Fiat,
1700 970 1834 1039 ﬁat,
1892 971 2153 1028 llebrteus

560 1064 723 1111 Amen
769 1074 817 1112 et
852 1060 1014 1114 Amen
1058 1072 1236 1114 vocat.
1290 1059 1446 1114 Unde
1492 1061 1655 1114 etiam
1691 1065 2034 1117 consuetudo
2096 1066 2150 1117 in

559 1148 821 1205 Ecclesiis
852 1153 1175 1220 permansit,
1210 1162 1270 1207 ut
1304 1152 1607 1222 doxologiee
1656 1155 1953 1209 sacerdozis
1980 1172 2155 1225 popu-

557 1242 641 1297 lus
674 1260 767 1310 per
798 1246 1025 1297 verbum
1061 1246 1600 1305 Amcuassentiatur.
1625 1260 1861 1315 eamque
1886 1250 2151 1316 qua-,hinc

557 1338 926 1403 proficiscitur
961 1340 1412 1393 communionem
1442 1338 1660 1406 otierat,
1695 1354 1760 1393 ac
1790 1340 2030 1396 vicissim
2056 1342 2155 1398 be-

555 1430 925 1484 nedictionem
956 1431 1205 1498 recipiat.

979 1545 1257 1600 llV'l‘Elll’.
1300 1546 1550 1600 ΡδΑωιι
1585 1544 1720 1601 CVI.

634 1656 652 1692 ι
698 1638 953 1692 Alleluia.
998 1656 1015 1688 ι
1072 1637 1284 1706 Swpius
1323 1639 1665 1693 ostendimus
1727 1639 1975 1693 umbram
2023 1639 2146 1697 novi

560 1732 875 1786 testamenti
914 1747 1036 1787 esse
1066 1742 1221 1786 vetus
1266 1749 1279 1785 :
1320 1748 1421 1785 nec
1458 1733 1641 1787 minus
1672 1747 1737 1786 ex
1788 1734 1893 1786 hoc
1938 1735 2148 1802 psalmo

556 1824 719 1880 facile
751 1824 802 1878 id
829 1825 963 1879 disci
1014 1833 1214 1893 potest.
1245 1822 1559 1878 Iudaeorum
1600 1824 1802 1894 quippe
1840 1824 2148 1880 libertatem

552 1917 801 1987 psalmus
860 1917 1127 1985 praecinit,
1175 1916 1508 1969 etumnium
1567 1916 1851 1970 hominum
1915 1917 2146 1972 salutem

553 2009 822 2078 praedicit.
847 2008 1082 2062 Pulchre
1110 2023 1239 2062 vero
1268 2008 1505 2061 cohaeret
1536 2024 1659 2062 cum
1690 2008 2145 2077 przecedentibus.

550 2100 902 2156 Centesimus
942 2101 1089 2153 enim
1124 2110 1352 2169 quartus
1381 2100 1788 2167 promissiones
1834 2116 1864 2153 a
1907 2100 2019 2155 Deo
2047 2116 2146 2169 pa-

550 2192 812 2249 triarehis
860 2191 1035 2246 factas
1074 2194 1338 2252 continet,
1371 2200 1427 2245 et
1457 2189 1600 2244 dona
1642 2190 1863 2245 illorum
1910 2192 2146 2260 posteris

549 2284 798 2353 praebita.
852 2281 957 2348 Qui
1007 2281 1293 2352 proximus
1340 2289 1444 2343 est,
1483 2291 1676 2349 praeter
1721 2280 2005 2346 beneﬁcia,
2037 2279 2138 2334 Jo-

547 2376 793 2430 daeorum
826 2374 1102 2442 ingratum
1138 2374 1384 2427 animum
1422 2371 1632 2435 docuit,
1691 2385 1991 2441 poenasque
2023 2372 2144 2426 istis

543 2477 839 2539 propterea
868 2467 1163 2537 irrogatas.
1200 2464 1300 2519 llic
1322 2474 1506 2519 autem
1533 2463 1813 2519 servitutis
1839 2463 2140 2517 libertatem

543 2575 647 2630 per
665 2558 1104 2629 inexplicabilem
1128 2557 1218 2611 Dei
1245 2558 1639 2628 benignitatem
1664 2556 1796 2626 ipsis
1821 2572 2141 2611 concmsam

544 2652 898 2706 \aticinatur.
936 2649 1003 2703 Et
1047 2649 1307 2718 quoniam
1357 2649 1409 2701 in
1440 2650 1548 2704 illis
1582 2666 1670 2704 res
1715 2659 1918 2703 nostra:
1949 2649 2143 2703 adum-

543 2745 717 2802 bratae
743 2753 891 2808 sunt,
928 2743 1213 2798 cernimus
1236 2752 1419 2797 autem
1459 2743 1562 2797 hoc
1604 2744 1660 2795 in
1696 2744 1910 2812 psalmo
1944 2753 2143 2798 nostra:

544 2839 746 2895 salutis
765 2836 1185 2891 vaticinationes
1211 2853 1223 2889 :
1250 2851 1446 2905 magna
1470 2852 1536 2890 ex
1559 2845 1715 2905 parte
1746 2836 1908 2890 nobis
1932 2836 2138 2905 potius,

543 2947 711 3001 quam
734 2930 865 2993 illis,
898 2930 1218 2984 vaticinatio
1247 2929 1522 2984 convenit.

2260 515 2477 581 αἰῶνος,
2520 523 2614 574 καὶ
2659 522 2765 586 ἓως
2794 524 2887 576 τοῦ
2918 526 3142 591 αἰῶνος·
3194 530 3291 582 καὶ
3320 533 3435 601 ἐρεῖ
3469 537 3573 599 πᾶς
3615 539 3641 591 6
3678 538 3806 603 λαὸς.

2259 607 2497 674 Γένοιτο,
2530 615 2741 680 γένοιτο
2762 618 2826 669 ⁷⁵.
2883 636 2903 669 ι
2965 620 3236 692 Ὑμνητὸς
3263 625 3372 694 γὰρ
3421 627 3510 679 ἐπὶ
3556 632 3682 684 πᾶσι
3718 635 3812 688 τῶν

2257 700 2396 754 ὅλων
2448 706 2477 756 6
2524 705 2751 777 Κύριος,
2803 711 2831 760 6
2855 709 2949 763 τοῦ
2987 712 3205 783 Ἰσραὴλ
3247 719 3588 785 χρηματίσας
3627 722 3813 789 Θε’ὸς,ό

2258 795 2495 848 τοσαῦτα
2528 799 2627 867 τῆς
2659 799 2767 852 τῶν
2807 801 3113 872 ἀνθρώπων
3138 803 3304 858 ἕνεκα
3349 813 3816 883 πραγματευσάμε·

2258 903 2347 949 νος
2368 889 2412 919 ⁷⁸
2446 894 2737 959 σωτηρίας.
2781 893 3055 963 Προσήκει
3108 896 3166 950 δὲ
3209 897 3301 949 τὸν
3345 897 3471 952 λαὸν
3521 900 3726 957 ἅπαντα
3765 907 3815 960 τὸ

2271 979 2462 1049 Ἀμὴν
2490 986 2554 1053 τῇ
2591 983 2700 1037 τῶν
2741 985 3057 1055 ὑμνούντων
3103 990 3386 1061 ἐπιφέρειν
3421 997 3589 1065 φωνῇ.
3618 996 3687 1048 Τὸ
3723 996 3815 1067 γὰρ

2259 1073 2528 1136 Γένοιτο,
2569 1075 2821 1141 γένοιτο,
2865 1076 3054 1145 Ἀμὴν
3079 1078 3176 1131 καί
3198 1080 3381 1148 ἀμὴν,
3410 1085 3437 1136 6
3476 1084 3713 1154 Ἐϐραῖος
3734 1103 3819 1140 κα-

2257 1163 2359 1218 λεῖ.
2389 1166 2550 1218 Ὅθεν
2571 1167 2668 1219 καὶ
2697 1168 2757 1220 τὸ
2786 1168 2909 1231 ἔθος
2941 1172 2998 1222 ἐν
3018 1174 3143 1235 ταῖς
3184 1173 3535 1245 Ἐκκλησίαις
3567 1181 3819 1248 μεμένηκε

2255 1255 2317 1308 τὸ
2363 1261 2433 1328 τῇ
2467 1259 2747 1332 δοξολογίᾳ
2779 1261 2877 1316 τοῦ
2925 1264 3118 1334 ἱερέως
3147 1265 3237 1318 διὰ
3267 1268 3364 1320 τοῦ
3406 1269 3577 1339 Ἀμὴν
3597 1271 3820 1323 συντίθε-

2255 1345 2379 1401 σθαι
2409 1348 2502 1401 τὸν
2530 1349 2658 1402 λαὸν
2676 1351 2740 1416 ⁷⁸,
2775 1354 2869 1406 καὶ
2898 1351 2997 1423 τὴν
3020 1353 3269 1407 ἐντεῦθεν
3301 1356 3585 1411 κοινωνίαν
3612 1364 3821 1429 προσφέ-

2252 1456 2391 1509 ρειν,
2422 1441 2515 1495 καὶ
2544 1443 2645 1512 τὴν
2673 1443 2928 1511 εὐλογίαν
2956 1445 3275 1515 λαμϐάνειν.

2560 1556 2830 1614 ΕΡΜΗΝ.
2874 1558 3011 1612 ΤΟΥ
3047 1561 3165 1627 PG’
3204 1561 3533 1618 ΨΑΛΜΟΥ.

2336 1644 2715 1713 Ἀλληλούτίι.
2752 1648 3022 1712 Πολλάκις
3054 1651 3446 1722 ἀπεδείξαμεν,
3479 1655 3560 1707 δτι
3590 1654 3713 1708 σκιὰ
3737 1654 3826 1725 τῆς

2255 1735 2451 1801 καινῆς
2497 1738 2529 1804 ἡ
2580 1736 2788 1790 παλαιὰ
2840 1738 3077 1810 διαθήκη
3107 1756 3122 1771 ⁸
3169 1742 3322 1795 οὐδὲν
3367 1743 3427 1796 δὲ
3460 1739 3624 1815 ἦττον
3652 1747 3743 1799 καὶ
3770 1747 3829 1799 ἐκ

2257 1824 2411 1878 τοῦδε
2447 1826 2542 1880 τοῦ
2574 1826 2793 1898 ψαλμοῦ
2828 1829 3010 1901 ῥᾴδιον
3037 1830 3196 1884 τοῦτο
3235 1835 3602 1905 καταμαθεῖν.
3644 1837 3749 1907 Τήν
3777 1852 3829 1889 τε

2258 1917 2366 1989 γὰρ
2393 1917 2663 1973 Ἰουδαίων
2688 1920 3004 1993 ἐλευθερίαν
3031 1922 3359 1989 θεσπίζειτθ,
3391 1929 3488 1981 καὶ
3510 1928 3612 1999 τὴν
3630 1929 3832 1983 πάντων

2256 2008 2562 2080 ἀνθρώπων
2598 2012 2875 2083 σωτηρίαν
2909 2014 3302 2086 προαγορεύει.
3352 2018 3514 2089 Ἔχει
3554 2019 3612 2073 δὲ
3650 2020 3834 2088 πολλὴν

2254 2102 2393 2171 πρὸς
2422 2104 2548 2166 τοὺς
2583 2105 3064 2175 προτεταγμένους
3111 2108 3460 2165 ἀκολουθίαν.
3516 2111 3574 2165 '0
3611 2112 3710 2183 μὲν
3738 2111 3836 2184 γὰρ

2254 2193 2512 2262 τέταρτος
2556 2196 2651 2248 καὶ
2681 2197 2972 2260 ἐκατοστὸς
3004 2198 3259 2269 διήγησιν
3300 2200 3423 2272 ἔχει
3463 2202 3577 2258 τῶν
3615 2204 3718 2258 ὑπὸ
3751 2203 3834 2257 τοῦ

2249 2285 2385 2339 Θεοῦ
2405 2288 2540 2358 πρὸς
2561 2287 2687 2351 τοὺς
2709 2289 3054 2361 πατριάρχας
3071 2296 3467 2364 γεγενημένων
3486 2297 3835 2367 ἐπαγγελιῶν,

2250 2380 2345 2430 καὶ
2389 2379 2496 2431 τῶν
2533 2383 2647 2443 τοῖς
2694 2382 2920 2435 ἐκείνων
2957 2383 3205 2451 ἐκγόνοις
3241 2389 3707 2460 παρασχεθεισῶν
3745 2390 3837 2445 δω-

2253 2470 2413 2539 ρεῶν.
2457 2470 2515 2524 '0
2549 2471 2607 2525 δὲ
2651 2473 2793 2541 μετὰ
2842 2475 3069 2540 ἐκεῖνον,
3114 2478 3251 2547 πρὸς
3293 2482 3424 2542 ταῖς
3482 2482 3837 2553 εὐεργεσίαις,

2249 2562 2344 2613 καὶ
2379 2563 2479 2632 τὴν
2526 2564 2802 2618 Ἰουδαίων
2836 2567 3161 2637 ἀχαριστίαν
3208 2570 3455 2637 ἐδίδαξε,
3514 2575 3611 2628 καὶ
3657 2576 3751 2638 τὰς
3783 2574 3840 2627 δι’

2249 2653 2468 2725 ἐκείνην
2520 2657 2908 2727 ἐπενεχθείσας
2966 2663 3240 2733 τιμωρίας
3301 2665 3519 2732 αὐτοῖς.
3582 2661 3752 2732 Uine;
3793 2666 3841 2721 δέ

2250 2748 2616 2818 προαγορεύει
2666 2748 2766 2821 τὴν
2809 2752 2909 2821 τῆς
2956 2753 3341 2823 αἰχμαλωσίας
3389 2758 3725 2832 ἀπαλλαγὴν
3766 2758 3840 2811 διὰ

2246 2837 2346 2906 τὴν
2386 2837 2625 2908 ἄρρητον
2668 2841 2761 2892 τοῦ
2797 2841 2934 2893 Θεοῦ
2982 2844 3403 2915 φιλανθρωπίαν
3452 2850 3839 2923 γεγενημένην.

2264 2929 2481 3000 Ἐπειδὴ
2511 2931 2569 2983 δὲ
2600 2932 2752 2985 κα¹ι⁸⁰
2784 2934 2843 2986 ἐν
2871 2935 3103 2998 ἐκείνοις
3137 2939 3592 3012 ὲσκιογρὰςρηται
3622 2944 3693 2995 τὰ
3720 2944 3841 3012 ἠμέ-

540 3046 699 3100 τερα,
730 3031 949 3102 ὁρῶμεν
977 3029 1033 3083 δὲ
1060 3028 1154 3082 καὶ
1177 3030 1233 3081 ἐν
1257 3028 1391 3099 τῷδε
1413 3029 1490 3099 τῷ
1516 3028 1717 3099 ψαλμῷ
1776 3002 1877 3100 τῆς
1934 3027 2213 3100 ἡμετέρας
2255 3028 2533 3099 σωτηρίας
2570 3028 2639 3083 τὰ
2669 3029 3017 3101 θεσπίσματα
3046 3050 3060 3063 ·
3113 3002 3317 3104 μᾶλλον
3337 3002 3504 3108 ’ἡμῖν
3549 3038 3586 3110 ἢ
3627 3002 3842 3099 ἐκείῦοις

540 3128 812 3201 ἁρμόττει
841 3128 941 3198 τῆς
975 3125 1315 3196 προφητείας
1343 3126 1404 3178 τὸ
1435 3126 1711 3179 πλεῖστον.

615 3220 785 3276 Vrsas.
817 3220 869 3274 1.
912 3238 931 3271 ‹
969 3217 1325 3273 Conlitcmini
1369 3216 1600 3271 Domino
1630 3216 1891 3286 quoniam
1930 3215 2132 3276 bonus.
2167 3219 2207 3274 C

546 3314 767 3384 1366
800 3312 1062 3381 quoniam
1110 3310 1166 3363 in
1198 3308 1458 3364 saxulum
1514 3306 1891 3363 misericordia
1931 3307 2071 3376 ejus.
2113 3323 2131 3356 ι

543 3402 765 3458 Rursus
821 3417 1004 3457 sermo
1038 3400 1392 3471 propheticus
1438 3414 1540 3453 nos
1577 3408 1636 3452 ut
1670 3398 1836 3452 Deum
1887 3398 2136 3452 bcnelicii

542 3503 825 3549 auctorem
857 3491 1147 3545 laudemus
1187 3491 1440 3543 hortatur
1480 3505 1492 3540 :
1525 3503 1749 3542 causam
1783 3503 1909 3542 vero
1940 3488 2136 3556 hujus-

542 3586 691 3641 modi
727 3584 905 3638 laudis
938 3582 1332 3653 benignitatem
1355 3594 1478 3635 esse
1499 3578 1654 3633 dicit.

615 3680 633 3700 ‘
662 3676 831 3732 Vens.
859 3677 915 3731 ‘2.
956 3695 973 3727 ι
1009 3673 1204 3728 Dicant
1240 3673 1330 3741 qui
1366 3671 1635 3739 redempti
1669 3679 1796 3725 sunt
1826 3686 1855 3724 a
1883 3670 2133 3733 Domino,

538 3781 683 3838 quos
720 3765 955 3821 redemit
1008 3780 1039 3818 e
1092 3779 1255 3818 manu
1294 3761 1526 3816 inimici.
1567 3779 1585 3812 ›
1624 3759 1689 3813 Et
1714 3758 1934 3815 Judaeos
1967 3775 1995 3813 a
2032 3758 2135 3813 Da-

541 3858 889 3930 byloniorum
919 3857 1185 3912 servitute
1214 3855 1476 3909 liberatos
1495 3854 1728 3925 hymnos
1753 3868 2135 3920 c:mereopor-

542 3953 689 4007 tebat
725 3971 738 4006 :
773 3961 825 4006 et
865 3966 967 4005 nos
1009 3950 1114 4004 hoc
1156 3964 1374 4018 semper
1402 3947 1585 4002 facere
1613 3945 1789 4010 decet,
1829 3946 1919 4016 qui
1957 3959 1987 3999 a
2016 3946 2135 4000 dia-

541 4043 654 4098 boli
691 4044 980 4114 tyrannide
1019 4041 1232 4095 liberanti
1266 4055 1480 4093 sumus.

613 4135 783 4191 Vens.
810 4135 864 4190 ὅ.
905 4153 924 4187 ‹
970 4133 1036 4188 Et
1075 4135 1141 4188 de
1187 4131 1505 4203 regionibus
1555 4130 1906 4200 congregavit
1951 4145 2067 4195 eos,
2102 4145 2133 4184 a

541 4228 675 4284 solis
706 4237 825 4281 ortu
860 4236 915 4281 ct
950 4241 1176 4289 occasu,
1209 4225 1277 4278 ab
1309 4223 1568 4290 aquilone
1598 4233 1651 4276 ct
1683 4222 1840 4276 mari.
1879 4240 1897 4274 ι
1931 4222 2045 4276 lloc
2078 4221 2133 4275 in

539 4318 744 4374 Judazis
784 4318 1006 4388 quidem
1047 4316 1288 4370 adhunc
1322 4313 1546 4367 modunn
1602 4312 1806 4367 factum
1842 4328 1950 4367 non
1994 4310 2135 4365 didi-

541 4414 739 4466 cimus.
778 4408 989 4465 Etenim
1020 4424 1115 4478 per
1144 4417 1317 4461 totum
1351 4415 1623 4461 terrarum
1653 4405 1842 4459 orbem
1884 4403 2133 4473 dissipati

541 4504 710 4557 vitam
748 4501 979 4556 ducunt.
1021 4498 1324 4552 Ecclesium
1351 4511 1483 4550 vero
1515 4496 1758 4564 gentium
1792 4495 1845 4548 in
1875 4494 2130 4550 omnibus

542 4594 694 4649 orbis
720 4593 992 4661 partibus,
1024 4601 1080 4646 et
1105 4590 1468 4645 orientalibus
1491 4598 1544 4642 ct
1572 4586 1840 4650 eceiduis,
1872 4586 2131 4640 australi-

544 4686 649 4741 bus
675 4695 729 4740 et
752 4684 1197 4754 aquilonaribus,
1240 4683 1458 4737 vocavit
1504 4690 1561 4735 et
1593 4678 1848 4733 (onllavit
1883 4695 1898 4733 :
1935 4688 1989 4733 et
2020 4678 2127 4733 hu-

538 4774 788 4846 iusmodi
837 4786 1142 4829 conventus
1172 4774 1376 4843 ubique
1408 4783 1678 4827 terrarum
1710 4778 1765 4823 et
1799 4769 1969 4824 maris
1990 4784 2126 4823 con-

544 4868 680 4936 spici
705 4875 953 4936 possunt.
992 4864 1049 4918 ln
1081 4863 1285 4919 Judwis
1309 4874 1494 4919 tamen
1526 4862 1759 4916 obscure
1788 4860 1893 4914 hoc
1922 4860 2126 4915 factum

544 4960 669 5026 fuit,
695 4974 821 5014 cum
855 4957 1100 5012 nonnulli
1139 4973 1168 5012 e
1194 4956 1471 5028 Babylone
1497 4954 1706 5009 reversi
1731 4960 1933 5018 essent,
1964 4955 2126 5022 pauci

545 5065 672 5106 vero
702 5050 928 5120 quidam
957 5064 1051 5118 per
1083 5049 1136 5103 id
1187 5048 1446 5118 temporis
1480 5061 1547 5101 ex
1576 5044 1833 5116 Egypto,
1869 5055 1924 5100 et
1962 5045 2126 5100 ﬁniti-

543 5144 650 5199 mis
677 5143 955 5213 gentibus,
992 5142 1206 5198 collecti
1240 5142 1502 5195 fuissent.

2312 3211 2382 3265 α’.
2428 3232 2445 3264 ι
2492 3210 2934 3283 Ἐξομολογεῖσθε
2983 3213 3061 3285 τῷ
3103 3215 3297 3286 Κυρίῳ
3339 3218 3429 3272 ὅτι
3477 3219 3741 3293 χρηστὸς,
3775 3216 3850 3271 ὅτι

2241 3306 2321 3368 είς
2346 3305 2437 3358 τὸν
2465 3306 2637 3357 αἰῶνα
2668 3306 2727 3356 τὸ
2756 3305 2903 3370 ἕλεος
2933 3307 3123 3363 αὑτοῦ.
3156 3326 3175 3360 ι
3218 3310 3402 3365 Πάλιν
3434 3315 3637 3385 ὑμνεῖν
3668 3316 3696 3366 6
3727 3328 3849 3380 προ·

2241 3397 2469 3466 ςητικὸς
2512 3396 2947 3468 παρακελεύεται
2990 3399 3145 3468 λόγος
3190 3400 3281 3453 τὸν
3332 3404 3650 3476 εὐεργέτην
3688 3402 3844 3457 Θεόν·

2239 3490 2419 3543 αἰτίαν
2465 3488 2521 3540 δὲ
2580 3489 2682 3558 τῆς
2733 3490 3009 3560 ὑμνῳδίας
3067 3492 3165 3562 τὴν
3221 3493 3669 3566 φιλανθρωπίαν
3725 3492 3850 3548 εἶναί

2239 3595 2427 3648 φησιν.

2310 3666 2375 3736 β’.
2422 3684 2441 3718 ι
2476 3668 2803 3723 Εἰπὰτωσαν
2829 3672 2877 3723 ot
2910 3670 3322 3742 λελυτρωμένοι
3356 3676 3474 3731 ὑπὸ
3512 3679 3746 3751 Κυρίου,
3768 3675 3851 3738 οὓς

2236 3756 2579 3829 ἐλυτρὼσατο
2628 3762 2692 3813 ἐκ
2740 3762 2922 3832 χειρδς
2964 3764 3245 3834 ἐχθροῦ³¹.
3298 3785 3320 3818 ι
3393 3770 3517 3823 Καὶ
3569 3770 3849 3830 Ἰουδαίους

2237 3850 2427 3919 ὑμνεῖν
2471 3854 2576 3905 ἔδει
2634 3856 2734 3923 τῆς
2790 3854 3148 3910 Βαϐυλωνίων
3198 3857 3705 3933 ἐλευθερωθέντας
3741 3863 3854 3914 δου-

2236 3942 2383 4007 λείας
2404 3960 2417 3975 ·
2450 3945 2546 3996 καὶ
2582 3947 2734 4013 ἡμᾶς
2762 3947 2846 3998 ἀεὶ
2888 3949 3156 4015 προσήκει
3184 3948 3354 4005 τοῦτο
3389 3959 3605 4017 ποιεῖν,
3637 3958 3739 4025 τῆς
3766 3951 3850 4006 τοῦ

2235 4035 2484 4088 διαϐόλου
2515 4037 2831 4107 τυραννίδος
2862 4037 3302 4106 ἀπαλλαγέντας.

2306 4135 2375 4196 γ’.
2424 4147 2441 4178 ι
2474 4129 2582 4182 Καὶ
2608 4131 2673 4181 ἐκ
2716 4128 2826 4183 τῶν
2860 4131 3054 4201 χωρῶν
3090 4131 3416 4202 συνήγαγεν
3466 4138 3715 4202 αὐτούς’
3754 4135 3854 4189 ἀπὸ

2234 4219 2532 4280 ἀνατολῶν,
2581 4222 2675 4274 καὶ
2705 4221 2951 4292 δυσμῶν,
2985 4224 3078 4277 καὶ
3116 4224 3314 4296 βορρᾶ.
3349 4229 3456 4282 καὶ
3489 4230 3801 4301 θαλάσσης.
3834 4248 3851 4279 ι

2236 4307 2407 4361 Τοῦτο
2451 4311 2545 4362 ἐπὶ
2581 4310 2680 4378 μὲν
2727 4311 2998 4365 Ἰουδαίων
3039 4313 3182 4367 οὕτω
3198 4314 3243 4346 ⁸⁸
3278 4322 3694 4391 γεγενημένον
3731 4320 3791 4373 οὺ
3812 4319 3855 4351 ﬂ

2238 4398 2665 4481 μεμαθήκαμεν.
2721 4400 2879 4454 Κατὰ
2930 4406 3113 4456 πᾶσαν
3170 4403 3279 4475 γὰρ
3344 4408 3458 4480 τὴν
3523 4412 3858 4486 οἰκουμένην

2236 4491 2626 4561 ἐσκεδασμένοι
2658 4491 2991 4560 διάγουσιδῆ
3039 4496 3152 4566 Τὴν
3185 4497 3243 4550 δὲ
3275 4498 3339 4565 ἐξ
3388 4503 3584 4559 ὲθνῶν
3632 4506 3856 4576 Ἐκκλη-

2236 4580 2360 4633 σίαν
2407 4582 2467 4634 ἐν
2511 4580 2683 4634 ἆπασι
2743 4586 2844 4654 τῆς
2897 4586 3226 4657 οἰκουμένης
3280 4593 3410 4655 τοῖς
3472 4598 3857 4668 τμήμασιν⁶⁸.

2234 4672 2391 4740 ἑῴοις
2434 4690 2494 4726 τε
2547 4674 2642 4727 καὶ
2688 4675 2987 4745 ἑσπερίοις,
3039 4677 3237 4741 νοτίοις
3284 4696 3354 4733 τε
3402 4688 3512 4739 καὶ
3554 4687 3854 4759 ἀρκτῲοις,

2233 4765 2461 4819 ἐκάλεσε
2491 4766 2587 4819 καὶ
2622 4767 2944 4838 συνήθροισε
2975 4784 2989 4799 ο
3042 4768 3138 4821 καὶ
3164 4769 3289 4833 τοὺς
3331 4777 3649 4837 τοιούτους
3678 4777 3861 4832 συλλό-

2232 4873 2362 4926 γους
2400 4859 2680 4927 πανταχοῦ
2711 4861 2813 4929 γῆς
2853 4860 2947 4913 καὶ
2980 4860 3252 4928 θαλάττης
3299 4862 3471 4919 ἔστιν
3522 4870 3685 4925 ἰδεῖν.
3745 4868 3858 4923 Ἐπὶ

2236 4950 2419 5019 μέντοι
2451 4949 2726 5025 Ἰουδαίων
2757 4952 3013 5021 ἀμυδρῶς
3038 4951 3198 5005 τοῦτο
3224 4956 3590 5030 γεγένηταυ
3636 4962 3804 5016 τινῶν
3820 4958 3861 4992 ⁸⁸

2236 5040 2334 5111 μὲν
2363 5040 2472 5094 ἀπὸ
2496 5040 2815 5105 Βαϐυλῶνος
2844 5044 3250 5097 ἐπανελθόντων
3265 5046 3341 5108 ⁸⁷,
3373 5050 3602 5117 ὀλίγων
3625 5054 3685 5106 δέ
3705 5064 3858 5105 τινων

2231 5130 2352 5183 κατ’
2388 5132 2601 5184 ἐκείνου
2635 5130 2731 5183 τοῦ
2771 5131 2966 5203 καιροῦ
3004 5132 3389 5203 συλλεγέντων
3430 5141 3503 5206 ἐξ
3554 5143 3859 5213 Αἰγύπτου,

2232 5222 2326 5275 καὶ
2354 5224 2463 5275 τῶν
2493 5222 2887 5295 πλησιοχώρων
2915 5224 3104 5280 ἐθνῶν.

1624 5379 1854 5439 VARIJE
1897 5380 2281 5437 LECTlONES
2322 5382 2406 5435 ΙΞΤ
2465 5379 2695 5439 NOTAE.

726 5473 1096 5559 Γένοιτο.“1ιι
1136 5480 1279 5552 texto
1323 5469 1483 5559 ll'ebr.
1518 5486 1624 5559 nep
1655 5474 1917 5559 repetitur
1951 5483 2084 5559 n23.

545 5543 590 5575 ’⁸
620 5544 731 5598 Τὸν
763 5544 940 5597 λαόν.
998 5541 1122 5596 Des.
1166 5542 1219 5595 in
1274 5542 1395 5595 cod.
1431 5541 1482 5593 1.

2179 5474 2225 5504 ⁷⁸
2253 5472 2431 5546 ροάᾼ
2472 5477 3024 5546 πραγματευόμενος.

1558 5542 1749 5614 "cod.
1794 5544 1826 5614 1
1872 5542 2253 5614 πρὸθεσπίζει.

3102 5479 3145 5510 ⁷⁷
3178 5480 3309 5533 Καί.
3354 5483 3553 5542 Abest
3580 5501 3614 5542 a
3653 5492 3785 5545 ροιι.
3818 5487 3862 5542 1.

2346 5545 2398 5632 ⁸⁸1
2427 5546 2591 5632 Καίη
2626 5547 2794 5632 Abest
2839 5545 2868 5601 ει
2922 5551 3045 5632 cod.
3088 5549 3140 5602 1.
3219 5551 3267 5632 ξι,
3308 5555 3457 5610 cod.
3521 5562 3547 5612 1
3625 5560 3863 5632 ἐχθρῶν.

545 5613 592 5645 ⁸³
623 5613 805 5707 coda}
828 5610 998 5707 οὔπω.
1026 5610 1138 5707 an“;
1286 5613 1452 5665 Abest
1470 5625 1499 5663 a
1518 5610 1710 5707 cedat
1752 5611 1838 5707 ’ξι
1868 5610 2142 5707 animum

2249 5614 2340 5668 od.
2378 5614 2955 5707 1τυγχιίινουσι,νίιυοι1
2992 5629 3172 5672 tamen
3201 5620 3304 5673 alia
3354 5610 3546 5707 manu
3589 5610 3860 5707 scriptum

544 5697 668 5760 esse
707 5682 981 5760 ridetur;
1026 5683 1070 5716 ⁸⁸
1096 5681 1594 5760 Ἱξέιήιιᾳσιν.ηορι1.
1636 5681 1658 5733 1
1702 5681 1828 5736 add.
1864 5681 2142 5760 _0£topoup.

2249 5702 2303 5760 v._
2333 5681 2696 5760 quodetiam
2736 5681 2899 5743 aliam
2951 5704 3175 5744 manum
3238 5693 3472 5760 prodit.

3554 5699 3608 5733 ⁸⁸
3643 5698 3860 5755 Τινῶν.
3884 5722 3890 5726 ·

545 5752 666 5805 cod.
700 5753 723 5805 l
762 5752 886 5807 add.
915 5751 1047 5804 τῶν.
1122 5754 1164 5784 ⁸⁷
1194 5753 1317 5807 cod.
1351 5752 1373 5806 l
1426 5750 1713 5813 ἐλθόντων,
1738 5750 1974 5822 ascripta
2006 5750 2141 5808 tam

2257 5750 2430 5811 altera
2472 5753 2724 5812 lectione.
