4114 6466
353 400 490 467 1.737

1736 383 1817 445 IN
1855 381 2063 442 PSAL.
2092 379 2236 440 CVI.

3452 379 3598 438 1736

419 514 484 566 δ’.
531 529 552 563 ι
583 506 1001 579 Ἐπλανήθησαν
1045 506 1103 558 ἐν
1151 505 1217 574 τῇ
1260 503 1453 574 ἐρήμῳ
1493 503 1550 554 ἐν
1580 499 1794 570 ἀνύδρῳ
1810 498 1880 551 ⁸⁸.
1909 515 1932 548 ι

2121 491 2280 549 Vsus.
2315 493 2368 547 4.
2406 512 2426 546 ι
2478 493 2814 551 Erraverunt
2859 494 2914 550 in
2947 495 3186 561 deserto,
3227 495 3320 551 ubi
3368 510 3476 552 non
3509 506 3626 552 erat

348 602 463 658 Καὶ
522 597 782 654 Βαϐυλὼν
841 597 1046 668 ἔρημος
1100 595 1194 648 καὶ
1242 593 1511 664 ἄνυδρος·
1579 591 1785 664 ἔρημος
1830 589 1938 660 γὰρ

349 691 568 760 ὑπῆρχε
623 687 718 742 τοῦ
753 686 889 739 Θεοῦ
925 702 938 714 ·
995 685 1089 738 καὶ
1135 685 1257 755 τῆς,
1283 682 1661 753 πνευματικῆς
1696 678 1938 751 ἀρδείας,

349 780 605 836 δουλεῦον
634 779 842 849 ἐκείνῃ,
873 777 1134 849 ἐστέρητο
1161 776 1269 830 τῶν
1290 775 1560 830 Ἰουδαίων
1592 774 1656 828 τὸ
1698 771 1905 843 πλῆθος
1923 785 1938 800 ·

354 873 450 925 καὶ
481 873 530 925 oi.
559 869 620 935 ἐξ
666 869 837 923 ἐθνῶν
885 868 1315 932 πεπιστευκότες
1359 865 1618 929 ὡσαύτως
1660 865 1719 918 ἐν
1747 865 1940 936 ἐρήμῳ

354 966 452 1018 καὶ
483 962 702 1034 ἀνύδρῳ
731 963 940 1033 διῆγον,
989 960 1184 1013 ἐλπίδα
1234 960 1309 1031 μὴ
1359 958 1594 1030 ἔχοντες,
1647 955 1743 1010 καὶ
1793 954 1944 1008 ἄθεοι

355 1053 530 1121 ὄντες,
585 1053 754 1124 φησὶν
805 1054 833 1105 ὁ
886 1050 1025 1114 θεῖος
1070 1048 1414 1112 Ἀπόστολος.
1470 1065 1492 1100 ι
1537 1045 1688 1100 Ὀδδν
1735 1045 1946 1109 πόλεως

356 1147 791 1219 κατοικητηρίου
821 1147 921 1218 οὐχ
951 1140 1129 1217 εὖρον.
1167 1163 1186 1196 ι
1237 1142 1376 1197 Οὔτε
1405 1140 1516 1212 γὰρ
1557 1138 1802 1194 Ἰουδαῖοι
1829 1138 1945 1191 δια-

357 1240 556 1307 φυγεῖν
582 1238 708 1300 τοὺς
738 1235 1231 1307 ἀνδραποδίσαντας
1259 1233 1460 1303 ίσχυον,
1492 1231 1587 1285 καὶ
1614 1230 1713 1300 τὴν
1740 1227 1950 1283 οἰκείαν

358 1331 600 1401 πατρίδα
624 1328 955 1383 καταλαϐεῖν
972 1344 986 1360 ο
1011 1326 1136 1381 οὕτε
1158 1329 1207 1380 οἱ
1233 1326 1292 1391 ἐξ
1312 1325 1481 1380 ἐθνῶν
1503 1323 1947 1390 πεπιστευκότες,

360 1422 471 1495 πρὸ
503 1423 603 1492 τῆς
634 1419 729 1474 τοῦ
781 1418 1036 1490 Σωτῆρος
1071 1418 1542 1490 ἐνανθρωπήσεως
1572 1415 1672 1486 τὴν
1718 1415 1812 1468 ἐπὶ
1850 1412 1951 1483 τὴν

361 1514 515 1568 θείαν
548 1512 701 1565 πόλιν
746 1511 987 1579 ἄγουσαν
1036 1503 1196 1582 εὗρον
1243 1509 1384 1563 ὁδόν.
1434 1507 1675 1562 Πόλιν⁸⁸”
1714 1504 1951 1560 ἐνταῦθα

361 1606 586 1677 νοητέον
615 1605 715 1676 τὴν
743 1602 950 1673 εὐσεϐῆ
985 1601 1283 1657 πολιτείαν;

435 1784 498 1841 ε’.
545 1805 564 1838 ι
612 1784 912 1850 Πεινῶντες
955 1785 1052 1840 καὶ
1083 1784 1365 1855 διψῶντες,
1401 1785 1435 1852 ἡ
1486 1781 1636 1853 ψυχὴ
1683 1780 1861 1834 αὐτῶν
1893 1781 1952 1834 ἐν

2043 601 2205 657 aqua.
2241 605 2260 638 ι
2297 585 2364 642 Ει
2391 585 2634 659 Babylon
2668 596 2787 644 erat
2820 588 3034 644 deserta
3067 599 3119 642 et
3147 589 3266 644 sine
3296 604 3438 658 aqua
3475 606 3490 642 :
3527 590 3628 644 de-

2045 687 2191 735 serta
2220 678 2367 734 enim
2408 688 2588 734 erata
2641 680 2772 746 Deo,
2809 692 2862 736 et
2911 681 3144 752 populus
3183 679 3500 736 Judaeorum
3549 678 3630 734 illi

2044 769 2293 826 serviens
2340 771 2610 840 spirituali
2650 773 2966 844 irrigatione
3000 772 3243 841 privatus
3273 779 3414 826 erat.
3456 769 3523 824 Et
3551 765 3630 824 illi

2045 861 2136 932 qui
2166 877 2232 918 ex
2265 863 2518 933 gentibus
2545 864 2916 927 crediderunt,
2943 863 3197 918 similiter
3223 863 3277 917 in
3304 862 3626 928 solitudine,

2045 954 2184 1010 etin
2224 965 2369 1010 terra
2415 955 2534 1012 sine
2566 956 2721 1026 faqua
2766 957 2936 1012 vitam
2981 957 3271 1029 degebant,
3308 973 3433 1013 cum
3475 971 3630 1026 spem

2049 1051 2275 1108 minime
2321 1051 2607 1115 haberent,
2648 1061 2703 1105 et
2741 1051 2894 1122 impii
2945 1064 3151 1120 essent,
3193 1062 3254 1107 ut
3300 1053 3377 1107 ait
3411 1052 3633 1106 divinus

2047 1147 2344 1218 Apostolus
2373 1183 2389 1199 .
2427 1165 2446 1197 ι
2475 1143 2634 1200 Viam
2685 1145 2923 1201 civitatis
2953 1146 3248 1202 habitaculi
3277 1146 3492 1217 1367
3521 1159 3633 1199 non

2049 1237 2427 1292 invenerunt.r
2457 1253 2475 1285 ι
2526 1235 2637 1290 Nec
2668 1236 2813 1289 enim
2855 1233 3028 1291 Judaei
3063 1251 3179 1302 eos,
3224 1252 3255 1291 a
3304 1237 3505 1306 quibus
3542 1251 3636 1291 ca-

2049 1327 2189 1400 ptivi
2222 1325 2352 1381 facti
2386 1334 2536 1390 sunt,
2576 1326 2853 1382 declinare
2892 1335 3210 1396 potuerunt,
3247 1341 3419 1397 seque
3454 1326 3508 1380 in
3541 1341 3636 1395 pa-

2049 1420 2215 1476 triam
2268 1435 2428 1475 suam
2481 1418 2726 1490 recipere
2763 1437 2777 1473 :
2809 1434 2988 1490 neque
3021 1419 3060 1473 ii
3111 1418 3206 1490 qui
3258 1434 3324 1473 ex
3382 1417 3636 1488 gentibus

2053 1496 2424 1578 crediderunt,
2482 1520 2608 1566 ante
2642 1510 2947 1566 Salvatoris
2989 1510 3447 1576 incarnationem,
3491 1509 3636 1561 viam

2053 1603 2123 1660 ad
2151 1605 2393 1660 divinam
2421 1603 2703 1659 civitatem
2732 1603 3022 1659 ducentem
3053 1603 3404 1658 invenerunt.
3436 1600 3641 1656 Civitas

2056 1694 2144 1749 hic
2170 1693 2521 1764 intelligenda
2549 1702 2633 1749 est
2660 1693 2749 1763 pia
2779 1693 3147 1748 conversatio.

2125 1785 2289 1841 Vens.
2313 1783 2379 1842 ξς.
2415 1805 2434 1837 ι
2477 1783 2798 1840 Esurientcs
2829 1791 2884 1840 et
2911 1784 3183 1850 sitientes,
3219 1782 3404 1838 anima
3447 1797 3642 1837 eorum

366 1878 557 1941 αὐτοῖς
585 1876 852 1944 ἐξέλιπεν.
959 1875 1120 1940 Θείας
1148 1847 1680 1944 διδασκαλίαςνλιμδς
1712 1871 1807 1926 καὶ
1832 1869 1956 1925 τού-

2064 1878 2114 1932 in
2157 1878 2292 1948 ipsis
2323 1876 2542 1932 defecit.
2585 1895 2604 1929 ι
2647 1878 2853 1932 Divinas
2881 1876 3145 1932 doctrinae
3169 1847 3348 1931 fames
3375 1887 3428 1931 et
3460 1876 3559 1931 hos
3591 1885 3647 1930 et

365 1987 497 2032 τους
531 1969 824 2031 κάκείνους
858 1966 1096 2033 ἐπίεζεν.
1139 1966 1385 2020 Ἰουδαῖοι
1419 1965 1519 2037 μὲν
1550 1963 1660 2036 γὰρ
1693 1965 1751 2018 ἐν
1779 1963 1957 2018 Βαϐυ-

365 2060 500 2114 λῶνι
545 2059 909 2123 δουλεύοντες,
960 2059 1054 2111 καὶ
1104 2057 1300 2129 ἱερέων
1345 2058 1662 2127 ἐστέρηντο,
1715 2055 1812 2110 καὶ
1857 2055 1957 2126 τὴν

367 2149 514 2205 κατά
544 2151 708 2220 νόμον
733 2150 994 2220 λατρείαν
1023 2148 1267 2218 πληροῦν
1300 2147 1401 2200 οὐκ
1444 2146 1729 2216 ἠδύναντο.
1782 2144 1866 2199 Τὰ
1900 2145 1961 2198 δέ

367 2243 499 2311 ἔθνη
530 2241 695 2296 πάλιν
728 2239 854 2294 οὔτε
884 2239 1050 2310 νόμον
1080 2239 1222 2292 θεῖον
1252 2237 1519 2300 ἐδέδεκτο,
1559 2236 1684 2289 οὕτε
1714 2252 1960 2306 πνευμα-

367 2332 534 2400 τικῆς
563 2328 915 2391 διδασκαλίας
947 2329 1220 2398 ἀπήλαυε,
1269 2327 1337 2379 δι’
1364 2320 1440 2380 ὧν
1481 2327 1539 2379 αἱ
1580 2325 1753 2396 ψυχαὶ
1783 2324 1962 2393 πεφύ-

369 2439 505 2478 κασι
536 2420 861 2494 τρέφε-σθαι.
895 2420 1098 2472 Τοῦτον
1125 2419 1226 2488 μέν
1255 2435 1339 2471 τοι
1369 2417 1462 2470 τὸν
1492 2416 1650 2486 λιμὸν
1689 2415 1964 2478 Ἰουδαίοις

370 2516 677 2589 ἠπείλησεν
715 2519 742 2570 ό
777 2514 938 2578 Θεόςο
979 2534 998 2567 ι
1021 2513 1242 2581 Ἑπάξω
1280 2515 1409 2585 γὰρ,
1442 2513 1572 2583 ἔφη,
1618 2511 1777 2582 λιμὸν
1794 2513 1840 2545 ⁸³
1868 2513 1964 2566 ἐπὶ

370 2609 476 2680 τὴν
517 2608 644 2678 γῆν,
675 2606 736 2659 οὑ
769 2605 931 2677 λιμὸν
981 2605 1176 2678 ἄρτου,
1207 2606 1330 2659 ούδέ
1363 2605 1522 2675 δίψαν
1571 2601 1788 2669 ὕδατος,
1827 2602 1966 2658 ἀλλὰ

371 2701 534 2773 λιμὸν
564 2699 661 2754 τοῦ
690 2697 927 2753 ἀκοῦσαι
959 2698 1120 2766 λόγον
1154 2698 1382 2770 Κυρίου.
1425 2715 1445 2750 ι

451 2799 531 2856 ς’.
579 2809 598 2844 ι
629 2793 740 2845 Καὶ
785 2789 1098 2862 ἐκέκραξαν
1136 2789 1276 2860 πρὸς
1322 2789 1528 2860 Κύριον
1563 2791 1622 2844 ἐν
1658 2789 1738 2861 τῷ
1785 2787 1966 2842 θλίϐε-

377 2885 508 2939 σθαι
549 2884 752 2947 αὑτοὺς
779 2922 795 2948 ,
829 2883 925 2936 καὶ
952 2884 1018 2936 ἐκ
1058 2882 1166 2936 τῶν
1195 2881 1456 2949 ἀναγκῶν
1484 2880 1666 2935 αὐτῶν
1692 2880 1965 2953 ἐρρύσατο

375 2976 605 3040 αὐτούς.
644 2995 664 3029 ›
705 2975 828 3029 Τῶν
849 2975 896 3008 ⁹⁰
932 2977 1032 3046 μὲν
1070 2974 1346 3028 Ἰουδαίων
1380 2975 1430 3027 oi
1465 2972 1848 3045 εὐσεϐέστεροι
1887 2971 1968 3042 τῷ

377 3069 502 3140 Θεῷ
536 3069 638 3140 τὴν
689 3068 986 3122 ίκετείανθί
1035 3067 1448 3138 προσήνεγκαν⁸
1492 3067 1587 3119 καὶ
1619 3064 1781 3118 τοῦτο
1815 3065 1968 3134 ἡμᾶς

2058 1969 2181 2023 illos
2203 1967 2503 2038 premebat.
2535 1967 2711 2023 Judaei
2746 1968 2893 2022 enim
2931 1966 3209 2038 Babylone
3239 1967 3562 2031 servientes,
3590 1978 3647 2021 ct

2061 2058 2437 2113 sacerdotibus
2457 2057 2634 2112 orbati
2651 2065 2827 2122 erant,
2846 2065 2899 2112 et
2917 2058 3123 2112 cultum
3143 2058 3446 2114 secundum
3472 2058 3644 2128 legem

2060 2149 2324 2221 perﬁcere
2361 2149 2590 2204 minime
2623 2133 2895 2220 pctcrant.
2929 2149 3201 2204 Caeterum
3242 2157 3430 2219 gentes
3463 2165 3647 2216 neque

2062 2244 2304 2299 divinam
2331 2253 2654 2313 acceperant
2677 2243 2871 2313 legem,
2897 2257 3074 2312 neque
3095 2242 3368 2312 spirituali
3394 2243 3644 2296 doctrina

2065 2335 2411 2399 fruebantur,
2440 2336 2643 2404 quibus
2673 2335 2870 2389 animae.
2899 2335 3101 2388 nutriri
3131 2334 3330 2389 solent.
3361 2333 3513 2389 Hanc
3547 2334 3652 2404 igi-

2067 2435 2155 2481 tur
2207 2426 2406 2480 famem
2454 2425 2662 2480 Judwis
2709 2427 2850 2481 Deus
2907 2426 3148 2480 minatus
3190 2435 3292 2481 est.
3341 2443 3360 2476 ι
3391 2423 3648 2479 lnducam

2064 2515 2234 2580 enim,
2258 2518 2352 2578 ait,
2382 2513 2580 2568 famem
2610 2527 2773 2582 super
2802 2521 3003 2568 terram
3045 2531 3059 2566 :
3094 2528 3202 2568 non
3232 2512 3431 2568 famem
3469 2513 3650 2583 panis.

2066 2621 2246 2676 neque
2295 2606 2440 2661 sitim
2485 2620 2671 2675 aqum,
2728 2605 2824 2661 sed
2873 2604 3074 2660 famem
3124 2604 3383 2661 audiendi
3425 2606 3654 2662 verbum

2067 2699 2162 2755 Dei
2190 2714 2233 2753 ⁵.
2277 2719 2296 2752 ι

2140 2793 2158 2815 ⁸
2193 2793 2356 2847 Vens.
2383 2791 2438 2845 6.
2489 2810 2508 2842 ι
2557 2791 2622 2847 Ει
2651 2792 3028 2848 clamaverunt
3068 2790 3137 2846 ad
3184 2791 3478 2847 Dominum
3525 2806 3654 2846 cum

2068 2885 2480 2950 tribularentur,
2519 2893 2577 2939 et
2613 2900 2679 2940 ex
2711 2883 2982 2955 angustiis
3027 2899 3219 2940 eorum
3250 2885 3452 2956 eripuit
3478 2899 3593 2942 eos.
3633 2907 3652 2939 ι

2068 2973 2384 3030 Iudaeorum
2416 2976 2639 3046 quidem
2671 2977 3069 3048 religiosissimi
3095 2977 3300 3047 quique
3326 2977 3436 3032 Deo
3466 2992 3658 3047 preces

2071 3065 2408 3131 obtulerunt,
2449 3073 2504 3121 et
2534 3067 2644 3121 hoc
2680 3066 2920 3122 Danielis
2954 3082 3178 3138 quoque
3206 3068 3522 3123 vaticinatio
3557 3081 3659 3122 nos

380 3163 538 3217 καὶ⁰²
567 3165 601 3233 ἡ
635 3160 731 3215 τοῦ
772 3159 975 3230 Δανιὴλ
1004 3160 1320 3231 προφητεία
1356 3159 1620 3213 διδάσκει.
1659 3157 1771 3211 Καὶ
1803 3154 1962 3218 αὐτὸς

2073 3157 2234 3213 docet
2262 3159 2308 3214 ε.
2340 3157 2552 3212 Etenim
2594 3168 2648 3214 et
2674 3159 2810 3228 ipse,
2844 3169 2900 3215 et
2927 3159 3193 3224 Ananias,
3228 3168 3283 3216 et
3330 3161 3576 3225 Azarias,
3605 3171 3662 3215 et

378 3255 514 3324 γὰρ,
541 3255 636 3308 καὶ
671 3253 946 3318 Ἀνανίας,
982 3253 1080 3305 καὶ
1116 3250 1398 3320 ’Δξαρίας,
1431 3250 1529 3303 καὶ
1557 3247 1798 3318 Μισαὴλ,
1826 3245 1968 3316 ὑπὲρ

382 3349 609 3404 πάντων
640 3346 1036 3416 ποτνιώμενοι,
1070 3345 1164 3399 τὸν
1199 3343 1342 3397 θεῖον
1376 3343 1651 3414 ἐζήτησαν
1684 3340 1852 3395 ἔλεον.
1888 3338 1972 3392 Τὰ

381 3441 444 3495 δέ
477 3438 611 3509 ἔθνη
642 3439 830 3492 ἔστενε
854 3438 954 3508 μὲν
973 3439 1092 3500 ταῖς
1121 3435 1498 3498 παντοδαπαῖς
1524 3433 1971 3506 προσπαλαίοντα

384 3531 703 3600 συμφοραῖς
732 3566 748 3591 ,
781 3527 875 3581 καὶ
906 3528 1194 3596 οἰμωγαῖς,
1229 3527 1323 3579 καὶ
1351 3525 1570 3598 θρήνοις
1599 3522 1971 3594 ἀπαραμυθή-

381 3636 502 3682 tot;
543 3619 868 3689 ἐκέχρηντο,
896 3618 998 3686 τῆς
1025 3615 1375 3679 ἀναστάσεως
1406 3615 1508 3668 οὐκ
1529 3615 1722 3684 ἔχοντα
1752 3611 1855 3682 τὴν
1888 3611 1975 3665 ἐλ-

385 3709 544 3775 πίδα,
576 3710 638 3763 οὐ
672 3710 830 3780 μέν⁹³
861 3708 962 3779 τὴν
988 3706 1145 3761 λύσιν
1168 3706 1278 3760 τῶν
1314 3706 1656 3776 κατεχόντων
1686 3703 1876 3757 δεινῶν
1909 3703 1975 3756 ἐκ

383 3801 487 3856 τοῦ
521 3801 658 3855 6εοῦ
692 3801 802 3854 τῶν
833 3801 969 3853 ὅλων
1004 3799 1278 3869 ἐζήτησαν
1293 3798 1360 3853 ³⁸.
1403 3795 1528 3851 Εῑδε
1571 3797 1630 3851 δέ
1666 3797 1817 3866 ὅμως
1855 3794 1977 3848 στέ-

385 3910 583 3958 νοντας
614 3895 642 3946 ό
669 3876 1076 3965 φιλάνθρωπος,
1101 3890 1195 3946 καὶ
1219 3890 1310 3943 τὸν
1334 3890 1482 3944 ἔλεον
1512 3887 1793 3960 ὣρεξενεδ.

469 4067 536 4132 ζ’.
574 4087 592 4120 ι
625 4069 738 4121 Καὶ
779 4067 1069 4138 ὡδήγησεν
1116 4066 1314 4129 αὐτοὺς
1347 4067 1428 4129 εἰς
1458 4065 1576 4119 ὁδὸν
1605 4065 1844 4132 εὐθεῖαν,
1881 4064 1976 4118 τοῦ

391 4158 738 4230 πορευθῆναι
783 4161 865 4221 εἰς
913 4158 1071 4210 πόλιν
1126 4156 1574 4227 κατοικητηρίου.
1624 4175 1644 4208 ›
1703 4156 1978 4218 Ἰουδαίοις

395 4251 500 4323 μὲν
528 4249 638 4320 γὰρ
661 4247 753 4302 διὰ
779 4247 965 4319 Κύρου
991 4246 1087 4300 τοῦ
1107 4248 1320 4316 Πέρσου
1351 4247 1451 4317 τὴν
1477 4246 1738 4300 ἐπάνοδον
1768 4246 1978 4317 ἐδωρή-

396 4357 566 4397 σατο·
613 4340 682 4393 τὰ
729 4341 784 4393 δὲ
821 4339 952 4409 ἔθνη
985 4339 1076 4392 διὰ
1104 4337 1212 4393 τῶν
1251 4338 1424 4406 ἁγίων
1474 4338 1814 4410 ἐποδήγησεν
1841 4339 1980 4391 ἀπο-

396 4428 633 4493 στόλων,
671 4428 768 4482 καὶ
803 4428 903 4499 τὴν
934 4427 1048 4481 ἅνω
1080 4427 1239 4479 πόλιν
1273 4427 1545 4492 ὑπέδειξε,
1578 4427 1676 4498 τὴν
1709 4429 1767 4481 ἐν
1798 4428 1979 4499 δρεσιν

2071 3250 2257 3306 Misael
2289 3266 2386 3321 pro
2420 3252 2680 3307 omnibus
2705 3261 2990 3323 precantes
3015 3253 3259 3308 divinam
3287 3254 3660 3325 efflagitabant

2070 3341 2528 3396 miscricordiam.
2565 3343 2634 3394 At
2664 3351 2876 3412 gentes,
2907 3357 3034 3398 cum
3061 3344 3241 3398 omnis
3267 3345 3483 3415 generis
3506 3344 3661 3399 cala-

2071 3430 2356 3486 mitatibus
2407 3433 2792 3499 colluctantes,
2838 3434 3269 3504 ingemiscebant
3311 3435 3554 3506 quidem,
3608 3443 3663 3489 et

2072 3521 2370 3593 ejulatibus
2393 3522 2724 3594 fletibusque
2761 3526 3102 3596 gravissimis
3130 3527 3445 3594 utebantur,
3479 3543 3664 3582 resur-

2073 3618 2340 3674 rectionis
2388 3632 2538 3686 spem
2585 3633 2695 3672 non
2748 3619 3065 3675 habentes':
3114 3619 3492 3689 depulsionem
3534 3635 3664 3675 vero

2073 3710 2372 3775 malorum,
2404 3724 2435 3763 a
2465 3708 2676 3778 ,‘quibus
2714 3710 3120 3779 detinebantur,
3157 3725 3189 3766 a
3233 3711 3345 3767 Deo
3375 3713 3665 3767 universo-

2075 3815 2197 3854 rum
2257 3815 2364 3854 non
2417 3800 2764 3868 expetebant.
2820 3799 2965 3855 Vidit
3019 3811 3202 3855 tamen
3261 3816 3356 3857 eos
3415 3802 3666 3871 lugentes

2081 3887 2300 3957 1368
2330 3886 2602 3958 benignus
2634 3888 2801 3957 Deus,
2853 3897 2907 3944 et
2949 3889 3360 3946 misericordem
3408 3905 3468 3946 se
3505 3892 3663 3945 exhi-

2076 3977 2216 4032 buit.

2149 4068 2316 4123 Vens.
2351 4068 2401 4123 7.
2467 4086 2486 4120 ι
2542 4070 2609 4125 Ει
2646 4070 2874 4125 deduxit
2920 4085 3019 4126 eos
3055 4071 3113 4126 in
3151 4069 3293 4125 viam
3347 4079 3571 4138 rectam,
3608 4083 3670 4128 ut

2079 4159 2223 4214 irent
2258 4160 2311 4213 in
2347 4160 2621 4215 civitatem
2655 4161 3035 4218 habitationis.
3078 4181 3098 4215 ι
3135 4160 3338 4218 Iudaeis
3381 4165 3525 4218 enim
3575 4180 3671 4234 per

2079 4251 2286 4323 Cyrum
2319 4253 2545 4308 Persam
2597 4254 2834 4308 reditum
2875 4255 3097 4310 donavit
3133 4273 3146 4309 :
3186 4264 3372 4325 gentes
3404 4272 3533 4310 vero
3576 4273 3672 4326 per

2083 4341 2464 4396 sanctissimos
2501 4342 2778 4412 apostolos
2813 4343 3061 4410 deduxit,
3098 4359 3502 4415 supernamque
3534 4347 3673 4401 civi-

2083 4440 2251 4486 tatem
2293 4433 2363 4487 iis
2414 4433 2677 4500 ostendit,
2729 4449 2851 4505 qua:
2895 4434 3250 4490 fundamenta
3293 4437 3346 4489 in
3396 4438 3674 4494 montibus

396 4520 579 4589 ἁγίοις
603 4523 650 4554 9‘
681 4522 808 4583 τοὺς
844 4519 1133 4590 θεμελίους
1177 4518 1431 4589 ἔχουσαν,
1478 4515 1548 4592 ἧς
1590 4507 1843 4592 τεχνίτης
1888 4521 1962 4574 κα⁴

2090 4525 2297 4581 sanctis
2332 4525 2518 4593 habet,
2544 4527 2705 4598 cujus
2727 4526 2926 4583 artifex
2961 4535 3016 4583 et
3037 4528 3220 4599 Opifex
3255 4538 3336 4585 est
3369 4529 3530 4587 Deus.

392 4613 730 4684 δημιουργὸς
766 4615 796 4666 ὁ
826 4613 982 4676 Θεός.

471 4710 545 4774 η’.
585 4721 606 4754 ι
651 4702 1282 4774 Ἐξομολογησάσθωσαν
1309 4702 1388 4772 τῷ
1421 4703 1613 4773 Κυρίῳ
1639 4703 1706 4758 τὰ
1731 4703 1860 4775 ἐλέη
1884 4704 1985 4758 αὐ-

393 4793 518 4859 τοῦ,
546 4795 642 4848 καὶ
677 4794 749 4847 τὰ
789 4795 1072 4865 θαυμάσια
1098 4793 1264 4847 αὐτοῦ
1300 4797 1414 4857 τοῖς
1455 4796 1591 4856 υἱοῖς
1626 4795 1736 4855 τῶν
1775 4795 1987 4867 ἀνθρώ-

395 4901 539 4938 πων.
571 4902 590 4936 ι
641 4885 698 4936 '0
736 4883 791 4938 δὲ
832 4885 1130 4955 Σύμμαχος
1171 4882 1376 4946 οὕτως’
1421 4885 1530 4939 Καὶ
1579 4884 1654 4939 τὰ
1700 4885 1988 4954 τεράστια

393 4975 589 5031 αὑτοῦ
619 4975 693 5029 τὰ
719 4978 808 5043 εἰς
841 4977 984 5044 τοὺς
1021 4978 1196 5044 υἱοὺς
1225 4977 1344 5033 τῶν
1376 4977 1723 5046 ἀνθρώπων.
1749 4978 1854 5030 Τὸν
1887 4978 1987 5048 μέν

479 5185 502 5214 τ
527 5174 550 5231 Ι
573 5174 770 5232 Thess.
801 5191 873 5242 tv,
907 5176 995 5231 12.

1094 5184 1117 5212 ⁸
1143 5175 1312 5234 Amos
1364 5191 1483 5242 VIII,
1514 5175 1598 5229 il.
1699 5179 1718 5211 ι
1759 5175 1894 5229 Dan.
1923 5189 1984 5229 tt.

2163 4700 2328 4756 Vsus.
2358 4701 2412 4756 8.
2441 4719 2458 4752 ι
2485 4700 2863 4758 Confiteantur
2890 4702 2946 4757 in
2974 4702 3238 4756 honorem
3271 4701 3488 4756 Domini
3513 4703 3680 4758 mise-

2091 4792 2387 4848 ricordiam
2428 4793 2570 4861 ejus,
2609 4802 2662 4848 et
2690 4794 2962 4848 mirabilia
3005 4794 3126 4863 ejus
3160 4793 3302 4848 inter
3327 4795 3466 4849 ﬁlios
3502 4795 3680 4849 homi-

2092 4900 2249 4938 num.
2293 4904 2311 4936 ι
2357 4885 2716 4955 Symmachus
2761 4891 2939 4940 autem
2982 4885 3064 4940 sic
3107 4901 3122 4938 :
3159 4883 3229 4938 Ει
3272 4887 3521 4956 prodigia
3565 4886 3678 4953 ejus

2092 4993 2220 5047 erga
2244 4978 2386 5046 ﬁlios
2417 4978 2688 5031 hominum
2713 4978 2879 5032 edita.
2912 4975 3188 5048 Ilymnum
3215 4994 3346 5034 sane
3379 4979 3678 5046 gratiarum

1540 5328 1776 5385 VARIAE
1804 5328 2191 5397 LECTIONES
2231 5327 2318 5383 ET
2359 5327 2591 5385 NOTAE.

481 5467 529 5500 ⁸⁸
572 5468 671 5522 Ἐν
719 5467 980 5537 ἀνύδρῳ.
1022 5465 1192 5520 Hebr.
1251 5465 1316 5519 In
1362 5465 1650 5520 solitudine
1703 5469 1802 5520 viae
1839 5481 1885 5521 s.
1924 5465 1962 5519 it

2067 5481 2134 5520 ua
2170 5480 2276 5520 non
2309 5474 2392 5520 est
2427 5464 2532 5518 via.
2589 5463 2694 5518 Sed
2732 5463 2782 5516 ol
2837 5463 2888 5518 0'
2923 5478 3111 5519 vocem
3145 5469 3261 5550 ηητι
3289 5461 3356 5518 ad
3395 5465 3682 5532 sequentia

404 5565 739 5623 retulerunt.
817 5563 884 5594 ⁸⁸·
917 5563 1125 5616 Πόλιν.
1157 5560 1282 5617 cod.
1326 5561 1353 5613 ‘l
1399 5559 1524 5615 add.
1553 5560 1630 5613 δέ.
1708 5559 1753 5593 ⁸9
1785 5560 1962 5627 Λιμόν

2064 5560 2182 5613 best
2223 5575 2252 5612 a
2300 5558 2422 5611 cod.
2463 5557 2515 5611 1.
2593 5554 2813 5627 ⁹⁰ᾈΤῶν
2841 5554 3250 5627 -ίὲζήτηᾳαν
3289 5554 3485 5627 ἔλεον.
3548 5553 3678 5627 Des.

407 5636 555 5690 apud
585 5635 751 5688 (Σοί-(1.
783 5644 822 5686 ι.
853 5631 939 5688 Ill.

974 5648 1028 5701 p.
1065 5633 1188 5686 181.
1283 5631 1327 5663 ³⁸
1362 5633 1485 5701 cod.
1541 5631 1563 5684 ‘l
1609 5631 1911 5701 ἱκετηρίανἶ

2014 5631 2057 5661 θ’
2095 5631 2225 5682 Ital.
2267 5629 2436 5681 Abest
2490 5641 2519 5679 a
2568 5625 2690 5683 cod.
2741 5627 2792 5680 1.

2893 5626 2938 5659 9³
2967 5625 3088 5680 cod.
3124 5625 3145 5676 1
3184 5626 3309 5693 μήν.
3416 5624 3461 5655 9‘
3488 5625 3608 5693 cod.
3647 5627 3676 5682 1

407 5689 706 5776 ἐξῄτησαν.
788 5705 835 5735 ³⁵
884 5689 1106 5757 Ἕλεον
1133 5701 1380 5769 ὤρεξεν.
1416 5699 1512 5755 His
1549 5689 1797 5771 quaedam
1834 5699 1953 5771 subj

2064 5708 2202 5754 uttur
2225 5699 2367 5768 apud
2392 5697 2558 5754 Cord.
2600 5699 2638 5751 Ι.
2670 5712 2719 5752 c.
2794 5694 2842 5728 ”
2895 5696 2990 5749 Ἐν
3049 5689 3510 5763 ὄρεάινλῂγίοις.
3559 5689 3688 5750 Des.

408 5776 469 5832 in
483 5774 619 5830 "cod.
654 5774 705 5831 l.

699 5865 971 5926 PATBOL.
1010 5863 1125 5924 Gn.
1166 5859 1398 5922 LXXX.

3283 5856 3358 5921 55
