4114 6420
418 392 555 459 1741

1795 397 1879 458 IN
1921 398 2128 460 PSAL.
2168 400 2309 462 CVI.

3544 409 3683 476 17$?

412 509 785 582 ἐπικειμένων
824 509 1102 583 ἀπήλλαξε
1147 511 1465 583 συμφορῶν,
1509 511 1637 576 τοὺς
1676 512 1733 565 δὲ
1762 511 1858 565 τοῦ
1896 513 1996 582 τῆς

2117 514 2216 571 ruit
2243 518 2670 587 calamitatibus,
2704 522 2805 579 hos
2837 538 2967 581 vero
2998 525 3066 581 ab
3097 525 3420 597 ignorantiae
3446 527 3687 584 tenebris

412 602 646 671 ἀγνοίας
675 601 1025 674 ἠλευθέρωσε
1056 603 1306 669 σκότους,
1347 603 1441 657 καί⁵
1468 602 1566 674 τῆς
1587 602 1833 667 δουλείας
1850 601 1999 673 διέρ-

414 695 552 765 ρηξε
590 693 659 748 τὰ
690 693 889 764 δεσμά.

489 793 571 852 ιε’,
608 784 705 851 ις’.
738 805 758 838 ι
779 785 1412 858 Ἐξομολογησάσθωσαν
1448 785 1533 857 τῷ,
1554 786 1747 857 Κυρίῳ
1774 786 1844 840 τὰ.
1870 786 2000 857 ὲλέη

412 876 605 939 αὐτοῦ,
624 877 721 930 καὶ
746 876 815 941 τὰ
845 877 1130 948 θαυμάσια
1158 860 1326 931 αὺτοῦ
1357 879 1470 941 τοῖς
1492 877 1628 941 υἱοῖς
1651 877 1760 949 τῶν
1790 874 2002 948 ἀνθρώ-

414 984 559 1031 πων.
587 952 713 1022 Ὀτι
769 967 1063 1039 συνέτριψε
1104 967 1281 1031 πύλας
1325 967 1575 1039 χαλκᾶς,
1629 967 1727 1047 καὶ
1770 966 2002 1039 μοχλοὺς

416 1059 678 1133 σιδηροῦς
726 1061 1145 1116 συνέθλασενίί.
1188 1079 1207 1113 t
1246 1059 1432 1125 Πύλας
1477 1058 1710 1130 χαλκᾶς,
1756 1058 1854 1114 καὶ
1903 1075 2003 1130 μο-

414 1153 582 1225 χλοὺς
637 1154 929 1226 σιδηροῦς,
978 1154 1041 1207 τὸ
1086 1154 1332 1224 ἄφυκτον
1363 1152 1594 1206 ἐκάλεσε
1636 1149 1747 1205 τῶν
1778 1151 1997 1205 κακῶν-

416 1246 671 1317 καθάπερ
698 1246 809 1317 γὰρ
834 1246 927 1303 τὸν
957 1245 1370 1307 είσωτοιούτων
1391 1244 1794 1316 καθειργμένον
1819 1244 2002 1317 θυρῶν

414 1358 477 1394 τε
513 1341 610 1393 καὶ
651 1339 889 1410 μοχλῶν,
932 1339 1251 1409 διαφεύγειν
1271 1340 1315 1371 ¹²
1344 1339 1454 1394 τῶν
1486 1340 1797 1393 ἀδυνάτων·
1825 1338 2002 1403 οὕτως

416 1431 705 1502 ἀμήχανον
749 1426 819 1503 ἦν
862 1430 958 1485 καὶ
1012 1430 1302 1495 Ἰουδαίους
1336 1430 1434 1501 τὴν
1471 1430 1835 1485 Βαϐυλωνίων
1882 1431 2001 1485 δια-

415 1524 614 1594 δρᾶναι
637 1523 906 1589 δουλείαν,
936 1523 1031 1578 καὶ
1063 1524 1275 1599 πάντας
1299 1522 1626 1595 ἀνθρώπους
1647 1521 1743 1576 τοῦ
1775 1521 2002 1578 θανάτου

414 1617 518 1687 τὴν
549 1617 890 1670 δυναστείαν.
920 1616 1100 1680 Μόνος
1128 1615 1187 1670 δὲ
1203 1617 1233 1671 ό
1251 1614 1395 1678 θεῖος
1415 1614 1563 1679 ἔλεος
1590 1615 1792 1687 ἤρκεσε
1817 1615 2003 1669 κάκεί-

415 1725 526 1761 νων
561 1709 656 1763 καὶ
692 1709 887 1762 τούτου
919 1707 1174 1762 διαλῦσαι
1218 1706 1281 1762 τὸ
1313 1707 1537 1778 κράτος,
1584 1708 1680 1761 καὶ
1708 1706 1817 1761 τῶν
1841 1694 2002 1763 ἄνια-

417 1800 532 1872 ρῶν
560 1801 660 1872 τὴν
690 1800 844 1856 λύσιν
877 1800 1232 1873 χαρίσασθαι.

492 1913 578 1979 ιζ’.
616 1934 635 1966 ι
686 1914 1040 1969 Ἀντελάϐετο
1086 1914 1335 1968 αὐτῶν¹²
1377 1912 1439 1979 ἐξ
1469 1912 1590 1967 ὁδοῦ
1632 1914 1866 1986 ἀνομίας
1910 1915 2010 1969 αὐ-

414 2008 531 2063 τῶν
552 2026 566 2040 ο
597 2008 686 2063 διὰ
717 2009 827 2079 γὰρ
857 2010 960 2072 τὰς
987 2007 1223 2078 ἀνομίας
1250 2007 1433 2061 αὐτῶν
1472 2006 1951 2079 ἐταπεινώθησαν.
1984 2025 2003 2060 ι

416 2100 562 2154 Οὔτε
602 2099 871 2163 Ἰουδαῖοι,
911 2098 1038 2153 οὔτε
1083 2101 1235 2154 πᾶσα
1264 2098 1376 2153 τῶν
1413 2097 1722 2170 ἀνθρώπων
1756 2100 1791 2170 ὴ
1822 2099 2007 2168 φύσις,

417 2190 628 2253 ἀδίκως
671 2174 786 2252 τοῖς
828 2190 1078 2259 ἀνιαροῖς
1132 2189 1502 2258 περιέπεσενο
1539 2188 1680 2242 ἀλλὰ
1723 2189 1819 2244 καὶ
1866 2184 2012 2245 οὗτοι

417 2286 669 2337 κάκεῖνοι
724 2283 882 2346 δίκας
946 2275 1021 2338 ὧν
1081 2282 1521 2353 ἐπλημμέλησαν
1567 2281 1832 2337 τίνουσιν.
1870 2281 2010 2336 Ἀλλ’

417 2377 591 2451 ὅμως,
631 2377 729 2445 καὶ
757 2373 989 2437 τούτους
1021 2374 1315 2453 κάκείνους
1346 2374 1628 2440 τοσούτοις
1660 2374 2010 2445 ἐγκαλινδού-

422 2467 628 2541 μένους
661 2466 854 2528 κακοῖς
882 2463 1166 2536 σωτηρίας
1197 2463 1456 2532 ἠξίωσεν.

494 2588 586 2651 ιη’.
630 2600 648 2633 ι
690 2581 809 2634 Πᾶν
841 2578 1040 2652 βρῶμα
1073 2577 1397 2643 ἐϐδελύξατο
1435 2580 1468 2649 ἡ
1496 2578 1646 2651 ψυχὴ
1675 2578 1883 2632 αὐτῶνθ
1919 2580 2012 2633 καὶ

419 2677 663 2746 ῆγγισαν
707 2673 815 2736 ἕως
859 2671 970 2725 τῶν
1019 2670 1207 2724 πυλῶν
1257 2670 1350 2724 τοῦ
1389 2656 1648 2724 θανάτου.
1689 2690 1708 2722 ι
1762 2670 2011 2723 Ἰουδαῖοι

396 2759 528 2838 ’μὲν
577 2764 711 2835 γὰρ,
740 2762 1087 2837 ¹τιζχτιληίλθει
1135 2746 1490 2835 συνεχόμενοι
1522 2762 1633 2816 τῶν
1672 2760 1882 2830 κακῶν,
1916 2762 2013 2815 καὶ

416 2856 595 2928 αὐτὴν
642 2854 1055 2925 ἀπεστρέφοντο
1114 2852 1214 2923 τὴν
1268 2852 1501 2923 τροφήν.
1543 2849 1719 2905 Τοῦτο
1763 2853 1873 2923 γὰρ
1917 2852 2012 2906 καί

418 2949 482 3003 ὲν
507 2947 681 3019 ἑτέρῳ
705 2944 931 3016 ψαλμῷ,
957 2945 1033 3007 ὼς
1055 2942 1113 3011 ἐξ
1144 2943 1373 2997 ἐκείνων
1399 2941 1624 3015 εἴρηκεν
1646 2945 1674 2996 ὁ
1699 2944 2006 3014 προφήτης·

425 3059 448 3094 ι
485 3041 606 3093 Ὅτι
639 3036 993 3111 ἐπελαθόμην
1024 3034 1121 3089 τοῦ
1152 3036 1352 3105 φαγεῖν
1396 3033 1489 3090 τὸν
1521 3034 1683 3106 ἄρτον
1717 3051 1839 3104 μου.
1869 3053 1887 3085 ι
1930 3033 2012 3086 Τὰ

420 3134 480 3187 δὲ
511 3132 642 3203 ἔθνη
665 3130 786 3185 οὐδὲ
807 3129 851 3162 ³⁸
876 3132 999 3193 ταῖς
1026 3127 1136 3183 τῶν
1173 3128 1392 3180 οἰκείων
1419 3126 1730 3197 φιλοσόφων
1757 3127 2013 3181 διδασκα-

421 3226 571 3290 λίαις
596 3213 1302 3298 προσέχεινὲὼύλετοηοῦ
1334 3219 1400 3291 δὴ
1441 3219 1624 3290 χάριν,
1676 3219 1723 3271 οἱ
1759 3218 1857 3287 μὲν
1893 3217 2011 3269 Σω-
2043 3202 2087 3261 C

424 3317 667 3389 κράτους
716 3312 1167 3383 κατεψηφίσαντο
1195 3310 1457 3385 θάνατον’
1494 3311 1545 3363 οἱ
1589 3309 1644 3362 δὲ
1691 3308 1784 3362 τὸν
1825 3305 2015 3372 Ἀνάξ-

378 3386 385 3399 ”
426 3386 600 3479 αρχον
627 3407 756 3478 ξένῃ
802 3405 1112 3476 παρέδοσαν
1136 3403 1382 3477 τιμωρία
1400 3403 1445 3435 ¹⁸
1464 3421 1479 3434 ·
1507 3403 1558 3457 οἰ
1588 3401 1646 3454 δὲ
1669 3401 1711 3433 ¹⁸
1742 3399 1895 3456 ἄλλοι
1919 3399 2013 3453 τοῦ

426 3500 758 3573 Πυθαγόρου
793 3496 1074 3569 διαδόχους
1107 3496 1325 3570 πικρῶς
1349 3494 1727 3566 αἰκισάμενοι,
1762 3493 2016 3566 πρόωρον

426 3592 614 3656 αὐτοῖς
640 3591 927 3662 ἐπήγαγον
962 3587 1219 3644 θάνατον.
1255 3586 1397 3641 Ἀλλ’
1422 3587 1574 3658 ὅμως
1594 3586 1635 3618 ιτ
1672 3585 1769 3640 καὶ
1801 3583 2016 3649 τούτοις

426 3686 458 3739 ὀ
485 3682 595 3737 τῶν
622 3682 761 3737 ὅλων
784 3680 917 3744 Θεὸς
945 3678 1333 3751 παρεσκεύασε
1371 3664 1733 3749 μεταδοθῆνάι
1761 3676 1862 3747 τῆς
1884 3675 2019 3731 άθα-

429 3777 599 3831 νάτου
625 3773 839 3845 τροφῆς
859 3813 874 3843 ,
905 3773 1003 3826 καὶ
1044 3769 1185 3841 μετὰ
1223 3770 1408 3839 πάσης
1432 3768 1609 3841 ταύτῃ
1642 3769 2017 3841 προσδραμεῖν

431 3860 748 3934 προθυμίας
798 3858 1081 3931 ἀνέπεισε,
1126 3861 1223 3914 καὶ
1265 3858 1379 3912 τῶν
1406 3857 1502 3912 τοῦ
1546 3858 1781 3921 θανάτου
1829 3856 2019 3911 πυλῶν

429 3934 803 4026 ἠλευθέρωσε.
1246 3938 1247 3943 γ

505 4042 595 4098 ιθ’.
643 4063 662 4096 ι
697 4042 811 4097 Καὶ
849 4041 1161 4113 ὲκέκραξαν
1204 4039 1343 4113 πρὸς
1375 4037 1582 4110 Κύριον
1628 4039 1685 4093 ὲν
1725 4037 1804 4110 τῷ
1841 4038 2019 4092 θλίϐει

430 4136 562 4192 σθαι
591 4136 814 4200 αὐτοὺς,
847 4135 943 4189 καὶ
969 4136 1035 4189 ἐκ
1066 4118 1177 4188 τῶν
1201 4135 1463 4203 ἀναγκῶν
1489 4131 1668 4186 αὐτῶν
1695 4131 1900 4185 ἔσωσεν
1923 4132 2020 4187 σὺ·

429 4208 583 4292 τούς.
624 4245 643 4279 ι
681 4220 817 4288 Εἶτα
849 4225 1227 4294 διδάσκειντῆς
1256 4210 1533 4296 σωτηρίας
1558 4223 1651 4278 τὸν
1686 4223 1909 4294 τρόπον.

502 4350 574 4399 κ’.
618 4361 637 4395 ι
685 4340 1004 4396 Ἀπέστειλε
1039 4340 1133 4419 τὸν
1167 4339 1329 4408 λόγον
1359 4337 1549 4405 αὐτοῦ,
1581 4339 1676 4392 καὶ
1704 4338 1891 4393 ίάσατο
1919 4338 2020 4392 αὑ-

429 4438 581 4500 τοὺς,
607 4434 703 4489 καὶ
730 4433 1002 4509 ἐρρύσατο
1017 4433 1218 4509 αὐτοὺς
1235 4434 1300 4486 ὲκ
1318 4432 1427 4486 τῶν
1449 4429 1756 4501 διαφθορῶν
1780 4430 2014 4484 αὐτῶν.»

2100 607 2376 680 liberavit,
2409 613 2803 687 servitutisque
2835 617 3058 674 vincula
3079 618 3338 690 disrupit.

2176 790 2341 848 Vens.
2380 793 2468 857 l5,
2504 793 2587 848 16.
2630 814 2649 847 ι
2685 794 3066 854 Conﬁteantur
3092 799 3148 854 in
3173 799 3441 858 honorem
3472 802 3692 858 Domini

2106 885 2538 943 misericordiam
2565 889 2705 959 ejus,
2739 899 2794 945 et
2819 892 3090 949 mirabilia
3115 894 3233 964 ejus
3254 895 3398 953 inter
3427 896 3564 953 filios
3588 898 3693 954 ho-

2106 975 2336 1033 minum.
2370 976 2511 1046 Quia
2542 981 2801 1038 contrivit
2827 993 3015 1054 portas
3045 1001 3248 1055 teneas,
3278 996 3333 1043 et
3364 995 3548 1045 vectes
3579 989 3694 1046 fer-

2108 1081 2232 1124 reos
2274 1070 2561 1141 confregit.
2608 1090 2627 1123 ›
2676 1073 2869 1131 Portas
2916 1093 3097 1133 aeneas
3139 1088 3196 1134 et
3230 1088 3415 1137 vectes
3459 1081 3692 1147 ferreos,

2111 1157 2383 1213 malorum
2412 1160 2522 1215 vim
2547 1150 2916 1221 inevitabilem
2961 1171 3320 1239 nuncupavit.
3360 1171 3520 1226 Sicut
3546 1174 3693 1228 enim

2111 1262 2217 1311 non
2258 1258 2440 1319 potest
2466 1250 2606 1317 ﬁeri,
2650 1261 2708 1307 ut
2737 1254 2806 1320 is,
2832 1256 2923 1325 qui
2961 1257 3103 1310 intra
3138 1259 3272 1313 tales
3294 1259 3494 1329 januas
3526 1269 3581 1316 ct
3601 1278 3695 1318 vc-

2108 1346 2223 1396 ctes
2249 1340 2502 1398 detentus
2521 1353 2626 1408 est,
2657 1344 2913 1417 eﬂ‘ugiat:
2946 1348 3028 1404 sic
3059 1348 3175 1403 ﬁeri
3208 1348 3435 1407 minime
3457 1363 3694 1423 poterat,

2111 1439 2171 1485 ut
2217 1429 2391 1487 Judaei
2438 1432 2864 1506 Babyloniorum
2901 1438 3195 1494 evaderent
3229 1443 3565 1507 servitutem,
3611 1445 3696 1500 vel

2110 1535 2301 1577 omnes
2325 1522 2575 1603 homines
2599 1528 2791 1583 mortis
2817 1529 3130 1599 imperium.
3159 1529 3284 1585 Sola
3309 1541 3489 1588 autem
3515 1535 3701 1591 divina

2110 1614 2488 1691 misericordia
2520 1629 2573 1673 et
2604 1619 2825 1676 illorum
2855 1633 2909 1677 et
2933 1622 3099 1694 hujus
3129 1625 3432 1694 potentiam
3459 1636 3704 1684 evertere

2108 1705 2311 1776 potuit,
2340 1707 2785 1782 solutionemque
2820 1729 2849 1767 a
2881 1714 3048 1771 rebus
3073 1715 3327 1772 tristibus
3360 1724 3641 1787 praestare.

2134 1974 2139 1981 _
2184 1912 2201 1933 ‘
2236 1909 2402 1968 Vens.
2438 1914 2525 1969 17.
2578 1934 2597 1966 ι
2648 1913 2901 1987 Suscepit
2931 1931 3027 1974 eos
3066 1918 3134 1974 de
3158 1920 3248 1975 via
3278 1920 3586 1992 iniquitatis
3611 1937 3707 1979 eo-

2112 2020 2235 2060 rum
2268 2025 2283 2061 :
2312 2014 2535 2077 propter
2555 2008 2855 2080 injustitias
2876 2010 3025 2066 enim
3046 2026 3177 2069 suas
3203 2013 3474 2071 humiliati
3499 2024 3649 2073 sunt.
3679 2036 3699 2070 ι

2111 2096 2223 2155 Nec
2276 2097 2488 2167 Judaei,
2532 2116 2634 2157 nec
2678 2111 2790 2158 tota
2832 2103 3121 2160 hominum
3155 2115 3351 2163 natura
3403 2109 3610 2177 iniuste
3649 2110 3707 2166 in

2114 2192 2259 2247 mala
2294 2192 2489 2250 incidit
2527 2213 2541 2250 :
2570 2196 2664 2251 sed
2687 2206 2743 2251 et
2774 2196 2862 2252 isti
2886 2197 3037 2252 etilli
3072 2214 3266 2268 ptenas
3302 2214 3497 2256 eorum
3523 2201 3708 2269 luunt,

2113 2298 2237 2355 quae
2264 2295 2484 2355 patrare
2514 2288 2634 2342 ausi
2670 2296 2821 2343 sunt.
2856 2287 3243 2346 Verumtamen:
3284 2299 3340 2346 et
3367 2292 3468 2348 hos
3494 2302 3553 2349 et
3582 2294 3709 2350 illos

2096 2376 2319 2433 talibus
2349 2378 2507 2434 malis
2532 2378 2842 2449 implicatos
2863 2379 3041 2436 salute
3065 2381 3322 2452 dignatus
3346 2392 3448 2438 est.

2188 2574 2357 2631 Vens.
2393 2577 2475 2631 18.
2527 2595 2548 2628 ι
2578 2577 2805 2631 Omnem
2833 2591 3019 2632 escam
3058 2578 3372 2635 abominata
3401 2587 3487 2636 est
3523 2580 3709 2636 anima

2112 2681 2329 2734 eorum,
2354 2678 2408 2722 et
2438 2668 3020 2738 appropinquaverunt
3051 2685 3227 2740 usque
3252 2675 3318 2726 ad
3346 2680 3535 2742 portas
3557 2684 3709 2728 mor-

2112 2761 2208 2816 tis.
2251 2779 2271 2814 ι
2330 2759 2467 2815 Nam
2519 2758 2693 2816 Judaei
2738 2762 2960 2831 quidem
3005 2756 3175 2818 tantis
3226 2762 3464 2819 miseriis
3510 2764 3708 2833 pressi,

2113 2851 2292 2924 ipsum
2320 2852 2495 2908 etiam
2526 2852 2709 2909 cibum
2758 2854 3179 2908 aversabantur.
3211 2852 3328 2910 lloc
3369 2853 3517 2909 enim
3556 2862 3614 2911 et
3651 2854 3709 2910 in

2088 2946 2223 3001 'alio
2249 2946 2460 3017 1371
2492 2946 2731 3017 psalmo,
2758 2944 2927 3002 veluti
2955 2960 3018 3001 ex
3045 2946 3265 3001 illorum
3297 2958 3557 3017 persona,
3581 2959 3713 3016 pro-

2114 3039 2276 3108 pheta
2309 3039 2447 3093 dixit
2474 3057 2487 3094 :
2533 3055 2553 3091 ι
2587 3037 2860 3106 Quoniam
2901 3038 3108 3093 oblitus
3134 3052 3259 3093 sum
3290 3038 3582 3093 comedere
3608 3052 3710 3107 pa-

2115 3145 2240 3185 nem
2273 3146 2454 3185 meum
2490 3141 2535 3186 ι.
2585 3149 2605 3183 ι
2640 3130 2839 3186 Gentes
2868 3143 3001 3185 vero
3032 3143 3133 3185 nec
3160 3129 3227 3185 ad
3259 3144 3487 3185 suorum
3527 3128 3713 3199 philo-

2120 3219 2417 3288 sophorum
2448 3219 2728 3276 doctrinas
2774 3218 3058 3275 attendere
3095 3219 3370 3274 volebant.
3413 3216 3714 3287 Propterea

2121 3310 2175 3364 hi
2208 3312 2431 3382 quidem
2460 3311 2743 3369 Socratem
2770 3312 2840 3367 ad
2865 3323 3098 3368 mortem
3121 3312 3593 3376 condemnarunt;
3618 3307 3715 3364 alii

2122 3418 2253 3458 vero
2282 3403 2671 3459 Anaxarchum
2720 3404 2984 3458 inusitata
3027 3411 3203 3458 morte
3244 3402 3583 3467 multarunt;
3619 3399 3716 3458 alii

2124 3504 2307 3550 autem
2348 3494 2669 3566 Pythagorae
2698 3510 3049 3552 successores
3078 3496 3276 3552 acerbe
3301 3496 3577 3551 cruciatos
3610 3493 3717 3548 im-

2124 3596 2339 3642 matura
2369 3595 2548 3643 morte
2586 3586 2906 3643 aﬂ‘eccrunt.
2944 3585 3337 3643 Verumtamen
3380 3596 3435 3642 et
3470 3586 3557 3641 his
3590 3584 3720 3640 uni-

2124 3692 2412 3733 versorum
2439 3679 2582 3734 Deus
2607 3679 2972 3733 immortalem
2996 3680 3177 3734 cibum
3205 3680 3488 3749 impertiit,
3509 3688 3563 3733 et
3587 3692 3713 3732 cum

2124 3769 2275 3824 omni
2301 3770 2471 3824 animi
2502 3768 2931 3838 promptitudine
2968 3770 3035 3824 ad
3077 3770 3224 3825 hunc
3267 3783 3557 3825 accurrere
3586 3781 3716 3839 per-

2125 3860 2323 3925 suasit,
2353 3868 2408 3915 et
2445 3874 2475 3913 a
2508 3857 2701 3915 mortis
2725 3858 2912 3928 januis
2934 3857 3253 3913 vindicavit.

2201 4035 2369 4092 Vens.
2412 4035 2501 4090 l9.
2550 4054 2573 4087 ‹
2610 4033 2675 4090 Et
2717 4035 3096 4090 cl-amavcrnnt
3129 4034 3196 4088 ad
3246 4033 3540 4089 Drmiiuum
3583 4050 3716 4091 cum

2126 4124 2545 4193 tribularentu‘r,
2573 4132 2629 4180 ct
2650 4141 2713 4180 ex
2749 4125 3020 4196 angustiis
3041 4139 3232 4179 eorum
3261 4124 3513 4182 liheraait
3537 4140 3654 4183 cos.
3687 4143 3714 4182 ν

2129 4224 2336 4288 Deinde
2362 4222 2557 4277 salutis
2584 4220 2807 4301 modum
2843 4220 3021 4275 docet.

2200 4330 2368 4391 Vens.
2393 4333 2484 4388 20.
2535 4351 2554 4386 ι
2587 4332 2733 4388 Misit
2761 4332 2985 4387 verbum
3021 4347 3207 4400 suum,
3236 4344 3293 4388 et
3324 4332 3539 4387 sanavit
3572 4346 3670 4389 eos
3700 4346 3720 4389 :

2127 4437 2186 4484 et
2211 4424 2391 4497 erupit
2421 4441 2518 4482 eos
2548 4441 2578 4482 e
2607 4426 2850 4496 pernicie
2880 4432 3001 4481 sua.
3038 4444 3061 4477 ι
3088 4423 3226 4479 Nam
3258 4439 3384 4480 cum
3416 4424 3560 4480 Deus
3590 4424 3726 4480 Ver-

440 4532 503 4582 ’0
530 4528 642 4601 γὰρ
672 4526 808 4592 Θεὸς
837 4526 1009 4595 Λόγος
1044 4522 1497 4599 ὲνανθρωπήσας,
1541 4522 1637 4578 καὶ
1667 4520 2013 4587 ἀποσταλεὶς¹

2130 4520 2260 4575 bum
2288 4512 2586 4573 humanam
2613 4529 2863 4572 naturam
2892 4517 3246 4587 suscepisset,
3280 4526 3445 4588 atque.
3466 4526 3526 4572 ut
3556 4517 3723 4573 homo

430 4621 508 4683 ὡς
540 4619 831 4689 ἄνθρωπος
860 4618 959 4689 (ὡς
980 4616 1097 4695 γὰρ
1131 4615 1286 4680 Θεὸς,
1318 4610 1726 4691 ἀπερίγραφος,
1756 4615 1852 4670 καί
1879 4630 2016 4667 παν-

428 4708 602 4780 ταχοῦ
634 4710 900 4778 πάρεστι,
922 4708 1023 4785 ’καὶ
1048 4706 1295 4780 περιέχει
1323 4707 1393 4760 τὰ
1426 4705 1767 4778 σύμπαντα),
1785 4706 1856 4759 τὰ
1884 4722 2018 4791 παν-

428 4797 647 4855 τοδαπὰ
677 4799 788 4855 τῶν
825 4798 1017 4870 ψυχῶν
1054 4799 1246 4854 ἰάσατο
1273 4797 1598 4870 τραύματα,
1633 4797 1882 4861 καὶτοὺς
1907 4796 2025 4850 δια-

428 4895 747 4967 φθαρέντας
788 4894 1073 4966 ἀνέρρωσε
1102 4893 1420 4965 λογισμούς.
1462 4890 1682 4945 Οῢτωί⁸
1710 4889 1812 4963 τὴν
1844 4890 2027 4961 ἁμαρ-

432 4987 607 5042 τωλὸν
628 4986 862 5069 εκείνην
897 4986 1088 5040 ἰάσατο
1112 4987 1361 5057 γυναῖκα
1380 5026 1397 5053 ,
1428 4984 1525 5040 καὶ
1554 4983 1779 5056 θαρρεῖν
1819 5000 2029 5055 παρεγσ

433 5078 677 5152 γύησεν·
728 5078 874 5134 οὕτω
924 5079 1016 5134 τὸν
1067 5080 1407 5152 παρειμένον
1428 5075 1711 5150 ἐστήριξεν
1762 5073 2025 5165 εἰρηκὼς,

504 5269 528 5299 ι
561 5260 704 5316 Psal.
735 5276 810 5326 οι,
842 5261 896 5315 4.
989 5271 1014 5301 ει
1044 5257 1232 5313 Matth.
1265 5273 1338 5321 rx,
1373 5255 1464 5310 2‘2.

2130 4610 2335 4664 missus
2368 4617 2513 4664 esset
2550 4607 2632 4678 (ut
2681 4609 2822 4662 Deus
2854 4607 3023 4673 enim,
3068 4615 3153 4663 est
3187 4606 3722 4682 incircumscriptus,

2126 4711 2182 4758 et
2236 4702 2439 4772 ubique
2464 4702 2639 4765 adest,
2673 4710 2726 4754 ct
2758 4699 2945 4754 omnia
2984 4701 3272 4769 continet),
3306 4700 3561 4756 universa
3604 4700 3725 4755 ani-

2127 4811 2340 4849 marum
2382 4794 2609 4848 vulnera
2646 4792 2883 4858 sanavit,
2928 4802 3247 4861 mentesque
3296 4803 3582 4861 corruptas
3625 4806 3724 4846 cu-

2127 4887 2288 4941 ravit.
2324 4884 2413 4940 Sic
2437 4895 2491 4938 et
2525 4886 2810 4939 mulierem
2847 4885 2994 4938 illaut
3022 4884 3384 4953 peccatricem
3414 4898 3604 4939 sanam
3636 4881 3720 4938 fe-

2127 4978 2205 5032 cit
2239 4980 2287 5040 ⁸,
2330 4986 2384 5032 et
2419 4986 2478 5030 ut
2512 4976 2657 5031 bono
2696 4975 2886 5031 animo
2914 4984 3084 5040 esset,
3124 4975 3405 5046 praecepit.
3437 4973 3533 5028 Sic
3562 4987 3720 5043 para-

2131 5070 2359 5142 lyticum
2407 5069 2794 5133 consolidavit,
2849 5067 3086 5124 dicens:
3143 5084 3162 5119 ι
3196 5065 3569 5122 Remittuntut'
3617 5062 3719 5119 tibi

1529 5427 1767 5484 VARUS
1806 5426 2196 5483 LECTIONES
2237 5426 2325 5481 ΕΤ
2366 5425 2594 5482 NOTAE.

507 5576 548 5610 ¹¹
578 5575 989 5631 Συνέθλασεν.
1003 5576 1126 5631 cod.
1154 5574 1180 5628 1
1216 5570 1596 5642 συνέτριψεν..
1637 5571 1682 5603 ’⁸
1722 5571 1844 5626 cod.
1881 5570 1905 5624 1
1941 5571 2013 5625 διο

2117 5571 2250 5637 γεῖν.
2332 5569 2375 5601 ³³
2419 5569 2652 5624 Ἀιοτελ.
2679 5568 2898 5623 αὐτῶν.
2930 5566 3093 5624 Hebr.
3125 5549 3293 5627 0351s:
3330 5564 3507 5624 stulti.
3537 5564 3644 5622 Sed
3666 5566 3719 5622 οί

431 5676 489 5727 (γ
522 5687 681 5741 aeque
736 5688 798 5725 ac
844 5670 1014 5742 Syrus
1047 5669 1307 5742 et_Arabs
1329 5668 1569 5742 “legisse
1615 5667 1871 5742 videntur
1906 5650 2134 5742 abun?!
2168 5674 2229 5721 ut
2269 5662 2766 5742 (eliciconje‘c‘tura
2793 5658 3142 5742 Δειιίιιιῖὶιϐιξί.
3171 5646 3360 5742 Dathe
3400 5658 3614 5742 iulio}.
3648 5660 3721 5742 ad

432 5744 489 5797 Ιι.
519 5743 553 5796 l.
594 5739 1068 5811 interpretationis
1093 5739 1246 5811 Syr.__
1324 5739 1370 5771 “
1399 5739 1523 5795 cod.
1549 5739 1575 5811 1
1606 5739 1689 5811 ob=

430 5814 615 5885 ὀμως.
637 5813 763 5870 cod.
799 5815 822 5869 τι
857 5813 993 5879 ᾲλλὰ

1799 5739 1842 5771 ¹⁸
1872 5739 1995 5793 cod.
2032 5740 2056 5791 1
2085 5737 2359 5808 τιμωρίας
2384 5737 2524 5808 ἰδέᾳ.

1088 5807 1350 5876 ιίοῦτω,
1384 5826 1438 5863 κ.
1474 5826 1526 5865 τ.
1563 5808 1613 5863 λ.
1647 5807 1774 5865 llaec
1804 5808 1920 5866 des.
1953 5807 2097 5878 apud
2129 5807 2295 5866 Cord.
2330 5823 2384 5878 ι).
2411 5807 2534 5864 187.

2613 5732 2657 5765 ³⁸
2688 5738 2752 5791 οι
2782 5734 2870 5791 δέ.
2915 5735 3040 5789 Des.
3079 5732 3135 5789 in
3166 5731 3294 5791 cod.
3339 5732 3392 5788 1.
3469 5729 3512 5768 ⁸⁸
3559 5728 3720 5788 Ἀλλ’
