4114 6484
540 341 681 408 1745

1945 337 2029 400 IN
2066 291 2273 400 rsLtL.
2317 333 2462 399 CVI.

3667 324 3809 388 1746

537 461 732 515 ὕεσθαι
757 459 980 525 αὐτοὺς,
1009 461 1104 515 καὶ
1129 463 1194 516 ἐκ
1217 460 1325 516 τῶν
1346 459 1605 530 ἀναγκῶν
1639 459 1819 516 αὐτῶν
1848 457 2110 526 ἐξήγαγεν

2223 451 2639 515 tribularentur,
2671 458 2724 505 et
2753 463 2818 504 ex
2850 445 3120 517 angustiis
3157 458 3344 500 eorum
3379 441 3568 498 eduxit
3599 443 3811 498 cos.'l£t

537 552 762 618 αὐτούς.
798 553 910 608 Kal
925 555 971 587 “
1009 554 1244 622 ἐπέταξε
1273 557 1341 626 τῇ
1378 552 1681 624 καταιγίδι,
1726 551 1820 605 καὶ
1861 550 1995 620 ἔστη
2040 550 2123 614 είς

533 642 738 716 αὔραν,
763 646 859 699 καὶ
885 644 1150 717 ἐσίγησαν
1179 647 1250 702 τά
1279 647 1503 718 κύματα
1525 645 1718 714 αὐτῆς.
1748 644 1857 698 Kal
1881 644 2121 713 εὐφράν-

535 735 734 804 θησαν,
766 735 849 788 δτι
873 732 1177 806 ἡσύχασαν.
1214 753 1234 787 ι
1271 735 1563 798 Κάκείνοις
1606 734 1666 788 δὲ
1708 734 1824 796 τοῖς
1865 731 2122 785 πλέουσιν

536 825 996 895 ἐπικαλουμένοις
1025 825 1128 898 τὴν
1147 825 1359 880 οἰκείαν
1390 826 1564 898 ῥοπὴν
1589 824 1794 897 ὀρέγει,
1809 823 1908 877 καὶ
1936 821 2118 876 νεύειο

537 915 632 967 καὶ
681 916 1031 986 παραχρῆμα
1088 917 1170 978 είς
1228 910 1407 987 αὔραν
1467 916 1706 985 πραεῖαν
1759 915 1793 984 ὴ
1857 912 2119 980 καταιγὶς

538 1003 962 1072 μεταϐάλλεται,
1007 1004 1232 1074 καὶτῆς
1261 1004 1432 1076 ζάλης
1473 1004 1535 1057 τὺ
1568 1005 1806 1072 πέλαγος
1838 1002 2118 1056 ἀπαλλάτ-

534 1109 713 1157 τεται,
751 1093 846 1148 καὶ
871 1096 921 1148 οί
953 1094 1220 1168 λυπηροῖς
1255 1113 1365 1148 τισι
1398 1095 1868 1166 προσπαλαίοντες
1900 1094 1990 1149 διὰ
2018 1097 2122 1166 τῆς

535 1182 709 1236 αὑτοῦ
757 1184 980 1256 χάριτος
1026 1185 1330 1257 μεταϐολὴν
1376 1187 1692 1256 εὑρίσκουσι
1737 1187 1849 1242 τῶν
1905 1187 2116 1240 κακῶν.

533 1275 722 1338 Οὕτως
740 1274 785 1308 ³⁷
803 1276 1047 1329 Ἰουδαῖοι
1075 1279 1176 1348 τῆς
1207 1279 1417 1349 πικρᾶς
1442 1279 1689 1344 δουλείας
1721 1277 1938 1348 ἐκείνης
1963 1278 2120 1349 ήλευ-

529 1355 877 1436 θέρώθησαν.
916 1385 934 1418 ι
978 1367 1089 1420 Kal
1125 1367 1414 1439 ὡδήγησεν
1444 1368 1644 1433 αὐτοὺς
1674 1370 1768 1423 ἐπὶ
1793 1369 1992 1438 λιμένα
2023 1367 2116 1422 θε-

531 1454 780 1526 λήματος
819 1455 988 1511 αὑτοῦ
1004 1457 1070 1510 ³⁸.
1111 1475 1130 1508 ι
1168 1457 1323 1527 ’Δμα
1373 1457 1481 1528 γὰρ
1513 1457 1773 1528 ἠθέλησε,
1817 1457 1913 1512 καὶ
1958 1457 2117 1520 λύσις

531 1548 753 1616 ἐγένετο
790 1548 900 1601 τῶν
931 1548 1142 1614 κακῶν,
1179 1552 1274 1603 καὶ
1301 1550 1424 1603 ἀντὶ
1463 1550 1560 1603 τοῦ
1591 1549 1860 1612 κλύδωνος
1886 1551 1914 1603 ό
1946 1548 2116 1618 λιμὴν

529 1638 777 1710 ἀνεφάνη
797 1655 812 1670 ⁸
837 1640 932 1694 καὶ
964 1639 1125 1692 τοῦτο
1153 1640 1211 1693 δὲ
1239 1641 1440 1711 μᾶλλον
1480 1643 1612 1711 ἡμῖν
1631 1682 1650 1707 ,
1678 1641 1711 1712 ἢ
1747 1640 1982 1703 ἐκείνοις
2013 1640 2114 1708 ἀρ-

533 1728 735 1798 μόδιον-
783 1729 960 1799 Ἦμᾶς
993 1729 1100 1800 γὰρ
1149 1731 1230 1792 εἰς
1267 1730 1360 1782 τὸν
1392 1729 1489 1783 τοῦ
1538 1730 1845 1802 θελήματος
1877 1729 2047 1783 αὑτοῦ
2066 1729 2111 1761 ²⁹

528 1819 727 1889 λιμένα
760 1820 1135 1893 καθώρμισεν,
1183 1823 1282 1894 τὴν
1317 1821 1467 1877 θείαν
1504 1822 1674 1878 αὑτοῦ
1722 1823 2114 1896 δωρησάμενος

530 1910 758 1980 γνῶσιν.

598 2003 698 2069 λα’,
724 2001 826 2075 λβ’.
859 2023 880 2057 ι
903 2005 1534 2078 Ἐξομολογησάσθωσαν
1561 2007 1639 2080 τῷ
1667 2008 1860 2082 Κυρίῳ
1885 2009 1957 2064 τὰ
1984 2007 2111 2080 ἐλέη

526 2095 720 2160 αὐτοῦ,
752 2097 850 2151 zeal
895 2096 963 2152 τά
1008 2096 1291 2169 θαυμάσια
1335 2099 1502 2153 αὐτοῦ
1545 2102 1658 2165 τοῖς
1689 2102 1826 2166 υἱοῖς
1861 2101 1972 2155 τῶν
2012 2102 2113 2156 ἀν-

527 2182 784 2254 θρώπων.
827 2185 1236 2256 Ὑψωσάτωσαν
1266 2189 1432 2243 αὑτὸν
1461 2191 1520 2244 ἐν
1547 2191 1816 2263 ἐκκλησίᾳ
1841 2191 1996 2255 λαοῦ,
2016 2192 2112 2245 καὶ

525 2272 587 2325 ἐν
634 2275 938 2346 καθέδρᾳ³⁰
997 2278 1392 2350 πρεσϐυτέρων
1437 2281 1813 2336 αίνεσάτωσαν
1854 2283 2040 2337 αὐτόν.
2083 2301 2104 2336 ι

526 2365 639 2418 Kal
661 2367 822 2420 τοῦτο
857 2369 1011 2438 παρά
1033 2368 1142 2423 τῶν
1166 2372 1615 2428 πεπιστευκότων
1644 2374 1814 2428 ἐθνῶν
1842 2373 2110 2440 διηνεκῶς

524 2457 814 2527 γινόμενον
840 2457 990 2512 ἐστιν
1016 2459 1164 2515 ίδεῖνη.
1207 2461 1298 2516 Ἐν
1330 2463 1535 2529 πάσαις
1559 2465 1669 2538 γὰρ
1699 2469 1820 2530 ταῖς
1846 2467 1987 2522 κατά
2007 2467 2109 2539 τὴν

521 2547 856 2618 οἰκουμένην
899 2549 1286 2621 Ἐκκλησίαις,
1330 2555 1426 2609 τοῦ
1451 2555 1598 2628 ἱεροῦ
1620 2556 2036 2629 καθηγουμένου
2056 2561 2099 2592 ³¹

525 2637 809 2708 συλλόγου,
863 2639 1010 2706 ἄπας
1054 2644 1083 2696 ό
1112 2643 1240 2709 λαὸς
1285 2645 1379 2700 τὸν
1429 2648 1728 2719 εὐεργέτην
1774 2649 1961 2721 ὑμνεῖ,
2007 2652 2106 2723 τῆς

520 2727 678 2792 θείας
707 2729 1120 2802 φιλανθρωπίας
1148 2734 1249 2799 τὰς
1285 2734 1735 2810 θαυματουργιας
1759 2740 1994 2807 διεξιών.

593 2820 696 2889 λγ’,
733 2820 831 2876 λό’.
865 2840 885 2873 ι
917 2823 1112 2877 Ἐθετο
1142 2828 1422 2898 ποταμοὺς
1453 2829 1535 2892 είς
1565 2830 1794 2902 ἔρημον,
1836 2833 1930 2886 καὶ
1963 2834 2104 2900 διεξ-

521 2912 679 3003 όδους
707 2913 920 2968 ὑδάτων
954 2917 1036 2980 είς
1061 2916 1242 2988 δίψαν.
1281 2920 1391 2992 Γῆν
1417 2923 1768 2992 καρποφόρον
1811 2925 1892 2987 εἰς
1922 2925 2102 2997 ἅλμην

521 3003 632 3056 ἀπὸ
657 3003 859 3069 κακίας
883 3003 990 3059 τῶν
1021 3007 1427 3063 κατοικούντων
1451 3011 1509 3064 ἐν
1533 3011 1695 3081 αὐτῇ.
1722 3031 1740 3064 ι
1762 3012 2024 3083 Ύμνοῦσι
2045 3015 2103 3068 δὲ

2225 544 2484 614 ρι’ωοερίι
2513 543 2768 613 procellae
2799 541 2941 610 ejus,
2973 549 3026 594 et
3060 537 3307 594 constitit
3341 553 3473 590 aura
3493 577 3507 602 ,
3546 545 3599 588 et
3631 535 3806 589 silue-

2227 643 2355 689 runt
2381 634 2578 690 ﬂuctus
2612 633 2752 704 ejus.
2789 634 2853 687 Et
2882 632 3046 686 laetati
3083 639 3233 694 sunt,
3283 630 3411 699 quia
3443 629 3738 684 siluerunt.
3781 647 3799 679 ι

2223 725 2398 782 Porro
2450 735 2505 782 et
2550 725 2660 782 illis
2708 726 2803 796 qui
2857 725 3117 794 navigant
3171 722 3349 793 ipsum
3419 721 3805 775 invocantibus

2223 833 2384 888 opem
2416 834 2572 874 suam
2613 816 2844 882 confert,
2881 825 2936 871 et
2973 817 3186 882 annuit,
3223 814 3519 883 statimque
3553 813 3605 866 in
3650 822 3803 865 tran-
3853 826 3860 843 ο

2223 911 2448 978 quillam
2489 925 2678 964 auram
2729 909 2966 980 procella
3006 907 3367 970 convertitur,
3419 914 3474 959 et
3515 906 3742 975 pelagus
3772 919 3804 959 a
3841 906 3849 930 ¹

2224 1002 2476 1057 ﬂuctibus
2510 1002 2796 1065 liberatur,
2828 1010 2884 1055 ct
2917 1001 3011 1070 qui
3040 1015 3164 1055 cum
3200 999 3455 1054 tristibus
3491 998 3656 1052 rebus
3684 997 3803 1052 col-

2223 1093 2593 1158 luctabantur,
2623 1108 2719 1163 per
2739 1092 2862 1163 ejus
2882 1091 3113 1163 gratiam
3137 1091 3407 1146 malorum
3437 1091 3800 1144 mutationem

2223 1183 2642 1238 nanciscuntur.
2695 1181 2785 1236 Sic
2827 1179 3000 1236 Judzei
3041 1180 3108 1234 ab
3156 1180 3352 1234 acerba
3396 1179 3486 1233 illa
3539 1177 3802 1234 servitute

2223 1274 2434 1329 liberati
2470 1273 2646 1328 fuere.
2671 1286 2704 1324 ἰ
2744 1272 2806 1326 Et
2841 1272 3066 1327 deduxit
3103 1286 3200 1326 eos
3240 1271 3296 1324 in
3338 1279 3555 1340 portum
3597 1270 3800 1323 volun-

2222 1367 2347 1421 tatis
2377 1381 2509 1421 suze.
2540 1383 2560 1418 ι
2603 1365 2778 1419 Simul
2810 1379 2875 1419 ac
2898 1363 3041 1417 enim
3075 1362 3428 1428 voluit,mala
3458 1378 3676 1432 quoque
3701 1363 3800 1416 de-

2219 1459 2374 1528 pulsa
2404 1466 2552 1524 sunt,
2585 1466 2640 1513 et
2679 1472 2780 1528 pro
2821 1463 3143 1526 tempestate
3188 1463 3380 1525 portus
3417 1456 3688 1524 apparuit.
3735 1454 3800 1507 Et

2219 1549 2324 1603 hoc
2370 1549 2530 1606 nobis
2590 1549 2772 1619 potius
2816 1564 2981 1618 quam
3039 1548 3145 1602 illis
3203 1562 3516 1617 congruens
3575 1555 3680 1601 est.
3737 1544 3799 1599 In

2221 1641 2436 1713 1374
2479 1642 2780 1697 voluntatis
2812 1641 2957 1696 enim
3004 1655 3118 1695 sua:
3149 1649 3368 1710 portum
3406 1654 3507 1695 nos
3549 1639 3794 1702 deduxit,

2215 1733 2456 1788 divinam
2494 1747 2648 1788 suam
2686 1732 3055 1802 cognitionem
3087 1729 3340 1800 largitus.

2286 1992 2450 2050 Vens.
2481 1994 2570 2058 51,
2604 1991 2694 2048 32.
2738 2010 2756 2044 ι
2789 1989 3166 2046 Conﬁteantur
3191 1990 3247 2046 in
3281 1991 3546 2047 honorem
3575 1991 3794 2046 Domini

2213 2084 2647 2142 misericordiam
2680 2085 2820 2156 eius,
2872 2093 2928 2139 ct
2977 2083 3252 2138 mirabilia
3292 2085 3414 2154 ejus
3468 2085 3608 2139 inter
3655 2084 3794 2138 ﬁlios

2213 2175 2516 2231 hominum.
2552 2174 2617 2230 Et
2646 2176 2885 2230 exaltent
2911 2190 3036 2230 eum
3073 2174 3126 2229 in
3162 2184 3433 2230 conventu
3483 2176 3690 2245 populi,
3727 2186 3784 2229 et

2212 2267 2266 2322 in
2296 2266 2552 2322 cathedra
2582 2267 2862 2323 seniorum
2886 2265 3106 2321 laudent
3136 2281 3282 2321 eum.
3317 2285 3335 2318 ι
3375 2268 3443 2320 Et
3473 2267 3578 2322 hoc
3601 2283 3630 2320 a
3659 2283 3791 2336 gen-

2211 2360 2381 2426 tibus,
2412 2375 2536 2430 quaa
2566 2360 2942 2425 crediderunt,
2977 2358 3238 2414 continue
3271 2358 3387 2414 ﬁeri
3420 2359 3606 2414 videre
3637 2360 3787 2414 licet.

2209 2453 2267 2508 In
2326 2454 2541 2509 cunctis
2589 2452 2737 2508 enim
2792 2453 2942 2509 orbis
2988 2460 3258 2507 terrarum
3292 2452 3581 2517 Ecclesiis,
3627 2468 3787 2507 sacro

2209 2549 2488 2613 praacunte
2520 2551 2688 2608 cmiu,
2737 2543 2918 2598 omnis
2953 2543 3187 2613 populus
3220 2544 3467 2600 beneﬁcii
3505 2553 3786 2600 auctorem

2206 2635 2431 2702 laudat,
2492 2634 2691 2690 divinae
2735 2633 3088 2707 benignitatis
3134 2636 3401 2692 miracula
3453 2652 3787 2692 commemo-

2204 2741 2354 2783 rans.
3534 2731 3539 2736 ’

2274 2817 2444 2873 Vens.
2470 2817 2562 2882 '53,
2597 2816 2687 2872 54.
2725 2836 2744 2870 ι
2781 2816 2934 2873 Fecit
2983 2826 3044 2874 ut
3093 2817 3320 2874 ﬂumina
3361 2819 3556 2875 ﬁerent
3597 2821 3789 2876 deser-

2205 2919 2342 2980 tum,
2377 2920 2432 2966 et
2457 2913 2640 2967 exitus
2675 2927 2966 2982 aquarum,
3013 2913 3154 2969 sitis.
3209 2915 3279 2970 Ut
3311 2923 3453 2970 terra
3505 2915 3788 2969 fructifera

2205 3002 2355 3059 ﬁeret
2385 3005 2608 3072 salsugo
2639 3004 2708 3059 ob
2737 3004 3005 3059 malitiam
3041 3005 3407 3060 habitantium
3444 3006 3498 3059 in
3543 3023 3627 3060 ea.
3672 3026 3689 3058 ι
3721 3005 3788 3059 lli

521 3095 689 3148 αὐτὸν
743 3097 793 3150 οί
848 3097 952 3166 τῆς
1007 3100 1287 3170 σωτηρίας
1346 3102 1730 3172 τετυχηκότες,
1788 3105 1887 3176 τὴν
1941 3105 2098 3178 ξένην

2212 3104 2408 3161 autem,
2427 3096 2521 3166 qui
2546 3096 2778 3150 salutem
2808 3097 3086 3151 consecuti
3113 3105 3262 3164 sunt,
3283 3099 3458 3167 ipsum
3485 3099 3786 3158 celebrant,

520 3180 761 3256 ὁρῶντες
792 3189 1126 3261 μεταϐολήν.
1157 3193 1222 3245 Οἱ
1260 3193 1371 3263 γὰρ
1411 3195 1578 3248 πάλαι
1606 3197 1824 3261 πολλοῖς
1865 3199 2102 3270 ἀρδόμε-

523 3297 606 3334 νοι
639 3286 1004 3352 προφητικοῖς
1023 3287 1307 3354 ποταμοῖς,
1329 3285 1424 3340 καὶ
1452 3288 1665 3360 καρπὸν
1693 3289 1904 3361 ῶριμον
1931 3309 2103 3362 προσ-

523 3368 783 3442 φέροντες
804 3371 883 3442 τῷ
909 3372 1051 3443 Θεῷ,
1076 3374 1173 3428 νῦν
1196 3375 1320 3428 ούδέ
1349 3376 1553 3443 νοτίδος
1584 3381 1786 3450 μικρᾶς
1807 3382 2106 3436 ἀπολαύου-

525 3475 633 3523 σιν,
675 3459 792 3513 ἀλλ’
824 3461 1028 3532 ἔρημοι
1060 3464 1301 3535 πάμπαν
1339 3465 1428 3519 διὰ
1468 3467 1568 3538 τὴν
1600 3469 1808 3525 οἰκείαν
1837 3470 2106 3544 πονηρίαν

521 3549 622 3621 τῆς
653 3551 925 3623 προτέρας
953 3553 1177 3635 ἀρδείας
1202 3556 1544 3628 γεγένηνται.

592 3729 688 3786 λε’.
729 3749 748 3782 ι
766 3731 959 3785 Ἔθετο
985 3732 1192 3805 ἔρημον
1226 3735 1306 3796 εἰς
1331 3735 1532 3806 λίμνας
1555 3738 1787 3805 ὑδάτων,
1814 3740 1907 3793 καὶ
1927 3743 1972 3774 ³’
1998 3743 2102 3812 γῆν

520 3819 753 3892 ἄνυδρον
780 3822 860 3886 είς
887 3823 1157 3888 διεξόδους
1180 3825 1413 3883 ὑδάτων.
1450 3845 1468 3878 ι
1505 3827 1588 3880 Τά
1615 3828 1673 3880 δέ
1708 3829 1877 3884 πάλαι
1913 3831 2101 3902 ἔρημα

521 3910 651 3983 ἔθνη
675 3951 691 3976 ,
725 3913 818 3967 καὶ
850 3914 972 3967 οὐδέ
1001 3914 1263 3986 βραχεῖαν
1294 3917 1570 3988 ἐσχηκότα
1593 3918 1810 3986 λιϐάδα,
1845 3923 1960 3984 τοῖς
1998 3923 2100 3992 τῆς

519 4002 869 4068 διδασκαλίας
901 4003 1058 4060 ὕδασι
1096 4006 1489 4076 περικλύζεται
1516 4047 1532 4076 ,
1582 4009 1722 4081 ὑπὲρ
1767 4008 1870 4081 τήν
1909 4012 2099 4082 χρείαν

520 4092 589 4146 τὰ
613 4092 809 4163 λογικά
839 4094 1104 4166 δεχόμενα
1133 4097 1405 4169 ῥεύματα.

589 4268 697 4338 λς’.
740 4291 761 4325 ι
791 4272 904 4326 Kal
949 4273 1259 4345 κατῴκισεν
1287 4275 1405 4330 ἐκεῖ
1441 4277 1744 4344 πεινῶντας
1769 4318 1785 4346 ,
1836 4282 1933 4335 καὶ
1972 4299 2098 4336 συν·

517 4364 820 4435 εστήσαντο
873 4365 1064 4429 πόλεις
1097 4367 1472 4433 κατοικεσίας.
1509 4387 1528 4421 ›
1593 4370 1733 4434 Τοὺς
1779 4371 1888 4443 γάρ
1926 4373 2097 4427 πάλαι

2205 3202 2403 3242 novam
2437 3197 2493 3243 et
2545 3187 2864 3244 inusitatam
2919 3189 3193 3245 intuentes
3242 3191 3623 3246 mutationem.
3680 3192 3787 3257 Qui

2205 3280 2351 3332 enim
2394 3279 2586 3334 multis
2616 3280 2746 3334 olim
2789 3295 3071 3336 sacrorum
3118 3283 3509 3352 prophetarum
3542 3283 3786 3337 ﬂumini-

2206 3370 2309 3426 bus
2359 3371 2568 3441 irrigati
2608 3381 2784 3438 erant,
2837 3372 3331 3444 tempestivumque
3380 3374 3621 3429 fructum
3677 3375 3786 3429 Deo

2206 3460 2542 3530 aﬂ‘erebant,
2597 3477 2746 3519 nunc
2791 3479 2861 3518 ne
2917 3463 3216 3534 perexiguo
3273 3465 3494 3534 quidem
3555 3467 3788 3520 humore

2205 3551 2588 3623 perfruuntur,
2643 3554 2737 3610 sed
2773 3555 2842 3610 ob
2877 3555 3154 3625 propriam
3199 3557 3522 3627 pravitatem
3555 3558 3786 3628 pristina

2205 3644 2526 3714 irrigatione
2552 3645 2767 3714 penitus
2797 3646 3042 3701 destituti
3080 3656 3229 3702 sunt.

2276 3735 2446 3792 Vsus.
2495 3737 2587 3792 55.
2640 3755 2659 3789 ι
2714 3735 2867 3794 Fecit
2918 3749 2979 3793 ut
3029 3737 3306 3796 desertum
3370 3747 3678 3796 mutaretur
3731 3741 3787 3794 in

2204 3834 2394 3895 stagna
2438 3840 2746 3896 aquarum,
2786 3836 2839 3881 et
2881 3835 3025 3882 terra
3063 3843 3205 3897 aqua
3257 3845 3451 3884 carens
3497 3831 3551 3884 in
3604 3832 3785 3885 exitus

2203 3931 2494 3986 aquarum.
2533 3934 2552 3968 ι
2601 3916 2801 3972 Gentes
2836 3933 2986 3982 vero,
3027 3934 3148 3986 quae
3178 3918 3308 3974 olim
3343 3919 3574 3976 deserta:
3604 3929 3782 3983 erant,

2201 4023 2433 4079 quaeque
2491 4023 2560 4063 ne
2607 4009 2863 4080 exiguam
2917 4009 3137 4079 quidem
3204 4012 3406 4067 stillam
3465 4013 3782 4077 habebant,

2201 4099 2468 4155 doctrinae
2513 4100 2672 4170 aquis
2712 4101 3034 4171 irrigantur,
3081 4111 3273 4173 utpote
3311 4119 3434 4175 quae
3473 4106 3779 4175 spiritualia

2198 4192 2402 4248 ﬂuenta
2437 4207 2603 4260 supra
2641 4208 2808 4263 quam
2855 4209 3079 4250 necesse
3112 4195 3206 4259 sit,
3242 4197 3535 4266 recipiunt.

2271 4283 2438 4340 Vsus.
2472 4285 2561 4339 56.
2600 4304 2620 4338 ι
2655 4284 2722 4340 Et
2762 4285 3046 4340 collocavit
3082 4288 3154 4342 ibi
3186 4289 3515 4356 esurientes,
3557 4299 3611 4344 ct
3641 4307 3780 4344 con-

2200 4378 2500 4435 stituerunt
2539 4377 2792 4434 civitates
2826 4378 3204 4436 habitationis.
3243 4400 3261 4434 ι
3312 4382 3419 4436 Eos
3457 4383 3630 4448 enim,
3685 4385 3780 4453 qui

517 4453 664 4524 λιμῷ
691 4455 1036 4526 τηκομένους
1059 4496 1075 4523 ,
1103 4457 1199 4512 καὶ¹
1223 4458 1326 4528 τῆς
1355 4461 1738 4532 πνευματικῆς
1765 4463 1975 4533 τροφῆς
2003 4464 2094 4517 ἐν·

2212 4472 2329 4529 alim
2365 4470 2510 4527 fame
2539 4470 2994 4538 conﬁciebantur,
3049 4481 3103 4526 et
3149 4473 3414 4542 spirituali
3456 4475 3655 4544 pabulo
3689 4448 3782 4530 ca-

513 4546 688 4612 δεεῖς,
723 4549 781 4601 ἐν
807 4548 1040 4612 ἐκείνοις
1072 4549 1355 4620 κατῴκισε
1393 4555 1507 4618 τοῖς
1547 4556 1836 4625 ποταμοῖς,
1862 4557 1958 4611 καὶ
1993 4555 2092 4629 τὴν

513 4637 717 4708 εὐσεϐῆ
749 4641 1117 4710 συνεστήσατο
1145 4641 1443 4698 πολιτείαν.

582 4727 684 4792 λζ’.
716 4747 734 4780 ι
772 4729 883 4782 Kal
907 4729 1172 4804 ἔσπειραν
1195 4733 1422 4805 ἀγροὺς,
1440 4736 1540 4790 καὶ
1565 4736 1878 4807 ἐφύτευσαν
1910 4739 2095 4810 ἀμπε-

2199 4565 2412 4631 rebant,
2445 4565 2501 4620 in
2531 4566 2551 4588 ⁶
2581 4563 2688 4622 illis
2717 4564 3038 4620 ﬂuminibus
3077 4565 3333 4623 habitare
3360 4566 3506 4635 fecit,
3544 4577 3600 4624 et
3633 4567 3780 4639 piam

2204 4653 2416 4726 1375
2459 4653 2583 4709 vitae
2627 4655 2894 4710 rationem
2938 4657 3240 4712 constituit.

2273 4748 2440 4803 Vsus.
2473 4747 2563 4802 57.
2598 4765 2617 4799 ι
2652 4745 2720 4802 Et
2749 4746 3159 4803 seminaverunt
3189 4763 3375 4820 agros,
3410 4759 3464 4805 et
3494 4751 3776 4821 plantave-

510 4817 860 4910 λῶνας,γκαὶ
899 4823 1164 4894 ἐποίησαν
1213 4823 1430 4897 καρπὸν
1489 4829 1852 4899 γεννήματος.
1901 4848 1922 4882 ι
1979 4831 2095 4885 Kal

2212 4845 2330 4893 runt
2360 4838 2577 4902 vineas,
2625 4844 2680 4890 et
2727 4835 2971 4891 fecerunt
3016 4817 3256 4894 fructum
3303 4817 3620 4910 proventus.
3661 4859 3679 4891 ›
3718 4839 3783 4893 Et

509 4908 685 4962 ταῦτα
717 4909 934 4966 ἅπαντα
965 4914 1249 4985 τροπικῶς
1282 4917 1510 4989 εἴρηκεν
1545 4919 1576 4972 ό
1609 4920 1922 4990 προφήτης.
1978 4922 2094 4976 Καὶ

2212 4929 2321 4984 haec
2347 4927 2530 4984 omnia
2564 4926 2825 4998 propheta
2857 4942 2954 4998 per
2991 4908 3406 4987 translationem
3450 4931 3608 4986 dixit.
3661 4929 3781 4999 Ipse

509 5002 540 5055 ὁ
586 5001 795 5074 Κύριος
830 5005 878 5038 ⁸³
910 5006 1251 5078 παραϐολαῖς
1306 5009 1588 5074 τοιαύταις
1640 5011 1948 5083 ἐχρήσατο·
1990 5014 2088 5067 καὶ

2212 5032 2420 5088 ιυοίιυο
2457 5017 2723 5074 Dominus
2760 5017 3074 5089 huiusmodi
3112 5021 3610 5092 comparationibus
3641 5036 3779 5074 usus

510 5092 644 5146 ποτέ
673 5093 775 5165 μὲν
800 5096 930 5160 τοὺς
972 5098 1310 5164 ἀποστόλους
1344 5100 1576 5156 ἐκάλεσε
1619 5101 1904 5173 θεριστὰς,
1958 5102 2091 5156 ποτὲ

2212 5116 2290 5162 :st.
2327 5107 2640 5178 Aliquando
2677 5107 2826 5162 enim
2872 5109 3156 5177 apostolos
3211 5122 3484 5164 messores
3533 5106 3771 5181 vocavit,

1561 5297 1820 5369 ιἿΙΑΒΙΑΕ
1861 5299 2253 5360 LECTIONES
2291 5302 2380 5358 ET
2417 5302 2652 5360 NOTAE.

581 5456 631 5489 “
657 5455 769 5510 Kal
796 5483 867 5496 -—
889 5450 1106 5524 αὔραν.
1166 5455 1330 5512 Hebr.
1382 5456 1539 5514 Stare
1583 5460 1708 5530 fecit
1761 5463 2023 5518 turbinem
2081 5463 2110 5517 ii

581 5525 688 5567 τῶν
713 5527 794 5567 :lr
822 5520 1015 5567 αὖθι-ιιι
1046 5525 1254 5567 gvmnl,
1297 5529 1603 5567 Ὲτῆκηυιι-ηρ·
1632 5531 1798 5567 m’wm‘.
1829 5535 1929 5567 m‘m.
1962 5551 2101 5567 uno...

2212 5465 2520 5567 silentium)”
2568 5467 2822 5567 Theod’qt.
2870 5469 2980 5567 3(a).
3028 5466 3227 5554 {atque
3485 5470 3776 5567 κατῧιγίδα

505 5525 688 5608 αύτῶν
713 5525 1257 5608 dispergam-$3:an
1296 5525 1603 5608 Στήσαντος
1626 5531 1798 5608 αὐτοῦ
1829 5535 1929 5608 τῂν
1962 5551 2104 5608 κατα

2212 5541 2252 5608 ia
2283 5537 2363 5599 εἰς
2389 5537 2656 5608 γαλήνην.
2735 5539 2778 5569 ³⁷
2802 5538 2925 5592 cod.
2958 5538 2980 5608 l_
3007 5525 3157 5608 οὕτω
3179 5537 3288 5608 καί.
3339 5525 3385 5568 ⁵⁸
3415 5539 3537 5608 οοιΙ.
3581 5525 3757 5595 Vatic.

504 5595 704 5675 αὐτῶν.
782 5597 826 5675 ’ξ’
853 5595 1264 5675 ᾼῠςρῇ.ᾉ1)ςξεῑ
1292 5614 1322 5653 a
1353 5595 1474 5675 cod.
1625 5602 1670 5633 ³ο
1692 5595 1979 5675 Κιξθέδρᾳ.
2010 5602 2110 5658 Hel

2212 5604 2273 5658 In
2296 5595 2562 5660 consesst't.
2591 5595 2640 5639 ’³⁸
2670 5608 2792 5661 cod.
2827 5609 2850 5662 1
2889 5606 3221 5675 καθημένου.
3273 5607 3320 5638 ³¹
3355 5607 3466 5661 Kal
3501 5608 3761 5664 ὑδάτων.

507 5665 690 5747 φάε-1
732 5666 826 5720 καὶ
858 5666 1122 5747 διεξόδους
1148 5667 1358 5747 ὑδάτων
1387 5671 1468 5734 εἰς
1489 5670 1648 5740 δίψαν
1678 5668 1829 5747 ’γῆν
1877 5665 2239 5747 ’καρποφόρον
2304 5676 2386 5738 εἰς
2443 5675 2623 5747 ἆλμην
2686 5677 2792 5730 ἀπδ
2852 5665 3059 5729 κακιῶν
3105 5679 3509 5734 κατοικούντων
3565 5680 3622 5734 ἐν
3672 5679 3772 5733 αύ-

505 5735 595 5806 τῃ.
623 5734 752 5793 Haec
783 5752 849 5792 cx
881 5753 1020 5794 vers.
1049 5738 1116 5794 55
1139 5747 1192 5794 et
1216 5738 1285 5794 54
1323 5755 1419 5810 per
1441 5734 1685 5800 errorem
1715 5734 1920 5799 librarii
1956 5734 2110 5814 irrep;

2219 5763 2245 5802 c
2276 5734 2590 5801 videntur.'
2629 5749 2672 5780 υ
2705 5747 3098 5820 Κύριος-.-ροῴ
3130 5747 3152 5800 -ι
3196 5747 3322 5803 add.
3357 5749 3433 5803 δέ.
