4114 6420
415 292 552 363 174³1

1404 292 1891 373 ΤΠΕΟΒΟΗΕΤ]
1936 295 2294 382 E'PtscoPI,
2334 318 2704 381 CYRENSIS

3544 326 3679 399 1748

410 413 710 487 aliquando
742 430 873 473 vero
904 418 1147 490 seipsum
1198 430 1433 479 satorem
1486 436 1541 481 et
1581 430 1903 499 agricolam,
1935 449 1964 487 e

2092 432 2150 486 δὲ
2184 434 2347 490 αὐτὸν
2382 434 2594 509 σπορέα
2625 434 2723 493 καὶ
2752 439 3025 511 γεωργὸν,
3063 442 3160 497 καὶ
3190 443 3507 519 γῆνκαλὴν
3550 449 3680 514 τοὺς

411 518 614 562 terram
650 508 849 564 bonam
880 525 998 577 eos,
1038 512 1132 582 qui
1170 512 1332 570 facile
1363 516 1515 573 verbi
1545 521 1755 576 semina
1788 520 1990 578 admit-

412 597 607 653 tuntd.
658 599 954 669 Apostolus
1000 611 1181 657 autem
1229 605 1446 676 inquit:
1488 625 1508 660 ι
1553 607 1667 681 Ego
1710 611 1988 682 plantavi,

408 689 606 759 Apollo
642 690 859 761 rigavit,
894 691 1039 747 Deus
1068 703 1247 750 autem
1275 697 1677 757 incrementum
1712 703 1857 761 dedit
1882 718 1929 762 ε.
1964 726 1984 759 ι

407 779 476 836 Et
509 797 701 839 rursus
732 802 744 838 :
783 803 801 836 ι
836 784 932 841 Dei
962 787 1298 858 agricultura
1349 793 1514 858 estis,
1564 794 1660 851 Dei
1701 798 1989 856 aedificatio

405 871 540 928 estis
568 872 613 927 ί.
650 892 668 926 ι
704 873 1063 932 Seminarunt
1092 880 1260 951 igitur
1289 883 1523 952 apostoli
1550 885 1813 943 salutaria
1850 905 1990 959 prte-

406 967 584 1034 eonia,
642 967 943 1042 hortosque
991 972 1223 1028 rationis
1262 985 1544 1047 compotes
1578 978 1689 1037 Deo
1729 993 1990 1037 conseve-

406 1068 554 1127 runt,
586 1071 640 1115 et
677 1074 955 1118 maturum
983 1065 1209 1137 justitize
1244 1066 1479 1124 fructum
1514 1069 1629 1125 Deo
1662 1072 1985 1140 attulerunt,

402 1159 459 1206 et
488 1166 681 1210 omnes
728 1156 929 1224 quibus
964 1165 1089 1227 post
1138 1158 1262 1213 illos
1315 1160 1549 1217 docendi
1593 1156 1794 1220 muniis
1838 1179 1988 1220 com-

400 1242 632 1300 missum
700 1257 845 1321 est,
893 1247 1002 1303 hoc
1052 1249 1194 1304 idem
1252 1249 1436 1307 facere
1493 1267 1603 1307 non
1655 1256 1984 1323 praetermit-

402 1342 540 1388 Iunt.

470 1424 636 1481 Vens.
669 1426 761 1483 58.
798 1445 818 1479 ι
845 1426 911 1482 Et
934 1427 1212 1485 benedixit
1242 1430 1345 1498 eis,
1371 1440 1425 1488 et
1451 1434 1606 1489 valde
1633 1435 1982 1506 multiplicati

398 1526 548 1584 sunt,
598 1527 654 1573 et
695 1518 946 1587 iumenta
985 1536 1183 1577 eorum
1215 1539 1325 1579 non
1374 1526 1596 1582 minuit.
1629 1546 1649 1579 ι
1685 1529 1788 1596 Qui
1814 1531 1982 1607 ,euim

397 1609 637 1664 seminat
690 1626 815 1666 cum
873 1611 1370 1682 benedictionibus,
1428 1627 1595 1673 metet
1645 1620 1809 1674 etiam
1855 1636 1980 1677 cum

396 1696 898 1768 benedictionibus,
952 1704 1253 1761 secundum
1298 1707 1544 1763 divinum
1576 1710 1895 1780 Apostolum
1926 1714 1972 1766 ε.

2092 525 2362 590 εὐπειθῶς
2399 527 2733 599 δεχομένους
2758 530 2856 586 τοῦ
2887 533 3051 602 λόγου
3085 534 3157 589 τὰ
3191 536 3512 608 σπέρματα.
3565 539 3679 594 Καὶ

2090 614 2127 665 δ’
2158 610 2489 679 Ἀπόστολος
2516 616 2574 670 δέ
2607 635 2797 690 φησιν·
2829 626 2869 673 ι’
2897 622 3041 692 Ἐγὼ
3068 623 3369 693 ἐφύτευσα,
3399 626 3680 691 Ἀπολλὼς

2091 704 2365 771 ἐπότισεν,
2399 708 2428 759 ό
2460 707 2519 760 δέ
2543 708 2681 772 Θεὸς
2705 710 2934 780 ηὔξανε.
3000 732 3018 765 ι
3064 714 3177 769 Καὶ
3205 716 3405 769 πάλιν·
3464 735 3484 770 ι
3535 716 3677 772 Θεοῦ

2089 790 2360 878 γεώργιόν
2388 798 2536 860 ἐστε,
2562 797 2702 852 Θεοῦ
2730 801 2990 875 οἰκοδομή
3021 804 3168 859 ἐστε.
3214 823 3236 858 ι
3269 807 3381 861 Καὶ
3412 805 3677 878 ἐσπειραν

2088 876 2268 939 τοίνυν
2295 887 2346 939 oi
2391 887 2681 943 ἀπόστολοι
2728 891 2775 924 ³⁸
2803 892 2873 948 τά
2926 896 3177 967 σωτήρια
3221 895 3267 930 ³³
3312 876 3673 969 κηρύγματα,

2087 976 2184 1030 καὶ
2211 978 2340 1042 τούς
2366 980 2620 1050 λογικοὺς
2646 981 2724 1053 τῷ
2766 982 2888 1055 Θεῷ
2937 986 3360 1057 κατεφύτευσαν
3402 988 3674 1059 παραδεί-

2089 1085 2238 1137 σους,
2273 1071 2372 1125 καὶ
2422 1073 2514 1127 τὸν
2542 1073 2755 1146 ὦριμον
2785 1077 2887 1147 τῆς
2940 1077 3292 1149 δικαιοσύνης
3336 1079 3553 1151 καρπὸν
3587 1079 3673 1151 τῷ

2085 1159 2207 1231 Θεῷ
2236 1162 2682 1233 προσεκόμισαν·
2715 1164 2815 1219 καὶ
2835 1164 3077 1230 ἅπαντες
3107 1167 3167 1222 δὲ
3194 1169 3244 1221 οί
3276 1169 3395 1239 μετ’
3424 1166 3674 1232 ἐκείνους

2085 1251 2186 1322 τὴν
2211 1251 2565 1310 διδασκαλίαν
2591 1258 3045 1328 πεπιστευμένοι,
3059 1258 3228 1313 ταυτδ
3242 1259 3404 1314 τοῦτο
3429 1258 3672 1332 δρῶντες

2084 1343 2444 1399 διατελοῦσιν.

2155 1435 2262 1506 λη’.
2308 1453 2328 1487 ι
2375 1438 2489 1491 Καὶ
2528 1439 2828 1509 εὐλόγησεν
2858 1440 3082 1508 αὐτοὺς,
3112 1439 3210 1494 καὶ
3241 1439 3669 1512 ἐπληθύνθησαν

2086 1526 2311 1597 σφόδρα,
2339 1530 2435 1582 καὶ
2468 1530 2538 1583 τὰ
2586 1533 2761 1605 κτήνη
2789 1532 2971 1587 αὐτῶν
2997 1533 3100 1586 οὐκ
3140 1532 3498 1604 ἐσμίκρυνεν.
3540 1552 3561 1587 ι
3607 1536 3669 1588 '0

2080 1619 2191 1691 γὰρ
2225 1620 2271 1653 ³⁸
2320 1620 2562 1692 σπείρων
2609 1620 2698 1677 ἐπ’
2746 1623 3042 1694 εὐλογίαις,
3095 1624 3186 1679 ἐπ’
3241 1625 3523 1693 εὐλογίαις
3569 1625 3670 1678 καὶ

2082 1708 2313 1780 θερίσει,
2350 1712 2496 1766 κατά
2537 1712 2630 1767 τὸν
2673 1714 2820 1768 θεῖον
2858 1714 2905 1748 ’τ
2962 1715 3312 1772 Ἀπόστολον.
3346 1717 3552 1785 Κτήνη
3606 1714 3667 1770 δὲ

394 1787 651 1846 Iumenta
693 1805 877 1850 autem
912 1804 1070 1852 vocat
1099 1812 1226 1864 eos,
1282 1799 1378 1870 qui
1408 1800 1478 1856 ab
1508 1776 1970 1874 illis—pascuntur,

2079 1776 2241 1857 καλεῖ
2261 1776 2391 1869 τοὺς
2420 1806 2515 1859 ὐπ’
2540 1806 2725 1861 αὐτῶν
2768 1807 3131 1879 νεμομένους,
3166 1808 3264 1874 οὒς
3303 1776 3469 1871 αὐτὸς
3491 1776 3666 1881 ηὐξη-

393 1895 533 1951 quos
562 1880 681 1952 ipse
710 1885 882 1951 auxit,
913 1901 1040 1942 cum
1081 1888 1340 1947 virtutem
1371 1893 1567 1950 edendi
1597 1895 1863 1952 miracula
1891 1898 1975 1955 eis

395 1972 821 2042 suppeditasset.
846 1973 912 2030 Et
933 1979 1090 2035 testis
1116 1988 1205 2036 est
1230 1981 1423 2039 beatus
1452 1983 1632 2042 Lucas
1663 1986 1719 2043 in
1743 1988 1976 2046 Actibus

393 2059 630 2155 dicens:
683 2082 704 2117 ι
740 2064 1007 2125 Dominus
1054 2080 1239 2128 autem
1294 2077 1527 2147 augebat
1578 2078 1827 2151 quotidie
1875 2084 1971 2155 qui

394 2152 534 2208 salvi
565 2153 758 2211 fierent
792 2157 847 2212 in
878 2156 1126 2217 Ecclesia
1146 2162 1194 2217 ιι.
1234 2182 1254 2216 ι
1295 2164 1363 2221 Et
1392 2168 1509 2239 ipse
1538 2168 1809 2230 Dominus
1841 2152 1973 2233 oves

390 2254 785 2316 auuoupateos
808 2244 901 2320 qui
925 2251 1282 2312 crediderunt
1310 2273 1324 2310 :
1359 2275 1378 2310 ι
1404 2258 1547 2316 Oves
1575 2263 1745 2332 enim,
1772 2248 1971 2338 inquit,

390 2351 529 2425 mea:
555 2352 746 2394 vocem
781 2356 960 2397 meam
1012 2345 1263 2415 audiunt,
1318 2358 1373 2404 et
1403 2365 1505 2421 ego
1534 2368 1808 2424 cognosco
1836 2374 1933 2417 eas
1952 2402 1970 2429 ,

388 2439 450 2488 et
474 2412 485 2425 ’
511 2438 822 2500 sequuntur
847 2448 957 2501 me,
984 2443 1039 2491 et
1070 2450 1173 2506 ego
1191 2438 1354 2494 vitam
1382 2451 1641 2500 aeternam
1671 2448 1743 2505 do
1771 2450 1852 2507 eis
1890 2412 1965 2508 in,

390 2516 492 2574 llic
524 2535 720 2580 rursus
748 2523 913 2593 mala,
941 2542 1064 2598 qua:
1091 2525 1298 2587 Iudaeis
1326 2544 1588 2593 eventura
1616 2550 1794 2612 erant,
1830 2545 1970 2601 vati-

390 2608 628 2665 cinatwr.

466 2698 631 2760 Vens.
656 2703 745 2762 39.
783 2725 804 2759 ι
838 2707 906 2764 Et
937 2710 1153 2785 1376
1180 2717 1342 2784 pauci
1374 2717 1501 2775 facti
1531 2733 1683 2789 sunt,
1715 2738 1770 2782 et
1790 2732 1969 2787 vexati

388 2803 520 2851 sunt
550 2797 906 2858 tribulatione
939 2804 1233 2873 malorum,
1260 2818 1312 2865 et
1351 2806 1558 2871 dolore.
1589 2835 1608 2869 ι
1648 2816 1766 2876 Hoc
1804 2821 1971 2894 igitur

388 2888 509 2944 ait:
542 2889 648 2958 Qui
700 2893 833 2949 olim
884 2897 1235 2955 solitudinem
1284 2899 1619 2975 incolebant,
1664 2918 1722 2965 et
1766 2888 1969 2972 terram

386 2979 740 3050 inaquosam,
797 2991 1006 3042 tantam
1061 2989 1362 3047 ubertatem
1417 3009 1483 3050 ac
1530 2997 1968 3061 benedictionem

2081 1910 2175 1949 σεν
2227 1895 2330 1967 τῆς
2389 1896 2839 1969 θαυματουργίας
2885 1900 3208 1972 χορηγήσας
3253 1899 3355 1975 τὴν
3405 1900 3662 1970 δύναμιν.

2075 1974 2188 2042 Καὶ
2227 1987 2442 2060 μάρτυς
2472 1990 2502 2044 ό
2554 1990 2831 2061 μακάριος
2879 1989 3100 2057 Λουκᾶς
3135 1995 3195 2047 ἐν
3241 1994 3365 2057 ταῖς
3416 1992 3664 2065 Πράξεσι

2075 2078 2272 2149 λέγων’
2309 2098 2330 2133 ι
2380 2081 2439 2135 '0
2466 2080 2525 2134 δὲ
2553 2080 2759 2153 Κύριος
2796 2083 3111 2154 προσετίθει
3153 2084 3283 2148 τοὺς
3312 2084 3665 2155 σωζομένους

2076 2170 2201 2226 καθ’
2236 2172 2455 2244 ἡμέραν
2486 2174 2554 2243 τῇ
2607 2168 2928 2244 Ἐκκλησία.
2979 2191 2999 2226 ι
3033 2172 3148 2228 Καὶ
3186 2174 3351 2238 αὐτὸς
3396 2175 3455 2229 δέ
3481 2175 3508 2229 ό
3546 2174 3666 2228 Κύ-

2077 2280 2195 2336 ριος
2219 2262 2473 2334 πρόϐατα
2502 2262 2662 2317 καλεῖ
2681 2265 2812 2328 τοὺς
2848 2264 3211 2330 πιστεύοντας
3237 2263 3284 2298 ⁸⁸
3301 2281 3318 2297 σ
3360 2283 3380 2317 ι
3411 2264 3495 2319 Τὰ
3524 2264 3665 2337 πρό-

2076 2356 2220 2412 ϐατα
2250 2356 2381 2428 γάρ,
2432 2358 2591 2428 φησι,
2645 2356 2717 2411 τά
2763 2356 2876 2428 ἐμὰ
2912 2360 3017 2429 τῆς
3072 2357 3260 2429 φωνῆς
3312 2374 3414 2429 μου
3444 2356 3660 2424 ἀκούει,

2075 2448 2232 2518 κάγὼ
2278 2447 2539 2517 γινώσκω
2578 2448 2753 2513 αὐτὰ,
2797 2450 2894 2503 καὶ
2927 2448 3287 2504 ἀκολουθοῦσι
3327 2466 3456 2521 μοι,
3502 2449 3663 2520 κάγὼ

2075 2541 2225 2614 ζωὴν
2252 2539 2474 2595 αίώνιον
2519 2539 2715 2610 δίδωμι
2761 2541 2968 2604 αὐτοῖς.
3020 2558 3039 2593 ι
3098 2540 3365 2596 Ἐνταῦθα
3390 2541 3557 2596 πάλιν
3591 2541 3663 2598 τὰ

2085 2633 2362 2697 Ἰουδαίοις
2391 2631 2785 2702 συμϐησόμενα
2817 2630 3176 2705 προθεσπίζει
3206 2633 3375 2688 κακά.

2144 2724 2244 2777 λθ¹.
2284 2740 2303 2774 t
2341 2721 2452 2776 Καὶ
2486 2720 2871 2793 ὠλιγώθησαν,
2901 2721 2999 2775 καὶ
3041 2721 3409 2792 ἐκακώθησαν
3452 2721 3498 2755 ⁸³
3546 2721 3666 2776 ἀπὸ

2073 2814 2309 2885 θλίψεως
2350 2811 2537 2867 κακῶν
2565 2811 2664 2866 καὶ
2690 2811 2907 2882 ὀδύνης.
2953 2831 2972 2865 ι
3004 2813 3180 2867 Τοῦτο
3209 2813 3256 2846 ἰθ
3301 2813 3401 2884 μὲν
3427 2809 3523 2868 οὖν
3549 2830 3661 2885 φη-

2074 2922 2160 2960 σιν
2178 2923 2194 2938 ο
2220 2906 2286 2960 Ol
2316 2905 2484 2960 πάλαι
2511 2905 2611 2975 τὴν
2647 2902 2857 2976 ἔρημον
2894 2902 3171 2969 οίκοῦντες
3202 2905 3300 2958 καὶ
3331 2904 3560 2977 ἄνυδρον
3580 2903 3655 2974 ⁸⁸,

2071 2997 2347 3068 τοσαύτης
2410 2997 2665 3067 εὐλογίας
2737 2998 2833 3050 καὶ
2901 2996 3158 3067 εὐθηνίας
3224 2995 3657 3062 πεπιστευκότες

383 3070 660 3126 credendo
684 3076 967 3131 consecuti
1001 3089 1149 3134 sunt.
1181 3078 1354 3136 Judaei
1385 3098 1538 3151 vero,
1590 3088 1688 3158 qui
1734 3095 1966 3164 praphe-

2074 3091 2422 3162 ἀπήλαυσαν.
2457 3091 2523 3145 Οἱ
2569 3090 2629 3144 δὲ
2670 3090 2842 3145 πάλαι
2870 3091 2972 3161 τῆς
3019 3090 3132 3144 τῶν
3160 3090 3519 3161 προφητικῶν
3551 3107 3657 3144 πο-

381 3159 489 3215 tica
524 3160 845 3235 irrigatione
874 3167 1005 3222 olim
1043 3167 1387 3241 fruebantur,
1423 3175 1493 3231 ob
1521 3159 1752 3248 pravam
1775 3159 1965 3241 eorum

381 3263 622 3334 mentem
655 3254 759 3311 hac
790 3258 1013 3326 privati,
1051 3267 1107 3315 et
1132 3263 1353 3331 penitus
1389 3265 1593 3324 deserti
1633 3287 1698 3328 ac
1748 3277 1964 3334 steriles

380 3328 792 3415 permanentes,
828 3349 883 3402 in
916 3350 1099 3408 omnis
1141 3357 1355 3424 generis
1387 3358 1727 3418 calamitates
1760 3364 1967 3423 incide-

379 3446 532 3504 runt,
567 3448 623 3493 et
656 3454 753 3509 per
783 3448 957 3496 totum
994 3451 1269 3500 terrarum
1316 3450 1505 3505 orbem
1549 3454 1761 3525 disjecti
1799 3471 1960 3526 sunt,

381 3535 443 3579 ut
478 3541 672 3582 eorum
704 3533 1028 3600 metropolis
1070 3534 1354 3593 hominum
1389 3557 1620 3601 numero
1650 3546 1904 3619 frequens
1932 3569 1963 3608 a

378 3617 730 3687 paucissimis
762 3620 1004 3678 habitata
1039 3625 1129 3680 sit.

451 3709 617 3769 Vens.
651 3714 740 3770 40.
784 3734 803 3768 ι
840 3715 1060 3776 Effusus
1090 3729 1174 3777 est
1212 3706 1561 3796 contemptus
1592 3746 1759 3803 super
1809 3738 1961 3807 prin-

378 3802 529 3872 cipes
573 3818 787 3861 eorum.
827 3825 846 3858 ι
882 3807 1124 3865 Eventus
1161 3828 1295 3868 sane
1327 3802 1675 3884 praedictioni
1707 3802 1959 3884 testimo-

378 3891 530 3946 nium
570 3891 724 3949 dicit.
772 3894 989 3952 Etenim
1037 3900 1129 3970 qui
1178 3902 1507 3960 videbantur
1539 3913 1770 3969 ‘eorum
1818 3918 1962 3986 prin-

376 3981 545 4053 cipes,
579 3992 633 4039 et
665 3985 940 4055 doctores,
974 3991 1179 4049 nullius
1212 3998 1475 4053 momenti
1507 3997 1636 4056 facti
1666 3981 1835 4061 sunt;
1863 4010 1959 4064 sed

372 4075 466 4144 qui
506 4076 636 4131 olim
683 4077 927 4136 illustres
961 4090 1015 4136 et
1043 4085 1175 4139 clari
1216 4098 1395 4150 erant,
1441 4093 1661 4159 penitus
1692 4095 1959 4167 ignobiles

372 4178 522 4235 sunt,
553 4170 703 4225 etab
734 4172 840 4228 illis
866 4172 1002 4243 ipsis
1031 4175 1429 4247 despiciuntur.
1465 4200 1483 4232 ι
1523 4181 1589 4238 Ει
1615 4201 1800 4243 errare
1831 4190 1959 4246 fecit

369 4276 467 4315 eos
500 4263 553 4315 in
590 4262 763 4329 invio,
804 4277 859 4320 et
897 4280 1006 4320 non
1049 4268 1102 4322 in
1141 4270 1250 4325 via.
1291 4290 1310 4323 ›
1370 4271 1734 4343 Symmachus
1777 4291 1955 4338 autem

371 4351 455 4406 sic
487 4369 499 4404 :
531 4351 600 4406 Et
630 4370 810 4409 errare
858 4356 1019 4425 {ariet
1064 4374 1150 4413 eos
1191 4360 1244 4413 in
1282 4363 1516 4417 vanitate
1552 4369 1759 4422 mentis.
1814 4369 1958 4429 Deus

2067 3183 2262 3251 ταμῶν
2306 3182 2723 3245 ἀπολαύσαντες
2759 3182 3006 3255 ἀρδείας,
3060 3176 3182 3236 εἶτα
3212 3180 3424 3251 ταύτης
3452 3198 3656 3253 mpn-

2068 3277 2253 3341 θέντες
2277 3276 2365 3331 διὰ
2405 3276 2506 3349 τὴν
2541 3276 2809 3347 πονηρίαν
2857 3275 2961 3347 τῆς
3007 3275 3261 3347 γνώμης,
3311 3276 3407 3329 καὶ
3449 3275 3653 3346 ἔρημοι

2067 3367 2352 3433 παντελῶς
2395 3367 2772 3439 μεμενηκότες
2812 3368 2908 3420 καὶ
2961 3366 3224 3438 ἄκαρποι,
3276 3364 3656 3430 παντοδαπαῖς

2066 3460 2401 3531 περιέπεσον
2431 3461 2763 3530 συμφοραῖς,
2795 3459 2891 3512 καὶ
2914 3460 2997 3521 είς
3022 3458 3246 3512 ἃπασαν
3270 3456 3370 3528 τὴν
3398 3458 3662 3528 οίκουμέ-

2064 3570 2163 3624 νην
2191 3550 2683 3621 διεσκεδάσθησαν,
2715 3550 2857 3604 ὥστε
2878 3549 2980 3622 τὴν
3013 3549 3442 3620 πολυάνθρωπον
3466 3549 3652 3604 αὐτῶν

2067 3641 2399 3714 μητρόπολιν
2422 3642 2527 3695 ὑπὸ
2558 3642 2754 3709 ὀλίγων
2781 3641 3074 3697 οἰκεῖσθαι.

2137 3740 2209 3802 μ’.
2247 3751 2267 3783 ι
2329 3731 2592 3803 Ἐξεχύθη
2638 3732 2684 3764 ⁸⁸
2731 3731 3085 3798 ὲξουδένωσις
3130 3732 3218 3784 ἐπ’
3248 3731 3518 3803 ἄρχοντας
3547 3731 3651 3786 αὐ-

2060 3825 2170 3878 τῶν
2220 3825 2284 3880 ⁸⁸.
2333 3845 2351 3876 ι
2393 3824 2683 3895 Μαρτυρεῖ
2713 3824 2761 3856 ⁸⁸
2797 3823 2857 3877 δὲ
2892 3825 2960 3895 τῇ
3007 3824 3319 3896 προρρήσει
3388 3824 3459 3878 τὰ
3502 3826 3651 3897 πρά-

2060 3920 2277 3987 γματα.
2328 3916 2439 3970 Καὶ
2489 3916 2600 3987 γὰρ
2632 3917 2681 3969 οἱ
2709 3915 2998 3979 δοκοῦντες
3027 3916 3209 3970 αὐτῶν
3257 3917 3522 3988 ἄρχοντες
3555 3919 3653 3972 καὶ

2060 4006 2402 4072 διδάσκαλοι,
2457 4006 2674 4070 οὐδενὸς
2697 4005 2840 4071 ἄξιοι
2878 4006 3255 4078 καθεστήκασι
3286 4009 3448 4078 λόγου
3470 4026 3486 4041 ·
3526 4010 3650 4063 ἀλλ’

2059 4102 2109 4153 οἱ
2162 4100 2328 4154 πάλαι
2364 4101 2685 4171 περιφανεῖς
2714 4099 2811 4153 καὶ
2848 4100 3226 4172 περίϐλεπτοι,
3261 4102 3467 4173 ἄσημοι
3508 4120 3651 4157 παν-

2058 4193 2230 4258 τελῶς
2264 4195 2391 4259 είσι,
2423 4194 2519 4247 καὶ
2542 4194 2588 4226 ⁸⁵
2621 4194 2712 4247 ὑπ’
2736 4194 2917 4248 αὐτῶν
2937 4195 3161 4250 ἐκείνων
3195 4197 3651 4268 καταφρονούμε-

2060 4309 2161 4344 νοι.
2186 4308 2205 4341 ι
2231 4290 2339 4343 Καὶ
2360 4289 2667 4363 ἐπλάνησεν
2692 4290 2892 4354 αὐτοὺς
2918 4292 2976 4346 ἐν
3006 4291 3214 4365 ἀϐάτῳ,
3246 4293 3343 4346 καὶ
3354 4293 3453 4364 οὐχ
3468 4293 3597 4363 ὀδῷ.
3621 4312 3641 4346 ι

2070 4380 2133 4435 Ὀ
2164 4381 2221 4435 δὲ
2254 4382 2555 4453 Σύμμαχος
2600 4380 2744 4435 οὕτω
2764 4398 2779 4413 ⁶
2828 4382 2941 4437 Καὶ
2988 4385 3294 4451 alar-ﬁdet
3324 4384 3549 4450 αὐτοὺς
3577 4385 3651 4439 ἐν

371 4460 718 4515 nequaquam
755 4463 999 4504 errorem
1049 4449 1311 4521 immittit,
1350 4458 1444 4511 sed
1489 4472 1732 4515 errorem
1762 4472 1908 4520 vetat
1938 4484 1950 4519 :

2074 4445 2410 4541 ματαιότητι
2441 4445 2737 4539 διανοίας.
2780 4472 2841 4526 '0
2871 4472 3007 4537 Θεὸς
3039 4475 3141 4528 οὐκ
3177 4445 3375 4544 ἐπάγει
3411 4445 3645 4547 πλάνην,
3690 4462 3700 4517 Ϊ

368 4551 465 4591 eos
499 4547 705 4603 autem,
752 4540 846 4609 qui
896 4541 1119 4597 minime
1161 4545 1605 4616 obtemperantes
1652 4562 1798 4621 sunt,
1854 4574 1953 4627 gu-

370 4628 668 4685 bernaculo
710 4646 899 4687 carere
944 4636 1228 4702 permittit,
1275 4639 1366 4692 isti
1411 4654 1542 4695 vero
1584 4643 1703 4700 sine
1749 4650 1951 4717 guber-

342 4704 569 4775 naculo
607 4720 714 4776 huc
745 4732 800 4777 et
838 4722 965 4779 illuc
1003 4735 1260 4797 vagantes
1304 4742 1511 4787 errant.
1544 4731 1658 4790 Hoc
1696 4750 1750 4793 et
1775 4738 1949 4799 Judaei

367 4813 611 4883 perpessi
635 4825 803 4869 sunt:
836 4832 962 4872 nam
996 4816 1177 4876 divina
1221 4823 1479 4881 derelicta
1518 4827 1623 4893 via,
1676 4846 1807 4888 suas
1853 4850 1943 4890 se-

366 4912 612 4972 quuntur
654 4906 1027 4978 cogitationes.

402 5078 479 5123 'I"
504 5081 664 5143 Joan.
704 5104 780 5157 tv,
824 5090 910 5147 l5.

1023 5105 1046 5133 θ
1086 5094 1107 5149 l
1146 5096 1274 5154 Cor.
1316 5114 1418 5169 tu,
1466 5100 1523 5156 6.
1635 5102 1656 5142 ί
1697 5102 1832 5161 ibid.

1947 5109 1974 5148 ε
2012 5104 2056 5161 ll
2096 5107 2225 5165 Cor.
2268 5110 2344 5178 ix,
2385 5109 2440 5167 6.

2060 4564 2177 4618 ἀλλ’
2207 4564 2547 4636 ἀπαγορεύει
2589 4564 2688 4636 τὴν
2721 4565 2930 4637 πλάνην
2952 4583 2965 4597 ·
3012 4567 3142 4631 τοὺς
3179 4567 3237 4620 δὲ
3275 4568 3350 4640 μὴ
3380 4568 3650 4639 πειθομέ-

2060 4672 2186 4718 νους
2214 4654 2624 4728 ἀκυϐερνήτους
2656 4657 2719 4727 ἐᾷ
2742 4672 2756 4687 ο
2800 4657 2852 4709 οί
2898 4656 2957 4711 δὲ
2983 4656 3375 4730 ἀνερμάτιστοι
3418 4676 3650 4731 περιφε-

2066 4748 2282 4819 ρόμενοι
2343 4746 2471 4817 τῇδε
2521 4748 2746 4802 κάκεῖσε
2794 4748 3264 4819 περιπλανῶνται.
3312 4749 3485 4803 Τοῦτο
3545 4753 3647 4805 καὶ

2068 4830 2310 4894 Ἰουδαῖοι
2343 4839 2685 4895 πεπόνθασι·
2714 4845 2816 4914 τὴν
2840 4842 2995 4896 θείαν
3019 4843 3065 4876 ⁸⁸
3105 4842 3216 4917 γὰρ
3245 4844 3646 4910 καταλιπόντες
3686 4859 3706 4924 ς

2059 4929 2198 4997 ὁδὸν,
2227 4933 2341 4996 τοῖς
2375 4928 2599 4996 οἰκείοις
2624 4931 2850 4987 ἐπονται
2876 4932 3187 5005 λογισμοῖς.

2542 5111 2572 5152 ιι
2609 5112 2731 5168 Act.
2776 5127 2838 5179 tt,
2879 5111 2970 5168 47.
3053 5114 3071 5155 ί
3115 5108 3272 5169 Joan.
3318 5124 3375 5183 κ,
3409 5112 3503 5182 27,
3543 5114 3642 5174 28.

1449 5276 1687 5337 VARUS
1717 5281 2107 5343 LECTIONES
2146 5286 2235 5342 ET
2274 5286 2510 5346 NOTAE.

435 5421 485 5456 "‘
528 5423 910 5482 Ἀπόστολοι.
949 5429 1069 5485 cod.
1113 5428 1137 5483 1

365 5490 533 5567 habet
558 5494 727 5567 C_ord.
762 5498 798 5551 I.
820 5512 868 5553 c.
905 5513 959 5567 p.
1003 5500 1125 5556 195.

1199 5445 1386 5513 praem:
1424 5432 1589 5513 estet.
1656 5436 1700 5469 ³⁸
1726 5440 1970 5509 Σωτήριι

2074 5444 2193 5498 cod.
2237 5444 2256 5498 Ι
2302 5443 2444 5498 θεῖα.
2521 5445 2567 5478 ³⁸
2606 5444 2668 5498 '0
2715 5444 2845 5513 γὰρ,
2888 5461 2942 5499 κ.
2995 5460 3050 5499 τ.
3106 5446 3158 5500 λ.
3198 5442 3380 5503 Pauca
3418 5454 3641 5505 tantum

1203 5500 1249 5531 "
1282 5500 1471 5555 Θεῒον.
1528 5505 1717 5562 Abest.
1772 5526 1801 5563 a
1860 5500 2061 5567 diei.
2156 5514 2202 5545 ³⁸
2258 5515 2380 5567 cod.
2442 5515 2466 5567 i
2525 5514 2713 5567 πιστεύ

365 5561 600 5636 depressi
635 5581 681 5618 s.
720 5561 989 5621 ltumili'ati
1051 5577 1199 5623 sunt.
1281 5569 1329 5601 ⁸ο
1364 5571 1560 5626 Τοῦτο.
1600 5561 1725 5629 cod.
1761 5561 1979 5636 (οὗτοί.

2156 5514 2202 5545 ³⁸
2258 5515 2380 5569 cod.
2442 5515 2466 5569 1
2525 5514 2943 5578 πιστεύσαντας.
3035 5517 3081 5548 ³’
3131 5517 3326 5570 Ἐκακ.
3369 5515 3535 5571 Hebr.
3572 5518 3642 5574 Et

2078 5583 2121 5657 ⁸]
2151 5584 2272 5638 cod.
2324 5585 2345 5638 1
2405 5586 2645 5657 ἄνυδροι.
2721 5584 2766 5616 δ’
2803 5586 3106 5657 Ἐξεχύθη.
3182 5586 3345 5642 llebr.
3387 5586 3640 5656 E/fmtdil

368 5631 786 5728 if'.'3‘;“3-..‘3,
813 5637 1478 5728 ξὲὐῖῶξῖοὲἓὶθδίὲΞεδψ
1519 5641 1681 5728 l'sbr-
1753 5631 1970 5728 “Wet

2074 5653 2121 5705 εἰ
2150 5631 2910 5728 ζ-ᾏαξαῶτνιίῖι-’διανοίαᾲ
2933 5631 3083 5713 Ἤιδει..
3105 5657 3247 5728 apud
3306 5631 3475 5715 00rd".
3507 5659 3545 5713 l.
3581 5675 3636 5715 c.

374 5714 426 5765 p.
459 5699 583 5757 194.
661 5706 705 5736 ⁸³
738 5706 869 5772 Καὶ,
894 5714 949 5761 et
976 5707 1170 5762 deinde
1199 5709 1400 5766 αὐτῶν
1425 5711 1597 5767 dcsid.
1626 5714 1682 5768 in
1711 5699 1970 5773 codri?

2074 5724 2187 5779 cod.
2218 5699 2259 5779 1³
2308 5699 2543 5781 εὐθεῖαί.
