4114 6482
514 416 652 485 1753
1835 418 1918 478 ΙΝ
1952 417 2085 480 PSA

2200 415 2413 478 CVIII.
3644 411 3783 478 1751.

510 532 823 605 βασιλεύειν
878 535 1319 608 παρασκευάσω.
1365 536 1523 590 Μετὰ
1601 535 1710 607 γὰρ
1777 537 1878 607 τὴν
1934 537 2088 590 ὲτιτόιν¹

2201 533 2436 588 reditum
2456 513 2604 588 enim
2628 514 2874 588 i'iidivisa:
2891 529 2946 587 et
2964 528 3209 587 confusae
3235 540 3656 601 permanserunt
3685 532 3785 586 tri-

505 625 628 678 οδον
680 623 982 696 ἀδιαίρετοι
1028 628 1406 698 μεμενήκασιν
1450 627 1508 681 αἱ
1551 626 1737 696 φυλαί.
1789 626 1846 679 Ὀ
1891 626 1950 678 δὲ
1992 629 2088 681 Ζο-

2200 626 2324 681 bus.
2365 624 2668 680 Zorobabel
2704 633 2885 680 autem
2918 626 3139 688 harum,
3173 635 3226 679 et
3254 625 3472 679 illarum
3514 626 3621 680 dux
3655 625 3778 679 fuit.

502 714 766 784 ροϐάσελ,
806 717 902 771 καὶ
949 717 1160 773 τούτων
1195 719 1468 773 κάκείνων
1513 719 1724 789 ήγεῖτο.
1775 719 1997 789 Κυρίως
2033 719 2088 772 δὲ

2199 718 2302 775 Sed
2338 718 2556 789 proprie
2585 717 2805 788 quidem
2837 725 2892 773 et
2927 734 3052 773 vere
3093 717 3358 772 Dominus
3400 717 3676 782 Christus,
3715 733 3784 772 ex

505 805 603 857 καὶ
633 803 853 875 ἀληθῶς
891 806 920 858 6
958 807 1239 876 Δεσπότης
1291 807 1547 878 Χριστὸς,
1587 809 1616 860 6
1651 806 1711 871 ἐξ
1753 806 1923 860 Ἰούδα
1949 807 2088 860 κατὰ

2196 807 2336 864 Juda
2375 809 2676 864 secundum
2725 824 2945 865 carnem
2997 820 3174 877 ortus,
3234 810 3329 864 toti
3381 809 3616 880 imperat
3659 810 3784 864 orbi

507 891 694 964 σάρκα
732 893 1063 966 βλαστήσας,
1094 897 1317 969 ἀπάσης
1351 897 1626 968 βασιλεύει
1660 898 1763 968 τῆς
1791 898 2044 960 κτίσεως.
2201 911 2492 957 terrarum.

580 991 632 1038 ι’.
673 1004 692 1037 ι
745 987 921 1041 Μωὰϐ
953 987 1120 1057 λέϐης
1150 988 1252 1058 τῆς
1287 988 1504 1053 ἐλπίδος
1555 1007 1656 1061 μου
1706 989 1788 1022 ⁸⁷·
1845 990 1939 1042 ἐπὶ
1993 988 2091 1059 τὴν

517 1075 826 1147 Ἰδουμαίαν
858 1078 1107 1133 ἐπιϐαλῶ
1142 1077 1187 1111 ⁸⁸
1220 1080 1283 1133 τὸ
1314 1079 1568 1152 ὑπόδημά
1607 1098 1732 1152 μου,
1770 1081 1896 1150 ἐμοὶ
1935 1079 2093 1135 ἀλλό-

505 1167 666 1235 φυλοι
702 1168 1416 1240 ύπετάγησαν.›Τοσαύτην
1451 1171 1509 1224 δὲ
1533 1170 1613 1241 τῷ
1645 1171 1767 1242 ἐμῷ
1801 1169 1920 1243 λαῷ
1949 1188 2092 1243 παρ-

504 1257 614 1321 έξω
652 1257 840 1328 ίσχὺν,
872 1258 1017 1312 ὥστε
1067 1259 1161 1313 καὶ
1186 1258 1294 1312 τῶν
1329 1260 1647 1330 ἀλλοφύλων
1679 1259 2092 1332 κρατῆσαι,καὶ

504 1349 808 1412 Μωαϐίτας
843 1351 938 1403 καὶ
983 1351 1314 1422 Ἰδουμαίους
1339 1353 1617 1423 ὑπηκόους
1647 1352 1854 1407 λαϐεῖν.
1900 1353 2089 1423 Ἀκρι-

506 1439 769 1512 6έστερον
795 1441 852 1495 δὲ
882 1441 1058 1497 ταῦτα
1095 1445 1153 1497 ἐν
1182 1444 1262 1515 τῷ
1292 1443 1336 1498 ν’
1368 1445 1462 1500 καὶ
1493 1443 1537 1498 θ’
1581 1443 1782 1517 ψαλμῷ
1812 1445 2088 1516 ἑρμηνεύ-

509 1549 709 1602 σαμεν.

581 1623 671 1690 ια’,
707 1626 796 1697 ιβ’.
835 1646 854 1679 ‹
914 1627 1010 1691 Τίς
1040 1628 1244 1695 ἀπάξει
1281 1647 1349 1701 με
1378 1629 1461 1693 είς
1510 1629 1670 1682 πόλιν
1727 1628 2022 1699 περιοχῆς;
2053 1627 2087 1699 ἢ

505 1715 589 1779 τίς
617 1717 875 1788 ὁδηγήσει
933 1736 1001 1789 με
1057 1719 1162 1783 ἓως
1195 1721 1296 1791 τῆς
1359 1721 1699 1792 Ἰδουμαίας;
1754 1720 1890 1791 Οὐχῖ¹
1922 1721 2010 1785 σὺ,
2060 1720 2090 1772 ὁ

505 1807 660 1874 Θεὸς,
697 1811 724 1861 6
747 1810 1116 1882 ἀπωσάμενος
1143 1814 1326 1884 ήμᾶς;
1376 1832 1394 1863 ι
1443 1813 1668 1884 Ἡδονῆς
1696 1810 2034 1883 ἐμπλησθεὶς
2060 1811 2090 1864 6

2268 991 2433 1048 Vsus.
2475 993 2563 1048 10.
2603 1011 2622 1044 ι
2660 993 2821 1050 Moab
2855 994 3002 1050 lebes
3032 994 3147 1063 spei
3185 1009 3338 1058 meae,
3383 994 3437 1047 in
3479 994 3780 1049 Idumaeam

2197 1087 2437 1157 injiciam
2478 1087 2906 1142 calceamentum
2976 1103 3184 1150 meum,
3247 1086 3382 1139 mihi
3445 1086 3780 1154 alienigenum

2197 1183 2398 1236 subditi
2435 1189 2583 1237 sunt.
2616 1200 2636 1233 ι
2676 1181 2847 1236 Porro
2893 1182 2999 1237 tale
3042 1182 3244 1251 populo
3290 1196 3413 1235 meo
3463 1179 3778 1249 impertiam

2197 1275 2387 1340 robur,
2423 1283 2483 1328 ut
2518 1273 2841 1344 Allophylos
2868 1273 3082 1338 vincat,
3136 1282 3189 1326 et
3229 1271 3495 1326 Moabitas
3537 1287 3602 1326 ac
3651 1269 3779 1324 ldu-

2197 1376 2365 1416 maros
2399 1361 2652 1416 subditos
2686 1361 2904 1416 habeat.
2956 1361 3281 1416 Accuratius
3334 1376 3502 1431 porro
3549 1361 3663 1414 haac
3719 1361 3777 1414 in

2196 1453 2653 1526 quinquagesimo
2685 1467 2835 1509 nono
2866 1454 3078 1524 psalmo
3119 1453 3556 1522 explanavirnus.

2265 1630 2435 1688 Vens.
2471 1632 2558 1698 11,
2596 1632 2682 1685 12.
2724 1651 2743 1684 ‹
2784 1632 2922 1698 Quis
2972 1631 3206 1686 deducet
3260 1647 3344 1686 me
3391 1633 3444 1686 in
3495 1633 3770 1688 civitatem

2195 1725 2462 1780 munitam
2487 1726 2611 1780 ?vel
2636 1727 2759 1796 quis
2787 1726 3023 1781 deducet
3046 1741 3132 1780 me
3155 1741 3330 1796 usque
3360 1725 3411 1779 in
3439 1727 3726 1780 ldummarn
3753 1727 3776 1780 ?

2193 1818 2386 1873 Nonne
2410 1827 2490 1885 tu,
2514 1818 2680 1884 Deus,
2710 1820 2803 1889 qui
2826 1819 3078 1889 repulisti
3106 1835 3259 1874 nos.»
3287 1818 3556 1889 PrOpheta
3586 1820 3775 1875 laetitia

505 1901 800 1972 προφήτης
853 1905 918 1974 τῇ
972 1901 1081 1956 τῶν
1133 1904 1358 1972 ἀγαθῶν
1423 1906 1751 1977 προρρήσει,
1807 1903 2086 1974 ἱμείρεται

2196 1910 2430 1967 refertus
2486 1911 2558 1967 ob
2614 1911 2885 1966 bonorum
2945 1911 3396 1980 praedictionem,
3449 1910 3776 1979 conspicere

508 1992 638 2044 ἰδεῖν
685 1993 781 2045 καὶ
819 1995 922 2064 τὴν
967 1995 1369 2051 καταλυθεῖσαν
1404 1997 1561 2051 πόλιν
1610 1996 2084 2068 οἰκοδομηθεῖσαν,

504 2083 600 2135 καὶ
649 2085 778 2148 τοὺς
834 2085 1168 2157 Ἰδουμαίους
1222 2091 1336 2152 τοῖς
1387 2089 1668 2153 Ἰουδαίοις
1710 2088 2085 2153 δουλεύοντας.

503 2173 694 2229 Ταῦτα
723 2176 802 2239 δὲ,
840 2179 1028 2248 φησιν,
1062 2179 1240 2244 οὐδεὶς
1265 2180 1453 2251 ἔτερος
1494 2184 1801 2253 παρασχεῖν
1825 2180 2028 2246 ἱκανὸς,
2054 2180 2090 2252 ἢ

505 2267 572 2321 σὺ
626 2268 808 2338 μόνος,
842 2272 869 2324 6
902 2272 998 2324 νῦν
1037 2273 1188 2341 ἡμᾶς
1234 2273 1624 2344 ἀπωσάμενος,
1684 2273 1781 2327 καὶ
1815 2274 2090 2328 δουλεύειν

502 2361 824 2425 κελεύσας.«
860 2365 973 2417 Καὶ
1002 2364 1102 2419 οὐκ
1136 2364 1414 2440 ἐξελεύσῃ,
1447 2369 1476 2421 6
1503 2366 1658 2430 Θεὸς,
1685 2367 1744 2419 ὲν
1777 2368 1900 2430 ταῖς
1927 2366 2091 2420 δυνά-

507 2451 665 2523 μεσιν
700 2453 878 2524 ήμῶν.
941 2474 960 2507 ι
1006 2456 1066 2510 'O
1118 2455 1177 2510 δὲ
1232 2455 1532 2528 Σύμμαχος
1574 2456 1780 2520 οὕτως’
1832 2458 1942 2512 Καὶ
2002 2456 2088 2526 μὴ

511 2543 829 2613 προελθὼν
843 2547 910 2611 ‘9,
947 2547 1075 2613 Θεὲ,
1097 2547 1168 2602 ἐν
1191 2548 1316 2615 τοῖς
1347 2550 1794 2619 στρατεύμασιν
1818 2551 1864 2583 ⁷⁰
1896 2549 2086 2618 ἡμῶν.

505 2632 583 2685 υύ
617 2632 726 2705 γὰρ
764 2635 1083 2706 ἡττήθημεν
1113 2635 1356 2706 πώποτε,
1390 2638 1485 2693 σοῦ
1514 2638 1968 2710 στρατηγοῦντος,
2000 2639 2088 2692 καὶ

503 2726 606 2796 τῆς
631 2725 916 2795 φάλαγγος
939 2727 1280 2797 ἡγουμένου.

581 2855 602 2890 ι
643 2843 714 2906 γ’.
745 2855 766 2890 ι
802 2837 903 2901 Δὸς
935 2838 1066 2908 ἡμῖν
1096 2837 1346 2910 βοήθειαν
1370 2839 1437 2892 ὲκ
1468 2838 1720 2908 θλίψεως,
1759 2839 1854 2893 καὶ
1882 2838 2090 2910 ματαία

509 2929 756 3000 σωτηρία
783 2929 1098 3000 ἀνθρώπου.
1153 2949 1172 2982 ι
1221 2931 1439 2985 Παῦσον
1486 2931 1670 2985 τοίνυν
1720 2932 1790 2986 τὰ
1840 2931 2087 3003 λυπηρὰ,

507 3021 606 3075 καὶ
631 3023 732 3092 τὴν
775 3022 874 3092 σὴν
912 3023 1087 3094 ῥοπὴν
1118 3021 1325 3093 ὄρεξον.
1361 3023 1678 3094 Οὑδαμόθεν
1707 3024 1818 3095 γὰρ
1857 3023 2086 3078 ἄλλοθεν

505 3111 702 3166 τούτου
756 3115 942 3184 τυχεῖν
991 3113 1242 3168 δυνατόν.
1278 3115 1436 3167 Πᾶσα
1470 3114 1645 3186 γὰρὴ
1689 3116 1824 3186 παρ’
1884 3114 2091 3186 ἀνθρώ-

507 3222 628 3258 πων
677 3206 999 3278 συμμαχία,
1042 3206 1138 3261 σοῦ
1172 3206 1248 3279 μὴ
1284 3206 1700 3278 συνεργοῦντος,
1752 3208 1960 3278 ματαία
1992 3209 2088 3263 καὶ

508 3299 806 3372 ἄχρηστος.
1451 3386 1453 3388 _

584 3414 666 3469 ιδ’.
698 3432 720 3467 ι
774 3415 863 3469 Ἐν
889 3415 970 3487 τῷ
1009 3415 1130 3488 Θεῷ
1167 3418 1468 3489 ποιήσομεν
1496 3417 1751 3488 δύναμιν,
1788 3418 1886 3472 καὶ⁸
1925 3418 2090 3482 αὐτὸς

509 3506 864 3572 ὲξουδενώσει
890 3510 1018 3573 τοὺς
1046 3510 1277 3582 ἐχθροὺς
1303 3511 1466 3582 ἡμῶν
1507 3512 1574 3565 τί.
1615 3531 1634 3565 ι
1675 3512 1776 3567 Διά
1805 3529 1888 3565 τοι
1923 3511 2084 3566 τοῦτο

509 3596 613 3669 τὴν
646 3598 746 3669 σὴν
780 3599 1196 3672 ὲπικαλούμεθα
1233 3603 1494 3674 πρόνοιαν
1519 3619 1532 3634 ·
1569 3603 1669 3656 ’διὰ
1708 3605 1920 3676 ταύτης
1975 3605 2085 3674 γὰρ

516 3691 691 3762 μόνης
721 3691 1114 3763 περιγενέσθαι
1134 3693 1248 3747 τῶν
1280 3695 1569 3766 δυσμενῶν
1597 3695 1971 3767 δυνησόμεθα.

825 3827 1091 3883 ΕΡΜΗΝ.
1129 3828 1266 3882 ΤΟΥ
1297 3830 1406 3882 ΡΗ¹
1436 3827 1759 3883 ΨΑΛΜΟΥ.

584 3968 655 4020 α’.
685 3981 706 4016 ι
737 3964 834 4029 Εἰς
865 3965 928 4020 τὺ
957 3965 1139 4029 τέλος·
1171 3965 1386 4036 ψαλμὸς
1411 3964 1492 4035 τῷ
1518 3961 1708 4018 Δαϐίδ.
1756 3978 1775 4014 ι
1805 3960 1878 4014 Τὸ
1909 3958 2087 4029 σωτή-

516 4069 631 4122 ριον
648 4053 842 4119 πάθος,
875 4054 970 4108 καὶ
993 4055 1094 4125 τὴν
1123 4054 1394 4108 Ἰουδαίων
1425 4052 1644 4125 μανίαν,
1667 4049 1764 4104 καὶ
1785 4047 1885 4119 τὴν
1913 4045 2087 4100 Ἰούδα

514 4142 832 4212 προδοσίαν,
863 4136 1021 4208 οὗτος
1053 4145 1082 4197 ὁ
1108 4143 1321 4214 ψαλμδς
1355 4139 1739 4214 προθεσπίζει.
1773 4136 2010 4205 Ποδηγεῖ
2031 4133 2087 4186 δὲ

513 4234 665 4305 ἡμᾶς
694 4235 788 4288 ἐπὶ
824 4235 985 4306 τήνδε
1016 4234 1116 4307 τὴν
1158 4236 1395 4290 διάνοιαν
1419 4235 1516 4288 καὶ
1548 4233 1592 4265 ⁷³
1617 4233 1646 4285 6
1673 4229 1849 4301 μέγας
1881 4226 2088 4298 Πέτρος

513 4325 865 4398 δημηγορῶν.
902 4326 1130 4398 καὶτῆς
1158 4326 1252 4382 τοῦ
1297 4327 1468 4380 Ἰούδα
1516 4321 1810 4396 προδοσίας
1850 4332 2089 4387 κατηγο-

518 4417 649 4486 ρῶν,
683 4417 778 4471 καὶ
815 4417 915 4489 τῆς
967 4420 1310 4491 προφητείας
1368 4419 1470 4489 τὴν
1520 4413 1798 4479 ἀπόδειξιν
1836 4407 2088 4464 ἐντεῦθεν

518 4508 871 4581 ποιούμενος.
911 4511 1117 4581 Μηδεὶς
1142 4511 1224 4577 δὲ,
1263 4509 1478 4565 ἀκούων
1506 4506 1602 4562 τοῦ
1625 4503 1834 4574 Κυρίου
1861 4498 2088 4570 νομοθε-

2189 2001 2464 2058 desiderat
2503 2001 2697 2056 urbem
2735 2001 3084 2066 aediﬁcatam,
3125 2016 3249 2071 qua:
3295 2016 3489 2056 eversa
3537 2008 3676 2064 erat,
3722 2008 3778 2055 et

2191 2095 2462 2150 Idumaeos
2493 2093 2700 2150 Juda'is
2741 2093 3063 2149 servientes.
3102 2092 3229 2148 llaec
3278 2100 3462 2147 autem
3491 2130 3506 2155 ,
3559 2091 3773 2161 inquit,

2191 2201 2354 2242 nemo
2386 2186 2529 2240 alius
2561 2192 2825 2256 praestare
2869 2192 3078 2254 potest,
3121 2199 3286 2253 quam
3336 2191 3392 2236 tu
3446 2180 3628 2244 solus,
3677 2179 3775 2249 qui

2191 2298 2337 2339 nunc
2375 2297 2477 2338 nos
2516 2280 2798 2352 repulisti,
2847 2288 2902 2334 et
2947 2279 3154 2333 servire
3208 2274 3531 2346 praecepisu.
3584 2291 3603 2325 ι
3650 2271 3775 2325 Νοιι

2190 2374 2392 2442 exibis,
2417 2372 2581 2441 Deus,
2617 2388 2743 2429 cum
2775 2369 3070 2424 virtutibus
3090 2367 3312 2422 nostris.
3350 2384 3368 2417 ι
3407 2362 3769 2436 Symmachus

2191 2466 2312 2524 sic:
2345 2465 2415 2520 Et
2457 2481 2564 2519 non
2599 2463 2848 2533 prwiens,
2888 2461 3054 2525 Deus,
3085 2461 3138 2513 in
3175 2459 3372 2513 nostris
3425 2453 3769 2511 exercitibus.

2191 2558 2496 2626 Numquam
2533 2557 2682 2612 enim
2728 2551 3024 2625 expugnati
3067 2566 3285 2619 sumus,
3327 2557 3380 2605 te
3424 2548 3561 2604 duce
3589 2552 3644 2600 ct
3675 2558 3770 2599 co-

2191 2651 2410 2724 piarum
2443 2659 2685 2706 rectore.

2258 2851 2278 2873 ‘
2313 2848 2482 2906 Vsus.
2518 2849 2608 2905 15.
2650 2867 2671 2902 ‹
2712 2847 2786 2902 Da
2810 2847 2974 2904 nobis
3000 2844 3266 2902 auxilium
3297 2842 3364 2898 de
3390 2837 3765 2904 tribulatione,

2189 2943 2317 3014 quia
2349 2957 2491 2998 vana
2535 2950 2620 2998 est
2666 2941 2816 2997 salus
2851 2939 3115 2996 hominis.
3152 2956 3171 2990 ι
3206 2935 3400 2992 Finem
3446 2933 3631 2999 itaque
3682 2929 3769 2983 fac

2189 3035 2460 3100 molestis,
2483 3042 2540 3089 et
2563 3033 2829 3088 auxilium
2858 3028 3011 3086 tuum
3042 3029 3304 3096 praebeas.
3335 3027 3414 3080 Ex
3440 3022 3590 3078 nullo
3616 3021 3765 3075 enim

2189 3126 2298 3181 alio
2339 3126 2461 3181 loco
2499 3125 2552 3180 id
2585 3123 2849 3194 consequi
2892 3121 3102 3192 1381
3140 3130 3456 3189 possumus,
3491 3111 3764 3182 siquidem

2189 3233 2352 3274 omne
2379 3217 2669 3272 hominum
2704 3215 2996 3279 auxilium,
3049 3221 3100 3267 te
3144 3225 3251 3265 non
3303 3206 3621 3276 adjuvaule,
3669 3218 3769 3258 va-

2191 3325 2322 3365 num
2363 3317 2419 3364 et
2456 3307 2648 3364 inutile
2691 3313 2797 3363 est.

2260 3420 2424 3476 Vsus.
2469 3419 2556 3477 H.
2604 3440 2625 3472 ι
2663 3419 2799 3475 Cum
2825 3416 2939 3471 Deo
2975 3411 3351 3469 exercebimus
3398 3409 3681 3470 virtutem,
3711 3414 3769 3461 et

2189 3515 2305 3584 ipse
2321 3512 2388 3568 ad
2409 3511 2638 3566 nihilum
2667 3510 2873 3579 rediget
2889 3505 3145 3560 inimicos
3171 3511 3442 3558 nostros.»
3461 3501 3764 3568 Propterea

2192 3610 2340 3658 tuam
2373 3601 2730 3671 imploramus
2757 3595 3176 3666 providentiam.
3197 3591 3298 3648 Per
3327 3592 3468 3646 hanc
3491 3589 3638 3646 enim
3671 3601 3765 3643 so-

2189 3694 2296 3748 lam
2321 3693 2506 3747 hostes
2534 3702 2794 3758 superare
2819 3685 3140 3755 poterimus.

2579 3814 2852 3871 INTERP.
2892 3811 3148 3869 PSALMI
3188 3810 3373 3867 CVIII.

2260 3951 2424 4008 Vens.
2461 3951 2513 4005 1.
2559 3965 2578 4000 ι
2621 3948 2683 4004 ln
2715 3946 2900 4010 ﬁnem,
2949 3943 3202 4001 Psalmus
3241 3939 3453 3995 Davidi.
3491 3957 3510 3992 ι
3551 3937 3768 3993 Saluta-

2185 4059 2302 4100 rem
2342 4041 2677 4112 passionem,
2727 4037 3154 4104 Judzeorumque
3200 4032 3470 4095 furorem,
3516 4039 3572 4084 et
3616 4027 3769 4083 Iudae

2185 4134 2550 4207 proditionem
2601 4132 2692 4188 hic
2742 4128 2987 4200 psalmus
3034 4124 3310 4197 prmeinit.
3359 4121 3588 4177 Deducit
3635 4135 3768 4175 vero

2185 4243 2287 4285 nos
2317 4227 2374 4284 in
2404 4227 2554 4281 hunc
2582 4237 2806 4281 sensum
2845 4233 3078 4290 magnus
3106 4217 3271 4274 etiam
3301 4214 3515 4278 Petrus,
3543 4211 3767 4267 concio-

2186 4333 2310 4374 nem
2341 4316 2569 4381 habens,
2613 4313 2873 4382 .Iudacque
2912 4307 3280 4380 proditionem
3327 4301 3679 4369 insimulans,
3711 4309 3773 4356 et.

2187 4411 2314 4467 hinc
2353 4407 2800 4465 vaticinationem
2830 4403 3138 4459 declarans.
3165 4399 3433 4456 Caeterum
3465 4409 3626 4449 nemo
3671 4408 3770 4446 au-

2187 4503 2346 4560 diens
2376 4499 2669 4557 Dominum
2701 4496 2963 4552 ferentem
2993 4493 3192 4563 legem,
3226 4496 3288 4544 ut
3312 4484 3771 4558 persequentibus

513 4575 742 4664 τοῦντος
763 4575 1011 4670 εὐλογεῖν
1041 4601 1170 4663 τοὺς
1203 4575 1524 4667 διώκοντας,
1561 4595 1817 4653 ἐναντίαν
1848 4589 2088 4664 ἡγείσθω

2190 4595 2606 4658 benedicamus,
2648 4581 3098 4646 vaticinationem
3127 4586 3524 4652 repugnantem
3551 4575 3773 4647 legisla—

515 4689 614 4745 τοῦ
658 4692 956 4762 νομοθέτου
989 4694 1089 4765 τὴν
1123 4693 1482 4764 προφητείαν.
1535 4690 1671 4745 Οὐδὲ
1703 4688 1812 4761 γὰρ
1854 4681 2088 4740 ἐνταῦθα

2197 4689 2302 4745 tori
2353 4701 2477 4744 esse
2525 4691 2698 4757 putet.
2738 4679 2858 4738 Non
2913 4678 3062 4734 enim
3115 4676 3223 4730 hoc
3272 4671 3328 4727 in
3371 4672 3496 4726 loco
3547 4670 3774 4724 divinus

517 4760 879 4852 ἐπαρώμενος
905 4785 934 4837 6
961 4760 1308 4856 προφητικδς
1325 4782 1546 4847 διέξεισι
1568 4781 1615 4812 ⁷³
1632 4781 1810 4847 λόγος,
1835 4774 1972 4830 ἀλλὰ
1993 4771 2088 4837 τὰς

2191 4792 2376 4836 sermo
2405 4772 2760 4846 imprecando
2802 4769 3066 4841 loquitur,
3111 4767 3206 4823 sed
3240 4762 3429 4820 futura
3466 4760 3671 4817 Iudaeis
3719 4769 3776 4814 ct

518 4850 810 4943 ἐσομένας,
841 4876 936 4929 καὶ
983 4850 1280 4943 Ἰουδαίοις,
1323 4872 1525 4942 καὶτῷ
1573 4871 1766 4942 Ἰούδᾳ,
1815 4865 2088 4938 τιμωρίας

2191 4869 2347 4927 ,ιιιάω
2373 4866 2635 4940 supplicia
2668 4862 2934 4934 praedicit.
2973 4858 3102 4916 Haec
3138 4868 3324 4914 autem
3357 4852 3678 4910 vaticinatio
3713 4850 3770 4904 in

521 4964 828 5034 προλέγων.
905 4968 1331 5039 Ἐσχημάτισται
1396 4967 1455 5020 δὲ
1509 4965 1556 4998 ⁷⁸
1604 4962 1681 5026 ὼς
1727 4959 1978 5014 εὐκτικὸν
2034 4956 2088 5011 τὸ

2194 4961 2524 5036 precationis
2556 4958 2793 5015 formam
2839 4955 3171 5027 concipitur,
3225 4960 3288 5011 ut
3320 4951 3646 5024 plerumque
3685 4945 3775 5001 di-

522 5061 988 5127 προαγορευτικὸν
1021 5061 1180 5116 τοῦτο
1217 5063 1285 5123 ⁷⁵.
1319 5061 1395 5126 ὡς
1422 5058 1516 5114 ἐπὶ
1546 5057 1609 5112 τὸ
1631 5057 1676 5090 ⁷⁸
1706 5053 1840 5109 πολὺ
1866 5050 2088 5124 σύνηθες

2195 5057 2335 5112 vina:
2365 5055 2664 5124 Scriptum
2689 5064 2810 5107 mos
2835 5057 2940 5107 est.

524 5149 806 5219 πανταχοῦ
835 5151 880 5184 τ’
901 5155 970 5224 τῇ
997 5153 1120 5226 θείᾳ
1156 5154 1370 5226 Γραφῇ-

1557 5327 1795 5386 νΑιιιιλΕ
1862 5322 2246 5384 LECTIONES
2298 5321 2389 5379 ET
2425 5319 2665 5376 NOTZE.

543 5481 548 5486 ’
601 5495 645 5528 σν
684 5495 786 5565 τῆς
836 5494 988 5565 ὲλπ.-
1010 5510 1142 5565 μου..
1188 5487 1370 5565 COI_II._
1410 5502 1560 5565 933-,
1596 5482 1754 5565 1.005!
1795 5498 1850 5537 η’
1895 5483 1994 5565 12..
2019 5549 2032 5565 .
2060 5481 2088 5512 σι

2190 5479 2334 5565 inrui.
2360 5474 2532 5559 ~psal.
2597 5491 2710 5539 le,
2781 5471 2868 5565 1³0,
2893 5476 3040 5565 lerat

528 5567 574 5601 ο·
613 5531 804 5620 ιιοῖἱῗὶ.
836 5531 1166 5632 ἷὶἵῖιέἰῖιῖι.
1190 5531 2088 5632 νέἄίιιῖῗιιᾴιὶἑιῗτὲρὸσὲλθών.

2190 5550 2221 5581 ’θ
2284 5531 2413 5612 Τοῖξ
2465 5531 2920 5632 στρατᾘεοᾳίς
2989 5538 3112 5600 ταῖς
3151 5531 3605 5632 Ἰςὲτρατειὲὶσεὶσινι.1
3651 5531 3781 5615 Haec

528 5600 1293 5691 téci'i'J'Ké'celii(Edi's‘izmt
1330 5600 2645 5725 S'meae'h-owdestrlmptam”interpretationem,
2719 5611 2815 5666 καὶ
2867 5609 2928 5688 οὐ
2971 5600 3320 5678 προσελθὼν,
3383 5600 3506 5666 θεὲ,
3547 5602 3606 5684 εν
3654 5603 3782 5663 ταῖς

610 5703 920 5725 -__--._-_--_
972 5701 1125 5725 .--κη
1181 5715 1340 5725 ,..--...
1436 5695 1556 5725 ...ηρ
1613 5695 1627 5725 ι
1691 5709 1720 5725 ..
1794 5692 1946 5725 ..ιιονι
1999 5690 2242 5725 mnum“
2348 5687 2396 5719 τι
2434 5683 2720 5725 ﬂamma-
2767 5681 2960 5725 ἧιιων.
3010 5675 3148 5725 nsal.
3205 5689 3318 5725 Lm
3361 5671 3448 5725 14.
3485 5668 3780 5725 Θλιόοντασ

530 5675 935 5775 ﬁssae};
972 5675 1581 5773 nefassn‘usm:
1591 5675 1650 5747 "II
1691 5709 1739 5748 c.
1759 5675 1771 5676 “
1790 5675 1949 5746 διιεῖ-ί
1997 5690 2087 5812 ωιέ

530 5775 700 5825 ἡμᾶς.
775 5775 820 5807 ⁷³
857 5774 989 5825 Καί.
1025 5771 1192 5825 Abest
1226 5785 1253 5824 a
1285 5768 1406 5823 cod.
1449 5767 1500 5819 1.
1576 5766 1622 5797 ⁷³
1651 5763 1920 5825 Διέξεισι.
1979 5777 2088 5816 c0t.

2190 5675 2274 5758 git:
2348 5687 2396 5719 “
2434 5675 2720 5752 Ἐχθροὺς
2767 5677 2960 5747 ἡμῶν.
3009 5675 3148 5744 psal.
3205 5689 3318 5737 th,
3361 5675 3448 5725 H.
3485 5675 3780 5749 Θλῐόοντας

2206 5771 2396 5825 przem.
2426 5753 2676 5808 τοιαῦτα.
2722 5750 2798 5825 -.τι
2822 5745 3089 5825 Aé.__cod.
3126 5745 3151 5800 1
3199 5742 3407 5814 μέντοι.
3473 5739 3522 5772 ⁷⁵
3557 5736 3770 5794 Τουτο.

526 5767 700 5846 ἡμᾶς.
775 5775 820 5807 ⁷³
857 5767 1253 5827 Καί.’“Αι)οει’θ
1285 5768 1406 5849 co_d.
1449 5767 1500 5819 1.
1576 5767 1622 5797 ⁷³
1651 5767 1920 5825 Διέξεισι.
1979 5767 2088 5816 cod.

534 5846 656 5902 cod.
687 5845 738 5901 1.
776 5844 1058 5916 ριωιηὶεεο
1095 5841 1240 5909 colo,
1272 5855 1430 5894 τουτο
1464 5836 1541 5891 δέ.
1617 5835 1664 5868 ⁷⁸
1705 5833 1800 5889 Τό.
1842 5832 2008 5890 Abest
2044 5845 2073 5886 a

2206 5771 2396 5828 przem.
2426 5769 2676 5808 τοιαυτα.
2756 5767 2798 5782 "
2822 5767 2914 5800 Δε.
2964 5767 3044 5825 cur

2190 5831 2226 5886 Ι.
2258 5830 2308 5883 1.
2384 5825 2427 5858 ⁷⁷
2489 5826 2673 5878 Παντ.
2722 5819 2845 5875 Des.
2911 5815 3044 5871 ibid.
