4114 6422
383 350 522 420 1755

1373 348 1864 412 THEODORETI
1910 340 2250 404 EPISCOPI
2288 338 2658 401 CYRENSIS

3508 341 3631 406 1:56

451 467 621 524 Vens.
661 467 717 523 ‘2.
786 487 804 519 ι
853 467 1019 535 Deus,
1080 465 1296 521 laudem
1339 479 1517 519 meam
1581 476 1650 517 ne
1705 457 1996 522 tacueris,

2141 449 2236 520 β’.ι
2258 451 2301 481 ⁷⁸
2334 449 2394 502 Ὀ
2414 448 2568 513 Θεὸς,
2595 448 2695 518 τὴν
2717 443 2928 500 αἴνεσίν
2956 462 3058 516 μου
3093 445 3168 516 μή
3190 448 3633 518 παρασιωπήσης,

383 562 649 634 quoniam
676 576 740 618 os
770 561 1094 632 peccatoris,
1123 569 1178 615 et
1210 557 1470 615 os-dolosi
1504 571 1666 626 super
1696 569 1782 609 me
1806 568 1963 624 aper-

386 663 504 708 tum
539 663 642 708 est.
686 673 705 706 ι
747 651 997 707 Humano
1032 666 1185 707 more
1238 651 1354 706 haec
1400 647 1656 704 Christus
1703 645 1965 701 Dominus

389 745 652 815 loquitur.
688 742 757 798 Ut
789 744 954 797 homo
992 741 1138 798 enim
1178 749 1456 812 precatur,
1497 752 1810 792 mensuram
1863 738 1965 790 htt-

391 852 568 891 mana:
599 843 809 889 naturas
840 835 1114 905 impleas:
1153 843 1213 889 ut
1255 834 1399 888 Deus
1443 840 1648 892 autem,
1698 829 1968 899 precatio-

395 944 516 983 nem
563 943 756 982 eorum
793 927 1033 982 admittit
1078 926 1173 997 qui
1220 925 1434 981 sincere
1481 938 1676 992 preces
1711 920 1966 976 fundunt.

393 1019 631 1074 Laudent
671 1036 800 1075 vero
835 1020 1148 1090 passionem
1188 1026 1369 1073 vocat.
1422 1016 1571 1070 Illam
1615 1016 1761 1070 enim
1798 1011 1972 1068 sacris

398 1111 613 1183 1382
670 1113 724 1166 in
784 1110 1094 1182 Evangeliis
1152 1109 1378 1181 gloriam
1431 1107 1700 1162 nominat.
1755 1125 1773 1157 ι
1819 1104 1977 1160 Venit

395 1204 564 1270 enim,
601 1203 698 1264 ait,
737 1203 869 1258 hora
918 1211 977 1257 ut
1016 1201 1350 1273 gloriﬁcetur
1390 1198 1561 1254 Filius
1587 1197 1826 1252 hominis
1850 1207 1908 1248 ιη.
1952 1214 1969 1246 ι

400 1294 479 1348 Os
519 1308 650 1348 vero
687 1295 1005 1362 peccatoris,
1036 1303 1091 1346 et
1119 1309 1177 1345 os
1205 1291 1376 1345 dolosi
1407 1288 1600 1343 Judatn
1637 1286 1927 1358 appellavit
1960 1304 1973 1339 :

398 1383 848 1452 quandoquidem
881 1383 986 1437 iste
1021 1380 1348 1451 proditionis
1383 1378 1587 1435 hedera
1619 1393 1744 1432 cum
1779 1374 1980 1431 Judteis

399 1475 542 1528 clam
571 1473 794 1544 pepigit.

461 1559 644 1621 'Veus.
685 1564 739 1619 5.
789 1582 807 1615 ι
849 1563 1046 1618 Loculi
1086 1571 1214 1618 sunt
1251 1561 1514 1617 adversus
1547 1576 1635 1616 me
1667 1561 1854 1630 lingua
1885 1559 1984 1615 do-

403 1657 545 1721 losa,
578 1665 633 1709 et
679 1655 1028 1709 sermonibus
1067 1652 1179 1707 odii
1225 1651 1706 1708 circumdederunt
1731 1665 1838 1704 me.
1877 1669 1898 1702 ι
1938 1650 1985 1702 A

405 1743 547 1799 Juda
601 1744 656 1797 in
711 1753 880 1798 totum
933 1741 1246 1798 Iudaeorum
1293 1757 1614 1798 consessum
1669 1756 1980 1798 sermonem

407 1833 691 1888 ttansl'ert.
749 1832 813 1886 Hi
865 1834 1010 1888 enim
1069 1833 1287 1890 invidiae
1334 1832 1655 1898 servientes,
1721 1831 1983 1902 injustam

410 1925 707 1979 machinati
742 1933 870 1981 sunt
904 1935 1157 1980 mortem.

486 2033 506 2066 ι
549 2018 566 2037 ‘
599 2015 664 2068 Et
686 2026 1135 2085 expugnaverunt
1161 2029 1248 2071 me
1279 2023 1502 2071 temere.
1537 2013 1728 2086 [Vnum
1770 2013 1850 2086 4.]
1881 2013 1988 2071 Pro

411 2119 481 2159 eo
518 2106 664 2175 quod
697 2121 785 2161 me
819 2105 1048 2177 diligere
1075 2106 1355 2172 deberent,
1389 2105 1744 2162 detrahebant
1772 2104 1926 2160 mihi.
1965 2122 1984 2157 ι

412 2191 534 2248 Non
585 2195 749 2248 modo
793 2197 939 2250 enim
989 2195 1140 2251 nullo
1175 2195 1321 2250 malo
1371 2211 1400 2250 a
1445 2210 1534 2250 me
1563 2195 1862 2266 provocati,
1897 2193 1992 2249 sed

414 2285 582 2340 etiam
632 2285 861 2341 inﬁnitis
906 2287 1067 2344 bonis
1116 2287 1383 2343 cumulati
1432 2298 1606 2342 sunt:
1647 2301 1746 2356 pro
1792 2286 1994 2356 quibus

417 2373 644 2446 diligere
687 2391 814 2431 cum
863 2377 1151 2444 deberent,
1200 2377 1389 2434 hostili
1439 2377 1602 2432 modo
1645 2392 1765 2432 sese
1807 2391 1993 2447 gesse-

420 2474 570 2520 runt.
626 2485 646 2519 ι
685 2466 799 2539 Ego
847 2477 1029 2524 autem
1079 2470 1328 2526 orabam.
1368 2487 1388 2522 ›
1442 2467 1510 2523 Ει
1559 2469 1665 2524 hoc
1707 2483 1994 2524 sacrorum

423 2553 841 2624 Evangeliorum
879 2557 1111 2613 historia
1149 2567 1402 2615 testatur.
1435 2557 1572 2614 Nam
1613 2558 1764 2614 cruci
1795 2558 1986 2617 allixus

422 2648 694 2730 clamabat
725 2665 739 2702 :
775 2667 794 2702 ι
822 2648 1006 2716 Pater,
1040 2651 1264 2723 ignosce
1295 2652 1430 2714 illis.
1473 2667 1584 2708 non
1637 2652 1784 2709 enim
1815 2652 1997 2707 sciunt

424 2739 553 2810 quid
584 2739 789 2795 iaciunt
818 2750 866 2796 ιι.
906 2761 925 2794 ι

496 2828 663 2886 Vsus.
705 2832 756 2886 5.
803 2851 822 2884 ι
862 2831 927 2888 Et
964 2845 1264 2905 posuerunt
1296 2835 1558 2892 adversus
1589 2851 1675 2892 me
1711 2835 1857 2890 mala
1897 2849 1998 2905 pro

431 2917 608 2984 bonis,
642 2927 696 2972 et
731 2919 914 2972 odium
958 2935 1059 2990 pro
1089 2922 1382 2977 dilectione
1430 2937 1572 2977 mea.
1615 2940 1634 2973 ι
1675 2920 1788 2991 Ego
1835 2921 2001 2991 igitur

431 3007 580 3077 ipsos
609 3007 887 3064 beneﬁciis
925 3013 1195 3067 cumulavi
1227 3030 1240 3067 :
1274 3013 1376 3084 ipsi
1401 3028 1531 3068 vero
1561 3012 1836 3068 contraria
1861 3013 1996 3068 mihi

433 3099 728 3170 rependeru
739 3107 818 3153 nt.

505 3189 672 3247 Vsus.
716 3191 770 3246 6.
815 3209 834 3243 ι
871 3191 1154 3249 Constituc
1184 3210 1346 3264 super
1375 3211 1500 3251 eum
1545 3205 1912 3267 peccatorem,
1946 3206 2003 3253 et

435 3279 688 3335 diabolus
716 3291 820 3336 stet
867 3298 895 3335 a
926 3283 1161 3338 dexteris
1186 3285 1327 3353 ejus.
1362 3303 1381 3337 ι
1417 3286 1691 3342 Constituc
1729 3287 1868 3342 dixit
1905 3302 2004 3356 pro

434 3373 744 3438 constitues,
787 3381 842 3427 et
871 3382 972 3427 stet
1004 3387 1102 3442 pro
1139 3373 1320 3431 stabit.
1353 3375 1519 3445 quue
1546 3379 1830 3448 perspicue
1863 3379 2004 3434 divi—

437 3479 542 3520 nus
605 3464 933 3533 evangelista
1006 3465 1253 3520 doeuit".
1303 3463 1503 3523 Beatus
1555 3469 1702 3524 enim
1765 3470 2008 3529 Joannes

437 3559 834 3630 interrogabat,
882 3556 1007 3627 quis
1059 3564 1206 3611 esset
1258 3557 1523 3624 proditor,
1575 3559 1836 3618 Dominus
1879 3579 2007 3619 vero

437 3650 576 3705 dixit
616 3665 633 3704 :
688 3668 706 3702 ι
736 3649 836 3703 (lui
888 3649 1170 3703 intinctam
1227 3647 1522 3703 buccellam
1560 3665 1874 3719 porrexero,
1920 3655 2010 3711 ille

437 3746 564 3804 est;
620 3747 675 3792 et
731 3752 856 3791 cum
926 3736 1278 3802 intinxisset,
1320 3739 1433 3802 ait,
1501 3738 1651 3793 dedit
1706 3739 1896 3807 Iudae,
1957 3753 2012 3800 et

440 3837 564 3900 post
602 3829 903 3884 buccellam
947 3826 1193 3882 introivit
1231 3827 1283 3882 in
1310 3844 1434 3882 eum
1471 3827 1723 3898 Satanas,
1768 3851 1786 3884 ι
1823 3832 2011 3891 faciles

440 3917 720 3988 ingressus
765 3913 1069 3972 inveniens.
1113 3915 1231 3986 Ipse
1261 3919 1473 3989 1383
1504 3922 1648 3977 enim
1700 3939 1798 3978 sua
1843 3941 2013 3994 spon-

445 4019 497 4065 te
528 4009 596 4063 ad
652 4007 871 4062 Iudaeos
929 4009 1234 4075 accedens,
1301 4012 1625 4080 proditionis
1683 4026 1839 4084 pacta
1887 4033 2012 4072 cum

441 4100 524 4154 eis
557 4099 738 4164 inivit,
779 4108 834 4155 et
870 4109 1056 4169 postea
1093 4101 1281 4154 multis
1315 4101 1544 4159 allectus
1567 4107 1869 4176 beneﬁciis,
1927 4111 2012 4164 in-

443 4200 633 4262 gratus
667 4191 926 4262 perstitit.
955 4190 1276 4248 Voluntarie
1301 4192 1468 4263 igitur
1495 4196 1706 4253 hostem
1739 4199 1792 4252 in
1824 4211 2018 4256 contu-

448 4283 701 4338 bernium
737 4283 1002 4354 suscepit.

2065 543 2147 594 ὅτι
2191 540 2367 611 στόμα
2408 537 2768 609 ἀμαρτωλοῦ,
2817 538 2912 590 καὶ
2967 537 3144 606 στόμα
3191 537 3365 590 δολίου
3419 539 3499 590 ἐπ’
3543 540 3636 607 ἐμὲ

2065 630 2310 701 ἠνοίχθη.
2352 649 2370 681 ι
2433 628 2820 700 ’Ᾱνθρωπίνως
2871 630 2900 682 ὁ
2951 628 3230 700 Δεσπότης
3276 627 3444 682 ταῦτα
3501 627 3638 696 λέγει

2068 724 2327 795 Χριστός.
2375 722 2463 786 Ὠς
2489 722 2778 792 ἄνθρωπος
2807 721 2917 792 γὰρ
2951 719 3197 792 εὔχεται,
3243 721 3340 791 τῆς
3377 720 3640 791 ἀνθρωπί-

2070 829 2168 883 νης
2199 814 2242 845 7°
2272 813 2489 881 φύσεως
2519 813 2587 865 τὰ
2635 811 2814 883 μέτρα
2855 811 3114 882 πληρῶν·
3157 813 3231 876 ὼς
3270 812 3325 864 δέ
3367 811 3517 873 Θεὸς,
3540 811 3642 864 τῶν

2072 905 2384 975 εὐχομένων
2414 904 2658 974 γνησίως
2690 903 3052 974 προσδέχεται
3079 903 3178 967 τὰς
3207 904 3391 974 εὐχάς.
3427 905 3644 971 ’Ὕμνον

2071 993 2128 1047 δέ
2158 993 2219 1046 τὸ
2253 993 2428 1058 πάθος
2483 995 2657 1047 καλεῖ.
2689 995 2799 1047 Kal.
2831 993 2939 1064 γὰρ
2968 995 3027 1047 ἐν
3051 998 3165 1059 τοῖς
3203 996 3370 1056 θείοις
3413 995 3645 1063 Εὑαγγεο

2074 1085 2211 1149 λίοις
2266 1084 2427 1150 δόξαν
2473 1085 2605 1138 αὐτὸ
2649 1086 3078 1157 προσαγορεύει.
3137 1105 3155 1138 ι
3205 1085 3461 1157 Ἐλήλυθε
3521 1086 3645 1156 γὰρ,

2078 1176 2266 1246 φησὶν,
2306 1177 2340 1246 ή
2366 1175 2504 1245 ῶρα,
2541 1177 2629 1229 ἵνα
2655 1176 2888 1248 δοξασθῇ
2919 1179 2947 1231 ὁ
2976 1177 3104 1240 Υίδς
3150 1176 3247 1232 τοῦ
3284 1175 3586 1245 ἀνθρώπου.
3621 1195 3638 1227 ι

2077 1269 2276 1337 Στόμα
2323 1269 2382 1322 δὲ
2426 1268 2808 1338 ἁμαρτωλοῦ,
2857 1267 2952 1321 καὶ
3005 1270 3204 1337 στόμα
3267 1268 3510 1333 δολίου,
3561 1267 3649 1320 τὸν

2093 1360 2295 1414 Ἰούδαν
2332 1361 2653 1431 ὠνόμασενο
2701 1356 2855 1424 οὗτος
2911 1361 3022 1432 γὰρ
3073 1363 3314 1433 κρύϐδην
3369 1362 3652 1428 ἐποιήσατο

2081 1453 2219 1524 πρὸς
2261 1451 2548 1516 Ἰουδαίους
2575 1453 2674 1517 τάς
2700 1454 2800 1524 τῆς
2831 1455 3128 1524 προδοσίας
3163 1455 3456 1522 συνθήκας.

2153 1545 2222 1612 γ’.
2274 1563 2293 1596 ι
2347 1545 2648 1616 Ἐλάλησαν
2701 1547 2824 1598 κατ’
2873 1545 3008 1617 ἐμοῦ
3063 1545 3287 1616 γλώσσῃ
3335 1544 3516 1615 δολίᾳο
3563 1545 3656 1597 καὶ

2084 1635 2266 1702 λόγοις
2307 1635 2502 1706 μίσους
2547 1635 2866 1691 ἐκύκλωσάν
2917 1653 3007 1706 με.
3061 1654 3080 1687 ι
3143 1636 3277 1690 Ἀπὸ
3335 1635 3429 1688 τοῦ
3492 1635 3656 1689 Ἰούδα

2091 1728 2395 1798 μετήνεγκε
2441 1726 2535 1780 τὸν
2587 1727 2746 1795 λόγον
2797 1727 2890 1779 ἐπὶ
2945 1727 3066 1780 ὃλον
3111 1726 3172 1779 τὸ
3217 1725 3328 1780 τῶν
3389 1725 3656 1778 Ἰουδαίων

2093 1819 2394 1890 συνέδριον.
2434 1813 2597 1874 Οὗτοι
2659 1819 2770 1888 γὰρ
2821 1819 2898 1889 τῷ
2955 1819 3140 1889 φθόνῳ
3189 1818 3537 1880 δουλεύοντες
3570 1818 3657 1871 τὸν

2086 1911 2275 1967 ἄδικον
2304 1909 2616 1982 ἐτόρευσαν
2648 1909 2902 1965 θάνατον.

2163 2021 2183 2055 ι
2253 2003 2364 2057 Kal.
2419 2002 2770 2074 ἐπολέμησαν
2818 2019 2886 2073 με
2936 2000 3167 2071 δωρεάν.
3390 1996 3537 2054 Ἀντὶ
3571 1997 3660 2051 τοῦ

2087 2094 2308 2164 ἀγαπᾷν
2341 2111 2428 2166 με,
2484 2093 2825 2148 ἐνδιέὸαλλόν
2867 2109 2957 2162 με.
3002 2110 3022 2143 ι
3056 2092 3129 2145 Οὐ
3159 2091 3268 2163 γὰρ
3305 2091 3468 2162 μόνον
3498 2087 3664 2144 κακοῦ

2089 2205 2236 2252 τινος
2259 2187 2361 2241 οὐκ
2381 2185 2754 2256 ἐπειράθησαν
2785 2185 2917 2256 παρ’
2948 2183 3108 2253 ἐμοῦ,
3152 2184 3289 2238 ἀλλὰ
3338 2184 3432 2237 καὶ
3465 2181 3667 2254 μυρίων

2093 2278 2236 2332 ὅσων
2270 2275 2598 2347 ἀπήλαυσαν
2646 2274 2898 2344 ἀγαθῶνο
2936 2274 3076 2348 ὑπὲρ
3104 2269 3179 2329 ὧν
3248 2275 3475 2345 ἀγαπᾷν
3522 2272 3669 2343 ὀφεί-

2093 2370 2300 2435 λοντες,
2326 2369 2397 2423 τὰ.
2419 2368 2704 2440 δυσμενῶν
2741 2369 3000 2439 ἔδρασαν.
3049 2385 3069 2421 ‹
3100 2365 3246 2436 Ἐγὼ
3273 2367 3336 2420 δὲ
3371 2364 3674 2438 προσηυχό-

2099 2479 2209 2534 μην
2238 2460 2343 2516 ⁸ο.»
2376 2461 2488 2515 Kal.
2515 2459 2710 2514 τούτου
2739 2461 2955 2532 μάρτυς
2984 2458 3092 2512 τῶν
3119 2457 3284 2528 ιερῶν
3331 2452 3675 2525 Εὐαγγελίων

2096 2557 2130 2625 ἡ
2163 2553 2397 2627 ἱστορία.
2420 2552 2512 2624 Τῷ
2540 2551 2700 2623 ίκρίῳ
2729 2551 2840 2624 γὰρ
2883 2549 3122 2621 σταυροῦ
3157 2549 3203 2581 ⁸⁸
3249 2546 3675 2620 προσηλωμένος

2096 2645 2244 2699 ἐϐόα⁶
2275 2664 2294 2697 ‹
2334 2645 2540 2716 Πάτερ,
2568 2643 2707 2714 ἄφες
2733 2643 2919 2709 αὐτοῖς
2940 2658 2956 2676 ο
2989 2643 3053 2698 οὐ
3081 2641 3191 2714 γὰρ
3217 2641 3400 2696 οἴδασι
3425 2640 3480 2694 τί
3504 2639 3686 2694 ποιοῦ-

2098 2750 2207 2792 σιν.
2248 2751 2269 2786 ι

2170 2829 2233 2878 ε’.
2267 2840 2288 2876 ι
2325 2823 2438 2878 Καὶ
2491 2822 2680 2877 ἔθεντο
2729 2821 2854 2877 κατ’
2899 2819 3039 2893 ἐμοῦ
3084 2819 3237 2875 κακά
3277 2820 3407 2875 ἀντὶ
3439 2819 3680 2890 ἀγαθῶν,

2099 2917 2196 2972 καὶ
2228 2918 2383 2988 μίσος
2429 2915 2551 2970 ἀντὶ
2593 2915 2643 2949 ³³
2689 2913 3024 2984 ἀγαπήσεὼς
3067 2930 3191 2983 μου.
3227 2931 3246 2965 ι
3279 2912 3430 2982 Ἐγὼ
3461 2913 3560 2983 μὲν
3592 2907 3680 2964 οῦν

2101 3008 2303 3070 αὐτοὺς
2357 3005 2706 3077 εὐεργεσίαις
2753 3005 3072 3059 ἐπέκλυσα⁶
3125 3004 3286 3057 αὐτοὶ
3341 3003 3399 3057 δέ
3457 3021 3526 3075 με
3573 3004 3683 3065 τοῖς

2027 3115 2072 3176 α
2102 3099 2366 3163 ἐναντίοις
2402 3098 2729 3169 ἠμείψαντο.

2175 3198 2250 3257 ς’.
2293 3210 2312 3244 ι
2346 3190 2708 3262 Κατάστησον
2734 3188 2820 3242 ἐπ’
2845 3188 3014 3242 αὐτὸν
3053 3171 3540 3261 eamme.th
3573 3186 3686 3241 διὰ-

2104 3282 2258 3346 6ολος
2287 3283 2470 3354 στήτω
2509 3284 2574 3335 ἐκ
2615 3280 2808 3349 δεξιῶν
2834 3280 3028 3336 αὐτοῦ.
3079 3299 3098 3333 ι
3146 3281 3220 3334 Τὸ
3263 3281 3682 3350 κατάστησον,

2104 3375 2224 3431 ἀντὶ
2243 3373 2337 3429 τοῦ
2363 3373 2767 3440 καταστήσεις
2790 3389 2805 3404 ο
2829 3373 2926 3427 καὶ
2950 3373 3153 3441 στήτω
3176 3374 3242 3438 ⁸³,
3275 3373 3403 3428 ἀντὶ
3427 3372 3524 3427 τοῦ
3547 3386 3689 3427 σται-

2105 3467 2355 3536 θήσεται
2373 3483 2388 3498 ο
2419 3465 2510 3519 καὶ
2539 3464 2700 3519 τοῦτο
2730 3465 2780 3498 ⁸⁸
2808 3464 2998 3534 σαφῶς
3030 3465 3184 3535 ἡμᾶς
3211 3465 3240 3519 6
3276 3464 3423 3529 θεῖος
3451 3462 3687 3529 ἐδίδαξεν

2107 3558 2526 3629 εὐαγγελιστής.
2567 3557 2626 3610 'U
2659 3557 2758 3627 μὲν
2806 3556 2918 3628 γὰρ
2963 3556 3253 3620 θεσπέσιος
3290 3556 3465 3628 ήρετο
3507 3555 3690 3611 Ἰωάν-

2109 3667 2229 3719 νης,
2253 3650 2338 3713 τίς
2367 3649 2453 3719 εἴη
2478 3651 2505 3702 ὁ
2525 3649 2792 3720 προδότης
2811 3666 2825 3682 ·
2857 3651 2885 3702 ὁ
2904 3649 2963 3703 δὲ
2991 3649 3198 3719 Κύριος
3223 3645 3404 3704 εἶπεν·
3439 3668 3458 3700 ι
3499 3642 3571 3719 ’ᾯ
3598 3647 3691 3700 ἐὰν

2110 3739 2363 3810 ἐμϐάψας
2399 3739 2460 3793 τὸ
2486 3739 2698 3812 ψωμίον
2742 3738 3018 3806 ἐπιδώσω,
3054 3740 3217 3803 αὐτός
3265 3741 3420 3793 ἐστι·
3454 3739 3554 3794 καὶ
3597 3738 3693 3808 βά-

2109 3829 2238 3898 ψας,
2275 3829 2464 3899 φησὶν,
2511 3831 2792 3884 ἀπέδωκεν
2826 3830 2874 3863 ⁸⁵
2917 3830 3050 3883 αὐτὸ
3085 3828 3260 3900 Ἰούδᾳ
3299 3828 3384 3862 ⁸⁸⁸
3415 3830 3513 3882 καὶ
3559 3825 3695 3897 μετά

2111 3919 2174 3971 τὸ
2201 3917 2413 3988 ψωμίον
2438 3919 2689 3990 εἰσῆλθεν
2732 3922 2814 3983 είς
2846 3921 3010 3974 αὐτὸν
3038 3923 3066 3974 ὁ
3096 3921 3368 3983 Σατανᾶς,
3424 3938 3442 3970 ι
3506 3919 3697 3988 εὐτρε-

2115 4012 2235 4071 πεῖς
2263 4009 2308 4041 ⁸⁷
2351 4009 2527 4081 εὑρὼν
2555 4011 2655 4074 τὰς
2701 4011 2959 4075 εἰσόδους.
3009 4011 3350 4082 Αὐθαίρετος
3395 4010 3508 4082 γὰρ
3563 4011 3697 4079 πρὸς

2117 4102 2406 4166 Ἰουδαίους
2449 4103 2723 4168 ἀπελθὼν,
2757 4107 2858 4176 τῆς
2898 4104 3190 4176 προδοσίας
3238 4092 3547 4174 ἐποιήσατο
3599 4100 3700 4162 τὰς

2121 4194 2414 4264 συνθήκας,
2467 4193 2562 4248 καὶ
2619 4195 2844 4259 πολλαῖς
2919 4196 3059 4267 μετὰ
3120 4194 3296 4248 ταῦτα
3349 4193 3700 4264 εὐεργεσίαις

2119 4283 2467 4348 ἐπικλυσθεὶς
2500 4284 2771 4354 ἀγνώμων
2801 4285 3134 4355 μεμένηκεν.
3174 4283 3346 4337 Ἐκὼν
3383 4285 3433 4316 ⁸⁸
3469 4298 3698 4352 τοιγαρ-

2120 4375 2214 4429 οῦν
2243 4375 2490 4430 σύνοικον
2519 4375 2736 4440 ἐδέξατο
2767 4376 2861 4429 τὸν
2901 4375 3193 4446 πολέμιον.

517 4464 682 4519 Vens.
721 4466 773 4520 7.
820 4484 838 4516 ι
873 4464 1008 4519 Cum
1043 4465 1362 4535 judicatur,
1413 4475 1572 4521 exeat
1623 4467 1996 4548 condemnatut

2191 4469 2256 4535 ζ’.
2303 4489 2322 4523 ι
2371 4467 2464 4525 Ἐν
2505 4468 2584 4541 τῷ
2631 4469 2912 4538 κρίνεσθαι
2950 4439 3136 4532 αὐτὸν,
3177 4468 3387 4535 ἐξέλθοι
3419 4465 3702 4522 καταδεδι-

448 4555 593 4629 Ῑριο,
633 4558 844 4629 exibit.)
879 4555 944 4610 Et
974 4559 1151 4614 oratio
1182 4559 1302 4630 ejus
1335 4560 1430 4616 ﬁat
1462 4560 1516 4614 in
1551 4566 1832 4631 peccatum
1873 4560 2016 4634 [pro,

449 4649 581 4722 ﬁet].
624 4650 784 4705 Omni
824 4651 970 4704 enim
1013 4653 1366 4708 excusatione
1410 4647 1589 4707 caruit
1631 4655 1895 4723 proditor.
1929 4654 2020 4709 ld-

448 4743 598 4796 circo
626 4757 750 4795 cum
790 4740 1086 4809 judicatttr,
1120 4744 1540 4807 condemnatur,
1579 4754 1633 4799 et
1668 4748 1910 4813 precatio
1951 4748 2020 4803 ab

446 4835 570 4905 ipso
599 4834 777 4888 oblata
823 4835 1259 4890 criminationem
1296 4837 1535 4906 augebit.
1581 4836 1699 4893 Non
1741 4840 1886 4894 enim
1920 4841 2016 4896 be-

449 4926 629 4982 neiieii
680 4935 959 4980 auctorem
1011 4928 1333 4996 ignorabat,
1413 4927 1524 4983 imo
1574 4929 1774 4986 divinis
1842 4933 2007 4986 etiam

448 5017 659 5088 potitus
702 5026 787 5072 est
835 5018 1147 5088 colloquiis,
1197 5019 1671 5092 maximorumque
1719 5022 2018 5080 miraculo-

2120 4561 2392 4631 κασμένος
2416 4559 2560 4632 [ἀντὶ
2595 4559 2715 4624 τοῦ,
2743 4558 3176 4632 ἐξελεύσεται].
3220 4559 3327 4612 Kal
3353 4561 3385 4629 ἠ
3421 4555 3702 4629 προσευχὴ

2121 4652 2283 4705 αὐτοῦ
2305 4650 2542 4719 γενέσθω
2566 4651 2646 4714 είς
2664 4652 2937 4721 ἁμαρτίαν
2957 4651 3100 4722 [ἀντὶ
3136 4650 3252 4713 τοῦ,
3272 4648 3646 4719 rte-micam].
3683 4665 3700 4698 ι

2121 4746 2307 4815 Πάσης
2335 4743 2445 4814 γὰρ
2494 4745 2795 4811 ἀπολογίας
2826 4743 2922 4814 έρη
2936 4761 3033 4813 μος
3063 4745 3092 4796 ὁ
3124 4743 3418 4814 προδότης.
3455 4743 3552 4796 Διὸ
3586 4757 3707 4812 κρι-

2120 4840 2344 4908 νόμενος
2390 4837 2805 4906 κατακρίνεται,
2852 4837 2949 4890 καὶ
2984 4837 3016 4904 ἡ
3064 4835 3495 4906 προσφερομένη
3534 4835 3627 4887 ὑπ’
3660 4833 3706 4865 θ’

2124 4931 2288 4986 αὐτοῦ
2335 4929 2649 5000 προσευχὴ·
2708 4930 2808 4999 τὴν
2867 4928 3204 5000 κατηγορίαν
3264 4925 3444 4991 αὐξει.
3487 4927 3567 4980 Οὐ
3598 4925 3708 4995 γὰρ

2123 5024 2311 5093 ἠγνόει
2348 5022 2438 5076 τὸν
2464 5018 2779 5090 εὐεργέτην,
2803 5020 2939 5074 ἀλλὰ
2957 5022 3050 5072 καὶ
3081 5018 3194 5074 τῶν
3223 5017 3385 5072 θείων
3417 5018 3710 5091 ἀπήλαυσε

434 5258 441 5278 ι
521 5189 564 5220 ω
586 5177 745 5236 Joan.
776 5196 875 5247 χιι,
906 5183 959 5238 5.
1034 5190 1062 5218 η
1089 5180 1222 5238 Luc.
1253 5197 1408 5250 xxm,
1439 5183 1529 5238 54.
1604 5192 1626 5215 ο
1654 5181 1816 5238 Joan.
1850 5200 1972 5251 χιιι,
2000 5189 2072 5245 25
2104 5201 2221 5257 seq.

1505 5317 1740 5373 VARUE
1778 5319 2158 5376 LECTIONES
2209 5317 2297 5372 ET
2336 5312 2578 5372 ΝΟΤΛΕ.

435 5417 450 5450 ⁸
518 5413 566 5447 ⁷⁸
589 5415 643 5467 '0
663 5412 1225 5483 -παρασιωπήσῃς
1260 5414 1422 5469 Hebr.
1449 5413 1494 5470 0
1527 5413 1660 5468 Deus
1691 5415 1865 5470 laudis
1899 5433 2044 5482 mete,
2077 5433 2140 5472 ne
2161 5425 2358 5469 taceas.
2383 5409 2460 5466 ita
2485 5409 2689 5464 habent
2717 5407 2859 5478 Aqu.
2891 5414 2946 5462 et
2972 5404 3182 5476 Symm.
3218 5401 3324 5459 Sed
3358 5400 3711 5483 Theodotion

451 5497 699 5551 eamdem
757 5513 920 5565 quam
977 5497 1029 5550 oi
1085 5500 1162 5550 θ’.
1220 5497 1366 5551 dedit
1411 5495 1936 5565 interpretationem.

2031 5501 2076 5532 ⁷⁹
2117 5499 2241 5553 cod.
2295 5498 2318 5550 1
2372 5493 2740 5565 ἀνθρωπείας.

450 5566 805 5638 "ﬁzqepgﬁ.
837 5569 1005 5621 Abest
1026 5582 1065 5638 ‘a
1087 5568 1209 5638 cod.
1228 5637 1233 5638 γ
1254 5567 1302 5638 l_.
1333 5635 1345 5638 Α
1372 5567 1421 5638 f”
1456 5568 1654 5638 ’ᾼντμ
1678 5569 1733 5621 In
1751 5568 1872 5622 cod.
1903 5569 2079 5638 lscqu

2847 5491 2894 5525 ”
2948 5469 3252 5558 Προσηυχ.
3309 5485 3474 5558 Hebr.
3538 5469 3713 5546 ἤθει-ι.

2088 5608 2102 5623 .
2130 5569 2248 5638 τῆς,
2292 5566 2425 5638 utin
2457 5554 2605 5638 textu
2645 5554 2752 5638 τῶν
2784 5560 2860 5615 0'.
2937 5554 3251 5638 θξΣτῄτέιέ,
3289 5554 3408 5611 cod.
3448 5555 3474 5636 ξ
3516 5571 3708 5638 praem.

452 5633 534 5686 τό.
610 5625 901 5690 ⁸⁸’Τοῦτο.
938 5636 1061 5691 cod.
1097 5637 1128 5690 .l
1175 5635 1405 5692 add.6e'.
1477 5637 1523 5667 ⁸³
1561 5637 1682 5690 cod.
1727 5639 1746 5689 l
1791 5639 1996 5690 ἐπέδωιι

2164 5625 2460 5692 efﬂantia.
2501 5634 2622 5689 cod.
2655 5633 2893 5698 lprzetn.
2925 5628 3021 5700 τῷ.
3057 5697 3072 5700 _
3095 5629 3139 5660 ⁸⁷
3175 5625 3525 5700 Εὐτρξπεῖςο
3561 5626 3711 5700 Πέυιίτ

454 5703 738 5777 lectionem
776 5706 949 5777 codici
997 5709 1132 5777 Aug.
1161 5707 1188 5777 Vl
1253 5706 1537 5777 debemus.
1575 5705 1736 5762 Prior
1775 5707 1940 5764 chtio
2003 5708 2236 5764 habebat
2299 5707 2621 5777 εὐπρεπεῖς.

455 5771 638 5826 colon.
713 5774 760 5807 ⁸⁹
803 5775 952 5828 ’Υπ’.
986 5771 1107 5831 cod:
1148 5776 1173 5830 1
1220 5775 1368 5846 παρ’.

2699 5697 2744 5735 ⁸⁸
2788 5697 2993 5758 Έκών.
3056 5697 3118 5754 ιιι
3173 5699 3294 5755 cod.
3338 5697 3357 5750 1
3407 5697 3710 5766 ιιιιροιιίιυν
