4114 6452
376 353 514 422 1757

1746 364 1830 426 IN
1849 365 2056 430 PSAL.
2087 369 2300 432 CVIII;

3516 376 3652 445 1758
3701 441 3703 444 τ

368 470 574 539 λόγων,
605 470 697 525 κα¹ι
735 469 1038 541 θαυμάτων
1070 473 1344 544 μεγίστων
1373 475 1432 529 οὗ
1472 476 1636 546 μόνον
1660 479 1963 552 αὐτόπτης,

2075 500 2191 540 rum
2227 502 2337 542 non
2369 488 2536 545 modo
2576 497 2852 561 spectator
2898 492 3014 562 ipse
3064 493 3186 558 fuit,
3242 510 3435 552 verum
3479 496 3650 552 etiam

371 562 514 617 ἀλλά
548 563 643 616 καὶ
679 563 982 635 αὐτουργὸς
1014 564 1256 634 ἐγένετο,
1300 569 1432 639 παρ’
1477 568 1644 622 αὐτοῦ
1675 570 1775 643 τὴν
1806 571 1964 638 ἐξου-

372 653 496 709 σίαι
535 655 742 709 λαϐών.

449 754 521 818 η’.
571 767 590 800 ι
641 747 1039 820 Γενηθήτωσαν
1085 753 1144 804 αί
1185 752 1389 823 ἡμέραι
1435 754 1602 808 αὑτοῦ
1631 756 1833 824 ὀλίγαι,
1867 757 1964 811 καὶ

372 838 478 909 τὴν
534 841 845 911 ἐπισκοπὴν
888 841 1054 895 αὐτοῦ
1098 842 1254 896 λάϐοι
1291 844 1502 915 ἕτερος.
1540 865 1559 898 ι
1603 848 1714 901 Καὶ
1751 846 1890 918 αὕτη
1927 849 1962 919 ἡ

373 931 685 1004 πρόρρησις
708 933 768 986 τὸ
787 932 942 997 τέλος
981 934 1202 1000 ἐδέξατο
1223 951 1236 966 ⁸
1271 937 1434 998 αὐτὸς
1463 939 1572 1007 γὰρ
1613 940 1960 1010 παραχρῆμα

373 1023 469 1077 τὸν
484 1023 572 1076 διὰ
592 1024 690 1093 τῆς
705 1023 942 1096 ἀγχόνης
966 1026 1234 1096 ὑπέμεινε
1259 1028 1515 1093 θάνατον,
1542 1029 1638 1084 καὶ
1658 1032 1686 1083 ὁ
1710 1031 1962 1094 Ματθίας

373 1114 501 1168 ἀντὶ
532 1114 747 1167 ἐκείνου
775 1115 999 1186 ταχθεὶς
1027 1121 1119 1170 τὸν
1145 1117 1252 1173 τῶν
1289 1119 1609 1174 ἀποστόλων
1638 1121 1966 1194 ἐπλήρωσεν

374 1205 637 1278 ἀριθμόν.

449 1297 516 1352 θ’.
572 1317 590 1349 ι
634 1298 1031 1370 Γενηθήτωσαν
1069 1301 1120 1354 oi
1163 1302 1270 1356 υίοὶ
1318 1303 1486 1357 αὐτοῦ
1519 1304 1769 1376 ὀρφανοὶ,
1806 1306 1961 1377 καὶὴ

374 1389 516 1460 γυνὴ
544 1391 712 1445 αὑτοῦ
748 1394 915 1462 χήρα.
951 1413 970 1445 ι
1013 1393 1201 1449 Ταῦτα
1222 1396 1282 1448 οὐ
1310 1397 1388 1466 τῷ
1417 1397 1589 1468 Ἰούδα
1612 1399 1798 1468 μόνον,
1825 1397 1964 1452 ἀλλά

375 1484 475 1537 καὶ
529 1485 665 1537 πᾶσι
697 1486 813 1548 τοῖς
860 1486 1114 1551 ἀπίστοις
1147 1486 1349 1560 συνέϐη
1384 1488 1685 1550 Ἰουδαίοις.
1726 1489 1960 1558 Ὀλίγων

375 1575 491 1647 γὰρ
523 1575 666 1646 μετά
709 1577 802 1629 τὸν
837 1577 1074 1648 σταυρὸν
1109 1578 1430 1633 διελθόντων
1471 1579 1630 1647 ἐτῶν,
1661 1581 1982 1636 ἀνάστατον·

378 1667 530 1721 ἅπαν
561 1668 640 1720 τὸ
677 1667 836 1737 γένος
872 1670 918 1702 ⁹⁰
947 1670 1166 1738 ἐγένετο
1191 1686 1204 1700 ·
1236 1671 1333 1725 καὶ
1365 1671 1414 1724 οἱ
1460 1671 1560 1742 μὲν
1589 1672 1961 1743 ἀνῃρέθησαν,

377 1759 437 1810 αἱ
489 1757 546 1811 δὲ
590 1759 801 1813 τούτων
850 1761 1114 1827 γυναῖκες
1151 1760 1294 1831 μετά¹
1315 1761 1424 1814 τῶν
1461 1763 1670 1816 παίδων
1703 1762 1963 1832 ἐξηνδρα-

2065 586 2338 648 operator,
2381 594 2508 636 cum
2538 581 2606 636 ab
2647 582 2768 651 ipso
2797 592 3126 652 potestatem
3157 586 3485 655 accepisset.

2136 753 2302 810 Vens.
2344 757 2398 812 8.
2446 775 2464 807 ‹
2507 756 2668 811 Fiant
2697 758 2817 814 dies
2847 759 2970 828 ejus
3007 759 3191 828 pauci,
3229 767 3286 814 et
3319 775 3523 816 munus
3557 763 3649 816 cui

2064 847 2280 916 praefuit
2316 849 2546 918 accipiat
2589 850 2748 904 alter.
2797 870 2816 902 ι
2865 850 2932 905 Ει
2975 853 3090 906 haec
3125 852 3450 908 vaticinatio
3484 869 3648 908 suum

2067 941 2264 995 sortita
2295 951 2379 996 est
2411 943 2596 998 ﬁnem.
2629 941 2752 1011 Ipse
2791 944 2935 998 enim
2969 945 3236 999 continuo
3261 960 3358 1014 per
3389 945 3648 1014 laqueum

2066 1040 2295 1084 mortem
2327 1045 2615 1098 perpessus
2644 1040 2746 1094 est,
2783 1039 2838 1085 et
2868 1029 3124 1086 Matthias
3157 1033 3279 1086 loco
3313 1033 3460 1088 illius
3492 1033 3646 1089 ordi-

2066 1129 2250 1186 natus,
2282 1122 2656 1192 apostolorum
2689 1123 2935 1192 implevit
2962 1139 3252 1180 numerum
3275 1135 3324 1178 ρ.

2136 1300 2301 1358 Vens.
2343 1301 2397 1357 9.
2447 1320 2465 1352 ι
2502 1288 2662 1356 Fiant
2694 1300 2786 1356 ﬁlii
2817 1303 2936 1371 ejus
2968 1303 3222 1373 orphani,
3263 1312 3317 1359 et
3351 1320 3493 1360 uxor
3523 1305 3647 1375 ejus

2064 1394 2246 1449 vidua.
2287 1413 2306 1444 ι
2345 1393 2468 1449 Haec
2500 1393 2791 1449 non‘Judae
2823 1395 3008 1458 modo,
3045 1409 3236 1447 verum
3268 1395 3432 1448 etiam
3465 1397 3648 1453 omni-

2065 1487 2168 1541 bus
2205 1486 2425 1555 perﬁdis
2455 1485 2656 1540 Judaeis
2688 1494 3018 1554 congruunt.
3058 1483 3258 1539 Paucis
3295 1485 3440 1538 enim
3487 1485 3648 1541 annis

2065 1584 2189 1647 post
2244 1591 2461 1631 crucem
2512 1578 2739 1646 elapsis,
2795 1586 2908 1630 tota
2963 1589 3152 1630 eorum
3207 1575 3360 1628 natio
3413 1576 3649 1629 extorris

2064 1669 2208 1724 facta
2255 1678 2368 1736 est,
2415 1678 2469 1724 et
2509 1671 2561 1722 hi
2616 1669 2836 1739 quidem
2891 1668 3180 1732 trucidati,
3239 1667 3435 1720 horum
3472 1669 3487 1689 ‘
3519 1682 3650 1721 vero

2065 1777 2267 1818 uxores
2306 1778 2434 1819 cum
2484 1763 2609 1817 ﬁliis
2657 1762 2712 1815 in
2747 1761 3066 1815 servitutem
3111 1760 3364 1814 abductae
3404 1759 3646 1814 fuerunt.

380 1847 739 1919 ποδίσθησαν.
762 1847 934 1901 Τοῦτο
964 1848 1065 1918 μὲν
1086 1849 1130 1881 ⁹¹
1151 1827 1245 1903 καὶ
1273 1851 1301 1902 ό
1328 1852 1669 1922 προφητικὸς
1689 1827 1894 1922 ηῠξατξ,
1916 1853 1962 1885 sa

2075 1855 2136 1910 Et
2165 1856 2267 1911 hoc
2295 1870 2512 1925 quoque
2540 1853 2892 1924 propheticus
2918 1867 3101 1908 sermo
3133 1862 3388 1922 precatus
3427 1862 3540 1907 est.

377 1937 558 2006 λόγος.

455 2036 506 2083 ι’.
558 2050 576 2082 ι
609 2031 970 2102 Σαλευόμενοι
1005 2033 1502 2104 μεταναστήτωσαν
1543 2033 1592 2066 ³³
1636 2034 1686 2087 οἱ
1717 2033 1827 2088 υἱοὶ
1864 2035 1966 2089 αὒ-

377 2121 498 2186 τοῦ,
547 2124 643 2177 καὶ⁸
698 2124 1175 2196 ἐπαιτησάτωσαν,
1218 2126 1313 2179 καὶ
1342 2126 1389 2159 ’³
1422 2126 1851 2199 ἐκϐληθήτωσαν
1900 2129 1968 2182 ἐκ

378 2215 490 2268 τῶν
542 2215 842 2270 οἰκοπέδων
893 2216 1099 2273 αὐτῶν.
1137 2236 1157 2269 ι
1203 2219 1275 2271 Ἦ
1307 2219 1450 2272 κατά
1476 2221 1607 2284 τοὺς
1637 2220 1856 2287 ἄλλους,
1896 2221 1975 2275 ἐκ-

378 2302 500 2358 τῶν
526 2304 802 2372 ἐρειπίων
815 2304 1016 2360 αὐτῶν
1035 2305 1105 2357 ⁸⁵.
1133 2306 1460 2361 Καυθεισῶν
1486 2308 1595 2378 γὰρ
1618 2308 1728 2363 τῶν
1753 2310 1968 2378 οἰκιῶν,

380 2397 480 2449 καὶ
520 2397 844 2462 οἰκοπέδων,
897 2396 930 2469 ἢ
964 2397 1227 2467 ἐρειπίων
1259 2401 1593 2470 γενομένων,
1632 2402 1683 2455 ol
1747 2402 1849 2472 μὲν
1873 2402 1970 2456 ἀν-

387 2488 662 2560 ῃρέθησαν
681 2489 792 2545 τῶν
812 2489 1137 2563 οἰκητόρων,
1169 2491 1220 2546 οἱ
1272 2492 1330 2545 δὲ
1363 2494 1752 2566 ἀπηνέχθησαν
1803 2495 1968 2566 δορυ-

381 2581 604 2637 ἀλωτοι.

454 2671 545 2729 ια’.
593 2693 612 2726 ι
665 2673 1112 2745 Ἐξερευνησάτω
1156 2674 1205 2709 ’⁸
1247 2675 1537 2747 δανειστὴς
1581 2675 1762 2730 πάντα
1791 2676 1837 2708 ⁸⁷
1865 2675 1971 2730 ὅσα

384 2768 626 2840 ὑπάρχει
655 2768 826 2839 αὐτῷ.
862 2787 883 2821 ι
936 2767 997 2823 '0
1028 2769 1087 2823 δὲ
1115 2769 1411 2841 Σύμμαχος
1442 2767 1634 2832 οὕτως’
1664 2770 1971 2839 Συγκρού-

379 2875 489 2915 σαι
539 2859 816 2930 πράκτωρ
868 2859 1067 2914 πάντα
1107 2861 1182 2915 τὰ
1213 2859 1567 2928 ὑπάρχοντα
1593 2859 1778 2924 αὐτῷ.
1817 2859 1970 2928 Πράἀ

382 2967 596 3021 κτωρες
623 2951 681 3004 δέ
714 2949 808 3004 καὶ
836 2951 886 3004 οἱ
922 2950 1216 3021 Ῥωμαίων
1252 2949 1520 3020 βασιλεῖς,
1562 2951 1656 3003 τὸν
1680 2949 1970 3020 ἐπικείμε-

383 3058 475 3095 νον
517 3041 974 3113 εἰσπραττόμενοι
1025 3043 1216 3112 φόρον.
1265 3034 1426 3094 Οὗτοι
1486 3039 1544 3093 δὲ
1573 3041 1643 3094 τά
1686 3041 1968 3094 Ἰουδαίων

2137 2035 2302 2090 Vens.
2346 2034 2436 2089 ιο.
2483 2052 2502 2086 ι
2540 2033 2808 2088 Nutantes
2849 2030 3254 2087 transferantur
3297 2029 3392 2084 ﬁlii
3426 2029 3567 2099 ejus,
3596 2037 3656 2084 et

2067 2129 2414 2194 mendicent,
2471 2136 2526 2182 et
2580 2127 2869 2196 ejiciantur
2925 2124 2993 2180 de
3050 2123 3196 2179 areis
3249 2123 3650 2178 habitationum

2068 2239 2326 2288 suarum,
2361 2240 2381 2275 ι
2411 2221 2498 2277 vel
2529 2220 2826 2276 secundum
2856 2219 3010 2283 alios,
3035 2231 3100 2271 ea:
3129 2216 3406 2269 ruderibus
3435 2214 3653 2285 1385

2068 2316 2199 2369 suis.
2248 2314 2495 2370 lucensis
2536 2313 2682 2368 enim
2731 2310 3015 2374 domibus,
3059 2315 3116 2362 et
3155 2306 3320 2372 areis,
3363 2307 3449 2360 vel
3487 2307 3651 2360 rude-

2068 2406 2225 2461 ribus
2274 2405 2502 2470 relictis,
2532 2419 2598 2459 evt
2647 2400 3045 2458 habitatoribus
3075 2396 3168 2452 alii
3199 2396 3349 2464 caesi,
3398 2395 3490 2451 alii
3522 2410 3652 2449 vero

2069 2498 2268 2568 captivi
2297 2497 2514 2553 abducti
2550 2496 2727 2550 fuere.

2141 2680 2306 2737 Vens.
2358 2679 2446 2734 ll.
2516 2695 2537 2729 ι
2581 2676 2874 2732 Scrutetur
2921 2673 3204 2728 fenerator
3246 2681 3470 2725 omnem
3524 2663 3656 2720 sub-

2071 2773 2327 2831 stantiam
2360 2771 2502 2842 ejus.
2531 2787 2550 2820 ›
2586 2766 2953 2840 Symmachus
2985 2771 3170 2818 autem
3202 2761 3323 2816 sic:
3360 2757 3646 2814 Concutiat

2070 2875 2287 2922 exactor
2331 2863 2509 2919 omnia
2553 2877 2672 2933 qua:
2715 2867 2841 2914 sunt
2886 2857 3076 2926 ipsius.
3121 2856 3424 2909 Exactores
3468 2857 3655 2904 autem

2072 2969 2202 3017 sunt
2231 2973 2386 3029 reges
2420 2956 2815 3019 Romanorum,
2862 2951 3144 3020 exigentes
3193 2943 3513 3015 impositum
3548 2941 3653 2994 tri-

2073 3050 2287 3105 butum.
2319 3048 2384 3102 lli
2417 3060 2545 3102 vero
2576 3053 2744 3100 tctam
2783 3041 3100 3097 Judaeorum
3140 3037 3490 3105 diripuerunt
3525 3030 3656 3086 sub-

383 3129 698 3199 διήρπασαν
746 3129 988 3194 ἅπαντα,
1041 3130 1288 3201 ἀκριϐῶς
1327 3131 1746 3201 ἐρευνήσαντες,
1777 3131 1852 3195 ὡς
1874 3131 1970 3184 καὶ

2075 3142 2357 3206 stantiam,
2385 3139 2674 3209 diligenter
2704 3139 3040 3197 scrutantes,
3073 3138 3133 3185 ut
3165 3137 3222 3183 et
3258 3126 3472 3182 occulta
3499 3123 3655 3178 inve-

383 3219 456 3272 τὰ
485 3220 850 3291 κεκρυμμένα
876 3219 1060 3292 εὑρεῖν
1093 3237 1155 3273 τε
1210 3219 1306 3274 καὶ
1339 3220 1790 3292 σφετερίσασθαι.

463 3330 485 3365 ι
523 3313 632 3365 Καὶ
662 3311 1132 3382 διαρπασάτωσαν
1160 3311 1439 3384 ἀλλότριοι
1470 3314 1596 3375 τοὺς
1634 3311 1832 3375 πόνους
1865 3309 1968 3364 αὖ-

385 3401 507 3457 τοῢ.
541 3400 672 3474 [ιβ.]
702 3403 792 3473 Μὴ
831 3403 1132 3474 ὑπαρξάτω
1164 3403 1314 3474 αὐτῷ
1342 3405 1695 3476 άντιλήπτωρ
1725 3404 1794 3469 9⁸,
1840 3402 1976 3474 μηδὲ

386 3491 678 3562 γενηθήτω
709 3492 1013 3562 οἰκτίρμων
1041 3494 1157 3555 τοῖς
1186 3493 1442 3563 ὀρφανοῖς
1466 3491 1656 3544 αὐτοῦ.
1696 3511 1715 3544 δ
1756 3490 1976 3544 Τούτων

387 3582 446 3635 δὲ
493 3583 817 3652 γινομένων,
865 3581 961 3634 καὶ
992 3582 1101 3636 τῶν
1135 3583 1412 3650 πολεμίων
1439 3583 1509 3635 τά
1538 3581 1754 3644 τούτοις
1783 3598 1972 3651 προσ-

389 3675 598 3745 ήκοντα
664 3674 1095 3744 διανεμομένων,
1165 3674 1340 3737 οὐδεὶς
1415 3675 1600 3737 αὐτοῖς
1679 3674 1977 3742 ἐπίκουρος

394 3765 571 3833 ἐσται,
622 3766 743 3820 οὐδὲ
791 3766 1010 3837 φειδοῦς
1059 3765 1240 3820 αὐτῶν
1293 3768 1344 3820 οἱ
1400 3767 1591 3830 παῖδες
1645 3764 1980 3836 ἀξιωθήσονο

392 3875 507 3912 ται.

471 3947 560 4016 ιγ’.
617 3967 636 3999 ι
693 3946 989 4019 Γενηθήτω
1026 3947 1097 4000 τά
1144 3945 1310 4000 τέκνα
1341 3945 1504 3999 αὐτοῦ
1549 3948 1630 4010 εἰς
1665 3946 1980 4018 ἐξολόθρευ-

399 4056 509 4102 σιν,
554 4039 612 4091 ἐν
635 4039 801 4109 γενεᾷ
839 4040 938 4109 μιᾷ
967 4041 1011 4071 ⁹⁹
1035 4036 1384 4107 ἐξαλειφθείη
1425 4036 1486 4089 τὸ
1523 4035 1695 4106 ὄνομα
1731 4036 1922 4090 αὐτοῦ.
1954 4055 1974 4088 ι

398 4130 826 4202 Τεσσαράκοντα
875 4130 986 4201 γὰρ
1030 4130 1091 4182 ού
1141 4128 1459 4182 διελθόντων
1498 4127 1785 4194 ἐνιαυτῶν,
1846 4146 1984 4182 παν-

399 4223 672 4293 ωλεθρίαν
723 4222 1020 4292 ὑπέμεινεν
1046 4223 1075 4275 ὁ
1116 4221 1385 4276 Ἰουδαίων
1432 4220 1582 4287 λαὸς,
1635 4221 1728 4275 καὶ
1762 4221 1863 4275 οὐκ
1901 4219 1984 4273 ἔτι

401 4313 524 4367 καθ’
555 4313 784 4375 ἑαυτοὺς
825 4312 1224 4379 πολιτεύονται,
1248 4312 1370 4366 οὐδὲ
1401 4311 1637 4375 οἰκείους
1666 4311 1851 4383 έχουσι
1887 4312 1987 4384 βα-

405 4403 574 4466 σιλεῖς
614 4421 674 4457 τε
706 4404 802 4457 καλ⁵
823 4402 1120 4473 ἄρχοντας,
1154 4403 1277 4457 οὐδὲ
1298 4402 1738 4475 πολυθρύλλητον
1768 4403 1986 4474 ἐκείνην

2071 3233 2275 3295 nirent,
2315 3240 2371 3286 et
2401 3230 2505 3285 sibi
2540 3227 2905 3282 vindicarent.

2148 3342 2166 3375 ι
2203 3323 2270 3376 Et
2315 3321 2577 3392 diripiant
2634 3317 2796 3372 alieni
2851 3315 3066 3370 labores
3116 3310 3259 3381 ejus.
3301 3306 3497 3381 Heus.
3542 3303 3658 3376 li]

2071 3412 2194 3470 Non
2227 3413 2300 3470 sit
2334 3412 2414 3467 illi
2446 3411 2686 3480 adjutor,
2715 3422 2817 3463 nec
2843 3407 2916 3462 sit
2940 3404 3036 3476 qui
3067 3404 3395 3458 misereatur
3425 3397 3664 3468 pupillo-

2076 3521 2199 3560 rum
2227 3504 2369 3576 ejus.
2409 3522 2429 3556 ι
2484 3502 2580 3558 His
2610 3516 2740 3556 vero
2769 3497 3048 3570 perfectis,
3080 3505 3134 3550 et
3163 3493 3417 3549 hostibus
3451 3503 3541 3544 res
3577 3487 3663 3542 di-

2076 3599 2430 3664 videntibus,
2484 3611 2608 3665 quae
2655 3593 2722 3648 ad
2777 3593 2905 3648 illos
2958 3587 3319 3659 spectabant,
3384 3597 3544 3637 nemo
3583 3581 3663 3635 eis

2079 3687 2297 3755 adjutor
2325 3684 2454 3749 erit,
2488 3696 2665 3752 neque
2695 3695 2886 3734 eorum
2917 3677 3074 3731 liberi
3111 3669 3486 3728 misericordia
3513 3667 3664 3738 digni

2081 3775 2448 3829 habebuntur.

2152 3941 2319 3998 Vens.
2361 3942 2448 3995 13.
2498 3959 2516 3992 ‹
2556 3937 2678 3992 Nati
2717 3937 2840 4007 ejus
2884 3936 3293 4005 exstirpentur:
3333 3931 3388 3986 in
3435 3942 3667 4000 genera-

2084 4036 2228 4091 tione
2282 4051 2389 4088 una
2433 4034 2680 4088 deleatur
2725 4045 2924 4084 nomen
2971 4028 3110 4099 ejus.
3153 4045 3172 4078 ι
3230 4025 3367 4080 Nam
3420 4022 3666 4077 nomium

2084 4128 2444 4199 quadraginta
2480 4125 2641 4180 anuis
2682 4123 2908 4192 elapsis,
2946 4119 3263 4174 Judaaorum
3312 4114 3546 4187 populus
3578 4128 3667 4167 ex-

2086 4230 2313 4276 tremam
2351 4217 2781 4272 internecionem
2828 4213 3012 4269 subiit.
3056 4213 3123 4264 Et
3161 4225 3269 4264 non
3305 4207 3540 4278 amplius
3570 4219 3670 4273 per

2086 4327 2145 4367 se
2182 4312 2326 4380 ipsos
2351 4307 2747 4379 rempublicam
2775 4305 3184 4366 administrant,
3215 4314 3391 4369 neque
3415 4296 3668 4366 proprios

2089 4405 2292 4459 habent
2335 4417 2512 4473 reges,
2571 4408 2626 4454 et
2675 4398 2976 4470 principes,
3019 4409 3196 4464 neque
3249 4387 3663 4446 celeberrimam

407 4495 762 4566 μητρόπολιν,
817 4495 941 4550 οὐδὲ
994 4494 1096 4565 τὴν
1139 4495 1279 4548 κατὰ
1331 4495 1494 4564 νόμον
1530 4493 1838 4548 ἐπιτελοῦσι
1885 4495 1974 4548 λα-

2091 4499 2238 4553 illam
2269 4494 2635 4564 metropolim,
2681 4507 2858 4560 neque
2901 4487 3201 4544 secundum
3249 4485 3419 4554 legem
3458 4479 3669 4534 cultum

403 4587 614 4657 τρείαν,
668 4587 806 4641 ἀλλὰ
848 4586 1060 4657 φροῦδα
1093 4586 1273 4640 πάντα
1310 4587 1514 4653 ἐκεῖνα,
1546 4588 1699 4659 καὶὴ
1733 4587 1987 4654 κιϐωτὸς,

405 4679 501 4732 καὶ
553 4679 610 4731 αἱ
642 4678 871 4742 πλάκες,
902 4679 997 4731 καὶ
1031 4677 1101 4730 τὰ
1130 4677 1237 4730 τῶν
1277 4679 1563 4747 Χερουϐὶμ
1589 4678 1987 4750 ἐκτυπώματα,

404 4771 502 4822 καὶ
541 4769 604 4821 τὸ
634 4769 972 4840 ἱλαστήριον,
994 4770 1088 4822 καὶ
1110 4770 1144 4838 ἡ
1176 4768 1389 4836 λυχνία,
1428 4769 1522 4822 καὶ
1561 4770 1577 4799 ⁸
1605 4768 1666 4821 τὸ
1695 4769 1992 4842 θυσιαστή-

410 4877 549 4931 ριον,
597 4862 692 4914 καὶ
720 4865 754 4932 ἡ
788 4860 1154 4933 ἀρχιερατικὴ
1180 4859 1362 4930 στολὴ,
1377 4860 1490 4918 ,καὶ
1519 4860 1588 4912 τὰ
1621 4860 1761 4914 ἄλλα
1804 4862 1985 4916 πάντα

408 4953 514 5007 ὅσα
560 4953 813 5006 θεόσδοτα
852 4952 984 5024 παρ’
1034 4953 1218 5016 αὐτοῖς
1270 4952 1366 5006 καὶ
1396 4950 1762 5022 περίϐλεπτα.

483 5044 568 5100 ιδ’.
617 5063 636 5098 ι
684 5044 1086 5116 Ἀναμνησθείη
1109 5046 1144 5116 ή
1175 5042 1378 5114 ἀνομία
1397 5043 1506 5096 τῶν
1536 5042 1791 5114 πατέρων
1819 5043 1989 5098 αὑτοῦ

2090 4589 2429 4661 perﬁciunt:
2469 4586 2564 4640 sed
2596 4599 2737 4638 vana
2773 4580 2956 4636 omnia
2997 4581 3085 4633 illa
3132 4585 3280 4640 sunt,
3333 4581 3387 4629 et
3435 4586 3585 4631 arca,
3617 4579 3674 4624 et

2091 4681 2312 4745 tabula},
2365 4684 2418 4732 et
2472 4674 2911 4731 Cherubinorum
2960 4669 3198 4740 efﬁgies,
3252 4673 3306 4720 et
3352 4662 3672 4734 prOpitialu-

2092 4771 2234 4826 rium
2261 4810 2276 4835 ,
2327 4777 2381 4823 et
2428 4765 2818 4822 candelabrum
2846 4802 2860 4826 ,
2921 4771 2975 4816 et
3014 4760 3204 4823 altare,
3242 4762 3296 4810 et
3342 4751 3678 4824 pontiﬁcalis

2097 4863 2280 4926 vestis,
2311 4869 2365 4916 et
2388 4859 2492 4912 alia
2519 4857 2725 4922 omnia,
2750 4869 2871 4925 qua:
2901 4849 3136 4908 illustria
3161 4864 3192 4904 a
3223 4847 3335 4903 Deo
3367 4846 3415 4901 ei
3447 4841 3674 4914 praebita

2097 4955 2338 5009 fuerunt.

2175 5042 2338 5098 Vnus.
2384 5039 2470 5096 M.
2519 5058 2537 5091 ι
2585 5039 2643 5093 1η
2691 5037 3012 5093 memoriam
3057 5034 3244 5090 redeat
3275 5030 3539 5102 iniquitas
3583 5041 3678 5096 pa-

412 5135 595 5190 ἔναντι
629 5136 859 5208 Κυρίου,
891 5137 990 5190 καὶ
1017 5139 1050 5208 ἡ
1081 5135 1328 5208 ἁμαρτία
1357 5135 1460 5205 τῆς
1489 5134 1697 5206 μητρὸς
1722 5136 1890 5189 αὐτοῦ
1917 5137 1974 5206 μί

2104 5143 2247 5190 trum
2278 5134 2401 5204 ejus
2434 5133 2486 5186 in
2526 5139 2820 5201 conspectu
2855 5127 3096 5194 Domini,
3141 5135 3197 5181 et
3242 5131 3525 5194 peccatum
3557 5131 3676 5170 ma-

414 5228 789 5301 ἐξαλειφθείη.
828 5248 848 5282 ι
883 5229 1143 5302 Πατέρων
1181 5227 1350 5299 ἀρετὴ
1395 5227 1660 5292 πολλάκις
1689 5227 1787 5281 καὶ
1812 5227 1998 5298 πλημ-

491 5401 520 5441 r
546 5389 669 5447 Act.
704 5407 744 5456 ι,
778 5390 867 5456 18,
896 5389 989 5444 26.

2101 5227 2202 5282 tris
2229 5226 2350 5297 ejus
2383 5223 2598 5295 1385
2630 5239 2700 5279 ne
2733 5221 3036 5278 deleatur.»
3059 5217 3294 5275 Paterna
3333 5213 3505 5268 virtus
3535 5222 3680 5279 saepe

1467 5477 1705 5535 VARIE
1763 5477 2146 5536 LECTIONES
2191 5479 2278 5534 ET
2314 5479 2545 5536 NOTAE.

491 5597 789 5670 ’θΤἐνος.
829 5602 952 5660 cod.
987 5601 1207 5664 Ιέθνος.
1285 5602 1326 5634 ⁰¹
1357 5601 1504 5670 Μέγ.
1569 5600 1692 5655 cod.
1736 5603 1754 5654 Ι
1816 5601 1895 5654 δέ.

1969 5602 2016 5633 ⁸³
2048 5601 2169 5655 cod.
2290 5600 2530 5671 ᾐνίξατο.

2633 5600 2680 5633 ⁸⁸
2709 5602 2925 5654 Σαλευ.
2979 5609 3190 5665 μεταν.
3235 5591 3402 5647 Hebr.
3437 5592 3680 5665 vagando

423 5689 700 5748 vagentur.
719 5660 958 5748 _'f':__Kai
995 5701 1060 5713 -—
1084 5660 1521 5748 αὐτῶνε-ῌοὺτε
1536 5682 1599 5748 ,ει
1623 5681 1860 5748 quaerant
1909 5669 2137 5740 (stipem)
2168 5687 2194 5724 e
2220 5660 2348 5748 locis
2394 5660 2505 5724 suis
2536 5671 2808 5748 desolatis,
2851 5660 3326 5748 _s_c.ﬂprodeun‘tes.
3352 5745 3361 5748 _
3402 5665 3448 5696 ³⁵
3478 5660 3603 5748 cold.
3625 5660 3674 5748 .1

424 5732 612 5802 assa.
687 5746 734 5777 σε
773 5744 954 5812 Ἐξερ.
985 5742 1250 5812 έαῡτῷ-
1295 5741 1455 5795 "cbr-
1480 5732 1700 5812 NW
1729 5750 1777 5794 ει
1819 5732 1974 5812 fee-'1‘

2075 5758 2085 5768 '
2121 5732 2305 5812 omnia
2331 5757 2446 5810 qum
2491 5753 2614 5812 sunt
2642 5732 2801 5808 ejus.'
2851 5737 2896 5770 ⁹⁷
2938 5732 3176 5812 Πᾴιντα..
3198 5734 3370 5812 Abest
3395 5749 3431 5812 θ’
3455 5732 3575 5788 cod.
3622 5732 3673 5785 1.

428 5819 476 5852 ’⁸
527 5819 743 5873 Ἀντιλ.
780 5803 945 5871 ιιόυῐ.
992 5803 1311 5869 Prona/iens
1349 5803 1626 5882 gratiam-I
1673 5814 1718 5845 99
1750 5803 1884 5879 Μ”ᾇι
1927 5809 1970 5865 Π

2079 5853 2091 5866 .
2124 5803 2352 5865 ιιίιειά.’
2394 5813 2407 5842 ¹
2443 5810 2552 5866 Καὶ
2581 5803 2956 5865 -Ὀυοίασῇ
2999 5803 3124 5863 Des.
3165 5804 3220 5860 in
3247 5803 3371 5862 cod.
3411 5803 3462 5857 1.
