4114 6418
506 347 650 412 1759

1467 349 1966 416 THEODORETI
2031 355 2377 420 EPISCOPI
2432 359 2816 424 CYRENSIS

3633 375 3757 443 1760

505 478 743 518 numero
798 463 965 520 etiam
1018 465 1149 522 filiis
1203 467 1563 536 peccantibus
1592 469 1820 539 profuit,
1853 479 1915 528 ut
1960 471 2073 530 fide:

2201 473 2546 546 μελήσαντας
2579 476 2759 549 ὤνησε
2801 477 3020 548 παῖδας,
3063 477 3140 544 ώς
3176 479 3308 545 τοὺς
3347 482 3626 551 Ἰουδαίους
3673 493 3756 545 τοῦ

504 553 809 610 Abrahami
863 553 1088 624 Iudaeis,
1151 565 1207 613 et
1267 556 1489 616 Davidis
1544 561 1722 631 pietas
1785 563 2090 621 Salomoni.

509 644 616 700 Sed
667 647 907 713 pravitas
948 658 1168 716 patrum
1203 647 1330 704 ﬁliis
1363 649 1640 708 similibus
1675 667 1894 723 pinnam
1927 670 2094 727 ange—

507 733 626 787 bit:
665 735 793 804 quia
838 737 990 792 nullo
1017 751 1086 792 ex
1122 737 1244 794 loco
1293 739 1693 798 misericordia:
1729 745 1951 802 occasio
1983 746 2089 802 ulla

506 826 833 881 invenietur.
868 825 985 883 Hoc
1025 828 1195 899 igitur
1233 831 1456 889 divinus
1488 848 1672 890 sermo
1701 835 1834 893 dicit
1865 856 1879 893 :
1908 836 2089 894 Judaei

507 925 813 972 extremum
861 919 1094 974 exitium
1150 921 1526 990 perferentes,
1591 938 1791 996 praeter
1838 929 2090 999 proprias

508 1007 836 1076 impietates,
867 1009 1029 1064 etiam
1062 1012 1133 1066 ob
1169 1014 1494 1070 memet-iam
1524 1027 1876 1087 paternorum
1909 1021 2084 1076 malo-

506 1111 630 1151 rum
657 1102 673 1119 ⁴
704 1099 901 1168 majori
925 1103 1306 1160 exsecratione
1335 1105 1485 1176 digni
1513 1108 1864 1165 videbuntur.
1895 1111 2086 1168 Patres

505 1189 710 1258 quippe
751 1189 972 1244 illorum
1004 1201 1164 1247 vocat
1205 1208 1322 1260 eos,
1365 1196 1462 1265 qui
1502 1197 1556 1253 in
1589 1199 1886 1256 solitudine
1922 1202 2088 1274 impie

501 1288 754 1348 egerunt,
801 1290 856 1336 et
900 1297 996 1337 eos
1041 1283 1134 1352 qui
1177 1291 1422 1354 tempore
1453 1285 1708 1344 Judicum
1755 1301 1809 1347 et
1853 1292 2082 1363 Regum,

497 1377 552 1423 et
585 1371 680 1440 qui
727 1381 853 1442 post
887 1373 1126 1428 reditum
1175 1389 1207 1430 e
1243 1374 1527 1446 Babylone
1575 1380 1762 1450 inique
1803 1384 2078 1442 vixerunt.

499 1458 728 1514 Matrem
764 1476 892 1516 vero
926 1462 1004 1515 ait
1036 1462 1486 1537 Hierosolymam,
1525 1469 1580 1524 in
1609 1487 1716 1539 qua
1744 1474 1927 1531 scelus
1956 1491 2082 1546 par-

495 1552 679 1606 ricidii
732 1553 788 1607 in
831 1551 1124 1610 Dominum
1175 1555 1454 1614 Christum
1493 1569 1714 1630 patrare
1761 1565 1883 1621 ausi
1927 1575 2076 1624 sunt.

504 1640 623 1698 Hoc
648 1642 792 1697 enim
823 1644 1090 1701 Dominus
1119 1648 1291 1704 sacris
1317 1649 1373 1703 in
1402 1649 1714 1722 Evangeliis
1740 1654 1879 1711 dixit
1908 1674 1924 1712 :
1957 1674 1976 1709 ι
2009 1657 2079 1715 Ut

2206 562 2463 638 Ἀϐραὰμ
2491 568 2525 637 ἠ
2566 568 2774 635 πίστις,
2824 567 2902 634 ὡς
2945 569 3039 624 τὸν
3070 570 3396 644 Σολομῶντα
3426 576 3517 630 τοῦ
3555 580 3764 648 Δαϐὶδὴ

2190 653 2466 712 εὐσέϐεια,
2508 658 2754 730 Πονηρία
2803 656 2861 714 δὲ
2891 661 3150 732 πατέρων
3189 665 3304 727 τοῖς
3333 664 3542 736 ὁμοίοις
3584 673 3760 724 παισὶν

2191 745 2420 812 ὲπαύξει
2464 747 2566 820 τὴν
2611 751 2918 822 τιμωρίαν·
2949 752 3180 823 οὐδεμία
3205 753 3317 824 γὰρ
3347 755 3640 827 οὐδαμόθεν
3671 763 3756 816 εὐο

2192 841 2445 910 ρίσκεται
2495 842 2716 913 φειδοῦς
2749 847 2998 918 ἀφορμή.
3037 846 3212 902 Τοῦτο
3243 850 3425 904 τοίνυν
3464 852 3558 906 καὶ
3583 855 3611 906 ὀ
3637 871 3759 926 ’προ⁴

2189 933 2422 1004 φητικὺς
2472 934 2578 1006 ἔφη
2634 936 2812 1005 λόγος,
2850 937 2935 991 ὅτι
2970 937 3220 994 Ἰουδαῖοι
3253 941 3354 1013 τὴν
3389 944 3757 1016 πανωλεθρίαν

2189 1025 2556 1096 ὑπομένοντες
2581 1029 2716 1100 πρὸς
2741 1033 2860 1095 ταῖς
2880 1031 3112 1096 οἰκείαις
3133 1034 3415 1099 ἀσεϐείαις
3440 1039 3506 1108 τῇ
3531 1039 3552 1069 .
3579 1040 3759 1113 μνήμῃ

2186 1117 2298 1171 τῶν
2324 1119 2603 1191 πατρῴων
2635 1123 2822 1176 κακῶν
2852 1125 3184 1194 φανήσονται
3213 1126 3621 1200 βδελυρώτεροι.
3647 1135 3758 1186 Πα-

2187 1209 2362 1276 τέρας
2408 1211 2466 1264 δὲ
2496 1211 2679 1267 αὐτῶν
2711 1213 2870 1268 καλεῖ
2903 1216 3031 1280 τοὺς
3061 1217 3121 1269 ὲν
3155 1220 3221 1290 τῇ
3245 1219 3439 1291 ἐρήμῳ
3471 1224 3536 1296 τῇ
3573 1222 3757 1276 δυσσε-

2185 1297 2311 1370 Eata
2339 1302 2740 1373 χρησαμένους,
2788 1305 2918 1370 τούς
2943 1305 3040 1360 ἐπὶ
3085 1308 3198 1362 τῶν
3236 1310 3480 1381 Κριτῶν,
3509 1313 3634 1376 τοὺς
3671 1315 3756 1368 ἐπὶ

2183 1389 2291 1443 τῶν
2323 1389 2619 1460 Βασιλέων,
2651 1396 2779 1460 τοὺς
2815 1397 2954 1467 μετὰ
2982 1397 3082 1469 τὴν
3111 1400 3221 1454 ἀπὸ
3249 1401 3571 1468 Βαϐυλῶνος
3599 1406 3756 1460 ἐπάν-

2182 1481 2303 1534 οδον
2369 1487 2689 1558 παρανομίᾳ
2769 1489 3158 1560 συζήσαντας⁸
3185 1506 3200 1522 ⁶
3257 1494 3489 1563 μητέρα
3553 1497 3608 1550 δὲ
3664 1499 3755 1566 τὴν

2187 1569 2557 1643 Ἰερουσαλὴμ
2612 1573 2719 1646 ἔφη
2753 1575 2809 1609 ⁵ο
2840 1578 2899 1630 ὲν
3039 1580 3141 1649 τῆς
3179 1581 3325 1635 κατὰ
3353 1582 3451 1635 τοῦ
3495 1586 3752 1639 Δεσπότου

2180 1661 2420 1734 Χριστοῦ
2454 1666 2775 1736 μιαιφονίας
2802 1667 3080 1742 ἐτολμήθη
3108 1673 3169 1726 τδ
3199 1674 3390 1744 μύσος.
3415 1675 3584 1729 Τοῦτο
3604 1679 3706 1748 γὰρ
3733 1679 3751 1710 ⁸

495 1735 680 1788 veniat
729 1750 897 1806 super
957 1738 1364 1806 generationem
1427 1741 1570 1800 hanc
1611 1745 1794 1802 omnis
1849 1748 2073 1820 sanguis

2178 1755 2208 1807 ὁ
2234 1755 2440 1827 Κύριος
2469 1760 2528 1811 ὲν
2546 1735 2659 1824 τοῖς
2679 1735 3037 1831 Εὐαγγελ-ίοις
3059 1735 3166 1835 ἐφη
3192 1735 3213 1797 ί
3235 1787 3254 1819 ι
3268 1735 3460 1832 Ὅπως
3478 1769 3543 1824 ἂν
3564 1735 3749 1841 ἐπέλθῃ

494 1823 784 1893 innocens,
821 1827 916 1897 qui
949 1827 1158 1885 ell'usus
1186 1839 1269 1886 est
1300 1846 1467 1902 super
1501 1842 1703 1890 terram
1746 1851 1779 1893 a
1810 1841 2073 1910 sanguine

2181 1845 2275 1898 ἐπὶ
2313 1823 2415 1917 τὴν
2464 1823 2661 1917 γενεὰν
2692 1823 2900 1924 ταύτην
2932 1823 3044 1908 πᾶν
3082 1823 3222 1926 αἷμα
3251 1823 3749 1931 άθῶονΐὲκχυνόμεῗ

492 1916 682 1971 Abelis
727 1917 860 1987 justi
910 1935 1086 1990 usque
1120 1921 1189 1976 ad
1232 1923 1555 1995 sanguinem
1583 1925 1880 1996 Zachariae,
1912 1946 2076 2001 quem

492 2008 818 2064 occiderunt
864 2010 1008 2066 inter
1056 2014 1319 2083 templum
1365 2025 1421 2072 et
1470 2017 1641 2074 altare
1661 2029 1711 2072 τι.
1749 2037 1770 2072 ι
1817 2019 2076 2079 Omnium

491 2100 638 2154 enim
679 2101 869 2156 eodem
897 2115 1140 2174 tempore
1168 2121 1362 2176 plenas
1386 2109 1644 2179 pendent.

559 2281 727 2340 Vens.
770 2286 859 2342 15.
907 2305 928 2340 ι
964 2285 1090 2345 Sint
1122 2304 1314 2346 coram
1347 2288 1580 2348 Domino
1608 2307 1850 2364 semper,
1884 2303 1940 2352 et
1970 2283 2077 2354 dis;

487 2386 678 2444 pereat
707 2377 776 2434 de
806 2388 949 2435 terra
987 2383 1252 2438 memoria
1296 2398 1514 2439 eorum.
1556 2383 1760 2443 Omnes
1788 2388 1958 2457 enim,
1991 2389 2078 2446 in-

486 2468 625 2536 quit,
674 2469 990 2538 iniquitates
1030 2488 1171 2542 quas
1218 2475 1342 2530 ausi
1393 2484 1544 2544 sunt,
1594 2492 1812 2549 semper
1853 2479 2075 2538 intuens

487 2556 654 2620 Deus,
691 2561 837 2614 nulla
872 2563 1247 2620 misericordia
1273 2581 1370 2623 eos
1393 2567 1732 2642 dignabitur,
1777 2572 1871 2627 sed
1904 2573 2075 2629 inter-

486 2649 722 2706 necione
745 2652 870 2710 illos
899 2656 1172 2712 multabit.
1216 2657 1284 2714 Et
1309 2659 1437 2716 hinc
1460 2668 1630 2732 patet,
1686 2663 1832 2732 quod
1865 2679 1974 2720 non
2007 2665 2074 2723 de

484 2738 621 2795 Iuda
655 2750 888 2812 tantum,
914 2747 1008 2802 sed
1029 2749 1097 2804 de
1113 2751 1371 2808 omnibus
1389 2753 1706 2809 infidelibus
1735 2754 1852 2810 haec
1879 2771 2071 2813 narra-

483 2834 669 2888 verit:
704 2829 1149 2910 quandoquidem
1189 2843 1260 2898 ab
1306 2845 1470 2901 unico
1506 2845 1573 2901 ad
1620 2847 1826 2905 multos
1869 2851 2073 2906 oratio-

482 2940 606 2980 nem
653 2929 935 2986 transfert.
966 2931 1086 2988 Non
1132 2934 1279 2991 enim
1323 2936 1440 3008 jam
1492 2939 1633 2995 dixit
1661 2941 1798 3010 ejus,
1846 2943 1940 2998 sed
1985 2960 2071 2998 eo-

376 3048 383 3053 -
480 3032 622 3073 ΐκηι.

556 3113 773 3186 1386
799 3114 968 3174 Vens.
1011 3120 1100 3186 l6,
1137 3121 1227 3178 17.
1272 3138 1293 3176 ι
1333 3123 1440 3181 Pro
1465 3140 1532 3182 eo
1561 3129 1707 3198 quod
1730 3143 1840 3186 non
1865 3140 1951 3188 est
1974 3147 2062 3188 re-

483 3205 742 3261 cordatus
763 3208 1202 3268 misericordiam
1230 3215 1510 3274 exhibere.
1544 3217 1610 3274 Et
1632 3231 1957 3290 persecutus
1980 3232 2066 3279 est

481 3294 763 3352 hominem
807 3300 1022 3371 inopem
1061 3312 1115 3358 et
1169 3307 1504 3377 mendicum,
1563 3319 1618 3366 et
1673 3321 2061 3382 compunctum

476 3385 645 3439 corde
667 3396 726 3441 ut
771 3388 1082 3447 interficiat.
1108 3411 1127 3444 ι
1158 3391 1285 3450 Hzec
1302 3403 1506 3463 autem,
1528 3398 1728 3468 inquit,
1754 3402 2062 3470 patiuntur,

477 3475 628 3544 quod
661 3478 963 3535 crudeliter
983 3489 1037 3536 et
1065 3482 1303 3539 ferarum
1331 3485 1508 3542 instar
1532 3489 1888 3558 parricidium
1921 3507 2067 3548 com-
2112 3551 2117 3557 ,

477 3563 757 3634 miserint,
791 3577 848 3624 et
873 3585 1023 3638 eum,
1073 3573 1168 3643 qui
1208 3575 1360 3630 omni
1403 3579 1781 3636 moderatione
1816 3591 1870 3637 et
1915 3597 2067 3637 man-

475 3657 774 3713 suetudine
829 3677 968 3719 usus
1016 3675 1136 3732 est,
1196 3667 1265 3722 ad
1317 3683 1506 3724 necem
1565 3687 1742 3742 usque
1788 3675 2062 3743 persecuti

475 3747 702 3804 fuerint.
738 3749 806 3805 Et
846 3752 963 3810 hate
998 3755 1297 3826 Apostolus
1325 3759 1642 3817 testimonio
1679 3779 1782 3820 suo
1810 3779 2062 3838 compro-

473 3841 590 3911 bat,
643 3852 699 3900 et
748 3845 868 3918 ipse
914 3849 1082 3906 etiam
1132 3854 1422 3911 Dominus.
1471 3858 1777 3928 Apostolus
1839 3861 2060 3931 quidem

473 3937 833 3994 exclamans:
893 3959 914 3992 ι
950 3941 1056 4008 Qui
1108 3958 1233 4001 eum
1287 3956 1433 4004 esset
1478 3948 1652 4018 dives,
1693 3961 1917 4023 propter
1959 3967 2060 4010 nos

470 4040 674 4097 egenus
724 4027 903 4088 factus
954 4041 1058 4101 est,
1108 4044 1170 4092 ut
1225 4037 1373 4095 illius
1423 4040 1607 4111 inopia
1658 4042 1859 4100 divites
1907 4058 2059 4100 essc-

471 4126 654 4174 ntus'.
691 4137 711 4172 ι
745 4119 811 4176 Ει
837 4138 1032 4182 rursus
1066 4142 1080 4178 :
1121 4144 1142 4180 ι
1179 4127 1438 4194 Quicum
1477 4129 1714 4188 formam
1759 4133 1854 4190 Dei
1895 4135 2059 4190 habe-

471 4218 574 4275 ret,
610 4226 717 4267 non
758 4215 1006 4284 rapinam
1035 4218 1334 4277 arbitratus
1387 4231 1474 4278 est
1516 4239 1578 4280 se
1622 4239 1745 4281 esse
1788 4226 2054 4296 aequalem

470 4298 603 4362 Deo,
633 4301 726 4355 sed
761 4304 1116 4375 semetipsum
1159 4307 1482 4378 exinanivit,
1525 4309 1758 4368 formam
1790 4315 1933 4371 servi
1965 4330 2059 4371 ac-

2179 1955 2271 1993 vov
2326 1940 2419 1995 ὲπὶ
2448 1942 2552 2012 τῆς
2605 1944 2735 2015 γῆς,
2777 1946 2887 2001 ἀπὺ
2936 1948 3032 2002 τοῦ
3088 1949 3325 2020 αἵματος
3358 1953 3525 2006 Ἅϐελ
3559 1955 3650 2008 τοῦ
3675 1955 3750 2009 δι-

2179 2029 2362 2098 καίου,
2388 2031 2495 2096 ἕως
2521 2032 2613 2088 τοῦ
2643 2035 2880 2106 αἵματος
2908 2039 3200 2110 Ζαχαρίου,
3224 2042 3245 2073 ⁸
3264 2036 3324 2096 οὗ
3347 2043 3638 2112 ἐφόνευσαν
3662 2063 3748 2116 με-

2177 2120 2310 2187 ταξύ
2349 2125 2445 2178 τοῦ
2488 2127 2746 2182 ναοῦκαὶ
2771 2130 2868 2184 τοῦ
2899 2129 3314 2203 θυσιαστηρίου.
3343 2152 3364 2186 ι
3394 2135 3618 2191 Πάντων
3646 2137 3750 2210 γὰρ

2179 2212 2322 2266 κατὰ
2352 2216 2550 2270 ταυτὸν
2569 2217 2782 2272 τίσουσι
2810 2219 2988 2285 δίκας.

2251 2296 2333 2352 ιε’.
2382 2319 2401 2352 ι
2453 2301 2847 2375 Γενηθήτωσαν
2896 2306 3142 2363 ἐναντίον
3194 2312 3406 2384 Κυρίου
3442 2313 3746 2380 διαπαντὸς,

2175 2386 2273 2441 καὶ
2317 2388 2729 2466 ὲξολοθρευθείη
2775 2395 2843 2450 ὲκ
2884 2397 2988 2468 γῆς
3014 2399 3076 2452 τὸ
3117 2402 3464 2473 μνημόσυνον
3499 2403 3695 2457 αὐτῶν.
3725 2421 3742 2453 ι

2174 2477 2362 2534 Πάντα
2411 2481 2541 2552 γὰρ,
2575 2485 2728 2556 φησὶ,
2761 2485 2832 2540 τά
2869 2487 2960 2541 ὑπ’
2986 2489 3170 2545 αὐτῶν
3198 2492 3546 2565 τολμηθέντα
3576 2496 3746 2566 παρά-

2172 2585 2314 2642 νομα
2343 2572 2432 2626 ἀεὶ
2466 2573 2739 2645 θεώμενος
2769 2577 2798 2630 ό
2824 2579 2978 2647 Θεὸς,
3010 2581 3273 2653 οὐδεμιᾶς
3301 2585 3504 2650 αὐτοὺς
3535 2587 3747 2652 ἀξιώσει

2171 2658 2413 2728 φειδοῦς,
2449 2661 2589 2718 ἀλλὰ
2615 2665 2968 2738 πανωλεθρίᾳ
2992 2670 3330 2741 παραδώσει.
3363 2673 3478 2726 Καὶ
3508 2671 3748 2726 ἐντεῦθεν

2173 2749 2359 2820 μέντοι
2410 2750 2590 2822 δῆλον,
2645 2752 2724 2817 ώς
2769 2754 2831 2807 οὐ
2880 2757 3012 2827 περὶ
3065 2759 3229 2828 μόνου
3262 2759 3356 2813 τοῦ
3389 2761 3582 2828 Ἰούδα,
3617 2760 3746 2815 ἀλλὰ

2170 2838 2300 2910 περὶ
2343 2837 2566 2895 πάντων
2615 2841 2636 2874 ⁷
2673 2843 3062 2915 ὴπιστηκότων
3102 2846 3280 2901 ταῦτα
3334 2849 3574 2919 διῆλθεν.
3620 2850 3747 2903 Ἀπὸ

2167 2931 2278 3002 γὰρ
2305 2930 2488 2985 ἑνικοῦ
2518 2933 2840 3003 προσώπου,
2876 2937 2972 2990 ἐπὶ
2997 2937 3058 2990 τὸ
3077 2937 3450 3011 πληθυντικὸν
3477 2942 3569 2995 τὸν
3599 2941 3746 3010 λόγον

2095 3067 2138 3127 c
2174 3026 2531 3098 μετήνεγκεν.
2565 3028 2760 3083 Οὐκέτι
2813 3029 2922 3102 γὰρ
2949 3025 3104 3088 εἶπεν
3136 3035 3348 3100 αὑτοῦ,
3383 3035 3501 3090 ἀλλ’
3533 3034 3742 3090 αὐτῶν.

2245 3116 2342 3182 ις’,
2377 3119 2462 3183 ιζ’.
2509 3137 2529 3171 ι
2576 3119 2718 3174 Ἀνθ’
2747 3117 2824 3174 ὧν
2865 3118 2966 3176 οὒκ
3011 3124 3261 3196 ἐμνήσθη
3315 3127 3542 3198 ποιῆσαι
3581 3127 3764 3188 ἔλεος..

2166 3207 2278 3261 Καὶ
2317 3210 2644 3277 κατεδίωξεν
2667 3211 2956 3283 ἄνθρωπον
2993 3215 3226 3286 πένητα,
3267 3219 3362 3272 καὶ
3393 3219 3630 3290 πτωχὸν,
3655 3218 3744 3270 καὶ

2165 3303 2638 3372 κατανενυγμένον
2665 3306 2733 3375 τῇ
2776 3305 2978 3377 καρδίᾳ
3005 3306 3101 3360 τοῦ
3137 3307 3477 3366 θανατῶσαι.
3517 3328 3536 3361 ι
3569 3306 3743 3362 Ταῦτα

2164 3390 2241 3456 δὲ,
2275 3393 2432 3464 φησὶ,
2461 3394 2767 3464 πείσονται,
2816 3397 3046 3469 ἀπηνῶς
3076 3399 3172 3453 καὶ
3200 3399 3486 3472 θηριωδῶς
3507 3403 3574 3473 τῇ
3604 3416 3743 3472 μιαι-

2165 3482 2326 3552 φονίᾳ
2371 3483 2739 3554 χρησάμενοι,
2790 3487 2884 3541 καὶ
2923 3487 3016 3541 τὸν
3069 3489 3222 3562 πάσῃ
3271 3493 3621 3564 χρησάμενον
3653 3507 3743 3562 με·

2162 3573 2410 3644 τριότητι
2465 3576 2562 3629 καὶ
2612 3577 2886 3648 πραότητι
2935 3577 3101 3652 μέχρι
3154 3580 3388 3637 θανάτου
3436 3582 3738 3649 διώξαντες.

2163 3663 2389 3727 Τούτοις
2426 3665 2860 3732 καὶἈπόστολος
2890 3671 3194 3744 μαρτυρεῖ⁸
3215 3671 3420 3741 λόγοις,
3455 3675 3552 3728 καὶ
3585 3672 3742 3736 αὐτὸς

2161 3758 2191 3811 ό
2222 3758 2502 3830 Δεσπότης
2522 3775 2536 3793 ο
2557 3760 2588 3814 ὁ
2623 3760 2725 3832 μὲν
2771 3761 3097 3828 Ἀπόστολος
3126 3763 3284 3834 βοῶν·
3320 3783 3341 3817 t
3378 3767 3476 3830 Ὃς
3504 3766 3572 3820 δι’
3601 3766 3743 3836 ἡμᾶς

2163 3847 2483 3920 ὲπτώχευσε
2527 3851 2785 3917 πλούσιος
2810 3851 2910 3919 ὢν,
2942 3853 3033 3909 ἵνα
3064 3855 3228 3927 ἡμεῖς
3255 3857 3322 3928 τῇ
3359 3857 3573 3912 ἐκείνου
3603 3873 3743 3909 πτω·

2160 3939 2283 4011 χείᾳ
2315 3940 2709 4012 πλουτήσωμεν
2730 3959 2744 3974 ·
2779 3960 2798 3995 ι
2821 3943 2916 3998 καὶ
2940 3943 3126 4000 πάλιν⁹
3155 3963 3175 3997 ι
3204 3946 3300 4009 ὐς
3317 3947 3376 4000 ὲν
3413 3949 3594 4019 μορφῇ
3613 3941 3737 3998 Θεοῦ

2160 4033 2442 4104 ὑπάρχων,
2476 4035 2575 4106 οὐχ
2611 4035 2910 4107 ἁρπαγμὸν
2937 4036 3186 4108 ἡγήσατο
3217 4038 3278 4092 τὸ
3307 4035 3450 4094 εἶναι
3483 4039 3574 4092 (aa
3601 4035 3733 4108 Θεῷ,

2159 4123 2278 4178 ἀλλ’
2293 4123 2488 4180 ἑαυτὸν
2507 4125 2745 4180 ὲκένωσε
2762 4126 2976 4199 μορφήν
3009 4127 3199 4182 δούλου
3224 4127 3429 4184 λαϐών·
3458 4148 3478 4182 ι
3499 4132 3528 4184 ὁ
3554 4129 3609 4183 δὲ
3630 4127 3739 4182 Κύ-

2161 4234 2277 4289 ριος
2298 4215 2395 4272 νῦν
2426 4217 2525 4289 μέν
2565 4219 2760 4290 φησιν
2800 4219 3061 4275 «mem
3104 4220 3201 4274 ἀπ’
3243 4220 3402 4289 ἐμοῦ,
3435 4221 3520 4275 ὅτι
3573 4217 3739 4291 πρᾶός

2159 4309 2404 4379 είμι,καλ⁵
2429 4310 2685 4374 ταπεινὸς
2715 4312 2782 4383 τῇ
2809 4311 3010 4383 καρδίᾳ
3035 4311 3129 4366 καὶ
3154 4311 3420 4383 εὐρήσετε
3441 4314 3738 4369 ἀνάπαυσιν

472 4389 681 4460 cipiens
707 4399 755 4448 ⁸.
799 4412 820 4448 ι
875 4393 946 4451 Ει
979 4397 1247 4457 Dominus
1291 4417 1436 4458 nunc
1480 4403 1702 4472 quidem
1753 4407 1870 4462 ait:
1914 4425 1933 4460 ι
1968 4405 2056 4463 Di-

2172 4403 2278 4464 ιαῖς
2303 4402 2504 4474 ψυχαῖς
2529 4401 2686 4473 ὐμῶν
2711 4417 2726 4432 ·
2763 4420 2784 4455 t
2811 4401 2906 4458 νῦν
2931 4402 3019 4457 δέ’
3055 4421 3075 4455 ι
3105 4405 3172 4457 Al
3198 4403 3488 4468 ἀλώπεκες
3509 4401 3739 4475 φωλεοὺς

472 4481 609 4537 scite
639 4499 669 4538 a
706 4500 813 4552 me,
854 4488 983 4558 quia
1014 4490 1164 4547 mitis
1213 4508 1359 4566 sum,
1411 4503 1468 4550 et
1503 4495 1731 4553 humilis
1767 4499 1955 4565 corde,
1999 4509 2054 4557 et

2172 4491 2357 4564 ἑχουσι,
2385 4493 2481 4547 καὶ
2507 4492 2734 4547 πετεινά
2752 4492 2845 4547 τοῦ
2874 4493 3109 4567 οὐρανοῦ
3137 4493 3591 4564 κατασκηνώσεις
3612 4508 3627 4523 ·
3644 4488 3738 4549 ὁδὲ

471 4571 763 4632 invenietis
801 4581 1046 4650 requiem
1072 4597 1172 4652 pro
1197 4563 1490 4644 animabus
1519 4589 1718 4644 vestris
1747 4589 1765 4626 ⁸
1797 4607 1812 4656 ;
1849 4608 1868 4641 ι
1903 4605 2052 4647 nunc

2172 4563 2270 4650 ιίὸς
2316 4587 2410 4640 τοῦ
2454 4585 2745 4657 ἀνθρώπου
2807 4586 2910 4642 οὐκ
2944 4563 3092 4658 ⁷ἔχει
3155 4585 3263 4642 ποῦ
3335 4589 3438 4661 τὴν
3499 4583 3736 4657 κεφαλήν

470 4678 644 4720 vero:
696 4685 715 4719 ι
755 4667 958 4740 Vulpes
1011 4670 1198 4732 foveas
1247 4677 1470 4745 habent,
1517 4689 1572 4735 et
1617 4680 1870 4738 volucres
1923 4683 2049 4738 εαξιί

2172 4677 2309 4751 ιλίνῃ
2345 4679 2427 4734 ¹⁰.
2465 4697 2485 4732 ι

471 4757 651 4825 nidos,
679 4759 849 4818 Filius
877 4774 1059 4821 autem
1087 4768 1328 4826 hominis
1361 4786 1470 4826 non
1499 4772 1663 4829 habet
1692 4773 1785 4830 ubi
1816 4774 2044 4832 reclinet

355 4912 362 4919 .
469 4858 634 4919 caput
663 4863 879 4910 suum“.
923 4874 942 4909 ι

518 4937 704 5009 ,Vsns.
748 4942 834 4998 l8.
881 4963 900 4998 ι
946 4945 1013 5004 Ει
1039 4949 1234 5008 dilexit
1275 4953 1743 5026 maledictionem,
1780 4965 1835 5012 et
1863 4955 2048 5013 veniet

469 5023 521 5081 ei
562 5041 580 5083 :
623 5038 680 5084 et
716 5031 894 5089 noluit
938 5035 1402 5107 benedictionem,
1463 5052 1521 5100 et
1577 5023 1924 5117 elongabitur
1975 5044 2045 5102 ab

467 5217 783 5348 ιιειέὲειιιιι.
815 5242 974 5297 xxut,
1006 5229 1096 5286 35.
1175 5241 1198 5271 τ
1239 5232 1285 5290 ll
1310 5234 1438 5292 Cor.
1469 5253 1586 5305 vut,
1617 5240 1671 5296 9.

529 5326 547 5357 ι
577 5326 666 5348 vv.

455 5406 466 5444 ι

1787 5248 1808 5276 ³
1841 5239 2073 5312 Philipp.
2100 5255 2163 5306 ιι,
2189 5239 2242 5306 6,
2272 5240 2326 5293 7.

2229 4961 2320 5026 ιη’.
2365 4971 2384 5005 ι
2421 4950 2532 5007 Kal.
2560 4932 2819 5022 ἠγάπησε
2848 4949 3123 5020 κατάραν,
3166 4946 3263 5002 καὶ
3294 4947 3419 5019 ἥξει
3445 4945 3620 5018 αὐτῷ,
3649 4943 3737 4999 καὶ

2157 5043 2259 5100 οὐκ
2302 5042 2568 5115 ἠθέλησεν
2607 5040 2885 5110 εὐλογίαν,
2909 5039 3006 5094 καὶ⁸
3037 5037 3494 5109 μακρυνθήσεται
3521 5036 3618 5092 ἀπ’
3644 5035 3735 5088 αὐ-

2445 5239 2465 5276 τ
2499 5234 2788 5305 Matth.xr,
2827 5234 2919 5292 29.
2995 5245 3024 5275 ιι
3056 5232 3249 5323 Matth.
3282 5249 3402 5301 vm,
3436 5233 3554 5298 ‘20;
3596 5228 3725 5284 Luc.

1533 5438 1764 5496 VARUS
1811 5441 2200 5500 LECTIONES
2236 5442 2324 5500 ET
2352 5442 2587 5502 NOTAE.

536 5576 694 5667 "Ti‘i.
718 5581 846 5667 ⁸ςῑοιὶ.
889 5584 924 5667 i_
955 5601 1145 5667 praem.
1187 5589 1302 5647 καί.
1369 5589 1399 5667 ’³
1427 5591 1548 5667 cod.
1593 5593 1641 5667 _l_
1699 5593 1994 5667 συζῶντας.
2068 5599 2073 5624 ⁴

2172 5601 2298 5667 aen.
2345 5598 2514 5654 Abest
2550 5613 2582 5653 a
2628 5597 2752 5653 cod.
2793 5597 2820 5652 ι
2899 5598 2920 5632 ι
2948 5597 3099 5664 Γάρ.
3152 5599 3276 5653 cod.
3308 5597 3333 5651 ι
3368 5596 3485 5653 και.
3565 5581 3726 5667 σοῦ’

469 5643 594 5722 φᾶ.
715 5650 794 5722 όν.
825 5719 835 5722 _
903 5653 924 5685 '
957 5643 1225 5714 Πάντων.
1284 5643 1406 5718 cod.
1440 5643 1478 5714 il
1503 5643 1666 5719 radii.

477 5713 522 5747 '°
555 5717 678 5774 cod.
720 5719 745 5772 1
789 5719 986 5777 κλῖναι.

1963 5668 1984 5699 ⁸
2014 5668 2247 5737 Λόγοις.
2283 5673 2402 5727 cod.
2455 5669 2477 5723 1
2533 5668 2660 5730 add.
2700 5670 2838 5732 τοῖς.

2950 5669 2971 5701 ⁸
3006 5663 3184 5737 (linat.
3222 5667 3414 5724 Abest.
3444 5685 3478 5724 a
3508 5665 3631 5724 cod.
3676 5663 3722 5716 l-
