  <div class='ocr_page' id='page_1' title='image "/cluster/home/n/w/nwhite01/storage/ocr_20150623/80:no.1/coo.31924054869817/888.png"; bbox 0 0 4114 6484; ppageno 0'>
   <div class='ocr_carea' id='block_1_1' title="bbox 439 390 572 459">
    <p class='ocr_par' dir='ltr' id='par_1_1' title="bbox 439 390 572 459">
     <span class='ocr_line' id='line_1_1' title="bbox 439 390 572 459; baseline -0.008 0"><span class='ocrx_word' id='word_1_1' title='bbox 439 390 572 459; x_wconf 82' lang='lat'><strong>1761</strong></span> 
     </span>
    </p>
   </div>
   <div class='ocr_carea' id='block_1_2' title="bbox 1649 400 2357 465">
    <p class='ocr_par' dir='ltr' id='par_1_2' title="bbox 1649 400 2357 465">
     <span class='ocr_line' id='line_1_2' title="bbox 1649 400 2357 465; baseline 0.001 -1"><span class='ocrx_word' id='word_1_2' title='bbox 1649 451 1660 464; x_wconf 75' lang='grc'><strong>.</strong></span> <span class='ocrx_word' id='word_1_3' title='bbox 1774 400 1857 462; x_wconf 88' lang='lat' dir='ltr'><strong>IN</strong></span> <span class='ocrx_word' id='word_1_4' title='bbox 1905 402 2111 463; x_wconf 87' lang='lat' dir='ltr'><strong>PSAL.</strong></span> <span class='ocrx_word' id='word_1_5' title='bbox 2149 403 2357 465; x_wconf 86' lang='lat' dir='ltr'><strong>CVIII.</strong></span> 
     </span>
    </p>
   </div>
   <div class='ocr_carea' id='block_1_3' title="bbox 3584 409 3720 482">
    <p class='ocr_par' dir='ltr' id='par_1_3' title="bbox 3584 409 3720 482">
     <span class='ocr_line' id='line_1_3' title="bbox 3584 409 3720 482; baseline -0.022 -4"><span class='ocrx_word' id='word_1_6' title='bbox 3584 409 3720 482; x_wconf 73' lang='lat'><strong>176?.</strong></span> 
     </span>
    </p>
   </div>
   <div class='ocr_carea' id='block_1_4' title="bbox 430 500 2025 592">
    <p class='ocr_par' dir='ltr' id='par_1_4' title="bbox 430 500 2025 582">
     <span class='ocr_line' id='line_1_4' title="bbox 430 500 2025 582; baseline 0.006 -26"><span class='ocrx_word' id='word_1_7' title='bbox 430 503 553 558; x_wconf 87' lang='lat'><strong>106.</strong></span> <span class='ocrx_word' id='word_1_8' title='bbox 609 521 630 553; x_wconf 71' lang='grc' dir='ltr'><strong>ι</strong></span> <span class='ocrx_word' id='word_1_9' title='bbox 675 500 950 558; x_wconf 79' lang='grc' dir='ltr'><strong>Ἐνταῦθα</strong></span> <span class='ocrx_word' id='word_1_10' title='bbox 1005 504 1195 574; x_wconf 78' lang='grc' dir='ltr'>σαφῶς</span> <span class='ocrx_word' id='word_1_11' title='bbox 1232 504 1294 559; x_wconf 89' lang='grc' dir='ltr'><strong>τδ</strong></span> <span class='ocrx_word' id='word_1_12' title='bbox 1347 505 1604 562; x_wconf 74' lang='grc' dir='ltr'><strong>εὐκτικὸν</strong></span> <span class='ocrx_word' id='word_1_13' title='bbox 1650 511 2025 582; x_wconf 76' lang='grc' dir='ltr'>μεταϐέϐληκε</span> 
     </span>
    </p>
   </div>
   <div class='ocr_carea' id='block_1_5' title="bbox 2128 500 3720 592">
    <p class='ocr_par' dir='ltr' id='par_1_5' title="bbox 2137 511 3720 588">
     <span class='ocr_line' id='line_1_5' title="bbox 2137 511 3720 588; baseline 0.008 -21"><span class='ocrx_word' id='word_1_14' title='bbox 2137 527 2224 567; x_wconf 89' lang='lat' dir='ltr'><strong>eo.</strong></span> <span class='ocrx_word' id='word_1_15' title='bbox 2267 530 2286 563; x_wconf 75' lang='grc' dir='ltr'><strong>ι</strong></span> <span class='ocrx_word' id='word_1_16' title='bbox 2328 511 2444 569; x_wconf 84' lang='lat' dir='ltr'><strong>Hoc</strong></span> <span class='ocrx_word' id='word_1_17' title='bbox 2491 515 2545 568; x_wconf 85' lang='lat' dir='ltr'><strong>in</strong></span> <span class='ocrx_word' id='word_1_18' title='bbox 2600 515 2723 571; x_wconf 91' lang='lat' dir='ltr'><strong>loco</strong></span> <span class='ocrx_word' id='word_1_19' title='bbox 2773 515 3067 574; x_wconf 68' lang='lat' dir='ltr'><strong>manifesto</strong></span> <span class='ocrx_word' id='word_1_20' title='bbox 3098 520 3433 588; x_wconf 74' lang='lat' dir='ltr'><strong>precationis</strong></span> <span class='ocrx_word' id='word_1_21' title='bbox 3487 521 3720 582; x_wconf 82' lang='lat' dir='ltr'><strong>formam</strong></span> 
     </span>
    </p>
   </div>
   <div class='ocr_carea' id='block_1_6' title="bbox 431 589 2026 668">
    <p class='ocr_par' dir='ltr' id='par_1_6' title="bbox 431 589 2026 668">
     <span class='ocr_line' id='line_1_6' title="bbox 431 589 2026 668; baseline 0.006 -23"><span class='ocrx_word' id='word_1_22' title='bbox 431 589 649 660; x_wconf 79' lang='grc' dir='ltr'>σχῆμα,</span> <span class='ocrx_word' id='word_1_23' title='bbox 709 591 804 646; x_wconf 68' lang='grc' dir='ltr'>καὶ</span> <span class='ocrx_word' id='word_1_24' title='bbox 860 593 1349 664; x_wconf 84' lang='grc' dir='ltr'>προαγορευτικῶς</span> <span class='ocrx_word' id='word_1_25' title='bbox 1400 596 1693 668; x_wconf 83' lang='grc' dir='ltr'>ἀμφότερα</span> <span class='ocrx_word' id='word_1_26' title='bbox 1755 600 2026 668; x_wconf 80' lang='grc' dir='ltr'><strong>τέθεικεν,</strong></span> 
     </span>
    </p>
   </div>
   <div class='ocr_carea' id='block_1_7' title="bbox 427 681 2030 764">
    <p class='ocr_par' dir='ltr' id='par_1_7' title="bbox 427 681 2030 764">
     <span class='ocr_line' id='line_1_7' title="bbox 427 681 2030 764; baseline 0.007 -28"><span class='ocrx_word' id='word_1_27' title='bbox 427 683 517 736; x_wconf 85' lang='grc' dir='ltr'>ὅτι</span> <span class='ocrx_word' id='word_1_28' title='bbox 551 681 648 735; x_wconf 81' lang='grc' dir='ltr'>καὶ</span> <span class='ocrx_word' id='word_1_29' title='bbox 671 681 771 754; x_wconf 79' lang='grc' dir='ltr'>τὴν</span> <span class='ocrx_word' id='word_1_30' title='bbox 792 684 1042 754; x_wconf 81' lang='grc' dir='ltr'><strong>κατάραν</strong></span> <span class='ocrx_word' id='word_1_31' title='bbox 1065 684 1134 756; x_wconf 80' lang='grc' dir='ltr'>ἢν</span> <span class='ocrx_word' id='word_1_32' title='bbox 1163 687 1468 758; x_wconf 77' lang='grc' dir='ltr'><strong>ἠγάπησαν</strong></span> <span class='ocrx_word' id='word_1_33' title='bbox 1495 687 1784 760; x_wconf 76' lang='grc' dir='ltr'>λήψονται,</span> <span class='ocrx_word' id='word_1_34' title='bbox 1811 695 1905 746; x_wconf 63' lang='grc' dir='ltr'><strong>καὶ⁵</strong></span> <span class='ocrx_word' id='word_1_35' title='bbox 1928 693 2030 764; x_wconf 82' lang='grc' dir='ltr'>τῆς</span> 
     </span>
    </p>
   </div>
   <div class='ocr_carea' id='block_1_8' title="bbox 431 769 2026 852">
    <p class='ocr_par' dir='ltr' id='par_1_8' title="bbox 431 769 2026 852">
     <span class='ocr_line' id='line_1_8' title="bbox 431 769 2026 852; baseline 0.011 -32"><span class='ocrx_word' id='word_1_36' title='bbox 431 769 693 838; x_wconf 83' lang='grc' dir='ltr'><strong>εὐλογίας</strong></span> <span class='ocrx_word' id='word_1_37' title='bbox 729 771 794 837; x_wconf 86' lang='grc'><strong>¹¹,</strong></span> <span class='ocrx_word' id='word_1_38' title='bbox 821 771 891 843; x_wconf 83' lang='grc' dir='ltr'>ἦν</span> <span class='ocrx_word' id='word_1_39' title='bbox 914 772 1098 826; x_wconf 77' lang='grc' dir='ltr'>λαϐεῖν</span> <span class='ocrx_word' id='word_1_40' title='bbox 1122 774 1222 828; x_wconf 82' lang='grc' dir='ltr'>οὐκ</span> <span class='ocrx_word' id='word_1_41' title='bbox 1251 775 1547 848; x_wconf 77' lang='grc' dir='ltr'>ἠθέλησαν,</span> <span class='ocrx_word' id='word_1_42' title='bbox 1577 779 2026 852; x_wconf 87' lang='grc' dir='ltr'>στερηθήσονται.</span> 
     </span>
    </p>
   </div>
   <div class='ocr_carea' id='block_1_9' title="bbox 431 861 2026 942">
    <p class='ocr_par' dir='ltr' id='par_1_9' title="bbox 431 861 2026 942">
     <span class='ocr_line' id='line_1_9' title="bbox 431 861 2026 942; baseline 0.011 -31"><span class='ocrx_word' id='word_1_43' title='bbox 431 875 452 908; x_wconf 75' lang='grc' dir='ltr'><strong>ι</strong></span> <span class='ocrx_word' id='word_1_44' title='bbox 491 861 607 915; x_wconf 77' lang='grc' dir='ltr'><strong>Καὶ</strong></span> <span class='ocrx_word' id='word_1_45' title='bbox 647 862 938 917; x_wconf 80' lang='grc' dir='ltr'>ἐνεδύσατο</span> <span class='ocrx_word' id='word_1_46' title='bbox 991 866 1242 935; x_wconf 85' lang='grc' dir='ltr'>κατάραν</span> <span class='ocrx_word' id='word_1_47' title='bbox 1279 867 1355 931; x_wconf 82' lang='grc' dir='ltr'><strong>ὡς</strong></span> <span class='ocrx_word' id='word_1_48' title='bbox 1389 870 1626 940; x_wconf 77' lang='grc' dir='ltr'>ἱμάτιον.</span> <span class='ocrx_word' id='word_1_49' title='bbox 1671 890 1690 924; x_wconf 79' lang='grc' dir='ltr'><strong>ι</strong></span> <span class='ocrx_word' id='word_1_50' title='bbox 1733 873 1880 928; x_wconf 77' lang='grc' dir='ltr'>’Δντὶ</span> <span class='ocrx_word' id='word_1_51' title='bbox 1909 877 2026 942; x_wconf 91' lang='grc' dir='ltr'>τοῦ,</span> 
     </span>
    </p>
   </div>
   <div class='ocr_carea' id='block_1_10' title="bbox 433 950 2029 1035">
    <p class='ocr_par' dir='ltr' id='par_1_10' title="bbox 433 950 2029 1035">
     <span class='ocr_line' id='line_1_10' title="bbox 433 950 2029 1035; baseline 0.011 -33"><span class='ocrx_word' id='word_1_52' title='bbox 433 950 611 1022; x_wconf 77' lang='grc' dir='ltr'>ταύτῃ</span> <span class='ocrx_word' id='word_1_53' title='bbox 669 955 1014 1024; x_wconf 83' lang='grc' dir='ltr'>πανταχόθεν</span> <span class='ocrx_word' id='word_1_54' title='bbox 1048 958 1536 1028; x_wconf 88' lang='grc' dir='ltr'>περιεστοίχισται.</span> <span class='ocrx_word' id='word_1_55' title='bbox 1580 979 1600 1014; x_wconf 84' lang='grc' dir='ltr'><strong>ι</strong></span> <span class='ocrx_word' id='word_1_56' title='bbox 1629 961 1740 1016; x_wconf 81' lang='lat' dir='ltr'><strong>Kal</strong></span> <span class='ocrx_word' id='word_1_57' title='bbox 1777 963 2029 1035; x_wconf 74' lang='grc' dir='ltr'>εἰσῆλθεν</span> 
     </span>
    </p>
   </div>
   <div class='ocr_carea' id='block_1_11' title="bbox 433 1040 2030 1127">
    <p class='ocr_par' dir='ltr' id='par_1_11' title="bbox 433 1040 2030 1127">
     <span class='ocr_line' id='line_1_11' title="bbox 433 1040 2030 1127; baseline 0.012 -35"><span class='ocrx_word' id='word_1_58' title='bbox 433 1040 571 1095; x_wconf 78' lang='grc' dir='ltr'>ὡσεὶ</span> <span class='ocrx_word' id='word_1_59' title='bbox 629 1044 777 1115; x_wconf 74' lang='grc' dir='ltr'>ὕδωρ</span> <span class='ocrx_word' id='word_1_60' title='bbox 833 1047 913 1110; x_wconf 85' lang='grc' dir='ltr'><strong>εἰς</strong></span> <span class='ocrx_word' id='word_1_61' title='bbox 959 1047 1028 1102; x_wconf 84' lang='grc' dir='ltr'><strong>τὰ</strong></span> <span class='ocrx_word' id='word_1_62' title='bbox 1059 1048 1270 1116; x_wconf 78' lang='grc' dir='ltr'>ἔγκατα</span> <span class='ocrx_word' id='word_1_63' title='bbox 1314 1051 1504 1106; x_wconf 86' lang='grc' dir='ltr'>αὐτοῦ.</span> <span class='ocrx_word' id='word_1_64' title='bbox 1547 1072 1567 1105; x_wconf 79' lang='grc' dir='ltr'><strong>ι</strong></span> <span class='ocrx_word' id='word_1_65' title='bbox 1612 1054 1686 1107; x_wconf 85' lang='grc' dir='ltr'><strong>Οὐ</strong></span> <span class='ocrx_word' id='word_1_66' title='bbox 1714 1054 1826 1127; x_wconf 80' lang='grc' dir='ltr'><strong>γὰρ</strong></span> <span class='ocrx_word' id='word_1_67' title='bbox 1869 1055 2030 1127; x_wconf 86' lang='grc' dir='ltr'>μόνον</span> 
     </span>
    </p>
   </div>
   <div class='ocr_carea' id='block_1_12' title="bbox 435 1133 2029 1215">
    <p class='ocr_par' dir='ltr' id='par_1_12' title="bbox 435 1133 2029 1215">
     <span class='ocr_line' id='line_1_12' title="bbox 435 1133 2029 1215; baseline 0.011 -31"><span class='ocrx_word' id='word_1_68' title='bbox 435 1133 662 1200; x_wconf 80' lang='grc' dir='ltr'>ἔξωθεν,</span> <span class='ocrx_word' id='word_1_69' title='bbox 715 1136 854 1190; x_wconf 80' lang='grc' dir='ltr'>ἀλλὰ</span> <span class='ocrx_word' id='word_1_70' title='bbox 886 1139 980 1192; x_wconf 71' lang='grc' dir='ltr'><strong>καὶ</strong></span> <span class='ocrx_word' id='word_1_71' title='bbox 1013 1139 1230 1194; x_wconf 74' lang='grc' dir='ltr'>ἔνδοθεν</span> <span class='ocrx_word' id='word_1_72' title='bbox 1261 1141 1606 1212; x_wconf 81' lang='grc' dir='ltr'>περίκεινται</span> <span class='ocrx_word' id='word_1_73' title='bbox 1635 1144 1704 1200; x_wconf 82' lang='grc' dir='ltr'><strong>τά</strong></span> <span class='ocrx_word' id='word_1_74' title='bbox 1731 1147 1900 1215; x_wconf 75' lang='grc' dir='ltr'>κακὰ,</span> <span class='ocrx_word' id='word_1_75' title='bbox 1932 1148 2029 1202; x_wconf 75' lang='grc' dir='ltr'>καὶ</span> 
     </span>
    </p>
   </div>
   <div class='ocr_carea' id='block_1_13' title="bbox 435 1222 2028 1302">
    <p class='ocr_par' dir='ltr' id='par_1_13' title="bbox 435 1222 2028 1302">
     <span class='ocr_line' id='line_1_13' title="bbox 435 1222 2028 1302; baseline 0.011 -28"><span class='ocrx_word' id='word_1_76' title='bbox 435 1222 544 1275; x_wconf 82' lang='grc' dir='ltr'><strong>ὑπὸ</strong></span> <span class='ocrx_word' id='word_1_77' title='bbox 609 1223 822 1278; x_wconf 89' lang='grc' dir='ltr'>τούτων</span> <span class='ocrx_word' id='word_1_78' title='bbox 895 1227 1054 1298; x_wconf 83' lang='grc' dir='ltr'>δίκην</span> <span class='ocrx_word' id='word_1_79' title='bbox 1113 1228 1310 1294; x_wconf 83' lang='grc' dir='ltr'>ὕδατος</span> <span class='ocrx_word' id='word_1_80' title='bbox 1372 1232 1821 1302; x_wconf 81' lang='grc' dir='ltr'>περικλύζονται.</span> <span class='ocrx_word' id='word_1_81' title='bbox 1892 1232 2028 1291; x_wconf 76' lang='grc' dir='ltr'>Εἶτα</span> 
     </span>
    </p>
   </div>
   <div class='ocr_carea' id='block_1_14' title="bbox 432 1313 2023 1398">
    <p class='ocr_par' dir='ltr' id='par_1_14' title="bbox 432 1313 2023 1398">
     <span class='ocr_line' id='line_1_14' title="bbox 432 1313 2023 1398; baseline 0.011 -34"><span class='ocrx_word' id='word_1_82' title='bbox 432 1313 626 1382; x_wconf 78' lang='grc' dir='ltr'>ἐπειδὴ</span> <span class='ocrx_word' id='word_1_83' title='bbox 680 1315 740 1368; x_wconf 84' lang='grc' dir='ltr'>τὸ</span> <span class='ocrx_word' id='word_1_84' title='bbox 789 1315 934 1388; x_wconf 77' lang='grc' dir='ltr'>ὕδωρ</span> <span class='ocrx_word' id='word_1_85' title='bbox 980 1318 1199 1390; x_wconf 83' lang='grc' dir='ltr'>ἀρδεύει</span> <span class='ocrx_word' id='word_1_86' title='bbox 1239 1320 1340 1390; x_wconf 83' lang='grc' dir='ltr'>μὲν</span> <span class='ocrx_word' id='word_1_87' title='bbox 1365 1321 1427 1374; x_wconf 81' lang='grc' dir='ltr'>τὸ</span> <span class='ocrx_word' id='word_1_88' title='bbox 1473 1322 1634 1393; x_wconf 84' lang='grc' dir='ltr'>σῶμα</span> <span class='ocrx_word' id='word_1_89' title='bbox 1689 1325 1784 1380; x_wconf 73' lang='grc' dir='ltr'>καὶ</span> <span class='ocrx_word' id='word_1_90' title='bbox 1817 1325 2023 1398; x_wconf 81' lang='grc' dir='ltr'>βρέχει,</span> 
     </span>
    </p>
   </div>
   <div class='ocr_carea' id='block_1_15' title="bbox 431 1406 2028 1487">
    <p class='ocr_par' dir='ltr' id='par_1_15' title="bbox 431 1406 2028 1487">
     <span class='ocr_line' id='line_1_15' title="bbox 431 1406 2028 1487; baseline 0.01 -30"><span class='ocrx_word' id='word_1_91' title='bbox 431 1406 536 1458; x_wconf 77' lang='grc' dir='ltr'>οὐκ</span> <span class='ocrx_word' id='word_1_92' title='bbox 569 1406 683 1476; x_wconf 75' lang='grc' dir='ltr'>ἔχει</span> <span class='ocrx_word' id='word_1_93' title='bbox 713 1407 769 1460; x_wconf 89' lang='grc' dir='ltr'><strong>δέ</strong></span> <span class='ocrx_word' id='word_1_94' title='bbox 800 1409 1034 1480; x_wconf 85' lang='grc' dir='ltr'>μόνιμον</span> <span class='ocrx_word' id='word_1_95' title='bbox 1055 1411 1154 1483; x_wconf 77' lang='grc' dir='ltr'>τὴν</span> <span class='ocrx_word' id='word_1_96' title='bbox 1181 1411 1480 1485; x_wconf 80' lang='grc' dir='ltr'>ὑγρότητα,</span> <span class='ocrx_word' id='word_1_97' title='bbox 1504 1417 1784 1487; x_wconf 78' lang='grc' dir='ltr'>ἐπήγαγεν</span> <span class='ocrx_word' id='word_1_98' title='bbox 1813 1434 1828 1449; x_wconf 77' lang='grc' dir='ltr'><strong>ο</strong></span> <span class='ocrx_word' id='word_1_99' title='bbox 1865 1438 1884 1472; x_wconf 84' lang='grc' dir='ltr'><strong>ι</strong></span> <span class='ocrx_word' id='word_1_100' title='bbox 1917 1421 2028 1474; x_wconf 83' lang='lat' dir='ltr'><strong>Kal</strong></span> 
     </span>
    </p>
   </div>
   <div class='ocr_carea' id='block_1_16' title="bbox 432 1497 2026 1583">
    <p class='ocr_par' dir='ltr' id='par_1_16' title="bbox 432 1497 2026 1583">
     <span class='ocr_line' id='line_1_16' title="bbox 432 1497 2026 1583; baseline 0.009 -33"><span class='ocrx_word' id='word_1_101' title='bbox 432 1497 572 1550; x_wconf 70' lang='grc' dir='ltr'>ὡσεὶ</span> <span class='ocrx_word' id='word_1_102' title='bbox 616 1498 800 1552; x_wconf 75' lang='grc' dir='ltr'>ἔλαιον</span> <span class='ocrx_word' id='word_1_103' title='bbox 854 1502 915 1555; x_wconf 85' lang='grc' dir='ltr'><strong>ἐν</strong></span> <span class='ocrx_word' id='word_1_104' title='bbox 967 1504 1079 1566; x_wconf 89' lang='grc' dir='ltr'>τοῖς</span> <span class='ocrx_word' id='word_1_105' title='bbox 1136 1504 1350 1569; x_wconf 83' lang='grc' dir='ltr'>ὀστέοις</span> <span class='ocrx_word' id='word_1_106' title='bbox 1406 1507 1596 1563; x_wconf 85' lang='grc' dir='ltr'>αὑτοῦ.</span> <span class='ocrx_word' id='word_1_107' title='bbox 1636 1528 1656 1561; x_wconf 74' lang='grc' dir='ltr'><strong>ι</strong></span> <span class='ocrx_word' id='word_1_108' title='bbox 1719 1510 1795 1564; x_wconf 84' lang='grc' dir='ltr'><strong>Τὸ</strong></span> <span class='ocrx_word' id='word_1_109' title='bbox 1837 1512 1882 1543; x_wconf 84' lang='grc'>¹²</span> <span class='ocrx_word' id='word_1_110' title='bbox 1916 1512 2026 1583; x_wconf 81' lang='grc' dir='ltr'>γὰρ</span> 
     </span>
    </p>
   </div>
   <div class='ocr_carea' id='block_1_17' title="bbox 433 1589 2026 1671">
    <p class='ocr_par' dir='ltr' id='par_1_17' title="bbox 433 1589 2026 1671">
     <span class='ocr_line' id='line_1_17' title="bbox 433 1589 2026 1671; baseline 0.009 -29"><span class='ocrx_word' id='word_1_111' title='bbox 433 1589 618 1644; x_wconf 77' lang='grc' dir='ltr'>ἔλαιον</span> <span class='ocrx_word' id='word_1_112' title='bbox 666 1592 761 1645; x_wconf 80' lang='grc' dir='ltr'>ἐπὶ</span> <span class='ocrx_word' id='word_1_113' title='bbox 815 1593 1071 1648; x_wconf 85' lang='grc' dir='ltr'>πλεῖστον</span> <span class='ocrx_word' id='word_1_114' title='bbox 1098 1595 1353 1667; x_wconf 76' lang='grc' dir='ltr'>ἐπιμένει</span> <span class='ocrx_word' id='word_1_115' title='bbox 1377 1598 1456 1668; x_wconf 83' lang='grc' dir='ltr'><strong>τῷ</strong></span> <span class='ocrx_word' id='word_1_116' title='bbox 1488 1599 1728 1671; x_wconf 83' lang='grc' dir='ltr'>σώματι.</span> <span class='ocrx_word' id='word_1_117' title='bbox 1763 1602 1828 1656; x_wconf 86' lang='grc' dir='ltr'>Ὅ</span> <span class='ocrx_word' id='word_1_118' title='bbox 1856 1602 1915 1656; x_wconf 85' lang='grc' dir='ltr'>δὲ</span> <span class='ocrx_word' id='word_1_119' title='bbox 1938 1603 2026 1656; x_wconf 84' lang='grc' dir='ltr'>λέ-</span> 
     </span>
    </p>
   </div>
   <div class='ocr_carea' id='block_1_18' title="bbox 432 1681 2021 1764">
    <p class='ocr_par' dir='ltr' id='par_1_18' title="bbox 432 1681 2021 1764">
     <span class='ocr_line' id='line_1_18' title="bbox 432 1681 2021 1764; baseline 0.011 -32"><span class='ocrx_word' id='word_1_120' title='bbox 432 1697 522 1748; x_wconf 85' lang='grc' dir='ltr'><strong>γει</strong></span> <span class='ocrx_word' id='word_1_121' title='bbox 583 1681 827 1736; x_wconf 85' lang='grc' dir='ltr'>τοιοῦτόν</span> <span class='ocrx_word' id='word_1_122' title='bbox 878 1686 1066 1740; x_wconf 76' lang='grc' dir='ltr'>ἐστιν’</span> <span class='ocrx_word' id='word_1_123' title='bbox 1108 1687 1570 1762; x_wconf 87' lang='grc' dir='ltr'>Ἐπενεχθήσεται</span> <span class='ocrx_word' id='word_1_124' title='bbox 1629 1694 1772 1764; x_wconf 83' lang='grc' dir='ltr'>φορὰ</span> <span class='ocrx_word' id='word_1_125' title='bbox 1811 1695 2021 1762; x_wconf 84' lang='grc' dir='ltr'>κακῶν,</span> 
     </span>
    </p>
   </div>
   <div class='ocr_carea' id='block_1_19' title="bbox 430 1774 2024 1858">
    <p class='ocr_par' dir='ltr' id='par_1_19' title="bbox 430 1774 2024 1858">
     <span class='ocr_line' id='line_1_19' title="bbox 430 1774 2024 1858; baseline 0.01 -32"><span class='ocrx_word' id='word_1_126' title='bbox 430 1774 529 1827; x_wconf 90' lang='grc' dir='ltr'><strong>τοῦ</strong></span> <span class='ocrx_word' id='word_1_127' title='bbox 564 1775 664 1845; x_wconf 87' lang='grc' dir='ltr'>μὲν</span> <span class='ocrx_word' id='word_1_128' title='bbox 706 1775 902 1842; x_wconf 83' lang='grc' dir='ltr'>ὕδατος</span> <span class='ocrx_word' id='word_1_129' title='bbox 930 1778 1028 1850; x_wconf 86' lang='grc' dir='ltr'>τὴν</span> <span class='ocrx_word' id='word_1_130' title='bbox 1083 1780 1444 1853; x_wconf 81' lang='grc' dir='ltr'>σφοδρότητα,</span> <span class='ocrx_word' id='word_1_131' title='bbox 1488 1784 1584 1836; x_wconf 88' lang='grc' dir='ltr'><strong>τοῦ</strong></span> <span class='ocrx_word' id='word_1_132' title='bbox 1619 1785 1680 1838; x_wconf 80' lang='grc' dir='ltr'><strong>δέ</strong></span> <span class='ocrx_word' id='word_1_133' title='bbox 1710 1785 1892 1842; x_wconf 84' lang='grc' dir='ltr'>ἐλαίου</span> <span class='ocrx_word' id='word_1_134' title='bbox 1932 1804 2024 1858; x_wconf 81' lang='grc' dir='ltr'>μι-</span> 
     </span>
    </p>
   </div>
   <div class='ocr_carea' id='block_1_20' title="bbox 435 1865 1076 1939">
    <p class='ocr_par' dir='ltr' id='par_1_20' title="bbox 435 1865 1076 1939">
     <span class='ocr_line' id='line_1_20' title="bbox 435 1865 1076 1939; baseline 0.011 -22"><span class='ocrx_word' id='word_1_135' title='bbox 435 1882 544 1935; x_wconf 84' lang='grc' dir='ltr'><strong>μου</strong></span> <span class='ocrx_word' id='word_1_136' title='bbox 552 1865 689 1937; x_wconf 84' lang='grc' dir='ltr'>μένη</span> <span class='ocrx_word' id='word_1_137' title='bbox 735 1866 796 1920; x_wconf 79' lang='grc' dir='ltr'>τὸ</span> <span class='ocrx_word' id='word_1_138' title='bbox 825 1869 1076 1939; x_wconf 87' lang='grc' dir='ltr'>μόνιμον.</span> 
     </span>
    </p>
   </div>
   <div class='ocr_carea' id='block_1_21' title="bbox 419 1981 2024 2063">
    <p class='ocr_par' dir='ltr' id='par_1_21' title="bbox 419 1981 2024 2063">
     <span class='ocr_line' id='line_1_21' title="bbox 419 1981 2024 2063; baseline 0.007 -29"><span class='ocrx_word' id='word_1_139' title='bbox 419 2018 424 2023; x_wconf 86' lang='lat'><strong><em>-</em></strong></span> <span class='ocrx_word' id='word_1_140' title='bbox 507 1981 596 2038; x_wconf 79' lang='grc' dir='ltr'>ιϐ’.</span> <span class='ocrx_word' id='word_1_141' title='bbox 657 2002 677 2036; x_wconf 83' lang='grc' dir='ltr'><strong>ι</strong></span> <span class='ocrx_word' id='word_1_142' title='bbox 716 1984 1011 2058; x_wconf 82' lang='grc' dir='ltr'>Γενηθήτω</span> <span class='ocrx_word' id='word_1_143' title='bbox 1063 1987 1216 2061; x_wconf 80' lang='grc' dir='ltr'>αὐτῷ</span> <span class='ocrx_word' id='word_1_144' title='bbox 1256 1989 1336 2054; x_wconf 84' lang='grc' dir='ltr'><strong>ὡς</strong></span> <span class='ocrx_word' id='word_1_145' title='bbox 1369 1991 1607 2062; x_wconf 75' lang='grc' dir='ltr'>ἱμάτιον,</span> <span class='ocrx_word' id='word_1_146' title='bbox 1636 1991 1666 2045; x_wconf 82' lang='grc' dir='ltr'><strong>ὃ</strong></span> <span class='ocrx_word' id='word_1_147' title='bbox 1701 1991 2024 2063; x_wconf 76' lang='grc' dir='ltr'>περιϐάλλε-</span> 
     </span>
    </p>
   </div>
   <div class='ocr_carea' id='block_1_22' title="bbox 432 2077 2018 2157">
    <p class='ocr_par' dir='ltr' id='par_1_22' title="bbox 432 2077 2018 2157">
     <span class='ocr_line' id='line_1_22' title="bbox 432 2077 2018 2157; baseline 0.008 -29"><span class='ocrx_word' id='word_1_148' title='bbox 432 2092 525 2129; x_wconf 88' lang='grc' dir='ltr'><strong>ται</strong></span> <span class='ocrx_word' id='word_1_149' title='bbox 557 2093 571 2107; x_wconf 89' lang='grc'><strong>·</strong></span> <span class='ocrx_word' id='word_1_150' title='bbox 617 2077 715 2131; x_wconf 74' lang='grc' dir='ltr'>καὶ</span> <span class='ocrx_word' id='word_1_151' title='bbox 744 2078 878 2132; x_wconf 74' lang='grc' dir='ltr'>ὡσεὶ</span> <span class='ocrx_word' id='word_1_152' title='bbox 907 2079 1074 2152; x_wconf 82' lang='grc' dir='ltr'>ζώνη,</span> <span class='ocrx_word' id='word_1_153' title='bbox 1117 2082 1185 2150; x_wconf 81' lang='grc' dir='ltr'>ἢν</span> <span class='ocrx_word' id='word_1_154' title='bbox 1208 2082 1500 2148; x_wconf 84' lang='grc' dir='ltr'>διαπαντὸς</span> <span class='ocrx_word' id='word_1_155' title='bbox 1538 2084 1960 2157; x_wconf 82' lang='grc' dir='ltr'>περιζώννυται.</span> <span class='ocrx_word' id='word_1_156' title='bbox 1997 2105 2018 2140; x_wconf 75' lang='grc' dir='ltr'><strong>ι</strong></span> 
     </span>
    </p>
   </div>
   <div class='ocr_carea' id='block_1_23' title="bbox 434 2170 2025 2247">
    <p class='ocr_par' dir='ltr' id='par_1_23' title="bbox 434 2170 2025 2247">
     <span class='ocr_line' id='line_1_23' title="bbox 434 2170 2025 2247; baseline 0.006 -25"><span class='ocrx_word' id='word_1_157' title='bbox 434 2170 806 2240; x_wconf 85' lang='grc' dir='ltr'>Πανταχόθεν,</span> <span class='ocrx_word' id='word_1_158' title='bbox 865 2173 1021 2242; x_wconf 77' lang='grc' dir='ltr'>φησὶ,</span> <span class='ocrx_word' id='word_1_159' title='bbox 1077 2175 1192 2237; x_wconf 88' lang='grc' dir='ltr'>τοῖς</span> <span class='ocrx_word' id='word_1_160' title='bbox 1223 2175 1650 2247; x_wconf 82' lang='grc' dir='ltr'>προειρημένοις</span> <span class='ocrx_word' id='word_1_161' title='bbox 1685 2178 1896 2242; x_wconf 83' lang='grc' dir='ltr'>κακοῖς,</span> <span class='ocrx_word' id='word_1_162' title='bbox 1927 2177 2025 2232; x_wconf 61' lang='grc' dir='ltr'><strong>καὶ⁵</strong></span> 
     </span>
    </p>
   </div>
   <div class='ocr_carea' id='block_1_24' title="bbox 432 2261 2024 2339">
    <p class='ocr_par' dir='ltr' id='par_1_24' title="bbox 432 2261 2024 2339">
     <span class='ocr_line' id='line_1_24' title="bbox 432 2261 2024 2339; baseline 0.004 -25"><span class='ocrx_word' id='word_1_163' title='bbox 432 2262 512 2326; x_wconf 79' lang='grc' dir='ltr'>ὡς</span> <span class='ocrx_word' id='word_1_164' title='bbox 575 2261 770 2332; x_wconf 85' lang='grc' dir='ltr'>ἐσθῆτι</span> <span class='ocrx_word' id='word_1_165' title='bbox 825 2262 1208 2332; x_wconf 86' lang='grc' dir='ltr'>καλυπτέσθω,</span> <span class='ocrx_word' id='word_1_166' title='bbox 1261 2265 1358 2320; x_wconf 78' lang='grc' dir='ltr'>καὶ</span> <span class='ocrx_word' id='word_1_167' title='bbox 1405 2264 1482 2329; x_wconf 84' lang='grc' dir='ltr'>ὡς</span> <span class='ocrx_word' id='word_1_168' title='bbox 1527 2266 1768 2339; x_wconf 81' lang='grc' dir='ltr'>ζωστῆρι</span> <span class='ocrx_word' id='word_1_169' title='bbox 1791 2266 2024 2337; x_wconf 79' lang='grc' dir='ltr'>σφιγγέ-</span> 
     </span>
    </p>
   </div>
   <div class='ocr_carea' id='block_1_25' title="bbox 434 2354 572 2411">
    <p class='ocr_par' dir='ltr' id='par_1_25' title="bbox 434 2354 572 2411">
     <span class='ocr_line' id='line_1_25' title="bbox 434 2354 572 2411; baseline 0.007 -3"><span class='ocrx_word' id='word_1_170' title='bbox 434 2354 572 2411; x_wconf 88' lang='grc' dir='ltr'>σθω.</span> 
     </span>
    </p>
   </div>
   <div class='ocr_carea' id='block_1_26' title="bbox 503 2468 2022 2546">
    <p class='ocr_par' dir='ltr' id='par_1_26' title="bbox 503 2468 2022 2546">
     <span class='ocr_line' id='line_1_26' title="bbox 503 2468 2022 2546; baseline 0.004 -24"><span class='ocrx_word' id='word_1_171' title='bbox 503 2468 578 2524; x_wconf 87' lang='grc' dir='ltr'>κ’.</span> <span class='ocrx_word' id='word_1_172' title='bbox 624 2487 644 2523; x_wconf 85' lang='grc' dir='ltr'><strong>ι</strong></span> <span class='ocrx_word' id='word_1_173' title='bbox 694 2468 871 2524; x_wconf 87' lang='grc' dir='ltr'>Τοῦτο</span> <span class='ocrx_word' id='word_1_174' title='bbox 919 2470 964 2502; x_wconf 76' lang='grc'><strong>³³</strong></span> <span class='ocrx_word' id='word_1_175' title='bbox 1007 2471 1069 2524; x_wconf 79' lang='grc' dir='ltr'>τὸ</span> <span class='ocrx_word' id='word_1_176' title='bbox 1101 2471 1264 2543; x_wconf 75' lang='grc' dir='ltr'>ἔργον</span> <span class='ocrx_word' id='word_1_177' title='bbox 1307 2472 1418 2527; x_wconf 92' lang='grc' dir='ltr'><strong>τῶν</strong></span> <span class='ocrx_word' id='word_1_178' title='bbox 1447 2472 1907 2528; x_wconf 81' lang='grc' dir='ltr'>ἐνδιαϐαλλόντων</span> <span class='ocrx_word' id='word_1_179' title='bbox 1953 2491 2022 2546; x_wconf 90' lang='grc' dir='ltr'><strong>με</strong></span> 
     </span>
    </p>
   </div>
   <div class='ocr_carea' id='block_1_27' title="bbox 433 2559 2024 2637">
    <p class='ocr_par' dir='ltr' id='par_1_27' title="bbox 433 2559 2024 2637">
     <span class='ocr_line' id='line_1_27' title="bbox 433 2559 2024 2637; baseline 0.004 -24"><span class='ocrx_word' id='word_1_180' title='bbox 433 2559 588 2630; x_wconf 81' lang='grc' dir='ltr'>παρὰ</span> <span class='ocrx_word' id='word_1_181' title='bbox 625 2561 859 2634; x_wconf 79' lang='grc' dir='ltr'>Κυρίου.</span> <span class='ocrx_word' id='word_1_182' title='bbox 895 2581 914 2613; x_wconf 75' lang='grc' dir='ltr'><strong>ι</strong></span> <span class='ocrx_word' id='word_1_183' title='bbox 943 2563 1005 2616; x_wconf 82' lang='grc' dir='ltr'><strong>Οἱ</strong></span> <span class='ocrx_word' id='word_1_184' title='bbox 1031 2562 1088 2616; x_wconf 84' lang='grc' dir='ltr'>δὲ</span> <span class='ocrx_word' id='word_1_185' title='bbox 1113 2563 1287 2630; x_wconf 77' lang='grc' dir='ltr'>ἄλλοι,</span> <span class='ocrx_word' id='word_1_186' title='bbox 1305 2563 1425 2618; x_wconf 76' lang='grc' dir='ltr'>τῶν</span> <span class='ocrx_word' id='word_1_187' title='bbox 1455 2565 1903 2636; x_wconf 77' lang='grc' dir='ltr'>ἀντικειμένων,</span> <span class='ocrx_word' id='word_1_188' title='bbox 1924 2569 2024 2637; x_wconf 83' lang='grc' dir='ltr'><strong>ἡρ-</strong></span> 
     </span>
    </p>
   </div>
   <div class='ocr_carea' id='block_1_28' title="bbox 435 2640 2022 2728">
    <p class='ocr_par' dir='ltr' id='par_1_28' title="bbox 435 2640 2022 2728">
     <span class='ocr_line' id='line_1_28' title="bbox 435 2640 2022 2728; baseline 0.006 -25"><span class='ocrx_word' id='word_1_189' title='bbox 435 2640 737 2722; x_wconf 86' lang='grc' dir='ltr'>μήνευσαν.</span> <span class='ocrx_word' id='word_1_190' title='bbox 781 2672 801 2705; x_wconf 82' lang='grc' dir='ltr'><strong>ι</strong></span> <span class='ocrx_word' id='word_1_191' title='bbox 852 2653 965 2706; x_wconf 80' lang='lat' dir='ltr'><strong>Kal</strong></span> <span class='ocrx_word' id='word_1_192' title='bbox 1000 2653 1110 2707; x_wconf 91' lang='grc' dir='ltr'><strong>τῶν</strong></span> <span class='ocrx_word' id='word_1_193' title='bbox 1141 2653 1450 2710; x_wconf 83' lang='grc' dir='ltr'>λαλούντων</span> <span class='ocrx_word' id='word_1_194' title='bbox 1485 2655 1701 2728; x_wconf 78' lang='grc' dir='ltr'>πονηρὰ</span> <span class='ocrx_word' id='word_1_195' title='bbox 1745 2662 1886 2711; x_wconf 76' lang='grc' dir='ltr'>κατὰ</span> <span class='ocrx_word' id='word_1_196' title='bbox 1920 2658 2022 2728; x_wconf 84' lang='grc' dir='ltr'>τῆς</span> 
     </span>
    </p>
   </div>
   <div class='ocr_carea' id='block_1_29' title="bbox 430 2741 2024 2819">
    <p class='ocr_par' dir='ltr' id='par_1_29' title="bbox 430 2741 2024 2819">
     <span class='ocr_line' id='line_1_29' title="bbox 430 2741 2024 2819; baseline 0.004 -24"><span class='ocrx_word' id='word_1_197' title='bbox 430 2741 612 2812; x_wconf 74' lang='grc' dir='ltr'>ψυχῆς</span> <span class='ocrx_word' id='word_1_198' title='bbox 645 2760 776 2814; x_wconf 83' lang='grc' dir='ltr'>μου.</span> <span class='ocrx_word' id='word_1_199' title='bbox 809 2763 828 2796; x_wconf 79' lang='grc' dir='ltr'><strong>ι</strong></span> <span class='ocrx_word' id='word_1_200' title='bbox 861 2743 1100 2808; x_wconf 85' lang='grc' dir='ltr'>Τούτους</span> <span class='ocrx_word' id='word_1_201' title='bbox 1128 2747 1464 2818; x_wconf 87' lang='grc' dir='ltr'>τρυγήσουσι</span> <span class='ocrx_word' id='word_1_202' title='bbox 1485 2748 1613 2812; x_wconf 81' lang='grc' dir='ltr'>τοὺς</span> <span class='ocrx_word' id='word_1_203' title='bbox 1629 2750 1898 2819; x_wconf 85' lang='grc' dir='ltr'>καρποὺς,</span> <span class='ocrx_word' id='word_1_204' title='bbox 1928 2751 2024 2803; x_wconf 71' lang='grc' dir='ltr'>καὶ</span> 
     </span>
    </p>
   </div>
   <div class='ocr_carea' id='block_1_30' title="bbox 430 2835 2021 2910">
    <p class='ocr_par' dir='ltr' id='par_1_30' title="bbox 430 2835 2021 2910">
     <span class='ocr_line' id='line_1_30' title="bbox 430 2835 2021 2910; baseline 0.004 -23"><span class='ocrx_word' id='word_1_205' title='bbox 430 2836 481 2888; x_wconf 81' lang='lat' dir='ltr'><strong>oi</strong></span> <span class='ocrx_word' id='word_1_206' title='bbox 513 2836 576 2888; x_wconf 86' lang='grc' dir='ltr'>τὸ</span> <span class='ocrx_word' id='word_1_207' title='bbox 623 2835 762 2905; x_wconf 81' lang='grc' dir='ltr'>πρὸς</span> <span class='ocrx_word' id='word_1_208' title='bbox 795 2836 898 2906; x_wconf 82' lang='grc' dir='ltr'>ἐμὲ</span> <span class='ocrx_word' id='word_1_209' title='bbox 940 2839 1096 2906; x_wconf 86' lang='grc' dir='ltr'>μῖσος</span> <span class='ocrx_word' id='word_1_210' title='bbox 1139 2838 1561 2910; x_wconf 81' lang='grc' dir='ltr'>άναδειξάμενοι</span> <span class='ocrx_word' id='word_1_211' title='bbox 1611 2840 1678 2906; x_wconf 71' lang='grc'><strong>¹⁸,</strong></span> <span class='ocrx_word' id='word_1_212' title='bbox 1708 2841 1802 2894; x_wconf 80' lang='grc' dir='ltr'>καὶ</span> <span class='ocrx_word' id='word_1_213' title='bbox 1835 2841 1864 2894; x_wconf 85' lang='grc' dir='ltr'><strong>ό</strong></span> <span class='ocrx_word' id='word_1_214' title='bbox 1891 2841 2021 2894; x_wconf 89' lang='grc' dir='ltr'>τού-</span> 
     </span>
    </p>
   </div>
   <div class='ocr_carea' id='block_1_31' title="bbox 429 2927 2022 3002">
    <p class='ocr_par' dir='ltr' id='par_1_31' title="bbox 429 2927 2022 3002">
     <span class='ocr_line' id='line_1_31' title="bbox 429 2927 2022 3002; baseline 0.003 -22"><span class='ocrx_word' id='word_1_215' title='bbox 429 2943 550 2990; x_wconf 86' lang='grc' dir='ltr'>τοις</span> <span class='ocrx_word' id='word_1_216' title='bbox 606 2927 963 3000; x_wconf 83' lang='grc' dir='ltr'>ὑπουργήσας</span> <span class='ocrx_word' id='word_1_217' title='bbox 1007 2929 1294 3002; x_wconf 82' lang='grc' dir='ltr'>προδότης.</span> <span class='ocrx_word' id='word_1_218' title='bbox 1347 2930 1570 3001; x_wconf 83' lang='grc' dir='ltr'>Ἐπειδὴ</span> <span class='ocrx_word' id='word_1_219' title='bbox 1605 2931 1716 3001; x_wconf 84' lang='grc' dir='ltr'><strong>γὰρ</strong></span> <span class='ocrx_word' id='word_1_220' title='bbox 1775 2931 2022 2986; x_wconf 84' lang='grc' dir='ltr'>ἀντίθεον</span> 
     </span>
    </p>
   </div>
   <div class='ocr_carea' id='block_1_32' title="bbox 430 3015 2020 3092">
    <p class='ocr_par' dir='ltr' id='par_1_32' title="bbox 430 3015 2020 3092">
     <span class='ocr_line' id='line_1_32' title="bbox 430 3015 2020 3092; baseline 0.003 -21"><span class='ocrx_word' id='word_1_221' title='bbox 430 3018 602 3071; x_wconf 80' lang='grc' dir='ltr'>αὐτὸν</span> <span class='ocrx_word' id='word_1_222' title='bbox 635 3019 732 3073; x_wconf 77' lang='grc' dir='ltr'>καὶ</span> <span class='ocrx_word' id='word_1_223' title='bbox 763 3020 1084 3092; x_wconf 86' lang='grc' dir='ltr'>παράνομον</span> <span class='ocrx_word' id='word_1_224' title='bbox 1116 3020 1370 3086; x_wconf 86' lang='grc' dir='ltr'>ἐκάλουν,</span> <span class='ocrx_word' id='word_1_225' title='bbox 1401 3021 1630 3086; x_wconf 74' lang='grc' dir='ltr'>εἰκότως</span> <span class='ocrx_word' id='word_1_226' title='bbox 1659 3015 1803 3074; x_wconf 78' lang='grc' dir='ltr'>εἷπε·</span> <span class='ocrx_word' id='word_1_227' title='bbox 1841 3039 1861 3072; x_wconf 82' lang='grc' dir='ltr'><strong>ι</strong></span> <span class='ocrx_word' id='word_1_228' title='bbox 1897 3021 2020 3076; x_wconf 85' lang='grc' dir='ltr'><strong>Τῶν</strong></span> 
     </span>
    </p>
   </div>
   <div class='ocr_carea' id='block_1_33' title="bbox 431 3109 1486 3184">
    <p class='ocr_par' dir='ltr' id='par_1_33' title="bbox 431 3109 1486 3184">
     <span class='ocr_line' id='line_1_33' title="bbox 431 3109 1486 3184; baseline -0.001 -21"><span class='ocrx_word' id='word_1_229' title='bbox 431 3109 896 3166; x_wconf 80' lang='grc' dir='ltr'>ἐνδιαϐαλλὸντων</span> <span class='ocrx_word' id='word_1_230' title='bbox 935 3129 1004 3182; x_wconf 91' lang='grc' dir='ltr'><strong>με</strong></span> <span class='ocrx_word' id='word_1_231' title='bbox 1027 3112 1179 3184; x_wconf 73' lang='grc' dir='ltr'>παρὰ</span> <span class='ocrx_word' id='word_1_232' title='bbox 1211 3110 1442 3182; x_wconf 83' lang='grc' dir='ltr'>Κυρίου.</span> <span class='ocrx_word' id='word_1_233' title='bbox 1467 3130 1486 3162; x_wconf 80' lang='grc' dir='ltr'><strong>ι</strong></span> 
     </span>
    </p>
   </div>
   <div class='ocr_carea' id='block_1_34' title="bbox 2135 606 3720 685">
    <p class='ocr_par' dir='ltr' id='par_1_34' title="bbox 2135 606 3720 685">
     <span class='ocr_line' id='line_1_34' title="bbox 2135 606 3720 685; baseline 0.007 -25"><span class='ocrx_word' id='word_1_234' title='bbox 2135 606 2390 670; x_wconf 86' lang='lat' dir='ltr'><strong>mutavit,</strong></span> <span class='ocrx_word' id='word_1_235' title='bbox 2432 614 2491 660; x_wconf 88' lang='lat' dir='ltr'><strong>et</strong></span> <span class='ocrx_word' id='word_1_236' title='bbox 2523 607 2933 665; x_wconf 74' lang='lat' dir='ltr'><strong>vaticinationis</strong></span> <span class='ocrx_word' id='word_1_237' title='bbox 2978 625 3132 666; x_wconf 88' lang='lat' dir='ltr'><strong>more</strong></span> <span class='ocrx_word' id='word_1_238' title='bbox 3179 621 3478 684; x_wconf 83' lang='lat' dir='ltr'><strong>utrumque</strong></span> <span class='ocrx_word' id='word_1_239' title='bbox 3513 618 3720 685; x_wconf 84' lang='lat' dir='ltr'><strong>posuit,</strong></span> 
     </span>
    </p>
   </div>
   <div class='ocr_carea' id='block_1_35' title="bbox 2131 695 3724 774">
    <p class='ocr_par' dir='ltr' id='par_1_35' title="bbox 2131 695 3724 774">
     <span class='ocr_line' id='line_1_35' title="bbox 2131 695 3724 774; baseline 0.008 -25"><span class='ocrx_word' id='word_1_240' title='bbox 2131 703 2189 750; x_wconf 91' lang='lat' dir='ltr'><strong>et</strong></span> <span class='ocrx_word' id='word_1_241' title='bbox 2245 695 2392 765; x_wconf 89' lang='lat' dir='ltr'><strong>quod</strong></span> <span class='ocrx_word' id='word_1_242' title='bbox 2449 697 2917 768; x_wconf 90' lang='lat' dir='ltr'><strong>maledictionem,</strong></span> <span class='ocrx_word' id='word_1_243' title='bbox 2971 717 3136 772; x_wconf 89' lang='lat' dir='ltr'><strong>quam</strong></span> <span class='ocrx_word' id='word_1_244' title='bbox 3201 704 3571 774; x_wconf 89' lang='lat' dir='ltr'><strong>adamarunt,</strong></span> <span class='ocrx_word' id='word_1_245' title='bbox 3629 722 3724 761; x_wconf 89' lang='lat' dir='ltr'><strong>ac-</strong></span> 
     </span>
    </p>
   </div>
   <div class='ocr_carea' id='block_1_36' title="bbox 2129 789 3725 867">
    <p class='ocr_par' dir='ltr' id='par_1_36' title="bbox 2129 789 3725 867">
     <span class='ocr_line' id='line_1_36' title="bbox 2129 789 3725 867; baseline 0.008 -26"><span class='ocrx_word' id='word_1_246' title='bbox 2129 789 2389 858; x_wconf 81' lang='lat' dir='ltr'><strong>cepturi‘</strong></span> <span class='ocrx_word' id='word_1_247' title='bbox 2423 789 2553 857; x_wconf 88' lang='lat' dir='ltr'><strong>sint,</strong></span> <span class='ocrx_word' id='word_1_248' title='bbox 2597 799 2653 846; x_wconf 87' lang='lat' dir='ltr'><strong>et</strong></span> <span class='ocrx_word' id='word_1_249' title='bbox 2698 795 2846 862; x_wconf 93' lang='lat' dir='ltr'><strong>quod</strong></span> <span class='ocrx_word' id='word_1_250' title='bbox 2897 794 3302 860; x_wconf 86' lang='lat' dir='ltr'><strong>benedictione,</strong></span> <span class='ocrx_word' id='word_1_251' title='bbox 3352 813 3521 867; x_wconf 90' lang='lat' dir='ltr'><strong>quam</strong></span> <span class='ocrx_word' id='word_1_252' title='bbox 3577 800 3725 854; x_wconf 87' lang='lat' dir='ltr'><strong>acci-</strong></span> 
     </span>
    </p>
   </div>
   <div class='ocr_carea' id='block_1_37' title="bbox 2128 875 3722 944">
    <p class='ocr_par' dir='ltr' id='par_1_37' title="bbox 2128 875 3722 944">
     <span class='ocr_line' id='line_1_37' title="bbox 2128 875 3722 944; baseline 0.008 -16"><span class='ocrx_word' id='word_1_253' title='bbox 2128 889 2261 944; x_wconf 85' lang='lat' dir='ltr'><strong>pere</strong></span> <span class='ocrx_word' id='word_1_254' title='bbox 2289 875 2613 944; x_wconf 86' lang='lat' dir='ltr'><strong>noluerunt,</strong></span> <span class='ocrx_word' id='word_1_255' title='bbox 2655 880 2881 935; x_wconf 87' lang='lat' dir='ltr'><strong>carituri</strong></span> <span class='ocrx_word' id='word_1_256' title='bbox 2929 882 3060 937; x_wconf 90' lang='lat' dir='ltr'><strong>sint.</strong></span> <span class='ocrx_word' id='word_1_257' title='bbox 3109 901 3128 934; x_wconf 84' lang='grc' dir='ltr'><strong>ι</strong></span> <span class='ocrx_word' id='word_1_258' title='bbox 3161 881 3227 937; x_wconf 88' lang='grc' dir='ltr'>Ει</span> <span class='ocrx_word' id='word_1_259' title='bbox 3278 884 3458 938; x_wconf 81' lang='lat' dir='ltr'><strong>induit</strong></span> <span class='ocrx_word' id='word_1_260' title='bbox 3488 886 3722 941; x_wconf 89' lang='lat' dir='ltr'><strong>maledi-</strong></span> 
     </span>
    </p>
   </div>
   <div class='ocr_carea' id='block_1_38' title="bbox 2128 967 3723 1041">
    <p class='ocr_par' dir='ltr' id='par_1_38' title="bbox 2128 967 3723 1041">
     <span class='ocr_line' id='line_1_38' title="bbox 2128 967 3723 1041; baseline 0.008 -19"><span class='ocrx_word' id='word_1_261' title='bbox 2128 967 2390 1032; x_wconf 90' lang='lat' dir='ltr'><strong>ctionem,</strong></span> <span class='ocrx_word' id='word_1_262' title='bbox 2422 968 2566 1025; x_wconf 87' lang='lat' dir='ltr'><strong>sicut</strong></span> <span class='ocrx_word' id='word_1_263' title='bbox 2596 971 3011 1027; x_wconf 83' lang='lat' dir='ltr'><strong>vestimentum.</strong></span> <span class='ocrx_word' id='word_1_264' title='bbox 3053 993 3072 1026; x_wconf 76' lang='grc' dir='ltr'><strong>ι</strong></span> <span class='ocrx_word' id='word_1_265' title='bbox 3108 974 3280 1041; x_wconf 81' lang='lat' dir='ltr'><strong>Quasi</strong></span> <span class='ocrx_word' id='word_1_266' title='bbox 3311 975 3520 1031; x_wconf 88' lang='lat' dir='ltr'><strong>diceret</strong></span> <span class='ocrx_word' id='word_1_267' title='bbox 3553 994 3566 1030; x_wconf 92' lang='lat'><strong>:</strong></span> <span class='ocrx_word' id='word_1_268' title='bbox 3606 977 3723 1034; x_wconf 87' lang='lat' dir='ltr'><strong>Hac</strong></span> 
     </span>
    </p>
   </div>
   <div class='ocr_carea' id='block_1_39' title="bbox 2129 1059 3713 1140">
    <p class='ocr_par' dir='ltr' id='par_1_39' title="bbox 2129 1059 3713 1140">
     <span class='ocr_line' id='line_1_39' title="bbox 2129 1059 3713 1140; baseline 0.008 -26"><span class='ocrx_word' id='word_1_269' title='bbox 2129 1059 2489 1131; x_wconf 90' lang='lat' dir='ltr'><strong>undiquaque</strong></span> <span class='ocrx_word' id='word_1_270' title='bbox 2540 1062 2754 1120; x_wconf 87' lang='lat' dir='ltr'><strong>cinctus</strong></span> <span class='ocrx_word' id='word_1_271' title='bbox 2805 1074 2912 1120; x_wconf 91' lang='lat' dir='ltr'><strong>est.</strong></span> <span class='ocrx_word' id='word_1_272' title='bbox 2974 1084 2993 1117; x_wconf 83' lang='grc' dir='ltr'><strong>ι</strong></span> <span class='ocrx_word' id='word_1_273' title='bbox 3026 1065 3093 1121; x_wconf 84' lang='lat' dir='ltr'><strong>Et</strong></span> <span class='ocrx_word' id='word_1_274' title='bbox 3134 1067 3358 1123; x_wconf 83' lang='lat' dir='ltr'><strong>intravit</strong></span> <span class='ocrx_word' id='word_1_275' title='bbox 3393 1068 3536 1124; x_wconf 84' lang='lat' dir='ltr'><strong>sicut</strong></span> <span class='ocrx_word' id='word_1_276' title='bbox 3569 1083 3713 1140; x_wconf 87' lang='lat' dir='ltr'><strong>aqua</strong></span> 
     </span>
    </p>
   </div>
   <div class='ocr_carea' id='block_1_40' title="bbox 2131 1151 3719 1227">
    <p class='ocr_par' dir='ltr' id='par_1_40' title="bbox 2131 1151 3719 1227">
     <span class='ocr_line' id='line_1_40' title="bbox 2131 1151 3719 1227; baseline 0.007 -21"><span class='ocrx_word' id='word_1_277' title='bbox 2131 1151 2184 1206; x_wconf 93' lang='lat' dir='ltr'><strong>in</strong></span> <span class='ocrx_word' id='word_1_278' title='bbox 2229 1152 2493 1209; x_wconf 88' lang='lat' dir='ltr'><strong>interiora</strong></span> <span class='ocrx_word' id='word_1_279' title='bbox 2533 1154 2678 1225; x_wconf 86' lang='lat' dir='ltr'><strong>ejus.</strong></span> <span class='ocrx_word' id='word_1_280' title='bbox 2714 1175 2734 1209; x_wconf 74' lang='grc' dir='ltr'><strong>ι</strong></span> <span class='ocrx_word' id='word_1_281' title='bbox 2781 1155 2900 1212; x_wconf 84' lang='grc' dir='ltr'>Νοιι</span> <span class='ocrx_word' id='word_1_282' title='bbox 2930 1159 3098 1214; x_wconf 92' lang='lat' dir='ltr'><strong>modo</strong></span> <span class='ocrx_word' id='word_1_283' title='bbox 3136 1161 3283 1214; x_wconf 93' lang='lat' dir='ltr'><strong>enim</strong></span> <span class='ocrx_word' id='word_1_284' title='bbox 3337 1159 3496 1227; x_wconf 82' lang='lat' dir='ltr'><strong>foris,</strong></span> <span class='ocrx_word' id='word_1_285' title='bbox 3528 1177 3719 1217; x_wconf 89' lang='lat' dir='ltr'><strong>verum</strong></span> 
     </span>
    </p>
   </div>
   <div class='ocr_carea' id='block_1_41' title="bbox 2128 1244 3717 1324">
    <p class='ocr_par' dir='ltr' id='par_1_41' title="bbox 2128 1244 3717 1324">
     <span class='ocr_line' id='line_1_41' title="bbox 2128 1244 3717 1324; baseline 0.006 -24"><span class='ocrx_word' id='word_1_286' title='bbox 2128 1244 2292 1300; x_wconf 89' lang='lat' dir='ltr'><strong>etiam</strong></span> <span class='ocrx_word' id='word_1_287' title='bbox 2329 1247 2480 1303; x_wconf 92' lang='lat' dir='ltr'><strong>intus</strong></span> <span class='ocrx_word' id='word_1_288' title='bbox 2511 1248 2876 1304; x_wconf 86' lang='lat' dir='ltr'><strong>circumstant</strong></span> <span class='ocrx_word' id='word_1_289' title='bbox 2920 1251 3088 1318; x_wconf 88' lang='lat' dir='ltr'><strong>mala,</strong></span> <span class='ocrx_word' id='word_1_290' title='bbox 3120 1260 3175 1308; x_wconf 90' lang='lat' dir='ltr'><strong>et</strong></span> <span class='ocrx_word' id='word_1_291' title='bbox 3211 1253 3280 1308; x_wconf 89' lang='lat' dir='ltr'><strong>ab</strong></span> <span class='ocrx_word' id='word_1_292' title='bbox 3320 1253 3406 1308; x_wconf 89' lang='lat' dir='ltr'><strong>bis</strong></span> <span class='ocrx_word' id='word_1_293' title='bbox 3450 1262 3717 1324; x_wconf 84' lang='lat' dir='ltr'><strong>tanquam</strong></span> 
     </span>
    </p>
   </div>
   <div class='ocr_carea' id='block_1_42' title="bbox 2130 1339 3718 1416">
    <p class='ocr_par' dir='ltr' id='par_1_42' title="bbox 2130 1339 3718 1416">
     <span class='ocr_line' id='line_1_42' title="bbox 2130 1339 3718 1416; baseline 0.004 -23"><span class='ocrx_word' id='word_1_294' title='bbox 2130 1339 2200 1394; x_wconf 93' lang='lat' dir='ltr'><strong>ab</strong></span> <span class='ocrx_word' id='word_1_295' title='bbox 2244 1355 2389 1411; x_wconf 88' lang='lat' dir='ltr'><strong>aqua</strong></span> <span class='ocrx_word' id='word_1_296' title='bbox 2435 1342 2982 1401; x_wconf 80' lang='lat' dir='ltr'><strong>circumfunduntur.</strong></span> <span class='ocrx_word' id='word_1_297' title='bbox 3020 1345 3227 1401; x_wconf 90' lang='lat' dir='ltr'><strong>Deinde</strong></span> <span class='ocrx_word' id='word_1_298' title='bbox 3256 1347 3517 1416; x_wconf 83' lang='lat' dir='ltr'><strong>quoniam</strong></span> <span class='ocrx_word' id='word_1_299' title='bbox 3569 1363 3718 1416; x_wconf 88' lang='lat' dir='ltr'><strong>aqua</strong></span> 
     </span>
    </p>
   </div>
   <div class='ocr_carea' id='block_1_43' title="bbox 2133 1429 3720 1507">
    <p class='ocr_par' dir='ltr' id='par_1_43' title="bbox 2133 1429 3720 1507">
     <span class='ocr_line' id='line_1_43' title="bbox 2133 1429 3720 1507; baseline 0.005 -24"><span class='ocrx_word' id='word_1_300' title='bbox 2133 1429 2330 1502; x_wconf 80' lang='lat' dir='ltr'><strong>irrigat</strong></span> <span class='ocrx_word' id='word_1_301' title='bbox 2375 1434 2600 1504; x_wconf 88' lang='lat' dir='ltr'><strong>quidem</strong></span> <span class='ocrx_word' id='word_1_302' title='bbox 2652 1450 2878 1506; x_wconf 86' lang='lat' dir='ltr'><strong>corpus,</strong></span> <span class='ocrx_word' id='word_1_303' title='bbox 2919 1437 3134 1507; x_wconf 77' lang='lat'><strong>1387</strong></span> <span class='ocrx_word' id='word_1_304' title='bbox 3165 1446 3219 1492; x_wconf 89' lang='lat' dir='ltr'><strong>et</strong></span> <span class='ocrx_word' id='word_1_305' title='bbox 3260 1437 3572 1503; x_wconf 77' lang='lat' dir='ltr'><strong>madefacit,</strong></span> <span class='ocrx_word' id='word_1_306' title='bbox 3622 1439 3720 1493; x_wconf 85' lang='lat' dir='ltr'><strong>sed</strong></span> 
     </span>
    </p>
   </div>
   <div class='ocr_carea' id='block_1_44' title="bbox 2127 1521 3719 1599">
    <p class='ocr_par' dir='ltr' id='par_1_44' title="bbox 2127 1521 3719 1599">
     <span class='ocr_line' id='line_1_44' title="bbox 2127 1521 3719 1599; baseline 0.006 -25"><span class='ocrx_word' id='word_1_307' title='bbox 2127 1536 2238 1575; x_wconf 93' lang='lat' dir='ltr'><strong>non</strong></span> <span class='ocrx_word' id='word_1_308' title='bbox 2270 1521 2434 1578; x_wconf 84' lang='lat' dir='ltr'><strong>habet</strong></span> <span class='ocrx_word' id='word_1_309' title='bbox 2457 1524 2676 1581; x_wconf 86' lang='lat' dir='ltr'><strong>ﬁrmum</strong></span> <span class='ocrx_word' id='word_1_310' title='bbox 2707 1527 3014 1593; x_wconf 83' lang='lat' dir='ltr'><strong>humorem,</strong></span> <span class='ocrx_word' id='word_1_311' title='bbox 3049 1528 3237 1584; x_wconf 86' lang='lat' dir='ltr'><strong>subdit</strong></span> <span class='ocrx_word' id='word_1_312' title='bbox 3269 1547 3282 1583; x_wconf 92' lang='lat'><strong>:</strong></span> <span class='ocrx_word' id='word_1_313' title='bbox 3313 1548 3332 1580; x_wconf 82' lang='grc' dir='ltr'><strong>ι</strong></span> <span class='ocrx_word' id='word_1_314' title='bbox 3363 1530 3427 1583; x_wconf 88' lang='lat' dir='ltr'><strong>Et</strong></span> <span class='ocrx_word' id='word_1_315' title='bbox 3457 1538 3719 1599; x_wconf 85' lang='lat' dir='ltr'><strong>tanquam</strong></span> 
     </span>
    </p>
   </div>
   <div class='ocr_carea' id='block_1_45' title="bbox 2128 1609 3719 1685">
    <p class='ocr_par' dir='ltr' id='par_1_45' title="bbox 2128 1609 3719 1685">
     <span class='ocr_line' id='line_1_45' title="bbox 2128 1609 3719 1685; baseline 0.006 -20"><span class='ocrx_word' id='word_1_316' title='bbox 2128 1609 2310 1665; x_wconf 91' lang='lat' dir='ltr'><strong>oleum</strong></span> <span class='ocrx_word' id='word_1_317' title='bbox 2348 1613 2406 1666; x_wconf 92' lang='lat' dir='ltr'><strong>in</strong></span> <span class='ocrx_word' id='word_1_318' title='bbox 2439 1613 2661 1671; x_wconf 88' lang='lat' dir='ltr'><strong>ossibus</strong></span> <span class='ocrx_word' id='word_1_319' title='bbox 2706 1616 2847 1685; x_wconf 86' lang='lat' dir='ltr'><strong>ejus.</strong></span> <span class='ocrx_word' id='word_1_320' title='bbox 2886 1635 2905 1668; x_wconf 79' lang='grc' dir='ltr'><strong>ι</strong></span> <span class='ocrx_word' id='word_1_321' title='bbox 2958 1617 3152 1672; x_wconf 90' lang='lat' dir='ltr'><strong>Oleum</strong></span> <span class='ocrx_word' id='word_1_322' title='bbox 3202 1617 3350 1673; x_wconf 84' lang='lat' dir='ltr'><strong>enim</strong></span> <span class='ocrx_word' id='word_1_323' title='bbox 3400 1619 3608 1675; x_wconf 87' lang='lat' dir='ltr'><strong>diutius</strong></span> <span class='ocrx_word' id='word_1_324' title='bbox 3663 1619 3719 1674; x_wconf 87' lang='lat' dir='ltr'><strong>in</strong></span> 
     </span>
    </p>
   </div>
   <div class='ocr_carea' id='block_1_46' title="bbox 2128 1706 3718 1775">
    <p class='ocr_par' dir='ltr' id='par_1_46' title="bbox 2128 1706 3718 1775">
     <span class='ocr_line' id='line_1_46' title="bbox 2128 1706 3718 1775; baseline 0.006 -20"><span class='ocrx_word' id='word_1_325' title='bbox 2128 1715 2363 1772; x_wconf 85' lang='lat' dir='ltr'><strong>corpore</strong></span> <span class='ocrx_word' id='word_1_326' title='bbox 2421 1715 2731 1774; x_wconf 88' lang='lat' dir='ltr'><strong>permanet.</strong></span> <span class='ocrx_word' id='word_1_327' title='bbox 2780 1706 2938 1773; x_wconf 86' lang='lat' dir='ltr'><strong>Quod</strong></span> <span class='ocrx_word' id='word_1_328' title='bbox 2992 1719 3176 1763; x_wconf 90' lang='lat' dir='ltr'><strong>autem</strong></span> <span class='ocrx_word' id='word_1_329' title='bbox 3227 1710 3383 1775; x_wconf 88' lang='lat' dir='ltr'><strong>dicit,</strong></span> <span class='ocrx_word' id='word_1_330' title='bbox 3438 1712 3545 1767; x_wconf 87' lang='lat' dir='ltr'><strong>hoc</strong></span> <span class='ocrx_word' id='word_1_331' title='bbox 3591 1723 3718 1766; x_wconf 88' lang='lat' dir='ltr'><strong>est:</strong></span> 
     </span>
    </p>
   </div>
   <div class='ocr_carea' id='block_1_47' title="bbox 2127 1789 3721 1872">
    <p class='ocr_par' dir='ltr' id='par_1_47' title="bbox 2127 1789 3721 1872">
     <span class='ocr_line' id='line_1_47' title="bbox 2127 1789 3721 1872; baseline 0.009 -27"><span class='ocrx_word' id='word_1_332' title='bbox 2127 1789 2397 1848; x_wconf 87' lang='lat' dir='ltr'><strong>Malorum</strong></span> <span class='ocrx_word' id='word_1_333' title='bbox 2441 1795 2596 1866; x_wconf 87' lang='lat' dir='ltr'><strong>copia</strong></span> <span class='ocrx_word' id='word_1_334' title='bbox 2649 1798 2889 1866; x_wconf 80' lang='lat' dir='ltr'><strong>ingruet,</strong></span> <span class='ocrx_word' id='word_1_335' title='bbox 2930 1815 3054 1870; x_wconf 75' lang='lat' dir='ltr'><strong>quae</strong></span> <span class='ocrx_word' id='word_1_336' title='bbox 3091 1817 3251 1872; x_wconf 67' lang='lat' dir='ltr'><strong>aqua:</strong></span> <span class='ocrx_word' id='word_1_337' title='bbox 3295 1805 3721 1870; x_wconf 77' lang='lat' dir='ltr'><strong>vehementiam,</strong></span> 
     </span>
    </p>
   </div>
   <div class='ocr_carea' id='block_1_48' title="bbox 2057 1882 3106 1962">
    <p class='ocr_par' dir='ltr' id='par_1_48' title="bbox 2057 1882 3106 1962">
     <span class='ocr_line' id='line_1_48' title="bbox 2057 1882 3106 1962; baseline 0.01 -26"><span class='ocrx_word' id='word_1_338' title='bbox 2057 1907 2102 1962; x_wconf 76' lang='grc' dir='ltr'><strong>Β</strong></span> <span class='ocrx_word' id='word_1_339' title='bbox 2129 1882 2234 1938; x_wconf 88' lang='lat' dir='ltr'><strong>olei</strong></span> <span class='ocrx_word' id='word_1_340' title='bbox 2267 1897 2400 1938; x_wconf 86' lang='lat' dir='ltr'><strong>vero</strong></span> <span class='ocrx_word' id='word_1_341' title='bbox 2429 1885 2748 1941; x_wconf 81' lang='lat' dir='ltr'><strong>ﬁrmitatem</strong></span> <span class='ocrx_word' id='word_1_342' title='bbox 2775 1889 3106 1946; x_wconf 88' lang='lat' dir='ltr'><strong>imitabitur.</strong></span> 
     </span>
    </p>
   </div>
   <div class='ocr_carea' id='block_1_49' title="bbox 2197 1991 3721 2078">
    <p class='ocr_par' dir='ltr' id='par_1_49' title="bbox 2197 1991 3721 2078">
     <span class='ocr_line' id='line_1_49' title="bbox 2197 1991 3721 2078; baseline 0.012 -33"><span class='ocrx_word' id='word_1_343' title='bbox 2197 1991 2368 2051; x_wconf 71' lang='lat' dir='ltr'><strong>Vsus.</strong></span> <span class='ocrx_word' id='word_1_344' title='bbox 2429 1997 2519 2051; x_wconf 77' lang='lat' dir='ltr'><strong>l9.</strong></span> <span class='ocrx_word' id='word_1_345' title='bbox 2583 2016 2602 2048; x_wconf 79' lang='grc' dir='ltr'><strong>ι</strong></span> <span class='ocrx_word' id='word_1_346' title='bbox 2663 1997 2787 2054; x_wconf 83' lang='lat' dir='ltr'><strong>Fiat</strong></span> <span class='ocrx_word' id='word_1_347' title='bbox 2836 2000 2886 2054; x_wconf 89' lang='lat' dir='ltr'><strong>ei</strong></span> <span class='ocrx_word' id='word_1_348' title='bbox 2940 2001 3085 2056; x_wconf 88' lang='lat' dir='ltr'><strong>sicut</strong></span> <span class='ocrx_word' id='word_1_349' title='bbox 3134 2004 3528 2060; x_wconf 82' lang='lat' dir='ltr'><strong>vestimentum</strong></span> <span class='ocrx_word' id='word_1_350' title='bbox 3608 2023 3721 2078; x_wconf 91' lang='lat' dir='ltr'><strong>quo</strong></span> 
     </span>
    </p>
   </div>
   <div class='ocr_carea' id='block_1_50' title="bbox 2126 2084 3714 2165">
    <p class='ocr_par' dir='ltr' id='par_1_50' title="bbox 2126 2084 3714 2165">
     <span class='ocr_line' id='line_1_50' title="bbox 2126 2084 3714 2165; baseline 0.008 -27"><span class='ocrx_word' id='word_1_351' title='bbox 2126 2084 2399 2154; x_wconf 89' lang='lat' dir='ltr'><strong>operitur,</strong></span> <span class='ocrx_word' id='word_1_352' title='bbox 2434 2093 2490 2141; x_wconf 90' lang='lat' dir='ltr'><strong>et</strong></span> <span class='ocrx_word' id='word_1_353' title='bbox 2516 2086 2658 2142; x_wconf 88' lang='lat' dir='ltr'><strong>sicut</strong></span> <span class='ocrx_word' id='word_1_354' title='bbox 2689 2103 2828 2143; x_wconf 87' lang='lat' dir='ltr'><strong>zona</strong></span> <span class='ocrx_word' id='word_1_355' title='bbox 2860 2105 2969 2159; x_wconf 91' lang='lat' dir='ltr'><strong>qua</strong></span> <span class='ocrx_word' id='word_1_356' title='bbox 3026 2107 3244 2162; x_wconf 91' lang='lat' dir='ltr'><strong>semper</strong></span> <span class='ocrx_word' id='word_1_357' title='bbox 3278 2095 3653 2165; x_wconf 69' lang='lat' dir='ltr'><strong>praacingitur.</strong></span> <span class='ocrx_word' id='word_1_358' title='bbox 3694 2116 3714 2150; x_wconf 74' lang='grc' dir='ltr'><strong>ι</strong></span> 
     </span>
    </p>
   </div>
   <div class='ocr_carea' id='block_1_51' title="bbox 2135 2172 3720 2248">
    <p class='ocr_par' dir='ltr' id='par_1_51' title="bbox 2135 2172 3720 2248">
     <span class='ocr_line' id='line_1_51' title="bbox 2135 2172 3720 2248; baseline 0.008 -21"><span class='ocrx_word' id='word_1_359' title='bbox 2135 2172 2416 2244; x_wconf 88' lang='lat' dir='ltr'><strong>Undique,</strong></span> <span class='ocrx_word' id='word_1_360' title='bbox 2453 2176 2657 2246; x_wconf 91' lang='lat' dir='ltr'><strong>inquit,</strong></span> <span class='ocrx_word' id='word_1_361' title='bbox 2691 2179 2968 2248; x_wconf 65' lang='lat' dir='ltr'><strong>praedictis</strong></span> <span class='ocrx_word' id='word_1_362' title='bbox 2992 2182 3174 2246; x_wconf 89' lang='lat' dir='ltr'><strong>malis,</strong></span> <span class='ocrx_word' id='word_1_363' title='bbox 3211 2182 3358 2237; x_wconf 83' lang='lat' dir='ltr'><strong>sicut</strong></span> <span class='ocrx_word' id='word_1_364' title='bbox 3390 2185 3720 2240; x_wconf 88' lang='lat' dir='ltr'><strong>vestimento</strong></span> 
     </span>
    </p>
   </div>
   <div class='ocr_carea' id='block_1_52' title="bbox 2125 2267 3447 2345">
    <p class='ocr_par' dir='ltr' id='par_1_52' title="bbox 2125 2267 3447 2345">
     <span class='ocr_line' id='line_1_52' title="bbox 2125 2267 3447 2345; baseline 0.006 -24"><span class='ocrx_word' id='word_1_365' title='bbox 2125 2267 2436 2337; x_wconf 89' lang='lat' dir='ltr'><strong>operiatur,</strong></span> <span class='ocrx_word' id='word_1_366' title='bbox 2467 2278 2526 2325; x_wconf 90' lang='lat' dir='ltr'><strong>et</strong></span> <span class='ocrx_word' id='word_1_367' title='bbox 2555 2271 2730 2327; x_wconf 88' lang='lat' dir='ltr'><strong>veluti</strong></span> <span class='ocrx_word' id='word_1_368' title='bbox 2763 2271 2984 2344; x_wconf 66' lang='lat' dir='ltr'><strong>cingulo</strong></span> <span class='ocrx_word' id='word_1_369' title='bbox 3013 2275 3447 2345; x_wconf 81' lang='lat' dir='ltr'><strong>constringatur.</strong></span> 
     </span>
    </p>
   </div>
   <div class='ocr_carea' id='block_1_53' title="bbox 2125 2469 3723 2544">
    <p class='ocr_par' dir='ltr' id='par_1_53' title="bbox 2125 2469 3723 2544">
     <span class='ocr_line' id='line_1_53' title="bbox 2125 2469 3723 2544; baseline 0.003 -21"><span class='ocrx_word' id='word_1_370' title='bbox 2125 2471 2132 2500; x_wconf 83' lang='lat'><strong>-&#39;</strong></span> <span class='ocrx_word' id='word_1_371' title='bbox 2200 2469 2370 2526; x_wconf 74' lang='lat' dir='ltr'><strong>Vens.</strong></span> <span class='ocrx_word' id='word_1_372' title='bbox 2410 2471 2502 2528; x_wconf 79' lang='lat'><strong>20.</strong></span> <span class='ocrx_word' id='word_1_373' title='bbox 2553 2491 2571 2524; x_wconf 80' lang='grc' dir='ltr'><strong>ι</strong></span> <span class='ocrx_word' id='word_1_374' title='bbox 2619 2473 2736 2529; x_wconf 90' lang='lat' dir='ltr'><strong>Hoc</strong></span> <span class='ocrx_word' id='word_1_375' title='bbox 2789 2488 2928 2544; x_wconf 90' lang='lat' dir='ltr'><strong>opus</strong></span> <span class='ocrx_word' id='word_1_376' title='bbox 2982 2489 3212 2539; x_wconf 90' lang='lat' dir='ltr'><strong>eorum,</strong></span> <span class='ocrx_word' id='word_1_377' title='bbox 3268 2473 3364 2544; x_wconf 91' lang='lat' dir='ltr'><strong>qui</strong></span> <span class='ocrx_word' id='word_1_378' title='bbox 3425 2472 3723 2528; x_wconf 84' lang='lat' dir='ltr'><strong>detrahunt</strong></span> 
     </span>
    </p>
   </div>
   <div class='ocr_carea' id='block_1_54' title="bbox 2126 2562 3718 2637">
    <p class='ocr_par' dir='ltr' id='par_1_54' title="bbox 2126 2562 3718 2637">
     <span class='ocr_line' id='line_1_54' title="bbox 2126 2562 3718 2637; baseline -0.001 -20"><span class='ocrx_word' id='word_1_379' title='bbox 2126 2562 2261 2617; x_wconf 92' lang='lat' dir='ltr'><strong>mihi</strong></span> <span class='ocrx_word' id='word_1_380' title='bbox 2295 2577 2326 2617; x_wconf 90' lang='lat' dir='ltr'><strong>a</strong></span> <span class='ocrx_word' id='word_1_381' title='bbox 2365 2562 2620 2619; x_wconf 92' lang='lat' dir='ltr'><strong>Domino.</strong></span> <span class='ocrx_word' id='word_1_382' title='bbox 2662 2583 2682 2617; x_wconf 87' lang='grc'><strong>›</strong></span> <span class='ocrx_word' id='word_1_383' title='bbox 2733 2566 2842 2620; x_wconf 87' lang='lat' dir='ltr'><strong>Alii</strong></span> <span class='ocrx_word' id='word_1_384' title='bbox 2878 2580 3030 2632; x_wconf 90' lang='lat' dir='ltr'><strong>vero,</strong></span> <span class='ocrx_word' id='word_1_385' title='bbox 3079 2567 3170 2637; x_wconf 75' lang='lat' dir='ltr'><strong>qui</strong></span> <span class='ocrx_word' id='word_1_386' title='bbox 3201 2575 3388 2619; x_wconf 86' lang='lat' dir='ltr'><strong>contra</strong></span> <span class='ocrx_word' id='word_1_387' title='bbox 3435 2575 3718 2630; x_wconf 78' lang='lat' dir='ltr'><strong>steterunt,</strong></span> 
     </span>
    </p>
   </div>
   <div class='ocr_carea' id='block_1_55' title="bbox 2127 2652 3721 2725">
    <p class='ocr_par' dir='ltr' id='par_1_55' title="bbox 2127 2652 3721 2725">
     <span class='ocr_line' id='line_1_55' title="bbox 2127 2652 3721 2725; baseline 0 -19"><span class='ocrx_word' id='word_1_388' title='bbox 2127 2652 2479 2724; x_wconf 88' lang='lat' dir='ltr'><strong>interpretati</strong></span> <span class='ocrx_word' id='word_1_389' title='bbox 2529 2663 2678 2710; x_wconf 87' lang='lat' dir='ltr'><strong>sunt.</strong></span> <span class='ocrx_word' id='word_1_390' title='bbox 2719 2673 2739 2707; x_wconf 83' lang='grc' dir='ltr'><strong>ι</strong></span> <span class='ocrx_word' id='word_1_391' title='bbox 2777 2655 2844 2709; x_wconf 87' lang='grc' dir='ltr'><strong>Ει</strong></span> <span class='ocrx_word' id='word_1_392' title='bbox 2887 2655 2983 2725; x_wconf 89' lang='lat' dir='ltr'><strong>qui</strong></span> <span class='ocrx_word' id='word_1_393' title='bbox 3017 2655 3318 2724; x_wconf 88' lang='lat' dir='ltr'><strong>loquuntur</strong></span> <span class='ocrx_word' id='word_1_394' title='bbox 3351 2656 3492 2708; x_wconf 87' lang='lat' dir='ltr'><strong>mala</strong></span> <span class='ocrx_word' id='word_1_395' title='bbox 3527 2655 3721 2708; x_wconf 64' lang='grc' dir='ltr'>θάνα-</span> 
     </span>
    </p>
   </div>
   <div class='ocr_carea' id='block_1_56' title="bbox 2125 2746 3718 2817">
    <p class='ocr_par' dir='ltr' id='par_1_56' title="bbox 2125 2746 3718 2817">
     <span class='ocr_line' id='line_1_56' title="bbox 2125 2746 3718 2817; baseline 0.001 -18"><span class='ocrx_word' id='word_1_396' title='bbox 2125 2759 2224 2800; x_wconf 88' lang='lat' dir='ltr'><strong>sus</strong></span> <span class='ocrx_word' id='word_1_397' title='bbox 2273 2746 2515 2800; x_wconf 86' lang='lat' dir='ltr'><strong>animam</strong></span> <span class='ocrx_word' id='word_1_398' title='bbox 2565 2762 2766 2803; x_wconf 89' lang='lat' dir='ltr'><strong>meam.</strong></span> <span class='ocrx_word' id='word_1_399' title='bbox 2808 2767 2827 2800; x_wconf 74' lang='grc' dir='ltr'><strong>ι</strong></span> <span class='ocrx_word' id='word_1_400' title='bbox 2870 2747 2980 2804; x_wconf 87' lang='lat' dir='ltr'><strong>Hos</strong></span> <span class='ocrx_word' id='word_1_401' title='bbox 3011 2749 3306 2817; x_wconf 89' lang='lat' dir='ltr'><strong>decerpent</strong></span> <span class='ocrx_word' id='word_1_402' title='bbox 3351 2746 3566 2800; x_wconf 84' lang='lat' dir='ltr'><strong>fructus</strong></span> <span class='ocrx_word' id='word_1_403' title='bbox 3599 2755 3718 2800; x_wconf 90' lang='lat' dir='ltr'><strong>tum</strong></span> 
     </span>
    </p>
   </div>
   <div class='ocr_carea' id='block_1_57' title="bbox 2125 2836 3720 2907">
    <p class='ocr_par' dir='ltr' id='par_1_57' title="bbox 2125 2836 3720 2907">
     <span class='ocr_line' id='line_1_57' title="bbox 2125 2836 3720 2907; baseline 0.003 -18"><span class='ocrx_word' id='word_1_404' title='bbox 2125 2836 2188 2900; x_wconf 90' lang='lat' dir='ltr'><strong>ii,</strong></span> <span class='ocrx_word' id='word_1_405' title='bbox 2217 2836 2314 2906; x_wconf 92' lang='lat' dir='ltr'><strong>qui</strong></span> <span class='ocrx_word' id='word_1_406' title='bbox 2347 2845 2540 2892; x_wconf 90' lang='lat' dir='ltr'><strong>contra</strong></span> <span class='ocrx_word' id='word_1_407' title='bbox 2581 2853 2668 2892; x_wconf 93' lang='lat' dir='ltr'><strong>me</strong></span> <span class='ocrx_word' id='word_1_408' title='bbox 2695 2838 2876 2894; x_wconf 87' lang='lat' dir='ltr'><strong>scelus</strong></span> <span class='ocrx_word' id='word_1_409' title='bbox 2909 2839 3273 2905; x_wconf 87' lang='lat' dir='ltr'><strong>admiserunt,</strong></span> <span class='ocrx_word' id='word_1_410' title='bbox 3306 2849 3419 2894; x_wconf 89' lang='lat' dir='ltr'><strong>tum</strong></span> <span class='ocrx_word' id='word_1_411' title='bbox 3452 2839 3720 2907; x_wconf 91' lang='lat' dir='ltr'><strong>proditor,</strong></span> 
     </span>
    </p>
   </div>
   <div class='ocr_carea' id='block_1_58' title="bbox 2124 2927 3720 2998">
    <p class='ocr_par' dir='ltr' id='par_1_58' title="bbox 2124 2927 3720 2998">
     <span class='ocr_line' id='line_1_58' title="bbox 2124 2927 3720 2998; baseline 0.001 -18"><span class='ocrx_word' id='word_1_412' title='bbox 2124 2927 2218 2998; x_wconf 93' lang='lat' dir='ltr'><strong>qui</strong></span> <span class='ocrx_word' id='word_1_413' title='bbox 2252 2928 2392 2997; x_wconf 90' lang='lat' dir='ltr'><strong>ipsis</strong></span> <span class='ocrx_word' id='word_1_414' title='bbox 2436 2929 2686 2984; x_wconf 86' lang='lat' dir='ltr'><strong>servivit.</strong></span> <span class='ocrx_word' id='word_1_415' title='bbox 2719 2930 2992 2996; x_wconf 86' lang='lat' dir='ltr'><strong>Quoniam</strong></span> <span class='ocrx_word' id='word_1_416' title='bbox 3029 2930 3172 2985; x_wconf 90' lang='lat' dir='ltr'><strong>enim</strong></span> <span class='ocrx_word' id='word_1_417' title='bbox 3209 2930 3551 2984; x_wconf 90' lang='lat' dir='ltr'><strong>contrarium</strong></span> <span class='ocrx_word' id='word_1_418' title='bbox 3583 2928 3720 2995; x_wconf 89' lang='lat' dir='ltr'><strong>Deo,</strong></span> 
     </span>
    </p>
   </div>
   <div class='ocr_carea' id='block_1_59' title="bbox 2124 3018 3723 3092">
    <p class='ocr_par' dir='ltr' id='par_1_59' title="bbox 2124 3018 3723 3092">
     <span class='ocr_line' id='line_1_59' title="bbox 2124 3018 3723 3092; baseline 0.003 -20"><span class='ocrx_word' id='word_1_419' title='bbox 2124 3018 2372 3090; x_wconf 75' lang='lat' dir='ltr'><strong>legisque</strong></span> <span class='ocrx_word' id='word_1_420' title='bbox 2427 3028 2894 3092; x_wconf 82' lang='lat' dir='ltr'><strong>transgressorem</strong></span> <span class='ocrx_word' id='word_1_421' title='bbox 2949 3036 3076 3077; x_wconf 87' lang='lat' dir='ltr'><strong>eum</strong></span> <span class='ocrx_word' id='word_1_422' title='bbox 3132 3021 3448 3089; x_wconf 87' lang='lat' dir='ltr'><strong>vocabant,</strong></span> <span class='ocrx_word' id='word_1_423' title='bbox 3522 3021 3723 3076; x_wconf 87' lang='lat' dir='ltr'><strong>merito</strong></span> 
     </span>
    </p>
   </div>
   <div class='ocr_carea' id='block_1_60' title="bbox 2123 3110 3389 3180">
    <p class='ocr_par' dir='ltr' id='par_1_60' title="bbox 2123 3110 3389 3180">
     <span class='ocr_line' id='line_1_60' title="bbox 2123 3110 3389 3180; baseline 0.006 -15"><span class='ocrx_word' id='word_1_424' title='bbox 2123 3110 2264 3166; x_wconf 87' lang='lat' dir='ltr'><strong>dixit</strong></span> <span class='ocrx_word' id='word_1_425' title='bbox 2292 3129 2306 3166; x_wconf 88' lang='lat'>:</span> <span class='ocrx_word' id='word_1_426' title='bbox 2348 3130 2367 3164; x_wconf 82' lang='grc' dir='ltr'><strong>ι</strong></span> <span class='ocrx_word' id='word_1_427' title='bbox 2403 3111 2507 3180; x_wconf 90' lang='lat' dir='ltr'><strong>Qui</strong></span> <span class='ocrx_word' id='word_1_428' title='bbox 2535 3113 2835 3170; x_wconf 89' lang='lat' dir='ltr'><strong>detrahunt</strong></span> <span class='ocrx_word' id='word_1_429' title='bbox 2865 3113 3002 3167; x_wconf 90' lang='lat' dir='ltr'><strong>mihi</strong></span> <span class='ocrx_word' id='word_1_430' title='bbox 3033 3128 3064 3167; x_wconf 93' lang='lat' dir='ltr'><strong>a</strong></span> <span class='ocrx_word' id='word_1_431' title='bbox 3091 3111 3347 3168; x_wconf 91' lang='lat' dir='ltr'><strong>Domino.</strong></span> <span class='ocrx_word' id='word_1_432' title='bbox 3367 3136 3389 3172; x_wconf 80' lang='grc' dir='ltr'><strong>ι</strong></span> 
     </span>
    </p>
   </div>
   <div class='ocr_carea' id='block_1_61' title="bbox 506 3221 2025 3315">
    <p class='ocr_par' dir='ltr' id='par_1_61' title="bbox 506 3222 2021 3298">
     <span class='ocr_line' id='line_1_61' title="bbox 506 3222 2021 3298; baseline 0.003 -22"><span class='ocrx_word' id='word_1_433' title='bbox 506 3222 614 3278; x_wconf 62' lang='grc' dir='ltr'>καί.</span> <span class='ocrx_word' id='word_1_434' title='bbox 664 3243 684 3276; x_wconf 86' lang='grc' dir='ltr'><strong>ι</strong></span> <span class='ocrx_word' id='word_1_435' title='bbox 720 3225 832 3278; x_wconf 73' lang='grc' dir='ltr'><strong>Καὶ</strong></span> <span class='ocrx_word' id='word_1_436' title='bbox 871 3225 960 3292; x_wconf 77' lang='grc' dir='ltr'>σὺ,</span> <span class='ocrx_word' id='word_1_437' title='bbox 991 3224 1191 3297; x_wconf 81' lang='grc' dir='ltr'>Κύριε,</span> <span class='ocrx_word' id='word_1_438' title='bbox 1218 3226 1415 3298; x_wconf 85' lang='grc' dir='ltr'>Κύριε,</span> <span class='ocrx_word' id='word_1_439' title='bbox 1445 3227 1674 3298; x_wconf 88' lang='grc' dir='ltr'>ποίησον</span> <span class='ocrx_word' id='word_1_440' title='bbox 1707 3224 1847 3298; x_wconf 83' lang='grc' dir='ltr'>μετὰ</span> <span class='ocrx_word' id='word_1_441' title='bbox 1885 3226 2021 3298; x_wconf 88' lang='grc' dir='ltr'>ἐμοῦ</span> 
     </span>
    </p>
   </div>
   <div class='ocr_carea' id='block_1_62' title="bbox 2128 3221 3721 3315">
    <p class='ocr_par' dir='ltr' id='par_1_62' title="bbox 2197 3221 3721 3293">
     <span class='ocr_line' id='line_1_62' title="bbox 2197 3221 3721 3293; baseline 0.001 -16"><span class='ocrx_word' id='word_1_442' title='bbox 2197 3221 2368 3281; x_wconf 79' lang='lat' dir='ltr'><strong>Vens.</strong></span> <span class='ocrx_word' id='word_1_443' title='bbox 2407 3225 2499 3281; x_wconf 72' lang='lat'><strong>2|.</strong></span> <span class='ocrx_word' id='word_1_444' title='bbox 2535 3243 2554 3278; x_wconf 89' lang='grc' dir='ltr'><strong>ι</strong></span> <span class='ocrx_word' id='word_1_445' title='bbox 2586 3225 2652 3280; x_wconf 85' lang='grc' dir='ltr'>Ει</span> <span class='ocrx_word' id='word_1_446' title='bbox 2684 3235 2764 3291; x_wconf 83' lang='grc' dir='ltr'>ιιι,</span> <span class='ocrx_word' id='word_1_447' title='bbox 2799 3227 3050 3293; x_wconf 89' lang='lat' dir='ltr'><strong>Domine,</strong></span> <span class='ocrx_word' id='word_1_448' title='bbox 3090 3225 3344 3289; x_wconf 89' lang='lat' dir='ltr'><strong>Domine,</strong></span> <span class='ocrx_word' id='word_1_449' title='bbox 3387 3224 3475 3280; x_wconf 87' lang='lat' dir='ltr'><strong>l&#39;ac</strong></span> <span class='ocrx_word' id='word_1_450' title='bbox 3501 3240 3721 3280; x_wconf 86' lang='lat' dir='ltr'><strong>mecum</strong></span> 
     </span>
    </p>
   </div>
   <div class='ocr_carea' id='block_1_63' title="bbox 428 3314 2021 3390">
    <p class='ocr_par' dir='ltr' id='par_1_63' title="bbox 428 3314 2021 3390">
     <span class='ocr_line' id='line_1_63' title="bbox 428 3314 2021 3390; baseline 0.003 -22"><span class='ocrx_word' id='word_1_451' title='bbox 428 3314 623 3369; x_wconf 72' lang='grc' dir='ltr'>ἕνεκεν</span> <span class='ocrx_word' id='word_1_452' title='bbox 658 3315 754 3368; x_wconf 91' lang='grc' dir='ltr'><strong>τοῦ</strong></span> <span class='ocrx_word' id='word_1_453' title='bbox 779 3317 1048 3386; x_wconf 84' lang='grc' dir='ltr'>ὀνόματός</span> <span class='ocrx_word' id='word_1_454' title='bbox 1084 3335 1200 3384; x_wconf 90' lang='grc' dir='ltr'>σου,</span> <span class='ocrx_word' id='word_1_455' title='bbox 1221 3319 1305 3372; x_wconf 84' lang='grc' dir='ltr'>ὅτι</span> <span class='ocrx_word' id='word_1_456' title='bbox 1331 3318 1570 3390; x_wconf 80' lang='grc' dir='ltr'>χρηστὸν</span> <span class='ocrx_word' id='word_1_457' title='bbox 1592 3320 1656 3372; x_wconf 78' lang='grc' dir='ltr'>τὸ</span> <span class='ocrx_word' id='word_1_458' title='bbox 1674 3319 1825 3383; x_wconf 80' lang='grc' dir='ltr'>ἔλεός</span> <span class='ocrx_word' id='word_1_459' title='bbox 1856 3337 1973 3374; x_wconf 85' lang='grc' dir='ltr'>σου.</span> <span class='ocrx_word' id='word_1_460' title='bbox 2001 3339 2021 3374; x_wconf 78' lang='grc' dir='ltr'><strong>ι</strong></span> 
     </span>
    </p>
   </div>
   <div class='ocr_carea' id='block_1_64' title="bbox 430 3405 2027 3484">
    <p class='ocr_par' dir='ltr' id='par_1_64' title="bbox 430 3405 2027 3484">
     <span class='ocr_line' id='line_1_64' title="bbox 430 3405 2027 3484; baseline 0.004 -24"><span class='ocrx_word' id='word_1_461' title='bbox 430 3407 547 3461; x_wconf 81' lang='lat' dir='ltr'><strong>Kal</strong></span> <span class='ocrx_word' id='word_1_462' title='bbox 580 3405 756 3462; x_wconf 83' lang='grc' dir='ltr'>ταῦτα</span> <span class='ocrx_word' id='word_1_463' title='bbox 801 3408 1160 3477; x_wconf 80' lang='grc' dir='ltr'>ἀνθρωπίνως</span> <span class='ocrx_word' id='word_1_464' title='bbox 1215 3411 1437 3482; x_wconf 74' lang='grc' dir='ltr'>εἴρηκεν</span> <span class='ocrx_word' id='word_1_465' title='bbox 1487 3413 1516 3465; x_wconf 87' lang='grc' dir='ltr'>ὁ</span> <span class='ocrx_word' id='word_1_466' title='bbox 1554 3412 1834 3483; x_wconf 86' lang='grc' dir='ltr'>Δεσπότης</span> <span class='ocrx_word' id='word_1_467' title='bbox 1888 3413 2027 3484; x_wconf 85' lang='grc' dir='ltr'>Χρι-</span> 
     </span>
    </p>
   </div>
   <div class='ocr_carea' id='block_1_65' title="bbox 431 3497 2026 3574">
    <p class='ocr_par' dir='ltr' id='par_1_65' title="bbox 431 3497 2026 3574">
     <span class='ocr_line' id='line_1_65' title="bbox 431 3497 2026 3574; baseline 0.003 -24"><span class='ocrx_word' id='word_1_468' title='bbox 431 3497 562 3561; x_wconf 89' lang='grc' dir='ltr'>στός</span> <span class='ocrx_word' id='word_1_469' title='bbox 587 3512 602 3528; x_wconf 79' lang='grc'><strong><em>⁸</em></strong></span> <span class='ocrx_word' id='word_1_470' title='bbox 641 3499 822 3552; x_wconf 86' lang='grc' dir='ltr'>πάντα</span> <span class='ocrx_word' id='word_1_471' title='bbox 849 3499 960 3570; x_wconf 84' lang='grc' dir='ltr'><strong>γάρ</strong></span> <span class='ocrx_word' id='word_1_472' title='bbox 1002 3499 1071 3554; x_wconf 79' lang='grc' dir='ltr'><strong>τὰ</strong></span> <span class='ocrx_word' id='word_1_473' title='bbox 1096 3500 1418 3573; x_wconf 82' lang='grc' dir='ltr'>ἀνθρώπεια</span> <span class='ocrx_word' id='word_1_474' title='bbox 1445 3502 1585 3573; x_wconf 83' lang='grc' dir='ltr'>πλὴν</span> <span class='ocrx_word' id='word_1_475' title='bbox 1612 3503 1895 3574; x_wconf 85' lang='grc' dir='ltr'>ἁμαρτίας</span> <span class='ocrx_word' id='word_1_476' title='bbox 1925 3519 2026 3555; x_wconf 86' lang='grc' dir='ltr'>πε-</span> 
     </span>
    </p>
   </div>
   <div class='ocr_carea' id='block_1_66' title="bbox 429 3588 2027 3667">
    <p class='ocr_par' dir='ltr' id='par_1_66' title="bbox 429 3588 2027 3667">
     <span class='ocr_line' id='line_1_66' title="bbox 429 3588 2027 3667; baseline 0.003 -25"><span class='ocrx_word' id='word_1_477' title='bbox 429 3588 748 3660; x_wconf 85' lang='grc' dir='ltr'>πλήρωκεν.</span> <span class='ocrx_word' id='word_1_478' title='bbox 795 3590 1020 3662; x_wconf 82' lang='grc' dir='ltr'>Ἐτέχθη</span> <span class='ocrx_word' id='word_1_479' title='bbox 1071 3592 1181 3664; x_wconf 82' lang='grc' dir='ltr'>γὰρ</span> <span class='ocrx_word' id='word_1_480' title='bbox 1232 3595 1328 3648; x_wconf 62' lang='grc' dir='ltr'><strong>καλ⁵</strong></span> <span class='ocrx_word' id='word_1_481' title='bbox 1377 3595 1523 3649; x_wconf 85' lang='grc' dir='ltr'>κατὰ</span> <span class='ocrx_word' id='word_1_482' title='bbox 1573 3595 1666 3648; x_wconf 82' lang='grc' dir='ltr'>τὸν</span> <span class='ocrx_word' id='word_1_483' title='bbox 1709 3595 1876 3667; x_wconf 85' lang='grc' dir='ltr'>νόμον</span> <span class='ocrx_word' id='word_1_484' title='bbox 1922 3595 2027 3665; x_wconf 82' lang='grc' dir='ltr'>φύ-</span> 
     </span>
    </p>
   </div>
   <div class='ocr_carea' id='block_1_67' title="bbox 429 3681 2028 3757">
    <p class='ocr_par' dir='ltr' id='par_1_67' title="bbox 429 3681 2028 3757">
     <span class='ocr_line' id='line_1_67' title="bbox 429 3681 2028 3757; baseline 0.004 -24"><span class='ocrx_word' id='word_1_485' title='bbox 429 3698 573 3745; x_wconf 86' lang='grc' dir='ltr'>σεως</span> <span class='ocrx_word' id='word_1_486' title='bbox 592 3681 656 3747; x_wconf 70' lang='grc'><strong>’⁸,</strong></span> <span class='ocrx_word' id='word_1_487' title='bbox 678 3683 774 3736; x_wconf 86' lang='grc' dir='ltr'>καὶ</span> <span class='ocrx_word' id='word_1_488' title='bbox 803 3682 944 3753; x_wconf 83' lang='grc' dir='ltr'>ὑπὲρ</span> <span class='ocrx_word' id='word_1_489' title='bbox 965 3683 1056 3736; x_wconf 83' lang='grc' dir='ltr'>τὸν</span> <span class='ocrx_word' id='word_1_490' title='bbox 1070 3684 1236 3753; x_wconf 83' lang='grc' dir='ltr'>νόμον</span> <span class='ocrx_word' id='word_1_491' title='bbox 1253 3685 1355 3756; x_wconf 86' lang='grc' dir='ltr'>τῆς</span> <span class='ocrx_word' id='word_1_492' title='bbox 1381 3685 1614 3754; x_wconf 83' lang='grc' dir='ltr'>φύσεως,</span> <span class='ocrx_word' id='word_1_493' title='bbox 1631 3686 1705 3739; x_wconf 81' lang='grc' dir='ltr'>Τὸ</span> <span class='ocrx_word' id='word_1_494' title='bbox 1725 3687 1825 3756; x_wconf 92' lang='grc' dir='ltr'><strong>μέν</strong></span> <span class='ocrx_word' id='word_1_495' title='bbox 1839 3687 1946 3757; x_wconf 85' lang='grc' dir='ltr'><strong>γὰρ</strong></span> <span class='ocrx_word' id='word_1_496' title='bbox 1963 3687 2028 3740; x_wconf 87' lang='grc' dir='ltr'><strong>ἐκ</strong></span> 
     </span>
    </p>
   </div>
   <div class='ocr_carea' id='block_1_68' title="bbox 427 3775 2026 3847">
    <p class='ocr_par' dir='ltr' id='par_1_68' title="bbox 427 3775 2026 3847">
     <span class='ocr_line' id='line_1_68' title="bbox 427 3775 2026 3847; baseline 0.003 -22"><span class='ocrx_word' id='word_1_497' title='bbox 427 3775 716 3842; x_wconf 81' lang='grc' dir='ltr'>γυναικὸς,</span> <span class='ocrx_word' id='word_1_498' title='bbox 745 3776 844 3845; x_wconf 82' lang='grc' dir='ltr'>τῆς</span> <span class='ocrx_word' id='word_1_499' title='bbox 870 3775 1221 3846; x_wconf 81' lang='grc' dir='ltr'>ἀνθρωπίνης</span> <span class='ocrx_word' id='word_1_500' title='bbox 1249 3777 1466 3845; x_wconf 88' lang='grc' dir='ltr'>φύσεως</span> <span class='ocrx_word' id='word_1_501' title='bbox 1488 3793 1502 3807; x_wconf 90' lang='grc'><strong>·</strong></span> <span class='ocrx_word' id='word_1_502' title='bbox 1539 3776 1683 3847; x_wconf 84' lang='grc' dir='ltr'>ὑπὲρ</span> <span class='ocrx_word' id='word_1_503' title='bbox 1709 3777 1916 3846; x_wconf 89' lang='grc' dir='ltr'>ταύτην</span> <span class='ocrx_word' id='word_1_504' title='bbox 1943 3777 2026 3843; x_wconf 88' lang='grc' dir='ltr'>δὲ,</span> 
     </span>
    </p>
   </div>
   <div class='ocr_carea' id='block_1_69' title="bbox 426 3864 2023 3938">
    <p class='ocr_par' dir='ltr' id='par_1_69' title="bbox 426 3864 2023 3938">
     <span class='ocr_line' id='line_1_69' title="bbox 426 3864 2023 3938; baseline 0.002 -20"><span class='ocrx_word' id='word_1_505' title='bbox 426 3866 495 3918; x_wconf 84' lang='grc' dir='ltr'>τὸ</span> <span class='ocrx_word' id='word_1_506' title='bbox 519 3866 586 3918; x_wconf 83' lang='grc' dir='ltr'><strong>ἐκ</strong></span> <span class='ocrx_word' id='word_1_507' title='bbox 612 3864 918 3936; x_wconf 83' lang='grc' dir='ltr'>Παρθένου.</span> <span class='ocrx_word' id='word_1_508' title='bbox 959 3867 1210 3931; x_wconf 81' lang='grc' dir='ltr'>Ἐδέξατο</span> <span class='ocrx_word' id='word_1_509' title='bbox 1242 3867 1534 3937; x_wconf 88' lang='grc' dir='ltr'>σπάργανα</span> <span class='ocrx_word' id='word_1_510' title='bbox 1567 3869 1661 3921; x_wconf 81' lang='grc' dir='ltr'>καὶ</span> <span class='ocrx_word' id='word_1_511' title='bbox 1697 3867 2023 3938; x_wconf 80' lang='grc' dir='ltr'>περιτομήν,</span> 
     </span>
    </p>
   </div>
   <div class='ocr_carea' id='block_1_70' title="bbox 427 3957 2027 4029">
    <p class='ocr_par' dir='ltr' id='par_1_70' title="bbox 427 3957 2027 4029">
     <span class='ocr_line' id='line_1_70' title="bbox 427 3957 2027 4029; baseline 0.001 -20"><span class='ocrx_word' id='word_1_512' title='bbox 427 3957 531 4010; x_wconf 79' lang='grc' dir='ltr'>καὶ</span> <span class='ocrx_word' id='word_1_513' title='bbox 583 3957 684 4028; x_wconf 82' lang='grc' dir='ltr'>τὴν</span> <span class='ocrx_word' id='word_1_514' title='bbox 727 3959 792 4010; x_wconf 89' lang='grc' dir='ltr'><strong>ἐκ</strong></span> <span class='ocrx_word' id='word_1_515' title='bbox 843 3957 1117 4027; x_wconf 89' lang='grc' dir='ltr'>γάλακτος</span> <span class='ocrx_word' id='word_1_516' title='bbox 1169 3958 1410 4029; x_wconf 78' lang='grc' dir='ltr'>τροφὴν,</span> <span class='ocrx_word' id='word_1_517' title='bbox 1461 3959 1556 4013; x_wconf 76' lang='grc' dir='ltr'>καὶ</span> <span class='ocrx_word' id='word_1_518' title='bbox 1604 3958 1794 4024; x_wconf 90' lang='grc' dir='ltr'>θυσίας</span> <span class='ocrx_word' id='word_1_519' title='bbox 1854 3975 2027 4029; x_wconf 84' lang='grc' dir='ltr'>προσ-</span> 
     </span>
    </p>
   </div>
   <div class='ocr_carea' id='block_1_71' title="bbox 427 4049 2027 4120">
    <p class='ocr_par' dir='ltr' id='par_1_71' title="bbox 427 4049 2027 4120">
     <span class='ocr_line' id='line_1_71' title="bbox 427 4049 2027 4120; baseline 0 -19"><span class='ocrx_word' id='word_1_520' title='bbox 427 4049 689 4120; x_wconf 82' lang='grc' dir='ltr'>ήνεγκεν,</span> <span class='ocrx_word' id='word_1_521' title='bbox 742 4049 1058 4118; x_wconf 83' lang='grc' dir='ltr'>ἐνήστευσε,</span> <span class='ocrx_word' id='word_1_522' title='bbox 1107 4049 1205 4102; x_wconf 82' lang='grc' dir='ltr'>καὶ</span> <span class='ocrx_word' id='word_1_523' title='bbox 1233 4049 1538 4115; x_wconf 84' lang='grc' dir='ltr'>ἐπείνασεν,</span> <span class='ocrx_word' id='word_1_524' title='bbox 1569 4049 1792 4120; x_wconf 76' lang='grc' dir='ltr'>ἐδίψησε</span> <span class='ocrx_word' id='word_1_525' title='bbox 1829 4050 1892 4113; x_wconf 77' lang='grc'><strong>’⁸,</strong></span> <span class='ocrx_word' id='word_1_526' title='bbox 1929 4049 2027 4102; x_wconf 80' lang='grc' dir='ltr'>καὶ</span> 
     </span>
    </p>
   </div>
   <div class='ocr_carea' id='block_1_72' title="bbox 429 4138 2027 4212">
    <p class='ocr_par' dir='ltr' id='par_1_72' title="bbox 429 4138 2027 4212">
     <span class='ocr_line' id='line_1_72' title="bbox 429 4138 2027 4212; baseline 0.001 -20"><span class='ocrx_word' id='word_1_527' title='bbox 429 4138 750 4193; x_wconf 81' lang='grc' dir='ltr'>ἐκοπίασεν.</span> <span class='ocrx_word' id='word_1_528' title='bbox 798 4139 956 4193; x_wconf 76' lang='grc' dir='ltr'>Οὕτω</span> <span class='ocrx_word' id='word_1_529' title='bbox 986 4141 1083 4193; x_wconf 76' lang='grc' dir='ltr'>καὶ</span> <span class='ocrx_word' id='word_1_530' title='bbox 1141 4140 1579 4212; x_wconf 83' lang='grc' dir='ltr'>προσευχόμενος</span> <span class='ocrx_word' id='word_1_531' title='bbox 1613 4143 1671 4194; x_wconf 83' lang='grc' dir='ltr'><strong>ἐν</strong></span> <span class='ocrx_word' id='word_1_532' title='bbox 1704 4143 1818 4205; x_wconf 91' lang='grc' dir='ltr'>τοῖς</span> <span class='ocrx_word' id='word_1_533' title='bbox 1860 4141 2027 4211; x_wconf 81' lang='grc' dir='ltr'>ἱεροῖς</span> 
     </span>
    </p>
   </div>
   <div class='ocr_carea' id='block_1_73' title="bbox 431 4227 2026 4301">
    <p class='ocr_par' dir='ltr' id='par_1_73' title="bbox 431 4227 2026 4301">
     <span class='ocr_line' id='line_1_73' title="bbox 431 4227 2026 4301; baseline 0.002 -19"><span class='ocrx_word' id='word_1_534' title='bbox 431 4227 793 4297; x_wconf 81' lang='grc' dir='ltr'>Εὐαγγελίοις</span> <span class='ocrx_word' id='word_1_535' title='bbox 841 4230 1105 4300; x_wconf 88' lang='grc' dir='ltr'>διηνεκῶς</span> <span class='ocrx_word' id='word_1_536' title='bbox 1149 4231 1581 4301; x_wconf 83' lang='grc' dir='ltr'>ἀναγέγραπται.</span> <span class='ocrx_word' id='word_1_537' title='bbox 1628 4231 1740 4285; x_wconf 75' lang='grc' dir='ltr'><strong>Καὶ</strong></span> <span class='ocrx_word' id='word_1_538' title='bbox 1791 4231 2026 4285; x_wconf 87' lang='grc' dir='ltr'>ἐνταῦθα</span> 
     </span>
    </p>
   </div>
   <div class='ocr_carea' id='block_1_74' title="bbox 428 4319 2024 4396">
    <p class='ocr_par' dir='ltr' id='par_1_74' title="bbox 428 4319 2024 4396">
     <span class='ocr_line' id='line_1_74' title="bbox 428 4319 2024 4396; baseline 0.003 -22"><span class='ocrx_word' id='word_1_539' title='bbox 428 4319 618 4374; x_wconf 84' lang='grc' dir='ltr'>τοίνυν</span> <span class='ocrx_word' id='word_1_540' title='bbox 655 4321 1016 4395; x_wconf 86' lang='grc' dir='ltr'>ἀνθρωπίνως</span> <span class='ocrx_word' id='word_1_541' title='bbox 1046 4322 1144 4395; x_wconf 84' lang='grc' dir='ltr'>τὴν</span> <span class='ocrx_word' id='word_1_542' title='bbox 1191 4322 1343 4378; x_wconf 85' lang='grc' dir='ltr'>θείαν</span> <span class='ocrx_word' id='word_1_543' title='bbox 1367 4323 1709 4378; x_wconf 86' lang='grc' dir='ltr'>ἐπικαλεῖται</span> <span class='ocrx_word' id='word_1_544' title='bbox 1748 4323 2024 4396; x_wconf 85' lang='grc' dir='ltr'>βοήθειαν.</span> 
     </span>
    </p>
   </div>
   <div class='ocr_carea' id='block_1_75' title="bbox 510 4523 2027 4596">
    <p class='ocr_par' dir='ltr' id='par_1_75' title="bbox 510 4523 2027 4596">
     <span class='ocr_line' id='line_1_75' title="bbox 510 4523 2027 4596; baseline -0.001 -18"><span class='ocrx_word' id='word_1_545' title='bbox 510 4525 617 4596; x_wconf 84' lang='grc' dir='ltr'>κβ’.</span> <span class='ocrx_word' id='word_1_546' title='bbox 663 4545 681 4578; x_wconf 87' lang='grc' dir='ltr'><strong>ι</strong></span> <span class='ocrx_word' id='word_1_547' title='bbox 732 4525 927 4579; x_wconf 78' lang='grc' dir='ltr'>Ῥῦσαί</span> <span class='ocrx_word' id='word_1_548' title='bbox 986 4541 1077 4596; x_wconf 89' lang='grc' dir='ltr'><strong>με,</strong></span> <span class='ocrx_word' id='word_1_549' title='bbox 1135 4526 1218 4580; x_wconf 83' lang='grc' dir='ltr'>ὅτι</span> <span class='ocrx_word' id='word_1_550' title='bbox 1273 4525 1490 4596; x_wconf 83' lang='grc' dir='ltr'>πτωχὸς</span> <span class='ocrx_word' id='word_1_551' title='bbox 1537 4526 1634 4580; x_wconf 80' lang='grc' dir='ltr'>καὶ</span> <span class='ocrx_word' id='word_1_552' title='bbox 1680 4525 1851 4595; x_wconf 80' lang='grc' dir='ltr'>πένης</span> <span class='ocrx_word' id='word_1_553' title='bbox 1905 4523 2027 4596; x_wconf 72' lang='grc' dir='ltr'>εἰμὶ</span> 
     </span>
    </p>
   </div>
   <div class='ocr_carea' id='block_1_76' title="bbox 2127 3316 3722 3388">
    <p class='ocr_par' dir='ltr' id='par_1_76' title="bbox 2127 3316 3722 3388">
     <span class='ocr_line' id='line_1_76' title="bbox 2127 3316 3722 3388; baseline 0.001 -20"><span class='ocrx_word' id='word_1_554' title='bbox 2127 3324 2354 3386; x_wconf 88' lang='lat' dir='ltr'><strong>propter</strong></span> <span class='ocrx_word' id='word_1_555' title='bbox 2394 3331 2597 3372; x_wconf 91' lang='lat' dir='ltr'><strong>nomen</strong></span> <span class='ocrx_word' id='word_1_556' title='bbox 2651 3325 2831 3385; x_wconf 85' lang='lat' dir='ltr'><strong>tuum,</strong></span> <span class='ocrx_word' id='word_1_557' title='bbox 2875 3317 3006 3388; x_wconf 91' lang='lat' dir='ltr'><strong>quia</strong></span> <span class='ocrx_word' id='word_1_558' title='bbox 3053 3317 3240 3373; x_wconf 88' lang='lat' dir='ltr'><strong>suavis</strong></span> <span class='ocrx_word' id='word_1_559' title='bbox 3284 3324 3371 3372; x_wconf 83' lang='lat' dir='ltr'><strong>est</strong></span> <span class='ocrx_word' id='word_1_560' title='bbox 3401 3316 3722 3370; x_wconf 88' lang='lat' dir='ltr'><strong>misericor-</strong></span> 
     </span>
    </p>
   </div>
   <div class='ocr_carea' id='block_1_77' title="bbox 2128 3399 3727 3463">
    <p class='ocr_par' dir='ltr' id='par_1_77' title="bbox 2128 3399 3727 3463">
     <span class='ocr_line' id='line_1_77' title="bbox 2128 3399 3727 3463; baseline 0.002 -3"><span class='ocrx_word' id='word_1_561' title='bbox 2128 3406 2218 3460; x_wconf 91' lang='lat' dir='ltr'><strong>dia</strong></span> <span class='ocrx_word' id='word_1_562' title='bbox 2253 3415 2365 3461; x_wconf 89' lang='lat' dir='ltr'><strong>tua.</strong></span> <span class='ocrx_word' id='word_1_563' title='bbox 2405 3425 2424 3460; x_wconf 77' lang='grc' dir='ltr'><strong>ι</strong></span> <span class='ocrx_word' id='word_1_564' title='bbox 2457 3407 2525 3462; x_wconf 90' lang='lat' dir='ltr'><strong>Et</strong></span> <span class='ocrx_word' id='word_1_565' title='bbox 2558 3407 2676 3463; x_wconf 72' lang='lat' dir='ltr'><strong>haec</strong></span> <span class='ocrx_word' id='word_1_566' title='bbox 2699 3407 2962 3463; x_wconf 86' lang='lat' dir='ltr'><strong>Christus</strong></span> <span class='ocrx_word' id='word_1_567' title='bbox 2992 3407 3260 3462; x_wconf 88' lang='lat' dir='ltr'><strong>Dominus</strong></span> <span class='ocrx_word' id='word_1_568' title='bbox 3291 3407 3534 3460; x_wconf 89' lang='lat' dir='ltr'><strong>humano</strong></span> <span class='ocrx_word' id='word_1_569' title='bbox 3567 3399 3727 3462; x_wconf 80' lang='lat' dir='ltr'><strong>more</strong></span> 
     </span>
    </p>
   </div>
   <div class='ocr_carea' id='block_1_78' title="bbox 2129 3483 3721 3570">
    <p class='ocr_par' dir='ltr' id='par_1_78' title="bbox 2129 3483 3721 3570">
     <span class='ocr_line' id='line_1_78' title="bbox 2129 3483 3721 3570; baseline -0.004 -16"><span class='ocrx_word' id='word_1_570' title='bbox 2129 3499 2291 3554; x_wconf 80' lang='lat' dir='ltr'><strong>dixit.</strong></span> <span class='ocrx_word' id='word_1_571' title='bbox 2321 3499 2520 3554; x_wconf 90' lang='lat' dir='ltr'><strong>Omnia</strong></span> <span class='ocrx_word' id='word_1_572' title='bbox 2546 3500 2694 3554; x_wconf 93' lang='lat' dir='ltr'><strong>enim</strong></span> <span class='ocrx_word' id='word_1_573' title='bbox 2722 3516 2847 3570; x_wconf 83' lang='lat' dir='ltr'><strong>quae</strong></span> <span class='ocrx_word' id='word_1_574' title='bbox 2869 3500 3136 3564; x_wconf 87' lang='lat' dir='ltr'><strong>humana,</strong></span> <span class='ocrx_word' id='word_1_575' title='bbox 3180 3506 3379 3569; x_wconf 77' lang='lat' dir='ltr'><strong>praeter</strong></span> <span class='ocrx_word' id='word_1_576' title='bbox 3409 3483 3721 3567; x_wconf 76' lang='lat' dir='ltr'><strong>peccalu&#39;in,</strong></span> 
     </span>
    </p>
   </div>
   <div class='ocr_carea' id='block_1_79' title="bbox 2129 3589 3718 3661">
    <p class='ocr_par' dir='ltr' id='par_1_79' title="bbox 2129 3589 3718 3661">
     <span class='ocr_line' id='line_1_79' title="bbox 2129 3589 3718 3661; baseline -0.002 -16"><span class='ocrx_word' id='word_1_577' title='bbox 2129 3589 2398 3661; x_wconf 86' lang='lat' dir='ltr'><strong>implevit.</strong></span> <span class='ocrx_word' id='word_1_578' title='bbox 2435 3591 2610 3648; x_wconf 83' lang='lat' dir='ltr'><strong>Natus</strong></span> <span class='ocrx_word' id='word_1_579' title='bbox 2640 3601 2724 3648; x_wconf 83' lang='lat' dir='ltr'><strong>est</strong></span> <span class='ocrx_word' id='word_1_580' title='bbox 2761 3592 2907 3648; x_wconf 91' lang='lat' dir='ltr'><strong>enim</strong></span> <span class='ocrx_word' id='word_1_581' title='bbox 2952 3602 3007 3647; x_wconf 89' lang='lat' dir='ltr'><strong>et</strong></span> <span class='ocrx_word' id='word_1_582' title='bbox 3036 3589 3340 3648; x_wconf 91' lang='lat' dir='ltr'><strong>secundum</strong></span> <span class='ocrx_word' id='word_1_583' title='bbox 3385 3590 3562 3659; x_wconf 85' lang='lat' dir='ltr'><strong>legem</strong></span> <span class='ocrx_word' id='word_1_584' title='bbox 3618 3604 3718 3642; x_wconf 90' lang='lat' dir='ltr'><strong>na-</strong></span> 
     </span>
    </p>
   </div>
   <div class='ocr_carea' id='block_1_80' title="bbox 2128 3680 3721 3754">
    <p class='ocr_par' dir='ltr' id='par_1_80' title="bbox 2128 3680 3721 3754">
     <span class='ocr_line' id='line_1_80' title="bbox 2128 3680 3721 3754; baseline 0 -18"><span class='ocrx_word' id='word_1_585' title='bbox 2128 3691 2288 3749; x_wconf 45' lang='lat' dir='ltr'><strong>turai,</strong></span> <span class='ocrx_word' id='word_1_586' title='bbox 2317 3691 2371 3739; x_wconf 92' lang='lat' dir='ltr'><strong>et</strong></span> <span class='ocrx_word' id='word_1_587' title='bbox 2396 3699 2564 3754; x_wconf 86' lang='lat' dir='ltr'><strong>supra</strong></span> <span class='ocrx_word' id='word_1_588' title='bbox 2593 3685 2766 3754; x_wconf 81' lang='lat' dir='ltr'><strong>legem</strong></span> <span class='ocrx_word' id='word_1_589' title='bbox 2797 3693 3031 3738; x_wconf 72' lang='lat' dir='ltr'><strong>naturae.</strong></span> <span class='ocrx_word' id='word_1_590' title='bbox 3059 3682 3218 3749; x_wconf 90' lang='lat' dir='ltr'><strong>Quod</strong></span> <span class='ocrx_word' id='word_1_591' title='bbox 3249 3683 3398 3737; x_wconf 90' lang='lat' dir='ltr'><strong>enim</strong></span> <span class='ocrx_word' id='word_1_592' title='bbox 3425 3697 3490 3736; x_wconf 79' lang='lat' dir='ltr'><strong>ex</strong></span> <span class='ocrx_word' id='word_1_593' title='bbox 3518 3680 3721 3736; x_wconf 80' lang='lat' dir='ltr'><strong>femina</strong></span> 
     </span>
    </p>
   </div>
   <div class='ocr_carea' id='block_1_81' title="bbox 2127 3772 3722 3844">
    <p class='ocr_par' dir='ltr' id='par_1_81' title="bbox 2127 3772 3722 3844">
     <span class='ocr_line' id='line_1_81' title="bbox 2127 3772 3722 3844; baseline 0.001 -20"><span class='ocrx_word' id='word_1_594' title='bbox 2127 3782 2293 3828; x_wconf 89' lang='lat' dir='ltr'><strong>natus</strong></span> <span class='ocrx_word' id='word_1_595' title='bbox 2328 3773 2423 3839; x_wconf 88' lang='lat' dir='ltr'><strong>sit,</strong></span> <span class='ocrx_word' id='word_1_596' title='bbox 2466 3774 2724 3830; x_wconf 76' lang='lat' dir='ltr'><strong>humanae</strong></span> <span class='ocrx_word' id='word_1_597' title='bbox 2749 3784 2962 3830; x_wconf 73' lang='lat' dir='ltr'><strong>natura:</strong></span> <span class='ocrx_word' id='word_1_598' title='bbox 2989 3783 3072 3830; x_wconf 87' lang='lat' dir='ltr'><strong>est</strong></span> <span class='ocrx_word' id='word_1_599' title='bbox 3109 3791 3122 3827; x_wconf 86' lang='lat'><strong>:</strong></span> <span class='ocrx_word' id='word_1_600' title='bbox 3156 3773 3304 3844; x_wconf 85' lang='lat' dir='ltr'><strong>quod</strong></span> <span class='ocrx_word' id='word_1_601' title='bbox 3334 3788 3464 3828; x_wconf 85' lang='lat' dir='ltr'><strong>vero</strong></span> <span class='ocrx_word' id='word_1_602' title='bbox 3493 3789 3558 3828; x_wconf 82' lang='lat' dir='ltr'><strong>ex</strong></span> <span class='ocrx_word' id='word_1_603' title='bbox 3594 3772 3722 3829; x_wconf 77' lang='lat' dir='ltr'><strong>Vir-</strong></span> 
     </span>
    </p>
   </div>
   <div class='ocr_carea' id='block_1_82' title="bbox 2127 3863 3724 3932">
    <p class='ocr_par' dir='ltr' id='par_1_82' title="bbox 2127 3863 3724 3932">
     <span class='ocr_line' id='line_1_82' title="bbox 2127 3863 3724 3932; baseline 0.001 -17"><span class='ocrx_word' id='word_1_604' title='bbox 2127 3863 2276 3931; x_wconf 78' lang='lat' dir='ltr'><strong>gine,</strong></span> <span class='ocrx_word' id='word_1_605' title='bbox 2313 3878 2486 3932; x_wconf 88' lang='lat' dir='ltr'><strong>supra</strong></span> <span class='ocrx_word' id='word_1_606' title='bbox 2535 3872 2791 3918; x_wconf 90' lang='lat' dir='ltr'><strong>naturam</strong></span> <span class='ocrx_word' id='word_1_607' title='bbox 2835 3873 2941 3920; x_wconf 89' lang='lat' dir='ltr'><strong>est.</strong></span> <span class='ocrx_word' id='word_1_608' title='bbox 2977 3863 3184 3919; x_wconf 91' lang='lat' dir='ltr'><strong>Pannis</strong></span> <span class='ocrx_word' id='word_1_609' title='bbox 3217 3864 3499 3919; x_wconf 87' lang='lat' dir='ltr'><strong>involutus</strong></span> <span class='ocrx_word' id='word_1_610' title='bbox 3528 3873 3583 3918; x_wconf 90' lang='lat' dir='ltr'><strong>et</strong></span> <span class='ocrx_word' id='word_1_611' title='bbox 3612 3865 3724 3918; x_wconf 64' lang='lat' dir='ltr'><strong>ciro</strong></span> 
     </span>
    </p>
   </div>
   <div class='ocr_carea' id='block_1_83' title="bbox 2127 3952 3716 4024">
    <p class='ocr_par' dir='ltr' id='par_1_83' title="bbox 2127 3952 3716 4024">
     <span class='ocr_line' id='line_1_83' title="bbox 2127 3952 3716 4024; baseline -0.001 -17"><span class='ocrx_word' id='word_1_612' title='bbox 2127 3952 2408 4008; x_wconf 90' lang='lat' dir='ltr'><strong>cumcisus</strong></span> <span class='ocrx_word' id='word_1_613' title='bbox 2450 3952 2622 4021; x_wconf 69' lang='lat' dir='ltr'><strong>fuitV,</strong></span> <span class='ocrx_word' id='word_1_614' title='bbox 2661 3953 3176 4024; x_wconf 87' lang='lat' dir='ltr'><strong>nutrimentumque</strong></span> <span class='ocrx_word' id='word_1_615' title='bbox 3207 3968 3274 4008; x_wconf 78' lang='lat' dir='ltr'><strong>ex</strong></span> <span class='ocrx_word' id='word_1_616' title='bbox 3307 3954 3449 4009; x_wconf 89' lang='lat' dir='ltr'><strong>lacte</strong></span> <span class='ocrx_word' id='word_1_617' title='bbox 3487 3954 3716 4023; x_wconf 87' lang='lat' dir='ltr'><strong>accepit,</strong></span> 
     </span>
    </p>
   </div>
   <div class='ocr_carea' id='block_1_84' title="bbox 2127 4043 3716 4113">
    <p class='ocr_par' dir='ltr' id='par_1_84' title="bbox 2127 4043 3716 4113">
     <span class='ocr_line' id='line_1_84' title="bbox 2127 4043 3716 4113; baseline 0 -14"><span class='ocrx_word' id='word_1_618' title='bbox 2127 4052 2182 4099; x_wconf 83' lang='lat' dir='ltr'><strong>et</strong></span> <span class='ocrx_word' id='word_1_619' title='bbox 2206 4043 2480 4099; x_wconf 82' lang='lat' dir='ltr'><strong>sacriﬁcia</strong></span> <span class='ocrx_word' id='word_1_620' title='bbox 2517 4043 2740 4109; x_wconf 90' lang='lat' dir='ltr'><strong>obtulit,</strong></span> <span class='ocrx_word' id='word_1_621' title='bbox 2768 4044 3042 4113; x_wconf 84' lang='lat' dir='ltr'><strong>jejunavit</strong></span> <span class='ocrx_word' id='word_1_622' title='bbox 3064 4053 3110 4110; x_wconf 72' lang='grc'>³,</span> <span class='ocrx_word' id='word_1_623' title='bbox 3146 4052 3201 4099; x_wconf 87' lang='lat' dir='ltr'><strong>et</strong></span> <span class='ocrx_word' id='word_1_624' title='bbox 3233 4045 3484 4109; x_wconf 85' lang='lat' dir='ltr'><strong>esurivit,</strong></span> <span class='ocrx_word' id='word_1_625' title='bbox 3525 4045 3716 4110; x_wconf 83' lang='lat' dir='ltr'><strong>sitivit,</strong></span> 
     </span>
    </p>
   </div>
   <div class='ocr_carea' id='block_1_85' title="bbox 2128 4134 3719 4206">
    <p class='ocr_par' dir='ltr' id='par_1_85' title="bbox 2128 4134 3719 4206">
     <span class='ocr_line' id='line_1_85' title="bbox 2128 4134 3719 4206; baseline 0 -16"><span class='ocrx_word' id='word_1_626' title='bbox 2128 4143 2185 4190; x_wconf 89' lang='lat' dir='ltr'><strong>et</strong></span> <span class='ocrx_word' id='word_1_627' title='bbox 2214 4135 2507 4192; x_wconf 87' lang='lat' dir='ltr'><strong>laboravit.</strong></span> <span class='ocrx_word' id='word_1_628' title='bbox 2537 4135 2804 4190; x_wconf 86' lang='lat' dir='ltr'><strong>Similiter</strong></span> <span class='ocrx_word' id='word_1_629' title='bbox 2836 4147 2888 4190; x_wconf 94' lang='lat' dir='ltr'><strong>ct</strong></span> <span class='ocrx_word' id='word_1_630' title='bbox 2919 4134 2975 4189; x_wconf 88' lang='lat' dir='ltr'><strong>in</strong></span> <span class='ocrx_word' id='word_1_631' title='bbox 3007 4135 3182 4191; x_wconf 89' lang='lat' dir='ltr'><strong>sacris</strong></span> <span class='ocrx_word' id='word_1_632' title='bbox 3218 4135 3534 4206; x_wconf 78' lang='lat' dir='ltr'><strong>Evangeliis</strong></span> <span class='ocrx_word' id='word_1_633' title='bbox 3579 4136 3719 4190; x_wconf 80' lang='lat' dir='ltr'><strong>scri-</strong></span> 
     </span>
    </p>
   </div>
   <div class='ocr_carea' id='block_1_86' title="bbox 2128 4225 3716 4297">
    <p class='ocr_par' dir='ltr' id='par_1_86' title="bbox 2128 4225 3716 4297">
     <span class='ocr_line' id='line_1_86' title="bbox 2128 4225 3716 4297; baseline 0.001 -17"><span class='ocrx_word' id='word_1_634' title='bbox 2128 4235 2281 4296; x_wconf 92' lang='lat' dir='ltr'><strong>ptum</strong></span> <span class='ocrx_word' id='word_1_635' title='bbox 2316 4236 2401 4283; x_wconf 89' lang='lat' dir='ltr'><strong>est</strong></span> <span class='ocrx_word' id='word_1_636' title='bbox 2422 4237 2476 4293; x_wconf 70' lang='grc' dir='ltr'>γ,</span> <span class='ocrx_word' id='word_1_637' title='bbox 2516 4228 2780 4283; x_wconf 88' lang='lat' dir='ltr'><strong>continue</strong></span> <span class='ocrx_word' id='word_1_638' title='bbox 2824 4227 3006 4297; x_wconf 80' lang='lat' dir='ltr'><strong>ipsum</strong></span> <span class='ocrx_word' id='word_1_639' title='bbox 3048 4241 3261 4282; x_wconf 89' lang='lat' dir='ltr'><strong>orasse.</strong></span> <span class='ocrx_word' id='word_1_640' title='bbox 3304 4225 3418 4282; x_wconf 86' lang='lat' dir='ltr'><strong>Hoc</strong></span> <span class='ocrx_word' id='word_1_641' title='bbox 3460 4227 3626 4296; x_wconf 79' lang='lat' dir='ltr'><strong>igitur</strong></span> <span class='ocrx_word' id='word_1_642' title='bbox 3661 4227 3716 4281; x_wconf 90' lang='lat' dir='ltr'><strong>in</strong></span> 
     </span>
    </p>
   </div>
   <div class='ocr_carea' id='block_1_87' title="bbox 2130 4317 3718 4391">
    <p class='ocr_par' dir='ltr' id='par_1_87' title="bbox 2130 4317 3718 4391">
     <span class='ocr_line' id='line_1_87' title="bbox 2130 4317 3718 4391; baseline -0.001 -17"><span class='ocrx_word' id='word_1_643' title='bbox 2130 4321 2253 4374; x_wconf 87' lang='lat' dir='ltr'><strong>loco</strong></span> <span class='ocrx_word' id='word_1_644' title='bbox 2289 4319 2456 4376; x_wconf 89' lang='lat' dir='ltr'><strong>etiam</strong></span> <span class='ocrx_word' id='word_1_645' title='bbox 2494 4319 2715 4391; x_wconf 78' lang='lat'><strong>1388</strong></span> <span class='ocrx_word' id='word_1_646' title='bbox 2749 4319 2991 4375; x_wconf 88' lang='lat' dir='ltr'><strong>humano</strong></span> <span class='ocrx_word' id='word_1_647' title='bbox 3031 4333 3188 4375; x_wconf 88' lang='lat' dir='ltr'><strong>more</strong></span> <span class='ocrx_word' id='word_1_648' title='bbox 3224 4317 3471 4375; x_wconf 86' lang='lat' dir='ltr'><strong>divinum</strong></span> <span class='ocrx_word' id='word_1_649' title='bbox 3521 4317 3718 4383; x_wconf 88' lang='lat' dir='ltr'><strong>implo-</strong></span> 
     </span>
    </p>
   </div>
   <div class='ocr_carea' id='block_1_88' title="bbox 2127 4413 2542 4469">
    <p class='ocr_par' dir='ltr' id='par_1_88' title="bbox 2127 4413 2542 4469">
     <span class='ocr_line' id='line_1_88' title="bbox 2127 4413 2542 4469; baseline 0.005 -2"><span class='ocrx_word' id='word_1_650' title='bbox 2127 4423 2213 4468; x_wconf 89' lang='lat' dir='ltr'><strong>rat</strong></span> <span class='ocrx_word' id='word_1_651' title='bbox 2250 4413 2542 4469; x_wconf 77' lang='lat' dir='ltr'><strong>auxilium.</strong></span> 
     </span>
    </p>
   </div>
   <div class='ocr_carea' id='block_1_89' title="bbox 2208 4520 3718 4594">
    <p class='ocr_par' dir='ltr' id='par_1_89' title="bbox 2208 4520 3718 4594">
     <span class='ocr_line' id='line_1_89' title="bbox 2208 4520 3718 4594; baseline 0.001 -18"><span class='ocrx_word' id='word_1_652' title='bbox 2208 4520 2377 4577; x_wconf 73' lang='lat' dir='ltr'><strong>Vens.</strong></span> <span class='ocrx_word' id='word_1_653' title='bbox 2418 4522 2511 4576; x_wconf 75' lang='grc'>22.</span> <span class='ocrx_word' id='word_1_654' title='bbox 2559 4541 2578 4574; x_wconf 85' lang='grc' dir='ltr'><strong>ι</strong></span> <span class='ocrx_word' id='word_1_655' title='bbox 2627 4522 2823 4578; x_wconf 83' lang='lat' dir='ltr'><strong>Libera</strong></span> <span class='ocrx_word' id='word_1_656' title='bbox 2857 4537 2966 4587; x_wconf 92' lang='lat' dir='ltr'><strong>me,</strong></span> <span class='ocrx_word' id='word_1_657' title='bbox 3011 4522 3138 4592; x_wconf 89' lang='lat' dir='ltr'><strong>quia</strong></span> <span class='ocrx_word' id='word_1_658' title='bbox 3173 4537 3380 4593; x_wconf 81' lang='lat' dir='ltr'><strong>egenus</strong></span> <span class='ocrx_word' id='word_1_659' title='bbox 3416 4532 3468 4578; x_wconf 90' lang='lat' dir='ltr'><strong>et</strong></span> <span class='ocrx_word' id='word_1_660' title='bbox 3511 4539 3718 4594; x_wconf 89' lang='lat' dir='ltr'><strong>pauper</strong></span> 
     </span>
    </p>
   </div>
   <div class='ocr_carea' id='block_1_90' title="bbox 433 4592 2025 4690">
    <p class='ocr_par' dir='ltr' id='par_1_90' title="bbox 433 4592 2023 4690">
     <span class='ocr_line' id='line_1_90' title="bbox 433 4592 2023 4690; baseline -0.003 -17"><span class='ocrx_word' id='word_1_661' title='bbox 433 4592 574 4686; x_wconf 69' lang='grc' dir='ltr'>ἐγὼ,</span> <span class='ocrx_word' id='word_1_662' title='bbox 600 4620 694 4671; x_wconf 77' lang='grc' dir='ltr'>καὶ</span> <span class='ocrx_word' id='word_1_663' title='bbox 725 4620 758 4689; x_wconf 86' lang='grc' dir='ltr'>ἡ</span> <span class='ocrx_word' id='word_1_664' title='bbox 797 4592 999 4690; x_wconf 80' lang='grc' dir='ltr'>καρδία</span> <span class='ocrx_word' id='word_1_665' title='bbox 1032 4636 1136 4689; x_wconf 91' lang='grc' dir='ltr'><strong>μου</strong></span> <span class='ocrx_word' id='word_1_666' title='bbox 1190 4592 1522 4688; x_wconf 73' lang='grc' dir='ltr'>τετάρακται</span> <span class='ocrx_word' id='word_1_667' title='bbox 1558 4619 1599 4650; x_wconf 91' lang='grc'><strong>¹⁷</strong></span> <span class='ocrx_word' id='word_1_668' title='bbox 1659 4592 1816 4680; x_wconf 30' lang='grc' dir='ltr'>ἐντός.</span> <span class='ocrx_word' id='word_1_669' title='bbox 1843 4592 1976 4688; x_wconf 65' lang='grc' dir='ltr'><strong>μου.⁷</strong></span> <span class='ocrx_word' id='word_1_670' title='bbox 2002 4634 2023 4668; x_wconf 73' lang='grc' dir='ltr'><strong>ι</strong></span> 
     </span>
    </p>
   </div>
   <div class='ocr_carea' id='block_1_91' title="bbox 2128 4592 3719 4690">
    <p class='ocr_par' dir='ltr' id='par_1_91' title="bbox 2135 4592 3719 4679">
     <span class='ocr_line' id='line_1_91' title="bbox 2135 4592 3719 4679; baseline 0 -10"><span class='ocrx_word' id='word_1_671' title='bbox 2135 4629 2284 4679; x_wconf 89' lang='lat' dir='ltr'><strong>sum,</strong></span> <span class='ocrx_word' id='word_1_672' title='bbox 2315 4623 2369 4667; x_wconf 89' lang='lat' dir='ltr'><strong>et</strong></span> <span class='ocrx_word' id='word_1_673' title='bbox 2403 4629 2500 4668; x_wconf 91' lang='lat' dir='ltr'><strong>cor</strong></span> <span class='ocrx_word' id='word_1_674' title='bbox 2530 4629 2712 4668; x_wconf 88' lang='lat' dir='ltr'><strong>meum</strong></span> <span class='ocrx_word' id='word_1_675' title='bbox 2764 4614 3045 4668; x_wconf 88' lang='lat' dir='ltr'><strong>turbatum</strong></span> <span class='ocrx_word' id='word_1_676' title='bbox 3085 4623 3171 4668; x_wconf 90' lang='lat' dir='ltr'><strong>est</strong></span> <span class='ocrx_word' id='word_1_677' title='bbox 3212 4592 3356 4668; x_wconf 87' lang='lat' dir='ltr'><strong>intra</strong></span> <span class='ocrx_word' id='word_1_678' title='bbox 3396 4592 3562 4670; x_wconf 24' lang='lat' dir='ltr'><strong>mei:</strong></span> <span class='ocrx_word' id='word_1_679' title='bbox 3603 4592 3719 4669; x_wconf 84' lang='lat' dir='ltr'><strong>Hoc</strong></span> 
     </span>
    </p>
   </div>
   <div class='ocr_carea' id='block_1_92' title="bbox 431 4705 2025 4781">
    <p class='ocr_par' dir='ltr' id='par_1_92' title="bbox 431 4709 2025 4781">
     <span class='ocr_line' id='line_1_92' title="bbox 431 4709 2025 4781; baseline -0.001 -17"><span class='ocrx_word' id='word_1_680' title='bbox 431 4709 613 4764; x_wconf 84' lang='lat' dir='ltr'><strong>T0610</strong></span> <span class='ocrx_word' id='word_1_681' title='bbox 649 4711 691 4742; x_wconf 80' lang='grc'><strong>¹⁸</strong></span> <span class='ocrx_word' id='word_1_682' title='bbox 732 4711 828 4763; x_wconf 75' lang='grc' dir='ltr'>καὶ</span> <span class='ocrx_word' id='word_1_683' title='bbox 877 4711 970 4764; x_wconf 77' lang='grc' dir='ltr'><strong>ὑπ’</strong></span> <span class='ocrx_word' id='word_1_684' title='bbox 1019 4709 1187 4764; x_wconf 82' lang='grc' dir='ltr'>αὐτοῦ</span> <span class='ocrx_word' id='word_1_685' title='bbox 1221 4712 1281 4763; x_wconf 89' lang='grc' dir='ltr'><strong>ἐν</strong></span> <span class='ocrx_word' id='word_1_686' title='bbox 1310 4713 1424 4773; x_wconf 87' lang='grc' dir='ltr'>τοῖς</span> <span class='ocrx_word' id='word_1_687' title='bbox 1471 4711 1636 4781; x_wconf 84' lang='grc' dir='ltr'>ἱεροῖς</span> <span class='ocrx_word' id='word_1_688' title='bbox 1669 4710 2025 4778; x_wconf 83' lang='grc' dir='ltr'>Εὑαγγελίοις</span> 
     </span>
    </p>
   </div>
   <div class='ocr_carea' id='block_1_93' title="bbox 2128 4705 3718 4781">
    <p class='ocr_par' dir='ltr' id='par_1_93' title="bbox 2132 4705 3718 4778">
     <span class='ocr_line' id='line_1_93' title="bbox 2132 4705 3718 4778; baseline 0.003 -19"><span class='ocrx_word' id='word_1_689' title='bbox 2132 4712 2188 4759; x_wconf 90' lang='lat' dir='ltr'><strong>et</strong></span> <span class='ocrx_word' id='word_1_690' title='bbox 2219 4705 2288 4760; x_wconf 85' lang='lat' dir='ltr'><strong>ab</strong></span> <span class='ocrx_word' id='word_1_691' title='bbox 2320 4705 2442 4775; x_wconf 88' lang='lat' dir='ltr'><strong>ipso</strong></span> <span class='ocrx_word' id='word_1_692' title='bbox 2486 4707 2540 4760; x_wconf 91' lang='lat' dir='ltr'><strong>in</strong></span> <span class='ocrx_word' id='word_1_693' title='bbox 2587 4707 2762 4762; x_wconf 87' lang='lat' dir='ltr'><strong>sacris</strong></span> <span class='ocrx_word' id='word_1_694' title='bbox 2787 4706 3100 4778; x_wconf 79' lang='lat' dir='ltr'><strong>Evangeliis</strong></span> <span class='ocrx_word' id='word_1_695' title='bbox 3133 4707 3340 4762; x_wconf 89' lang='lat' dir='ltr'><strong>dictum</strong></span> <span class='ocrx_word' id='word_1_696' title='bbox 3387 4707 3718 4763; x_wconf 87' lang='lat' dir='ltr'><strong>invenimus.</strong></span> 
     </span>
    </p>
   </div>
   <div class='ocr_carea' id='block_1_94' title="bbox 431 4795 2025 4872">
    <p class='ocr_par' dir='ltr' id='par_1_94' title="bbox 431 4797 2025 4872">
     <span class='ocr_line' id='line_1_94' title="bbox 431 4797 2025 4872; baseline -0.002 -19"><span class='ocrx_word' id='word_1_697' title='bbox 431 4801 733 4870; x_wconf 80' lang='grc' dir='ltr'>εἰρημένον</span> <span class='ocrx_word' id='word_1_698' title='bbox 770 4802 1101 4872; x_wconf 85' lang='grc' dir='ltr'>εὑρίσκομεν</span> <span class='ocrx_word' id='word_1_699' title='bbox 1130 4801 1195 4855; x_wconf 82' lang='grc'><strong>¹⁹.</strong></span> <span class='ocrx_word' id='word_1_700' title='bbox 1226 4800 1453 4855; x_wconf 83' lang='grc' dir='ltr'>Μέλλων</span> <span class='ocrx_word' id='word_1_701' title='bbox 1482 4799 1592 4871; x_wconf 85' lang='grc' dir='ltr'><strong>γὰρ</strong></span> <span class='ocrx_word' id='word_1_702' title='bbox 1627 4799 1914 4870; x_wconf 88' lang='grc' dir='ltr'>προσιέναι</span> <span class='ocrx_word' id='word_1_703' title='bbox 1948 4797 2025 4868; x_wconf 83' lang='grc' dir='ltr'><strong>τῷ</strong></span> 
     </span>
    </p>
   </div>
   <div class='ocr_carea' id='block_1_95' title="bbox 2128 4795 3720 4872">
    <p class='ocr_par' dir='ltr' id='par_1_95' title="bbox 2133 4795 3720 4864">
     <span class='ocr_line' id='line_1_95' title="bbox 2133 4795 3720 4864; baseline 0.001 -14"><span class='ocrx_word' id='word_1_704' title='bbox 2133 4795 2272 4850; x_wconf 87' lang='lat' dir='ltr'><strong>Cum</strong></span> <span class='ocrx_word' id='word_1_705' title='bbox 2321 4797 2469 4851; x_wconf 90' lang='lat' dir='ltr'><strong>enim</strong></span> <span class='ocrx_word' id='word_1_706' title='bbox 2505 4796 2571 4851; x_wconf 89' lang='lat' dir='ltr'><strong>ad</strong></span> <span class='ocrx_word' id='word_1_707' title='bbox 2621 4813 2842 4852; x_wconf 89' lang='lat' dir='ltr'><strong>crucem</strong></span> <span class='ocrx_word' id='word_1_708' title='bbox 2893 4798 3198 4864; x_wconf 88' lang='lat' dir='ltr'><strong>accederet,</strong></span> <span class='ocrx_word' id='word_1_709' title='bbox 3250 4797 3393 4852; x_wconf 82' lang='lat' dir='ltr'><strong>dixit</strong></span> <span class='ocrx_word' id='word_1_710' title='bbox 3435 4813 3450 4852; x_wconf 90' lang='lat'><strong>:</strong></span> <span class='ocrx_word' id='word_1_711' title='bbox 3503 4815 3520 4848; x_wconf 79' lang='grc' dir='ltr'><strong>ι</strong></span> <span class='ocrx_word' id='word_1_712' title='bbox 3561 4796 3720 4854; x_wconf 81' lang='lat' dir='ltr'><strong>Nunc</strong></span> 
     </span>
    </p>
   </div>
   <div class='ocr_carea' id='block_1_96' title="bbox 435 4887 2025 4965">
    <p class='ocr_par' dir='ltr' id='par_1_96' title="bbox 435 4889 2025 4965">
     <span class='ocr_line' id='line_1_96' title="bbox 435 4889 2025 4965; baseline 0.001 -21"><span class='ocrx_word' id='word_1_713' title='bbox 435 4891 632 4959; x_wconf 84' lang='grc' dir='ltr'>πάθει,</span> <span class='ocrx_word' id='word_1_714' title='bbox 663 4889 812 4946; x_wconf 76' lang='grc' dir='ltr'>εἷπε·</span> <span class='ocrx_word' id='word_1_715' title='bbox 863 4912 882 4945; x_wconf 85' lang='grc' dir='ltr'><strong>ι</strong></span> <span class='ocrx_word' id='word_1_716' title='bbox 920 4893 1036 4947; x_wconf 86' lang='grc' dir='ltr'>Νῦν</span> <span class='ocrx_word' id='word_1_717' title='bbox 1063 4896 1096 4964; x_wconf 83' lang='grc' dir='ltr'>ἡ</span> <span class='ocrx_word' id='word_1_718' title='bbox 1127 4893 1274 4965; x_wconf 74' lang='grc' dir='ltr'>ψυχή</span> <span class='ocrx_word' id='word_1_719' title='bbox 1309 4911 1411 4964; x_wconf 87' lang='grc' dir='ltr'><strong>μου</strong></span> <span class='ocrx_word' id='word_1_720' title='bbox 1439 4893 1798 4964; x_wconf 86' lang='grc' dir='ltr'>τετάρακται,</span> <span class='ocrx_word' id='word_1_721' title='bbox 1841 4893 1935 4946; x_wconf 81' lang='grc' dir='ltr'>καὶ</span> <span class='ocrx_word' id='word_1_722' title='bbox 1970 4890 2025 4944; x_wconf 86' lang='grc' dir='ltr'><strong>τί</strong></span> 
     </span>
    </p>
   </div>
   <div class='ocr_carea' id='block_1_97' title="bbox 2128 4887 3719 4965">
    <p class='ocr_par' dir='ltr' id='par_1_97' title="bbox 2135 4887 3719 4960">
     <span class='ocr_line' id='line_1_97' title="bbox 2135 4887 3719 4960; baseline 0.001 -20"><span class='ocrx_word' id='word_1_723' title='bbox 2135 4887 2320 4942; x_wconf 91' lang='lat' dir='ltr'><strong>anima</strong></span> <span class='ocrx_word' id='word_1_724' title='bbox 2368 4903 2489 4943; x_wconf 85' lang='lat' dir='ltr'><strong>mea</strong></span> <span class='ocrx_word' id='word_1_725' title='bbox 2527 4890 2742 4944; x_wconf 88' lang='lat' dir='ltr'><strong>turbata</strong></span> <span class='ocrx_word' id='word_1_726' title='bbox 2771 4899 2878 4957; x_wconf 89' lang='lat' dir='ltr'><strong>est,</strong></span> <span class='ocrx_word' id='word_1_727' title='bbox 2909 4898 2965 4945; x_wconf 85' lang='lat' dir='ltr'><strong>et</strong></span> <span class='ocrx_word' id='word_1_728' title='bbox 2991 4889 3121 4960; x_wconf 84' lang='lat' dir='ltr'><strong>quid</strong></span> <span class='ocrx_word' id='word_1_729' title='bbox 3156 4889 3387 4945; x_wconf 79' lang='lat' dir='ltr'><strong>dicam?</strong></span> <span class='ocrx_word' id='word_1_730' title='bbox 3426 4889 3609 4956; x_wconf 85' lang='lat' dir='ltr'><strong>Pater,</strong></span> <span class='ocrx_word' id='word_1_731' title='bbox 3655 4891 3719 4943; x_wconf 88' lang='lat' dir='ltr'><strong>li-</strong></span> 
     </span>
    </p>
   </div>
   <div class='ocr_carea' id='block_1_98' title="bbox 435 4980 2025 5055">
    <p class='ocr_par' dir='ltr' id='par_1_98' title="bbox 435 4980 2025 5055">
     <span class='ocr_line' id='line_1_98' title="bbox 435 4980 2025 5055; baseline 0.001 -20"><span class='ocrx_word' id='word_1_732' title='bbox 435 4980 626 5050; x_wconf 85' lang='grc' dir='ltr'>εῖπω;</span> <span class='ocrx_word' id='word_1_733' title='bbox 660 4985 865 5055; x_wconf 87' lang='grc' dir='ltr'>ῐΙάτερ,</span> <span class='ocrx_word' id='word_1_734' title='bbox 898 4985 1075 5041; x_wconf 90' lang='grc' dir='ltr'>σῶσόν</span> <span class='ocrx_word' id='word_1_735' title='bbox 1109 5003 1178 5055; x_wconf 89' lang='grc' dir='ltr'><strong>με</strong></span> <span class='ocrx_word' id='word_1_736' title='bbox 1207 4986 1272 5038; x_wconf 81' lang='grc' dir='ltr'>ὲκ</span> <span class='ocrx_word' id='word_1_737' title='bbox 1299 4983 1399 5055; x_wconf 78' lang='grc' dir='ltr'>τῆς</span> <span class='ocrx_word' id='word_1_738' title='bbox 1427 4983 1578 5055; x_wconf 86' lang='grc' dir='ltr'>ὥρας</span> <span class='ocrx_word' id='word_1_739' title='bbox 1603 4982 1810 5055; x_wconf 89' lang='grc' dir='ltr'>ταύτης</span> <span class='ocrx_word' id='word_1_740' title='bbox 1840 5000 1856 5016; x_wconf 79' lang='grc' dir='ltr'><strong><em>ο</em></strong></span> <span class='ocrx_word' id='word_1_741' title='bbox 1887 4982 2025 5038; x_wconf 81' lang='grc' dir='ltr'>ἀλλὰ</span> 
     </span>
    </p>
   </div>
   <div class='ocr_carea' id='block_1_99' title="bbox 2128 4980 3718 5055">
    <p class='ocr_par' dir='ltr' id='par_1_99' title="bbox 2134 4980 3718 5054">
     <span class='ocr_line' id='line_1_99' title="bbox 2134 4980 3718 5054; baseline -0.001 -18"><span class='ocrx_word' id='word_1_742' title='bbox 2134 4980 2266 5038; x_wconf 89' lang='lat' dir='ltr'><strong>bera</strong></span> <span class='ocrx_word' id='word_1_743' title='bbox 2309 4981 2326 5006; x_wconf 80' lang='grc'><strong>¹</strong></span> <span class='ocrx_word' id='word_1_744' title='bbox 2375 4996 2464 5038; x_wconf 91' lang='lat' dir='ltr'><strong>me</strong></span> <span class='ocrx_word' id='word_1_745' title='bbox 2511 4996 2579 5036; x_wconf 82' lang='lat' dir='ltr'><strong>ex</strong></span> <span class='ocrx_word' id='word_1_746' title='bbox 2628 4983 2732 5038; x_wconf 89' lang='lat' dir='ltr'><strong>hac</strong></span> <span class='ocrx_word' id='word_1_747' title='bbox 2775 4981 2911 5038; x_wconf 89' lang='lat' dir='ltr'><strong>hora</strong></span> <span class='ocrx_word' id='word_1_748' title='bbox 2947 4998 2962 5036; x_wconf 91' lang='lat'><strong>:</strong></span> <span class='ocrx_word' id='word_1_749' title='bbox 2999 4983 3096 5039; x_wconf 90' lang='lat' dir='ltr'><strong>sed</strong></span> <span class='ocrx_word' id='word_1_750' title='bbox 3144 4992 3432 5054; x_wconf 89' lang='lat' dir='ltr'><strong>propterea</strong></span> <span class='ocrx_word' id='word_1_751' title='bbox 3484 4981 3608 5036; x_wconf 90' lang='lat' dir='ltr'><strong>veni</strong></span> <span class='ocrx_word' id='word_1_752' title='bbox 3663 4981 3718 5035; x_wconf 89' lang='lat' dir='ltr'><strong>in</strong></span> 
     </span>
    </p>
   </div>
   <div class='ocr_carea' id='block_1_100' title="bbox 433 5073 2652 5149">
    <p class='ocr_par' dir='ltr' id='par_1_100' title="bbox 433 5073 2652 5149">
     <span class='ocr_line' id='line_1_100' title="bbox 433 5073 2652 5149; baseline -0.001 -21"><span class='ocrx_word' id='word_1_753' title='bbox 433 5073 531 5128; x_wconf 67' lang='grc' dir='ltr'><strong>διὰ</strong></span> <span class='ocrx_word' id='word_1_754' title='bbox 557 5075 715 5130; x_wconf 87' lang='grc' dir='ltr'>τοῦτο</span> <span class='ocrx_word' id='word_1_755' title='bbox 745 5077 985 5148; x_wconf 81' lang='grc' dir='ltr'>ἐλήλυθα</span> <span class='ocrx_word' id='word_1_756' title='bbox 1017 5078 1098 5141; x_wconf 80' lang='grc' dir='ltr'>εἰς</span> <span class='ocrx_word' id='word_1_757' title='bbox 1123 5078 1225 5149; x_wconf 82' lang='grc' dir='ltr'>τὴν</span> <span class='ocrx_word' id='word_1_758' title='bbox 1253 5076 1402 5148; x_wconf 84' lang='grc' dir='ltr'>ὥραν</span> <span class='ocrx_word' id='word_1_759' title='bbox 1423 5075 1647 5147; x_wconf 89' lang='grc' dir='ltr'>ταύτην.</span> <span class='ocrx_word' id='word_1_760' title='bbox 1688 5093 1708 5127; x_wconf 74' lang='grc' dir='ltr'><strong>ι</strong></span> <span class='ocrx_word' id='word_1_761' title='bbox 1945 5113 1955 5122; x_wconf 95' lang='grc'><strong>.</strong></span> <span class='ocrx_word' id='word_1_762' title='bbox 2143 5074 2336 5129; x_wconf 82' lang='lat' dir='ltr'><strong>horam</strong></span> <span class='ocrx_word' id='word_1_763' title='bbox 2380 5073 2522 5129; x_wconf 86' lang='lat' dir='ltr'><strong>hanc</strong></span> <span class='ocrx_word' id='word_1_764' title='bbox 2545 5082 2592 5128; x_wconf 73' lang='grc' dir='ltr'>ι.</span> <span class='ocrx_word' id='word_1_765' title='bbox 2632 5091 2652 5126; x_wconf 81' lang='grc' dir='ltr'><strong>ι</strong></span> 
     </span>
    </p>
   </div>
   <div class='ocr_carea' id='block_1_101' title="bbox 515 5271 1030 5342">
    <p class='ocr_par' dir='ltr' id='par_1_101' title="bbox 515 5271 1030 5342">
     <span class='ocr_line' id='line_1_101' title="bbox 515 5271 1030 5342; baseline 0.01 -16"><span class='ocrx_word' id='word_1_766' title='bbox 515 5281 545 5310; x_wconf 75' lang='grc' dir='ltr'><strong>ν</strong></span> <span class='ocrx_word' id='word_1_767' title='bbox 575 5271 708 5329; x_wconf 89' lang='lat' dir='ltr'><strong>Luc.</strong></span> <span class='ocrx_word' id='word_1_768' title='bbox 746 5292 808 5342; x_wconf 89' lang='lat' dir='ltr'><strong>tl,</strong></span> <span class='ocrx_word' id='word_1_769' title='bbox 843 5274 897 5342; x_wconf 89' lang='lat'><strong>7,</strong></span> <span class='ocrx_word' id='word_1_770' title='bbox 939 5275 1030 5331; x_wconf 74' lang='grc'>21.</span> 
     </span>
    </p>
   </div>
   <div class='ocr_carea' id='block_1_102' title="bbox 1142 5272 2463 5344">
    <p class='ocr_par' dir='ltr' id='par_1_102' title="bbox 1142 5272 2463 5344">
     <span class='ocr_line' id='line_1_102' title="bbox 1142 5272 2463 5344; baseline -0.002 -13"><span class='ocrx_word' id='word_1_771' title='bbox 1142 5289 1166 5317; x_wconf 73' lang='grc' dir='ltr'>ι</span> <span class='ocrx_word' id='word_1_772' title='bbox 1199 5275 1392 5332; x_wconf 86' lang='lat' dir='ltr'><strong>Matth.</strong></span> <span class='ocrx_word' id='word_1_773' title='bbox 1425 5292 1501 5342; x_wconf 82' lang='lat' dir='ltr'><strong>tv,</strong></span> <span class='ocrx_word' id='word_1_774' title='bbox 1529 5273 1600 5344; x_wconf 74' lang='lat'><strong>2;</strong></span> <span class='ocrx_word' id='word_1_775' title='bbox 1630 5273 1790 5330; x_wconf 83' lang='lat' dir='ltr'><strong>Joan.</strong></span> <span class='ocrx_word' id='word_1_776' title='bbox 1864 5289 1942 5340; x_wconf 87' lang='grc' dir='ltr'><strong>ιι,</strong></span> <span class='ocrx_word' id='word_1_777' title='bbox 2007 5275 2072 5330; x_wconf 72' lang='grc'><strong>41</strong></span> <span class='ocrx_word' id='word_1_778' title='bbox 2101 5289 2117 5337; x_wconf 86' lang='lat'><strong>;</strong></span> <span class='ocrx_word' id='word_1_779' title='bbox 2150 5272 2282 5328; x_wconf 90' lang='lat' dir='ltr'><strong>Luc.</strong></span> <span class='ocrx_word' id='word_1_780' title='bbox 2315 5289 2377 5339; x_wconf 86' lang='grc' dir='ltr'><strong>ιι,</strong></span> <span class='ocrx_word' id='word_1_781' title='bbox 2409 5274 2463 5328; x_wconf 80' lang='lat' dir='ltr'><strong>l.</strong></span> 
     </span>
    </p>
   </div>
   <div class='ocr_carea' id='block_1_103' title="bbox 434 5343 675 5413">
    <p class='ocr_par' dir='ltr' id='par_1_103' title="bbox 434 5343 675 5413">
     <span class='ocr_line' id='line_1_103' title="bbox 434 5343 675 5413; baseline -0.008 -14"><span class='ocrx_word' id='word_1_782' title='bbox 434 5359 545 5413; x_wconf 75' lang='grc' dir='ltr'>ιιι,</span> <span class='ocrx_word' id='word_1_783' title='bbox 573 5343 675 5398; x_wconf 75' lang='grc'>27.-</span> 
     </span>
    </p>
   </div>
   <div class='ocr_carea' id='block_1_104' title="bbox 2571 5271 3716 5345">
    <p class='ocr_par' dir='ltr' id='par_1_104' title="bbox 2571 5271 3716 5345">
     <span class='ocr_line' id='line_1_104' title="bbox 2571 5271 3716 5345; baseline 0.003 -18"><span class='ocrx_word' id='word_1_784' title='bbox 2571 5281 2602 5322; x_wconf 67' lang='grc' dir='ltr'><strong><em>γ</em></strong></span> <span class='ocrx_word' id='word_1_785' title='bbox 2630 5271 2761 5331; x_wconf 89' lang='lat' dir='ltr'><strong>Luc.</strong></span> <span class='ocrx_word' id='word_1_786' title='bbox 2836 5290 2975 5345; x_wconf 82' lang='lat' dir='ltr'><strong>xm,</strong></span> <span class='ocrx_word' id='word_1_787' title='bbox 3008 5274 3119 5345; x_wconf 68' lang='grc' dir='ltr'>μς</span> <span class='ocrx_word' id='word_1_788' title='bbox 3150 5288 3311 5342; x_wconf 76' lang='lat' dir='ltr'><strong>nm,</strong></span> <span class='ocrx_word' id='word_1_789' title='bbox 3338 5273 3428 5328; x_wconf 75' lang='grc'><strong>46.</strong></span> <span class='ocrx_word' id='word_1_790' title='bbox 3507 5281 3530 5311; x_wconf 75' lang='grc' dir='ltr'><strong>ι</strong></span> <span class='ocrx_word' id='word_1_791' title='bbox 3558 5272 3716 5331; x_wconf 84' lang='lat' dir='ltr'><strong>Joan.</strong></span> 
     </span>
    </p>
   </div>
   <div class='ocr_carea' id='block_1_105' title="bbox 1552 5488 2623 5550">
    <p class='ocr_par' dir='ltr' id='par_1_105' title="bbox 1552 5488 2623 5550">
     <span class='ocr_line' id='line_1_105' title="bbox 1552 5488 2623 5550; baseline 0.005 -5"><span class='ocrx_word' id='word_1_792' title='bbox 1552 5488 1800 5548; x_wconf 66' lang='lat' dir='ltr'><strong>VARIE</strong></span> <span class='ocrx_word' id='word_1_793' title='bbox 1839 5489 2228 5548; x_wconf 83' lang='lat' dir='ltr'><strong>LECTIONES</strong></span> <span class='ocrx_word' id='word_1_794' title='bbox 2270 5491 2359 5547; x_wconf 87' lang='lat' dir='ltr'><strong>ET</strong></span> <span class='ocrx_word' id='word_1_795' title='bbox 2387 5491 2623 5550; x_wconf 65' lang='lat' dir='ltr'><strong>NOTAE.</strong></span> 
     </span>
    </p>
   </div>
   <div class='ocr_carea' id='block_1_106' title="bbox 511 5601 2025 5723">
    <p class='ocr_par' dir='ltr' id='par_1_106' title="bbox 511 5645 2020 5723">
     <span class='ocr_line' id='line_1_106' title="bbox 511 5645 2020 5723; baseline 0 -14"><span class='ocrx_word' id='word_1_796' title='bbox 511 5654 556 5688; x_wconf 75' lang='lat'>“</span> <span class='ocrx_word' id='word_1_797' title='bbox 585 5655 710 5710; x_wconf 90' lang='lat' dir='ltr'><strong>cod.</strong></span> <span class='ocrx_word' id='word_1_798' title='bbox 744 5653 764 5706; x_wconf 82' lang='grc' dir='ltr'><strong>Ι</strong></span> <span class='ocrx_word' id='word_1_799' title='bbox 807 5649 909 5723; x_wconf 79' lang='grc' dir='ltr'>τὴν</span> <span class='ocrx_word' id='word_1_800' title='bbox 935 5647 1208 5718; x_wconf 78' lang='grc' dir='ltr'>εὐλογίαν.</span> <span class='ocrx_word' id='word_1_801' title='bbox 1292 5646 1349 5723; x_wconf 80' lang='lat'><strong>“_</strong></span> <span class='ocrx_word' id='word_1_802' title='bbox 1374 5645 1444 5700; x_wconf 87' lang='grc' dir='ltr'><strong>Τὸ</strong></span> <span class='ocrx_word' id='word_1_803' title='bbox 1473 5675 1541 5686; x_wconf 93' lang='lat'><strong>-—</strong></span> <span class='ocrx_word' id='word_1_804' title='bbox 1568 5646 1859 5723; x_wconf 54' lang='lat' dir='ltr'><strong>Mrlﬂof-_</strong></span> <span class='ocrx_word' id='word_1_805' title='bbox 1897 5645 2020 5702; x_wconf 65' lang='lat' dir='ltr'><strong>Des.</strong></span> 
     </span>
    </p>
   </div>
   <div class='ocr_carea' id='block_1_107' title="bbox 2128 5601 3718 5723">
    <p class='ocr_par' dir='ltr' id='par_1_107' title="bbox 2129 5646 3718 5723">
     <span class='ocr_line' id='line_1_107' title="bbox 2129 5646 3718 5723; baseline 0.004 -23"><span class='ocrx_word' id='word_1_806' title='bbox 2129 5646 2197 5723; x_wconf 77' lang='lat' dir='ltr'><strong>nd</strong></span> <span class='ocrx_word' id='word_1_807' title='bbox 2235 5646 2412 5723; x_wconf 50' lang='lat' dir='ltr'><strong>(Iord.</strong></span> <span class='ocrx_word' id='word_1_808' title='bbox 2443 5647 2564 5723; x_wconf 85' lang='lat' dir='ltr'><strong>I._c.</strong></span> <span class='ocrx_word' id='word_1_809' title='bbox 2591 5663 2676 5723; x_wconf 90' lang='lat' dir='ltr'><strong>_p._</strong></span> <span class='ocrx_word' id='word_1_810' title='bbox 2697 5648 2832 5723; x_wconf 69' lang='lat'><strong>229.</strong></span> <span class='ocrx_word' id='word_1_811' title='bbox 2910 5649 2952 5682; x_wconf 77' lang='grc' dir='ltr'>η</span> <span class='ocrx_word' id='word_1_812' title='bbox 2975 5649 3173 5723; x_wconf 19' lang='grc' dir='ltr'>*Τοῦτο</span> <span class='ocrx_word' id='word_1_813' title='bbox 3202 5679 3271 5690; x_wconf 89' lang='grc'><strong>-</strong></span> <span class='ocrx_word' id='word_1_814' title='bbox 3301 5650 3546 5723; x_wconf 71' lang='grc' dir='ltr'>Κινρίου.</span> <span class='ocrx_word' id='word_1_815' title='bbox 3587 5649 3718 5723; x_wconf 66' lang='lat' dir='ltr'><strong>Haec</strong></span> 
     </span>
    </p>
   </div>
   <div class='ocr_carea' id='block_1_108' title="bbox 437 5714 2025 5801">
    <p class='ocr_par' dir='ltr' id='par_1_108' title="bbox 437 5714 2025 5801">
     <span class='ocr_line' id='line_1_108' title="bbox 437 5714 2025 5801; baseline -0.008 -20"><span class='ocrx_word' id='word_1_816' title='bbox 437 5725 513 5781; x_wconf 80' lang='lat' dir='ltr'><strong>sit</strong></span> <span class='ocrx_word' id='word_1_817' title='bbox 545 5739 777 5788; x_wconf 88' lang='lat' dir='ltr'><strong>merces,</strong></span> <span class='ocrx_word' id='word_1_818' title='bbox 819 5714 1211 5801; x_wconf 35' lang='lat' dir='ltr'><strong>qualn-osorcs</strong></span> <span class='ocrx_word' id='word_1_819' title='bbox 1245 5716 1352 5801; x_wconf 64' lang='lat' dir='ltr'><strong>mei</strong></span> <span class='ocrx_word' id='word_1_820' title='bbox 1386 5723 1666 5801; x_wconf 65' lang='lat' dir='ltr'><strong>reportent</strong></span> <span class='ocrx_word' id='word_1_821' title='bbox 1707 5731 1737 5768; x_wconf 91' lang='lat' dir='ltr'><strong>a</strong></span> <span class='ocrx_word' id='word_1_822' title='bbox 1776 5714 2025 5801; x_wconf 42' lang='lat' dir='ltr'><strong>iebqyaL</strong></span> 
     </span>
    </p>
   </div>
   <div class='ocr_carea' id='block_1_109' title="bbox 2128 5714 3715 5801">
    <p class='ocr_par' dir='ltr' id='par_1_109' title="bbox 2128 5714 3715 5801">
     <span class='ocr_line' id='line_1_109' title="bbox 2128 5714 3715 5801; baseline 0.002 -30"><span class='ocrx_word' id='word_1_823' title='bbox 2128 5717 2148 5796; x_wconf 52' lang='grc' dir='ltr'><strong><em>ξ</em></strong></span> <span class='ocrx_word' id='word_1_824' title='bbox 2197 5718 2321 5774; x_wconf 85' lang='lat' dir='ltr'><strong>cod.</strong></span> <span class='ocrx_word' id='word_1_825' title='bbox 2392 5719 2452 5801; x_wconf 61' lang='lat' dir='ltr'><strong>in</strong></span> <span class='ocrx_word' id='word_1_826' title='bbox 2479 5714 2894 5801; x_wconf 34' lang='lat' dir='ltr'><strong>dvageﬁalpevo‘t.</strong></span> <span class='ocrx_word' id='word_1_827' title='bbox 2971 5721 3016 5753; x_wconf 84' lang='grc'><strong>¹³</strong></span> <span class='ocrx_word' id='word_1_828' title='bbox 3053 5720 3281 5801; x_wconf 47' lang='lat' dir='ltr'><strong>Kal-:1</strong></span> <span class='ocrx_word' id='word_1_829' title='bbox 3291 5714 3554 5801; x_wconf 44' lang='lat' dir='ltr'><strong>satioewc.</strong></span> <span class='ocrx_word' id='word_1_830' title='bbox 3590 5721 3715 5801; x_wconf 68' lang='lat' dir='ltr'><strong>Des.</strong></span> 
     </span>
    </p>
   </div>
   <div class='ocr_carea' id='block_1_110' title="bbox 437 5784 2025 5859">
    <p class='ocr_par' dir='ltr' id='par_1_110' title="bbox 437 5784 2025 5859">
     <span class='ocr_line' id='line_1_110' title="bbox 437 5784 2025 5859; baseline -0.006 -9"><span class='ocrx_word' id='word_1_831' title='bbox 437 5797 494 5850; x_wconf 90' lang='lat' dir='ltr'><strong>in</strong></span> <span class='ocrx_word' id='word_1_832' title='bbox 524 5797 646 5850; x_wconf 81' lang='lat' dir='ltr'><strong>cod.</strong></span> <span class='ocrx_word' id='word_1_833' title='bbox 675 5794 728 5847; x_wconf 82' lang='lat' dir='ltr'><strong>l.</strong></span> <span class='ocrx_word' id='word_1_834' title='bbox 764 5784 773 5788; x_wconf 54' lang='grc'>⁷</span> <span class='ocrx_word' id='word_1_835' title='bbox 805 5784 852 5823; x_wconf 64' lang='grc' dir='ltr'>ίδ</span> <span class='ocrx_word' id='word_1_836' title='bbox 892 5791 1198 5859; x_wconf 47' lang='lat' dir='ltr'><strong>Edita-110&#39;s.</strong></span> <span class='ocrx_word' id='word_1_837' title='bbox 1233 5787 1357 5843; x_wconf 71' lang='lat' dir='ltr'><strong>ctnl.</strong></span> <span class='ocrx_word' id='word_1_838' title='bbox 1397 5789 1418 5838; x_wconf 84' lang='lat' dir='ltr'><strong>l</strong></span> <span class='ocrx_word' id='word_1_839' title='bbox 1448 5784 1671 5859; x_wconf 56' lang='lat' dir='ltr'><strong>praem.</strong></span> <span class='ocrx_word' id='word_1_840' title='bbox 1703 5784 1822 5838; x_wconf 88' lang='grc' dir='ltr'>καί.</span> <span class='ocrx_word' id='word_1_841' title='bbox 1856 5787 1948 5859; x_wconf 80' lang='lat'>__&quot;_</span> <span class='ocrx_word' id='word_1_842' title='bbox 1989 5790 2025 5841; x_wconf 87' lang='lat' dir='ltr'><em>T</em></span> 
     </span>
    </p>
   </div>
   <div class='ocr_carea' id='block_1_111' title="bbox 2128 5784 3713 5859">
    <p class='ocr_par' dir='ltr' id='par_1_111' title="bbox 2128 5784 3713 5859">
     <span class='ocr_line' id='line_1_111' title="bbox 2128 5784 3713 5859; baseline 0.006 -20"><span class='ocrx_word' id='word_1_843' title='bbox 2128 5787 2367 5859; x_wconf 64' lang='lat' dir='ltr'><strong>Epaxrat.</strong></span> <span class='ocrx_word' id='word_1_844' title='bbox 2410 5786 2575 5859; x_wconf 86' lang='lat' dir='ltr'><strong>llehr.</strong></span> <span class='ocrx_word' id='word_1_845' title='bbox 2619 5784 2952 5845; x_wconf 73' lang='lat' dir='ltr'><strong>vulneratum</strong></span> <span class='ocrx_word' id='word_1_846' title='bbox 2981 5800 3078 5847; x_wconf 76' lang='lat' dir='ltr'><strong>est.</strong></span> <span class='ocrx_word' id='word_1_847' title='bbox 3157 5790 3200 5823; x_wconf 78' lang='grc'>³⁸</span> <span class='ocrx_word' id='word_1_848' title='bbox 3240 5784 3446 5858; x_wconf 77' lang='grc' dir='ltr'>Τοῦτο,</span> <span class='ocrx_word' id='word_1_849' title='bbox 3487 5784 3542 5846; x_wconf 77' lang='grc' dir='ltr'><strong>κ.</strong></span> <span class='ocrx_word' id='word_1_850' title='bbox 3579 5807 3634 5845; x_wconf 87' lang='grc' dir='ltr'><strong>τ.</strong></span> <span class='ocrx_word' id='word_1_851' title='bbox 3661 5790 3713 5849; x_wconf 90' lang='grc' dir='ltr'><strong>λ.</strong></span> 
     </span>
    </p>
   </div>
   <div class='ocr_carea' id='block_1_112' title="bbox 443 5855 2025 5941">
    <p class='ocr_par' dir='ltr' id='par_1_112' title="bbox 443 5855 1976 5941">
     <span class='ocr_line' id='line_1_112' title="bbox 443 5855 1976 5941; baseline -0.005 -20"><span class='ocrx_word' id='word_1_852' title='bbox 443 5863 900 5941; x_wconf 71' lang='lat' dir='ltr'><strong>ll:ec__&#39;l‘lieodoro</strong></span> <span class='ocrx_word' id='word_1_853' title='bbox 931 5855 1284 5939; x_wconf 81' lang='lat' dir='ltr'><strong>_t|ibuuntur</strong></span> <span class='ocrx_word' id='word_1_854' title='bbox 1319 5857 1462 5927; x_wconf 85' lang='lat' dir='ltr'><strong>apud</strong></span> <span class='ocrx_word' id='word_1_855' title='bbox 1529 5856 1695 5912; x_wconf 71' lang='lat' dir='ltr'><strong>(Iord.</strong></span> <span class='ocrx_word' id='word_1_856' title='bbox 1759 5870 1813 5927; x_wconf 88' lang='lat' dir='ltr'><strong>p.</strong></span> <span class='ocrx_word' id='word_1_857' title='bbox 1849 5855 1976 5914; x_wconf 73' lang='lat'><strong>250.</strong></span> 
     </span>
    </p>
   </div>
   <div class='ocr_carea' id='block_1_113' title="bbox 2128 5855 2730 5941">
    <p class='ocr_par' dir='ltr' id='par_1_113' title="bbox 2128 5858 2730 5930">
     <span class='ocr_line' id='line_1_113' title="bbox 2128 5858 2730 5930; baseline -0.007 -14"><span class='ocrx_word' id='word_1_858' title='bbox 2128 5861 2134 5880; x_wconf 94' lang='lat'><strong>&#39;</strong></span> <span class='ocrx_word' id='word_1_859' title='bbox 2165 5858 2288 5915; x_wconf 85' lang='lat' dir='ltr'><strong>cod.</strong></span> <span class='ocrx_word' id='word_1_860' title='bbox 2320 5858 2343 5912; x_wconf 79' lang='lat' dir='ltr'><strong>l</strong></span> <span class='ocrx_word' id='word_1_861' title='bbox 2402 5858 2730 5930; x_wconf 76' lang='grc' dir='ltr'>εὑρήσομεν.</span> 
     </span>
    </p>
   </div>
  </div>
