4114 6428
513 353 649 418 1767

1507 349 2001 411 TIIEODORETI
2042 349 2387 412 EPISCOPI
2410 352 2780 414 CYRENSIS

3637 363 3764 432 1768

501 463 758 519 Christo?
775 463 935 532 cujus
968 470 1051 518 est
1069 461 1258 518 ﬁlius?
1286 480 1304 514 ι
1325 459 1458 515 Cum
1483 471 1665 516 autem
1693 462 1766 514 illi
1799 461 2084 527 dixissent,

2194 477 2294 528 γκε
2317 477 2332 491 ·
2363 479 2382 514 ι
2415 462 2480 516 Τί
2502 463 2634 533 ὑμῖν
2654 463 2802 516 δοκεῖ
2821 479 2888 515 πε
2897 462 2952 533 ρὶ
2969 463 3210 534 Χριστοῦ
3228 482 3243 529 ;
3261 465 3419 531 τίνος
3436 468 3578 523 ἐστὶν
3594 472 3756 540 uid“:

502 554 744 620 Davidis,
783 553 1092 621 respondit:
1128 571 1145 604 ι
1177 551 1461 616 Quomodo
1491 567 1623 621 ergo
1661 550 1829 605 David
1879 550 1933 604 in
1973 551 2087 620 spi-

501 645 612 698 ritu
647 644 934 698 Dominum
967 645 1146 712 ipsum
1183 651 1360 706 vocat,
1379 642 1607 696 dicens:
1641 642 1786 696 Dixit
1813 641 2080 697 Dominus

501 734 735 788 Domino
775 748 921 797 meo,
960 732 1098 787 Sede
1123 747 1154 786 a
1181 731 1386 786 dextris
1418 731 1580 786 meis.
1616 748 1634 782 ι
1679 729 1884 786 Deinde
1925 747 2090 803 argu-

501 832 811 878 mentatur:
850 842 868 874 ι
901 823 958 877 Si
987 822 1153 876 David
1185 832 1341 877 vocat
1374 823 1555 892 ipsum
1591 822 1644 874 in
1676 822 1868 891 spiritu
1905 822 2092 878 Domi-

500 929 667 980 num,
706 913 979 984 quomodo
1027 912 1174 967 ﬁlius
1213 911 1389 980 ipsius
1439 909 1617 967 esti?
1652 929 1671 962 ι
1730 911 1848 967 Hoc
1907 921 2090 967 autem

500 1006 655 1069 dicit,
689 1021 798 1060 non
841 1005 1133 1063 inliciando
1165 1005 1296 1072 quin
1327 1003 1583 1059 Christus
1623 1003 1768 1059 ﬁlius
1805 1013 1951 1060 esset
1983 1004 2088 1058 Da-

501 1097 666 1161 vidis,
697 1097 790 1151 sed
821 1097 1174 1167 adjnngendo
1208 1095 1260 1149 id
1296 1096 1443 1165 quod
1474 1095 1831 1165 ignorabatur
1859 1096 1908 1150 ci
1945 1095 2089 1165 quod

500 1186 557 1240 in
588 1199 845 1240 comesse
876 1195 1016 1240 erat.
1045 1184 1329 1240 Christum
1368 1186 1516 1240 enim
1553 1184 1728 1240 ﬁlium
1767 1201 1892 1243 esse
1929 1185 2092 1240 Davi-

500 1273 589 1328 dis
618 1273 1024 1328 conﬁtebantur
1058 1272 1346 1337 Pharisazi,
1383 1273 1478 1328 sed
1508 1273 1728 1330 Davidis
1754 1289 1876 1330 esse
1905 1274 2093 1330 Domi—

498 1377 632 1417 num
691 1363 914 1432 penitus
984 1363 1332 1431 ignorabant.
1387 1363 1650 1433 Adjungit
1711 1363 1878 1432 igitur
1943 1365 2090 1434 quod

499 1455 729 1517 deerat,
770 1454 865 1507 sed
908 1468 1023 1506 rem
1072 1452 1379 1507 confessam
1437 1452 1662 1507 minime
1693 1453 1852 1520 tollit,
1886 1454 2091 1510 docens

500 1544 682 1611 ipsum
721 1553 775 1596 et
814 1544 986 1596 ﬁlium
1034 1558 1159 1597 esse
1213 1543 1434 1598 Davidis
1477 1543 1779 1599 secundum
1826 1559 2086 1613 carnem,

499 1643 555 1687 et
587 1633 830 1702 ejusdem
857 1647 978 1686 esse
1008 1631 1326 1698 Dominum,
1355 1642 1616 1703 tanquam
1646 1633 1817 1688 Deum
1850 1644 1905 1690 et
1936 1651 2091 1690 crea-

500 1733 698 1777 torem.
756 1721 1047 1775 Manifeste
1095 1737 1226 1790 ergo
1275 1721 1468 1778 beatus
1522 1722 1692 1778 David
1742 1725 2086 1781 divinitatem

498 1814 706 1867 Christi
750 1812 964 1866 Domini
997 1814 1273 1882 praedicit,
1322 1823 1377 1870 et
1422 1816 1541 1870 ait:
1578 1836 1597 1869 ι
1631 1816 1774 1872 Dixit
1816 1818 2081 1874 Dominus
2120 1806 2162 1861 Β

499 1904 735 1958 Domino
783 1903 995 1974 1392
1040 1921 1201 1960 meo:
1249 1904 1388 1960 Sede
1427 1921 1459 1960 a
1497 1906 1708 1963 dextris
1744 1907 1900 1962 meis.
1934 1926 1953 1960 ι
2021 1908 2080 1964 Si

500 1997 669 2051 David
700 2012 793 2051 rex
813 2038 826 2062 ,
857 2004 910 2050 et
940 1997 1062 2065 pius
1094 2011 1187 2050 rex
1209 2036 1225 2062 ,
1257 1997 1350 2066 qui
1377 1998 1678 2069 prophetiae
1710 2014 1930 2070 quoque
1958 2015 2082 2070 gra-

497 2089 575 2143 tia
605 2089 838 2144 donatus
874 2097 958 2143 est
982 2129 996 2154 ,
1045 2088 1342 2144 Dominum
1377 2105 1539 2144 suum
1572 2101 1734 2146 vocat
1759 2092 2038 2147 Christum
2063 2133 2078 2156 ,

497 2177 746 2246 profecto
772 2192 880 2231 non
917 2178 1095 2232 solum
1126 2187 1211 2232 est
1236 2179 1401 2233 homo
1430 2181 1732 2235 secundum
1761 2181 2077 2236 Iudaeorum

499 2266 792 2331 insaniam,
831 2267 926 2322 sed
953 2267 1116 2322 etiam
1149 2277 1233 2323 est
1255 2256 1402 2324 Deus
1422 2309 1438 2336 ,
1473 2270 1674 2341 quippe
1699 2270 1917 2328 Davidis
1945 2288 2079 2328 con-

497 2359 646 2413 ditor
672 2397 688 2424 ,
734 2367 788 2412 et
829 2357 1119 2413 Dominus.
1151 2359 1416 2413 Caeterum
1448 2363 1765 2419 communio
1794 2364 2079 2419 nominum

497 2449 836 2504 identitatcm
869 2450 1192 2505 substantiae
1216 2451 1472 2506 ostendit.
1504 2453 1771 2510 Dominus
1800 2455 1944 2509 enim
1977 2454 2081 2510 Do-

496 2541 648 2595 mino
674 2541 843 2606 dicit,
877 2551 932 2596 et
975 2553 1084 2596 non
1118 2541 1384 2599 Dominus
1420 2555 1689 2601 creaturae
1713 2588 1728 2612 ,
1764 2562 1941 2616 neque
1974 2549 2081 2604 Do-

495 2631 683 2684 minus
701 2629 1170 2701 ﬁgmentouSede
1193 2647 1223 2685 a
1239 2633 1443 2688 dextris
1471 2637 1626 2690 meis.
1667 2654 1686 2686 ι
1709 2635 2081 2706 Magnumhoc

498 2723 666 2776 etiam
694 2732 817 2788 est,
847 2729 900 2777 et
932 2738 1039 2778 non
1067 2723 1232 2778 modo
1263 2739 1426 2794 supra
1463 2727 1759 2781 humanam
1791 2738 2040 2784 naturam
2063 2772 2077 2794 ,

495 2830 685 2869 verum
736 2815 902 2870 etiam
939 2831 1130 2902 .supra
1169 2831 1388 2871 omnem
1431 2829 1762 2873 creaturam.
1810 2819 2080 2876 Caeterum

495 2907 604 2961 hoc
633 2909 877 2963 humano
907 2909 1072 2963 etiam
1109 2925 1258 2964 more
1281 2910 1492 2965 dictum
1530 2921 1634 2967 est.
1666 2911 1800 2968 Nam
1834 2923 1892 2968 ut
1919 2916 2078 2979 Deus,

498 2997 671 3054 Filius
730 3001 1119 3071 sempiternum
1169 3003 1334 3057 habet
1386 3004 1643 3058 thronum
1685 3023 1698 3060 :
1766 3025 1784 3058 ι
1826 3005 2082 3064 Thronus

505 3089 651 3143 enim
685 3097 833 3156 tuus,
866 3091 1109 3162 ‘inquit,
1145 3091 1308 3160 Deus,
1343 3094 1396 3148 in
1439 3096 1700 3150 saeculum
1742 3098 1928 3152 saeculi
1967 3097 2013 3154 i.
2059 3119 2076 3152 ι

493 3177 612 3234 Non
660 3181 805 3233 enim
847 3190 970 3249 post
1012 3198 1230 3236 crucem
1271 3193 1326 3238 et
1363 3187 1678 3254 passionem
1723 3188 1830 3242 hoc
1874 3189 2082 3245 honore

495 3271 734 3324 donatus
767 3279 854 3325 est
885 3280 944 3324 ut
976 3270 1140 3336 Deus,
1173 3273 1269 3328 sed
1300 3284 1360 3328 ut
1391 3275 1556 3330 homo
1581 3277 1811 3345 accepit,
1847 3279 1992 3347 quod
2028 3289 2086 3335 ut

500 3361 647 3414 Deus
700 3362 955 3415 habebat.
992 3360 1180 3432 Neque
1228 3369 1374 3418 enim
1445 3381 1570 3420 cum
1640 3367 1862 3425 humilis
1917 3380 2079 3438 esset,

499 3455 756 3508 sublimis
811 3455 1036 3512 eﬁ‘cctus
1082 3460 1322 3514 estzsed
1358 3475 1484 3514 cum
1536 3462 1843 3520 altissimus
1897 3477 2078 3535 esset,

498 3564 736 3618 cumque
805 3547 1037 3604 formam
1111 3551 1205 3607 Dei
1277 3552 1538 3624 haberet,
1602 3556 1908 3615 humiliavit
1991 3577 2082 3618 se-

498 3641 829 3708 metipsum,
906 3640 1139 3696 formam
1190 3645 1335 3700 servi
1369 3646 1644 3718 accipiens
1679 3649 1727 3704 ιι.
1765 3648 1972 3708 Idcirco
2027 3662 2082 3709 et

509 3731 843 3800 evangelista
879 3732 1150 3790 exclamat
1196 3753 1211 3791 :
1245 3754 1264 3788 ι
1302 3735 1626 3809 Unigenitus
1655 3741 1845 3809 Filius,
1877 3745 1967 3815 qui
1999 3755 2080 3801 est

500 3819 557 3874 in
591 3820 716 3875 sinu
751 3820 952 3888 Patris,
984 3823 1100 3894 ipse
1131 3828 1408 3884 enarravit
1432 3827 1477 3884 ι.
1511 3847 1530 3882 ι
1569 3829 1637 3886 Ει
1663 3831 1781 3902 ipse
1811 3833 2080 3890 Dominus

499 3910 610 3964 ait:
650 3930 669 3963 ι
701 3913 815 3983 Ego
831 3913 894 3977 in
927 3913 1108 3980 Patre,
1133 3915 1368 3972 ctPater
1392 3918 1446 3972 in
1478 3935 1566 3974 me
1590 3929 1673 3975 est
1696 3929 1792 3974 ιη.»
1824 3921 1890 3976 Ει
1913 3923 2077 3978 alibi:

504 4002 798 4059 «Gloriﬁca
819 4021 907 4061 me
931 4015 1013 4072 tu,
1036 4005 1218 4074 Pater,
1265 4010 1436 4079 gloria
1466 4027 1631 4081 quam
1664 4012 1831 4067 habui
1861 4015 2004 4082 apud
2029 4023 2081 4070 te

498 4096 820 4167 priusquam
847 4098 1088 4154 mundus
1111 4099 1264 4154 ﬁeret
1284 4107 1335 4156 ι.
1361 4119 1380 4152 ι
1406 4100 1478 4156 Ut
1505 4101 1673 4158 homo
1699 4103 1865 4174 igitur
1891 4105 2075 4160 audit:

504 4207 523 4240 ι
564 4187 703 4243 Sede
745 4204 776 4243 a
805 4189 1012 4245 dextris
1062 4192 1238 4247 meis:
1273 4211 1292 4242 ι
1331 4208 1457 4248 nam
1489 4203 1549 4249 ut
1580 4195 1759 4260 Deus,
1793 4197 2079 4266 sempiter-

2196 552 2516 624 Εἰρηκότων
2578 554 2635 607 δὲ
2696 554 2946 623 ἐκείνων,
3000 555 3109 609 Τοῦ
3167 557 3356 623 Δαϐὶδ,
3419 562 3753 633 ἀπεκρίνατο,

2199 663 2218 697 ι
2260 645 2383 708 Πῶς
2411 641 2507 699 οὖν
2540 645 2710 699 Δαόὶδ
2741 647 2801 700 ὲν
2823 647 3096 718 πνεύματι
3127 649 3335 719 Κύριον
3387 651 3548 706 αὐτὸν
3588 656 3754 724 καλεῖ,

2191 735 2385 806 λέγων·
2427 733 2597 792 Εἶπεν
2629 738 2659 790 6
2715 738 2920 811 Κύριος
2962 739 3040 810 τῷ
3071 741 3264 812 Κυρίῳ
3325 759 3450 812 μου,
3488 744 3663 800 Κάθου
3696 749 3756 802 ὲκ

2191 827 2384 892 δεξιῶν
2417 846 2558 900 μου;
2598 848 2618 882 ι
2649 826 2784 886 Εἶτα
2813 832 3319 902 ἐπισυλλογίζεται·
3350 853 3369 887 ι
3399 836 3461 890 Εἰ
3485 833 3576 891 οὖν
3600 839 3757 893 Δαϐὶδ

2193 918 2354 973 καλεῖ
2381 920 2545 974 αὐτὸν
2573 921 2632 976 ὲν
2693 922 2969 994 πνεύματι
3005 925 3249 993 Κύριον,
3285 926 3400 992 πῶς
3439 927 3552 991 υίὸς
3600 929 3755 984 αὐτοῦ

2192 1008 2312 1064 ἐστι
2351 1027 2368 1078 ;
2409 1026 2427 1062 ι
2467 1009 2640 1066 Τοῦτο
2694 1013 2754 1066 δὲ
2807 1013 2936 1084 ἔφη,
2967 1015 3070 1068 οὐκ
3121 1015 3402 1072 ἐκϐάλλων
3450 1019 3572 1073 τὸ⁴⁵⁸
3625 1017 3757 1075 εἶναι

2194 1101 2308 1154 υἱὸν
2344 1101 2440 1155 τοῦ
2472 1102 2638 1156 Δασὶδ
2659 1102 2756 1157 τὸν
2786 1104 3045 1173 Χριστὸν,
3076 1107 3212 1161 ἀλλὰ
3242 1107 3321 1178 τῷ
3355 1110 3758 1184 ὁμολογουμένῳ

2190 1193 2310 1246 τὸδ⁸
2342 1193 2714 1264 ἀγνοούμενον
2749 1196 3089 1267 προστιθείς.
3125 1198 3199 1251 Τὸ
3233 1200 3332 1268 μὲν
3361 1201 3472 1271 γὰρ
3491 1201 3602 1255 υίὸν
3627 1197 3757 1255 εἶναι

2189 1283 2286 1338 τοῦ
2316 1285 2484 1339 Δαϐὶδ
2510 1287 2604 1340 τὸν
2635 1287 2877 1358 Χριστὸν
2907 1288 3221 1359 ὡμολόγουν
3241 1292 3292 1344 oi
3328 1293 3608 1364 Φαρισαῖοι
3636 1311 3650 1324 ·
3679 1295 3756 1348 ὅτι

2189 1377 2248 1432 δὲ
2284 1379 2378 1431 καὶ
2418 1377 2626 1450 Κύριος
2665 1375 2736 1450 ἦν
2784 1379 2879 1434 τοῦ
2917 1382 3104 1447 Δαόὶδ,
3140 1385 3374 1454 ἠγνόουν
3425 1386 3755 1458 παντάπασι.

2189 1471 2264 1524 Τὸ
2292 1471 2480 1525 λεῖπον
2525 1472 2706 1526 τοίνυν
2740 1474 3125 1546 προστίθησιν,
3160 1477 3221 1529 οὐ
3250 1477 3310 1530 τὸ
3337 1479 3758 1551 ὁμολογούμενον

2187 1561 2428 1632 ἀναιρεῖ,
2463 1561 2735 1616 διδάσκων
2762 1562 2837 1625 ῶς
2859 1564 2888 1615 6
2916 1563 3080 1628 αὐτὸς
3108 1565 3203 1618 καὶ
3250 1566 3366 1630 υίὸς
3411 1567 3577 1622 αὐτοῦ
3625 1567 3760 1622 κατὰ

2190 1653 2394 1723 σάρκα,
2427 1654 2526 1707 καὶ
2563 1653 2767 1723 Κύριος
2793 1654 2960 1708 αὑτοῦ
3005 1655 3082 1719 ὡς
3111 1657 3244 1720 Θεὸς
3269 1658 3364 1711 καὶ
3411 1659 3756 1730 δημιουργός.

2190 1745 2390 1815 Σαφῶς
2419 1745 2601 1798 τοίνυν
2626 1747 2655 1798 6
2689 1746 2960 1816 μακάριος
3004 1747 3170 1800 Δα6ὶδ
3206 1749 3306 1819 τὴν
3352 1749 3450 1803 τοῦ
3497 1751 3760 1804 Δεσπότου

2186 1837 2434 1910 Χριστοῦ
2500 1837 2765 1910 κηρύττει
2808 1839 3057 1908 θεότητα,
3111 1841 3206 1893 καί
3252 1858 3454 1909 φησιν·
3489 1861 3507 1894 ι
3549 1838 3708 1896 Εἶπεν
3734 1844 3761 1896 6

2186 1931 2396 2004 Κύριος
2430 1929 2509 2002 τῷ
2536 1930 2729 2001 Κυρίῳ
2759 1947 2884 2001 μου,
2925 1932 3114 1986 Κάθου
3130 1931 3179 1964 ⁸⁸
3208 1933 3274 1986 ὲκ
3321 1933 3516 2000 δεξιῶν
3565 1952 3684 2004 μου.
3738 1951 3756 1985 ι

2187 2026 2252 2079 Et
2283 2024 2450 2078 Δαόὶδ
2472 2023 2501 2076 6
2530 2023 2811 2094 βασιλεὺς,
2853 2023 2949 2078 καὶ
2966 2022 3012 2057 ⁸³
3059 2023 3289 2095 εύσεὸὴς
3320 2024 3577 2095 βασιλεὺς
3616 2028 3644 2079 6
3675 2024 3763 2079 καὶ

2187 2114 2542 2187 προφητικῆς
2561 2114 2788 2186 χάριτος
2811 2114 3135 2186 ἠξιωμένος,
3161 2115 3371 2187 Κύριον
3399 2116 3594 2171 ἑαυτοῦ
3617 2116 3765 2171 καλεῖ

2186 2210 2281 2262 τὸν
2330 2207 2612 2277 Δεσπότην
2642 2205 2882 2276 Χριστόν
2915 2223 2930 2238 ο
2957 2206 3060 2269 οὐκ
3109 2207 3219 2278 ἄρα
3273 2207 3440 2278 μόνον
3486 2207 3763 2278 ἄνθρωπος

2187 2300 2333 2356 κατά
2358 2298 2458 2370 τὴν
2493 2287 2763 2351 Ἰουδαίων
2786 2297 2992 2361 ἄνοιαν,
3033 2298 3172 2352 ἀλλὰ
3210 2299 3308 2352 καὶ
3351 2299 3508 2364 Θεὸς,
3565 2299 3641 2362 ὡς
3675 2297 3763 2352 τοῦ

2187 2391 2355 2446 Δαϐὶδ
2386 2390 2724 2462 δημιουργός
2747 2405 2807 2442 τε
2838 2389 2935 2442 καὶ
2962 2389 3192 2459 Κύριος.
3220 2391 3332 2444 Καὶ
3387 2391 3448 2444 τὸ
3493 2391 3668 2444 κοινὸν
3712 2389 3765 2442 δὲ

2188 2482 2302 2538 τῶν
2355 2481 2640 2552 ὀνομάτων
2698 2478 2798 2548 τὴν
2856 2478 3166 2548 ταυτότητα
3209 2479 3310 2546 τῆς
3363 2479 3556 2541 οὐσίας
3601 2477 3764 2548 δηλοῖ.

2188 2574 2394 2646 Κύριος
2416 2573 2462 2606 ⁵⁸
2485 2573 2594 2642 γὰρ
2625 2571 2820 2642 Κυρίῳ
2846 2569 3018 2638 λέγει,
3051 2570 3145 2623 καὶ
3178 2571 3239 2624 οὗ
3259 2570 3470 2640 Κύριος
3491 2570 3762 2640 κτίσματι,

2187 2664 2312 2719 οὐδὲ
2366 2662 2573 2734 Κύριος
2627 2662 2934 2732 ποιήματιθ
2973 2678 2993 2711 ι
3037 2660 3222 2714 Κάθου
3252 2661 3317 2714 ὲκ
3363 2660 3559 2726 δεξιῶν
3603 2675 3759 2731 μου.»

2187 2755 2352 2822 Μέγα
2393 2755 2496 2824 μὲν
2525 2749 2620 2809 οὖν
2653 2753 2750 2808 καὶ
2793 2752 2986 2807 τοῦτο·
3039 2752 3135 2806 καὶ
3177 2753 3240 2806 οὐ
3285 2753 3454 2823 μόνον
3502 2753 3640 2824 ὑπὲρ
3671 2751 3766 2821 τὴν

2189 2845 2542 2917 ἀνθρωπείαν
2566 2845 2753 2915 φύσιν,
2787 2843 2930 2897 ἀλλά
2961 2844 3057 2896 καὶ
3090 2843 3232 2914 ὑπὲρ
3257 2843 3486 2900 ἃπασαν
3518 2845 3617 2916 τὴν
3652 2841 3766 2896 κτί-

2192 2953 2297 2990 σιν.
2326 2936 2474 3005 Πλὴν
2526 2917 2886 3007 ἀνθρωπίνως
2921 2934 3016 2988 καὶ
3052 2934 3185 2988 αὐτὸ
3247 2936 3492 3008 εἴρηται.
3529 2937 3621 2999 Ὠς
3663 2935 3765 3004 γὰρ

2191 3027 2348 3092 Θεὸς,
2380 3027 2559 3090 ὁΥίὸς
2601 3027 2819 3079 αίὼνιον
2863 3024 3100 3096 ἔχειτὸν
3129 3025 3348 3096 θρόνον’
3390 3046 3410 3079 ι
3471 3027 3530 3081 Ὀ
3583 3026 3763 3096 θρόνος

2191 3135 2288 3172 σου
2317 3117 2446 3188 γὰρ,
2471 3117 2658 3187 φησὶν,
2691 3117 2720 3168 6
2747 3113 2881 3178 Θεὸς
2910 3117 2990 3178 είς
3015 3113 3106 3168 τὸν
3131 3114 3304 3168 αἰῶνα
3345 3114 3446 3169 τοῦ
3497 3114 3707 3174 αἰῶνος.
3742 3127 3760 3160 ι

2187 3209 2262 3262 Οὐ
2287 3208 2395 3280 γὰρ
2434 3207 2572 3277 μετά
2592 3208 2687 3261 τὸν
2718 3207 2975 3279 σταυρὸν,
3003 3207 3098 3261 καὶ⁹
3123 3206 3183 3259 τὸ
3213 3205 3414 3271 πάθος,
3459 3205 3663 3273 ταύτης
3694 3200 3766 3263 ὡς

2185 3299 2318 3364 Θεὸς
2348 3299 2576 3369 τιμῆς¹⁶⁷
2611 3297 2858 3370 ἠξιώθηο
2913 3298 3032 3352 ἀλλ’
3076 3297 3270 3351 ἐλαϐεν
3325 3296 3406 3361 ῶς
3461 3297 3763 3367 ἄνθρωπος,

2184 3391 2322 3460 ὅπερ
2352 3384 2498 3458 εἶχεν
2529 3389 2606 3453 ῶς
2643 3388 2798 3453 Θεός.
2841 3389 2917 3442 Ού
2968 3389 3078 3461 γὰρ
3120 3387 3383 3450 ταπεινὸς
3431 3386 3508 3441 ὢν
3559 3384 3760 3455 ὑψώθη,

2183 3481 2301 3534 ἀλλ’
2352 3479 2576 3549 ὕψιστος
2624 3478 2733 3545 ὢν,
2780 3479 2876 3532 καὶ
2923 3479 2982 3531 ὲν
3040 3480 3223 3549 μορφῇ
3273 3477 3417 3531 Θεοῦ
3481 3479 3764 3547 ὑπάρχων,

2182 3571 2550 3624 ἐταπείνωσεν
2591 3569 2787 3625 ἑαυτὸν
2813 3568 3029 3641 μορφὴν
3057 3567 3248 3622 δούλου
3283 3568 3493 3624 λαϐὼν.
3537 3567 3628 3621 Διὸ
3675 3564 3765 3618 καὶ

2183 3660 2630 3732 ὁεύαγγελιστὴς
2665 3662 2784 3733 βοᾷ*
2819 3680 2838 3714 ι
2886 3662 2946 3714 '0
2989 3660 3290 3732 μονογενὴς
3315 3660 3475 3728 Υἱὸς,
3507 3663 3535 3715 ὁ
3579 3659 3655 3712 ὢν
3689 3657 3763 3717 είς

2181 3751 2274 3805 τὸν
2296 3752 2499 3806 κόλπον
2535 3750 2630 3806 τοῦ
2660 3751 2895 3823 Πατρὸς,
2935 3754 3145 3814 ἐκεῖνος
3197 3751 3538 3824 ἐξηγήσατο.
3587 3769 3606 3803 ι
3657 3748 3764 3803 Καὶ

2182 3844 2346 3906 αὐτὸς
2361 3843 2418 3896 δὲ
2447 3843 2476 3896 6
2515 3843 2724 3914 Κύριός
2755 3858 2944 3913 φησιν’
2973 3861 2991 3894 ι
3037 3841 3178 3911 Ἐγὼ
3201 3843 3260 3895 ὲν
3309 3843 3391 3914 τῷ
3425 3842 3626 3913 Πατρὶ,
3673 3837 3763 3893 καὶ

2180 3935 2209 3986 6
2240 3933 2432 4004 Πατὴρ
2463 3934 2522 3987 ἐν
2554 3933 2698 4004 ὲμοί.
2737 3951 2757 3985 ι
2806 3935 2918 3986 Καὶ
2949 3933 3208 4003 ἀλλαχοῦ·
3235 3952 3252 3986 ι
3308 3933 3547 4000 Δόξασόν
3580 3948 3670 4002 με,
3701 3930 3760 3981 σὺ

2181 4025 2389 4096 Πάτερ,
2419 4027 2485 4096 τῇ
2514 4025 2644 4098 δόξῃ
2671 4019 2706 4098 ᾖ
2729 4021 2875 4096 εἶχον
2906 4025 3058 4094 παρά
3080 4026 3164 4078 σοὶ
3180 4025 3286 4095 πρὸ
3320 4025 3417 4078 τοῦ
3450 4025 3544 4078 τὸν
3567 4023 3763 4092 κόσμον

2180 4115 2458 4185 γενέσθαι.
2499 4135 2518 4168 ι
2573 4117 2660 4181 Ὦς
2685 4116 2973 4189 ἄνθρωπος
3008 4115 3192 4169 τοίνυν
3233 4116 3461 4169 ἀκούει’
3485 4115 3668 4170 Κάθου
3702 4113 3761 4164 ἐκ

2179 4205 2371 4272 δεξιῶν
2392 4223 2499 4278 μου
2519 4223 2532 4237 ·
2568 4225 2586 4257 ι
2620 4205 2695 4269 ῶς
2721 4206 2830 4277 γὰρ
2869 4206 3024 4272 Θεὸς,
3056 4205 3275 4260 αἰώνιον
3303 4205 3420 4277 ἔχει
3443 4206 3507 4259 τὸ
3543 4204 3760 4277 κράτος.

497 4296 630 4333 num
689 4280 852 4334 habet
907 4282 1220 4352 imperium.
1273 4303 1291 4335 ι
1331 4283 1513 4340 Donec
1565 4302 1767 4356 ponam
1824 4288 2078 4345 inimicos

2187 4315 2204 4348 ι
2248 4297 2392 4360 Ἕως
2414 4297 2480 4351 ἂν
2504 4295 2583 4349 θῶ
2613 4297 2738 4359 τοὺς
2763 4294 2991 4365 ἐχθρούς
3018 4312 3111 4348 σου
3140 4295 3435 4348 ὑποπόδιον
3460 4295 3572 4348 τῶν
3594 4289 3761 4344 ποδῶν

498 4377 622 4424 tuos
666 4368 961 4423 scabellum
1011 4371 1210 4439 pedum
1256 4381 1500 4427 tuorum.
1539 4392 1557 4425 ι
1606 4374 1814 4432 Inimici
1852 4379 2076 4448 potissi-

2187 4406 2298 4443 σου.
2339 4407 2358 4439 ι
2411 4387 2631 4458 Ἐχθροὶ
2677 4387 3048 4459 διαφερόντως
3079 4386 3178 4456 μὲν
3220 4387 3248 4439 6
3288 4387 3560 4450 διάϐολος,
3591 4383 3683 4437 καὶ
3714 4380 3760 4432 οἱ

499 4474 648 4512 mum
687 4467 816 4513 sunt
840 4459 1111 4523 diabolus,
1145 4472 1199 4516 et
1234 4463 1397 4534 hujus
1430 4465 1670 4521 ministri
1695 4467 1992 4537 daemones,
2025 4479 2079 4525 et

2187 4478 2372 4531 τούτου
2407 4474 2644 4531 διάκονοι
2673 4477 2948 4548 δαίμονες,
2984 4477 3119 4547 πρὸς
3136 4475 3192 4528 δὲ
3212 4475 3426 4540 τούτοις
3447 4475 3546 4528 καὶ
3575 4473 3621 4524 oi
3652 4469 3760 4530 τοῖς

499 4549 725 4617 insuper
754 4551 844 4619 qui
877 4550 1080 4606 divinis
1122 4553 1243 4622 ejus
1268 4556 1748 4624 praidicationibus
1774 4561 2072 4628 resistunt,

2187 4569 2348 4631 θείοις
2399 4567 2566 4622 αὑτοῦ
2623 4569 2981 4639 κηρύγμασιν
3019 4567 3462 4630 ἀντιπίπτοντες,
3517 4561 3760 4616 Ἰουδαῖοι

501 4640 759 4694 nimirum
805 4640 975 4697 ,ἰυόωί
1029 4644 1239 4715 1393
1293 4655 1348 4701 et
1397 4649 1650 4718 gentiles.
1691 4651 1830 4707 Illud
1889 4662 2071 4708 autem

2187 4662 2280 4714 καὶ
2312 4659 2599 4731 Ἕλληνες.
2625 4661 2698 4713 Τὸ
2733 4660 2791 4713 δὲ
2831 4661 3020 4727 ἓως-⁸⁸,
3049 4661 3111 4714 οὐ
3155 4658 3350 4730 χρόνου
3397 4653 3756 4730 σημαντικὸν,

498 4730 677 4784 Donec
717 4747 823 4784 non
865 4741 1078 4802 tempus
1109 4735 1362 4804 denotat,
1399 4740 1494 4793 sed
1540 4739 1741 4795 idioma
1789 4757 2074 4799 sacrarum

2187 4751 2298 4805 ἀλλ’
2327 4730 2523 4820 ἰδίωμα
2551 4752 2650 4822 τῆς
2669 4751 2818 4814 θείας
2839 4751 3086 4824 Γραφῆς.
3115 4750 3272 4803 Οὕτω
3293 4748 3403 4821 γὰρ
3430 4749 3528 4802 καὶ
3555 4745 3645 4801 διά
3666 4742 3759 4797 τοῦ

497 4820 848 4878 Litterarum.
878 4822 968 4878 Sic
995 4826 1135 4879 enim
1177 4834 1232 4881 et
1264 4843 1358 4897 per
1388 4830 1708 4899 prOphetam
1734 4833 1867 4887 dicit
1892 4833 2072 4892 Deus:

2187 4842 2467 4914 προφήτου
2516 4820 2683 4912 φησὶν
2713 4841 2742 4894 6
2787 4820 2941 4907 956;,
2972 4820 3014 4893 “‹
3050 4839 3196 4909 Ἐγώ
3232 4820 3378 4908 ειμι,
3412 4839 3511 4892 και
3559 4837 3664 4898 ιως
3695 4833 3760 4886 ἂν

502 4927 520 4960 ι
571 4908 682 4979 Ego
733 4925 894 4975 sum,
938 4921 993 4966 et
1040 4913 1212 4969 donec
1265 4918 1586 4982 senescatis,
1652 4933 1754 4989 ego
1806 4935 1926 4976 sum
1965 4931 2005 4978 °.
2050 4943 2070 4976 ι

2187 4908 2609 5005 καταγηράσητε
2628 4933 2738 5002 ἐγώ
2764 4934 2902 5001 εἰμι,
2944 4951 2962 4985 ι
2989 4908 3161 5001 Δῆλον
3185 4931 3242 4984 δὲ
3269 4931 3352 4984 ὅτι
3372 4931 3436 4983 οὐ
3489 4941 3760 4999 συμπερι-

495 4998 651 5055 Patet
696 5009 877 5057 autem
905 5040 920 5066 ,
970 5006 1269 5061 essentiam
1315 5005 1412 5061 Dei
1456 5007 1742 5065 hominum
1791 5021 2074 5071 senectute

2187 4998 2425 5094 ορίζ
2446 5025 2508 5078 τὸ
2525 4998 2788 5080 εῖναι-τοῦ
2805 4998 2937 5077 θεοῦ
2960 5023 3038 5094 τῷ
3052 4998 3133 5093 -γή
3140 5039 3224 5090 ρει
3237 5023 3282 5055 ’⁵⁸
3296 5020 3410 5075 τῶν
3427 5020 3528 5075 ἀνθ
3538 4998 3754 5092 ρώπων.

573 5197 603 5284 ᾗ
627 5195 818 5284 Μνθιιῐξ
847 5213 998 5284 35x“:
1029 5200 1225 5284 ηιξ,
1300 5201 1315 5252 i
1359 5202 1502 5284 ﬁsa}.
1531 5221 1681 5269 xmv,
1713 5206 1838 5284 6.}
1873 5209 2084 5284 Philipp

2187 5229 2223 5281 ί,
2257 5214 2312 5284 6,
2344 5216 2395 5270 7.
2442 5214 2462 5254 ι
2503 5215 2661 5272 Joan.
2696 5233 2749 5284 ι,
2786 5217 2876 5271 18.
2949 5227 2993 5255 ω
3021 5213 3180 5271 Joan.
3212 5227 3325 5278 xxv,
3360 5211 3452 5266 11.
3535 5218 3564 5247 ιι
3594 5206 3748 5263 Joan.

495 5277 639 5333 Ivn,
660 5268 714 5322 5.
791 5273 813 5300 °
843 5268 1018 5324 Exod.
1050 5285 1133 5336 ιιι,
1167 5271 1266 5338 i4;
1296 5273 1422 5328 coll.
1453 5274 1560 5329 Isa.
1589 5268 1734 5342 τινι,
1767 5277 1825 5336 4.

1577 5447 1816 5506 νΑιιυΕ
1853 5450 2246 5509 LECTIONES
2282 5453 2371 5509 ET
2409 5453 2640 5512 NOTAE.

561 5571 608 5654 ξ¹
635 5575 757 5654 0(δᾲΖ
784 5575 950 5654 [τοῦ.
1025 5577 1071 5610 ⁸⁸
1095 5577 1219 5634 cod.
1301 5577 1416 5654 ’τό-ν.
1491 5579 1537 5654 ξ’
1567 5581 1764 5636 Κάθου
1793 5615 1862 5625 -
1880 5604 2020 5654 μου.
2056 5587 2084 5639 1]

2217 5589 2271 5642 in
2301 5591 2421 5645 cod.
2450 5592 2500 5644 1.
2577 5590 2622 5621 ⁸⁵
2646 5589 2777 5642 Καί.
2800 5588 2920 5646 cod.
2967 5590 2992 5643 1

713 5644 758 5676 ⁸⁸
811 5645 1050 5731 Epp-ioc,
1075 5665 1136 5731 κ.
1171 5665 1222 5731 ε.
1255 5648 1459 5731 11911.29
1486 5650 1761 5731 ἀνωνυμεὶ
1786 5637 2027 5731 exhibuit
2058 5637 2084 5731 1

2189 5637 2271 5713 δικ·
2291 5637 2474 5726 ιῗίἰίξ
2486 5637 2538 5731 ᾗ).
2560 5637 2811 5728 ξιῖῖξὸἔιζ

496 5707 544 5742 ⁸⁸
570 5711 736 5772 Ἕως.
772 5707 950 5770 εούξ1
987 5707 1112 5772 add.
1143 5713 1224 5770 οὗ.
1303 5718 1345 5749 ⁵³
1376 5716 1456 5781 Τῷ
1495 5707 1686 5788 γήρειξ
1712 5724 1834 5778 cod.
1868 5707 1986 5779 [τὸ
2015 5707 2219 5796 ﬁsa;

3041 5605 3229 5667 praem.
3261 5589 3363 5667 καί
3391 5588 3572 5658 μέγας
3604 5585 3763 5667 ﬂagra

2887 5660 2930 5691 ‘7
2962 5660 3161 5730 Τιμῆς.
3187 5664 3309 5719 cod.
3343 5659 3365 5711 I
3401 5673 3595 5729 praem.
3629 5659 3746 5726 τῆς.
