4114 6480
359 421 496 487 1760

1741 429 1822 488 IN
1866 429 2071 488 PSAL.
2128 432 2276 492 CIX.

3490 440 3623 509 1770

351 539 417 592 Ei
453 539 564 610 γὰρ
596 541 726 611 περὶ
768 542 1003 614 οὐρανοῦ
1060 544 1155 597 καὶ
1199 543 1303 612 γῆς
1356 559 1521 613 φησιν
1554 545 1582 597 ὁ
1625 548 1926 616 προφήτης,

2041 546 2266 602 minime
2311 550 2615 605 terminari.
2667 550 2722 605 Si
2762 551 2906 606 enim
2950 550 3016 607 de
3049 552 3189 607 coelo
3227 562 3279 609 et
3311 563 3453 611 terra
3494 572 3622 628 pro—

358 647 377 680 s
404 630 572 683 Αὐτοὶ
598 632 952 695 ἀπολοῦνται,
984 636 1047 688 σὺ
1080 635 1137 687 δὲ
1183 632 1500 702 διαμένεις·
1533 653 1551 686 ι
1602 636 1699 688 καὶ
1734 636 1932 689 πάλιν*

360 740 378 770 ι
406 721 477 773 Σὺ
504 719 561 773 δὲ
586 721 614 772 ὁ
643 723 805 786 αὐτὸς
831 719 902 787 εἴ,
925 726 1019 777 καὶ
1045 725 1113 777 τὰ
1143 725 1237 794 ἔτη
1273 742 1365 778 σου
1391 726 1492 778 οὐκ
1525 726 1839 796 ἐκλείψουσι
1861 743 1874 756 ·
1911 747 1929 778 s

352 812 535 882 πολλῷ
569 814 794 884 μᾶλλον,
822 816 1130 889 ἀνθρώπων
1154 820 1248 870 καὶ
1278 818 1578 889 γηρώντων
1606 822 1702 872 καὶ
1749 821 1935 873 τελευ-

347 903 592 969 τώντων,
653 906 903 977 διαμένει
951 908 1063 962 τῶν
1113 910 1251 963 ὅλων
1282 911 1310 962 ό
1339 910 1701 981 Δεσπότηςδο.
1763 912 1934 965 Τοῦτο

348 994 495 1049 ἔοικε
529 996 605 1068 τῷ
634 999 979 1070 ἀποστολικῷ
1004 1002 1197 1073 ἐκείνῳ
1231 1003 1402 1074 ῥητῷ·
1446 1024 1463 1055 ι
1497 1006 1589 1057 Δεῖ
1613 1003 1723 1075 γὰρ
1769 1005 1934 1059 αὑτὸν

350 1092 679 1160 βασιλεύειν,
720 1094 881 1165 ἄχρις
929 1088 990 1149 οὗ
1038 1096 1105 1149 ἂν
1146 1098 1214 1169 θῇ
1263 1098 1474 1160 πάντας
1529 1101 1656 1162 τοὺς
1703 1099 1936 1168 ἐχθροὺς

346 1182 516 1236 αὐτοῦ
544 1185 650 1237 ὑπὸ
673 1186 802 1249 τοὺς
826 1186 993 1250 πόδας
1023 1188 1210 1243 αὑτοῦ.
1250 1207 1268 1241 ι
1310 1189 1445 1242 Οὐδὲ
1475 1191 1587 1257 γὰρ
1617 1190 1853 1243 ἐνταῦθα
1875 1190 1935 1243 τὸ

347 1274 526 1343 ἄχρις
553 1276 681 1329 ob“
733 1279 927 1351 χρόνου
969 1280 1303 1351 δηλωτικόν·
1357 1285 1508 1335 ποῖον
1548 1283 1657 1351 γὰρ
1695 1284 1760 1337 ἂν
1819 1283 1934 1353 ἔχοι

345 1365 530 1434 λόγον,
559 1368 637 1421 ἔτι
665 1372 769 1438 μὲν
792 1388 954 1424 τινων
994 1373 1388 1441 ἀντιλεγόντων
1413 1374 1727 1445 βασιλεύειν
1745 1376 1930 1438 αὐτὸν,

348 1457 494 1526 μετὰ
537 1458 595 1511 δὲ
643 1460 744 1531 τὴν
798 1462 1059 1515 ἁπάντων
1102 1463 1387 1536 ὑποταγὴν
1417 1466 1772 1538 ἀφαιρεῖσθαι
1833 1467 1933 1537 τὴν

345 1546 660 1616 βασιλείαν;
696 1552 808 1604 Καὶ
832 1552 932 1621 μὲν
957 1554 1000 1584 ³⁸
1035 1554 1238 1625 Δανιὴλ
1276 1556 1303 1605 ὁ
1323 1558 1631 1627 προφήτης,
1676 1558 1816 1625 μετὰ
1834 1558 1932 1628 τὴν

342 1638 455 1691 τῶν
514 1639 722 1710 θηρίων
762 1644 1078 1714 ἀναίρεσιν,
1125 1646 1289 1699 αὑτὸν
1335 1647 1439 1715 ἔφη
1491 1647 1798 1716 βασιλεύειν
1852 1650 1933 1713 είς

339 1731 472 1793 τοὺς
508 1731 736 1796 αἰῶνας,
784 1736 1014 1806 καὶτῆς
1052 1736 1329 1806 βασιλείας
1376 1738 1545 1792 αὐτοῦ
1591 1738 1666 1811 μὴ
1714 1740 1932 1795 ἔσεσθαι

340 1821 522 1884 τέλος.
554 1822 679 1887 Πῶς
700 1824 757 1878 δὲ
788 1826 884 1879 καὶ
913 1828 962 1880 οί
986 1827 1133 1896 ἅγιοι
1172 1829 1666 1900 συμϐασιλεύουσιν
1689 1872 1703 1897 ,
1743 1833 1776 1905 ἢ
1821 1837 1933 1891 τίνι

2040 638 2200 705 pheta
2224 640 2355 695 dicit
2381 660 2394 696 :
2431 661 2447 694 ι
2472 642 2574 712 Ipsi
2600 644 2879 713 peribunt,
2912 654 2966 698 tu
2992 654 3173 699 autem
3199 660 3492 716 permanes
3516 660 3576 706 P:
3599 672 3619 703 ι

2036 738 2089 783 et
2118 746 2356 787 rursus:
2396 751 2415 784 ι
2446 732 2525 788 Tu
2571 743 2751 789 autem
2798 736 2939 790 idem
2983 736 3099 805 ipse
3135 750 3195 791 es
3221 776 3235 800 ,
3281 748 3334 793 et
3368 741 3498 794 anni
3548 741 3621 796 lui

2037 835 2145 873 non
2201 823 2553 888 deficiente;
2605 844 2623 875 ι
2683 826 2852 880 multo
2912 827 3119 896 magis,
3178 827 3307 882 licet
3365 829 3620 885 homines

2038 924 2325 969 senescant
2352 922 2405 969 et
2431 918 2757 983 moriantur,
2789 921 3171 975 universorum
3202 920 3470 979 Dominus
3504 938 3625 993 per-

2039 1015 2242 1058 manet.
2273 1005 2391 1061 Hoc
2415 1010 2719 1077 apostolico
2746 1012 2821 1065 illi
2858 1012 3003 1067 dicto
3035 1014 3213 1068 simile
3239 1025 3319 1068 est
3349 1034 3362 1069 :
3403 1035 3421 1068 ι
3451 1012 3625 1088 Ομοιοὶ

2037 1099 2113 1145 tet
2146 1094 2289 1147 enim
2336 1097 2513 1165 ipsum
2559 1114 2817 1167 regnare,
2851 1103 3024 1156 donec
3074 1114 3240 1172 ponat
3283 1120 3477 1162 omnes
3511 1107 3620 1161 ini-

2037 1184 2211 1240 micos
2236 1202 2367 1241 suos
2397 1189 2696 1260 subpech
2721 1193 2842 1262 ejus
2868 1204 2910 1246 τ.
2940 1215 2959 1246 ι
3011 1193 3121 1249 Nec
3148 1198 3292 1251 enim
3319 1199 3483 1253 donec
3514 1200 3619 1256 hoc

2037 1275 2090 1329 in
2115 1277 2234 1331 loco
2267 1286 2479 1348 tempus
2505 1282 2709 1338 indicat
2743 1302 2755 1338 :
2788 1298 2952 1355 quam
2992 1288 3135 1341 enim
3178 1287 3403 1343 haberet
3439 1291 3616 1346 ratio—

2036 1381 2159 1420 nem
2198 1367 2377 1425 adhuc
2433 1371 2708 1443 aliquibus
2788 1381 3221 1448 repugnantibus
3281 1381 3461 1451 ipsum
3522 1397 3614 1438 re.

2035 1472 2236 1526 gnare,
2284 1469 2409 1530 post
2459 1465 2704 1518 omnium
2760 1478 2944 1521 autem
3002 1470 3398 1540 subjectionem
3447 1488 3616 1543 regno

2034 1546 2279 1612 privari?
2316 1551 2479 1620 Atqui
2522 1551 2713 1607 Daniel
2754 1556 3018 1626 propheta
3046 1599 3059 1623 ,
3103 1567 3228 1627 post
3259 1557 3499 1615 ferarum
3530 1561 3619 1615 iu-

2035 1639 2405 1692 ternecionem
2443 1656 2671 1709 regnare
2710 1642 2867 1697 illum
2920 1646 2996 1698 ait
3028 1657 3049 1684 ι
3096 1648 3150 1702 in
3192 1650 3415 1714 saecula,
3446 1659 3498 1705 et
3531 1665 3617 1705 re-

2034 1728 2124 1797 gni
2159 1728 2278 1798 ejus
2316 1745 2422 1785 non
2454 1731 2571 1786 fore
2602 1732 2789 1788 tinem.
2813 1735 3102 1802 Quomodo
3132 1749 3315 1796 autem
3356 1751 3411 1798 et
3440 1743 3615 1798 sancti

2037 1820 2201 1875 simul
2239 1837 2362 1875 curn
2406 1823 2525 1892 ipso
2564 1834 2825 1894 regnant,
2870 1829 2952 1882 vel
2999 1845 3120 1883 cum
3159 1847 3270 1901 quo
3317 1833 3481 1888 simul
3526 1847 3619 1888 re-

342 1912 890 1984 συμϐασιλεύουσι³⁸,
937 1891 1046 1972 τοῦ.
1077 1920 1176 1990 τὴν
1233 1891 1511 1991 βασιλείαν
1552 1891 1928 1995 ὑποσχομένου
1969 1891 2009 1946 Β
2039 1920 2242 1979 8mm:
2297 1891 2440 1968 cum,
2487 1914 2533 1968 Ῐδ
2604 1891 2697 1985 (ί-υί
2756 1932 2982 1988 τθεηιηιι
3029 1891 3316 1989 Prom-i5“:
3384 1938 3613 1993 νεεηιιιιι

340 2006 742 2077 ἀποτιθεμένου
783 2010 880 2078 τὴν
923 2010 1241 2080 βασιλείαν;
1287 2013 1401 2067 Οὐκ
1439 2014 1535 2067 οὖν
1590 2015 1652 2067 τὸ
1711 2016 1824 2083 ἕως
1853 2014 1926 2074 οὗ

2030 2001 2310 2072 deponat?
2344 2005 2528 2077 Itaque
2565 2008 2729 2062 donec
2763 2022 2874 2063 non
2924 2019 3139 2081 tempus
3172 2014 3485 2085 signiﬁcat:
3517 2017 3613 2071 sed

338 2097 540 2168 χρόνου
589 2098 907 2170 δηλωτικὸν,
961 2102 1097 2156 ἀλλὰ
1152 2104 1294 2158 κατὰ
1347 2105 1548 2177 ίδίωμα
1612 2109 1714 2177 τῆς
1776 2109 1926 2174 θείας

2029 2095 2332 2150 secundum
2381 2096 2582 2153 divinae
2633 2096 2932 2169 Scripturae
2972 2101 3175 2157 idioma
3227 2105 3468 2174 positum
3502 2115 3608 2163 est.

336 2193 524 2245 κεῖται
565 2192 814 2265 Γραφῆς.

411 2280 479 2351 β’.
516 2303 536 2336 ι
592 2285 816 2340 Ῥάϐδον
850 2288 1141 2359 δυνάμεως
1171 2292 1524 2358 ὲξαποστελεῖ
1555 2313 1637 2349 σοι
1656 2297 1701 2329 ⁵⁸
1721 2298 1928 2371 Κύριος

336 2372 408 2425 ἑκ
442 2371 605 2427 Σιών.
652 2394 675 2427 s
720 2377 787 2429 Ἡ
819 2379 919 2448 μὲν
955 2379 1015 2446 ἐξ
1049 2380 1249 2435 Ἰεσσαὶ
1272 2382 1498 2451 ῥάϐδος
1535 2386 1601 2440 ὲκ
1635 2388 1885 2460 Βηθλεέμ
1908 2407 1923 2423 ο

341 2480 364 2515 s
419 2462 802 2531 Ἐξελεύσεται
839 2469 974 2540 γὰρ,
1024 2472 1182 2541 φησὶ,
1241 2474 1437 2544 ῥάϐδος
1489 2478 1555 2529 ἐκ
1618 2481 1716 2550 τῆς
1768 2481 1925 2552 ῥίζης

2032 2482 2053 2516 ι
2088 2462 2413 2534 Egredietur
2440 2465 2588 2520 enim
2616 2506 2630 2533 ,
2663 2466 2885 2537 inquit,
2922 2468 3072 2536 virga
3102 2482 3167 2521 ex
3202 2468 3387 2523 radice
3412 2466 3569 2524 Jesse
3588 2511 3605 2537 ,

335 2556 571 2622 Ἰεσσαὶ,
620 2561 717 2614 καὶ
752 2560 915 2626 ἄνθος
961 2566 1030 2617 ὲκ
1080 2565 1179 2632 τῆς
1214 2566 1377 2638 ῥίζης
1409 2569 1770 2641 ἀναϐήσεται,
1830 2576 1924 2628 καὶ

2028 2565 2080 2610 et
2108 2555 2209 2611 nos
2238 2570 2304 2610 ex
2337 2556 2522 2611 radice
2548 2558 2835 2625 ascendet,
2865 2567 2921 2613 et
2948 2559 3254 2628 requiescet
3286 2574 3451 2630 super
3477 2575 3604 2616 eum

333 2649 793 2705 ὲπαναπαύσεται
861 2655 948 2705 ἐπ’
1005 2654 1171 2709 αὑτὸν
1226 2657 1454 2728 Πνεῦμα
1510 2660 1670 2714 Θεοῦ.
1731 2681 1752 2714 ι
1813 2663 1926 2717 Καὶ

2029 2648 2271 2720 Spiritus
2301 2651 2520 2706 Domini
2554 2656 2595 2705 ι.
2631 2671 2652 2704 ι
2676 2651 2809 2719 Quae
2846 2652 3061 2727 1395
3093 2668 3258 2725 porro
3292 2665 3607 2725 sequuntur

2105 2278 2265 2334 Vens.
2301 2280 2357 2335 2.
2402 2300 2420 2333 ι
2458 2280 2680 2354 Virgam
2717 2283 2934 2339 roboris
2964 2284 3144 2339 mittet
3194 2284 3292 2340 tibi
3340 2285 3609 2344 Dominus

2027 2386 2058 2426 e
2083 2370 2269 2429 Sione.
2297 2392 2315 2424 ι
2366 2372 2523 2444 Virga
2545 2375 2765 2445 quidem
2787 2391 2850 2431 ex
2885 2374 3039 2431 Jesse
3068 2385 3166 2432 est'
3184 2392 3251 2430 ex
3281 2376 3557 2433 Bethleem
3589 2397 3603 2434 :

333 2737 408 2791 τὰ
440 2736 572 2809 ἑξῆς
617 2740 676 2793 δὲ
711 2739 808 2794 τοῦ
851 2744 1125 2814 σωτηρίου
1165 2750 1401 2817 σταυροῦ
1466 2748 1564 2817 τῆς
1620 2750 1824 2819 ῥάϐδου
1861 2752 1923 2805 τὸ

332 2830 541 2902 κράτος
580 2831 747 2902 δηλοῖ.
794 2833 873 2886 Δι’
900 2834 1116 2888 ἐκείνου
1164 2836 1275 2907 γὰρ
1314 2839 1495 2892 πᾶσαν
1534 2840 1769 2908 ὑπέταξε
1814 2843 1922 2898 τῶν

332 2922 655 2977 ἀντιπάλων
691 2924 792 2994 τὴν
839 2924 1136 2995 φάλαγγα*
1191 2929 1311 2980 tu"
1359 2929 1415 2982 δὲ
1458 2933 1524 3000 τῇ
1573 2931 1711 2986 Σιὼν
1766 2928 1922 2998 οὗτος

331 3012 544 3085 ἰπάγη.
593 3033 613 3068 ι
648 3017 758 3071 Καὶ
784 3018 833 3049 ⁸⁸
858 3019 1231 3089 κατακυρίευε
1269 3022 1328 3072 ἐν
1370 3020 1523 3090 μέσῳ
1559 3022 1668 3077 τῶν
1709 3025 1921 3095 ἐχθρῶν

333 3122 458 3160 σου.
503 3125 522 3159 s
553 3105 630 3160 oe
662 3107 774 3177 γὰρ
803 3107 865 3174 ἐξ
908 3109 1109 3181 οὐρίων
1135 3110 1393 3180 ἐφέροντο
1414 3111 1524 3167 τῶν
1545 3113 1706 3169 θείων
1740 3118 1919 3185 Εὐαγ-

330 3197 536 3267 γελίων
573 3200 623 3253 οἱ
663 3200 926 3271 κήρυκες,
969 3201 1086 3256 ἀλλ’
1125 3201 1231 3254 ὑπὸ
1272 3201 1546 3274 Ἑλλήνων
1584 3206 1680 3258 καὶ
1708 3204 1916 3279 βαρϐά·
1945 3226 1991 3288 C

335 3307 450 3361 ρων
495 3291 945 3364 πολιορκούμενοι
963 3293 1039 3360 ⁸⁷,
1104 3292 1197 3346 καὶ⁸
1248 3295 1364 3357 τοῖς
1420 3294 1521 3365 τῆς
1591 3296 1917 3361 δυσσεϐείας

332 3383 795 3455 περικλυζόμενοι
818 3384 1105 3456 ῥεύμασιν,
1135 3385 1406 3456 ἐκράτουν
1443 3385 1555 3441 τῶν
1600 3387 1908 3459 δυσμενῶν,

329 3476 437 3529 καὶ
469 3476 593 3538 τοὺς
629 3476 919 3541 πλείστους
954 3478 1307 3548 μετέϐαλλον,
1342 3481 1439 3534 καὶ
1468 3475 1583 3534 οἷόν
1621 3498 1773 3545 τινας
1798 3483 1918 3553 αίχ-

333 3564 625 3636 μαλώτους
678 3568 958 3638 προσῆγον
1024 3568 1104 3639 τῷ
1178 3570 1406 3639 βασιλεῖ,
1472 3572 1569 3626 καὶ
1607 3571 1654 3604 "
1724 3572 1915 3625 τούτου

325 3655 586 3710 δουλείαν
618 3657 970 3721 ἀσπάζεσθαι
994 3661 1041 3692 ⁸³
1073 3660 1514 3729 παρεσκεύαζον.

404 3752 475 3815 γ’.
512 3766 531 3800 ι
570 3749 727 3802 Μετὰ
745 3749 791 3782 ⁸ο
827 3748 922 3802 σοῦ
955 3751 987 3819 ἡ
1017 3750 1161 3821 ἀρχὴ
1190 3752 1247 3805 ἑν
1291 3753 1359 3822 τῇ
1392 3751 1580 3821 ἡμέρᾳ
1609 3750 1711 3821 τῆς
1755 3751 1917 3804 δυνά-

330 3837 487 3912 μεώς
517 3856 632 3905 σου,
671 3841 785 3893 ὲν⁶¹
829 3844 952 3905 ταῖς
993 3841 1346 3911 λαμπρότησι
1374 3841 1485 3895 τῶν
1534 3842 1709 3910 ἁγίων
1738 3856 1855 3896 σου.
1890 3862 1910 3895 ι

341 3929 682 4001 ’Δνώλεθρον
711 3931 857 4003 ἔχεις
885 3934 947 3985 τὸ
979 3933 1184 4003 κράτος
1206 3948 1219 3964 ο
1251 3932 1627 4004 διαφερόντως
1655 3932 1714 3986 δὲ
1751 3930 1916 3986 τοῦτο

326 4019 642 4084 δεικνύσεις
664 4021 710 4054 ⁸·
763 4023 822 4077 ὲν
882 4025 948 4094 τῇ
989 4023 1088 4094 τῆς
1134 4024 1371 4094 κρίσεως
1412 4024 1621 4095 ἡμέρᾳ,
1678 4022 1803 4076 καθ’
1848 4025 1916 4093 ἢν

327 4112 630 4183 λαμπροὺς
673 4113 771 4168 καὶ
826 4117 1153 4185 περιφανεῖς
1185 4114 1315 4178 τοὺς
1349 4115 1542 4184 ἁγίους
1591 4116 1912 4182 ἀποφανεῖς.

342 4203 607 4271 Ἠμέραν
647 4204 756 4276 γὰρ
783 4203 1096 4275 δυνάμεως
1120 4206 1218 4276 τὴν
1247 4204 1508 4277 δευτέραν
1536 4205 1630 4259 τοῦ
1664 4205 1917 4275 Σωτῆρος

329 4296 597 4350 ἐκάλεσεν
628 4297 975 4366 ἐπιφάνειαν,
1017 4298 1142 4351 καθ’
1165 4300 1230 4367 ἢν
1264 4298 1385 4369 ἥξει
1422 4298 1562 4369 μετὰ
1588 4297 1699 4352 τῶν
1743 4298 1915 4367 ἀγγέ-

326 4389 447 4441 λων
484 4390 542 4440 tv
569 4392 635 4460 τῇ
669 4389 796 4462 δόξῃ
841 4390 935 4444 τοῦ
988 4390 1222 4458 Πατρός.
1280 4391 1416 4444 Τότε
1453 4391 1512 4443 δὲ
1555 4390 1648 4444 καὶ
1679 4391 1728 4444 οἱ
1770 4388 1916 4457 ἅγιοι

328 4477 714 4549 ικλάμψουσιν
734 4482 809 4546 ὡς
836 4482 865 4535 ὁ
894 4482 1067 4552 ἣλιος,
1099 4481 1244 4535 κατὰ
1271 4483 1371 4551 τὴν
1398 4482 1567 4537 αὐτοῦ
1588 4482 1687 4537 τοῦ
1708 4481 1916 4554 Κυρίου

2022 2742 2186 2796 etiam
2224 2748 2241 2764 '
2277 2743 2536 2800 salutaris
2559 2747 2744 2801 crucis
2770 2746 2930 2818 virgae
2962 2748 3251 2818 imperium
3281 2748 3560 2805 declarant
3586 2768 3601 2805 :

2023 2847 2118 2902 per
2159 2832 2308 2887 illam
2348 2834 2493 2888 enim
2541 2844 2710 2889 totam
2744 2835 3091 2891 inimicorum
3144 2838 3317 2891 aciem
3362 2838 3603 2908 subegit.

2022 2925 2082 2978 in
2133 2923 2301 2979 Sione
2352 2934 2533 2980 autem
2573 2926 2690 2982 haec
2723 2926 2832 2981 ﬂxa
2870 2926 2991 2981 fuit.
3048 2945 3067 2978 ι
3097 2926 3162 2982 Et
3211 2928 3498 2983 dominare
3546 2926 3606 2982 in

2020 3016 2200 3072 medio
2246 3016 2595 3073 inimicorum
2645 3027 2890 3073 tuorum.
2928 3037 2947 3072 ι
2994 3017 3111 3073 Νοη
3151 3019 3298 3074 enim
3346 3018 3607 3075 secundis

2020 3110 2199 3165 ventis
2239 3109 2555 3165 ferebantur
2583 3111 2896 3166 divinorum
2944 3110 3361 3182 Evangeliorum
3400 3125 3607 3183 praco-

2020 3218 2119 3257 nes
2156 3220 2171 3258 :
2225 3202 2319 3258 sed
2355 3216 2386 3257 a
2417 3201 2623 3258 Graecis
2667 3212 2720 3258 et
2753 3202 3010 3258 Barbaris
3042 3204 3251 3259 obsessi
3277 3244 3292 3269 ,
3334 3204 3605 3274 nudisque

2022 3294 2324 3364 impietatis
2371 3294 2760 3360 circumclusi,
2814 3294 3070 3350 hostibus
3124 3294 3391 3350 dominati
3436 3303 3604 3359 sunt,

2022 3386 2402 3457 plurimosque
2435 3396 2857 3453 converterunt,
2904 3401 2959 3441 et
3005 3387 3169 3443 veluti
3205 3388 3450 3458 captivos
3489 3388 3606 3459 regi

2024 3475 2393 3545 adduxerunt,
2425 3483 2479 3532 et
2500 3484 2562 3530 ut
2591 3474 2756 3547 hujus
2777 3477 3097 3532 servitutem
3122 3477 3604 3548 amplecterentur,

2024 3563 2293 3621 fecerunt.

2097 3745 2260 3799 Vens.
2289 3745 2341 3798 '5.
2380 3762 2399 3794 ι
2429 3743 2631 3798 Tecum
2655 3744 2993 3813 principatus
3024 3744 3079 3797 in
3110 3745 3199 3798 die
3232 3745 3447 3801 virtutis
3475 3756 3603 3812 tuae,

2024 3836 2080 3889 in
2131 3834 2518 3904 splendoribus
2563 3843 2885 3887 sanctorum
2936 3841 3178 3888 tuorum.
3216 3853 3235 3885 ι
3293 3834 3607 3891 Immortale

2023 3927 2194 3982 habes
2230 3925 2519 3995 imperium
2555 3938 2571 3976 :
2611 3925 2962 3993 potissimum
2994 3936 3175 3981 autem
3212 3927 3317 3982 hoc
3347 3930 3605 3983 ostendes

2022 4020 2111 4075 die
2131 4018 2325 4089 judieii
2351 4058 2366 4083 ,
2399 4031 2511 4086 quo
2538 4017 2717 4070 claros
2760 4025 2816 4070 et
2850 4016 3093 4071 illustres
3133 4018 3328 4073 reddes
3359 4027 3601 4078 sanctos.

2025 4110 2149 4164 Dies
2189 4108 2335 4163 enim
2384 4106 2635 4172 virtutis,
2676 4106 2978 4161 secundum
3037 4106 3340 4163 Salvatoris
3386 4110 3608 4164 voravit

2024 4200 2336 4265 adventum,
2369 4213 2478 4267 quo
2505 4195 2689 4251 veniet
2716 4211 2842 4250 cum
2868 4197 3078 4268 angelis
3105 4198 3161 4251 in
3192 4198 3365 4268 gloria
3400 4197 3601 4254 Patris.

2024 4291 2176 4347 Tunc
2197 4299 2378 4345 autem
2395 4298 2453 4345 et
2479 4289 2653 4344 sancti
2677 4288 2819 4343 sicut
2849 4288 2931 4343 sol
2963 4289 3267 4359 fulgebunt,
3300 4290 3601 4345 secundum

2024 4384 2198 4454 ipsius
2234 4379 2449 4437 Domini
2479 4385 2740 4439 vocem“.
2766 4398 2788 4432 ι
2819 4379 2900 4434 Et
2937 4389 3096 4435 utero
3135 4393 3261 4437 ante
3310 4380 3600 4435 luciferum

2025 4476 2186 4548 genui
2257 4481 2330 4529 te.
2410 4492 2431 4525 ι
2481 4472 2597 4528 Hoc
2646 4472 2701 4527 in
2746 4472 2870 4528 loco
2925 4487 3040 4528 suae
3081 4473 3245 4527 etiam
3298 4472 3604 4527 divinitatis

328 4570 545 4642 φωνήν.
577 4592 595 4623 ι
620 4573 715 4626 Ἐκ
734 4572 780 4604 ⁸³
801 4573 1037 4644 γαστρὸς
1063 4572 1171 4644 πρὸ
1190 4573 1473 4644 ἑωσφόρου
1495 4574 1762 4644 ἐγέννησα
1785 4589 1865 4626 σε.
1893 4590 1913 4623 ι

2028 4567 2240 4639 1395
2293 4565 2755 4638 magnificentiam
2808 4567 3041 4635 aperuit.
3085 4566 3151 4620 Et
3194 4565 3461 4622 Dominus
3507 4567 3605 4637 qui

408 4694 439 4737 ιι
468 4684 613 4742 Psal.
646 4703 730 4753 ει,
765 4688 856 4742 26.
935 4698 965 4740 ιι
995 4688 1127 4755 ibid.
1162 4687 1255 4743 27.
1336 4698 1359 4726 ν
1407 4688 1426 4742 l
1465 4689 1593 4745 Cor.
1630 4706 1717 4754 sv,
1751 4690 1848 4744 25.

2028 4703 2124 4741 tau.
2160 4700 2269 4751 vn,
2302 4685 2393 4738 27.
2476 4685 2494 4720 ί
2532 4682 2634 4738 Isa.
2669 4698 2758 4750 xl,
2794 4684 2857 4749 1,
2887 4683 2943 4737 2.
3051 4693 3081 4721 ιι
3117 4682 3308 4741 Matth.
3345 4701 3478 4753 xm,
3514 4687 3606 4746 45.

1444 4801 1675 4856 νΑιιιΑε
1714 4799 2098 4857 LECTIONES
2136 4798 2223 4852 ΕΤ
2260 4796 2492 4852 ΝΟΤᾹΞ.

408 4893 457 4926 ⁵⁸
488 4893 823 4963 Δεσπότης.
857 4898 979 4953 cod.
1012 4899 1037 4951 1
1074 4914 1166 4950 ποι
1208 4916 1236 4949 τ
1279 4914 1328 4960 ς.
1402 4897 1446 4929 ⁵⁸
1482 4892 1587 4952 Οὗ.
1619 4896 1790 4952 Abest
1817 4912 1846 4951 a
1902 4912 1926 4951 c

408 4980 445 5017 ι.
521 4961 567 4996 ⁵⁵
596 4964 718 5017 Σοι.
738 4967 911 5020 Abest
939 4984 968 5020 a
1008 4976 1156 5020 textu
1403 4966 1646 5020 additum
1676 4981 1805 5020 vero
1837 4982 1867 5020 a
1902 4964 1926 5020 Ε

2050 4896 2102 4951 1.
2180 4895 2226 4927 ⁸¹
2257 4892 2401 4948 Μέν.
2435 4892 2559 4947 cod.
2592 4893 2615 4944 1
2644 4908 2749 4946 τοι.
2830 4892 2877 4923 ³⁸³
2909 4891 3033 4945 cod.
3069 4892 3091 4945 1
3123 4892 3609 4961 συμϐασιλεύσου-

2028 4982 2041 5019 ›
2073 4979 2293 5020 ouonue
2333 4971 2388 5017 et
2429 4963 2498 5015 ab
2532 4962 2733 5015 Arabe.
2809 4963 2855 4995 ⁸⁵
2898 4962 2995 5014 Ἑν
3034 4990 3099 4999 -
3137 4960 3353 5020 ἐπάγη.
3388 4963 3515 5020 Des,
3553 4967 3608 5020 in

331 4980 446 5035 etv.
518 4961 567 5035 f‘
596 4964 718 5035 Eo}.
738 4960 911 5021 Abest
939 4984 968 5022 a
1008 4976 1156 5021 testu
1186 4960 1371 5031 Helm,
1403 4966 1646 5020 additum
1676 4981 1805 5022 vero
1837 4982 1867 5021 a
1902 4964 1926 5035 ξ

2028 4982 2041 5019 ›
2073 4979 2293 5035 quoque
2333 4971 2388 5017 et
2420 4963 2498 5035 ab
2532 4962 2767 5035 Arabe,
2809 4963 2855 4995 ⁵⁵
2898 4962 2995 5035 Ἐν
3034 4990 3099 4999 -
3137 4960 3353 5035 ἐπάγη.
3388 4963 3515 5023 Des.
3553 4967 3608 5020 in

512 5031 565 5113 ‘l_.
640 5031 686 5065 ⁵⁸
710 5035 845 5113 ζέας.
866 5038 1088 5113 Διιεειλιι
1119 5046 1268 5091 textu
1299 5030 1463 5113 ilebr.
1498 5050 1601 5113 nec
1625 5036 1701 5113 _i_n
1729 5036 1847 5113 cod.
1898 5034 1926 5113 j

2030 5030 2315 5113 c.'exs-tat.
2388 5034 2457 5113 ’ζ’
2480 5032 2602 5113 eod.
2632 5030 3140 5113 inuolsuouttsvout
3186 5033 3231 5064 ⁵⁸
3254 5036 3387 5113 Ka_l.
3420 5036 3543 5091 cod.
3579 5035 3604 5088 1

333 5101 642 5173 πὼτήν..
716 5102 764 5134 ⁸⁸
807 5104 972 5158 Ἀσπ.
1003 5106 1174 5161 Abest
1201 5122 1234 5161 a
1259 5107 1383 5161 cod.
1407 5107 1460 5162 1.
1538 5106 1583 5138 ⁶⁰
1619 5105 1924 5160 Μετὰ-δ

2028 5103 2198 5173 ίμεώς
2240 5120 2376 5157 σου.
2414 5101 2578 5155 Hebr.
2610 5100 2877 5173 _Populus
2900 5111 3023 5154 tuus
3045 5101 3147 5155 erit
3184 5105 3418 5173 populus
3448 5120 3608 5173 spon-

334 5172 688 5236 tancitatum,
736 5187 783 5228 ε.
817 5187 1011 5242 sponte
1037 5191 1157 5230 sese
1176 5176 1410 5259 oﬁ‘erens
1440 5176 1533 5231 tibi
1564 5176 1652 5230 die
1681 5175 1885 5259 roboris
1915 5177 2013 5231 tui.
2044 5171 2149 5229 Pro
2184 5184 2314 5259 qm
2348 5175 2395 5224 οι
2420 5174 2555 5259 O'et
2583 5171 2757 5259 Arabs
2787 5174 3045 5259 legerunt
3073 5181 3221 5259 πω,
3258 5171 3608 5259 sedpraestat

336 5255 507 5313 lectio
532 5260 664 5320 any
690 5270 856 5325 quam
889 5257 1063 5328 Syrus
1094 5268 1299 5314 tuetur.
1335 5256 1442 5313 Pro
1472 5268 1615 5318 ΠειῚὲ
1638 5258 1926 5329 legendum
1955 5271 2080 5312 esse
2110 5253 2253 5316 nni:
2284 5263 2437 5329 putat
2486 5254 2564 5308 ill.
2595 5253 2879 5311 Michaelis
2916 5255 2973 5310 in
3007 5253 3253 5327 Coitegio
3290 5257 3395 5310 erit
3436 5255 3507 5311 ad
3543 5255 3604 5310 h.

334 5346 373 5400 l.
409 5359 467 5413 p.
489 5343 744 5426 .522,_ubi
773 5342 1033 5426 ειμι-ει).
1076 5345 1258 5426 lingua
1284 5345 1681 5426 sic__e_x_ponitur
1701 5360 1899 5426 sensus
1954 5343 2119 5426 hujus
2158 5342 2480 5426 diliiciclioris
2517 5342 2621 5397 loci
2659 5360 2671 5395 :
2718 5342 2904 5408 Vocas,
2937 5359 2984 5398 s.
3010 5342 3318 5426 educ_is,a'd
3344 5358 3602 5426 pugnant,

334 5410 594 5483 populum
630 5422 781 5466 tuum
817 5414 902 5467 die
932 5410 1316 5471 victoriw'tute.
1356 5410 1557 5470 Ibid—em
1617 5416 1993 5484 impugnatam
2025 5410 2150 5467 side
2203 5413 2494 5467 lectionem
2537 5427 2700 5481 quam
2742 5427 3011 5467 exornare
3063 5412 3235 5466 voluit
3268 5410 3601 5481 Heub‘igant.

338 5484 381 5515 ⁶¹
421 5484 786 5553 ῗΕν-σου,
840 5482 1005 5538 Hebr.
1037 5485 1094 5537 in
1132 5485 1411 5539 decoribus
1465 5486 1790 5539 sanctitatis.
1851 5485 1924 5538 Ita
1982 5490 2209 5553 veteres
2252 5482 2632 5553 fereomnes.
2690 5481 2797 5537 Sed
2817 5483 3046 5553 _Symm.
3097 5482 3263 5536 habet
3313 5481 3606 5553 ὲνλὸρεσιν

340 5487 381 5515 ¹¹
421 5487 786 5538 Ἐν-σου,
840 5487 1005 5538 Hebr.
1037 5487 1094 5537 in
1132 5487 1411 5539 decoribus
1465 5487 1790 5539 sanctitatis.
1851 5487 1924 5538 Ita
1982 5490 2198 5537 veteres
2252 5487 2366 5537 fere
2418 5497 2632 5536 omnes.
2690 5487 2797 5537 Sed
2832 5487 3046 5553 Symm.
3097 5487 3263 5536 habet
3313 5487 3372 5534 ὲν
3418 5487 3604 5552 δρεσιν

340 5552 548 5635 ᾲγίοις.
578 5553 975 5635 Εέειιιιμψιςη
1007 5564 1198 5635 praeter
1221 5555 1546 5635 hanc__etiatn
1574 5555 1677 5635 ista
1706 5554 1952 5635 ejusdem
1981 5552 2124 5635 apud
2162 5550 2355 5606 Montt'.
2384 5551 2438 5605 in
2471 5550 2700 5635 Hexapl.
2725 5554 2791 5635 ad
2915 5552 3366 5635 |.jjiterpt'etatio,
3389 5551 3447 5635 εν

339 5623 536 5691 ἁγίων.
615 5623 811 5701 "_cod.
842 5623 864 5676 1
901 5623 1192 5701 δεικνύεις.
1218 5692 1249 5701 _
1271 5625 1317 5656 ⁸³
1358 5620 1873 5701 Ἐκ--ἐγέννῖησᾴ
1893 5640 1926 5676 σ

2035 5620 2470 5701 ilune_senst't'm_
2507 5620 2687 5701 verbis
2740 5631 2923 5678 textus
2960 5620 3128 5676 Hebr.
3155 5620 3422 5701 dederunt
3442 5622 3498 5701 οἱ.
3522 5620 3603 5681 θ’.

336 5689 482 5763 quos
514 5693 685 5747 secuti
716 5703 846 5747 sunt
873 5708 982 5748 non
1019 5692 1405 5764 modoAPatrcs
1434 5689 1698 5764 plerique,
1751 5689 1843 5749 sed
1895 5695 2059 5749 etiam
2093 5691 2268 5746 Arabs
2295 5701 2347 5746 et
2368 5689 2529 5762 Vulg.
2595 5691 2656 5745 Hi
2691 5707 2907 5758 omnes,
2958 5708 3112 5762 aeque
3145 5707 3208 5746 ac
3230 5689 3603 5755 'l‘heodotion,

338 5759 649 5829 omiserunt
679 5777 844 5829 verba
889 5775 993 5830 ista
1031 5759 1113 5835 ‘11:
1143 5760 1239 5867 ηε,
1288 5793 1411 5847 quae
1435 5759 1636 5832 tamen
1686 5759 1838 5834 inter
1880 5776 2298 5847 antiquissimos
2329 5759 2677 5846 interpretes,
2710 5776 2898 5845 plures
2933 5759 3138 5831 habent
3165 5776 3432 5841 vindices,
3462 5788 3606 5847 quos

338 5859 624 5915 recensuit
652 5856 733 5911 ill.
763 5856 1046 5913 Michaelis
1072 5859 1110 5913 l.
1131 5856 1181 5913 c.'
1211 5875 1265 5928 p.
1293 5860 1397 5917 557
1440 5875 1595 5931 seqq.

662 5953 935 6015 ΡΑτιιοῐ..
965 5954 1083 6016 Gn.
1119 5955 1356 6018 LXXX.
1910 5990 1913 5993 ν

3173 5956 3246 6017 56
