4114 6414
510 391 664 460 -1771

1494 379 1981 441 TIIEODORETI
2013 380 2349 442 EPISCOPI
2385 384 2750 445 CYRENSIS

3643 386 3787 464 1772

527 512 578 566 ei
630 508 889 564 dixerat:
950 521 969 554 ι
1010 500 1150 556 Sede
1198 515 1226 552 a
1279 496 1519 553 dexteris
1573 497 1753 563 meis,
1791 515 1809 546 ι
1868 496 2106 551 consul)-

2219 498 2489 553 Ἐνταῦθα
2519 501 2613 554 καὶ
2644 501 2746 569 τῆς
2778 501 3033 572 θεότητος
3066 504 3229 557 αὑτοῦ
3260 504 3320 558 τδ
3365 502 3784 576 μεγαλοπρεπὲς

516 598 940 658 -stantialitatem
968 594 1188 659 fatetur,
1218 600 1271 645 et
1301 590 1639 645 identitatem
1675 596 1877 642 natura:
1909 588 2106 658 praedi-

527 702 635 748 cat.
675 710 695 743 r
727 691 865 744 Ante
899 684 1185 741 luciferum
1218 703 1236 736 ι
1271 683 1437 744 enim,
1467 692 1595 735 ante
1627 690 1862 750 tempus,
1894 688 1949 733 et
1978 687 2105 734 ante

527 781 724 837 saecula
756 780 934 849 ipsum
960 792 1082 831 esse
1104 775 1459 829 demonstrat.
1494 791 1511 823 ι
1549 771 1622 824 Ex
1653 780 1805 826 utero
1844 790 1863 822 ι
1897 779 2101 835 autem,

526 872 767 942 ejusdem
799 883 920 926 esse
952 865 1273 922 substantia:
1302 864 1480 919 ducet.
1514 861 1632 917 Non
1658 864 1802 917 enim
1841 862 2062 917 aliunde
2087 902 2103 927 ,

527 964 624 1026 ait,
657 961 748 1017 sed
772 975 836 1014 ex
872 970 1068 1013 natura
1103 971 1223 1010 mea
1261 956 1475 1024 genitus
1507 969 1597 1020 es;
1632 962 1818 1007 ventre
1848 951 2105 1005 nimirum

528 1068 622 1124 per
655 1049 1072 1108 similitudinem
1110 1047 1406 1102 intellecto.
1448 1042 1520 1098 Ut
1553 1045 1697 1096 enim
1734 1058 1800 1097 ex
1833 1050 1988 1095 utero
2021 1041 2105 1111 gi—

529 1154 700 1219 gnunt
748 1143 1032 1206 homines,
1085 1150 1139 1193 et
1189 1154 1311 1208 qua:
1358 1137 1654 1208 gignuntur
1706 1134 1951 1188 eamdem
2012 1133 2107 1185 ha-

528 1238 657 1292 bent
685 1243 941 1290 naturam
964 1270 978 1294 ,
1012 1245 1177 1301 quam
1215 1229 1533 1299 genitores:
1587 1227 1667 1280 sic
1714 1240 1781 1279 ex
1831 1240 1914 1279 me
1956 1222 2107 1295 geni-

528 1338 617 1383 tus
651 1341 713 1382 es
738 1365 753 1391 ,
788 1336 844 1379 et
877 1322 1140 1393 genitoris
1184 1321 1238 1373 in
1291 1330 1342 1375 te
1376 1320 1497 1390 ipso
1525 1317 1886 1374 substantiam
1922 1324 2103 1372 osten-

529 1417 636 1471 dis.

603 1680 767 1736 Vens.
798 1681 853 1735 4.
909 1700 928 1732 ι
981 1678 1193 1733 Juravit
1236 1676 1525 1740 Dominus,
1576 1684 1629 1730 et
1675 1691 1781 1729 non
1824 1675 2108 1745 pmnitebit

531 1792 654 1831 eum
691 1775 810 1830 :Tu
832 1790 893 1830 es
927 1771 1180 1828 sacerdos
1219 1771 1274 1825 in
1302 1783 1563 1827 aeternum
1610 1771 1907 1827 secundum
1957 1771 2105 1827 ordi-

2206 590 2544 661 άπεκάλυψε.
2575 592 2685 645 Καὶ
2713 592 2743 644 ὁ
2775 594 3013 663 εἰρηκὼς
3035 595 3187 667 αὐτῷ
3221 596 3422 666 Κύριος
3444 597 3509 629 ⁶⁸ο
3540 615 3559 647 r
3596 595 3785 650 Κάθου

2206 682 2271 733 ὲκ
2296 680 2490 745 δεξιῶν
2527 701 2655 753 μου,
2684 702 2703 734 ι
2729 684 2787 737 τὸ
2819 686 3101 755 ὁμοούσιυν
3138 687 3409 757 ὁμολογεῖ,
3445 689 3541 741 καὶ
3568 688 3631 739 τὸ
3662 702 3767 738 ταυ

2208 776 2298 829 τὸν
2326 776 2588 847 κηρύττει
2615 781 2713 850 τῆς
2738 778 2974 847 φύσεως.
2995 781 3067 832 Τὸ
3097 782 3194 851 μὲν
3223 781 3354 852 γάρ·
3386 799 3405 833 ‹
3437 780 3550 851 Πρὸ
3571 779 3786 846 ἑωσφό-

2212 885 2328 938 ρου,
2372 888 2391 919 ι
2426 870 2487 922 τὸ
2520 870 2627 939 πρὸ
2658 872 2867 941 χρόνων
2908 871 3074 925 αὐτὸν
3106 874 3198 926 καὶ
3236 873 3342 942 πρὸ
3391 875 3606 925 αἱώνων
3642 867 3786 923 εἶναι

2206 958 2373 1029 δηλοῖ.
2402 961 2474 1012 Τὸ
2495 961 2585 1014 δέ’
2628 983 2644 1011 ι
2675 967 2769 1013 ‘i-jx
2800 962 3059 1033 γαστρὸς,
3095 982 3113 1015 ι
3151 965 3210 1017 τὸ
3231 965 3431 1016 ταυτὸν
3459 963 3559 1029 τῆς
3591 962 3786 1022 οὐσίας

2207 1051 2472 1107 διδάσκει.
2534 1054 2608 1107 Ού
2663 1055 2772 1125 γὰρ
2816 1055 3118 1125 ἑτέρωθεν,
3165 1058 3353 1126 φησὶν,
3407 1054 3522 1108 ἀλλ’
3567 1057 3631 1106 ὲκ
3681 1054 3786 1123 τῆς

2207 1143 2346 1213 ἐμῆς
2386 1145 2682 1215 γεγένησαι
2705 1148 2749 1179 ⁸⁵
2793 1146 3007 1216 φύσεως
3032 1164 3044 1175 ·
3105 1148 3204 1216 τῆς
3254 1146 3494 1216 γαστρὸς
3536 1145 3785 1216 δηλονότι

2208 1236 2591 1306 παραϐολικῶς
2612 1239 2931 1308 νοουμένης.
2959 1239 3227 1309 Καθάπερ
3253 1240 3366 1309 γὰρ
3389 1240 3451 1291 ἐκ
3473 1239 3517 1270 ⁸⁸
3546 1238 3788 1308 γαστρὸς

2207 1326 2480 1380 τίκτουσιν
2518 1325 2816 1397 ἄνθρωποι,
2847 1330 2939 1381 καὶ
2989 1328 3057 1381 τὰ
3103 1328 3398 1397 τικτόμενα
3440 1330 3553 1391 τοῖς
3586 1329 3789 1397 γεννή-

2211 1432 2337 1469 σασι
2363 1416 2461 1486 τὴν
2490 1417 2660 1488 αὐτὴν
2700 1417 2811 1487 ἔχει
2848 1418 3010 1485 φύσιν
3035 1435 3047 1447 ·
3078 1417 3252 1481 οὓτως
3285 1417 3344 1482 ἐξ
3379 1417 3512 1488 ἐμοῦ
3546 1418 3787 1486 γεγένηο

2210 1520 2319 1566 σαι,
2359 1507 2453 1557 καὶ
2482 1505 2573 1557 τοῦ
2602 1506 2994 1575 γεγεννηκότος
3027 1508 3084 1560 ὲν
3115 1506 3328 1576 σεαυτῴ
3349 1507 3390 1538 ‘7
3441 1507 3542 1576 τὴν
3591 1507 3788 1560 οὐσίαν

2206 1596 2494 1661 δεικνύεις.

2277 1688 2340 1742 δ’.
2381 1707 2398 1740 t
2427 1690 2631 1760 Ὠμοσε
2658 1689 2883 1760 Κύριος,
2916 1690 3008 1742 καὶ
3038 1689 3097 1742 ού
3135 1687 3672 1760 μεταμεληθήσεται.
3709 1688 3788 1743 Σὺ

2214 1779 2392 1851 ἱερεὺς
2425 1783 2504 1843 εἰς
2530 1781 2623 1834 τὸν
2659 1780 2830 1833 αἰῶνα
2860 1780 3002 1834 κατὰ
3043 1780 3142 1850 τὴν
3181 1780 3337 1846 τάξιν
3366 1781 3721 1850 Μελχισεδέκ.
3762 1802 3783 1833 ο

536 1887 659 1924 nem
712 1866 1135 1923 Melchisedech.
1183 1882 1202 1916 ι
1243 1868 1510 1919 Accurate
1556 1865 1670 1919 inec
1706 1864 1926 1919 divinus
1953 1864 2099 1934 Apo-

2211 1850 2480 1943 Ἀκριϐῶς
2499 1871 2542 1903 ⁸⁸
2567 1871 2739 1925 ταῦτα
2772 1872 3120 1942 ὴρμήνευσεν
3139 1874 3169 1925 ό
3206 1871 3349 1934 θεῖος
3377 1871 3702 1934 Ἀπόστολος
3728 1872 3792 1925 ἐν

528 1970 706 2018 stolus
747 1962 1137 2030 interpretatus
1171 1970 1253 2014 est
1288 1960 1341 2012 in
1374 1958 1618 2028 Epistola
1651 1958 1720 2013 ad
1765 1957 2022 2014 Hebraeos
2058 1966 2103 2021 ',

534 2064 585 2108 et
612 2051 966 2123 pontilicatus
1000 2049 1163 2119 hujus
1185 2050 1544 2104 aeternitatem
1579 2050 1839 2115 ostendit,
1868 2064 1936 2105 eo
1964 2050 2106 2118 quod

536 2145 833 2199 Leviticum
879 2142 1249 2198 sacerdotium
1283 2156 1393 2195 non
1425 2156 1551 2195 cum
1591 2141 1951 2212 jurejurando
1982 2156 2109 2211 pro-

534 2237 826 2293 missioues
878 2233 1170 2304 acceperit,
1215 2233 1319 2289 hoc
1361 2242 1543 2288 autem
1587 2233 1948 2302 jurejurando
1977 2248 2109 2288 con-

534 2332 808 2385 ﬁrmatum
835 2328 927 2383 sit.
966 2325 1177 2383 Idcirco
1205 2325 1370 2380 etiam
1418 2344 1436 2377 ι
1483 2341 1590 2379 non
1616 2323 2043 2394 pteuitebiteum
2084 2344 2103 2378 ι

534 2419 805 2491 apposnit,
857 2418 1117 2489 quoniam
1146 2432 1270 2471 cum
1311 2416 1482 2472 multa
1531 2415 1731 2485 saepius
1778 2415 2111 2486 dispensarit

535 2514 913 2567 universorum
948 2508 1113 2572 Deus,
1155 2510 1267 2562 haec
1289 2507 1689 2563 mutationibus
1723 2506 1954 2561 obnoxia
1987 2520 2110 2560 esse

533 2604 809 2675 permisit.
862 2602 957 2658 Sic
1003 2600 1317 2655 Judaeorum
1371 2600 1737 2655 sacerdotium
1768 2608 1823 2653 et
1870 2598 2024 2662 fecit,
2058 2607 2112 2653 et

534 2696 803 2752 sustulit:
837 2694 919 2750 sic
963 2708 1189 2764 regnum
1237 2692 1368 2748 illud
1417 2692 1722 2757 constituit,
1770 2700 1824 2746 et
1869 2691 2108 2747 evertit:

534 2789 617 2846 sic
661 2786 1038 2858 Assyriorum,
1091 2793 1146 2839 et
1194 2783 1616 2855 Babyloniorum
1663 2791 1717 2835 et
1755 2782 2110 2837 Macedonum

534 2879 828 2948 imperium
869 2884 930 2931 ut
972 2883 1119 2931 esset
1154 2873 1420 2944 permisit,
1450 2877 1467 2897 θ
1497 2884 1551 2929 et
1590 2872 1804 2945 1396
1834 2884 1890 2927 ut
1929 2888 2114 2928 cessa-

535 2978 623 3025 ret
659 2968 937 3039 prmcepit.
978 2965 1092 3021 Hoc
1112 2965 1281 3036 igitur
1315 2966 1683 3022 sacerdotium
1718 2965 2112 3034 sempiternum

533 3075 655 3116 esse
683 3059 895 3119 volens.
915 3057 1135 3128 jurasse
1165 3056 1261 3121 ait,
1294 3070 1643 3125 nequaquam
1695 3054 1813 3109 fore
1844 3061 1903 3107 ut
1933 3052 2112 3121 poeni-

536 3162 666 3209 teat.
706 3149 958 3206 Humano
973 3158 1153 3204 autem
1184 3162 1337 3203 more
1370 3153 1486 3202 haec
1503 3147 1637 3201 dixit
1672 3165 1684 3200 :
1716 3144 1940 3200 alfectus
1962 3144 2108 3200 enim

542 3259 740 3313 expers
774 3250 859 3297 est
886 3240 1169 3304 divinitas,
1199 3238 1423 3295 atiectus
1440 3247 1619 3294 autem
1648 3248 1729 3293 est
1753 3237 1912 3291 etiam
1933 3236 2108 3306 pretii-

535 3333 727 3389 tentia.
794 3330 1190 3387 Melchisedech
1247 3344 1413 3399 porro
1464 3343 1573 3383 non
1614 3326 1970 3391 Iudaeorum,
2017 3326 2111 3382 sed

535 3422 778 3495 gentium
800 3428 885 3477 est
911 3418 1190 3475 sacerdos.
1218 3417 1311 3473 Sic
1334 3428 1391 3472 et
1429 3416 1696 3473 Dominus
1726 3416 1975 3473 Christus
2002 3433 2110 3473 non

536 3530 637 3586 pro
670 3513 871 3570 Judaeis
925 3520 1160 3576 tantum,
1208 3510 1303 3567 sed
1340 3525 1443 3581 pro
1489 3510 1746 3566 omnibus
1795 3511 2112 3566 hominibus

538 3608 893 3677 semetipsum
927 3604 1120 3661 obtulit
1154 3602 1285 3659 Deo.
1317 3602 1561 3658 Exorsus
1593 3611 1774 3657 autem
1815 3612 1898 3657 est
1924 3618 2109 3657 sacer-

536 3701 742 3755 dotium
782 3698 836 3752 in
885 3705 1049 3753 nocte
1095 3696 1221 3762 ista,
1277 3704 1565 3767 postquam
1620 3710 1839 3750 crucem
1900 3695 2107 3759 subiit,

536 3806 662 3848 cum
696 3788 998 3861 accepisset
1022 3804 1242 3860 panem,
1275 3798 1331 3843 et
1364 3787 1569 3859 gratias
1595 3787 1817 3857 egisset,
1858 3786 2033 3857 fregit,
2058 3795 2113 3840 et

535 3884 675 3940 dixit
704 3901 718 3938 :
754 3902 772 3936 ι
804 3881 1048 3951 Accipite
1074 3920 1089 3946 ,
1128 3889 1184 3936 et
1226 3878 1495 3935 comedite
1522 3892 1588 3932 ex
1621 3892 1708 3942 eo,
1741 3876 1855 3932 Hoc
1879 3888 1964 3933 est
1997 3895 2113 3933 cor-

534 3991 639 4047 pus
669 3990 872 4030 meum.
910 3991 930 4025 ›
959 3971 1223 4028 Similiter
1249 3979 1297 4025 et
1331 3970 1556 4026 calicem
1580 3985 1705 4025 cum
1733 3980 2109 4039 temperasset,

535 4068 683 4123 dedit
713 4066 1000 4137 discipulis
1021 4066 1158 4130 suis,
1176 4064 1401 4120 dicens:
1431 4081 1448 4114 ι
1472 4062 1646 4118 Bibite.
1667 4077 1732 4117 ex
1758 4062 1863 4116 hoc
1895 4077 2110 4127 omnes,

536 4159 637 4215 ilic
682 4168 765 4215 est
806 4159 952 4213 enim
985 4157 1207 4229 sanguis
1252 4171 1405 4211 meus
1436 4156 1564 4210 novi
1618 4155 1956 4221 testamenti,
2006 4155 2101 4224 qui

536 4264 633 4317 pro
647 4247 834 4303 multis
855 4246 1165 4302 eﬂundetur
1189 4246 1244 4300 in
1265 4245 1639 4302 remissionem
1659 4254 2010 4315 peccatorum
2027 4254 2074 4299 ι.
2088 4265 2107 4296 ι

536 4339 852 4394 invenimus
901 4348 1080 4392 autem
1130 4336 1632 4392 Melchisedechum
1668 4343 1724 4390 et
1770 4336 2111 4391 sacerdotem

536 4439 589 4484 et
629 4446 807 4501 regem
864 4428 1033 4485 fuisse
1063 4428 1260 4500 (ﬁgura
1295 4429 1442 4483 enim
1490 4437 1608 4482 erat
1652 4428 1762 4482 veri
1811 4426 2113 4483 sacerdotis

2206 1967 2271 2035 τῇ
2309 1964 2443 2033 πρὸς
2493 1962 2777 2034 Ἐϐραίους
2806 1963 3118 2034 Ἐπιστολῇ,
3152 1964 3247 2017 καὶ
3281 1963 3463 2032 τὸτῆς
3502 1964 3786 2034 ἀρχιερω-

2210 2058 2373 2127 σύνης
2404 2058 2609 2127 ταύτης
2645 2059 2956 2129 ἀπέραντον
2984 2057 3175 2124 ἔδειξε,
3222 2056 3300 2129 τῷ
3347 2057 3447 2129 τὴν
3484 2058 3585 2129 μὲν
3623 2058 3789 2111 Aet)?-

2208 2152 2368 2218 τικὴν
2427 2150 2731 2218 ἱερωσύνην
2780 2150 2840 2201 οὗ
2891 2150 3009 2219 μεθ’
3059 2149 3222 2219 ὅρκου
3291 2148 3391 2212 τὰς
3451 2147 3795 2218 ἐπαγγελίας

2208 2240 2482 2311 δεδέχθαι,
2517 2239 2724 2309 ταύτην
2751 2241 2807 2292 δὲ
2840 2242 2987 2311 ὅρκῳ
3031 2240 3417 2310 βεϐαιωθῆναι.
3475 2240 3680 2293 Τούτου
3718 2241 3790 2311 δὴ

2211 2334 2370 2402 χάριν
2399 2333 2492 2385 καὶ
2522 2332 2606 2401 ,τὸ
2635 2350 2653 2384 t
2688 2332 2747 2383 οὐ
2776 2331 3285 2401 μεταμεληθήσεται
3313 2350 3332 2382 ι
3358 2330 3748 2401 προστέθεικεν
3770 2348 3789 2362 ·

2210 2422 2398 2492 ἐπειδὴ
2431 2420 2600 2475 πολλὰ
2624 2421 2885 2485 πολλάκις
2907 2423 3273 2492 οἰκονομήσας
3294 2423 3322 2474 ὁ
3346 2421 3455 2474 τῶν
3477 2421 3615 2474 ὅλων
3630 2422 3791 2485 Θεὸς,

2214 2510 2539 2582 μεταϐολαῖς
2590 2510 2776 2578 ταῦτα,
2815 2512 3135 2579 περιπεσεῖν
3187 2506 3591 2579 συνεχώρησεν.
3625 2507 3794 2562 Οὕτω

2209 2603 2308 2672 τὴν
2348 2601 2622 2655 Ἰουδαίων
2677 2602 2979 2673 ἱερωσύνην
3017 2603 3113 2656 καὶ
3162 2602 3453 2672 πεποίηκε,
3508 2603 3601 2655 xai.
3659 2620 3798 2656 xar-

2211 2692 2473 2745 έπαυσεν.
2500 2690 2658 2744 υύτω
2674 2692 2770 2761 τὴν
2795 2690 3071 2761 βασιλείαν
3095 2694 3311 2763 ἐκείνην
3335 2694 3431 2746 καὶ
3460 2692 3792 2759 κατέστησε,

2211 2784 2305 2836 καὶ
2323 2782 2618 2835 κατέλυσεν
2638 2799 2651 2811 ·
2665 2782 2809 2836 οὕτω
2827 2783 2927 2854 τὴν
2944 2784 3268 2856 Ἀσσυρίων,
3292 2784 3386 2837 καὶ
3403 2783 3792 2849 Βαϐυλωνίων,

2213 2874 2303 2925 καί
2331 2874 2657 2926 Μακεδόνων
2691 2873 2968 2944 βασιλείαν
2992 2875 3086 2928 καὶ
3121 2873 3380 2942 γενέσθαι
3415 2874 3793 2945 συνεχώρησε,

2213 2965 2305 3017 καὶ
2330 2962 2560 3033 λυθῆναι
2578 2963 2901 3036 προσέταξε.
2922 2964 3140 3036 Ταύτην
3167 2966 3353 3036 μέντοι
3372 2967 3469 3038 τὴν
3483 2966 3798 3037 ἱερωσύνην

2212 3054 2432 3108 αἱὼνιον
2464 3049 2604 3107 εἶναι
2641 3053 2985 3124 βουλόμενος,
3016 3053 3385 3124 ὠμωμοκέναι
3414 3052 3602 3124 φησὶν,
3627 3053 3705 3116 ὡς
3726 3053 3797 3105 οὐ

2216 3147 2746 3218 μεταμεληθήσεται.
2783 3147 3170 3217 Ἀνθρωπίνως
3218 3147 3277 3200 δὲ
3336 3147 3511 3201 ταῦτα
3557 3147 3749 3218 εἴρηκε
3777 3162 3795 3178 ο

2211 3239 2306 3293 τοῦ
2358 3240 2562 3301 πάθους
2594 3240 2700 3309 γὰρ
2750 3238 2812 3291 τὸ
2838 3238 2993 3291 Θεῖον
3027 3237 3295 3307 ἀμύητον,
3332 3238 3502 3301 πάθος
3526 3237 3584 3291 δὲ
3620 3238 3718 3290 καὶ
3756 3239 3795 3308 ἡ

2161 3341 2170 3349 ·
2215 3332 2570 3402 μεταμέλεια.
2627 3330 2684 3383 '0
2722 3329 2779 3382 δὲ
2807 3328 3166 3399 Μελχισεδὲκ,
3199 3328 3300 3380 οὐκ
3330 3326 3623 3390 Ἰουδαίων,
3668 3327 3795 3379 ἀλλ’

2215 3423 2385 3476 ἐθνῶν
2427 3420 2628 3492 ἱερεύς.
2665 3418 2822 3472 Οὓτω
2861 3418 2955 3472 καὶ
2970 3419 3014 3449 ⁶⁹
3048 3419 3078 3470 ό
3109 3416 3385 3486 Δεσπότης
3416 3415 3672 3487 Χριστὸς,
3693 3414 3799 3484 οὐχ

2213 3512 2354 3583 ὑπὲρ
2407 3509 2678 3563 Ἰουδαίων
2702 3507 2884 3577 μόνον,
2925 3506 3058 3561 ἀλλὰ
3083 3507 3177 3559 καὶ
3211 3506 3352 3576 ὑπὲρ
3396 3506 3651 3558 ἁπάντων
3701 3505 3802 3557 ἀν-

2212 3603 2448 3675 θρώπων
2483 3601 2672 3655 ἑαυτὸν
2714 3601 3079 3670 προσενήνοχε
3107 3598 3185 3667 τῷ
3223 3597 3362 3668 Θεῷ.
3413 3599 3684 3666 Ἀρχεται
3730 3596 3794 3648 δὲ

2210 3695 2311 3765 τῆς
2344 3693 2642 3766 ἱερωσύνης
2670 3694 2727 3745 ἐν
2756 3694 2824 3762 τῇ
2852 3691 3032 3753 νυκτὶ,
3071 3689 3191 3759 μεθ’
3228 3688 3294 3757 ἣν
3344 3687 3406 3739 τὸ
3458 3686 3628 3749 πάθος
3690 3685 3801 3738 ὑπο

2214 3789 2451 3858 ἐμεινενο
2473 3785 2639 3857 ἡνίκα
2659 3781 2839 3837 λαϐὼν
2860 3782 3043 3854 ἄρτον,
3059 3781 3153 3835 καὶ
3173 3779 3576 3849 εὐχαριστήσας
3595 3776 3801 3830 ἔκλασε-

2213 3883 2309 3934 καὶ
2332 3876 2455 3932 εἷπε
2480 3897 2493 3911 ’
2522 3897 2541 3930 ι
2574 3876 2807 3941 Λάϐετε,
2841 3875 3044 3945 φάγετε
3068 3872 3126 3939 ἐξ
3153 3870 3318 3924 αὐτοῦ
3344 3886 3358 3899 ’
3398 3868 3553 3922 τοῦτό
3585 3869 3706 3921 ἐστι
3734 3867 3801 3919 τὸ

2216 3970 2377 4041 σῶμά
2417 3987 2540 4041 μου.
2590 3989 2608 4021 ι
2645 3968 2921 4029 Ὡσαύτως
2968 3964 3065 4017 καὶ
3103 3965 3164 4017 τὸ
3202 3962 3464 4031 ποτήριον
3516 3958 3797 4030 κεράσας,

2215 4062 2383 4116 ἔδωκε
2408 4062 2523 4124 τοῖς
2543 4059 2813 4130 μαθηταῖς
2836 4053 3004 4111 αὑτοῦ
3021 4055 3066 4087 ⁷⁰
3088 4053 3266 4121 λέγων
3287 4067 3301 4083 ο
3323 4070 3341 4103 ι
3369 4051 3528 4103 Πὶετε
3545 4048 3605 4113 ἐξ
3621 4046 3797 4101 αὑτοῦ

2215 4154 2417 4218 πάντες
2442 4170 2456 4184 ο
2488 4152 2648 4205 τοῦτο
2669 4150 2831 4221 γάρ⁷¹
2858 4148 2975 4201 ἐστι
3022 4144 3084 4199 τὸ
3120 4139 3262 4215 αἷμά
3293 4159 3418 4213 μου,
3460 4140 3518 4195 τὸ
3542 4139 3644 4209 τῆς
3675 4155 3805 4191 και-

2214 4250 2312 4318 νῆς
2340 4244 2629 4316 διαθήκης,
2660 4242 2721 4296 τδ
2754 4239 2883 4309 περὶ
2923 4236 3132 4291 πολλῶν
3154 4234 3518 4306 ἐκχυνόμενον
3543 4232 3624 4294 εἱς
3656 4231 3800 4299 ἄφε-

2217 4352 2301 4387 σιν
2334 4332 2641 4404 ἁμαρτιῶν.
2672 4350 2691 4383 ι
2737 4329 3083 4400 Εὑρίσκομεν
3122 4326 3179 4379 δὲ
3205 4327 3250 4358 ⁷³
3285 4324 3378 4379 τὸν
3428 4321 3801 4391 Μελχισεδὲκ.

2215 4426 2309 4479 καὶ
2329 4426 2373 4455 ⁷³
2411 4424 2563 4494 ἱερέα
2588 4421 2741 4493 ὅντα,
2784 4420 2881 4475 καὶ
2916 4418 3144 4491 βασιλέα
3171 4435 3185 4448 ο
3225 4415 3396 4479 τύπος
3441 4415 3551 4485 γὰρ
3584 4408 3654 4482 ἦν
3698 4412 3805 4465 τοῦ

536 4533 590 4579 et
612 4524 800 4595 regis),
827 4534 881 4579 et
910 4524 1172 4580 obtulisse
1201 4522 1314 4578 Deo
1348 4537 1457 4577 non
1494 4521 1744 4577 victimas
1780 4521 1991 4576 ratione
2018 4535 2108 4575 ca-

2217 4513 2473 4586 ἁληθινοῦ
2506 4515 2697 4584 ἱερέως
2730 4515 2823 4567 καὶ
2862 4510 3127 4583 βασιλέως
3152 4524 3166 4538 ⁸
3195 4509 3291 4562 καὶ⁸
3315 4504 3699 4595 προσφέροντα
3720 4502 3806 4573 τῷ

538 4625 739 4683 rentes,
778 4615 874 4671 sed
904 4630 1099 4686 panem
1139 4624 1194 4668 et
1217 4614 1427 4669 vinum.
1460 4611 1586 4668 llaec
1614 4614 1759 4668 enim
1799 4612 2114 4668 Abrahamo

535 4723 756 4778 quoque
814 4707 1035 4771 obtulit,
1091 4722 1217 4761 cum
1258 4705 1547 4762 sacerdotii
1600 4705 1685 4760 sui
1730 4704 2009 4773 exemplar
2058 4703 2110 4756 in

536 4798 736 4855 lumbis
769 4798 1096 4869 patriarchae
1127 4797 1430 4853 secundum
1463 4798 1712 4868 Spiritum
1768 4796 2107 4867 praevideret.

535 4891 588 4945 Si
623 4890 792 4960 igitur
823 4904 888 4943 ex
921 4888 1124 4944 Davide
1155 4887 1408 4944 Christus
1440 4889 1741 4944 secundum
1763 4904 1986 4943 carnem
2021 4903 2111 4943 or-

534 4988 624 5033 tus
661 4986 766 5041 est,
807 4986 861 5032 et
894 4977 1063 5030 David
1091 4992 1155 5031 ex
1186 4974 1346 5043 Juda,
1390 4986 1445 5032 et
1490 4978 1868 5048 pontiﬁcatum
1909 4993 2110 5034 secun-

533 5068 666 5121 dum
693 5065 942 5121 ordinem
975 5065 1369 5121 Melchisedech
1406 5066 1617 5135 accepit
1646 5066 1923 5131 Christus,
1952 5067 2112 5121 Levi-

536 5159 703 5212 ticum
740 5158 925 5227 utique
955 5157 1326 5213 sacerdotium
1362 5158 1618 5220 cessavit,
1656 5164 1710 5211 et
1742 5157 1793 5210 in
1840 5155 1992 5211 Juda:
2018 5156 2114 5211 tri-

536 5251 664 5304 bum
707 5248 932 5318 majoris
973 5247 1261 5305 sacerdotii
1294 5247 1598 5303 benedietio
1640 5249 1876 5304 transiit.
1916 5247 2114 5303 Sacer-

606 5370 635 5399 ν
666 5359 835 5417 Hebr.
870 5378 979 5428 vn;
1019 5361 1155 5417 Gen.
1189 5375 1303 5415 xlv.
1378 5368 1403 5395 ι
1438 5358 1629 5415 Matth.
1661 5377 1808 5426 xxvi,
1844 5359 2035 5414 26-‘28.

2222 4607 2341 4676 Θεῷ
2389 4607 2491 4659 οὐκ
2547 4605 2719 4675 ἄλογα
2773 4604 3015 4675 θύματα,
3058 4599 3194 4653 ἀλλὰ
3238 4599 3433 4669 ἄρτους
3491 4597 3588 4649 καὶ
3631 4589 3802 4648 οἶνον.

2223 4699 2412 4753 Ταῦτα
2449 4699 2559 4769 γάρ
2592 4698 2687 4752 καὶ
2726 4696 2804 4767 τῷ
2859 4692 3116 4763 Ἀϐραάμ
3155 4688 3558 4761 ’προσενήνοχε,
3603 4685 3665 4740 τδ
3699 4685 3801 4750 τῆ,

2220 4791 2428 4855 οἱκείας
2450 4789 2862 4862 ἀρχιερωσύνης
2895 4786 3209 4858 ἀρχέτυπον
3238 4783 3294 4836 ὲν
3320 4783 3385 4851 τῇ
3411 4779 3503 4833 τοῦ
3529 4772 3807 4844 πατριάρ-

2218 4901 2314 4955 χου
2360 4881 2523 4953 ὀσφύϊ
2587 4879 2977 4953 πνευματικῶς
3032 4874 3304 4947 προορῶν.
3366 4872 3431 4924 Et
3485 4864 3670 4919 τοίνυν
3734 4864 3806 4918 ὲκ

2218 4975 2384 5031 Δαϐἱδ
2412 4976 2442 5028 ὁ
2472 4973 2707 5044 Χριστὸς
2736 4973 2881 5027 κατὰ
2910 4970 3116 5039 σάρκα,
3147 4969 3174 5021 ὁ
3202 4965 3259 5019 δὲ
3289 4958 3453 5016 Δαϐὶδ
3486 4956 3546 5024 ἐξ
3599 4955 3802 5018 Ἰούδα,

2212 5068 2311 5138 τὴν
2335 5067 2394 5120 δὲ
2432 5067 2575 5120 κατά
2597 5065 2697 5136 τὴν
2730 5063 2886 5128 τάξιν
2923 5060 3264 5131 Μελχισεδὲκ
3315 5048 3805 5125 ἀρχιερωσύνηντδ

2215 5157 2410 5210 ἐλαϐεν
2437 5160 2466 5210 ό
2500 5156 2771 5228 Χριστός’
2808 5154 3087 5206 πέπαυται
3132 5151 3230 5220 μὲν
3265 5148 3298 5217 ἡ
3334 5140 3594 5212 Λευῖτικὴ
3641 5142 3809 5209 ἱερω-

2219 5249 2375 5320 σύνη,
2409 5249 2486 5311 εἱς
2518 5249 2572 5300 δὲ
2601 5247 2697 5318 τὴν
2737 5244 2911 5299 Ἰούδα
2940 5240 3113 5313 φυλὴν
3139 5242 3174 5312 ἡ
3212 5238 3315 5309 τῆς
3350 5231 3600 5307 μείζονος
3641 5230 3810 5298 ἱερω-

1616 5497 1852 5553 VARUE
1881 5497 2266 5553 LECTlONES
2315 5497 2401 5551 ET
2430 5497 2660 5554 NOTAE.

606 5607 652 5640 “
675 5607 925 5678 Ktiplog._
947 5606 1084 5678 eod.
1113 5605 1285 5678 ladd.
1315 5602 1387 5678 ῶς
1414 5603 1706 5678 ἀνθριὶπῳ.
1749 5608 1826 5678 ,⁸³
1858 5609 1980 5678 cod.
2014 5608 2038 5660 ‘l
2072 5624 2106 5676 γ

2211 5625 2439 5678 νηταιη-
2462 5607 2507 5637 ⁸⁸⁸
2539 5607 2665 5659 Ἐκ.
2695 5604 2864 5660 cod.i
2895 5604 3023 5657 ἀπό.
3072 5602 3143 5678 _‘_"_
3168 5597 3422 5678 Σεαυτῷ.
3443 5595 3612 5678 _Prior

536 5663 773 5731 habebai
787 5663 955 5742 αὐτῷ.
989 5676 1154 5728 codd
1183 5663 1384 5742 ἑαυτῷ.
1459 5676 1503 5705 ⁵⁸
1522 5663 1814 5742 ’Ἄκριϐῶς
1848 5706 1917 5715 —
1943 5663 2108 5739 βεϐάι

2211 5663 2362 5743 ﬁrm.
2396 5676 2520 5730 lizec
2554 5691 2724 5744 pauca
2752 5685 2962 5729 tantum
3001 5671 3221 5744 exhibet
3244 5663 3404 5744 (Lord.
3443 5667 3479 5721 l.
3500 5680 3551 5719 c.
3574 5678 3639 5744 Β.
3658 5663 3805 5744 gift),

538 5746 764 5815 reliquis
801 5733 1057 5815 ominibus
1089 5733 1345 5815 Otttissis.'
1392 5744 1452 5815 7”
1479 5745 1606 5799 Καί.
1635 5733 1834 5815 ὀοιὶςί
1875 5733 2060 5815 prium.
2092 5746 2108 5797 ε

2227 5733 2289 5777 ’⁷⁸
2317 5751 2437 5800 cod.
2466 5748 2486 5799 l
2552 5733 2767 5806 ἑαυτοῦ,
2790 5754 2916 5798 ante
2943 5742 3222 5815 μαθηταῖς
3239 5736 3617 5815 posi_tum.“"
3648 5733 3801 5802 ι’άρ.

538 5812 670 5869 Des.
693 5813 823 5867 ibid.
899 5812 943 5842 "
971 5813 1062 5866 Δέ.
1094 5814 1214 5865 cod.
1248 5814 1269 5864 1
1303 5814 1424 5869 ald.
1463 5814 1572 5870 καί.

1675 5816 1717 5846 ⁷³
1744 5802 2059 5870 Καί.Ἀι›οει
2090 5831 2108 5869 ε

2211 5815 2263 5869 d.
2295 5820 2340 5872 l.
2416 5818 2462 5847 ⁷⁸
2494 5816 2613 5871 cod.
2642 5817 2665 5869 i
2696 5802 3106 5885 ἀρχιερωσύνην
3131 5802 3619 5879 τοῧ’Μελχισεδέκ.
