4114 6424
374 351 517 418 I773

1753 345 1835 405 ΓΝ
1888 345 2099 405 PSAL.
2140 344 2297 403 CIX.

3486 340 3626 409 1771

368 466 539 536 σύνης
577 462 800 532 εὐλογία
841 460 1065 534 μετέϐη.
1113 457 1404 531 Ἰερατεύει
1430 457 1486 512 δὲ
1509 457 1603 511 νῦν
1627 461 1654 512 6
1684 458 1744 524 ἐξ
1774 460 1949 514 Ἰούδα

2061 461 2152 516 dos
2180 468 2363 515 autem
2404 474 2549 514 nunc
2581 471 2662 515 est
2705 459 2975 527 Christus,
3028 476 3093 516 ex
3138 460 3276 516 Juda
3327 464 3625 518 secundum

369 558 513 611 κατὰ
537 558 716 629 σάρκα
758 557 1069 627 βλαστήσας
1100 553 1335 625 Χριστὸς
1353 593 1367 616 ,
1387 553 1486 605 οὐκ
1505 551 1672 616 αὑτός
1700 570 1752 605 τι
1772 570 1948 623 προσ-

369 650 594 719 φέρων,
648 648 784 702 άλλὰ
842 647 951 701 τῶν
998 645 1419 716 προσφερόντων
1477 643 1691 715 κεφαλὴ
1733 661 1954 715 χρημαο

366 739 558 803 τίζων.
616 739 786 808 Σῶμα
837 738 948 806 γὰρ
992 734 1158 790 αὑτοῦ
1212 737 1312 805 τὴν
1373 735 1705 805 Ἐκκλησίαν
1753 737 1948 801 καλεῖ,

369 830 468 881 καὶ
503 828 591 881 διὰ
648 826 853 896 ταύτης
914 825 1181 897 ίερατεύει
1247 825 1323 888 ὡς
1379 824 1683 896 ἄνθρωπος,
1735 825 1949 896 δέχεται

369 918 427 971 δὲ
478 921 547 972 τὰ
596 917 1019 989 προσφερόμενα
1076 915 1152 979 ὡς
1195 915 1394 977 Θεός.·’
1424 915 1731 985 Προσφέρει
1793 915 1850 969 δὲ
1914 918 1949 986 ἡ

371 1009 676 1077 Ἐκκλησία
725 1010 792 1062 τὰ
828 1008 925 1061 τοῦ
978 1006 1231 1077 σώματος
1262 1005 1431 1059 αὐτοῦ
1462 1005 1680 1059 καὶτοῦ
1716 1007 1953 1077 αἵματος

374 1100 646 1171 σύμϐολα,
687 1100 799 1154 πᾶν
833 1098 897 1152 τὸ
940 1096 1168 1169 φύραμα
1206 1096 1294 1151 διὰ
1336 1096 1437 1166 τῆς
1478 1097 1733 1167 ἀπαρχῆς
1798 1097 1957 1164 ἅγιά-

373 1193 567 1257 ζουσα.

446 1289 509 1336 ε’.
547 1301 566 1333 ‹
603 1280 805 1352 Κύριος
854 1283 918 1334 ὲκ
947 1280 1136 1345 δεξιῶν
1168 1297 1262 1333 σου
1311 1279 1639 1332 συνέθλασεν
1682 1280 1740 1330 ὲν
1769 1279 1957 1349 ἡμέρᾳ

372 1374 547 1447 ὀργῆς
582 1373 748 1428 αὑτοῦ
782 1373 1044 1444 βασιλεῖς.
1092 1392 1111 1424 ι
1148 1371 1287 1435 Τοὺς
1312 1372 1369 1425 δὲ
1398 1370 1495 1424 νῦν
1528 1371 1954 1433 ἀντιτείνοντας,

376 1469 473 1523 καὶ
508 1466 949 1538 θρασυνομένους
978 1466 1247 1537 ἄρχοντάς
1279 1482 1339 1517 τε
1390 1465 1486 1519 καὶ
1519 1463 1779 1536 βασιλέας
1807 1465 1864 1516 ἐν
1888 1465 1955 1533 τῇ

374 1562 475 1630 τῇς
521 1558 758 1628 κρίσεως
801 1557 986 1627 ἡμέρᾳ
1033 1555 1350 1627 παραδώσει
1392 1556 1635 1609 κολάσει.
1684 1554 1759 1606 Τὸ
1784 1555 1830 1586 ⁷⁸
1876 1553 1954 1617 δὲ,

384 1670 402 1702 ι
448 1651 654 1720 Κύριος
688 1650 751 1701 ὲκ
776 1646 965 1713 δεξιῶν
996 1665 1112 1713 σου,
1140 1667 1158 1700 ι
1187 1649 1329 1702 ἔοικε
1355 1647 1432 1717 τῷ
1466 1650 1523 1700 ὲν
1552 1645 1630 1716 τῷ
1666 1646 1898 1717 πέμπτῳ
1913 1646 1960 1678 ⁷⁸

380 1741 474 1795 καὶ
526 1740 740 1810 δεκάτῳ
785 1738 986 1810 ψαλμῷ
1036 1739 1102 1804 ⁷⁷,
1165 1757 1183 1790 ι
1232 1736 1593 1810 Προωρὼμην
1624 1736 1734 1807 γὰρ
1778 1736 1825 1769 ⁷⁸
1863 1735 1958 1789 τὸν

2052 566 2272 606 carnem
2300 560 2474 619 ortus,
2514 568 2621 607 non
2655 552 2769 621 ipse
2793 554 3001 623 aliquid
3035 551 3292 618 oﬂcrens,
3323 555 3418 610 sed
3462 566 3628 625 caput

2053 643 2323 699 exsistens
2350 659 2539 699 eorum
2584 645 2678 713 qui
2722 644 2976 701 oﬂ‘erunt.
3032 646 3245 716 Corpus
3273 648 3418 702 enim
3468 664 3628 702 suum

2057 734 2270 806 1397
2305 735 2605 791 Ecclesiam
2630 748 2805 802 vocat,
2828 748 2881 792 et
2907 755 3002 808 per
3030 754 3150 793 eam
3177 740 3484 795 sacerdotio
3514 739 3632 795 fun-

2053 827 2200 896 gitur
2229 837 2286 881 ut
2320 832 2505 890 homo,
2553 829 2745 898 recipit
2774 839 2954 885 autem
2989 846 3052 886 ea
3077 847 3201 902 qua:
3221 831 3546 898 oﬂ'eruntur,
3570 844 3630 888 ut

2055 916 2218 972 Deus.
2265 916 2435 972 Oll‘crt
2477 934 2607 972 vero
2656 920 2900 976 Ecclesia
2947 923 3193 991 corporis
3235 935 3289 979 et
3342 925 3629 995 sanguinis

2056 1010 2327 1078 symbola,
2366 1018 2535 1065 totam
2562 1025 2797 1066 massam
2832 1029 2928 1083 per
2952 1015 3221 1084 primitias
3255 1017 3628 1072 sanctiﬁcans.

2131 1268 2297 1326 Vens.
2327 1271 2379 1326 5.
2410 1290 2428 1322 ‹
2469 1271 2737 1327 Dominus
2769 1288 2797 1325 a
2827 1275 3063 1330 dexteris
3083 1277 3193 1331 tuis
3229 1277 3497 1350 confregit
3536 1280 3626 1335 die

2059 1362 2154 1416 ira:
2181 1378 2294 1418 suae
2317 1378 2493 1433 rcges.
2525 1383 2544 1415 ι
2576 1363 2859 1435 Principes
2890 1376 2943 1421 et
2968 1384 3122 1438 reges
3160 1386 3306 1424 nunc
3330 1387 3632 1442 repugnan-

2060 1464 2141 1510 tes
2196 1464 2251 1510 et
2290 1455 2635 1526 insurgentes
2668 1457 2755 1511 die
2794 1458 2985 1526 judicii
3033 1461 3314 1531 suppliciis
3358 1464 3628 1520 multabit.

2059 1544 2176 1602 Hoc
2207 1555 2414 1612 autem,
2455 1546 2712 1601 Dominus
2740 1566 2771 1601 a
2809 1550 3045 1604 dexteris
3069 1554 3191 1616 tuis,
3224 1553 3402 1608 simile
3429 1565 3512 1609 est
3533 1556 3632 1619 illi,

2060 1637 2207 1707 quod
2242 1637 2295 1691 in
2339 1637 2551 1692 decimo
2582 1639 2774 1707 quinto
2800 1643 3015 1709 psalmo
3039 1643 3243 1697 dictum
3277 1653 3358 1699 est
3388 1662 3401 1697 τ
3431 1663 3450 1696 ‹
3486 1644 3635 1702 Prte-

2061 1729 2309 1783 videbam
2350 1727 2637 1782 Dominum
2685 1730 2738 1782 in
2766 1740 3060 1801 conspectu
3088 1748 3209 1787 meo
3233 1749 3469 1804 semper,
3497 1751 3639 1806 quo-

377 1832 587 1903 Κύριον
630 1803 865 1886 ὲνῶπιόν
901 1803 1005 1901 μου
1032 1831 1121 1885 διὰ
1155 1803 1379 1893 παντὸς,
1400 1803 1495 1884 ’δτί
1524 1803 1589 1883 ὲκ
1631 1803 1823 1894 δεξιῶν
1856 1826 1957 1898 μού

2066 1821 2212 1876 niam
2246 1836 2275 1875 a
2317 1822 2558 1877 dexteris
2588 1831 2671 1876 est
2699 1823 2852 1882 mihi.
2888 1840 2955 1878 ne
3004 1803 3437 1882 commovearir.
3484 1803 3636 1887 {Et-

377 1926 549 1988 ἐστιν,
582 1924 669 1976 ἵνα
705 1922 779 1993 μὴ
811 1921 1078 1976 σαλευθῶ.
1119 1940 1138 1972 ι
1174 1923 1284 1975 Καὶ
1311 1921 1420 1991 γὰρ
1454 1922 1574 1975 ἐκεῖ
1600 1917 1961 1990 ἀνθρωπίνως

374 2016 538 2070 τοῦτο
565 2014 784 2085 εἴρηκε,
801 2014 896 2069 καὶ
911 2015 1182 2082 δεδήλωκε
1214 2014 1314 2083 τῆς
1338 2012 1633 2083 ὲνωθείσης
1659 2010 1876 2080 φύσεως
1901 2010 1963 2064 τὸ

375 2106 682 2179 ἀχώριστον
698 2123 711 2136 ·
730 2106 825 2158 καὶ
841 2104 1075 2158 ἐνταῦθα
1093 2103 1137 2136 ⁷³
1157 2103 1297 2157 κατὰ
1319 2102 1515 2156 ταυτὸν
1532 2103 1624 2157 καὶ
1648 2102 1719 2155 τὰ
1738 2100 1857 2154 θεῖα
1870 2102 1961 2155 λέ-

374 2218 489 2269 γει,
512 2198 609 2252 καὶ
625 2197 692 2251 τὰ
708 2195 1047 2267 ἀνθρώπινα.
1068 2195 1141 2247 Τὸ
1172 2193 1273 2264 μὲν
1292 2195 1454 2263 γὰρ,‹
1480 2191 1665 2247 Κάθου
1693 2194 1756 2245 ὲκ
1771 2189 1962 2256 δεξιῶν

381 2308 509 2360 μου,
547 2308 567 2341 ι
606 2291 671 2359 τῇ
704 2286 1021 2357 ἀνθρωπεία
1041 2284 1201 2355 φύσει
1236 2285 1580 2355 πρόσφορον
1602 2282 1664 2337 τὺ
1684 2283 1762 2349 δὲ,
1798 2301 1817 2335 ‹
1866 2282 1964 2337 Ἐκ

377 2382 619 2452 γαστρὸς
655 2378 762 2448 πρὸ
786 2378 1064 2448 ὲωσφόρου
1102 2376 1369 2447 ὲγέννησά
1393 2392 1474 2441 σε,
1502 2394 1521 2427 ι
1544 2374 1840 2446 δηλωτικὸν
1865 2373 1963 2444 τῆς

377 2472 669 2542 θεότητος·
702 2470 764 2523 τὸ
799 2470 879 2533 δὲ,
915 2489 933 2521 ι
972 2469 1047 2523 Σὺ
1077 2463 1128 2521 εί
1165 2468 1343 2539 ἱερεὺς
1374 2470 1453 2530 είς
1489 2467 1664 2520 αίῶνα
1688 2466 1757 2529 ⁸⁸,
1797 2484 1817 2517 ι
1854 2465 1963 2518 πά-

375 2564 464 2617 λιν
495 2565 572 2627 ὡς
599 2563 735 2634 πρὸς
769 2561 1057 2633 ἄνθρωπον
1084 2560 1325 2632 εἴρηται.
1359 2557 1636 2623 Ὡσαύτως
1654 2558 1712 2611 δὲ
1743 2557 1837 2611 καὶ
1863 2556 1926 2610 τὸ
1943 2595 1960 2621 ,

381 2669 403 2703 ι
453 2653 657 2722 Κύριος
687 2653 751 2704 ἐκ
785 2650 974 2715 δεξιῶν
1007 2667 1124 2717 σου,
1157 2668 1176 2702 ι
1203 2648 1326 2705 ἀντὶ
1350 2647 1468 2717 τοῦ,
1488 2647 1793 2719 ἀχώριστον
1815 2647 1963 2718 ἔχεις

373 2743 479 2815 τὴν
512 2742 807 2796 ὲνωθεῖσαν
833 2741 1084 2812 θεότητα.

451 2832 534 2905 ς’..
569 2850 587 2885 ι
630 2834 824 2906 Κρινεῖ
867 2834 926 2885 ὲν
956 2835 1070 2896 τοῖς
1098 2832 1298 2897 ἔθνεσι,
1336 2830 1617 2902 πληρώσει
1650 2828 1957 2902 πτώματαο

376 2923 671 2979 συνθλάσει
696 2923 939 2993 κεφαλὰς
969 2925 1064 2978 ἐπὶ
1095 2925 1198 2995 γῆς
1230 2923 1444 2977 πολλῶν
1471 2924 1538 2976 ⁸³.
1570 2941 1588 2975 ι
1619 2922 1962 2994 Σαφέστερον

373 3013 616 3068 ἐνταῦθα
665 3013 767 3085 τὴν
809 3014 992 3085 κρίσιν
1037 3013 1272 3084 ἐδήλωσε
1321 3013 1416 3067 καὶ
1456 3014 1540 3068 δτι
1587 3013 1711 3067 κατ’
1742 3012 1961 3084 ἐκείνην

374 3106 481 3177 τὴν
508 3106 722 3176 ἡμέραν
754 3106 1126 3166 παντοδαπαῖς
1158 3104 1477 3176 παραδώσει
1511 3106 1806 3178 τιμωρίαις
1832 3107 1962 3171 τοὺς
1988 3131 2031 3190 C

374 3197 668 3267 δυσσεϐείᾳ
698 3196 1063 3268 συνεζηκότας
1085 3212 1101 3227 ο
1142 3198 1238 3250 καὶ
1268 3197 1410 3251 κατὰ
1437 3198 1528 3251 τὸν
1556 3199 1803 3269 παρόντα
1831 3196 1960 3267 μέν·

371 3305 461 3342 τοι
514 3289 561 3320 ⁸³
620 3288 769 3358 βίον,
824 3288 1052 3352 πολλαῖς
1102 3288 1301 3351 αὐτοὺς
1372 3287 1633 3351 πολλάκις
1688 3287 1959 3351 παιδείαις

376 3379 642 3448 ὑπέϐαλε,
678 3381 779 3450 τὴν
827 3380 1038 3434 οἰκείαν
1081 3381 1315 3451 δύναμιν
1353 3380 1482 3444 τοὺς
1516 3379 1848 3450 ἀγνοοῦντας
1882 3379 1960 3433 δι-

372 3470 618 3526 δάσκων.

449 3560 516 3625 ζ’.
539 3562 579 3612 't
631 3562 725 3615 Ἐκ
771 3563 1074 3634 χειμάρρου
1118 3563 1178 3615 ὲν
1208 3562 1316 3634 ὁδῷ
1364 3562 1571 3626 πίεται,
1606 3563 1697 3618 διὰ
1725 3563 1773 3596 ⁸³
1801 3561 1960 3616 τοῦτο

374 3650 585 3718 ὑψώσει
611 3651 878 3723 κεφαλήν.
917 3670 936 3704 ι
975 3650 1173 3723 Πολλῇ,
1203 3652 1390 3722 φησιν,
1418 3651 1847 3723 ὲνανθρωπήσας
1873 3653 1962 3705 εύ-

371 3737 561 3810 τελείᾳ
595 3740 877 3810 χρήσεται,
906 3738 1047 3792 ὥστε
1077 3740 1173 3793 καὶ
1200 3742 1315 3803 τοῖς
1342 3740 1486 3795 κατὰ
1526 3741 1628 3811 τὴν
1656 3741 1775 3794 ὁδὸν
1808 3743 1958 3812 εὑρι-

373 3831 667 3899 σκομένοις
698 3829 855 3884 ὕδασι
887 3831 1214 3902 θεραπεύειν
1256 3831 1321 3885 τὸ
1351 3830 1525 3900 δίψος.
1565 3834 1724 3885 Δοκεῖ
1763 3833 1821 3886 δέ
1864 3851 1957 3904 μοι

372 3919 474 3971 καὶ
504 3919 698 3989 ἑτέραν
748 3919 1052 3990 βαθυτέραν
1092 3919 1239 3990 ἔχειν
1280 3921 1315 3991 ἠ
1358 3918 1664 3992 προφητεία
1698 3920 1954 3978 διάνοιαν.

372 4011 649 4080 Ποτήριον
682 4010 804 4074 ἔθος
828 4011 978 4083 αὺτῷ
1010 4011 1072 4064 τὸ
1102 4010 1274 4075 πάθος
1304 4011 1490 4064 καλεῖν
1513 4027 1530 4043 ο
1566 4029 1586 4062 ι
1612 4011 1796 4083 Πάτερ
1822 4012 1952 4084 γὰρ,

370 4101 506 4171 ἔφη,
554 4104 603 4155 εί
633 4101 876 4167 δυνατὸν,
921 4102 1165 4174 παρέλθῃ
1185 4102 1234 4135 ⁸⁵
1263 4103 1325 4155 τὸ
1362 4102 1615 4173 ποτήριον
1664 4103 1824 4157 τοῦτο
1856 4105 1957 4159 ἀπ’

370 4191 536 4260 ἐμοῦ·
577 4210 597 4244 ι
636 4192 998 4262 χειμάρῤουν
1026 4193 1083 4247 δὲ
1107 4195 1234 4257 τοὺς
1275 4193 1564 4257 Ἰουδαίους
1597 4193 1769 4257 καλεῖ,
1803 4195 1955 4260 θείας

374 4283 481 4353 μὲν
526 4283 746 4354 χάριτος
782 4284 1172 4356 τετυχηκότας,
1218 4286 1318 4339 οὐκ
1349 4285 1525 4338 ἀεὶδὲ
1567 4287 1771 4357 ταύτης
1817 4288 1953 4340 ἀπο-

369 4374 699 4439 λαύσαντας.
739 4375 1004 4447 Καθάπερ
1027 4376 1136 4447 γὰρ
1163 4377 1192 4428 6
1216 4377 1554 4447 χειμάρρους
1594 4377 1694 4429 οὐκ
1725 4376 1952 4431 ἀένναον

2063 1912 2208 1967 enim
2249 1912 2322 1965 ibi
2349 1913 2504 1982 juxta
2543 1913 2939 1969 humanitatem
2976 1916 3080 1972 hoc
3111 1917 3269 1983 dixit,
3307 1927 3361 1973 et
3389 1919 3633 1975 declara-

2062 2003 2143 2058 vit
2203 2013 2408 2057 naturae
2445 2004 2613 2059 unitte
2650 2005 3172 2076 inseparabilitatem
3209 2027 3223 2063 :
3254 2021 3307 2065 et
3361 2011 3467 2066 hoc
3515 2015 3637 2070 loco

2064 2095 2228 2151 simul
2251 2105 2305 2150 et
2327 2096 2507 2150 divina
2533 2096 2686 2163 dicit,
2720 2106 2774 2153 et
2805 2098 3065 2155 humana.
3091 2099 3205 2156 Hoc
3234 2102 3402 2167 enim,
3440 2121 3460 2153 ι
3496 2103 3638 2161 Sede

2063 2198 2096 2236 a
2144 2183 2383 2237 dexteris
2426 2184 2585 2248 meis,
2624 2203 2643 2235 ι
2682 2185 2935 2240 humanae
2962 2188 2980 2208 ‘
3011 2197 3223 2242 natura:
3253 2190 3524 2259 congruit.
3567 2188 3638 2243 Il-

2066 2273 2157 2328 lud
2187 2289 2340 2335 vero,
2383 2293 2400 2325 ι
2438 2276 2514 2329 Ex
2551 2286 2709 2331 utero
2740 2285 2867 2331 ante
2894 2275 3179 2331 luciferum
3204 2280 3363 2348 genui
3394 2289 3465 2344 te,
3497 2298 3516 2331 ι
3553 2280 3638 2335 di-

2065 2367 2347 2421 vinitatem
2375 2367 2648 2433 declarat;
2679 2376 2731 2421 et
2764 2367 2898 2422 illud
2927 2383 3120 2423 rursus
3150 2385 3164 2421 :
3196 2387 3215 2420 ι
3253 2368 3333 2423 Tu
3370 2384 3430 2424 es
3459 2385 3638 2426 sacer-

2065 2459 2166 2514 dos
2199 2458 2253 2512 in
2300 2468 2585 2524 aaternum,
2638 2478 2657 2510 ι
2709 2467 2970 2530 tanquam
3009 2459 3078 2514 ad
3123 2461 3398 2516 hominem
3429 2460 3634 2520 dictum

2064 2558 2168 2605 est.
2202 2550 2276 2604 Ita
2309 2564 2530 2620 quoque
2554 2549 2687 2603 illud
2720 2567 2734 2603 :
2778 2568 2797 2601 ι
2835 2549 3099 2606 Dominus
3128 2565 3158 2604 a
3187 2551 3428 2606 dexteris
3456 2553 3584 2616 tuis,
3613 2572 3633 2604 ι

2063 2641 2222 2711 quasi
2252 2640 2419 2704 dicat,
2471 2641 2803 2695 lndividuam
2848 2641 3015 2697 habes
3050 2642 3399 2712 conjunctam
3440 2644 3625 2700 divini-

1952 2788 1963 2803 ,
2065 2741 2256 2788 tatem.

2140 2823 2307 2878 Vens.
2328 2823 2383 2878 6.
2432 2843 2450 2876 ι
2474 2823 2749 2879 Jutlicabit
2777 2824 2921 2878 inter
2947 2824 3219 2889 nationes,
3244 2826 3489 2895 implebit
3510 2827 3632 2898 (ter-

2064 2916 2206 2985 ram)
2239 2916 2540 2987 stragibus,
2583 2916 2985 2985 conquassabit
3023 2916 3204 2986 capita
3232 2916 3287 2971 in
3325 2924 3466 2973 terra
3496 2921 3631 2975 mul-

2066 3017 2268 3063 torum.
2308 3028 2329 3060 ι
2358 3008 2699 3063 Manifestius
2723 3009 2826 3062 hoc
2850 3007 2970 3063 loco
3005 3008 3270 3076 judicium
3300 3008 3637 3065 demonsrra-

2063 3101 2158 3165 vit,
2187 3115 2356 3171 seque
2376 3101 2470 3155 illo
2505 3100 2592 3155 die
2624 3101 2874 3156 homines
2917 3100 3116 3171 impios
3148 3102 3405 3173 vitiisque
3456 3103 3637 3174 inqui-

2068 3201 2229 3247 natos
2289 3192 2575 3261 suppliciis
2622 3193 2970 3248 traditurum.
3020 3191 3089 3248 Et
3135 3208 3268 3248 sane
3308 3194 3363 3248 in
3401 3193 3506 3250 bac
3531 3195 3643 3252 vita

2067 3285 2267 3355 saepius
2300 3286 2488 3341 multis
2517 3286 2973 3355 castigationibus
3007 3285 3132 3342 illos
3178 3287 3410 3356 punivit.
3454 3297 3638 3359 poten-

2068 3376 2196 3432 tiam
2227 3391 2382 3431 suam
2402 3375 2642 3446 ignaros
2671 3377 2894 3432 docens.
2938 3396 2945 3402 ·

2137 3553 2307 3610 Vens.
2373 3554 2425 3608 7.
2466 3554 2508 3608 Ε
2558 3563 2808 3610 torrente
2877 3555 2932 3610 in
2994 3554 3081 3610 via
3125 3556 3308 3623 bibet,
3356 3568 3642 3628 propterea

2070 3646 2288 3717 1398
2313 3645 2578 3701 exaltabit
2608 3653 2793 3715 caput.
2836 3663 2856 3696 ι
2886 3644 3089 3712 ‘Multa,
3141 3647 3337 3717 inquit,
3386 3663 3510 3703 cum
3545 3650 3639 3706 ho-

2066 3752 2156 3791 mo
2218 3737 2395 3792 factus
2457 3736 2583 3798 erit,
2646 3736 2952 3791 humilitate
2990 3745 3197 3802 utetur,
3237 3738 3311 3792 ita
3377 3748 3435 3793 ut
3484 3742 3644 3810 aquis

2063 3829 2227 3882 etiam
2262 3843 2386 3897 quas
2411 3828 2466 3881 in
2498 3827 2584 3879 via
2616 3827 2989 3893 inveniuntur,
3027 3828 3175 3883 sitim
3206 3828 3525 3900 restinguat.
3543 3830 3643 3886 Vi-

2063 3920 2222 3974 detur
2261 3928 2441 3974 autem
2494 3918 2632 3972 mibi
2678 3918 2998 3973 vaticinatio
3033 3934 3257 3974 sensum
3294 3906 3479 3975 alium»
3506 3938 3636 3992 pro-

2065 4010 2375 4066 fundiorem
2406 4011 2632 4065 habere.
2660 4010 2896 4066 Calicem
2929 4010 3070 4066 solet
3103 4012 3218 4082 ipse
3246 4026 3464 4067 crucem
3499 4029 3638 4068 nunc

2061 4114 2277 4169 cupare.
2313 4118 2331 4151 ι
2356 4099 2518 4154 Pater
2539 4098 2706 4162 enim,
2741 4098 2940 4169 inquit,
2961 4099 3004 4154 si
3033 4100 3290 4169 possibile
3319 4109 3424 4167 est,
3458 4111 3637 4158 trans-

2060 4203 2148 4249 eat
2194 4194 2332 4247 calix
2382 4193 2488 4249 iste
2526 4209 2556 4247 a
2592 4209 2677 4248 me
2707 4203 2753 4248 ι.
2803 4212 2821 4244 ι
2864 4193 3168 4249 Torrentem
3219 4210 3373 4261 vero,
3417 4194 3638 4253 Judaeos

2059 4293 2238 4348 vocat.
2260 4286 2354 4354 qui
2380 4284 2620 4339 divinam
2652 4284 2870 4354 quidem
2899 4284 3133 4354 gratiam
3176 4284 3345 4351 nacti,
3388 4286 3482 4341 sed
3527 4302 3637 4342 non

2062 4392 2280 4447 semper
2315 4377 2418 4432 hac
2441 4376 2598 4446 p0titi
2632 4384 2781 4432 sunt.
2817 4376 3291 4442 Quemadmodum
3340 4380 3486 4433 enim
3517 4387 3631 4433 tor-

370 4462 486 4535 ἕχει
508 4465 604 4534 τὴν
629 4464 738 4519 τῶν
764 4466 973 4520 ὑδάτων
999 4466 1192 4537 φορὰν,
1220 4465 1358 4519 ἀλλὰ
1386 4468 1450 4520 ὲκ
1478 4467 1586 4521 τῶν
1616 4468 1955 4538 τικτομένων

2061 4483 2190 4522 rens
2238 4481 2347 4521 non
2378 4482 2673 4536 perennem
2726 4481 2995 4536 aquarum
3052 4465 3254 4520 (luxum
3309 4467 3497 4536 habet,
3539 4469 3634 4523 sed

367 4554 441 4606 ἐκ
492 4554 599 4608 τῶν
654 4556 831 4625 νεφῶν
878 4558 1191 4612 συνίσταται
1235 4559 1441 4612 ὑετῶνο
1494 4559 1669 4624 οὕτως
1713 4560 1957 4615 Ἰουδαῖοι

368 4644 712 4718 πρόσκαιρον
765 4647 923 4720 ἔσχον
956 4648 1050 4702 τοῦ
1098 4650 1263 4721 νόμου
1314 4651 1414 4720 τὴν
1462 4653 1645 4721 χάριν,
1695 4646 1807 4707 οἷον
1851 4653 1958 4709 ἀπό

368 4750 534 4788 τινων
565 4737 744 4805 νεφῶν
771 4738 882 4791 τῶν
916 4740 1212 4811 προφητῶν
1245 4743 1682 4813 χορηγουμένην.
1715 4744 1955 4812 Μετὰδδὲ

367 4822 547 4876 ταῦτα
589 4828 683 4881 τοῦ
718 4830 909 4901 θέρους
958 4834 1243 4900 φανέντος,
1292 4834 1433 4887 κατὰ
1473 4833 1574 4903 τὴν
1604 4833 1699 4886 τοῦ
1744 4837 1952 4905 Κυρίου

366 4915 597 4986 φωνήν’
638 4937 658 4970 ι
710 4921 981 4993 Ἐπάρατε
1022 4922 1068 4956 ⁸⁵
1104 4924 1233 4994 γὰρ,
1282 4925 1435 4993 φησι,
1473 4924 1598 4987 τοὺς
1638 4923 1951 4995 ὀφθαλμοὺς

365 5004 552 5075 ὑμῶν,
586 5008 681 5061 καὶ
707 5010 933 5079 βλέπετε
963 5013 1010 5045 ⁸⁸
1039 5016 1118 5075 εἰς
1145 5014 1245 5078 τάς
1275 5015 1481 5085 χώρας,
1509 5014 1593 5067 ὅτι
1622 5014 1815 5067 λευκαί
1842 5017 1950 5070 εἰσι

367 5094 514 5165 πρὸς
568 5098 861 5171 θερισμόν·
923 5122 941 5153 ι
992 5104 1304 5172 ἀναγκαίως
1371 5108 1400 5158 ὁ
1464 5106 1798 5176 χειμάρρους
1852 5108 1951 5177 τῆς

364 5303 404 5346 7
435 5292 585 5349 Psal.
615 5310 706 5360 xv,
745 5296 798 5349 8.

880 5308 901 5333 ι
934 5298 1123 5353 Matth.
1153 5316 1303 5367 xxvn,
1335 5302 1423 5358 59.
1499 5314 1525 5342 ι
1554 5302 1715 5357 Joan.
1751 5316 1821 5366 tv,
1856 5301 1946 5355 55.

2062 4574 2128 4613 ex
2167 4558 2459 4622 imbribus,
2514 4556 2608 4627 qui
2648 4571 2716 4611 ex
2752 4556 2992 4611 nubibus
3038 4556 3359 4625 gignuntur,
3408 4558 3584 4612 oritur
3616 4576 3633 4611 :

2061 4651 2141 4705 sic
2176 4646 2348 4702 Judaei
2402 4648 2693 4703 durantem
2745 4649 2811 4701 ad
2846 4657 3059 4717 tempus
3094 4647 3323 4717 gratiam
3368 4648 3505 4720 legis
3540 4650 3637 4703 ha-

2060 4740 2321 4806 buerunt,
2374 4754 2401 4791 ιι
2460 4740 2635 4793 sacris
2688 4737 2992 4807 prophetis,
3039 4737 3186 4791 velut
3233 4752 3262 4790 a
3302 4737 3633 4806 quibusdam

2057 4831 2299 4886 nubibus
2331 4831 2757 4900 suppeditatam.
2810 4829 3008 4885 Postea
3035 4844 3185 4891 vero,
3224 4838 3422 4884 testate
3467 4842 3636 4898 appe-

2059 4933 2228 4986 tente,
2274 4924 2579 4978 secundum
2617 4921 2834 4976 Domini
2872 4937 3063 4977 vocem
3094 4940 3106 4974 :
3144 4940 3161 4972 ι
3207 4919 3406 4976 Levate
3441 4920 3633 4976 oculos

2060 5024 2294 5081 vestros,
2326 5024 2381 5069 ct
2409 5016 2591 5069 videte
2619 5014 2891 5084 regiones,
2943 5017 3202 5083 quoniam
3236 5016 3373 5070 albae
3402 5021 3531 5069 sunt
3560 5011 3627 5066 ad

2060 5123 2293 5163 messem
2331 5119 2395 5173 ι,
2445 5126 2463 5159 ›
2511 5107 2825 5161 necessario
2874 5115 3105 5163 torrens
3141 5106 3310 5176 priori
3361 5118 3627 5175 aquarum

1482 5440 1716 5496 VARUE
1750 5439 2132 5496 LECTIONES
2160 5439 2246 5494 ET
2269 5437 2502 5495 ΝΟΤᾹΞ.

451 5554 499 5585 ⁷⁸
533 5552 606 5609 Τὸ
634 5583 703 5624 e—
752 5554 922 5609 ἑνωθ.
957 5558 1227 5624 θεότητα.
1268 5555 1431 5613 Conf.
1486 5557 1551 5612 ad
1589 5559 1644 5612 b.
1674 5558 1711 5611 Ι.

1761 5572 1885 5625 quae
1930 5557 2007 5612 ill.
2062 5555 2347 5611 Michaelis
2385 5555 2421 5608 Ι.
2455 5570 2507 5610 c.
2540 5569 2594 5625 p.
2622 5554 2747 5621 589,
2782 5553 3031 5625 monuit.

3137 5552 3181 5582 ⁷⁵
3215 5548 3337 5605 Cod.
3378 5549 3401 5601 1
3439 5549 3627 5602 πέντε.

373 5622 427 5658 ’⁷
450 5623 695 5706 furum}.
724 5625 893 5706 θοὰ.)
928 5617 1131 5706 praem;
1149 5627 1446 5706 είρημένιρε
1482 5697 1495 5706 _
1521 5627 1724 5706 ⁷⁸1ῖάρ.
1755 5617 1926 5683 Abest
1950 5644 1958 5682 t

2061 5627 2120 5682 id.
2157 5627 2209 5681 l.
2285 5617 2662 5706 7"_l_3rttz_{}0_a.
2689 5617 2812 5706 cad.
2844 5623 3022 5706 Ladd:
3055 5620 3258 5675 τοίνυν.
3278 5703 3302 5706 μ
3322 5617 3626 5706 Δᾼὶίἱζνίᾳ.

365 5696 500 5768 cod.
534 5687 777 5768 (prima.
812 5687 943 5768 τόνί
1001 5693 1046 5768 ⁸ξ
1073 5687 1352 5768 -Πολῖλόξν,
1396 5687 1567 5768 Hebr.
1603 5687 1788 5767 (super
1848 5706 1958 5768 terr

2061 5712 2276 5768 magna.
2349 5696 2397 5728 ⁸⁸
2421 5696 2545 5754 cod.
2590 5696 2616 5750 1
2653 5695 2773 5766 μέν.
2849 5693 2897 5727 ⁸³
2918 5691 3024 5746 Διὰ
3055 5719 3125 5733 —-
3151 5687 3449 5760 κεφαλήν.
3500 5690 3626 5748 Des.

256 5775 283 5789 '
384 5763 524 5818 ibid.
602 5763 650 5797 ⁸⁸
677 5765 796 5820 cod.
831 5764 852 5817 l
888 5764 1202 5835 παρελθεῖν.
1279 5766 1323 5799 ⁸⁸
1366 5767 1488 5821 cod.
1526 5767 1549 5820 l
1585 5763 1772 5838 ἄρατε.
1850 5767 1897 5800 ⁸⁸
1919 5782 1958 5823 οι

2084 5767 2109 5822 1
2145 5763 2402 5838 βλέψατε.
