4114 6414
343 397 483 463 1777

1729 397 1808 456 ΙΝ
1842 398 2048 456 ΡὸᾹΙ..
2096 399 2210 457 CX.

3504 401 3639 465 1778

338 520 627 591 θελήματα
658 518 847 572 αὑτοῦ.
888 538 905 570 ι
944 520 1093 570 [lassi
1134 517 1232 588 μὲν
1263 517 1305 549 θ’
1357 518 1456 571 ὅσα
1508 515 1778 587 βούλεται,
1807 515 1941 568 ἐκα-

2052 530 2171 569 uem
2204 515 2542 571 voluntatem
2591 516 2730 586 ejus.
2768 537 2785 568 ›
2841 516 2993 571 Facit
3038 518 3257 586 quidem
3294 534 3641 590 quaecunque

338 629 469 665 στον
492 612 550 665 δὲ
576 610 686 664 τῶν
720 609 1026 680 γινομένων
1076 609 1271 678 σοφίας
1300 609 1541 679 ὑπάρχει
1575 608 1796 677 μεστὸν,
1844 607 1941 662 καὶ

339 701 499 773 παρᾶ
536 701 756 755 πάντων
781 701 880 771 τὴν
911 701 1192 770 εὐφημίαν
1220 697 1532 770 ἐφέλκεται.
1706 760 1713 771 l

415 801 489 863 γ’.
534 813 552 845 ι
590 792 1013 864 Ἐξομολόγησις
1046 792 1143 846 καί⁹
1177 791 1628 863 μεγαλοπρέπεια
1674 789 1736 844 τὸ
1782 790 1943 861 ἔργον

334 885 534 941 αὑτοῦ.
580 905 598 937 ι
634 886 889 939 Ἂπαντα
918 885 987 939 τὰ
1019 886 1111 939 ὑπ’
1142 885 1309 940 αὐτοῦ
1335 886 1620 957 γινόμενα,
1659 883 1756 938 καί
1791 884 1825 955 ἠ
1852 884 1945 954 δη-

341 981 633 1053 μιουργία,
666 982 758 1036 καί
782 984 813 1052 ἡ
839 981 1143 1052 οἰκονομία,
1167 984 1258 1035 καὶ
1284 980 1625 1051 μεγαλοφυῆ,
1656 979 1750 1033 καὶ
1772 979 1944 1051 ὑπερ-

340 1076 456 1145 φυῆ
488 1116 504 1139 ,
536 1074 632 1127 καὶ
660 1074 760 1142 τῆς
810 1073 962 1145 παρὰ
1009 1075 1226 1129 πάντων
1259 1074 1305 1107 ’⁸
1330 1074 1638 1144 ἀνθρώπων
1668 1066 1945 1143 ὑμνῳδίας

336 1164 493 1230 ἄξια.
545 1164 1028 1233 Ἐξομολόγησιν
1060 1166 1105 1197 ⁹⁹
1158 1163 1391 1218 ἐνταῦθα
1437 1163 1537 1234 τὴν
1591 1160 1945 1233 εὐχαριστίαν

337 1255 526 1309 καλεῖ.
565 1273 584 1306 ι
631 1257 739 1308 Καὶ
765 1259 796 1326 ὴ
831 1255 1147 1326 δικαιοσύνη
1173 1256 1338 1309 αὐτοῦ
1375 1254 1526 1327 μένει
1549 1257 1628 1319 εἰς
1650 1256 1742 1307 τὸν
1772 1254 1945 1307 αἰῶνα

337 1346 440 1401 τοῦ
480 1347 699 1409 αἰῶνος.
754 1366 773 1399 ι
831 1347 998 1401 Οὐδὲν
1031 1348 1216 1402 ἄδικον
1258 1347 1368 1400 τῶν
1418 1348 1751 1417 γινομένων,
1804 1340 1944 1401 ἀλλὰ

339 1441 528 1495 πάντα
571 1438 650 1511 τῷ
690 1439 887 1508 δικαίῳ
931 1443 1255 1511 κοσμεῖται’
1293 1440 1362 1493 δι’
1393 1438 1592 1503 αἰῶνος
1628 1438 1738 1509 γὰρ
1771 1437 1944 1509 ταύτῃ

340 1532 635 1605 χρώμενος
664 1533 995 1603 πρυτανεύει
1026 1533 1097 1586 τὰ
1125 1532 1443 1603 σύμπαντα.

418 1623 483 1679 δ’.
528 1644 546 1675 ι
585 1625 793 1679 Μνείαν
838 1624 1138 1695 ἐποιήσατο
1178 1624 1288 1679 τῶν
1322 1623 1643 1695 θαυμασίων
1685 1621 1871 1677 αὑτοῦ.
1918 1642 1941 1674 ι

340 1716 572 1787 Ἐπειδὴ
609 1717 903 1788 προφανῶς
934 1718 1234 1790 εἰργάσατο
1264 1716 1374 1771 τῶν
1409 1716 1685 1787 πολεμίων
1713 1715 1804 1769 τὸν
1828 1714 1945 1768 ὄλε-

343 1808 501 1879 θρον.
554 1809 733 1862 Tauro
785 1808 843 1864 δὲ
892 1810 1051 1864 τοῦτο
1090 1811 1185 1863 καὶ
1227 1809 1463 1863 ἐπὶτῶν
1514 1808 1798 1879 προγόνων
1846 1824 1941 1860 πε-

345 1898 573 1970 ποίηκε,
610 1900 744 1953 ποτὲ
776 1901 876 1970 μὲν
914 1902 1043 1965 τοὺς
1076 1901 1407 1968 Αἰγυπτίους
1438 1899 1818 1969 συγκαλύψας,
1850 1898 1942 1951 ἄλ-

340 1988 474 2043 λοτε
520 1966 577 2043 δὲ
630 1966 1175 2063 τοὺς-Ἀμαληκίτας
1227 1994 1292 2063 τῇ
1352 1966 1574 2045 ἐκτάσει
1626 1966 1873 2053 Μωσέως
1922 1990 1940 2020 ¹

339 2081 554 2152 χειρῶν
604 2084 1049 2147 κατακοντίσας·
1101 2084 1198 2137 καὶ
1246 2080 1613 2147 Χαναναίους,
1664 2084 1759 2137 καὶ
1804 2085 1943 2136 Χετ-

336 2174 559 2239 ταίους,
588 2175 683 2229 καί⁵
712 2174 784 2229 τὰ
813 2175 951 2229 ἄλλα
974 2177 1125 2248 ἔθνη,
1156 2177 1222 2229 δι’
1255 2174 1433 2248 Ἰησοῦ
1462 2175 1555 2229 τοῦ
1584 2177 1741 2247 Ναυῆ
1772 2193 1942 2229 κατα-

337 2266 543 2330 λύσας.
581 2267 917 2339 ’Δνάμνησιν
945 2268 1056 2321 τῶν
1090 2268 1410 2338 θαυμασίων
1443 2268 1671 2323 ἐκάλεσε
1705 2268 1814 2321 τῶν
1846 2286 1943 2320 πο-

337 2360 556 2426 λεμίων
587 2360 687 2431 τὴν
717 2361 991 2431 τιμωρίαν
1028 2376 1043 2391 ⁸
1080 2361 1202 2414 ἀντί¹
1245 2360 1340 2415 τοῦ
1369 2379 1382 2393 ο
1420 2360 1532 2425 Τὰς
1568 2358 1942 2429 πολυθρυλλὴ-

337 2466 478 2515 τους
522 2468 616 2505 σου
674 2451 1162 2524 θαυματουργίας,
1208 2454 1314 2517 ,τὰς
1367 2453 1582 2523 ψευδεῖς
1632 2452 1782 2524 παρὰ
1828 2454 1941 2516 τοῖς

339 2543 601 2608 ἀπίστοις
633 2538 1023 2616 νομιζομένας,
1067 2546 1276 2613 ἔδειξας
1322 2547 1545 2618 ἀληθεῖς
1569 2549 1636 2618 τῇ
1675 2547 1773 2619 νέᾳ
1805 2546 1939 2600 θαυ-

345 2638 684 2710 ματουργία,
714 2640 811 2693 καὶ
840 2638 1154 2710 ἀνέμνησας
1189 2640 1336 2711 ἡμᾶς
1368 2642 1388 2671 ⁸
1418 2633 1493 2694 ὧν
1519 2640 1613 2693 ἐπὶ
1648 2640 1756 2693 τῶν
1797 2641 1931 2710 ἡμεο

339 2730 530 2802 τέρων
559 2732 804 2803 εἰργάσω
826 2733 1133 2804 προγόνων.

276 2894 281 2899 ε
426 2844 447 2876 ι
492 2825 776 2896 Ἐλεήμων
817 2827 912 2880 καὶ
936 2828 1241 2897 οἰκτίρμων
1267 2826 1545 2898 ὁΚύριος.
1587 2825 1676 2898 [εἸ
1719 2826 1939 2897 Τροφὴν

343 2916 524 2971 ἔδωκε
553 2920 666 2981 τοῖς
696 2918 1053 2987 φοϐουμένοις
1106 2920 1291 2974 αὐτόν.
1337 2937 1355 2970 ι
1395 2917 1508 2989 Τὴν
1551 2918 1805 2986 τροφὴν,
1836 2917 1941 2983 θή-

333 3027 468 3080 ραν
514 3013 563 3064 οἰ
614 3011 766 3065 ἄλλοι
821 3006 975 3064 εἶπον
1026 3012 1381 3081 ἐρμηνευταί.
1431 3009 1632 3081 Ἀληθῆ
1673 3010 1729 3064 δὲ
1759 3010 1940 3079 ἀμφό-

344 3119 508 3171 τερα.
544 3102 655 3156 Καὶ
686 3101 797 3173 γὰρ
825 3102 901 3165 ὡς
942 3103 1035 3155 ἐπὶ
1061 3101 1237 3172 θήραν
1265 3100 1486 3171 ⁶ἐτοιμον
1522 3100 1758 3172 ἔδραμον
1792 3101 1885 3153 ἐπὶ
1919 3100 1941 3133 ³

2050 609 2185 675 vult,
2217 610 2650 681 unumquodque
2670 622 2799 665 vero
2825 624 3037 678 eorum,
3072 628 3197 681 quae
3221 611 3379 678 ﬁunt,
3416 615 3637 683 sapicn-
3689 640 3697 648 ~

2049 705 2135 759 tite
2165 715 2243 759 est
2277 706 2522 775 plenum,
2555 717 2607 759 et
2660 706 2728 759 ab
2759 706 3014 760 omnibus
3060 706 3277 760 laudem
3315 706 3503 762 refert.
3691 708 3699 779 ξ

2119 799 2137 817 ⁶
2166 794 2331 850 Vens.
2378 796 2431 849 5.
2475 815 2493 847 ι
2534 795 2824 851 Confessio
2854 805 2907 850 et
2943 796 3353 865 magniﬁcentia
3383 808 3468 852 est
3495 813 3637 868 opus
3698 812 3711 847 ἱ

2045 888 2185 958 ejus.
2224 900 2243 941 ι
2279 886 2474 943 Omnia
2510 898 2632 959 qua:
2665 884 2733 943 ab
2777 890 2895 957 ipso
2926 888 3067 944 facta
3119 900 3267 955 sunt,
3304 898 3359 944 et
3405 893 3634 957 creatio,

2046 989 2102 1033 et
2130 980 2480 1050 gubernatio,
2512 989 2566 1035 et
2592 981 2881 1049 magniﬁca
2913 990 3059 1045 sunt,
3106 989 3159 1034 et
3190 990 3439 1035 naturam
3472 997 3636 1037 exce-

2047 1069 2208 1136 dunt,
2258 1079 2311 1125 et
2338 1070 2502 1142 digna
2554 1081 2681 1125 sunt
2713 1082 2835 1140 qua:
2896 1070 2966 1125 ab
3010 1070 3268 1126 omnibus
3322 1071 3637 1128 hominibus

2047 1160 2208 1216 laude
2229 1161 2598 1217 celebrentur.
2622 1161 3019 1230 Confessionem
3064 1162 3168 1217 hoc
3189 1160 3309 1217 loco
3330 1164 3634 1233 gratiarum

2050 1254 2324 1309 actionem
2358 1264 2534 1309 vocat.
2582 1275 2603 1307 ι
2650 1254 2717 1309 Ει
2740 1256 2956 1322 justitia
2993 1256 3115 1325 ejus
3144 1264 3324 1309 manet
3358 1257 3410 1309 in
3460 1270 3637 1311 Stet-u-

2046 1347 2161 1400 lum
2196 1347 2406 1402 saeculi.
2451 1366 2471 1399 ι
2517 1346 2662 1401 Nihil
2696 1348 2960 1417 injustttut
2995 1356 3079 1404 est
3107 1362 3293 1403 eorum
3339 1362 3461 1419 qua:
3490 1348 3655 1404 facta.

2046 1450 2198 1506 sunt,
2235 1438 2329 1495 sed
2354 1442 2539 1495 omnia
2567 1441 2783 1511 justitia
2818 1448 2955 1496 sunt
2977 1447 3172 1497 ornata
3198 1452 3447 1511 :scmper
3484 1443 3632 1498 enim

2048 1535 2151 1589 hac
2184 1544 2342 1589 utens
2365 1535 2683 1590 moderatur
2712 1537 2921 1594 omnia.

2120 1627 2285 1681 Vsus.
2320 1628 2376 1683 4.
2408 1645 2426 1677 ι
2457 1624 2779 1681 Memoriam
2810 1617 3295 1684 fecitmi'rabilium
3323 1642 3580 1682 suorum.
3612 1649 3628 1679 ι

2052 1718 2324 1785 Quoniam
2364 1720 2661 1775 manifesto
2702 1721 2886 1776 hostes
2933 1721 3299 1776 internecioni
3333 1721 3505 1777 dedit.
3538 1718 3637 1775 At-

2045 1827 2152 1881 que
2209 1812 2314 1867 boc
2347 1810 2491 1867 idem
2544 1812 2817 1883 majorum
2868 1822 3113 1883 tempore
3154 1814 3429 1884 prazstitit,
3475 1816 3637 1868 modo

2046 1903 2268 1974 quidem
2302 1902 2597 1976 Egyptios
2631 1906 2897 1972 obruens,
2930 1905 3096 1960 modo
3145 1920 3279 1961 vero
3307 1900 3637 1970 Amalecitas

2044 1998 2303 2066 expansis
2340 1995 2505 2053 Mosis
2554 1998 2808 2052 manibus
2840 1997 3154 2070 conﬁgens,
3189 2007 3245 2052 et
3270 1998 3641 2063 Chananazos,

2044 2094 2099 2141 et
2129 2087 2426 2152 Cbcttaeos,
2456 2098 2505 2143 et
2545 2089 2681 2143 alias
2730 2099 2920 2159 gentes
2972 2105 3068 2159 per
3106 2088 3334 2145 Josuam
3364 2086 3513 2145 Nave
3537 2091 3636 2144 de-

2046 2191 2293 2234 struens.
2328 2177 2785 2234 Recordationem
2813 2179 3149 2233 mirabiliqu
3177 2179 3314 2232 dixit
3345 2193 3538 2248 pinnas
3567 2180 3638 2233 de

2049 2272 2302 2325 hostibus
2325 2281 2576 2340 sumptas
2608 2290 2619 2324 :
2652 2272 2811 2341 quasi
2834 2271 3039 2325 diceret
3075 2290 3087 2324 :
3119 2270 3486 2326 Celeberrima
3530 2273 3637 2325 mi-

2049 2367 2239 2420 racula
2276 2375 2392 2429 tua,
2441 2380 2565 2434 qua":
2598 2365 2667 2419 ab
2699 2364 3011 2419 inﬁdelibus
3055 2362 3189 2418 falsa
3225 2363 3632 2428 existimantur,

2046 2476 2172 2514 vera
2210 2460 2502 2515 ostendisti
2535 2456 2744 2532 1401
2780 2476 2926 2515 novo
2962 2458 3253 2525 miraculo,
3296 2469 3349 2514 et
3404 2474 3505 2514 nos
3535 2461 3636 2513 ad-

2049 2553 2320 2608 monuiin
2361 2554 2430 2608 de
2460 2553 2527 2608 iis
2580 2569 2698 2623 qua:
2730 2562 3051 2609 nostrorum
3105 2554 3376 2624 majorum
3430 2564 3638 2623 tempe-

2044 2650 2186 2700 state
2216 2643 2416 2701 iecisti.

2123 2841 2141 2875 ι
2172 2814 2489 2878 Misericors
2522 2832 2577 2878 et
2610 2822 2905 2879 miserator
2926 2833 3009 2880 est
3036 2824 3321 2878 Dominus.
3352 2821 3545 2895 Heus.
3579 2820 3634 2877 5.

2044 2914 2242 2971 Escam
2273 2915 2426 2970 dedit
2460 2915 2789 2970 timentibus
2812 2915 3221 2989 eum.]rEscam
3254 2915 3347 2971 alii
3370 2915 3632 2986 interpre-

2046 3017 2132 3061 tes
2178 3006 2415 3076 prwdam
2448 3005 2709 3061 dixerunt
2748 3026 2761 3062 :
2811 3023 2940 3061 vera
2974 3014 3159 3061 autem
3205 3010 3335 3061 sunt
3378 3015 3635 3075 utraque.

2046 3096 2184 3152 Nam
2219 3098 2365 3152 νυΙιιι
2398 3099 2464 3151 ad
2491 3107 2739 3168 paratam
2768 3099 3004 3169 praedam
3039 3098 3104 3152 ad
3142 3096 3381 3152 hostium
3413 3095 3641 3153 divitias

344 3197 465 3247 τῶν
490 3193 771 3263 πολεμίων
796 3193 889 3246 τὸν
917 3193 1169 3259 πλοῦτον,
1204 3193 1301 3246 καὶ
1327 3190 1539 3264 τροφὴν
1586 3192 1798 3245 ἐκεῖθεν
1827 3192 1947 3246 ἰκα-

2052 3200 2444 3257 cucurrerunt,
2490 3186 2787 3260 cibumque
2832 3188 2959 3245 inde
2987 3199 3345 3260 reportarunt
3378 3189 3635 3244 multum.

347 3290 455 3356 νὴν
485 3286 836 3357 ἐπορίσαντο.
893 3306 912 3338 ι
968 3286 1359 3357 Μνησθήσεται
1392 3287 1472 3349 εἰς
1506 3285 1598 3338 τὸν
1621 3284 1799 3339 αἰῶνα
1830 3283 1950 3338 δια-

349 3378 538 3448 θήκης
586 3377 778 3433 αὑτοῦ.
838 3396 858 3430 ι
923 3376 982 3432 ’0
1030 3376 1089 3431 δὲ
1140 3377 1438 3448 Σύμμαχος
1494 3376 1701 3441 οὕτως·
1750 3376 1952 3445 Θήραν

350 3468 546 3524 ἔδωκε
571 3469 698 3536 τοῖς
723 3473 1120 3540 φοϐουμένοις
1146 3470 1355 3533 αὐτὸν,
1387 3472 1787 3542 μνημονεύων
1815 3472 1952 3525 αἰω-

348 3563 498 3619 νίου
531 3563 850 3631 συνθήκης
880 3562 1090 3620 αὐτοῦ.
1143 3564 1266 3619 Τῶν
1310 3564 1421 3634 γὰρ
1455 3566 1592 3635 πρὸς
1621 3567 1749 3628 τοὺς
1781 3564 1951 3618 πατέε-

280 3670 283 3673 ·
352 3672 466 3729 ρας
519 3655 911 3727 γεγενημένων
971 3656 1323 3726 ὑποσχέσεων
1389 3657 1625 3726 ἄληστον
1681 3656 1796 3726 ἔχει
1854 3655 1954 3725 τὴν

350 3748 620 3819 μνήμην,
679 3748 778 3802 καὶ
835 3747 901 3802 δι’
955 3747 1172 3819 ἐκείνην
1238 3751 1375 3819 ἡμῖν
1453 3748 1775 3820 μεταδίδωσι
1844 3747 1954 3799 τῶν

345 3840 601 3910 ἀγαθῶν.

429 3930 508 3997 ς’,
538 3930 604 3995 ζ’.
654 3949 670 3984 ι
712 3932 892 4002 ’ἰσχὺν
939 3929 1121 4002 ἔργων
1164 3927 1333 3983 αὐτοῦ
1390 3928 1685 3999 ἀνήγγειλε
1714 3927 1793 3997 τῷ
1840 3927 1953 3999 λαῷ

346 4019 527 4077 αὑτοῦ
558 4037 572 4050 ·
625 4020 720 4074 τοῦ
766 4020 954 4075 δοῦναι
1005 4020 1192 4083 αὐτοῖς
1251 4016 1618 4090 κληρονομίαν
1668 4016 1860 4072 ἐθνῶν.
1928 4037 1949 4069 ι

349 4113 581 4170 Μᾶλλον
611 4114 634 4146 ⁸
659 4115 795 4185 ἡμῖν
833 4111 1083 4182 ἐναργῶς
1123 4114 1225 4184 τὴν
1257 4112 1467 4165 οἰκείαν
1496 4110 1668 4175 ἔδειξε
1696 4111 1951 4181 δύναμιν,

349 4210 449 4262 τὸν
476 4207 589 4261 τῶν
617 4206 830 4278 ἐχθρῶν
861 4208 997 4277 ἡμῖν
1026 4206 1420 4277 δωρησάμενος
1457 4202 1709 4257 πλοῦτον.
1741 4204 1815 4257 Οὐ
1845 4204 1954 4273 γὰρ

357 4299 526 4371 μόνον
554 4301 707 4371 ἡμᾶς
748 4299 849 4369 τῆς
880 4297 1012 4369 παρ’
1063 4297 1292 4351 ἐκείνων
1323 4297 1667 4369 ἠλευθέρωσε
1695 4295 1878 4364 λώϐης
1908 4296 1950 4360 ⁸,

351 4391 502 4446 ἀλλά
538 4392 634 4445 καὶ
664 4391 766 4462 τὴν
799 4390 1025 4444 ἐκείνων
1069 4389 1392 4461 περιουσίαν
1436 4391 1516 4453 εἰς
1546 4387 1648 4452 τὰς
1675 4386 1954 4459 ἡμετέρας

357 4483 751 4556 μετατέθεικεν
781 4482 803 4514 ⁶
830 4481 1029 4544 οἰκίας.
1085 4500 1104 4533 ι
1151 4480 1330 4551 Ἔργα
1368 4480 1571 4551 χειρῶν
1610 4479 1778 4533 αὐτοῦ
1807 4479 1955 4549 ἁλή-

353 4578 486 4631 θεια
533 4577 629 4631 καὶ
673 4574 877 4646 κρίσις.
920 4592 941 4625 ι
985 4573 1100 4627 Οὐκ
1133 4573 1340 4636 ἀδίκως
1384 4573 1464 4638 δὲ,
1508 4571 1648 4626 ἀλλὰ
1692 4572 1791 4626 καὶ
1831 4571 1951 4624 λίαν

353 4668 590 4732 ἐνδίκως
624 4667 798 4722 ταῦτα
832 4666 1147 4736 εἰργάσατο.
1179 4664 1349 4718 Οὐδὲν
1375 4664 1484 4734 γὰρ
1522 4667 1656 4735 ἡμῖν
1697 4661 1952 4732 ἐγκαλεῖν

355 4763 602 4832 ἔχοντες,
637 4758 941 4813 καταλῦσαι
989 4756 1267 4819 παντελῶς
1300 4756 1698 4825 ἐπειράθησαν.
1749 4754 1952 4825 Ἀληθῆ

352 4853 543 4909 τοίνυν
573 4853 670 4906 καὶ
693 4852 911 4905 δικαίαν
940 4850 1063 4905 κατ’
1090 4848 1274 4903 αὐτῶν
1299 4848 1587 4917 ἐξενήνοχε
1616 4845 1818 4917 ψῆφον.

432 4951 506 5018 η’.
545 4962 565 4997 ι
594 4944 794 4997 Πισταὶ
820 4945 878 4998 αἰ
901 4944 919 4975 ⁷
953 4944 1126 4995 πᾶσαι
1153 4940 1365 4994 ἐντολαὶ
1388 4937 1554 4993 αὑτοῦ
1574 4954 1587 4966 ο
1618 4937 1954 5010 ἐστηριγμέ-

353 5053 455 5093 ναι
489 5036 573 5098 εἰς
604 5034 699 5088 τὸν
733 5032 908 5088 αἰῶνα
933 5031 1027 5086 τοῦ
1060 5031 1281 5094 αἰῶνος,
1316 5029 1688 5101 πεποιημέναι
1733 5034 1791 5081 εν
1818 5028 1955 5098 ἁλη-

356 5128 490 5200 θείᾳ
517 5127 615 5183 καὶ
638 5126 917 5197 εύθύτητι.
957 5145 976 5177 ι
1022 5124 1351 5195 Νομοθετῶν
1380 5126 1409 5176 ὁ
1449 5122 1580 5185 Θεὸς
1611 5122 1711 5193 τὴν
1743 5121 1955 5175 οἰκείαν

356 5222 662 5293 εὐμένειαν
711 5222 734 5254 ⁸
779 5224 894 5285 τοῖς
944 5220 1279 5291 φυλάττουσι
1324 5217 1416 5271 τὸν
1449 5217 1617 5286 νόμον
1662 5215 1953 5286 ὑπέσχετο.

357 5314 543 5370 Τοῦτο
580 5316 678 5368 καὶ
712 5312 954 5368 ἐνταῦθά
986 5329 1175 5383 φησιν,
1203 5312 1287 5365 ὅτι
1321 5309 1576 5380 ἀψευδεῖς
1615 5311 1671 5361 αἱ
1702 5307 1956 5378 περὶτῆς

357 5403 480 5460 τῶν
509 5405 739 5459 ἐντολῶν
764 5406 786 5438 ⁹
818 5403 1071 5474 φυλακῆς
1113 5401 1459 5472 ὑποσχέσεις,
1493 5399 1587 5453 καὶ
1628 5400 1676 5452 οἱ
1711 5396 1887 5450 ταῦτα
1914 5396 1959 5429 ⁸⁸

2057 3299 2083 3335 e
2120 3276 2329 3338 Memor
2358 3284 2465 3338 erit
2508 3283 2866 3338 in‘smculum
2910 3282 3222 3337 testamenti
3263 3282 3369 3338 sui.
3418 3298 3440 3334 ι
3477 3281 3641 3351 Sym-

2052 3376 2285 3431 machus
2319 3386 2502 3430 autem
2538 3376 2621 3432 sic
2654 3388 2670 3433 :
2704 3376 2953 3430 Praedam
2987 3375 3134 3430 dedit
3164 3376 3474 3431 timentibus
3496 3390 3640 3442 eum,

2053 3467 2368 3523 recordatus
2393 3470 2698 3538 sempiterni
2715 3470 2861 3539 pacti
2883 3470 2987 3523 sui.
3013 3466 3447 3524 Promissionum
3470 3467 3643 3533 enim,

2054 3577 2178 3630 quae
2225 3560 2479 3631 patribus
2522 3560 2681 3616 laetae
2718 3560 2894 3629 fuere,
2938 3559 3283 3615 indelebilem
3319 3559 3484 3614 habet
3525 3573 3645 3614 me-

2058 3655 2316 3719 moriam,
2348 3664 2402 3708 et
2442 3669 2537 3723 per
2573 3653 2726 3708 illaut
2756 3653 2915 3708 nobis
2947 3653 3088 3708 bona
3121 3653 3384 3722 impertit.

2131 3888 2294 3943 Vens.
2332 3886 2384 3954 6,
2420 3887 2470 3940 7.
2515 3903 2535 3937 ι
2575 3884 2848 3943 Virtutem
2887 3899 3118 3956 operum
3155 3896 3384 3939 suorum
3426 3896 3645 3935 annuu-

2057 3980 2210 4036 liabit
2230 3980 2433 4049 populo
2455 3994 2578 4033 suo.
2604 3977 2673 4033 Ut
2694 3972 2785 4032 det
2802 3976 2911 4031 illis
2931 3975 3300 4030 haereditatem
3325 3971 3592 4043 gentium.
3622 3990 3640 4022 ι

2057 4064 2230 4140 Magis
2249 4087 2508 4141 expresse
2540 4085 2697 4126 suam
2725 4067 2885 4124 nobis
2913 4066 3159 4122 ostendit
3189 4066 3511 4136 potentiam,
3545 4064 3648 4117 ho-

2056 4166 2224 4221 stium
2263 4162 2489 4220 divitias
2518 4160 2684 4217 nobis
2719 4160 2968 4231 largitus.
3008 4152 3127 4212 Non
3175 4158 3338 4213 modo
3384 4156 3532 4212 enim
3576 4157 3647 4210 ab

2058 4259 2281 4313 illorum
2314 4255 2519 4312 damno
2546 4270 2647 4309 nos
2679 4253 2956 4315 liberavit,
2985 4252 3078 4307 sed
3103 4253 3267 4306 etiam
3297 4264 3488 4303 eorum
3514 4261 3649 4318 opes

2058 4353 2113 4407 in
2145 4360 2369 4407 nostras
2400 4351 2602 4404 domos
2637 4347 2939 4402 transtulit.
2971 4364 2987 4396 ι
3033 4343 3208 4415 Opera
3235 4358 3496 4397 manuum
3528 4343 3647 4407 ejus

2060 4446 2266 4500 veritas
2300 4453 2353 4499 et
2380 4441 2676 4514 judicium.
2718 4462 2736 4493 ›
2774 4438 2892 4493 Non
2942 4438 3162 4509 injuste,
3208 4435 3301 4491 sed
3348 4435 3644 4488 admodum

1985 4535 2031 4593 Β
2051 4538 2202 4609 juste
2232 4532 2348 4591 haec
2376 4532 2527 4589 fecit.
2560 4533 2700 4588 Cum
2728 4533 2875 4587 enim
2899 4530 2966 4586 de
2989 4530 3147 4584 nobis
3166 4526 3316 4583 nulla
3351 4527 3404 4581 in
3425 4542 3482 4581 re
3510 4541 3648 4581 con-

2057 4630 2214 4702 queri
2271 4624 2511 4699 possitit,
2559 4627 2779 4697 penitus
2815 4640 2919 4679 nos
2968 4630 3215 4679 evertere
3259 4619 3442 4676 C0|lali
3495 4632 3646 4676 sunt.

2057 4720 2257 4780 Veram
2296 4723 2461 4793 igitur
2492 4730 2546 4776 et
2568 4721 2774 4792 justam
2809 4719 2861 4772 in
2892 4733 2987 4772 eos
3041 4715 3266 4785 protulit
3293 4714 3647 4769 sententiam.

2130 4907 2299 4963 Vsus.
2338 4905 2393 4960 8.
2428 4923 2446 4954 ι
2486 4900 2635 4957 Fidei
2670 4900 2824 4970 plena
2852 4906 2981 4953 sunt
3012 4896 3195 4950 onmia
3226 4893 3478 4948 mandata
3507 4891 3651 4962 ejus,

2062 5001 2387 5059 conﬁrmata
2427 4997 2480 5049 in
2516 4990 2779 5049 smeulnm
2816 4991 3028 5056 s:eculi,
3062 4987 3208 5044 facta
3236 4987 3294 5042 in
3336 4985 3568 5042 veritate
3597 4988 3651 5039 et

2063 5094 2337 5165 aequitate.
2390 5110 2408 5142 ι
2466 5094 2478 5108 ⁸
2530 5086 2727 5157 Legem
2784 5082 2967 5140 ferens
3024 5081 3167 5138 Deus
3217 5076 3649 5136 benevolentiam

2065 5201 2217 5242 suam
2270 5180 2582 5252 spopondit.
2632 5172 2746 5232 Hoc
2799 5177 2943 5232 idem
2981 5170 3070 5230 hic
3121 5173 3218 5237 ait,
3249 5186 3380 5225 vera
3428 5183 3553 5223 esse
3582 5167 3651 5219 de

2066 5275 2416 5333 observantia
2450 5273 2835 5327 mandatorum
2868 5269 3145 5340 promissa
3180 5283 3194 5319 :
3230 5260 3442 5335 1402
3472 5262 3527 5315 et
3554 5258 3646 5330 qui

2069 5374 2185 5428 haec
2215 5370 2477 5441 perlicere
2502 5367 2891 5428 decreverunt,
2925 5361 3100 5431 ipsius
3128 5372 3231 5427 ope
3266 5368 3483 5423 semper
3516 5350 3648 5406 frui.

1482 5532 1714 5588 VARUE
1757 5526 2146 5589 LECTIONES
2208 5527 2296 5583 ΕΤ
2326 5518 2561 5581 NOT/E.

441 5658 487 5691 ’⁷
506 5654 653 5711 Mer.
685 5655 743 5710 In
771 5654 894 5711 cod.
924 5655 948 5708 1
988 5653 1237 5724 sequitur
1263 5653 1389 5719 γάρ.

1467 5651 1512 5685 ⁸⁸
1551 5649 1822 5703 Πάντων.
1855 5648 1947 5703 t‘Otl

2054 5648 2186 5701 τῶν.
2266 5647 2311 5678 θ’
2338 5643 2617 5715 Ἐξομοᾷ.
2642 5641 2764 5715 cod.
2806 5640 2827 5693 1
2862 5633 3144 5715 ξιιΙιΙκῖάρ.
3226 5633 3241 5662 ³
3272 5626 3643 5715 ζίιιιίσλςορλίέῗι

364 5695 743 5786 [inclitam-az.
1275 5695 1518 5794 |(praem,
1550 5720 1668 5794 xui.
1745 5714 1765 5751 ³
1786 5716 1944 5773 Ἐπί.

2052 5695 2279 5794 ἑῗῖιίῖάο,
2342 5695 2531 5768 (5‘53—
2564 5714 2591 5794 3
2618 5712 2785 5794 FQ“-
2815 5780 2835 5794 .
2860 5708 2882 5794 Ἴ
2921 5695 3385 5794 ἐώῗηξῖέτῖῗὲέ
3409 5695 3646 5794 ἒῗῖῗῖῗῗὲῗξ

375 5773 1074 5868 ἵψιῖοἶῙῖ-ίῡμετέθεικξξΪἿ
1327 5773 1516 5868 Euij
1548 5773 1766 5868 ponitur
1796 5798 1921 5868 post

2052 5807 2149 5851 rat,
2180 5797 2239 5843 ut
2269 5790 2319 5841 in
2350 5794 2498 5841 textu
2522 5773 2631 5837 τῶν
2662 5785 2740 5835 0'.
2815 5780 2836 5811 ⁸
2860 5778 2983 5833 cod.
3014 5780 3033 5828 ἰ
3074 5773 3382 5842 εὐγένειαν,
3407 5773 3648 5835 ascripta

364 5877 558 5925 tamen
586 5857 760 5924 altera
789 5866 1045 5923 lectione.
1120 5867 1140 5899 ’
1180 5863 1493 5918 'Ertoddw.
1532 5857 1654 5918 cod.
1695 5863 1717 5917 1
1760 5857 1941 5933 νόμων

2052 5862 2086 5893 ¹⁶
2109 5858 2235 5915 cod.
2270 5860 2289 5913 ι
2328 5857 2550 5918 ταύτας.
