4114 6452
436 310 570 375 17:11

1807 318 1889 377 ΙΝ
1930 318 2136 377 PSAL.
2192 318 2342 378 CXL

3567 318 3707 383 T785!

500 432 572 493 γ’.
616 444 633 476 ι
675 424 813 491 Δόξα
838 426 931 478 καὶ
986 424 1212 491 πλοῦτος
1243 427 1301 482 ὲν
1333 426 1411 498 τῷ
1450 427 1584 499 οἴκῳ
1612 428 1797 483 αὐτοῦ.
1841 450 1857 481 ι
1902 430 2011 483 Καὶ

2189 428 2354 485 Vitas.
2379 430 2432 484 5.
2478 448 2498 481 ‹
2531 430 2717 486 Gloria
2743 441 2796 486 et
2821 429 3022 487 divitiae
3054 430 3106 485 in
3143 430 3308 485 domo
3335 430 3456 501 ejus
3487 446 3634 488 sunt.
3676 458 3695 488 ι

428 515 635 581 ταύτας
662 516 737 581 ὡς
762 516 900 588 πρὸς
921 518 1132 581 ἀτελεῖς
1150 518 1253 584 ἔτι,
1277 520 1370 572 καὶ
1411 520 1521 573 τῶν
1549 520 1770 574 τελείων
1801 524 2013 575 ὲπαῖειν

429 609 493 661 οὐ
539 608 893 678 δυναμένους,
941 612 1176 663 ποιεῖται
1209 610 1306 673 τὰς
1340 611 1686 681 ὑποσχέσεις.
1734 613 1874 675 Τοὺς
1906 614 2015 683 γὰρ

429 700 675 765 τελείους
713 703 742 755 ὁ
768 704 1047 773 Δεσπότης
1075 704 1310 776 Χριστὸς
1336 705 1595 758 τάναντία
1634 704 1897 770 διδάσκει,
1926 705 2013 758 λέ-

430 808 547 858 γων
570 811 583 825 ο
629 810 647 843 ι
684 795 778 865 Μὴ
808 794 1087 866 κτήσησθε
1133 796 1357 867 χρυσὸν,
1409 797 1544 868 μηδὲ
1583 797 1845 870 ἄργυρον,
1882 800 2017 867 μήτε

430 883 633 952 χαλκὸν
663 887 742 948 εἰς
767 885 867 949 τὰς
895 886 1072 951 ζώνας
1098 888 1273 958 ὑμῶν,
1310 889 1384 959 μὴ
1420 891 1603 960 πήραν
1648 892 1729 953 εἰς
1768 891 1910 954 ὁδὸν,
1945 891 2019 961 μὴ

432 973 785 1045 ὑποδήματα,
824 977 959 1047 μηδὲ
1006 978 1223 1048 ῥάϐδον.
1259 998 1279 1030 ι
1308 981 1420 1034 Καὶ
1458 980 1624 1034 πάλιν
1649 997 1662 1010 ·
1698 999 1717 1032 ι
1771 981 1898 1034 Ἐὰν
1945 982 2019 1052 μή

430 1084 519 1131 τις
547 1067 890 1138 ἁποτάξηται
920 1071 1054 1123 πᾶσι
1079 1075 1192 1135 τοῖς
1231 1072 1569 1144 ὑπάρχουσιν
1615 1073 1803 1141 αὐτοῦ,
1845 1075 1906 1127 οὐ
1940 1075 2025 1129 δύ-

431 1160 592 1211 ναταί
623 1176 724 1227 μου
757 1154 898 1212 εἶναι
927 1162 1193 1232 μαθητής.
1226 1182 1246 1214 ‹
1286 1163 1429 1217 Καί·
1469 1183 1486 1215 ι
1528 1165 1591 1217 Εἰ
1621 1164 1794 1229 θέλεις
1818 1166 2024 1231 τέλειος

431 1250 718 1316 γενέσθαι,
747 1251 997 1322 πώλησόν
1025 1270 1119 1307 σου
1142 1254 1210 1308 τὰ
1253 1256 1589 1327 ὑπάρχοντα,
1621 1258 1715 1310 καὶ
1753 1258 1840 1322 δὺς
1879 1276 2025 1313 πτω-

432 1345 572 1410 χοῖς.
608 1362 626 1395 ι
655 1344 797 1396 Ἀλλ’
823 1346 974 1415 ὅμως
1000 1346 1172 1399 ταῦτα
1195 1348 1524 1416 νομοθετῶν,
1551 1351 1733 1403 ἐκεῖνα
1763 1354 1873 1414 τοῖς
1899 1352 2025 1405 ἀτε-

431 1435 553 1487 λέσι
578 1436 671 1489 καὶ
698 1435 1064 1506 ὑπισχνεῖται,
1097 1438 1193 1491 καὶ
1216 1438 1455 1494 δίδωσιν.
1490 1439 1647 1494 Οὖτω
1673 1440 1752 1511 τῷ
1780 1443 1823 1475 ¹⁹
1862 1443 2023 1497 Σολο-

437 1528 613 1594 μῶντι
667 1529 763 1580 καὶ
812 1527 1043 1583 πλοῦτον
1089 1531 1184 1583 καὶ
1228 1529 1386 1596 δόξαν
1435 1532 1481 1564 ³ο
1525 1535 1916 1603 προστέθεικεν
1957 1537 2022 1591 ³³.

433 1616 597 1673 Οὖτω
627 1620 675 1650 ³⁸
704 1622 823 1683 τοίς
863 1622 997 1684 υἱοῖς
1044 1620 1266 1693 Ἰσραὴλ
1305 1624 1397 1676 τὸν
1424 1624 1534 1678 τῶν
1562 1626 1877 1694 Αἰγυπτίων
1906 1626 2030 1681 ὲδω-

438 1711 649 1787 ρῄσατο
678 1711 932 1767 πλοῦτον.
983 1731 1000 1763 ι
1036 1714 1143 1765 Καὶ
1169 1714 1202 1783 ἡ
1226 1714 1541 1786 δικαιοσύνη
1574 1715 1737 1769 αὐτοῦ
1772 1717 1926 1787 μένει
1948 1719 2028 1781 εἰς

433 1801 530 1855 τὸν
556 1802 727 1856 αἰῶνα
769 1802 865 1856 τοῦ
907 1802 1126 1867 αἰῶνος.
1167 1823 1187 1855 ι
1223 1805 1493 1875 ’Λληστον
1536 1808 1644 1879 γὰρ
1671 1807 1700 1860 ό
1741 1807 1852 1860 τῶν
1888 1809 2026 1862 ὅλων

434 1893 569 1955 Θεὸς
597 1891 711 1962 ἔχει
744 1894 843 1962 τὴν
883 1893 1127 1963 μνήμην,
1159 1895 1254 1948 καὶ⁵
1283 1895 1614 1965 ἀείμνηστον
1640 1895 1806 1951 αὑτοῦ
1831 1896 2025 1966 διαφυ-

433 1983 625 2037 λάττει
646 1986 706 2036 τὸ
733 1984 921 2048 κλέος.-

506 2075 549 2128 δ’
556 2116 570 2129 .
607 2094 626 2127 ι
660 2076 1030 2140 Ἐξανέτειλεν
1062 2076 1121 2128 ὲν
1157 2077 1341 2130 σκότει
1365 2076 1479 2146 φῶς
1510 2080 1623 2142 τοῖς
1661 2078 1872 2133 ἔθνεσιν
1899 2080 1965 2134 ³³.
1999 2100 2018 2133 ι

432 2170 660 2236 Σκότος
689 2170 817 2222 ποτὲ
856 2170 955 2238 μὲν
1002 2169 1101 2240 τὴν
1127 2169 1355 2238 ἄγνοιαν
1383 2172 1449 2236 ’⁸,
1497 2173 1629 2225 ποτὲ
1668 2172 1723 2225 δὲ
1758 2173 1855 2237 τὰς
1888 2191 2026 2246 συμ-

432 2265 611 2336 φορὰς
657 2264 937 2335 ὀνομάζει,
973 2266 1066 2319 καὶ
1109 2264 1238 2334 φῶς
1264 2265 1321 2318 δὲ
1363 2264 1626 2330 ὡσαύτως
1657 2266 1756 2319 νῦν
1787 2267 1889 2337 μὲν
1923 2269 2025 2341 τὴν

436 2356 666 2425 γνῶσιν,
704 2357 799 2409 νῦν
826 2356 885 2410 δὲ
908 2356 1018 2409 τῶν
1050 2356 1238 2410 κακῶν
1269 2356 1368 2426 τὴν
1392 2356 1716 2428 ἀπαλλαγὴν
1750 2375 2026 2428 προσαγο-

436 2449 611 2520 ρεύει.
661 2449 826 2517 Λέγει
856 2449 1060 2514 τοίνυν,
1106 2448 1190 2502 ὅτι
1219 2447 1314 2501 καὶ
1352 2447 1641 2517 ἀγνοοῦσιν
1680 2449 1948 2515 ύποδείξει
1979 2452 2027 2486 ’⁸

434 2542 535 2612 τὴν
565 2541 850 2612 ἀλήθειαν,
882 2542 974 2594 καί
995 2541 1054 2592 ὲν
1088 2542 1154 2610 τῇ
1178 2538 1285 2593 τῶν
1316 2538 1579 2609 λυπηρῶν
1608 2541 1884 2613 προσϐολῇ
1921 2543 2023 2614 τὴν

430 2633 647 2687 οἰκείαν
679 2632 1004 2703 ἐπικουρίαν
1035 2631 1235 2704 ὀρέξει.
1286 2629 1444 2684 Οὕτω
1476 2630 1566 2684 τὸν
1595 2633 1789 2703 Ἰωσὴφ
1819 2634 1884 2688 ὲκ
1924 2634 2023 2704 τῆς

431 2724 548 2777 τῶν
595 2724 839 2792 ἀδελφῶν
891 2723 1208 2793 μιαιφονίας
1246 2722 1578 2793 ἐξήρπασεν,
1637 2721 1815 2787 οὓτως
1858 2725 2023 2779 αὐτὸν

430 2814 538 2884 τῆς
559 2814 926 2884 συκοφαντίας
953 2813 1200 2883 ἀπέφηνε
1233 2814 1547 2883 κρείττονα·
1584 2811 1725 2866 οὕτω
1757 2813 1855 2883 τῆς
1885 2816 2023 2887 Σάρο

437 2908 543 2978 ρας
593 2904 943 2977 ἁρπαγείσης
985 2902 1155 2975 ὤρεξε
1220 2901 1299 2973 τῷ
1355 2902 1606 2974 Ἀϐραὰμ
1668 2906 1768 2974 τὴν
1815 2906 2020 2960 οἰκείαν

437 2998 617 3069 ῥοπήν
642 3015 655 3028 ·
688 2997 832 3050 οὕτω
859 2997 951 3050 τὸν
979 2996 1167 3050 Λάόαν
1195 2994 1611 3065 ὲξεδειμάτωσε,
1644 2996 1739 3048 καὶ
1770 2997 1859 3049 τὸν
1892 2997 2022 3066 φεύ-

2122 516 2186 572 Ει
2208 519 2307 574 has
2343 521 2740 590 promissiones
2770 528 3030 590 tanquam
3059 520 3421 590 imperfectis,
3454 523 3550 590 qui
3578 538 3710 576 non-

2118 594 2246 664 dum
2281 611 2521 681 perfecta
2549 613 2739 666 audire
2769 621 3021 681 possunt,
3055 612 3205 667 facit.
3247 612 3528 669 Perfectos
3561 614 3709 669 enim

2120 702 2385 758 Dominus
2434 705 2685 758 Christus
2727 705 2999 758 contraria
3037 706 3219 770 docet,
3262 705 3453 761 dicens
3494 725 3507 759 :
3546 725 3566 758 ι
3602 705 3712 762 Noe

2123 793 2215 847 lite
2246 795 2522 863 possidere
2547 810 2766 860 aurum,
2795 810 2971 866 neque
2999 806 3309 866 argentum,
3345 812 3525 867 neque
3551 813 3626 854 aes
3654 800 3709 853 in

2124 886 2277 941 zonis
2302 886 2524 951 vestris,
2554 901 2662 939 non
2692 901 2876 955 peram
2903 887 2956 940 in
2981 887 3088 947 via.
3114 901 3292 957 neque
3313 888 3707 957 calceamenla,

2126 994 2304 1049 neque
2341 979 2544 1050 virgam
2576 977 2625 1033 ἀ.
2666 998 2685 1031 ι
2720 978 2785 1032 Et
2831 995 3026 1035 rursus
3068 999 3080 1034 :
3123 999 3141 1031 ι
3179 979 3295 1036 Nisi
3347 982 3472 1052 quis
3505 999 3717 1038 renun-

2131 1072 2352 1127 tiaverit
2399 1070 2658 1125 omnibus
2713 1086 2835 1141 qua:
2865 1072 3125 1140 possidet,
3168 1088 3279 1127 non
3328 1083 3509 1143 potest
3553 1092 3711 1131 meus

2127 1180 2248 1219 esse
2300 1162 2684 1232 diseipuluse.
2736 1181 2755 1213 ι
2807 1162 2915 1217 Et:
2966 1181 2984 1215 ι
3021 1163 3076 1217 Si
3112 1164 3194 1219 vis
3248 1165 3525 1235 perfectus
3559 1182 3708 1231 esse,

2128 1238 2301 1311 vende
2335 1257 2518 1309 omnia
2550 1269 2673 1324 quae
2710 1253 2897 1319 habes,
2929 1263 2983 1309 et
3018 1256 3083 1309 da
3104 1258 3439 1326 pauperibus
3474 1257 3520 1313 ί.
3554 1276 3573 1309 ι
3612 1258 3712 1313 Ve-

2130 1355 2437 1402 rumtamen
2469 1348 2583 1402 haec
2617 1361 2743 1401 cum
2780 1347 3079 1416 praecipiat,
3129 1348 3342 1421 1404
3374 1349 3464 1404 illa
3504 1350 3710 1421 imper-

2131 1439 2286 1494 fectis
2308 1448 2363 1495 et
2385 1439 2637 1509 spondet,
2674 1447 2729 1493 et
2770 1439 3019 1509 largitur.
3055 1440 3146 1495 Sic
3178 1440 3458 1496 Salomoni
3491 1444 3709 1499 divitias

2128 1542 2182 1588 et
2213 1534 2443 1603 gloriam
2478 1533 2632 1587 auxit
2664 1552 2677 1588 :
2711 1534 2792 1589 sic
2824 1535 2952 1589 filiis
3003 1535 3170 1590 lsrael
3203 1534 3582 1607 Egyptiorum
3633 1539 3713 1592 di-

2130 1624 2289 1678 vitias
2326 1623 2571 1677 donavit.
2610 1642 2629 1675 ‹
2669 1622 2965 1695 Etjustitia
2990 1625 3110 1695 ejus
3145 1637 3328 1681 manet
3360 1627 3412 1681 in
3453 1629 3710 1683 swculum

2130 1714 2334 1770 saeculi.
2389 1732 2409 1766 ι
2455 1712 2743 1770 ιΕιετηιιηι
2790 1717 2936 1770 enim
2990 1706 3512 1774 hahet'mcmoriam
3568 1721 3712 1777 Deus

2129 1806 2550 1874 universorum,
2617 1817 2672 1862 et
2732 1820 3047 1879 perpetuam
3124 1821 3415 1866 conservat
3481 1813 3719 1885 gloriam

2128 1912 2308 1953 suam.

2130 2091 2139 2119 ξ
2200 2075 2363 2133 Vens.
2387 2078 2442 2132 ι.
2497 2097 2515 2129 ι
2549 2078 2813 2135 Exortum
2844 2089 2928 2140 est
2955 2079 3008 2134 in
3041 2080 3282 2136 tenebris
3324 2079 3511 2137 lumen
3539 2081 3719 2154 genti-

2129 2170 2250 2224 bus.
2291 2188 2309 2221 ι
2354 2168 2616 2224 Tenebras
2660 2172 2822 2227 modo
2860 2171 3079 2240 quidem
3117 2172 3509 2243 ignorantiam,
3545 2173 3715 2228 modo

2128 2277 2256 2315 vero
2281 2262 2620 2318 calamitates
2649 2266 2895 2318 nominat
2926 2282 2941 2317 :
2973 2272 3028 2318 et
3055 2263 3230 2318 lumen
3260 2264 3534 2331 similiter,
3563 2280 3713 2321 nunc

2127 2353 2346 2424 quidem
2379 2355 2776 2426 cognitionem,
2803 2370 2948 2410 nunc
2976 2370 3108 2411 vero
3133 2355 3510 2411 liberationem
3536 2370 3566 2410 a
3599 2372 3712 2411 ma-

2127 2445 2195 2501 lis
2226 2446 2481 2516 appellat.
2518 2446 2660 2502 Dicit
2701 2446 2890 2516 igitur.
2924 2454 2979 2503 et
3006 2446 3388 2516 ignorantibus
3419 2448 3708 2504 veritatem

2126 2548 2186 2588 se
2219 2534 2745 2602 demonstraturum,
2783 2543 2840 2590 et
2880 2536 2934 2590 in
2980 2537 3247 2591 malorum
3278 2537 3504 2593 incursu
3550 2552 3710 2592 suam

2125 2637 2281 2693 Opem
2309 2622 2602 2678 allaturum
2636 2638 2777 2679 esse.
2811 2624 2906 2681 Sic
2934 2624 3232 2696 Josephum
3266 2626 3500 2682 fratrum
3529 2628 3708 2698 parri—

2124 2715 2269 2770 cidio
2288 2715 2513 2784 eripuit,
2548 2716 2629 2771 sic
2653 2717 2910 2771 eumdem
2941 2732 2972 2772 a
3004 2718 3281 2774 calumnia
3312 2719 3597 2775 liberavit:
3630 2719 3712 2775 sic
3726 2746 3739 2751 --

2124 2818 2307 2877 erepta
2341 2806 2474 2863 Sara
2500 2808 2765 2863 auxilium
2796 2808 2924 2863 tulit
2947 2808 3260 2865 Abrahamo
3287 2826 3301 2866 :
3327 2811 3407 2866 sic
3434 2809 3721 2865 Labanem

2124 2900 2440 2970 perterruit,
2481 2908 2536 2953 et
2589 2898 2887 2970 fugientem
2952 2901 3276 2971 insequente
3341 2902 3761 2972 potentiorem

2124 2989 2382 3045 ostendit.
2415 2988 2623 3044 Divina:
2653 2989 2823 3059 igitur
2848 2990 3107 3060 potentia:
3155 2992 3261 3046 hoc
3294 3000 3378 3048 est
3416 3007 3708 3063 argumen-

435 3103 607 3156 γοντα
659 3086 753 3140 τοῦ
806 3084 1096 3149 διώκοντος
1149 3084 1523 3155 δυνατώτερον
1576 3084 1765 3149 ἔδειξε.
1820 3085 1933 3155 Τῆς
1973 3088 2020 3119 ¹⁶

2126 3091 2262 3146 tum,
2289 3080 2637 3136 excitatiouis
2673 3096 2836 3136 causa
2870 3082 3203 3150 permittere,
3249 3092 3310 3137 ut
3333 3083 3470 3154 justi
3514 3083 3567 3137 in
3623 3098 3710 3137 res

436 3177 593 3239 θείας
644 3176 824 3229 τοίνυν
882 3174 1167 3245 δυνάμεως
1234 3174 1331 3228 καὶ
1384 3174 1544 3228 τοῦτο
1588 3177 1909 3245 τεκμήριον,
1958 3176 2020 3230 τὸ

436 3265 750 3339 γυμνασίας
795 3266 894 3338 μὲν
928 3266 1112 3319 εἵνεκα
1154 3267 1463 3336 συγχωρεῖν
1502 3265 1879 3335 προσϐάλλειν
1908 3271 2022 3332 τοῖς

436 3358 670 3422 δικαίοις
706 3359 779 3412 τὰ
820 3358 1060 3429 λυπηρὰ,
1100 3356 1340 3410 διαλύειν
1380 3355 1437 3409 δὲ
1486 3356 1692 3409 τούτων
1728 3358 1790 3410 τὸ
1841 3356 2020 3426 νέφος,

2124 3172 2386 3227 adversas
2436 3171 2699 3238 incidant,
2741 3179 2796 3227 et
2845 3171 3038 3226 barum
3107 3174 3363 3228 nebulam
3410 3172 3708 3236 discutere,

2126 3278 2429 3334 puramque
2458 3264 2808 3320 serenitatem
2840 3264 3077 3320 efﬁcere.
3119 3283 3138 3317 ι
3176 3264 3496 3321 Misericors
3525 3273 3578 3321 et
3605 3264 3711 3318 mi-

2126 3367 2353 3419 serator,
2382 3358 2398 3378 ·
2440 3362 2495 3412 et
2527 3356 2713 3428 justus
2757 3364 2862 3413 est.
2907 3374 2926 3409 ι
2968 3357 3095 3412 Hinc
3138 3366 3319 3412 autem
3371 3357 3710 3422 moderatur,

439 3449 538 3503 καὶ
567 3449 814 3520 καθαρὰν
868 3449 1086 3519 αἰθρίαν
1128 3447 1472 3518 χαρίζεσθαι.
1528 3466 1547 3498 ι
1585 3448 1887 3519 Ἐλεήμων,
1929 3449 2023 3502 καὶ

2129 3446 2362 3517 iustitia,
2412 3457 2468 3502 et
2511 3448 2915 3509 misericordia,
2967 3456 3023 3503 et
3053 3449 3297 3504 bonitate
3353 3458 3531 3504 utens.
3576 3447 3710 3502 Nam

437 3542 743 3612 οἰκτίρμων
771 3542 837 3606 ’⁷,
879 3542 975 3593 καὶ
1004 3540 1264 3602 δίκαιος.»
1306 3539 1491 3594 Ταῦτα
1524 3540 1581 3593 δὲ
1611 3540 1936 3610 πρυτανεύει
1951 3541 2023 3593 δι-

2129 3557 2318 3597 curam
2350 3542 2490 3613 gerit
2535 3543 2752 3612 quidem
2808 3552 2866 3596 ut
2905 3543 3176 3612 benignus
3213 3560 3226 3595 :
3274 3557 3542 3597 coronare
3583 3558 3716 3594 vero

440 3633 724 3703 καιοσύνῃ,
759 3634 854 3685 καὶ
878 3632 1034 3701 ὲλέῳ,
1065 3632 1161 3684 καὶ
1180 3630 1481 3702 ἁγαθότητι
1511 3631 1813 3701 χρώμενος.
1846 3631 2022 3702 Κήδε-

2126 3633 2306 3701 justos
2336 3636 2549 3695 volens,
2581 3633 2885 3688 certamina
2918 3633 3206 3702 permittit,
3243 3633 3407 3687 solvit
3436 3646 3563 3686 vero
3600 3631 3717 3685 lucc

436 3744 533 3781 ται
576 3726 675 3796 μὲν
709 3726 818 3796 γὰρ
845 3725 922 3785 ὡς
950 3723 1354 3793 φιλάνθρωπος,
1386 3723 1684 3792 στεφανοῦν
1709 3723 1766 3776 δὲ
1792 3724 1919 3784 τοὺς
1946 3723 2023 3776 διο

2132 3725 2380 3795 protinus
2411 3724 2482 3778 ob
2508 3724 2833 3779 immensam
2868 3724 3190 3780 bonitatem.

437 3819 630 3882 καίους
669 3818 1012 3889 βουλόμενος,
1062 3818 1336 3887 συγχωρεῖ
1371 3816 1497 3879 τοὺς
1542 3814 1782 3883 ἀγῶνας,
1850 3814 1969 3867 λύει
2034 3814 2092 3868 δὲ
2130 3814 2355 3878 τούτους
2399 3816 2483 3869 ὅτι
2523 3816 2570 3847 ’⁸
2622 3816 2853 3885 τάχιστα
2910 3814 2998 3868 διὰ
3048 3816 3147 3888 τὴν
3210 3818 3523 3888 ἀμέτρητον
3581 3819 3731 3887 ἁγαο.

440 3909 666 3980 θύη-ητα.

512 4021 580 4075 ε’.
618 4042 637 4074 ‹
673 4021 923 4092 Χρηστὸς
950 4020 1089 4091 ἀνὴρ
1122 4020 1150 4072 ὁ
1182 4019 1488 4092 οἰκτείρων,
1527 4020 1623 4073 καὶ
1662 4019 1901 4092 κιχρῶνο
1941 4022 2018 4074 οἱ·

442 4113 738 4184 κονομήσει
787 4113 913 4173 τοὺς
948 4111 1140 4178 λόγους
1193 4109 1358 4163 αὑτοῦ
1408 4110 1469 4162 ὲν
1515 4110 1714 4180 κρίσει.
1769 4130 1790 4161 ι
1852 4111 1913 4166 Ὀ
1959 4111 2016 4165 δὲ

2196 4018 2363 4073 Vens.
2391 4018 2441 4073 5.
2475 4036 2493 4070 ι
2520 4016 2795 4088 Benignus
2822 4017 2989 4073 homo
3022 4018 3116 4089 qui
3150 4018 3441 4073 miseretur
3482 4029 3535 4074 et
3563 4035 3715 4075 coms

2124 4112 2329 4174 modat,
2348 4109 2601 4177 disponet
2633 4106 2845 4179 1405
2870 4121 3157 4164 sermones
3185 4122 3314 4162 suos
3341 4109 3393 4162 in
3423 4106 3654 4178 judicio.
3689 4130 3709 4160 ι

442 4204 742 4274 Σύμμαχος
792 4201 998 4265 οὕτως·
1060 4201 1315 4271 Ἀγαθός,
1367 4201 1737 4271 χαριστικὸς,
1771 4201 1870 4255 καὶ
1933 4220 2023 4257 κι-

2132 4200 2496 4274 Symmachus
2528 4209 2711 4254 autem
2752 4201 2832 4255 sic
2877 4217 2889 4253 :
2922 4198 3123 4265 Bonus,
3163 4199 3446 4269 muniﬁcus
3484 4207 3533 4253 et
3568 4215 3716 4253 com-

441 4295 626 4365 χρῶν,
659 4294 991 4364 οἰκονομῶν
1020 4294 1091 4349 τὰ
1119 4294 1435 4363 πράγματα
1478 4293 1667 4348 αὐτοῦ
1708 4295 1861 4363 μετὰ
1900 4297 2025 4363 κρί-

439 4400 619 4450 σεως.
662 4384 722 4437 Ὀ
758 4383 867 4455 γὰρ
902 4383 991 4436 τὸν
1032 4384 1230 4437 οἰκεῖον
1261 4384 1527 4456 δεσπότην
1569 4383 1909 4456 μιμούμενος
1938 4403 2028 4454 φι-

440 4476 678 4547 λοτίμως
737 4474 1030 4547 θεραπεύει
1073 4477 1202 4538 τοὺς
1254 4475 1612 4546 ὁμοδούλους·
1660 4476 1947 4547 οἰκτείρων
1981 4478 2026 4510 ²⁹

443 4566 567 4637 μὲν,
614 4568 690 4630 ὡς
730 4567 831 4637 τῆς
860 4566 1075 4637 φύσεως
1109 4568 1387 4630 κοινωνὸς,
1438 4568 1649 4639 κιχρῶν
1699 4568 1776 4634 δὲ,
1809 4568 1884 4632 ὡς
1927 4568 2028 4640 τὴν

440 4660 651 4714 ἔκτισιν
693 4660 846 4730 παρὰ
886 4659 981 4713 τοῦ
1014 4658 1196 4713 κοινοῦ
1234 4659 1558 4730 προσμένων
1599 4661 1891 4715 Δεσπότου.
1928 4664 2028 4715 Οὑ-

440 4749 533 4803 δὲν
577 4749 636 4802 δὲ
679 4751 708 4803 ὁ
761 4749 1002 4814 τοιοῦτος
1044 4751 1375 4822 ἀδιακρίτως
1413 4753 1734 4824 ἐργάζεται,
1782 4756 1897 4808 ἀλλ’
1942 4757 2027 4825 ὁρ-

441 4838 555 4902 θῶς
584 4839 630 4872 ”
665 4841 946 4912 χρώμενος
974 4842 1240 4913 λογισμῷ,
1270 4844 1366 4896 καὶ
1405 4844 1533 4908 τοὺς
1585 4845 1783 4913 λόγους
1812 4847 1907 4900 καὶ
1958 4846 2027 4899 τὰ

442 4932 585 5003 ἔργα
614 4935 827 5002 κοσμεῖ.

517 5157 546 5198 ει
572 5157 761 5237 λζειιίι.
800 5174 853 5226 x,
878 5158 931 5225 9,
965 5158 1051 5214 10.
1175 5171 1199 5199 ο
1232 5159 1367 5213 Luc.
1404 5176 1515 5226 xiv,
1542 5161 1629 5215 55.

2128 4293 2372 4360 modans,
2420 4293 2510 4363 qui
2556 4293 2829 4361 dispensat
2877 4308 2959 4346 res
3006 4309 3131 4346 suas
3180 4307 3299 4345 cum
3335 4291 3566 4361 judicio.
3607 4289 3710 4358 Qui

2128 4384 2273 4441 enim
2306 4385 2592 4440 dominum
2629 4400 2790 4440 suum
2825 4383 3090 4449 imitatur,
3123 4383 3272 4453 larga
3295 4396 3459 4437 manu
3493 4396 3716 4438 conser-

2129 4479 2210 4533 vis
2232 4478 2528 4541 succurrit,
2554 4477 2827 4533 miserans
2849 4476 3068 4547 quidem
3094 4485 3152 4531 ut
3177 4486 3390 4531 naturae
3414 4475 3712 4546 particeps,

2129 4573 2489 4627 commodatis
2523 4587 2671 4637 vero,
2709 4580 2970 4640 tanquam
2997 4584 3027 4623 a
3054 4568 3333 4625 communi
3366 4568 3600 4625 Domino
3625 4583 3717 4625 ro-

2135 4663 2565 4718 munerationem
2596 4672 2941 4731 exspectans.
2970 4661 3113 4715 Nihil
3134 4670 3317 4716 autem
3350 4662 3476 4716 talis
3498 4662 3717 4717 incaute

2134 4755 2285 4819 facit,
2320 4756 2415 4811 sed
2465 4756 2630 4811 rectis
2660 4767 2822 4812 utens
2873 4755 3318 4827 cogitationibus,
3355 4766 3409 4811 et
3453 4755 3617 4812 verba
3661 4765 3726 4810 ct~

2135 4865 2299 4920 opera
2330 4860 2507 4904 ornat.

1732 5160 1750 5199 ί
1786 5160 1974 5217 Matth.
2020 5178 2134 5227 xu,
2161 5164 2254 5218 21.

1512 5361 1747 5419 VARI/13
1789 5364 2172 5421 LECTIONES
2231 5364 2318 5420 ET
2346 5364 2586 5421 NOTAE.

562 5513 606 5548 ¹¹
643 5512 753 5580 Τῷ.
790 5515 912 5570 cod.
940 5514 965 5569 1
1010 5530 1200 5586 praem.
1233 5517 1348 5571 καί.
1423 5519 1468 5550 ²⁰
1490 5520 1614 5575 cod.
1650 5518 1793 5573 ικαὶ
1818 5519 1976 5584 δόξαν
1998 5538 2023 5574 κ

568 5626 582 5640 .
606 5585 719 5639 καί.
806 5585 854 5617 ’³
883 5585 1190 5641 Ἕθνεσιν.
1218 5588 1346 5642 cod.
1385 5589 1409 5642 1
1445 5588 1681 5646 εύθέσιν.
1706 5591 1940 5646 ascripta
1974 5599 2023 5643 ta

2126 5519 2369 5575 πλοῦτον.
2454 5523 2494 5553 ¹¹
2524 5521 2656 5576 ibid.
2697 5500 3078 5592 προστίθησιν.

2126 5606 2158 5644 n
2198 5592 2369 5646 altera
2401 5591 2660 5646 lectione.
2696 5591 2860 5646 llebr.
2904 5572 3120 5646 omni“:

456 5599 582 5641 add.
606 5599 719 5639 και.
807 5599 854 5617 ³·
884 5599 1190 5641 Ἦυνεσιν.
1218 5599 1346 5642 cou.
1385 5599 1409 5642 1
1445 5599 1681 5651 εῡυὲσιν,
1706 5599 1940 5659 ascripta
1974 5599 2158 5644 tamen
2198 5599 2369 5646 altera
2403 5599 2660 5646 lectione.
2696 5599 2860 5646 llehr.
2904 5599 3139 5648 unum.

451 5656 500 5689 "
554 5656 685 5710 ibid.
721 5655 1042 5722 ὑποδείξεις.
1116 5656 1162 5689 ’⁸
1197 5656 1314 5725 Τῆς
1340 5690 1408 5699 -
1448 5660 1804 5729 dra/idtum.
1865 5664 1987 5715 Des.
2046 5662 2188 5729 apud
2218 5662 2380 5716 Cnrd.
2416 5663 2451 5716 l.
2484 5678 2530 5717 c.
2566 5678 2619 5731 p.
2646 5662 2775 5717 276.
2853 5663 2895 5693 *7
2933 5662 3091 5712 οικτ.
3128 5677 3139 5713 ι

459 5742 594 5788 ριος,
672 5726 718 5758 ³⁸
758 5726 911 5782 "Ott.
972 5727 1142 5783 Abest
1200 5743 1230 5782 a
1262 5729 1381 5783 cod.
1417 5730 1469 5784 1.
1546 5731 1591 5762 ²⁹
1627 5733 1749 5785 cod.
1789 5731 2167 5788 ίοίκτίομων.
2247 5733 2291 5764 ³⁰
2328 5734 2461 5788 ibid.
2494 5732 2663 5788 ὀρθῶ.

1627 5745 1749 5785 cou.
1789 5745 1810 5784 ι
1840 5745 2167 5802 οικτιρμων.
2247 5745 2291 5764 ον
2329 5745 2461 5788 ιυιιι.
2494 5745 2663 5805 ορυῳ.

456 5586 582 5641 add.
606 5585 719 5639 καί.

459 5742 594 5797 ριος,
672 5726 718 5758 ³⁸
758 5726 911 5782 "Ott.
972 5727 1142 5783 Abest
1200 5743 1230 5782 a
1262 5729 1381 5783 cod.
1417 5730 1469 5784 1.

3182 5519 3440 5574 “06m.
3499 5520 3627 5576 cod.
3685 5520 3714 5574 1

3219 5590 3264 5622 ’⁵
3291 5591 3416 5646 cod.
3450 5590 3474 5643 1
3508 5592 3716 5645 ἄνοιαν.

2853 5663 2895 5693 ’⁷
2933 5662 3091 5712 Οικτ.
3128 5662 3251 5714 cod.
3294 5662 3318 5715 1
3358 5660 3539 5716 ΜΙὼὸ
3600 5660 3716 5713 Κύ-
