4114 6414
370 325 510 391 1785

1720 345 1804 406 IN
1863 347 2068 406 PSAL.
2110 346 2291 407 CXII.

3491 348 3623 413 1786

445 460 464 493 ι
503 442 718 532 ᾼίνεῖτε
771 444 830 498 τὸ
892 444 1064 517 ὄνομα
1107 448 1338 519 Κυρίου.
1498 453 1596 523 Εῖη
1656 455 1719 508 τὸ
1771 457 1938 526 ὄνομα

2124 477 2144 509 ι
2179 457 2421 512 Laudate
2452 472 2649 513 nomen
2679 458 2915 515 Domini.
2960 457 3150 530 [Vsas.
3185 459 3268 532 2.]
3305 460 3387 517 Sit
3426 477 3620 517 nomen

366 531 574 603 Κυρίου
622 532 1013 603 εὐλογημένον,
1078 537 1187 591 ἀπὸ
1235 540 1329 593 τοῦ
1381 540 1496 609 νῦν,
1532 544 1626 596 καὶ
1679 546 1784 608 ἕως
1849 547 1942 601 τοῦ

367 620 588 683 αἰῶνος.
637 641 654 671 ι
724 624 1019 695 Προσήκει,
1060 627 1246 696 φησὶν,
1303 630 1446 698 ὑμᾶς
1503 633 1722 698 δούλους
1761 636 1942 701 ὄντας,

368 711 467 764 καὶ
495 712 604 764 ἀπὸ
631 713 677 744 ⁴⁰
706 712 799 765 τοῦ
825 713 959 768 Θεοῦ
993 717 1054 769 τὸ
1077 714 1220 772 εἶναι
1245 721 1531 788 λαϐόντας,
1563 727 1750 795 ὑμνεῖν
1777 729 1943 782 αὐτοῦ

366 801 430 854 τὸ
466 801 657 871 ὄνομα,
703 804 806 856 κᾶν
855 806 1085 877 ἀγνοῆτε
1145 811 1246 879 τὴν
1290 812 1474 881 φύσιν.
1518 816 1670 885 Ἔχει
1703 819 1798 885 μὲν
1835 820 1944 888 γὰρ

367 891 468 961 τὴν
497 892 748 961 εὐλογίαν
771 896 864 948 καὶ
897 897 997 967 τὴν
1038 899 1319 970 εὐφημίαν
1350 903 1586 973 ἄναρχον
1618 909 1711 958 καὶ
1748 908 1944 979 ἀήττη-

368 1000 479 1036 τον.
510 984 585 1036 Τὸ
614 985 743 1054 γὰρ,
782 1003 800 1036 t
846 988 954 1039 ἀπὸ
972 989 1063 1042 τοῦ
1095 992 1290 1056 αίὼνος
1317 996 1409 1047 καλ¹
1435 995 1540 1058 ἕως
1566 996 1659 1049 τοῦ
1690 997 1888 1061 αἰῶνος
1920 1018 1939 1051 ι

367 1074 522 1143 δηλοῖ
569 1061 884 1130 τοῦτο.”Δεῖ
933 1078 989 1132 δὲ
1042 1081 1251 1149 ὃμωςδι
1309 1087 1400 1137 καὶ
1441 1088 1625 1156 ἡμᾶς,
1682 1084 1769 1140 οἵα
1819 1090 1884 1161 δὴ
1902 1094 1945 1124 ⁸³

368 1169 597 1236 ποιητῇ,
637 1169 973 1237 προσφέρειν
1006 1172 1098 1224 τὸν
1122 1177 1480 1246 χαριστήριον
1509 1176 1697 1247 ὕμνον.

440 1264 511 1325 γ’.
554 1277 573 1308 ι
621 1260 753 1312 Ἀπὸ
786 1262 1065 1316 ἀνατολῶν
1094 1266 1250 1336 ἡλίου
1290 1268 1454 1340 μέχρι
1484 1270 1706 1340 δυσμῶν
1736 1270 1946 1327 αἱνετὸν

366 1347 431 1399 τὸ
452 1348 624 1417 ὄνομα
649 1351 881 1420 Κυρίου.
911 1370 930 1403 ›
967 1354 1077 1424 Τὴν
1108 1356 1248 1423 μετὰ
1278 1355 1376 1427 τὴν
1407 1357 1821 1429 ὲνανθρὼπησιν
1851 1361 1945 1415 τοῦ

367 1439 715 1505 Μονογενοῦς
753 1445 865 1505 τοῖ;
896 1442 1076 1497 ἔθνεσι
1130 1449 1576 1517 παρασχεθεῖσαν
1612 1450 1946 1518 θεογνωσίαν

369 1532 399 1584 6
434 1531 649 1600 ψαλμὸς
692 1534 1076 1601 προεθέσπισε.
1132 1539 1308 1591 Πάλαι
1353 1540 1452 1610 μὲν
1482 1541 1590 1608 γὰρ
1616 1544 1643 1594 6
1668 1543 1778 1595 τῶν
1810 1544 1947 1596 ὅλων

374 1621 508 1684 Θεὸς
531 1623 652 1675 οὐδὲ
678 1626 830 1694 παρὰ
855 1628 1074 1681 πάντων
1103 1629 1375 1682 Ἰουδαίων
1407 1632 1647 1701 ὑμνεῖτο,
1664 1632 1798 1686 ἀλλᾶ
1818 1634 1946 1705 παρ’

370 1713 570 1781 ὀλίγων
597 1716 703 1769 τῶν
721 1717 972 1790 εὐσεϐείᾳ
1001 1719 1289 1784 συζώντων
1306 1738 1317 1750 ·
1341 1723 1480 1791 μετὰ
1509 1723 1564 1774 δὲ
1587 1723 1683 1794 τὴν
1707 1727 1769 1776 ὲκ
1795 1727 1944 1795 Παρ-

368 1802 525 1856 θένου
557 1804 834 1875 γέννησιν,
870 1810 965 1860 καὶ
1014 1811 1074 1862 τὸ
1111 1812 1382 1881 σωτήριον
1414 1813 1607 1878 πάθος,
1656 1816 1735 1878 είς
1762 1819 1942 1868 πᾶσαν
1975 1804 2016 1858 Β

367 1894 474 1964 τὴν
497 1896 605 1966 γῆν
635 1897 860 1967 ἐξῆλθεν
883 1900 912 1951 6
945 1900 1185 1970 φθόγγος
1228 1905 1336 1956 τῶν
1369 1905 1630 1975 κηρύκων
1657 1907 1758 1976 τῆς
1807 1910 1943 1977 ἀλη-

366 1984 541 2052 θείας,
600 2007 618 2040 ι
663 1990 758 2043 καὶ
816 1992 898 2055 εἰς
955 1994 1025 2046 τὰ
1072 1994 1286 2065 πέρατα
1343 1997 1443 2067 τῆς
1489 1999 1817 2070 οἰκουμένης
1876 2001 1945 2054 τὰ

363 2080 587 2151 ῥήματα
619 2082 822 2147 αὐτῶν,
862 2103 882 2136 ι
918 2087 1013 2138 καὶ
1063 2086 1359 2159 ἐπληρώθη
1395 2091 1427 2159 ἡ
1459 2091 1724 2159 σύμπασα
1747 2092 1819 2162 γῆ
1849 2092 1942 2146 τοῦ

360 2170 570 2238 γνῶναι
600 2173 692 2226 τὸν
738 2173 963 2245 Κύριον,
1008 2179 1084 2239 ὡς
1132 2177 1276 2247 ὕδωρ
1321 2180 1457 2234 πολὺ
1491 2182 1944 2252 κατακοιλύψαιδ³

362 2252 661 2327 θαλάσσας.
710 2266 882 2319 Τοῦτο
929 2269 1024 2320 καὶ
1056 2269 1126 2321 δι’
1185 2271 1377 2340 ἐτέρου
1437 2275 1714 2345 προφήτου
1771 2277 1799 2328 6
1833 2276 1943 2329 τῶν

358 2354 502 2408 ὅλων
532 2355 633 2427 ἔφη
670 2358 804 2420 Θεός
824 2376 839 2390 ·
864 2376 883 2410 ι
905 2361 1020 2415 Οὐκ
1051 2360 1165 2414 ἔστι
1190 2380 1281 2431 μοι
1309 2363 1525 2435 θέλημα
1558 2368 1614 2419 ἐν
1646 2368 1797 2436 ὐμῖν,
1847 2367 1943 2421 καὶ

361 2445 557 2499 θυσίαν
597 2449 658 2501 οὐ
693 2450 1063 2521 προσδεξομαι
1102 2454 1168 2505 ἐκ
1190 2454 1237 2486 ⁸³
1266 2457 1376 2507 τῶν
1404 2459 1605 2527 χειρῶν
1639 2459 1814 2527 ὑμῶν,
1854 2462 1940 2514 ὅτι

360 2538 472 2592 ἀπὸ
502 2541 778 2593 ἀνατολῶν
808 2541 960 2613 ήλίου
984 2544 1147 2615 μέχρι
1174 2545 1220 2578 δ’
1246 2546 1468 2616 δυσμῶν
1512 2549 1653 2617 μέγα
1680 2550 1741 2602 τὸ
1767 2551 1942 2620 ὄνομά

362 2645 470 2699 μου
508 2632 567 2682 ὲν
610 2633 721 2694 τοῖς
763 2632 965 2696 ἔθνεσι,
1014 2637 1109 2688 καὶ
1148 2639 1205 2689 ἐν
1235 2640 1398 2691 παντὶ
1432 2640 1581 2710 τόπῳ
1621 2639 1875 2710 θυμίαμα
1894 2642 1940 2675 ’⁸⁸

358 2721 733 2790 προσφέρεται
761 2722 837 2792 τῷ
876 2725 1101 2795 ὀνόματί
1155 2745 1278 2798 μου,
1320 2730 1412 2781 καὶ
1445 2729 1605 2784 θυσία
1652 2732 1885 2802 καθαρά.
1914 2751 1932 2783 ι

355 2812 584 2881 Συνῳδὰ
622 2814 679 2866 δὲ
708 2814 752 2845 ⁸⁷
796 2815 1010 2880 τούτοις
1066 2818 1160 2871 καὶ
1214 2822 1246 2890 ή
1305 2823 1650 2892 πνευματικὴ
1704 2824 1939 2895 μελῳδία

355 2902 632 2967 θεσπίζει.

426 2994 490 3046 δ’.
531 3014 549 3044 ι
599 2996 837 3067 manu;
875 2998 969 3050 ἐπὶ
1015 3001 1192 3054 πάντα
1222 3000 1288 3055 τὰ
1341 3002 1468 3075 ἔθνη
1500 3006 1527 3057 6
1566 3006 1793 3076 Κύριος,
1844 3009 1936 3062 ἐπὶ

352 3082 482 3145 τοὺς
513 3085 776 3153 οὐρανοὺς
799 3088 831 3155 ἡ
855 3087 981 3152 δόξα
1011 3090 1197 3146 αὐτοῦ.
1228 3111 1245 3142 ι
1283 3092 1538 3148 Ἃπαντα
1564 3097 1674 3169 γὰρ
1706 3098 1775 3151 τὰ
1802 3099 1930 3170 ἔθνη

356 3174 680 3244 μεμάθηκεν
724 3177 798 3240 ὡς
824 3179 984 3241 αὐτός
1013 3183 1163 3235 ἐστιν
1212 3183 1458 3252 ὕψιστος,
1503 3190 1599 3239 καὶ
1636 3189 1789 3253 Θεὸς,
1835 3193 1930 3245 καὶ

347 3264 465 3317 τῶν
521 3266 777 3320 ἁπάντων
835 3269 1189 3340 δημιουργὸς,
1222 3277 1316 3328 καὶ
1361 3276 1466 3330 ὑπὸ
1492 3278 1601 3331 τῶν
1658 3282 1930 3350 οὐρανίων

347 3353 600 3420 ἀγγέλων
630 3359 727 3408 ἀνυ
736 3358 868 3426 μνού
876 3377 1038 3429 μενος
1052 3362 1117 3417 ⁸⁸.

420 3442 483 3498 ε’.
528 3461 547 3495 ι
575 3446 669 3509 Τίς
695 3447 771 3511 ὡς
814 3451 842 3502 6
875 3451 1079 3522 Κύριος
1104 3453 1132 3505 6
1154 3453 1198 3485 ’⁸³
1223 3454 1356 3519 Θεὸς
1376 3459 1563 3528 ἡμῶν;
1602 3470 1621 3512 'n
1660 3462 1931 3530 Πολλάκις

342 3533 571 3628 ⁸τοῦτοίή
598 3536 719 3591 θεία
768 3540 960 3612 Γραφὴ
1014 3544 1163 3612 λέγει
1197 3547 1264 3602 ⁸ο.
1315 3549 1424 3603 Καὶ
1461 3551 1569 3622 γὰρ
1599 3555 1628 3607 6
1660 3560 1931 3628 μακάριος

340 3626 588 3697 Μωῢσῆς
609 3629 770 3683 τοῦτο
797 3631 981 3700 λέγει·
1034 3652 1053 3685 ι
1083 3637 1179 3700 Τίς
1205 3639 1389 3708 ὅμοιός
1416 3659 1499 3695 σοι
1528 3645 1585 3697 έν
1611 3644 1787 3713 θεοῖς,
1814 3626 1930 3702 Κύ-

346 3732 472 3787 ριε;
500 3737 519 3769 ι
549 3719 590 3770 Τ
598 3719 644 3782 ίς
678 3721 867 3790 ὅμοιός
900 3740 1005 3789 σοι,
1038 3726 1427 3798 δεδοξασμένος
1471 3735 1530 3785 ἐν
1561 3735 1769 3801 ἁγίοις;
1821 3740 1930 3792 Καὶ

338 3809 375 3860 ὁ
410 3809 681 3881 μακάριος
710 3814 901 3879 Δαϐὶδ,
937 3817 1017 3870 ὅτι
1047 3835 1066 3868 t
1114 3818 1209 3883 Τίς
1230 3821 1288 3872 ὲν
1305 3822 1556 3890 νεφέλαις
1600 3827 1927 3898 ίσωθήσεται

337 3899 424 3970 τῷ
445 3902 667 3971 Κυρίῳ;
718 3904 751 3977 ἢ
783 3904 869 3970 τίς
915 3909 1318 3981 ὁμοιωθήσεται
1347 3913 1425 3984 τῷ
1455 3916 1644 3987 Κυρίῳ
1682 3919 1741 3971 ἐν
1792 3920 1928 3984 υἱοῖς

341 3992 523 4057 Θεοῦ;
562 4012 579 4045 ι
626 3996 736 4049 Καὶ
772 3998 954 4063 πάλιν,
984 4001 1065 4053 ὅτι
1104 4019 1122 4052 ι
1160 4004 1256 4066 Τίς
1299 4004 1431 4062 Θεὸς
1465 4008 1647 4079 παρὲξ,
1672 4010 1766 4062 τοῦ
1813 4012 1928 4063 Κυ-

342 4082 485 4153 ρίου,
510 4083 543 4153 ﬁ
565 4085 649 4149 τίς
679 4087 812 4150 Θεὸς
846 4089 985 4158 πλὴν
1013 4091 1108 4145 τοῦ
1136 4093 1270 4146 Θεοῦ
1302 4096 1493 4166 ήμῶν;
1540 4116 1558 4148 ι
1585 4100 1683 4151 Διὰ
1710 4101 1926 4155 πάντων

337 4171 402 4225 δὲ
428 4173 636 4226 τούτων
664 4176 707 4207 ⁵¹
738 4176 799 4229 τὸ
821 4177 1155 4248 ἀσύγκριτον
1184 4184 1279 4236 τοῦ
1315 4185 1450 4238 Θεοῦ
1478 4187 1587 4240 τῶν
1617 4188 1756 4242 ὅλων
1791 4209 1923 4261 μαν-

340 4263 605 4335 Θάνομεν,
637 4267 734 4320 καὶ
763 4268 845 4323 ὅτι
868 4273 913 4304 ⁵⁸
944 4272 1098 4325 οὐδὲν
1141 4274 1251 4328 τῶν
1300 4275 1471 4331 ὄντων
1505 4282 1926 4354 παραϐληθῆναι

335 4355 569 4410 δύναται
604 4361 670 4431 τῇ
723 4359 818 4413 τοῦ
880 4362 1017 4416 Θεοῦ
1071 4364 1255 4435 φύσει,
1304 4367 1620 4441 ἢδυνάμει,
1676 4373 1708 4446 ἦ
1770 4378 1924 4448 ἐνερ-

336 4448 488 4520 γείᾳ.

418 4560 439 4592 ι
481 4540 541 4594 Ὀ
573 4542 631 4595 ἐν
682 4542 910 4614 ὑψηλοῖς
937 4547 1103 4601 οίκῶν
1137 4551 1201 4614 ⁵³,
1258 4550 1357 4623 [ς’]
1414 4555 1522 4609 Καὶ
1573 4557 1640 4611 τὰ
1686 4563 1921 4617 ταπεινὰ

332 4631 563 4723 ἐφορῶνΔ
586 4633 633 4666 ⁸⁸
666 4636 725 4688 ὲν
740 4635 820 4705 τῷ
843 4637 1079 4709 οὐρανῷ,
1109 4641 1206 4693 καὶ
1225 4642 1283 4695 ἐν
1306 4645 1373 4714 τῇ
1399 4647 1491 4715 γῇ.
1530 4666 1548 4698 ι
1585 4648 1714 4712 Τοῖς
1752 4651 1922 4723 οὐρα-

331 4721 473 4813 νοῖςι
504 4720 615 4794 γὰρ
653 4723 1028 4780 ἐνδιαιτᾶσθαι
1075 4729 1248 4784 δοκῶν
1308 4732 1603 4790 ἐποπτεύει
1651 4741 1719 4795 τὰ
1775 4720 1917 4813 σύμ-

330 4804 542 4874 πανὶα,
578 4815 673 4867 καὶ
703 4816 856 4870 οὐδὲν
886 4821 1228 4891 ἀτημέλητον
1257 4824 1368 4877 τῶν
1390 4826 1561 4882 ὄντων
1584 4831 1667 4902 ἑᾷ.

412 4901 478 4967 ζ’,
509 4903 581 4975 η’.
653 4906 712 4959 '0
768 4910 998 4982 ἐγείρων
1048 4915 1156 4968 ἀπὸ
1201 4916 1306 4987 γῆς
1365 4901 1634 4990 πτωχὸν(
1668 4925 1760 4978 καὶ
1810 4926 1919 4980 ἀπὸ

328 4993 580 5061 κοπρίας
608 4996 827 5068 ἁνυψῶν
858 5002 1065 5073 πένητα
1088 5020 1102 5033 ’
1137 5006 1231 5059 τοῦ
1282 5008 1506 5064 καθίσαι
1560 5015 1726 5068 αὐτὸν
1779 5020 1921 5087 μετὰ

380 5105 581 5193 βρεὲι..
614 5126 726 5178 xix,
762 5115 816 5170 5.
893 5118 924 5158 ιι
958 5118 1157 5177 ilabac.
1194 5137 1252 5193 ιι,
1286 5126 1371 5181 l4.

327 5192 471 5245 xvn,
506 5181 598 5233 51.

2047 550 2261 604 Domini
2290 552 2652 616 benedictum,
2681 552 2750 605 ab
2783 562 2885 606 hoc
2918 552 3044 607 inde
3074 564 3318 623 tempore
3357 566 3411 609 et
3453 569 3625 624 usque

2048 643 2100 695 in
2134 645 2415 698 saeculum.
2458 665 2476 697 ι
2510 646 2795 706 Convenit,
2825 646 2920 712 ait,
2956 662 3051 701 vos
3074 662 3198 700 cum
3228 644 3371 701 servi
3401 645 3545 711 silis,
3570 655 3625 700 et

2048 749 2076 787 a
2124 734 2235 788 Deo
2267 737 2411 803 quod
2455 738 2587 790 estis
2639 736 2848 807 1M7
2890 737 3234 806 acceperitis,
3270 736 3391 806 ejus
3424 752 3621 791 nomen

2048 823 2290 891 laudare,
2321 827 2445 881 licet
2474 828 2733 896 ignoretis
2766 838 3039 881 naturam.
3068 829 3239 882 Habet
3266 828 3413 882 enim
3445 838 3497 882 et
3526 828 3621 883 be-

2047 917 2410 971 nedictionem
2444 928 2498 971 ct
2526 920 2752 989 gloriam
2784 920 2901 975 sine
2932 920 3216 989 principio,
3249 927 3302 974 et
3328 921 3619 989 sempiter-

2049 1024 2195 1061 nam.
2232 1007 2367 1062 illud
2394 1011 2614 1078 quippe,
2649 1029 2667 1061 ι
2694 1025 2723 1065 a
2746 1011 2946 1065 saeculo
2981 1027 3153 1081 usque
3187 1011 3241 1064 in
3273 1012 3532 1066 saeculum
3594 1029 3614 1062 ι

2047 1098 2153 1152 hoc
2177 1098 2464 1169 signiﬁcat.
2496 1098 2720 1168 Oportet
2755 1109 2932 1155 tamen
2965 1111 3019 1156 et
3056 1116 3156 1156 nos
3184 1101 3346 1156 veluti
3372 1100 3619 1155 Creatori

2046 1189 2311 1260 hymnum
2352 1189 2651 1260 gratiarum
2687 1192 2921 1247 actionis
2948 1193 3160 1247 oll'erre.

2121 1279 2287 1336 Vens.
2322 1282 2377 1336 5.
2410 1300 2429 1333 ι
2465 1281 2510 1335 Α
2545 1282 2678 1338 solis
2702 1293 2823 1337 ortu
2856 1298 3030 1354 usque
3055 1284 3120 1339 ad
3143 1299 3398 1339 occasum
3429 1284 3621 1337 lauda-

2048 1373 2156 1428 bile
2185 1382 2269 1427 est
2297 1388 2490 1427 nomen
2520 1373 2755 1427 Domini.
2786 1392 2804 1424 ι
2837 1373 3085 1428 Divinam
3115 1375 3477 1442 cognitionem
3500 1380 3621 1439 post

2050 1465 2482 1520 incarnationem
2537 1467 2815 1537 Unigeniti
2863 1467 3115 1536 gentibus
3158 1467 3433 1536 prmhitam
3474 1465 3620 1535 psai-

2051 1574 2172 1611 tnus
2222 1557 2486 1627 praecinit.
2523 1563 2656 1611 Nam
2693 1559 2821 1611 olim
2859 1559 3239 1613 universorum
3282 1558 3421 1612 Deus
3453 1573 3520 1611 ne
3552 1560 3620 1611 ab

2049 1649 2305 1702 omnibus
2344 1650 2562 1718 quidem
2602 1647 2806 1703 Judeeis
2844 1649 3188 1711 laudabatur,
3233 1649 3328 1703 sed
3363 1666 3392 1702 a
3429 1650 3620 1717 paucis

2050 1740 2134 1810 pie
2167 1740 2473 1795 viventibus
2501 1759 2514 1794 :
2552 1749 2670 1809 post
2698 1741 3038 1795 nativitatem
3064 1750 3242 1795 autem
3273 1758 3339 1795 ex
3376 1739 3618 1808 Virgine,

2046 1833 2450 1901 salutaremque
2481 1832 2814 1901 passionem,
2856 1832 2913 1885 in
2950 1849 3168 1887 onmem
3213 1842 3412 1888 terram
3449 1848 3621 1887 sonus

2045 1941 2356 1993 prmeonum
2392 1927 2636 1981 veritatis
2667 1928 2855 1989 exivit,
2887 1946 2906 1978 ι
2943 1936 2998 1981 et
3037 1926 3090 1979 in
3125 1926 3260 1979 ﬁnes
3286 1925 3435 1980 orbis
3465 1935 3622 1979 terra:

2045 2014 2209 2068 verba
2246 2030 2434 2068 eorum
2468 2016 2511 2075 κ,
2554 2034 2571 2065 ι
2626 2026 2682 2070 et
2724 2015 2944 2083 impleta
2972 2023 3055 2069 est
3095 2022 3206 2067 tota
3247 2021 3386 2066 terra
3426 2011 3617 2081 cegni-

2047 2108 2190 2161 tione
2212 2105 2304 2160 Dei
2330 2107 2380 2174 ιι,
2404 2107 2566 2162 veluti
2592 2123 2734 2176 aqua
2766 2111 2781 2129 '
2804 2108 2869 2161 ad
2898 2106 3249 2175 operiendam
3281 2104 3472 2156 maria.
3506 2101 3619 2156 Hoc

2043 2211 2097 2252 et
2126 2214 2222 2268 per
2254 2200 2571 2268 prophetam
2605 2200 2771 2252 alium
2816 2200 2891 2251 ait
2923 2197 3063 2252 Dens
3094 2213 3109 2249 :
3152 2215 3171 2248 ι
3213 2194 3331 2248 Νοη
3372 2203 3454 2248 est
3483 2192 3616 2247 mihi

2046 2291 2294 2345 voluntas
2341 2290 2394 2343 in
2430 2290 2607 2349 vobis.
2648 2300 2704 2344 et
2743 2288 3072 2342 sacriﬁcium
3113 2302 3218 2341 non
3255 2285 3516 2353 accipiam
3549 2299 3613 2337 ex

2044 2383 2299 2436 manibus
2346 2383 2562 2437 vestris.
2599 2382 2681 2435 Ab
2716 2390 2837 2435 ortu
2865 2381 3009 2435 enim
3069 2380 3198 2433 solis
3229 2392 3402 2444 usque
3424 2376 3488 2429 ad
3521 2390 3615 2429 oc-

2043 2486 2229 2526 casom
2258 2487 2512 2542 magnum
2540 2480 2623 2526 est
2650 2487 2843 2524 nomen
2876 2486 3056 2526 meum
3087 2471 3141 2523 in
3172 2470 3444 2540 gentibus,
3475 2478 3528 2523 et
3559 2468 3614 2522 in

2042 2563 2189 2616 omni
2230 2564 2349 2617 loco
2376 2564 2660 2617 incensum
2692 2562 2921 2616 oﬂ'ertnr
2954 2562 3160 2616 nomini
3190 2575 3331 2625 meo,
3361 2569 3415 2615 et
3444 2560 3616 2617 sacri-

2041 2654 2222 2708 ﬁcium
2255 2655 2518 2708 mundum
2564 2656 2606 2710 ί.
2649 2674 2668 2706 ›
2704 2654 3079 2709 Consonantia
3109 2663 3288 2708 autem
3326 2651 3413 2707 his
3446 2651 3613 2720 spiri-

2038 2746 2202 2801 tualis
2236 2746 2559 2816 symphonia
2588 2746 2866 2815 praedicat.

2109 3010 2272 3067 Vsus.
2309 3013 2362 3067 4.
2413 3030 2431 3064 ι
2472 3009 2733 3067 Excelsus
2776 3024 2940 3080 super
2981 3021 3171 3060 omnes
3211 3012 3396 3077 gentes
3424 3002 3612 3057 Domi-

2037 3118 2160 3168 nus,
2189 3111 2244 3156 et
2268 3117 2432 3171 super
2453 3102 2623 3156 ctelos
2652 3100 2820 3169 gloria
2848 3099 2989 3169 ejus.
3020 3117 3040 3150 ι
3072 3097 3274 3152 Omnes
3301 3096 3444 3151 enim
3476 3109 3610 3163 gen-

2035 3202 2114 3249 tes
2163 3193 2492 3255 didicerunt,
2545 3193 2723 3260 ipsum
2764 3204 2885 3244 esse
2934 3189 3249 3250 sublimem,
3307 3195 3361 3239 et
3414 3184 3607 3247 Deum,

2032 3286 2389 3356 omniumque
2421 3284 2691 3355 opiﬁcem,
2728 3295 2780 3338 et
2814 3299 2842 3337 a
2885 3281 3197 3337 coelestibus
3224 3278 3431 3348 angelis
3469 3276 3611 3332 cele-

2028 3378 2268 3433 bratum.

2106 3467 2269 3523 Vens.
2302 3466 2355 3522 5.
2394 3485 2413 3518 ι
2451 3465 2585 3533 Quis
2616 3465 2760 3522 sicut
2824 3464 3085 3518 Dominus
3130 3462 3271 3515 Deus
3319 3458 3548 3513 noster?
3585 3477 3603 3510 ι

2033 3559 2242 3631 Saepius
2271 3561 2376 3615 hoc
2405 3560 2589 3615 divina
2624 3557 2905 3625 Scriptura
2939 3554 3154 3627 1408
3180 3552 3332 3609 dicit.
3388 3549 3610 3624 [Beatus

2031 3652 2176 3706 enim
2225 3650 2402 3707 Moses
2446 3650 2577 3704 dicit
2606 3648 2668 3720 :]
2721 3667 2739 3700 ι
2779 3646 2913 3714 Quis
2957 3645 3155 3700 similis
3195 3652 3280 3698 est
3314 3643 3409 3697 tibi
3467 3641 3611 3696 inter

2028 3743 2182 3807 deos,
2216 3741 2442 3795 Domino
2485 3742 2521 3794 ί
2607 3740 2742 3805 Quis
2775 3738 2971 3793 similis
3006 3736 3101 3792 tibi
3130 3736 3181 3789 in
3214 3734 3420 3790 sanctis
3444 3732 3610 3803 glori-

2028 3833 2223 3888 ﬁcatns
2252 3841 2265 3878 1
2290 3827 2832 3886 ῩιΕιὺθαιυεῡιινίάε
2876 3849 2893 3881 ι
2923 3830 3077 3896 Quis.
3119 3827 3315 3896 inquit,
3355 3827 3406 3879 in
3444 3824 3606 3878 nubi—

2028 3925 2131 3979 bus
2168 3923 2470 3994 mquabitur
2522 3921 2795 3978 Domino?
2828 3930 2921 3975 ant
2968 3921 3091 3990 quis
3123 3919 3319 3975 similis
3349 3917 3452 3970 erit
3500 3914 3606 3968 Do-

2027 4016 2179 4069 mino
2212 4017 2354 4069 inter
2387 4014 2527 4068 ﬁlios
2574 4013 2663 4068 Dei
2695 4012 2761 4066 k?
2804 4032 2822 4063 ι
2872 4011 2938 4066 Ει
2974 4027 3204 4066 rursus:
3257 4028 3277 4061 ι
3329 4008 3602 4074 Quoniam

2027 4107 2149 4178 quis
2175 4116 2258 4162 est
2300 4105 2445 4161 Deus
2474 4115 2670 4176 praeter
2704 4104 3022 4169 Dominum,
3063 4111 3156 4157 aut
3191 4101 3315 4169 quis
3345 4109 3430 4155 est
3461 4098 3603 4151 Deus

2027 4207 2222 4269 pratter
2265 4197 2432 4252 Deum
2481 4206 2730 4251 nostrum
2764 4193 2831 4250 1?
2878 4214 2897 4247 ι
2953 4195 3055 4249 Per
3106 4193 3291 4248 omnia
3323 4205 3454 4245 vero
3490 4189 3604 4242 haec

2028 4290 2199 4345 Deum
2238 4290 2625 4345 universorum
2654 4302 2778 4342 cum
2829 4287 3048 4341 nemine
3086 4282 3393 4353 comparari
3441 4294 3603 4351 posse

2027 4382 2312 4444 discimus,
2343 4389 2396 4435 et
2425 4379 2558 4434 nihil
2605 4393 2727 4434 esse
2765 4378 2910 4447 quod
2955 4392 3079 4433 cum
3122 4374 3214 4431 Dei
3251 4382 3464 4437 natura,
3510 4377 3604 4424 aut

1958 4489 2003 4544 ι)
2032 4474 2296 4544 potentia,
2336 4480 2430 4528 aut
2459 4474 2506 4527 vi
2535 4472 2772 4528 conferri
2801 4471 2994 4541 possit.

2104 4587 2123 4618 ι
2160 4566 2262 4632 Qui
2302 4566 2356 4619 in
2399 4564 2525 4618 altis
2556 4564 2782 4618 habitat.
2820 4561 3010 4635 [Vens
3043 4558 3123 4631 6.]
3154 4557 3221 4612 Et
3260 4557 3487 4612 humilia
3515 4571 3605 4611 re-

2027 4659 2190 4728 spicit
2218 4658 2273 4712 in
2303 4656 2459 4719 coelo,
2493 4655 2621 4711 etin
2660 4663 2823 4709 terra.
2864 4673 2882 4704 ι
2914 4651 3050 4706 Nam
3096 4651 3187 4704 ille
3223 4650 3315 4719 qui
3360 4649 3413 4703 in
3447 4648 3603 4704 emlis

2026 4750 2275 4805 habitare
2317 4748 2550 4810 videtur,
2591 4746 2774 4800 omnia
2823 4744 3077 4815 inspicit,
3128 4754 3180 4797 et
3223 4741 3359 4796 nihil
3409 4757 3599 4798 eorum

2025 4855 2146 4909 quae
2174 4847 2323 4903 sunt,
2347 4836 2572 4890 omnino
2613 4835 2855 4906 negligit.

2096 4930 2263 4984 Vens.
2289 4929 2341 4993 7,
2363 4928 2417 4981 8.
2449 4946 2468 4979 ‹
2505 4926 2789 4982 Suscitans
2810 4941 2840 4980 a
2874 4934 3018 4981 terra
3044 4925 3284 4995 inopem,
3303 4925 3440 4981 etde
3463 4930 3597 4979 ster-

2030 5034 2158 5074 core
2192 5018 2408 5087 erigens
2438 5030 2751 5084 pauperem.
2784 5012 2855 5069 Ut
2883 5014 3115 5070 collocet
3147 5032 3272 5070 cum
3303 5031 3423 5071 cum
3454 5012 3602 5083 prin-

1473 5130 1492 5171 ί
1522 5128 1755 5191 Malach.
1792 5152 1831 5202 ι,
1871 5138 1936 5193 10

2038 5140 2082 5194 Ι.
2162 5138 2176 5189 i
2209 5136 2384 5192 Exod.
2416 5151 2508 5200 xv,
2565 5134 2653 5189 Η.
2730 5135 2758 5175 ι
2783 5133 2930 5191 Psal.
2963 5150 3228 5204 Lxxxvm,
3261 5133 3314 5191 7.
3395 5130 3415 5171 ι
3446 5130 3595 5188 Psal.

1442 5309 1677 5368 VARhE
1730 5315 2115 5376 LECTIONES
2173 5321 2260 5375 ΕΤ
2288 5320 2524 5377 NOTAE.

409 5407 849 5504 ἶῖἑίίῗξῖκῖἔέῖῖέι
904 5414 1185 5504 Ῐ¹έ⁰μέ9ςο
1216 5425 1338 5504 068.:
1367 5427 1419 5504 in
1449 5428 1667 5504 ςοςῌο
1743 5432 1788 5465 “
1820 5434 1925 5504 Mi.

2038 5438 2161 5494 best
2201 5442 2367 5494 etiam
2393 5456 2421 5495 a
2461 5437 2582 5494 cod.
2613 5437 2740 5493 isto.
2814 5437 2860 5470 ”
2889 5442 3108 5493 Κατακ.
3142 5436 3594 5493 ilanclectionem

329 5479 599 5576 E‘Ei’emtts
616 5485 796 5576 1322’“?
822 5479 1057 5576 2.5.983
1078 5479 1422 5576 'i'iiolzeditid
1453 5479 1938 5576 iéﬁrba'tacariiil

2038 5479 2164 5557 fui;
2199 5479 2530 5566 ἶὲῖίᾌιίκξι
2555 5524 2585 5563 a
2609 5509 2730 5563 cod.
2774 5508 2825 5561 1.
2899 5506 2946 5539 ⁸⁵⁸
2986 5507 3193 5576 Μέχρι.
3228 5507 3359 5560 ibid.
3404 5522 3588 5574 prtem.

329 5549 459 5623 ζειαίἶ
530 5551 587 5623 ⁴⁶λ
612 5554 735 5608 cod.
761 5555 785 5606 ί
822 5549 1007 5611 θυσίαῖ
1094 5561 1156 5595 ·⁴¹⁷
1184 5564 1276 5617 Δέ.
1309 5549 1429 5621 [ιι-ἑ.
1454 5549 1592 5623 *ἰνῦἶῶ

1685 5571 1732 5648 tt
1764 5571 1938 5648 ςριιίί

2038 5578 2327 5648 ινούμενος.
2402 5580 2449 5613 δ’
2491 5580 2574 5632 ’0.
2598 5578 2762 5632 Abest
2783 5594 2811 5631 a
2834 5577 2952 5630 cod.
2989 5577 3024 5629 1·
3045 5571 3155 5631 θῖἰι
3186 5571 3467 5648 ιςκιιι-τῶν
3510 5579 3587 5632 0'.

330 5618 693 5713 ἶῗὲἰῖίὲάοᾺ·
737 5624 1126 5713 ..ἷῖηΤούτίθν-
1156 5618 1325 5713 A1285!
1356 5618 1611 5693 εὶόῖιὲἸὲ
1687 5642 1734 5673 δ’
1766 5618 1937 5696 τόἓὶῖ

2038 5662 2074 5702 5.
2108 5618 2240 5704 ιιῖἷιι.
2280 5618 2362 5683 ’⁵³
2390 5650 2522 5705 Rcc.
2553 5648 2712 5701 lectio
2747 5648 2799 5701 h.
2835 5648 2867 5699 Ι.
2897 5656 2980 5699 est
3003 5645 3290 5698 κατοικῶν.
3336 5644 3410 5699 ita
3450 5662 3588 5713 quo-

330 5690 583 5781 q‘nexeod.
612 5692 1007 5781 Ἐφορ.
1039 5697 1098 5754 In
1131 5704 1251 5758 cod.
1293 5706 1318 5759 l
1375 5690 1661 5765 cit—errore
1718 5690 1948 5781 librarii,

369 5762 413 5810 tl
452 5759 519 5813 ἐν
539 5790 607 5802 --
630 5760 858 5835 ἐφορῶν.

2008 5728 2066 5772 ut
2135 5720 2367 5789 videtur,
2416 5719 2639 5793 repetita
2672 5725 2795 5772 sunt
2853 5714 2957 5770 ista
3022 5730 3144 5784 quae.
3196 5721 3587 5785 praecesserant
