4114 6446
384 381 523 448 1793

1730 379 1811 438 IN
1865 377 2074 438 PSAL.
2101 377 2320 437 CXIII.

3522 377 3652 444 1791

446 499 636 564 ιγ’-ιε’.
686 512 705 546 ι
734 492 918 565 Στόμα
945 492 1158 564 ἔχουσι,
1213 493 1307 546 καὶ
1332 491 1393 545 ού
1437 491 1803 561 λαλήσουσιν·
1860 490 1961 560 όφ-

2139 486 2302 543 Vens.
2356 488 2541 543 1545.
2605 508 2622 541 ι
2667 487 2740 545 Os
2789 490 3012 553 habent,
3066 498 3120 543 et
3171 504 3277 543 non
3328 489 3650 558 loquentur;

373 584 621 656 θαλμοὺς
648 585 694 617 ⁸⁵
728 585 935 656 ἔχουσι,
969 586 1059 639 καὶ
1106 585 1209 638 οὐκ
1254 584 1503 654 ὄψονται.
1555 578 1695 636 Ὦτα
1751 583 1961 654 ἔχουσι,

372 678 472 730 καὶ
501 677 602 729 οὐκ
633 675 960 730 ἀκούσονται
989 692 1002 705 ·
1032 678 1185 747 ῥίνας
1216 676 1425 746 ἔχουσι,
1452 676 1548 729 καὶ
1572 676 1675 729 οὐκ
1718 677 1962 745 ὀσφραν-

373 767 656 837 θὴσονται.
689 768 896 838 Χεῖρας
929 766 1138 836 έχουσι,
1177 770 1273 819 καί⁸
1298 767 1361 819 οὐ
1394 766 1789 837 ψηλαφήσουσι
1820 780 1833 793 '
1864 766 1962 818 πό-

372 856 467 919 51;
490 856 697 926 ἔχουσι,
724 858 819 910 καὶ
853 858 919 910 οὐ
949 859 1447 927 περιπατήσουσιν.
1487 877 1505 909 ι
1539 857 1660 909 Τῶν
1701 856 1963 928 αἰσθητηο

374 948 527 1019 ρὶων,
565 949 721 1020 φησὶ,
750 951 850 1012 τὰς
885 950 982 1018 μὲν
1014 950 1228 1013 εἰκόνας
1272 951 1632 1020 περίκεινται,
1660 948 1761 1016 τῆς
1789 948 1844 1000 δὲ
1873 950 1961 1000 ὲν-

370 1058 397 1093 ε
406 1040 601 1112 ργείας
618 1042 963 1111 ἐστέρηνται.
986 1041 1371 1111 Εὐτελέστεροι
1385 1040 1567 1094 τοίνυν
1588 1041 1649 1092 οὐ
1674 1039 1835 1109 μόνον
1854 1039 1962 1092 τῶν

375 1134 693 1199 ποιούντων,
715 1133 851 1185 ἀλλὰ
881 1138 975 1186 καί
1002 1133 1110 1185 τῶν
1139 1133 1524 1203 σμικροτάτων
1544 1132 1923 1199 ζωῦφίωνείσί
1944 1146 1958 1160 ⁸

375 1226 532 1293 μυῖαι
567 1226 695 1292 γὰρ,
735 1224 828 1276 καὶ
862 1223 1142 1287 κώνωπες,
1178 1226 1274 1276 καὶ
1318 1223 1386 1275 τὰ
1432 1222 1636 1274 τούτων
1670 1222 1963 1291 σμικρότε-

374 1331 467 1383 ρα,
488 1313 596 1366 τῶν
618 1313 997 1384 αἰσθητηρίων
1028 1313 1212 1383 έχουσι
1234 1313 1333 1381 τὴν
1365 1311 1650 1381 ἐνέργειαν
1674 1327 1686 1339 ’
1706 1309 1961 1380 βλέπουσι

369 1403 504 1473 γὰρ.
523 1405 615 1456 καὶ
631 1403 916 1465 ἀκούουσι,
934 1403 1026 1457 καὶ
1051 1405 1333 1468 πέτανται,
1355 1404 1450 1455 καὶ
1468 1401 1773 1471 βαδίζουσιν
1800 1419 1814 1434 ·
1838 1401 1963 1454 οἶδὲ

376 1495 455 1556 ὡς
485 1494 601 1548 θεοὶ
633 1495 1127 1565 προσκυνούμενοι,
1162 1495 1284 1547 οὐδὲ
1305 1495 1405 1564 τὴν
1434 1492 1543 1545 τῶν
1572 1477 1769 1560 ὀλίγων
1795 1492 1843 1524 ⁸⁸
1865 1492 1963 1546 καὶ

373 1587 626 1658 σμικρῶν
653 1585 810 1649 ζώων
844 1586 1124 1657 ἐνέργειαν
1154 1588 1390 1658 ἔχουσιν.

451 1681 547 1738 ις’.
588 1694 607 1726 ι
638 1675 713 1728 Οὐ
768 1676 1114 1747 φωνήσουσιν
1167 1680 1225 1731 ἐν
1272 1678 1353 1749 τῷ
1395 1678 1632 1750 λάρυγγι
1695 1676 1896 1732 αὐτῶν.
1936 1694 1957 1729 ι

385 1764 612 1834 Ἐπειδὴ
659 1765 771 1835 γὰρ
793 1767 842 1818 oi
883 1765 952 1819 δι’
999 1766 1182 1821 αὐτῶν
1242 1769 1601 1841 ἐνεργοῦντες
1650 1768 1909 1839 δαίμονες
1943 1808 1958 1833 9

2066 580 2257 633 oculos
2291 578 2525 644 habent,
2580 588 2636 634 et
2671 595 2780 634 non
2814 580 3097 634 videbunt.
3129 579 3306 634 Aures
3338 580 3559 644 habent,
3597 589 3655 633 et

2065 688 2174 727 non
2216 672 2432 745 1414
2463 674 2717 740 audient;
2756 689 2917 728 nares
2958 674 3180 734 habent.
3218 682 3272 726 et
3301 688 3408 727 nou
3456 672 3654 725 odora-

2065 765 2295 820 buntur.
2335 767 2526 821 Manus
2562 767 2795 828 habent,
2843 775 2897 820 et
2943 782 3049 820 non
3104 764 3434 834 palpabunt;
3483 763 3652 834 pedes

2064 856 2303 923 habent,
2359 868 2411 910 et
2462 874 2565 911 non
2601 858 2983 911 ambulabunt.
3022 876 3040 908 ι
3084 859 3390 911 Simulaera
3428 856 3648 926 quidem

2065 962 2327 1002 sensuum
2367 947 2661 1004 domiciliis
2711 949 2899 1003 induta
2948 958 3115 1015 sunt,
3164 952 3481 1018 operatione
3522 964 3651 1001 vero

2064 1038 2348 1094 destituta.
2387 1037 2593 1093 Viliora
2662 1040 2828 1110 igitur
2872 1056 2981 1094 non
3034 1041 3198 1094 modo
3254 1049 3383 1093 sunt
3439 1040 3506 1093 iis
3554 1039 3649 1109 qui

2066 1129 2182 1199 ipsa
2233 1130 2539 1195 tinxerunt,
2586 1131 2678 1184 sed
2726 1131 2888 1184 etiam
2942 1131 3182 1184 minimis
3235 1129 3648 1183 animantibus:

2065 1221 2514 1289 quandoquidem
2550 1236 2762 1276 musca.
2795 1231 2847 1275 et
2876 1221 3106 1284 culices,
3141 1230 3193 1272 ιιι
3226 1220 3309 1274 his
3341 1219 3647 1281 tenuiores,

2066 1312 2120 1365 in
2159 1328 2422 1366 sensuum
2462 1312 2687 1367 sedibus
2720 1313 2828 1366 vim
2878 1314 3077 1366 habent
3121 1313 3339 1382 (vident
3372 1312 3539 1374 enim,
3595 1320 3652 1364 et

2064 1406 2315 1471 audiunt,
2351 1416 2403 1460 et
2437 1408 2642 1469 volant,
2675 1418 2729 1461 et
2761 1405 3076 1477 ambulant)
3108 1425 3120 1459 :
3148 1406 3202 1460 lii
3231 1421 3361 1460 vero
3384 1407 3475 1476 qui
3528 1415 3651 1459 tan-

2064 1513 2233 1566 quam
2266 1498 2343 1551 dii
2376 1498 2655 1563 coluntur,
2708 1514 2885 1567 neque
2920 1498 3236 1553 tenuiorum
3283 1497 3649 1551 animantium

2063 1594 2278 1643 ratione
2318 1591 2626 1643 carentium
2659 1590 2767 1643 vim
2810 1589 3032 1643 habent.

2132 1678 2301 1733 Vens.
2328 1680 2416 1735 16.
2449 1699 2467 1731 ι
2495 1679 2613 1734 Non
2660 1681 2977 1736 clamabunt
3014 1688 3237 1750 gutture
3293 1694 3451 1735 suo.»
3502 1679 3653 1746 Quo-

2064 1772 2210 1827 niam
2261 1772 2408 1827 enim
2456 1773 2752 1837 daemones,
2804 1775 2896 1843 qui
2942 1788 3039 1843 per
3083 1774 3199 1843 ipsa
3255 1774 3651 1843 operabantur,

375 1856 472 1910 καὶ
510 1859 631 1921 ταῖς
668 1856 894 1926 ψευδέσι
923 1858 1203 1932 χρώμενοι
1246 1862 1551 1930 μαντείαις,
1610 1862 1672 1915 οὐ
1725 1861 1814 1914 διὰ
1849 1861 1957 1914 τῶν

2069 1864 2330 1934 falsisque
2374 1864 2873 1920 vaticinationibus
2927 1865 3246 1924 utebantur.
3284 1881 3394 1918 non
3436 1881 3531 1935 per
3570 1866 3653 1919 in-

373 1952 605 2023 ἀψύχων
644 1954 850 2019 ταύτας
873 1956 1135 2022 εἰδώλων,
1173 1958 1311 2013 ἀλλὰ
1335 1958 1427 2013 διὰ
1452 1959 1564 2012 τῶν
1598 1956 1839 2028 λογικῶν
1863 1958 1961 2011 ἀν-

372 2044 620 2109 θρώπων
653 2048 1087 2121 προσέφερον,ἢ
1135 2051 1226 2105 διὰ
1278 2051 1566 2122 συμϐόλων
1620 2052 1784 2106 τινῶν
1839 2049 1964 2104 τινὰ

377 2140 755 2211 κατεμήνυον,
820 2143 1049 2205 εἰκότως
1079 2144 1207 2212 ἔφη·
1247 2163 1263 2195 ι
1300 2145 1374 2197 Οὐ
1407 2145 1755 2215 φωνήσουσιν
1805 2145 1865 2197 ὲν
1885 2143 1963 2214 τῷ

376 2230 621 2302 λάρυγγι
650 2232 854 2291 αὐτῶν.
893 2253 912 2286 ι
965 2234 1227 2304 Ἀκίνητα
1257 2236 1368 2307 γὰρ
1402 2235 1496 2290 καὶ
1533 2235 1717 2308 ἄψυχα
1768 2235 1964 2288 εἴδωλα

375 2322 688 2387 παντελῶς.

451 2414 541 2479 ιζ’.
577 2414 798 2485 Ὅμοιοι
837 2418 1022 2481 αὐτοῖς
1077 2417 1320 2486 γένοιντο
1370 2419 1423 2471 oi
1459 2418 1742 2484 ποιοῦντες
1798 2421 1960 2486 αὐτὰ,

374 2505 475 2559 καὶ
503 2506 708 2570 πάντες
737 2508 786 2560 οἱ
822 2508 1146 2572 πεποιθότες
1184 2511 1272 2562 ἐπ’
1303 2510 1513 2573 αὐτοῖς.
1545 2528 1566 2562 ι
1617 2508 1760 2564 Ἀλλ’
1812 2513 1964 2565 ὲκεί-

374 2615 493 2663 νοις
528 2598 630 2668 μὲν
666 2601 987 2670 όμοιωθείεν
1019 2601 1117 2654 καὶ
1141 2602 1192 2655 οἱ
1244 2601 1707 2672 προσκυνοῦντες,
1760 2605 1855 2657 καὶ
1913 2605 1963 2658 ot

371 2691 443 2761 δη
450 2708 574 2760 μιου
585 2691 862 2762 ργοῦντες.
882 2693 1022 2757 Τοὺς
1036 2693 1147 2761 γὰρ
1160 2693 1303 2762 λόγῳ
1320 2710 1517 2762 τετιμη
1527 2694 1745 2764 μένους,
1761 2695 1858 2748 καὶ
1883 2697 1964 2760 είς

374 2778 653 2851 τοσαύτην
733 2780 960 2850 ἀλογίαν
1023 2782 1460 2846 ἐκπεπτωκότας
1486 2824 1502 2849 ,
1575 2784 1785 2838 δίκαιον
1853 2784 1964 2838 τῶν

375 2872 473 2924 ὑπ’
532 2870 714 2925 αὐτῶν
760 2873 1262 2944 προσκυνουμένων
1312 2872 1414 2943 τὴν
1465 2874 1836 2945 ἀναισθησίαν
1866 2874 1965 2928 λα-

376 2964 524 3019 δεῖν.

2065 1958 2314 2011 animata
2345 1957 2634 2012 simulacra
2654 1958 2755 2012 bas
2778 1956 3146 2027 proferebant,
3168 1958 3260 2012 sed
3280 1973 3376 2027 per
3398 1956 3652 2012 homines

2060 2049 2297 2104 rationis
2326 2057 2632 2119 compotes,
2677 2050 2763 2103 vel
2794 2065 2895 2119 per
2923 2050 3188 2103 nonnulla
3233 2050 3389 2118 signa
3435 2049 3649 2120 aliquid

2060 2142 2497 2208 denuntiabant,
2541 2141 2739 2196 merito
2782 2141 2901 2197 ait:
2934 2161 2953 2192 ι
2990 2139 3107 2195 Νοη
3156 2141 3477 2195 clamabunt
3519 2148 3647 2211 gut-

2063 2242 2184 2287 ture
2225 2247 2347 2287 suo.
2386 2253 2404 2285 »
2448 2233 2756 2289 lmmobilia
2789 2232 2935 2288 enim
2988 2242 3041 2287 et
3082 2232 3377 2286 inanimato
3431 2232 3649 2298 penitus

2063 2334 2192 2381 sunt
2224 2325 2390 2378 idola.

2134 2414 2298 2469 Vens.
2340 2413 2425 2468 17.
2487 2431 2507 2465 ι
2547 2411 2766 2468 Similes
2796 2412 2902 2468 illis
2942 2411 3074 2466 [iant
3102 2411 3193 2480 qui
3227 2411 3437 2465 faciunt
3476 2425 3561 2472 ea,
3596 2418 3652 2463 ct

2060 2520 2252 2559 omnes
2287 2504 2380 2574 qui
2431 2504 2717 2558 conﬁdunt
2767 2504 2820 2557 in
2864 2503 2965 2558 eis.
3002 2521 3020 2554 ι
3062 2502 3235 2557 Porro
3269 2502 3377 2557 illis
3420 2502 3644 2571 quidem

2062 2597 2270 2651 similes
2297 2594 2429 2650 ﬁant
2449 2603 2504 2648 et
2528 2596 2624 2664 qui
2656 2595 2773 2663 ipsa
2804 2594 3014 2657 colunt,
3046 2604 3099 2648 et
3127 2595 3219 2664 qui
3254 2595 3481 2649 faciunt.
3509 2592 3649 2647 Cum

2062 2690 2208 2743 enim
2247 2687 2350 2742 etsi
2389 2685 2601 2741 ratione
2636 2686 2848 2755 praediti
2883 2686 3015 2747 sint,
3051 2685 3104 2739 in
3149 2695 3356 2740 tantam
3381 2686 3649 2741 .absurdi-

2062 2789 2227 2836 tatem
2286 2780 2608 2844 inciderint,
2666 2780 2874 2849 justum
2932 2790 3016 2834 est
3068 2795 3287 2835 omnem
3336 2796 3428 2835 eos
3485 2781 3653 2834 amit-

2063 2882 2180 2927 tere
2221 2886 2482 2935 sensum,
2541 2873 2719 2926 instar
2767 2872 3037 2925 idolorum
3085 2887 3207 2941 qua:
3248 2873 3315 2927 ab
3355 2873 3491 2941 ipsis
3541 2886 3640 2927 co-

2064 2965 2276 3019 luntur.

454 3064 546 3126 ιη’,
579 3056 667 3111 ιθ’.
705 3075 724 3108 ι
764 3051 928 3121 Οἶκος
965 3056 1185 3129 Ἰσραὴλ
1214 3059 1446 3129 ἤλπισεν
1476 3060 1522 3092 ⁸⁷
1562 3060 1661 3114 ἐπὶ
1717 3058 1925 3131 Κύριον
1947 3074 1961 3089 ·

2138 3056 2306 3112 Vens.
2340 3058 2426 3123 l8,
2457 3058 2539 3113 19.
2586 3077 2604 3109 ι
2636 3057 2841 3114 Domus
2863 3058 3033 3113 Israel
3057 3057 3296 3127 speravit
3316 3057 3372 3110 in
3401 3056 3651 3120 Domino,

379 3150 580 3222 βοηθὸς
632 3151 729 3203 καὶ
791 3151 1210 3223 ὑπερασπιστὴς
1261 3153 1445 3206 αὐτῶν
1486 3154 1657 3210 ἔστιν.
1721 3149 1882 3216 Οἶκος
1920 3152 1966 3185 ⁸⁸

2069 3148 2289 3220 adiutor
2335 3165 2564 3217 eorum,
2615 3160 2669 3205 et
2713 3161 2988 3219 protector
3035 3164 3225 3203 eorum
3284 3157 3385 3202 est.
3445 3146 3654 3203 Domus

379 3240 601 3312 Ἀαρὼν
618 3240 848 3311 ήλπισεν
867 3241 914 3273 ⁸³³
936 3243 1028 3295 ἐπὶ
1045 3242 1251 3314 Κύριον
1270 3259 1285 3273 ·
1313 3244 1506 3315 βοηθὸς
1537 3244 1631 3297 καὶ
1650 3244 1966 3313 ὑπερασπι-

2072 3240 2257 3294 Aaron
2302 3242 2541 3309 speravit
2571 3241 2625 3295 in
2661 3241 2916 3308 Domino,
2946 3241 3168 3311 adjutor
3197 3255 3414 3305 eorum,
3448 3246 3503 3292 et
3528 3253 3656 3307 pro-

379 3336 517 3399 στίῖς
547 3332 729 3387 αὐτῶν
763 3334 932 3387 ἐστιν.
973 3352 993 3386 ι
1059 3335 1291 3388 Ἐκεῖνοι
1337 3336 1440 3405 μὲν
1490 3335 1720 3406 ζημίαν,
1758 3334 1875 3389 ἀλλ’
1900 3335 1960 3389 οὐ

2073 3340 2246 3387 tector
2270 3348 2461 3386 eorum
2497 3342 2601 3389 est.
2634 3351 2653 3384 ι
2685 3332 2768 3386 llli
2801 3333 3023 3402 quidem
3058 3345 3169 3385 non
3197 3331 3653 3396 emolumentum,

380 3423 581 3496 κέρδος
610 3426 674 3478 ἐκ
705 3426 803 3496 τῆς
828 3426 1036 3479 τούτων
1067 3427 1366 3498 ὲδρέψαντο
1407 3428 1840 3499 προσκυνήσεως
1863 3443 1880 3460 ⁸
1938 3429 1966 3481 ὁ

2072 3427 2165 3482 sed
2191 3427 2581 3481 detrimentum
2607 3442 2673 3481 ex
2696 3427 2894 3480 horum
2921 3424 3238 3479 adoratioue
3255 3427 3654 3494 perceperunt:

379 3516 443 3569 δὲ
474 3515 572 3568 τοῦ
613 3515 831 3586 Ἰσραήλ
863 3512 1010 3581 οἶκος
1036 3516 1136 3588 τὴν
1165 3520 1245 3582 είς
1279 3519 1372 3572 τὸν
1411 3520 1542 3573 ὄντα
1596 3519 1732 3573 Θεὸν
1773 3519 1966 3573 ἐλπίδα

2071 3518 2165 3574 sed
2202 3519 2418 3575 lsraelis
2452 3519 2650 3574 domus
2687 3533 2840 3587 spem
2862 3518 2926 3581 in
2959 3515 3070 3571 Deo
3090 3532 3230 3569 vero
3255 3530 3485 3584 ponens,
3517 3529 3656 3570 con-

382 3608 755 3677 κτησάμενος,
796 3607 899 3676 τῆς
923 3608 1054 3679 παρ’
1082 3609 1251 3663 αὐτοῦ
1292 3610 1555 3680 προνοίας
1596 3609 1866 3663 ἀπολαύει
1891 3610 1966 3663 δι-

2072 3610 2228 3665 tinue
2253 3626 2411 3681 Opem
2445 3611 2517 3665 ab
2560 3611 2681 3678 ipso
2714 3610 3096 3679 consequitur.
3140 3606 3353 3678 1415
3383 3607 3489 3662 Per
3515 3607 3658 3661 divi—

381 3697 620 3769 ηνεκῶς.
652 3698 811 3753 Κατὰ
844 3699 1112 3769 διαίρεσιν
1167 3700 1225 3752 δὲ
1255 3700 1355 3772 τὴν
1384 3702 1609 3772 μνήμην
1646 3702 1961 3773 ἐποιήσατο,

379 3788 489 3856 τὴν
545 3789 852 3860 ἱερωσύνην
896 3789 1068 3863 ταύτῃ
1116 3790 1314 3861 τιμῶν,
1362 3792 1458 3845 καὶ
1509 3792 1780 3845 διδάσκων
1837 3794 1966 3856 τοὺς

2071 3793 2374 3857 honorans,
2398 3804 2454 3847 ct
2476 3794 2682 3848 docens
2712 3791 2968 3847 homines
2998 3792 3144 3846 illius
3171 3792 3452 3859 temporis.
3483 3806 3659 3858 quan-

380 3880 719 3951 τηνικαῦτα,
754 3883 897 3954 πόση
931 3883 1070 3953 πρὸς
1109 3882 1239 3944 τοὺς
1291 3881 1491 3947 ἄλλους
1546 3885 1579 3954 ἡ
1612 3884 1721 3937 τῶν
1777 3884 1966 3955 ἱερέων

2072 3892 2186 3937 tum
2239 3884 2311 3938 sit
2359 3884 2656 3939 discrimen
2714 3884 2856 3937 inter
2907 3882 3223 3937 sacerdotes
3269 3892 3323 3936 et
3369 3882 3507 3935 alios
3557 3881 3657 3934 ho-

2072 3704 2283 3757 sionem
2316 3707 2335 3725 θ
2356 3710 2538 3757 autem
2573 3703 2641 3756 de
2669 3702 2979 3756 sacerdotio
3012 3702 3139 3755 fecit
3167 3702 3524 3762 mentionem,
3554 3700 3675 3755 boc-

380 3974 648 4045 διαφορά.

458 4072 532 4123 κ’.
576 4086 595 4119 ι
624 4068 689 4123 Οἱ
720 4066 1057 4138 φοϐούμενοι
1080 4067 1173 4121 τὸν
1204 4067 1413 4139 Κύριον
1442 4068 1681 4139 ήλπισαν
1709 4067 1804 4121 ἐπὶ
1854 4066 1970 4120 Κύ-

390 4172 511 4227 ριον
534 4170 549 4185 ⁸
579 4156 888 4228 βοηθόςκαὶ
909 4156 1330 4229 ὑπερασπιστὴς
1362 4158 1544 4211 αὐτῶν
1566 4160 1731 4211 ἐστιν.
1761 4177 1780 4209 ι
1813 4157 1971 4209 ’Έτε-

392 4263 489 4317 ρον
521 4247 682 4302 τοῦτο
713 4247 903 4318 τάγμα
929 4248 1086 4320 παρὰ
1118 4249 1188 4302 τὰ
1219 4249 1486 4320 πρότερα.
1534 4249 1787 4304 Διδάσκει
1836 4248 1894 4302 δὲ
1942 4249 1972 4301 ὀ

387 4338 574 4407 λόγος,
608 4340 691 4395 ὃτι
723 4339 829 4393 κᾶν
861 4340 937 4410 μὴ
971 4340 1073 4411 τὴν
1106 4341 1207 4406 τῆς
1239 4340 1544 4412 ἱερωσύνης
1564 4357 1650 4403 τις
1681 4338 1841 4405 ἀξίαν
1858 4339 1972 4412 εχει

392 4431 532 4502 μηδὲ
561 4430 659 4502 τὴν
701 4431 1106 4502 Ἰσραηλιτικὴν
1139 4433 1471 4501 συγγένειαν
1499 4432 1841 4505 περίκειται,
1894 4431 1974 4503 τῷ

386 4519 450 4575 δὲ
483 4519 615 4590 θείῳ
643 4519 795 4590 φόϐῳ
823 4520 1205 4591 κοσμούμενος
1230 4522 1577 4591 ἐπιμελεῖται
1608 4522 1708 4595 τῆς
1768 4522 1973 4594 ἀρετῆς

2069 3989 2271 4029 mines.

2094 4078 2098 4083 ‘
2143 4065 2307 4121 Vens.
2342 4066 2433 4122 20.
2470 4084 2488 4117 ι
2525 4065 2629 4133 Qui
2678 4067 2870 4121 timent
2922 4065 3239 4127 Dominum,
3298 4072 3656 4135 speravcruut

2072 4162 2126 4216 in
2159 4159 2393 4214 Domino
2432 4179 2446 4215 :
2484 4161 2706 4231 adjutor
2746 4174 2974 4227 eorum,
3026 4168 3080 4212 et
3135 4167 3411 4229 protector
3463 4172 3654 4210 eorum

2073 4262 2176 4309 est.
2210 4272 2229 4306 ι
2264 4253 2446 4308 Alium
2478 4255 2729 4309 ordinem
2761 4263 2927 4323 quam
2964 4253 3017 4306 in
3055 4252 3435 4321 superioribus
3459 4250 3650 4303 tenuit.

2075 4343 2245 4399 Docet
2275 4354 2457 4399 autem
2501 4360 2707 4411 sermo,
2760 4343 2887 4399 licet
2924 4344 3123 4414 aliquis
3153 4342 3444 4397 sacerdotii
3474 4340 3655 4411 digni-

2077 4444 2242 4490 tatem
2284 4451 2389 4491 uon
2423 4436 2644 4504 haheat,
2686 4452 2861 4507 neque
2899 4451 2963 4491 ex
3003 4435 3298 4491 Israelitica
3333 4433 3659 4504 cognatione

2078 4526 2172 4592 sit,
2206 4537 2386 4582 tamen
2420 4527 2466 4583 si
2500 4528 2688 4584 divino
2717 4529 2913 4585 timore
2945 4526 3206 4598 prteditus
3243 4527 3334 4592 sit,
3362 4535 3414 4580 et
3439 4525 3660 4581 virtutis

387 4609 496 4680 τῆς
521 4589 642 4679 ῐσης
672 4589 776 4665 xui.
792 4589 955 4674 αὐτὸς
978 4611 1131 4682 παρὰ
1155 4610 1251 4666 τοῦ
1281 4589 1417 4665 Θεοῦ
1455 4612 1568 4669 τῶν
1596 4589 1736 4668 ὅλων
1789 4589 1966 4679 τεύξε-

2078 4633 2269 4674 curam
2308 4631 2480 4691 gerat,
2516 4620 2779 4690 aequalem
2813 4634 2971 4689 opem
3014 4619 3177 4673 etiam
3222 4619 3400 4688 ipsum
3434 4617 3502 4672 ab
3534 4617 3660 4671 uni-

389 4718 487 4753 ται
517 4702 880 4772 προμηθείας.
899 4698 1084 4757 Ἦσαν
1102 4703 1158 4758 δὲ
1182 4705 1280 4757 καὶ
1307 4703 1478 4758 πάλαι
1497 4705 1652 4775 παρὰ
1694 4705 1976 4769 Ἰουδαίοις

388 4792 637 4845 τοιοῦτοι
669 4793 877 4859 πολλοὶ,
938 4795 1002 4848 ὲκ
1036 4795 1135 4865 μὲν
1180 4795 1277 4864 τῆς
1320 4794 1685 4865 ’Δσραμιαίας
1739 4796 1802 4848 ού
1848 4795 1978 4866 βλα-

390 4883 700 4954 στήσαντες
729 4884 909 4956 ῥίζης,
944 4884 1004 4952 ἐξ
1040 4886 1247 4958 ἐτέρων
1277 4887 1323 4919 ⁸ο
1386 4886 1445 4938 δὲ
1482 4885 1876 4955 προσελθόντες
1929 4887 1975 4919 ⁸⁸

386 4974 589 5043 ἐθνῶν,
624 4976 955 5049 προσήλυτοι
997 4980 1044 5011 ⁸³
1093 4976 1657 5048 προσαγορευόμενοι,
1703 4980 1798 5032 καὶ
1844 4978 1978 5048 περὶ

389 5065 597 5120 πολλοῦ
632 5067 701 5120 τὰ
730 5069 852 5121 θεία
879 5067 1218 5139 ποιούμενοι.
1248 5067 1363 5121 Καὶ
1395 5067 1490 5121 νῦν
1515 5067 1573 5121 δὲ
1603 5066 1672 5121 τὰ
1720 5067 1850 5139 ἔθνη
1875 5068 1976 5121 οὐκ

386 5156 631 5227 ἔχειτοῦ
678 5158 932 5231 Ἀϐραὰμ
956 5160 1056 5231 τὴν
1090 5160 1232 5214 κατὰ
1266 5160 1447 5230 σάρκα
1487 5158 1838 5226 συγγένειαν,
1880 5146 1975 5211 τοῦ

386 5248 453 5301 δὲ
499 5246 753 5321 Ἀϐραὰμ
782 5250 880 5322 τὴν
912 5252 1097 5306 πίστιν
1125 5252 1468 5323 κτησάμενα,
1499 5250 1667 5304 τέκνα
1696 5250 1972 5321 χρηματί-

392 5339 484 5404 ζει
498 5340 609 5395 ’τοῦ
650 5341 923 5411 ’Δὸραάμ.

2079 4725 2365 4766 versorum
2392 4711 2504 4766 Deo
2529 4719 2976 4767 consecuturum.
3001 4709 3171 4764 Erant
3200 4724 3333 4765 sane
3360 4708 3488 4762 olim
3516 4708 3660 4776 apud

2078 4797 2298 4854 Iudaeos
2324 4801 2638 4870 bujnsmodi
2664 4801 2916 4856 homines
2948 4800 3124 4864 multi,
3152 4798 3246 4867 qui
3274 4813 3337 4852 ex
3363 4793 3661 4851 Abraham!

2082 4890 2269 4945 radice
2311 4891 2542 4946 minime
2601 4892 2705 4947 orti
2751 4900 2929 4957 erant,
2985 4894 3077 4946 sed
3129 4906 3194 4944 ex
3237 4890 3360 4943 aliis
3409 4887 3662 4958 gentibus

2080 4982 2448 5050 advenerant,
2489 4992 2545 5039 et
2589 4985 2852 5056 proselyti
2910 4985 3272 5040 vocabantur.
3327 4982 3533 5051 quique
3572 4991 3662 5031 res

2079 5071 2295 5128 divinas
2320 5075 2504 5144 magni
2533 5074 2824 5131 faciebant.
2858 5074 2901 5128 Ν
2910 5090 3017 5130 unc
3043 5084 3225 5129 autem
3249 5083 3441 5144 gentes
3461 5083 3667 5138 cogna-

2079 5163 2283 5217 tionem
2327 5164 2625 5219 Abrahami
2672 5166 2975 5221 secundum
3014 5180 3235 5220 carnem
3278 5178 3386 5215 non
3438 5160 3660 5222 habent,

2081 5257 2176 5310 sed
2221 5254 2518 5311 Abrahami
2566 5256 2725 5311 [idem
2771 5257 3056 5323 habentes,
3106 5256 3198 5309 lilii
3238 5250 3535 5307 Abrahami
3568 5262 3663 5303 vo-

2078 5352 2293 5398 cantur.

1060 5502 1095 5538 ο
1466 5478 1705 5535 ἾΑΒῙᾹΞ
1763 5476 2155 5535 LECTIONES
2212 5478 2301 5532 ET
2328 5477 2562 5536 NOTzE.

465 5588 723 5667 oIAiOSPB.
756 5608 1055 5667 -—‘zspm.
1110 5594 1237 5667 Des_.
1275 5594 1407 5667 ibid.
1483 5595 1531 5627 ac
1566 5597 1837 5666 ὀλίγωΆ
1880 5596 1956 5652 ib.

2069 5596 2252 5667 λόγων,
2326 5597 2372 5628 ⁸⁷
2395 5592 2579 5667 Οἶκον
2616 5596 2877 5667 Ἰσραὴλ,
2904 5594 3191 5667 ἤλπισεν.
3238 5587 3403 5643 Hebr.
3442 5583 3667 5667 .Israel,

392 5661 636 5736 con/ide.
700 5665 745 5698 ⁸⁵
773 5661 948 5731 Οἷκοξ·
970 5697 1050 5736 ν-ίι
1075 5664 1276 5736 αὐτῶν
1306 5665 1497 5720 ἐστιν.
1532 5667 1656 5721 Des.
1695 5661 1748 5736 in
1783 5668 1906 5723 cod.
1943 5667 1965 5719 l

2071 5661 2464 5736 δέ’Ἦλπισεν.
2505 5661 2720 5735 Hebr,
2748 5661 3014 5736 conﬁdite.
3053 5663 3125 5736 lita
3176 5673 3408 5736 quoque
3442 5661 3495 5710 in
3526 5670 3658 5723 pro-

392 5731 553 5808 ximo
583 5750 722 5793 vers.
795 5737 842 5770 ’°
889 5735 990 5803 Ἐξ
1019 5735 1254 5803 ἑτέρων.
1295 5736 1417 5792 cod.
1452 5738 1477 5792 1
1528 5735 1845 5808 ὲξαιρέτων.
1922 5736 1966 5770 ⁹¹

2069 5735 2134 5791 ιιι.
2176 5736 2647 5808 προσεληλυθότες
2659 5780 2671 5793 .

396 5800 519 5860 καί.

2772 5739 2817 5769 ν’
2846 5729 3273 5805 ’Προσήλυτυα
3302 5729 3435 5784 ibid.
3468 5740 3656 5799 prtem.

3697 5500 3708 5552 ‘.
