4114 6424
397 373 532 440 1Ἱ97
592 411 599 417 -

1726 372 1806 430 1N
1843 372 2050 432 PSAL.
2134 371 2321 431 CXlV.

3520 377 3656 444 1798

392 490 607 555 ζῶντας
661 487 971 559 παραϐῆναι
1026 484 1117 538 τὸν
1174 484 1315 537 θεῖον
1380 484 1761 555 παρεσκεύασε
1793 484 1976 554 νόμον.

2084 482 2291 537 desidia
2334 483 2603 552 vivebant,
2649 485 2889 542 divinam
2924 491 3431 562 transgrederentur
3458 495 3654 567 legem.

390 580 454 632 Ol
484 578 541 631 δὲ
574 577 677 647 τῆς
706 577 987 639 εὐσεϐείας
1017 576 1245 646 ἐρασταὶ
1274 577 1400 637 τοὺς
1434 576 1573 645 ὑπὲρ
1598 575 1801 643 ταύτης
1824 575 1973 641 ἀγῶ-

392 686 491 728 νας
526 668 827 737 προθύμως
856 667 1268 735 ἀναδεξάμενοι,
1314 666 1423 718 τῶν
1472 666 1793 720 καλλινίκων
1854 684 1975 719 στε-

392 760 583 830 φάνων
646 758 993 829 ἀπήλαυσαν.
1056 757 1274 826 Ταύτην
1322 758 1503 810 αὐτῶν
1570 758 1667 827 τὴν
1719 758 1974 829 ἀνδρείαν

390 855 425 922 ή
481 851 735 921 παροῦσα
798 850 1032 920 μελῳδία
1086 851 1362 919 προλέγει.
1410 853 1689 920 Διηγεῖται
1737 852 1792 903 δὲ
1832 851 1974 904 κατὰ

388 945 589 998 ταυτὸν
627 943 851 1006 καὶτὰς
898 942 1006 995 τῶν
1056 942 1321 1010 ἀλγεινῶν
1377 944 1706 1013 προσϐολὰς,
1751 945 1845 997 καὶ
1874 945 1974 1015 τὴν

389 1036 835 1107 παρασχεθεῖσαν
895 1037 1079 1099 αὐτοῖς
1138 1037 1290 1105 παρὰ
1350 1036 1443 1089 τοῦ
1502 1037 1637 1090 Θεοῦ
1679 1037 1784 1091 τῶν
1836 1038 1973 1091 ὅλων

395 1129 598 1199 ῥοπήν.

464 1224 535 1284 α’,
572 1218 639 1288 β’.
670 1239 688 1270 ι
725 1218 1039 1287 Ὴγὰπησα,
1091 1217 1172 1269 ὅτι
1211 1214 1595 1268 εἰσακούσεται
1636 1214 1840 1285 Κύριος
1874 1215 1973 1283 τῆς

390 1310 578 1380 φωνή,
616 1310 714 1377 τῆς
737 1309 973 1378 δεήσεὼς
1000 1327 1121 1379 μου.
1156 1310 1282 1361 "Ott
1325 1309 1503 1362 ἔκλινε
1563 1311 1621 1362 τὸ
1659 1309 1750 1372 οὓς
1806 1311 1971 1364 αὑτοῦ

391 1401 541 1471 ἔμοι.
588 1419 607 1451 ι
644 1401 853 1462 Αύτοὺς
885 1399 1061 1453 ταῦτα
1090 1400 1268 1467 λέγειν
1307 1403 1338 1470 ή
1379 1401 1683 1470 προφητεία
1710 1398 1971 1463 διδάσκει,

392 1495 479 1547 ὅτι
507 1493 734 1546 Πάντων
767 1508 858 1561 μοι
889 1491 957 1543 τὰ
1001 1491 1120 1544 θεῖα
1164 1490 1569 1561 θυμηρέστερα,
1618 1490 1712 1543 καὶ
1749 1490 1973 1561 ἁξιεραο

395 1584 652 1654 στὸτερόν
705 1600 797 1654 μοι
833 1582 943 1636 τῶν
977 1581 1152 1636 ἄλλων
1196 1582 1257 1634 τὸ
1312 1582 1403 1634 τὸν
1443 1583 1573 1636 Θεὸν
1615 1581 1971 1652 θεραπεύειν·

393 1676 613 1745 δέχεται
641 1678 750 1746 γάρ
782 1691 885 1744 μου
932 1674 1027 1738 τὰς
1079 1674 1309 1745 δεήσεις,
1353 1674 1447 1727 καὶ
1496 1675 1597 1744 τῆς
1649 1675 1855 1737 οἰκείας
1881 1678 1973 1745 ῥο-

396 1775 506 1845 πῆς
540 1772 561 1803 ⁵
590 1770 752 1834 ἀξιοῖ.
787 1787 805 1820 ι
847 1769 959 1821 Καὶ
983 1770 1041 1820 ὲν
1077 1770 1199 1831 ταῖς
1230 1767 1464 1837 ήμέραις
1502 1784 1603 1834 μου
1656 1766 1974 1819 ἐπικαλέσο-

2082 567 2308 625 Pietatis
2341 588 2468 628 vero
2498 575 2728 631 studiosi
2753 592 2853 646 pro
2893 579 2995 635 hac
3024 597 3294 651 propenso
3319 586 3503 639 animo
3537 603 3659 641 cer—

2084 664 2290 716 tamina
2331 666 2723 735 suscipientes,
2775 671 3133 741 triumphales
3186 691 3421 733 coronas
3473 680 3656 750 adepti

2082 765 2230 809 sunt.
2264 755 2413 813 lianc
2446 760 2659 814 illorum
2707 761 3084 820 fortitudinem
3120 767 3206 823 hic
3232 770 3475 837 psalmus
3522 787 3659 840 prae-

2083 846 2237 902 cinit.
2287 848 2488 904 Narrat
2534 862 2714 907 autem
2768 855 2933 910 simul
2971 868 3025 911 et
3068 874 3436 915 :ernmnarum
3481 864 3656 916 insul-

2085 948 2215 1006 tns,
2282 951 2334 996 et
2380 957 2537 1012 opem
2598 944 2667 998 alt
2732 948 3112 1004 universorum
3173 950 3284 1005 Dco
3335 952 3469 1021 ipsis
3514 970 3693 1024 prae-.

2080 1032 2272 1088 bitam.
3679 1038 3691 1069 μ·

2155 1210 2321 1268 Vens.
2364 1215 2415 1280 l,
2447 1216 2502 1271 2.
2540 1235 2558 1268 ι
2596 1216 2787 1283 Dilexi,
2820 1220 3077 1288 quoniam
3106 1223 3361 1277 exaudiet
3394 1223 3657 1281 Dominus

2081 1317 2272 1356 vocem
2308 1305 2576 1360 orationis
2610 1322 2762 1360 utea}.
2797 1308 2931 1372 Quia
2968 1309 3245 1364 inclinavit
3280 1327 3468 1369 autem
3500 1330 3655 1369 suam

2082 1396 2148 1447 ad
2180 1398 2293 1448 me?
2325 1414 2343 1446 ι
2378 1395 2502 1451 llaec
2545 1399 2725 1453 dicere
2773 1400 3053 1468 prophetia
3092 1403 3238 1470 ipsos
3278 1404 3436 1457 docet
3467 1422 3482 1458 :
3509 1404 3657 1461 Nihil

2082 1490 2216 1543 mihi
2248 1491 2452 1559 potius,
2488 1491 2733 1561 nihilque
2760 1494 3201 1558 desiderabilius,
3236 1510 3402 1563 quam
3454 1512 3539 1551 res
3572 1499 3660 1553 di-

2082 1582 2242 1643 vinae,
2291 1592 2345 1634 et
2381 1596 2541 1649 quam
2581 1582 2748 1635 Deum
2780 1582 2982 1646 colere,
3033 1584 3473 1653 quandoquidem
3510 1602 3659 1644 meas

2083 1662 2270 1740 preces
2317 1672 2575 1738 admittit,
2622 1688 2832 1742 suaque
2890 1688 2993 1742 ope
3056 1689 3143 1728 me
3207 1676 3479 1744 dignatur.
3541 1695 3560 1728 ι
3599 1677 3658 1733 in

2082 1764 2276 1818 diebus
2308 1765 2443 1819 meis
2470 1764 2755 1819 invocabo.
2792 1784 2811 1817 ι
2839 1763 3134 1835 Propterea
3159 1782 3255 1837 per
3281 1776 3448 1821 totam
3481 1786 3657 1825 meam

398 1839 517 1938 μαι.
553 1884 573 1917 ι
606 1860 681 1916 Ui:
715 1863 735 1891 ‘
768 1861 832 1932 δὴ
861 1860 1047 1931 χάριν,
1086 1862 1237 1929 παρὰ
1271 1858 1446 1911 πάντα
1479 1876 1582 1928 μου
1614 1859 1705 1911 τὸν
1738 1858 1852 1928 βίον
1884 1859 1976 1911 καὶ

2084 1856 2246 1909 vitam
2296 1856 2470 1925 ipsum
2521 1856 2773 1911 laudibus
2807 1857 3117 1923 celebrabo,
3164 1859 3541 1931 auxiliumque
3587 1864 3659 1917 ab

394 1956 584 2025 ὑμνῶν
608 1954 772 2009 αὐτὸν
795 1952 1109 2017 διατελέσω,
1138 1950 1234 2003 καὶ
1260 1951 1359 2021 τὴν
1391 1950 1519 2019 παρ’
1558 1949 1723 2003 αὑτοῦ
1760 1968 1978 2019 συμμα-

393 2050 520 2119 χίαν
551 2048 780 2118 αἰτήσω.
824 2042 955 2097 Εἶτα
1005 2043 1278 2113 διηγεῖται
1317 2042 1377 2095 τὸ
1413 2042 1617 2110 πλῆθος
1663 2042 1772 2095 τῶν
1796 2041 1978 2110 ἀλγει-

394 2141 526 2194 νῶν.

470 2233 540 2294 γ’.
583 2246 601 2277 ι
640 2224 936 2294 Ιίεριὲσχον
969 2240 1035 2293 με
1074 2223 1264 2285 ὠδῖνες
1295 2222 1551 2289 θανάτου,
1600 2224 1832 2277 κίνδυνοι
1853 2224 1977 2295 ᾅδου

393 2318 632 2392 εὖροσάν
661 2335 750 2387 με.
793 2336 811 2368 ι
845 2315 1063 2388 κυρίως
1086 2314 1296 2381 ὠδῖνες
1325 2315 1624 2371 καλοῦνται
1645 2319 1702 2369 αί
1747 2318 1855 2388 πρὸ
1886 2316 1977 2370 τοῦ

394 2413 561 2465 τόκου
585 2411 683 2481 τῆς
706 2407 1000 2478 τικτούσης
1025 2406 1230 2464 ὀδύναι.
1264 2407 1566 2478 Τοιγαροῦν
1600 2411 1664 2462 ὲκ
1692 2410 1788 2479 τῆς
1814 2425 1979 2477 μετα-

396 2502 571 2571 φορᾶς
596 2500 803 2569 ταύτης
834 2497 1042 2563 ὠδῖνες
1066 2498 1216 2565 ᾅδου
1248 2499 1769 2569 προσαγορεύονται,
1794 2502 1847 2552 αἱ
1879 2500 1978 2552 αὑ-

393 2592 475 2663 τῷ
511 2591 765 2655 πελάζειν
797 2589 876 2660 τῷ
903 2589 1118 2660 θανάτῳ
1135 2590 1653 2659 παρασκευάζουσαι
1676 2590 1974 2661 συμφοραί.

396 2687 564 2752 Λέγει
584 2683 786 2749 τοίνυν,
806 2683 889 2736 ὃτι
913 2681 1128 2744 πολλοῖς
1153 2681 1279 2733 καὶ⁷
1311 2681 1672 2744 παντοδαποῖς
1706 2698 1975 2752 περιστοι·

395 2776 618 2846 χηθεῖσι
651 2774 672 2804 ⁸
702 2774 918 2835 δεινοῖς,
949 2770 1026 2835 ὡς
1087 2772 1218 2843 παρ’
1244 2771 1409 2823 αὑτὸν
1449 2771 1707 2839 γενέσθαι
1742 2771 1832 2824 τὸν
1883 2772 1980 2826 θά-

393 2883 559 2921 νατον
591 2906 607 2932 ,
641 2866 735 2919 καὶ
795 2862 965 2926 αὐτὰς
1023 2861 1352 2916 καταλαϐεῖν
1409 2862 1503 2915 τοῦ
1559 2862 1687 2933 ᾅδου
1747 2865 1845 2928 τὰς
1873 2864 1979 2918 πύ-

391 2962 516 3025 λας.

472 3072 492 3104 ι
528 3049 719 3120 Θλίψιν
758 3048 852 3102 καὶ
877 3046 1070 3117 ὀδύνην
1110 3038 1284 3116 εὗρον.
1306 3042 1393 3116 [δ’]
1422 3044 1530 3097 Καὶ
1568 3046 1629 3098 τὸ
1666 3043 1837 3115 ὄνομα
1866 3047 1977 3100 Κυ-

2080 1947 2199 2017 ipso
2232 1947 2558 2016 implorabo.
2594 1947 2800 2003 Deinde
2831 1959 3022 2004 narrat
3052 1950 3429 2006 calamitatum
3471 1952 3661 2009 multi-

2078 2039 2343 2093 tudinem.

2152 2226 2167 2243 θ
2204 2220 2366 2275 Vens.
2404 2221 2457 2275 '5.
2496 2239 2515 2273 ι
2553 2221 3048 2277 Circumdederunt
3078 2238 3165 2276 me
3190 2222 3410 2280 dolores
3440 2225 3657 2292 mortis,

2079 2324 2128 2370 et
2157 2315 2402 2385 perit-nia
2436 2313 2633 2368 inferni
2668 2315 2993 2369 invenerunt
3017 2330 3124 2370 me.
3153 2334 3172 2367 ι
3202 2316 3426 2386 Proprie
3449 2316 3658 2372 dolores

2078 2416 2347 2461 vorantur
2384 2407 2461 2461 illi
2497 2408 2587 2476 qui
2640 2407 2969 2461 antecedunt
3017 2416 3233 2478 partum
3276 2409 3656 2479 parturientis.

2079 2501 2181 2554 Per
2208 2498 2585 2568 metaphoram
2620 2498 2786 2566 igitur
2813 2497 2880 2551 ab
2921 2497 3029 2553 illis
3074 2498 3300 2567 petitam
3337 2498 3543 2553 dolores
3571 2500 3659 2554 in-

2079 2595 2313 2660 ferorum
2365 2597 2631 2643 vocantur
2685 2589 2791 2643 illae
2843 2589 3203 2652 calamitates,
3255 2606 3379 2660 quae
3425 2590 3537 2647 fere
3588 2592 3660 2646 ad

2071 2680 2312 2736 'mortem
2352 2681 2574 2735 ducunt.
2614 2679 2758 2734 Dicit
2794 2679 2958 2748 igitur
2989 2678 3205 2751 1418
3236 2680 3423 2736 multis
3452 2682 3661 2739 omnis-

2079 2790 2185 2844 que
2214 2773 2428 2842 generis
2467 2773 2751 2828 doloribus
2801 2773 3172 2827 eircumdatos
3224 2787 3365 2838 esse,
3418 2773 3555 2829 adeo
3599 2783 3662 2829 ut

2078 2884 2244 2939 prope
2274 2870 2446 2938 ipsam
2482 2879 2716 2923 mortem
2756 2867 2889 2933 sint,
2930 2876 2985 2921 et
3032 2865 3101 2920 ad
3156 2865 3302 2936 ipsas
3357 2867 3660 2924 inferorum

2074 2960 2273 3029 januas
2302 2958 2670 3029 pervenerint.

2154 3068 2173 3103 ι
2210 3050 2644 3105 Tribulationem
2689 3058 2744 3103 et
2784 3048 3028 3104 dolorem
3078 3048 3281 3104 inveni.
3320 3047 3527 3121 [νειιε.
3572 3048 3658 3121 4.]

396 3145 515 3217 ρίου
551 3140 990 3211 ὲπεκαλεσάμην.
1028 3158 1044 3191 ι
1078 3137 1217 3191 Ἀλλ’
1244 3135 1345 3189 οὐκ
1367 3137 1447 3198 εἰς
1470 3135 1976 3206 ἀνάπαυλανὲμαυ-

2082 3137 2150 3192 Ει
2187 3153 2387 3194 nomen
2438 3137 2653 3193 Domini
2702 3139 2976 3194 invocavi.
3011 3157 3033 3192 ι
3072 3137 3273 3193 Verum
3310 3153 3660 3209 nequaquam

391 3230 487 3284 τὸν
529 3229 765 3294 ἐξέδωκα
793 3267 809 3291 ,
850 3227 945 3279 καὶ
990 3223 1304 3296 ῥᾳστώνην,
1352 3223 1565 3287 τούτοις
1627 3225 1975 3297 περιπεσὼν,

392 3321 519 3375 οὔτε
556 3322 635 3384 εἰς
665 3321 685 3351 ⁹
713 3318 809 3381 τὰς
835 3317 1000 3379 ἄλλας
1035 3315 1130 3369 τοῦ
1172 3314 1289 3385 βίου
1334 3312 1695 3384 ψυχαγωγίας
1746 3317 1981 3385 ἐμαυτὸν

392 3414 731 3484 προενήνοχα
762 3411 827 3473 ³⁸³,
860 3408 995 3462 ἀλλὰ
1021 3408 1238 3479 θρήνοις
1290 3408 1385 3459 καὶ
1430 3406 1660 3476 δάκρυσι
1706 3408 1982 3478 κεχρημέο

392 3521 506 3567 νος,
530 3502 624 3556 καὶ
643 3500 907 3571 διηνεκῶς
929 3497 1295 3567 ποτνιώμενος
1317 3497 1415 3567 τὴν
1434 3497 1587 3551 θείαν
1603 3496 1827 3568 ἐξῄτουν
1851 3498 1981 3570 βοή-

392 3594 566 3648 θειαν.
595 3590 771 3646 Τοῦτο
809 3591 867 3643 δὲ
910 3586 1304 3657 ἀκριϐέστερον
1342 3589 1405 3638 ἐκ
1442 3586 1541 3655 τῆς
1601 3587 1709 3638 τῶν
1744 3587 1979 3639 Μακκα-

391 3685 567 3741 ϐαίων
626 3682 867 3753 ἱστορίας
930 3679 1091 3749 μάθοι
1148 3696 1230 3740 τις
1274 3679 1360 3732 ἄν.
1393 3678 1489 3740 Εἰς
1513 3677 1622 3747 γὰρ
1648 3678 1748 3747 τὴν
1776 3678 1982 3749 ἔρημον

391 3775 806 3845 ἁποδρὰσαντες
835 3774 886 3823 oi.
918 3770 1175 3840 τρόφιμοι
1202 3768 1304 3838 τῆς
1348 3767 1656 3831 εὐσεϐείας,
1695 3770 1786 3820 καὶ
1813 3768 1977 3839 λιμῷ,

391 3866 491 3919 καὶ
518 3862 647 3932 δίψῃ
671 3859 1008 3930 πιεζόμενοι,
1046 3859 1136 3911 τὸν
1164 3857 1296 3909 Θεὸν
1320 3855 1681 3926 ἠντιϐόλησαν
1709 3896 1722 3920 ,
1760 3857 1854 3910 καὶ
1879 3858 1979 3927 τῆς

392 3957 526 4027 παρ’
552 3953 716 4008 αὑτοῦ
751 3951 1004 4023 βοηθείας
1034 3952 1073 3981 ⁸³
1111 3949 1455 4020 ἀπήλαυσαν.
1500 3966 1518 3998 ι
1557 3943 1628 4000 Ὦ
1654 3948 1847 4017 Κύριε,
1881 3949 1976 4019 ρῡ-

390 4067 486 4104 σαι
501 4048 599 4119 τὴν
620 4047 798 4116 ψυχήν
819 4061 939 4114 μου.
956 4041 1187 4108 »Ταῦτα,
1203 4058 1276 4111 φη
1286 4040 1358 4104 al,
1376 4037 1740 4109 ποτνιώμενος
1769 4040 1973 4107 ἔλεγον·

402 4141 741 4210 Ἐπάμυνον,
766 4130 812 4190 ὢ
840 4136 1113 4196 Δέσποτα,
1135 4132 1230 4186 καὶ
1258 4130 1367 4183 τῶν
1401 4132 1767 4199 ἐπικειμένων
1789 4131 1978 4185 κακῶν

388 4239 491 4301 τὰς
539 4236 816 4307 ἡμετέρας
877 4229 1057 4301 ψυχὰς
1128 4227 1517 4297 ὲλευθέρωσον.
1556 4226 1742 4296 Ἵιίδειν
1796 4225 1977 4295 μέντοι

389 4328 851 4402 προσευχόμενος,
886 4324 969 4377 ὅτι
994 4321 1257 4390 τεύξομαι
1283 4317 1384 4388 τῆς
1407 4318 1698 4387 αἰτήσεως,
1729 4316 1827 4385 τὴν
1852 4315 1975 4368 πολ-

384 4424 489 4493 λὴν
538 4418 706 4474 αὑτοῦ
760 4411 1177 4486 φιλανθρωπίαν
1229 4412 1294 4480 τῇ
1347 4408 1514 4479 πείρᾳ
1538 4405 1875 4478 μεμαθηκώς
1909 4408 1973 4464 η,

385 4516 562 4571 Τοῦτο
588 4512 698 4584 γὰρ
730 4510 1031 4580 ἐπήγαγεν

460 4608 523 4663 ε’.
563 4626 582 4659 ι
631 4604 910 4674 Ἑλεήμων
939 4603 966 4652 ὁ
1011 4598 1232 4669 Κύριος,
1285 4595 1380 4647 καὶ
1408 4593 1631 4656 δίκαιος,
1671 4593 1765 4645 καὶ
1795 4592 1979 4656 ὁΘεδς

382 4701 548 4774 ἡμῶν
577 4698 741 4752 ἐλεεῖ.
783 4713 801 4746 ι
837 4693 949 4756 Τὰς
976 4690 1083 4761 γὰρ
1108 4688 1201 4742 τοῦ
1224 4686 1408 4747 ὲλέους
1428 4685 1612 4754 πηγὰς
1630 4688 1741 4746 τοῖς
1760 4681 1976 4755 ἀνθρώ-

385 4811 513 4856 ποις
575 4786 836 4859 προσχέει
867 4785 910 4816 ⁸⁸
933 4799 947 4813 ⁸
977 4782 1089 4852 ἔχει
1135 4780 1192 4832 δὲ
1225 4777 1322 4832 καὶ
1370 4774 1742 4843 δικαιοσύνην,
1772 4774 1895 4836 τοὺς
1930 4774 1976 4806 ίδ

382 4880 708 4940 ἀδικοῦντας
737 4873 959 4937 κολάζει
990 4868 1328 4941 μεταμελείᾳ
1368 4864 1682 4937 χρήσασθαι
1719 4864 1794 4935 μὴ
1850 4862 1975 4933 βου-

380 4973 671 5047 λομένους.
705 4970 795 5032 Δὶς
822 4966 1006 5037 μέντοι
1039 4961 1135 5015 τοῦ
1169 4959 1353 5023 ἐλέους
1393 4955 1976 5047 μνημονεύσας,ᾑᾶπῇ

520 5059 869 5129 δικαιοσύνης
895 5054 1161 5126 ἐμνήσθη.
1185 5052 1332 5120 Νικᾷ
1362 5049 1468 5119 γὰρ
1500 5050 1533 5118 ἡ
1559 5045 1653 5100 τοῦ
1692 5046 1829 5100 Θεοῦ
1859 5046 1979 5116 φιλ-

383 5153 678 5226 ανθρωπία
704 5150 803 5217 τῆς
835 5144 1185 5212 δικαιοσύνης
1215 5142 1317 5209 τὴν
1344 5139 1547 5209 ψῆφον.

462 5225 538 5309 ξ.
582 5261 601 5293 ι
635 5239 931 5294 Φυλάσσων
957 5235 1025 5287 τὰ
1048 5234 1218 5303 νήπια
1240 5230 1282 5262 ⁸⁸
1313 5231 1341 5283 ὁ
1368 5228 1592 5299 Κύριος.
1632 5245 1650 5277 ι
1684 5225 1968 5297 Τοσαύτην

2005 4508 2052 4564 D

2083 3232 2218 3294 otio,
2260 3245 2434 3301 neque
2476 3230 2696 3285 desidia:
2739 3245 2827 3284 me
2860 3229 3038 3299 ipsum
3067 3230 3272 3297 addixi,
3303 3246 3426 3285 cum
3458 3231 3514 3285 in
3557 3229 3658 3287 bas

2082 3324 2423 3388 incidissem,
2460 3337 2638 3389 neque
2679 3322 2746 3375 ad
2775 3322 2913 3376 alias
2940 3322 3065 3376 vita:
3104 3323 3407 3391 voluptates
3437 3338 3525 3377 me
3561 3310 3683 3394 ap?

2082 3417 2246 3488 plicni
2279 3433 2293 3469 :
2323 3416 2415 3471 sed
2465 3414 2707 3469 luctibus
2734 3414 3101 3484 laerymisqne
3131 3430 3283 3480 usus,
3325 3423 3379 3468 et
3404 3418 3661 3473 continue

2083 3527 2335 3580 precaris,
2372 3509 2610 3563 divinam
2647 3506 3011 3577 elllagitabam
3037 3523 3218 3577 opem.
3249 3508 3363 3564 Hoc
3389 3522 3572 3565 autem
3593 3528 3663 3567 ex

2081 3600 2517 3655 Maehabzeorum
2567 3598 2797 3653 historia
2836 3599 3146 3654 accuratius
3174 3600 3311 3655 disci
3360 3610 3552 3669 potest.
3601 3600 3661 3655 ln

2084 3693 2435 3748 solitudinem
2461 3691 2606 3744 enim
2638 3689 2910 3758 fugientes
2935 3690 3156 3758 pietatis
3182 3691 3412 3755 alumni,
3443 3692 3663 3747 etiame

2082 3799 2146 3838 ac
2169 3785 2258 3837 siti
2291 3782 2489 3850 pressi,
2528 3780 2701 3833 Deum
2744 3780 3131 3844 obsecrarunt,
3175 3783 3553 3851 auxiliumque
3593 3784 3661 3836 ab

2079 3875 2199 3945 ipso
2221 3872 2364 3927 nacti
2390 3880 2538 3926 sunt.
2565 3888 2582 3921 ι
2608 3869 2653 3924 Ο
2682 3869 2927 3936 Domine,
2958 3870 3127 3924 libera
3155 3871 3394 3924 animam
3421 3887 3655 3925 ιιιυοιιι.»

2077 3966 2223 4032 Haec,
2245 3964 2439 4033 inquit,
2464 3976 2695 4031 precans
2724 3961 2972 4015 dicebam
2993 3961 3193 4031 :Opem
3217 3961 3317 4027 fer,
3347 3978 3378 4015 ο
3409 3962 3659 4023 Domine.

2076 4065 2131 4112 et
2158 4056 2225 4109 ab
2256 4051 2695 4123 impendentibus
2736 4050 2899 4105 malis
2946 4051 3161 4106 animas
3194 4061 3420 4106 nostras
3463 4052 3656 4106 libera.

2076 4146 2343 4202 Noveram
2373 4144 2537 4214 igitur
2563 4158 2754 4212 preces
2784 4141 3051 4206 fundens,
3095 4144 3367 4212 postulata
3404 4160 3490 4196 me
3518 4158 3652 4199 cun-

2076 4247 2418 4304 secuturum,
2454 4235 2679 4290 multam
2725 4234 2845 4304 ejus
2872 4234 3266 4304 benignitatem
3318 4236 3657 4304 experientia

2076 4338 2410 4401 compertam
2445 4327 2677 4381 habens.
2708 4323 2824 4379 Hoc
2851 4324 2998 4378 enim
3030 4323 3300 4378 subdidit:

2154 4577 2321 4633 Vens.
2379 4572 2432 4626 5.
2486 4588 2504 4622 ι
2543 4568 2853 4623 Misericors
2896 4564 3194 4631 Dominus,
3246 4572 3299 4616 et
3337 4564 3552 4632 justus,
3605 4568 3660 4614 et

2083 4675 2225 4729 Deus
2261 4678 2446 4723 noster
2472 4666 2784 4717 miseretur.
2812 4678 2830 4709 ι
2860 4658 3063 4713 Fontes
3088 4657 3232 4710 cnim
3268 4654 3662 4710 misericordiae

2081 4764 2397 4821 hominibus
2445 4755 2766 4828 profundit,
2818 4752 2980 4806 habet
3027 4760 3208 4804 autem
3260 4760 3314 4803 et
3354 4747 3658 4816 justitiam,

2078 4857 2312 4927 injustos
2355 4847 2671 4922 pwnitentia
2702 4846 2779 4899 uti
2816 4845 3061 4898 nolentes
3107 4842 3311 4911 plet-tit.
3354 4840 3445 4893 llis
3475 4839 3662 4905 utique

2078 4944 2473 5002 misericordiae
2526 4937 2860 4992 mentionem
2911 4932 3148 4997 faciens,
3201 4931 3368 4986 semel
3428 4929 3659 4999 jtt5titéae

2084 5037 2356 5095 meminit.
2396 5033 2576 5087 Vincit
2614 5031 2759 5083 enim
2790 5027 2880 5081 Dei
2917 5026 3228 5097 benignitas
3266 5023 3496 5094 justitiae
3531 5036 3659 5072 sun-

2086 5131 2333 5186 tentiam.

2148 5222 2317 5277 Vsns.
2350 5220 2403 5275 6.
2447 5237 2465 5270 ι
2500 5215 2825 5273 Custodiens
2872 5212 3129 5283 parvulos
3184 5209 3468 5267 Dominus.
3497 5224 3515 5257 ι
3554 5202 3659 5256 Ta-

1482 5432 1719 5487 VARIE
1754 5430 2142 5488 LECTIONES
2196 5404 2295 5482 m‘
2319 5425 2558 5482 norm.

458 5596 482 5625 ⁸
520 5585 763 5639 Ῥοπῆιι.
799 5584 924 5639 eod.
964 5583 981 5635 I
1024 5595 1212 5639 praem.
1249 5578 1337 5639 μέ.
1415 5576 1436 5608 ⁸
1471 5569 1552 5630 οὗ
1577 5605 1644 5615 ——
1671 5571 1918 5638 αἰτήσω.
1964 5569 1976 5624 1

2077 5585 2090 5624 ι
2111 5568 2276 5624 etiam
2299 5565 2549 5639 Origenis
2576 5577 2771 5639 nomen
2800 5575 2908 5639 pra
2925 5556 3288 5639 se_ferunt‘ap

536 5592 763 5657 Ροπῆς.
799 5592 924 5641 eod.
964 5592 981 5635 I
1024 5595 1212 5648 praem.
1249 5592 1337 5649 με.
1415 5592 1436 5608 ν
1471 5592 1552 5630 uo
1577 5605 1644 5615 —
1671 5592 1918 5638 αιτησω.
1966 5592 1976 5624 ι

565 5660 694 5714 517.
767 5658 787 5688 τ
819 5652 1102 5717 Πολλοῖς.
1133 5650 1256 5705 cod.
1298 5649 1539 5721 liprazm.
1569 5643 1687 5721 καί.
1762 5640 1943 5721 '_eod.

2077 5592 2276 5624 :euam
2299 5592 2549 5634 Ul‘lgrlua
2576 5592 2771 5618 llUIlll'll
2802 5592 2984 5630 pla-co
3013 5592 3191 5611 num...
3220 5592 3334 5622 urw

2077 5634 2533 5721 τρξεστοιχίσθην.
2609 5635 2809 5721 ⁸.
2837 5624 3334 5721 fles-ittlucodh‘l.

1984 5690 2185 5764 “ibid.
2225 5690 2546 5779 μεμαθηκα.
2627 5690 2837 5756 “ibid.
2900 5695 3148 5769 προχέει.
3232 5692 3275 5724 ⁸⁸
3336 5691 3510 5757 Τούς.
3565 5690 3646 5747 in.

383 5681 437 5719 c-
474 5643 736 5732 9772177
767 5658 787 5688 '
819 5643 1263 5732 Πολλοῖςοξοέῖ
1298 5649 1539 5732 Ἀυτῖεπὶι·
1566 5643 1811 5732 3“}:1.

381 5714 612 5803 ξμᾶυτῷ
639 5725 1034 5803 προσενήνοχα.
1058 5714 1071 5717 ’
1111 5721 1153 5803 ’ξ
1190 5714 1385 5803 Bona.

382 5782 632 5871 iéiiiiniir
658 5782 788 5869 γάρ.
866 5782 913 5827 ί⁸
945 5782 1023 5848 Ῠὰ
1076 5782 1506 5856 νήπια.ὐοῢι·.,
1531 5782 1817 5853 simplices.

3293 5552 3360 5607 uti
3386 5552 3548 5606 Cortl.
3614 5557 3651 5608 Ι.

3416 5623 3459 5653 ⁸⁸
3513 5621 3650 5677 ibid.
