4114 6418
553 387 687 456 1799

1537 383 2028 446 THEODORETI
2062 383 2409 444 EPISCOPI
2440 383 2812 444 CYRENSIS

3653 388 3775 454 1800

543 504 652 558 lem
680 503 824 557 enim
857 502 924 556 de
969 500 1227 555 omnibus
1270 500 1580 555 hominibus
1624 515 1816 554 curam
1862 499 2025 569 gerit,
2059 508 2119 552 ut

2231 498 2329 570 γὰρ
2360 497 2579 551 πάντων
2602 476 2906 567 ἀνθρώπων
2939 501 3172 552 ποιεῖται
3223 498 3562 571 κηδεμονίαν,
3592 501 3669 555 ὅτι
3693 505 3776 558 καὶ

544 594 709 649 etiam
751 593 898 647 omni
944 607 1073 647 cura
1120 592 1357 647 i-nfantes
1384 593 1661 663 dignetur.
1702 592 1767 648 Et
1812 609 1920 648 non
1957 594 2120 649 modo

2231 592 2289 644 τὰ
2330 590 2508 661 βρέφη
2543 591 2726 659 πάσης
2781 588 2925 655 ἀξιοῖ
2974 591 3339 661 προμηθείας.
3370 592 3477 646 Καὶ
3532 593 3591 646 οὗ
3635 597 3777 665 μόνον

545 698 640 738 eos
686 683 779 752 qui
828 681 1043 753 1419
1074 683 1188 751 jam
1232 683 1285 735 in
1343 682 1519 736 lucem
1579 682 1710 736 editi
1761 692 1890 737 sunt
1933 699 2118 749 curat,

545 775 637 828 sed
674 774 839 827 etiam
877 783 1190 837 conservat,
1242 782 1295 827 et
1341 773 1610 836 custodit,
1672 782 1726 827 et
1768 773 1977 844 perlicit
2026 790 2121 828 eos

544 865 637 932 qui
689 865 743 919 in
802 875 957 919 utero
1004 874 1240 918 matrum
1285 866 1636 931 delitescunt,
1670 867 1915 934 atquein
1966 867 2122 936 aquis

545 957 688 1009 male
727 957 1002 1009 olentilms
1037 966 1252 1020 natant,
1291 969 1342 1009 et
1383 956 1437 1008 in
1470 956 1761 1009 tenebroso
1792 965 1845 1009 et
1890 967 2123 1024 angusto

545 1049 665 1101 loco
698 1059 1050 1112 coercentur,
1085 1058 1135 1101 et
1165 1049 1217 1101 in
1246 1049 1422 1101 lucem
1450 1048 1628 1112 effert,
1652 1049 1917 1117 lactisque
1945 1047 2122 1101 fontes

546 1142 952 1202 suluninistrat,
991 1152 1045 1194 et
1086 1142 1153 1193 ab
1190 1140 1427 1193 inimicis
1466 1139 1806 1193 daemonibus
1854 1140 2121 1193 insidian-

546 1230 690 1285 tLbus
715 1232 969 1293 Vindicat,
995 1244 1066 1297 et,
1098 1242 1155 1285 ut
1175 1247 1283 1285 uno
1314 1232 1479 1284 verbo
1504 1233 1703 1294 dicam,
1724 1240 2004 1299 paternam
2024 1247 2122 1285 cu-

544 1336 658 1374 ram
708 1321 968 1389 impertit.
1009 1322 1128 1374 Non
1166 1331 1369 1374 temere
1405 1334 1587 1374 autem
1643 1323 1838 1373 horum
1891 1323 2120 1390 prOphe-

545 1413 688 1465 ticus
742 1427 924 1465 sermo
974 1410 1117 1477 .fecit
1168 1413 1526 1478 mentionem,
1593 1414 1687 1467 sed
1742 1414 1966 1476 docens,
2016 1427 2122 1466 non

544 1504 706 1554 modo
762 1500 1199 1555 universorum‘
1235 1503 1404 1557 Deum
1451 1505 1726 1572 justorum
1773 1503 1987 1557 fructus
2034 1520 2123 1557 re-

545 1596 846 1658 munerari,
882 1595 976 1647 sed
1014 1595 1179 1647 etiam
1216 1595 1271 1648 in
1314 1596 1706 1650 benefacieudo
1757 1596 1936 1663 ipsum
1990 1610 2125 1664 pra:-

547 1685 754 1749 venire,
811 1693 864 1738 et
911 1701 1007 1739 eos
1058 1687 1152 1755 qui
1217 1704 1322 1741 non
1381 1700 1511 1743 sunt
1562 1688 1853 1752 fabricare,
1894 1697 1949 1743 et
1999 1704 2124 1742 cum

546 1774 817 1829 efﬁnxerit
881 1793 1074 1831 cm'am
1131 1765 1317 1846 gerere
1353 1797 1365 1833 :
1398 1780 1731 1849 demumque
1785 1787 1905 1847 post
1949 1780 2125 1848 perfe-

545 1877 689 1921 ctam
738 1878 948 1922 mtatcm
994 1869 1222 1937 justitiae
1278 1871 1488 1926 fruetus
1518 1873 1792 1942 opperiri,
1826 1881 1881 1926 et
1930 1888 2124 1926 rursus

547 1969 680 2014 tunc
725 1962 871 2015 viros
947 1965 1145 2030 probos
1207 1964 1457 2033 plurimis
1518 1964 1800 2018 beneflciis
1865 1963 2120 2018 allicere.

550 2067 569 2099 ι
610 2049 936 2105 lltuniliatus
974 2069 1118 2118 sum,
1162 2062 1214 2107 et
1249 2055 1502 2109 liberavit
1552 2070 1658 2108 me.
1701 2073 1721 2105 ι
1762 2055 2124 2125 Symmachus

546 2151 726 2194 autem
770 2143 849 2197 sic
882 2162 894 2196 :
932 2145 1110 2213 Defeci
1155 2147 1376 2210 viribus,
1407 2162 1455 2200 et
1492 2148 1718 2201 salvavit
1754 2164 1854 2201 me.
1888 2148 1944 2200 Si
1977 2147 2121 2201 enim

545 2232 804 2297 infantes,
871 2237 963 2305 qui
1005 2236 1246 2291 nondum
1301 2238 1423 2306 ejus
1475 2238 1846 2307 cognitionem
1898 2253 2123 2308 accepe—

544 2335 696 2390 runt,
738 2328 899 2381 talem
935 2328 1003 2382 ab
1040 2329 1158 2398 ipso
1197 2344 1386 2383 curam
1417 2338 1832 2398 consequuntur
1864 2348 1877 2384 :
1919 2336 2125 2398 quanto

546 2418 721 2485 magis
773 2420 841 2474 iis
902 2422 996 2489 qui
1033 2422 1249 2475 sincere
1287 2423 1465 2492 ipsum
1498 2424 1706 2487 colunt,
1752 2424 1982 2478 salutem
2020 2423 2124 2476 im-

546 2508 752 2575 pertit?
798 2509 1056 2567 Pratinus
1107 2514 1292 2583 igitur,
1335 2529 1460 2568 cum
1508 2529 1611 2569 nos
1662 2515 1732 2569 ob
1786 2515 2125 2569 calamitates

545 2597 839 2668 depressos
871 2601 1116 2664 vidisset,
1155 2618 1252 2657 sua
1282 2620 1383 2673 ope
1419 2620 1519 2660 nos
1551 2604 1808 2675 dignatus
1840 2613 1945 2659 est.

620 2690 778 2745 Vens.
799 2692 848 2744 7.
891 2712 909 2743 ι
947 2693 1296 2759 Convertere,
1337 2697 1522 2749 anima
1580 2713 1720 2759 mea,
1754 2697 1822 2750 ad
1879 2697 2123 2767 requiem

544 2790 716 2848 tuam,
750 2784 881 2853 quia
925 2785 1190 2841 Dominus
1224 2788 1494 2843 benefecit
1520 2789 1638 2843 tibi.
1683 2808 1701 2839 ι
1740 2789 2124 2843 Adltortantur

550 2889 606 2927 se
640 2873 809 2941 ipsos,
841 2884 888 2929 et
923 2877 1161 2931 excitant
1185 2878 1250 2931 ad
1279 2877 1683 2943 fortitudinem,
1724 2878 2122 2933 beneficiorum

546 2966 955 3020 multitudinem
990 2973 1357 3038 prol’erentes,
1391 2981 1444 3023 et
1474 2986 1533 3025 se
1576 2971 1725 3041 ipsos
1755 2971 1975 3033 docent,
2007 2971 2127 3026 fore

547 3064 607 3108 ut
642 3059 896 3125 quamvis
930 3073 1027 3127 pro
1082 3061 1278 3128 pietate
1335 3072 1566 3115 mortem
1612 3063 1903 3127 subierint,
1952 3063 2006 3117 in
2032 3062 2126 3133 ju-

543 3152 778 3202 cundam
826 3159 1005 3204 tamen
1044 3159 1099 3204 et
1130 3160 1336 3221 gratam
1370 3152 1538 3205 vitam
1573 3152 1993 3207 transferantur.
2026 3151 2128 3205 Re-
2152 3187 2197 3246 ο

541 3242 715 3310 quiem
775 3242 920 3294 enim
979 3243 1124 3295 illam
1182 3245 1418 3298 vocavit.
1472 3244 1722 3300 Indicant
1775 3258 1958 3300 autem
2020 3244 2127 3300 hoc

543 3333 706 3385 etiam
742 3349 805 3387 ea
840 3350 961 3402 qua:
994 3345 1319 3403 sequuntur.

617 3422 786 3477 Vens.
821 3424 875 3488 8,
906 3424 957 3476 9.
1008 3442 1026 3475 ι
1071 3424 1344 3489 Quoniam
1385 3427 1586 3496 eripuit
1618 3429 1856 3482 animam
1892 3444 2065 3482 meam
2097 3445 2126 3482 a

547 3526 744 3573 morte,
794 3515 985 3567 oculos
1013 3529 1166 3568 meos
1217 3531 1245 3568 a
1290 3517 1571 3588 lacrymis,
1612 3519 1828 3591 1420
1865 3533 1917 3575 et
1963 3524 2127 3590 pedes

548 3622 700 3659 luens
723 3622 753 3659 a
780 3608 951 3674 lapsu.
978 3606 1214 3660 Placebo
1240 3606 1470 3662 Domino
1492 3611 1542 3663 in
1564 3613 1787 3679 regione
1805 3613 2076 3666 vivorum.
2103 3632 2122 3664 ι

545 3697 828 3768 Hegionem
869 3710 1046 3751 autem
1085 3700 1343 3763 vivorum,
1391 3718 1496 3755 non
1546 3716 1866 3771 praesentem
1913 3720 2127 3759 nuncu-

544 3799 638 3859 pat
675 3793 860 3854 vitam,
901 3792 953 3843 in
984 3805 1089 3859 qua
1117 3801 1245 3844 sunt
1269 3790 1450 3856 fletus,
1485 3802 1534 3848 et
1554 3796 1807 3864 gemitus.
1844 3805 1897 3851 et
1925 3795 2122 3861 morbi,

545 3889 600 3934 et
633 3892 858 3945 mortes,
894 3891 948 3934 et
980 3890 1221 3949 peccata,
1258 3892 1310 3937 ct
1341 3884 1702 3951 calamitates,
1737 3887 1831 3941 sed
1857 3890 2023 3941 vitam
2057 3888 2127 3942 ab

546 3973 634 4027 bis
669 3974 928 4026 omnibus
958 3974 1207 4039 liberam,
1244 3976 1296 4030 in
1330 3993 1435 4047 qua
1463 3978 1582 4033 sine
1608 3980 1871 4034 aerumnis
1905 3991 1989 4034 est
2022 3980 2128 4032 vir-

545 4066 679 4119 tutis
734 4068 1033 4134 possessio,
1084 4078 1138 4122 et
1176 4070 1294 4123 sine
1337 4070 1614 4125 laboribus
1654 4072 1859 4127 divitize
1897 4072 2127 4142 jUstitiaa

546 4156 767 4209 adsunt.
835 4157 936 4222 Qui
966 4157 1113 4210 enim
1148 4161 1247 4212 bas
1301 4176 1423 4213 eum
1463 4161 1743 4216 laboribus
1783 4163 1868 4216 his
1901 4176 2126 4229 compa-

546 4262 671 4300 rare
697 4247 990 4307 voluerint,
1039 4248 1113 4301 ibi
1155 4251 1573 4317 atnplilicabunt
1619 4254 1764 4320 ipsas
1787 4254 1905 4305 sine
1930 4251 2129 4305 labori-

545 4340 670 4395 bus.
704 4341 975 4412 llymnum
1002 4344 1171 4414 igitur
1198 4344 1496 4411 gratiarum
1524 4344 1758 4397 actionis
1779 4343 2038 4407 offerunt,
2061 4360 2127 4399 eo

543 4434 686 4500 quod
721 4434 859 4487 oculi
902 4435 1124 4503 quidem
1159 4450 1189 4487 a
1223 4434 1480 4504 lacrymis
1531 4434 1641 4487 sint
1670 4434 1903 4500 liberati,
1933 4443 1985 4488 et
2034 4450 2128 4504 pe-

545 4524 642 4576 des
694 4523 960 4578 lubricam
1003 4525 1165 4577 vitam
1211 4522 1540 4593 eﬂugerint,
1589 4533 1642 4577 et
1692 4524 1875 4578 anima
1921 4525 2127 4593 peccati
2164 4538 2204 4591 η

548 4623 784 4667 mortem
819 4614 1096 4668 declinare
1125 4617 1400 4683 potuerit;
1441 4624 1495 4668 et
1537 4614 1734 4669 docent
1777 4630 1836 4669 se
1868 4618 2038 4684 ipsos,
2071 4624 2130 4669 ut

547 4719 734 4758 rerum
768 4704 1009 4758 tristium
1068 4706 1303 4774 impetus
1355 4706 1584 4759 viriliter
1621 4703 1933 4774 perferant,
1980 4720 2130 4760 mor-

547 4802 773 4862 temque
807 4793 1131 4864 despiciant,
1169 4813 1235 4853 eo
1288 4797 1432 4868 quod
1468 4797 1579 4851 vita
1625 4798 1919 4869 tranquilla
1965 4798 2128 4853 morti

546 4884 828 4944 succedat.

2140 5181 2185 5213 ἰη

2222 681 2527 751 τεχθέντων
2561 681 2930 751 ἐπιμελεῖται,
2959 681 3098 735 ἀλλὰ
3134 683 3228 735 καὶ
3263 683 3457 747 αὑταῖς
3482 687 3597 746 ταῖς
3612 685 3778 754 νηδύοι

2221 773 2332 827 τῶν
2364 775 2617 844 μητέρων
2662 774 3113 844 ὲπικρυπτόμενα
3148 816 3161 833 .
3190 776 3286 827 καὶ
3325 774 3480 828 ὕδασι
3516 776 3780 830 δυσωδέσιν

2225 865 2583 934 ὲννηχόμενα,
2613 865 2709 918 καὶ
2742 866 2799 917 ὲν
2830 864 3094 933 ζοφώδει,
3127 865 3221 917 καὶ
3249 867 3306 917 ὲν
3360 865 3527 933 στενῷ
3550 866 3782 938 καθειργο

2229 955 2368 1025 μένα
2390 955 2574 1024 χωρίῳ
2604 955 2851 1025 διατηρεί
2882 996 2894 1017 ,
2927 956 3020 1008 καὶ
3052 953 3246 1019 σώζει,
3278 956 3373 1008 καὶ
3425 956 3783 1023 τελεσιουργεῖ,

2226 1047 2322 1099 καὶ
2378 1049 2458 1107 εἰς
2519 1045 2635 1114 φῶς
2695 1046 2904 1113 ἐξάγει,
2937 1047 3033 1098 καὶ
3068 1047 3167 1107 τάς
3195 1045 3289 1097 τοῦ
3320 1045 3588 1112 γάλακτος
3618 1047 3785 1115 ὀρέγει

2227 1136 2432 1206 πηγὰς,
2465 1139 2559 1190 καὶ
2590 1138 2694 1189 τῶν
2717 1136 3179 1191 ἐπιϐουλευόντων
3215 1137 3487 1206 δαιμόνων
3512 1137 3784 1208 ἐλευθεροῖ,

2227 1228 2324 1280 καὶ
2366 1227 2671 1298 συλλήϐδην
2703 1230 2900 1291 εἰπεῖν,
2936 1229 3212 1299 πατρικῆς
3239 1227 3554 1297 μεταδίδωσι
3589 1245 3789 1298 προμη-

2228 1317 2401 1378 θείας.
2440 1318 2551 1386 Ούχ
2584 1316 2770 1379 ἁπλῶς
2809 1317 2865 1369 δὲ
2911 1320 3011 1386 τὴν
3056 1317 3261 1370 τούτων
3285 1319 3313 1369 ὁ
3343 1315 3672 1387 προφητικὸς
3708 1315 3789 1369 λό-

2227 1427 2323 1479 γος
2353 1412 2648 1480 ἐποιήσατο
2687 1412 2928 1480 μνήμην,
2960 1410 3096 1464 ἀλλὰ
3118 1409 3404 1474 διδάσκων,
3430 1409 3502 1471 ὡς
3525 1409 3622 1462 οὐκ
3647 1409 3792 1478 ἀμεί-

2229 1503 2380 1555 ϐεται
2415 1501 2577 1570 μόνον
2608 1503 2636 1554 ὁ
2665 1500 2773 1553 τῶν
2803 1500 2941 1554 ὅλων
2964 1499 3097 1563 θεὸς
3127 1499 3252 1562 τοὺς
3274 1499 3385 1552 τῶν
3412 1499 3632 1551 δικαίων
3668 1514 3792 1569 καρ-

2230 1594 2385 1660 ποὺς,
2417 1592 2555 1646 ἀλλὰ
2586 1593 2682 1645 καὶ
2704 1592 2865 1663 ἄρχει
2887 1592 2987 1661 τῆς
3019 1591 3360 1662 εὐεργεσίας,
3399 1591 3493 1644 καὶ
3546 1585 3815 1661 δημιουρ-’

2228 1686 2316 1751 γεί
2343 1688 2468 1745 τοὺς
2502 1682 2601 1735 οὑκ
2628 1681 2811 1745 ὄντας,
2843 1680 2939 1733 καὶ
2978 1679 3283 1742 διαπλάσας
3328 1679 3685 1747 ἐπιμελεῖται,
3711 1677 3796 1727 καὶ

2233 1774 2371 1847 μετὰ
2398 1775 2496 1844 τὴν
2523 1775 2733 1827 τελείαν
2759 1774 2979 1843 ἡλικίαν
3011 1772 3271 1841 ἀναμένει
3313 1773 3441 1834 τοὺς
3482 1771 3582 1840 τῆς
3606 1769 3796 1823 δικαιοο

2233 1865 2398 1936 σύνης
2425 1867 2695 1936 καρποὺς,
2728 1865 2827 1917 καὶ
2846 1864 3027 1917 πάλιν
3051 1863 3175 1915 τότε
3193 1865 3313 1926 ταῖς
3336 1860 3672 1932 εὐεργεσίαις
3685 1859 3798 1921 τοὺς

2231 1956 2471 2024 ἀγαθοὺς
2518 1955 2829 2019 ἐπικλύζει.
2872 1973 2893 2006 ι
2940 1952 3346 2021 Ἐταπεινὼθην
3380 1955 3474 2018 ⁸⁸⁸,
3512 1954 3604 2005 καὶ
3644 1948 3800 2003 ἔσωσὲ

2234 2065 2325 2118 με.
2365 2067 2384 2100 ι
2433 2048 2490 2101 '0
2517 2048 2560 2080 “
2588 2047 2644 2100 δὲ
2670 2048 2967 2117 Σύμμαχος
2997 2044 3190 2108 οὕτως·
3223 2045 3523 2111 Ἠτόνησα
3547 2042 3641 2096 καί
3668 2041 3802 2095 ἔσω-

2231 2137 2307 2188 σέ
2335 2152 2432 2204 με.
2461 2136 2522 2187 Ei
2552 2134 2661 2204 γὰρ
2687 2136 2755 2187 τὰ
2787 2136 2958 2205 νήπια
2985 2134 3053 2186 τά
3090 2133 3320 2204 μηδέπω
3349 2132 3450 2201 τὴν
3486 2131 3648 2185 αὐτοῦ
3673 2128 3802 2198 γνῶ-

2234 2244 2317 2280 σιν
2341 2227 2613 2296 δεξάμενα
2634 2226 2906 2295 τοσαύτης
2960 2224 3090 2295 παρ’
3123 2223 3288 2278 αὑτοῦ
3348 2225 3607 2293 τυγχάνει
3658 2222 3804 2291 κηδε-

2235 2318 2445 2389 μονίας,
2475 2316 2656 2387 πολλῷ
2690 2316 2891 2387 μᾶλλον
2924 2318 3036 2379 τοῖς
3084 2313 3393 2385 εἰλικρινῶς
3428 2316 3594 2368 αὑτὸν
3623 2316 3805 2367 ιπικα-

2230 2409 2513 2481 λουμένοις
2539 2408 2862 2480 μεταδίδωσι
2893 2407 3190 2479 σωτηρίας.
3221 2407 3436 2460 Αὐτίκα
3464 2407 3644 2460 τοίνυν
3673 2405 3805 2476 ἡμᾶς

2230 2500 2348 2561 ταῖς
2387 2500 2694 2569 συμφοραῖς
2720 2497 3160 2561 ταπεινωθέντας
3189 2496 3314 2550 ῑδὼν
3334 2498 3439 2568 τῆς
3466 2497 3672 2560 οἰκείας
3699 2497 3808 2548 ἐπι-

2231 2588 2459 2657 κουρίας
2492 2586 2748 2656 ἠξίωσεν.

2304 2677 2371 2741 ζ’.
2408 2696 2428 2730 ι
2483 2677 2862 2748 Ἐπίστρεψον,
2899 2677 3045 2749 ψυχή
3082 2696 3206 2749 μου,
3237 2681 3318 2741 είς
3365 2678 3470 2748 τὴν
3522 2676 3809 2733 ἀνάπαυσίν

2233 2788 2350 2837 σου,
2379 2771 2460 2823 ὅτι
2488 2769 2690 2842 Κύριος
2720 2770 3059 2840 εὐηργέτησε
3104 2788 3184 2824 σε.
3230 2789 3251 2822 ι
3303 2770 3808 2841 Παραθαρρὐουσιν

2233 2862 2480 2924 ἑαυτοὺς,
2509 2862 2603 2913 καὶ
2634 2861 3047 2931 παραθήγουσιν
3081 2863 3160 2924 είς
3186 2860 3465 2932 ἀνδρείαν,
3502 2862 3612 2915 τῶν
3666 2859 3810 2913 θείων

2232 2950 2564 3022 εὐεργεσιῶν
2608 2952 3020 3014 ὑποδεικνύντες
3067 2952 3128 3004 τὸ
3181 2951 3384 3021 πλῆθος
3425 2954 3491 3020 ⁸⁷,
3542 2954 3638 3006 καὶ
3679 2951 3808 3005 διδάο

2234 3060 2425 3097 σκουσι
2460 3043 2503 3074 ³⁸
2540 3045 2682 3112 σφᾶς
2717 3044 2938 3108 αὐτοὺς,
2965 3044 3047 3097 ὃτι
3091 3045 3194 3098 κᾶν
3242 3045 3332 3097 τὸν
3368 3045 3515 3116 ὑπὲρ
3542 3045 3808 3105 εὐσεδείας

2236 3132 2635 3200 καταδέξωνται
2666 3135 2915 3201 θάνατον,
2945 3137 3027 3200 εἰς
3064 3134 3157 3188 τὸν
3210 3136 3436 3208 θυμήρη
3488 3139 3585 3193 καὶ
3624 3138 3812 3191 ἄλυπον

2238 3220 2701 3292 μετατεθήσονται
2734 3220 2869 3290 βίον.
2917 3220 3296 3276 Ἀνάπαυσιν
3327 3224 3442 3294 γάρ
3469 3223 3677 3276 ἐκεῖνον
3701 3218 3814 3273 ἑκά-

2233 3312 2379 3365 λεσε.
2412 3311 2573 3381 Δηλοῖ
2595 3311 2653 3364 δὲ
2685 3310 2844 3364 τοῦτο
2888 3312 2982 3364 καὶ
3013 3313 3079 3365 τά
3118 3312 3518 3382 ἐπιφερόμενα.

2302 3398 2374 3469 η’,
2404 3400 2468 3454 θ’.
2505 3418 2524 3451 ι
2564 3400 2686 3452 ’Ότι
2714 3400 2951 3463 ἐξείλετο
2977 3402 3020 3433 ⁸³
3041 3401 3139 3472 τὴν
3171 3402 3350 3473 ψυχήν
3397 3420 3506 3472 μου
3561 3404 3625 3455 ὲκ
3667 3397 3817 3453 θανά.

2232 3507 2348 3553 του,
2384 3490 2509 3552 τοὺς
2536 3489 2849 3558 ὀφθαλμούς
2881 3506 2983 3560 μου
3009 3490 3119 3544 ἀπὸ
3141 3490 3416 3561 δακρύων,
3442 3493 3541 3546 καὶ
3571 3493 3696 3553 τοὺς
3731 3488 3816 3542 πό·

2232 3579 2329 3642 δας
2379 3597 2480 3649 μου
2540 3581 2648 3632 ἀπὸ
2687 3580 3071 3651 ὀλισθήματος.
3105 3581 3482 3652 Εὐαρεστήσω
3521 3585 3567 3614 ¹⁰
3599 3581 3815 3636 ἐνώπιον

2232 3670 2440 3740 Κυρίου
2476 3673 2534 3723 ὲν
2581 3671 2735 3741 χώρα
2787 3670 3027 3735 ζώντων.
3066 3691 3084 3724 ι
3117 3673 3326 3740 Χώραν
3374 3674 3436 3728 δὲ
3489 3675 3738 3737 ζώντων,
3763 3670 3817 3723 οὐ

2233 3758 2325 3811 τὸν
2364 3760 2609 3828 παρόντα
2666 3758 2781 3830 βίον
2830 3761 3010 3827 καλεῖ,
3040 3764 3097 3815 ἐν
3121 3756 3166 3828 ᾦ
3198 3762 3410 3832 θρῆνοι,
3442 3765 3540 3818 καὶ
3584 3759 3818 3834 ὀδυρμοὶ,

2234 3851 2327 3905 καὶ
2349 3852 2515 3915 νόσοι,
2555 3852 2650 3906 καὶ
2677 3853 2922 3920 θάνατοι,
2952 3855 3048 3907 καὶ
3079 3855 3370 3924 ἁμαρτίαι,
3395 3857 3496 3910 καὶ
3515 3854 3816 3926 συμφοραὶ,

2234 3941 2372 3996 ἀλλὰ
2395 3942 2488 3996 τὸν
2517 3943 2725 3999 τούτων
2749 3944 3010 3999 ἁπάντων
3053 3944 3482 4015 ἀπηλλαγμένον
3525 3947 3663 4018 βίον,
3694 3947 3748 3998 ὲν
3780 3935 3818 4010 ᾧ

2233 4035 2620 4107 ἀταλαίπωρος
2643 4037 2743 4104 τῆς
2763 4037 2965 4107 ἀρετῆς
2987 4039 3020 4106 ἡ
3055 4037 3268 4105 κτῆσις,
3321 4038 3423 4091 καὶ
3474 4040 3602 4109 δίχα
3654 4038 3818 4092 πόνων

2234 4128 2262 4177 ὁ
2297 4126 2395 4196 τῆς
2425 4126 2774 4197 δικαιοσύνης
2806 4127 3162 4199 προσγίνεται
3181 4128 3435 4192 πλοῦτος.
3471 4133 3538 4184 οι
3557 4130 3669 4200 γὰρ
3693 4126 3818 4198 μετά

2235 4218 2412 4271 πόνων
2445 4218 2680 4272 ἐνταῦθα
2714 4218 2901 4273 τοῦτον
2937 4218 3216 4289 θελὸμενοι
3241 4222 3283 4252 ²¹
3310 4224 3666 4291 συναγεῖραι,
3700 4218 3819 4272 πολ-

2233 4306 2700 4361 λαπλασιάσουσιν
2730 4309 2895 4362 αὐτὸν
2925 4310 2971 4340 ⁸³
3002 4310 3182 4363 πόνων
3204 4311 3372 4381 χωρίς
3393 4327 3409 4341 ·
3447 4312 3544 4366 τὸν
3567 4309 3819 4382 χαριστή-

2238 4414 2352 4467 ριον
2381 4398 2560 4451 τοίνυν
2593 4399 2638 4430 ’³
2668 4397 2836 4468 ὕμνον
2870 4400 3293 4471 προσφέρουσιν,
3318 4401 3398 4464 ὡς
3443 4403 3558 4455 τῶν
3604 4404 3702 4473 μὲν
3729 4400 3818 4467 ὀφ-

2235 4488 2459 4557 θαλμῶν
2488 4488 2582 4542 τοῦ
2615 4489 2875 4560 δακρύειν
2904 4490 3349 4557 ἀπαλλαγέντων,
3395 4492 3513 4546 τῶν
3547 4493 3606 4549 δὲ
3652 4490 3818 4546 ποδῶν

2234 4577 2324 4632 τὸν
2353 4578 2642 4649 ὀλισθηρὸν
2683 4578 2797 4649 βίον
2854 4579 3257 4650 διαφευγὸντων
3279 4582 3345 4646 ³⁵,
3381 4584 3490 4654 τῆς
3545 4584 3604 4641 δὲ
3653 4581 3818 4654 ψυχῆς

2236 4666 2518 4738 διαδράναι
2567 4668 2891 4740 δυνηθείσης
2937 4670 3035 4740 τῆς
3068 4671 3343 4741 ἁμαρτίας
3400 4676 3499 4728 τὸν
3556 4674 3814 4728 θάνατον’

2235 4760 2332 4813 καὶ
2373 4759 2683 4813 διδάσκουσι
2730 4764 2869 4829 σφᾶς
2904 4762 3103 4824 αὐτοὺς
3139 4763 3387 4831 ἐνεγκεῖν
3427 4765 3700 4832 γενναίως
3728 4763 3818 4822 τὰς

2236 4851 2345 4905 τῶν
2366 4852 2633 4921 ἀλγεινῶν
2658 4853 2988 4924 προσσολὰς,
3021 4855 3117 4910 καὶ
3145 4854 3240 4908 τοῦ
3267 4854 3512 4909 θανάτου
3548 4869 3819 4927 καταφρο-

2235 4946 2420 5015 νῆσαι,
2483 4945 2560 5012 ὡς
2614 4946 2761 5019 ζωῆς
2803 4946 3012 5002 ἀλύπου
3079 4945 3474 5021 διαδεχομένης
3515 4949 3612 5004 τὸν
3665 4947 3819 5003 θάνα-

2234 5050 2344 5093 τον.

1660 5322 1897 5381 ΥΑΡιΙᾸΕ
1942 5323 2332 5380 LECTIONES
2367 5322 2451 5377 ΕΤ
2474 5322 2708 5382 NOTAE.

615 5546 921 5602 η’Ἔταπ.
990 5543 1153 5599 Hebr.
1225 5542 1542 5617 ᾼζιρῃιιαζιιε
1602 5513 1738 5601 sum.
1817 5547 1860 5579 ¹⁶
1905 5549 2034 5601 Ὁ-
2062 5546 2128 5602 ἕο

2231 5544 2263 5601 ἐ
2299 5564 2395 5617 με.
2446 5546 2580 5617 Des.
2642 5548 2696 5602 in
2753 5546 2875 5602 eod.
2906 5547 2960 5601 Ι.
3038 5547 3082 5579 ⁸⁷
3116 5547 3185 5602 Τὸ
3221 5546 3486 5616 πλῆθος.
3530 5547 3657 5604 Des.
3694 5544 3820 5601 ibid.

552 5625 596 5657 ιι
619 5620 742 5674 cod.
766 5621 787 5673 ι
811 5619 1177 5677 διδάσκοντες.
1258 5611 1300 5642 ³⁸
1317 5610 1630 5673 Ἐξειλετο.
1658 5617 1820 5671 Hebr.
1848 5617 1941 5671 Eri

1943 5619 2127 5686 puim'.

2231 5617 2250 5648 °
2266 5615 2699 5686 Εὐαρεστήσω.
2722 5616 2887 5672 Hebr.
2904 5616 3197 5673 Ambulubo
3227 5615 3407 5671 coram
3434 5617 3663 5673 Jehova.
3683 5617 3823 5688 Syr.:

557 5688 626 5745 Ut
656 5701 837 5759 gratus
873 5690 972 5739 sim
1000 5680 1420 5759 coram‘Jghova.
1495 5685 1544 5759 f‘_
1567 5680 2128 5759 Gsxdysrpt.eod.ln

2231 5680 2407 5759 μενοιξ
2468 5688 2514 5719 ³³
2541 5680 2763 5741 Αὐτόν.
2795 5690 2918 5742 cod.
2947 5689 3139 5759 Ladd.
3169 5689 3303 5754 ἐκεῖ,
3332 5704 3505 5756 quam
3544 5680 3820 5744 lectionem

555 5750 753 5816 Carafa
778 5755 1068 5826 expressit.
1143 5756 1189 5789 ³⁸
1220 5750 1452 5807 Τοίνυν.
1484 5755 1649 5810 Abest
1681 5750 1864 5812 a'ood.
1899 5756 1951 5822 1,
1980 5758 2070 5827 qui
2107 5757 2128 5812 l

2231 5750 2270 5813 ξι
2288 5757 2344 5812 δὲ
2374 5766 2499 5814 ante
2523 5761 2898 5830 χαριστήριον.
2976 5757 3022 5790 ²¹⁶
3045 5757 3167 5814 cod.
3205 5759 3230 5814 i
3264 5750 3671 5829 διαφυγόντων.
