2057 3209
218 125 227 157 1
239 127 286 157 ·ῑ‹]3

716 125 961 156 TIIEODORETI
983 126 1153 157 EPISCOPI
1169 124 1353 156 CYRENSIS

1780 121 1848 153 18οί

216 184 359 217 passiones
374 181 475 210 Christi
492 182 518 209 in
536 181 626 214 nobis,
652 181 687 208 ita
704 181 824 208 abundat
850 189 897 216 per
923 181 1004 208 Chri-

1058 180 1179 216 ριοσεύει
1193 180 1227 207 τὰ
1245 180 1397 216 παθήματα
1408 179 1456 206 τοῦ
1481 179 1599 214 Χριστοῦ
1619 178 1659 210 είς
1673 179 1757 214 ἡμᾶς,
1775 178 1849 205 οὕτω

215 233 287 255 stum
302 228 456 255 consolatio
469 233 562 255 nostra
576 234 599 255 υ.
616 237 624 253 ι
643 227 700 255 lloe
716 227 798 254 etiam
810 227 907 254 beatus
922 226 1005 254 David

215 275 284 302 dixit
301 284 307 301 :
329 284 338 300 ι
354 274 508 302 Secundum
523 274 725 301 multitudinem
738 273 862 300 dolorum
881 280 1005 300 meorum

215 322 416 349 consolationes
429 326 480 348 tute
497 320 703 348 laetiticaverunt
715 320 835 347 animam
850 327 939 347 meam
959 319 979 346 ι.
993 328 1003 345 ι

250 424 333 452 Vens.
357 425 384 452 4.
404 434 413 450 ι
440 424 560 452 Calicem
589 425 685 453 salutis
700 424 842 459 accipiam,
863 429 890 452 et
906 432 1005 452 nomen

215 467 324 495 Domini
339 469 481 497 invocabo.
508 479 517 495 ›
535 469 615 497 Decet
633 471 716 505 igitur
733 470 864 497 audacter
882 477 931 504 pro
947 470 1007 503 ipso

215 519 330 542 mortem
348 515 450 547 subire,
471 521 497 542 et
513 516 583 543 hanc
597 516 845 543 remunerationem
863 523 912 550 pro
923 516 1007 542 variis

216 561 352 588 beneﬁciis
377 562 451 588 dare.
481 561 598 589 Calicem
622 562 695 589 enim
729 562 828 588 salutis
861 562 1006 597 appellavit

215 610 330 633 mortem
348 613 397 640 pro
413 606 545 641 religione
561 607 674 633 obitam.
693 606 738 633 Sic
750 606 821 633 enim
834 612 861 634 et
876 607 1006 634 Dominus

215 651 347 678 nominat.
365 661 373 676 ι
392 652 472 678 Pater
482 652 567 682 enim.
579 653 628 683 ait.
641 652 664 679 si
677 652 806 686 possibile
818 656 868 684 est,
887 657 1007 679 transeat

215 705 229 725 a
250 705 293 724 me
315 698 385 725 calix
409 698 461 725 iste
479 703 503 724 ιι.
524 707 533 723 ι
563 698 596 724 Et
621 698 814 732 Apostolorum
835 698 903 732 bigae
930 705 1006 724 com-

214 744 429 771 municationem
443 744 519 779 regni
531 744 679 778 postulanti
689 744 729 771 sic
743 745 887 778 respondet
901 753 906 771 :
926 753 935 769 ι
954 742 1005 770 Po-

214 789 292 816 testis
307 789 403 816 bibere
417 789 541 822 ealicem,
557 797 636 824 quem
652 798 702 824 ego
718 789 854 817 bibiturus
869 797 929 816 sum
945 794 958 808 ν
971 789 1001 815 ’ίι

214 834 241 861 ΙιΙ
270 835 366 869 igitur,
387 835 486 870 inquit,
505 840 531 863 et
554 836 605 863 hoc
627 836 689 863 loco
717 836 839 871 praeclari
857 840 883 862 et
908 836 1002 870 optimi

214 880 325 914 pietatis
340 881 449 908 athletae
466 886 495 908 ut
509 882 609 908 iaciant
625 890 654 909 se
671 882 745 916 ipsos
760 882 941 908 adhortantur
958 890 964 908 :
980 886 1007 908 et

215 926 287 953 hanc
309 927 524 961 prortthsionem
552 927 658 963 1423
684 928 839 962 perliciunt,
859 928 1006 956 tribulibus

214 979 309 999 eorum
329 973 515 1004 cernentibus,
535 977 565 999 ut
588 977 615 1000 et
636 973 710 1007 ipsos
736 973 762 1000 in
787 973 913 1000 eumdem
929 981 1007 1000 arno-

215 1026 271 1044 rem
287 1019 447 1046 accendant.
473 1019 576 1047 Deinde
596 1019 694 1047 mortis
719 1020 803 1055 hujus
822 1019 942 1047 fructum
957 1020 1006 1047 de-

215 1069 382 1091 monstrant.
964 1071 967 1074 '

249 1192 333 1221 Vcns.
365 1194 390 1226 5,
422 1194 449 1221 6.
474 1203 483 1220 ι
515 1193 585 1222 Vota
611 1203 672 1223 mea
700 1194 816 1223 Domino
844 1196 957 1223 reddam
978 1196 1005 1235 in

214 1244 364 1275 conspectu
382 1241 473 1268 omnis
489 1242 582 1276 populi
608 1242 678 1276 ejus.
694 1241 817 1269 Pretiosa
837 1247 880 1270 est
896 1243 924 1269 in
941 1250 1007 1270 eon-

214 1291 308 1321 spectu
331 1287 441 1314 Domini
459 1295 534 1315 mors
554 1294 713 1315 sanctorum
730 1289 801 1323 ejus.
826 1299 836 1315 ι
867 1288 895 1316 Si
913 1294 1005 1317 autem

216 1334 269 1360 Deo
294 1337 335 1361 est
362 1334 494 1368 pretiosa,
516 1334 627 1361 cuinam
654 1339 816 1362 sanctorum
843 1343 899 1363 non
923 1343 1007 1363 vene-

213 1380 314 1407 randa?

248 1435 331 1463 Vens.
347 1437 374 1463 7.
395 1446 403 1462 ι
424 1436 445 1464 0
462 1437 588 1470 Domine,
605 1446 655 1472 ego
670 1446 767 1466 servus
787 1442 849 1466 tuus
865 1446 938 1470 sum,
954 1446 1005 1474 ego

213 1489 310 1509 servus
328 1487 392 1509 tuus
407 1490 480 1514 sum,
499 1488 526 1510 et
542 1483 615 1510 [ilius
629 1483 735 1511 ancilla:
759 1488 822 1510 tuae.
843 1493 852 1509 ι
872 1483 899 1510 Si
923 1484 1006 1518 igitur

1057 225 1100 253 διὰ
1114 225 1234 262 Χριστοῦ
1256 225 1416 261 περισσεύει
1436 225 1483 252 καὶ
1498 225 1515 260 ή
1533 224 1708 260 παράκλησις
1726 225 1818 260 ἡμῶν.
1836 234 1847 251 ι

1056 271 1142 299 Τοῦτο
1157 272 1203 299 καὶ
1218 273 1231 298 ὁ
1254 271 1389 307 μακάριος
1408 270 1460 306 ἔφη
1482 270 1564 297 Δαΰίδ
1576 279 1583 286 ·
1602 280 1611 296 ‹
1631 271 1710 298 Κατὰ
1732 270 1764 297 τὸ
1778 270 1851 306 πλῆ-

1056 318 1102 349 οος
1116 317 1172 344 τῶν
1188 317 1289 344 ὀδυνῶν
1312 326 1364 352 μου
1382 316 1405 332 ⁸⁸
1420 316 1449 343 αἱ
1468 316 1658 351 παρακλήσεις
1676 324 1723 342 σου
1744 315 1851 351 εὔφρα-

1056 373 1105 391 ναν
1118 372 1167 400 την
1182 363 1271 398 ψυχήν
1288 372 1350 398 μου.
1371 372 1380 388 ι

1092 421 1123 448 δ’.
1142 431 1151 447 ι
1172 421 1307 457 Ποτήριον
1340 420 1476 455 σωτηρίου
1498 419 1630 455 λήψομαι,
1647 421 1695 446 καὶ
1715 420 1746 446 τὸ
1762 420 1850 452 δνομα

1057 468 1160 503 Κυρίου
1184 467 1394 502 ὲπικαλέσομαι.
1411 477 1419 492 ι
1439 467 1578 502 Προσήκει
1593 467 1615 482 ⁸⁹
1631 466 1721 492 τοίνυν
1743 465 1850 501 Eappa—

1056 514 1125 544 λέως
1150 513 1195 540 τὸν
1220 514 1290 548 ὑπὲρ
1315 513 1398 540 αὑτοῦ
1429 513 1628 546 καταδέξασθαι
1653 512 1779 544 θάνατον,
1801 512 1851 538 καὶ

1056 559 1158 593 ταύτην
1171 559 1263 585 δοῦναι
1282 559 1332 593 τῆς
1355 559 1530 593 παντοδαπῆς
1561 557 1722 592 εὐεργεσίας
1743 557 1853 584 ἀντίδο⁴

1058 614 1110 632 σιν,
1128 605 1277 639 Ποτήριον
1299 604 1354 640 γὰρ
1371 605 1521 639 σωτηρίου
1541 604 1586 631 τὸν
1609 604 1680 640 ὑπὲρ
1701 604 1751 639 τῆς
1771 604 1852 630 εὐσε-

1057 651 1136 682 ϐείας
1150 651 1360 686 προσηγόρευσε
1380 651 1508 678 θάνατον.
1529 651 1609 677 Οὒτω
1629 651 1684 685 γὰρ
1699 651 1780 677 αὐτὸν
1792 650 1852 676 Κύ-

1057 707 1116 733 ριος
1130 697 1272 732 ὀνομάζει.
1286 706 1296 723 ι
1314 698 1406 733 Πάτερ
1420 698 1486 733 γὰρ,
1509 697 1602 732 φησὶν,
1615 698 1639 723 εἰ
1651 697 1767 725 δυνατὸν
1781 707 1855 735 παρ-

1057 744 1158 770 ελθέτω
1175 743 1206 770 τὸ
1223 744 1354 779 ποτήριον
1373 743 1454 770 τοῦτο
1472 742 1520 770 ἀπ’
1532 743 1611 778 ἐμοῦ.
1630 752 1639 768 ›
1658 744 1716 770 Καὶ
1739 746 1771 780 τῇ
1791 744 1855 777 ξυν-

1057 790 1135 825 ωρίδι
1154 789 1209 816 τῶν
1234 789 1393 816 ἀποστόλων
1415 789 1464 824 τὴν
1483 789 1627 816 κοινωνίαν
1646 789 1786 825 αῑτησάσῃ
1803 792 1854 825 τῆς

1058 835 1198 870 βασιλείας
1216 835 1249 867 ⁸⁸,
1263 834 1350 866 οὕτως
1363 834 1414 870 ἔφη
1428 842 1434 850 ⁵
1455 843 1465 861 ι
1482 834 1603 861 Δύνασθε
1626 836 1700 862 πιεῖν
1721 836 1751 862 τὺ
1765 837 1854 872 ποτή-

1058 890 1127 916 ριον,
1142 881 1156 907 ὃ
1172 880 1227 915 ἐγὼ
1242 880 1333 915 μέλλω
1347 881 1438 912 πιείν;
1458 889 1467 906 ι
1486 879 1571 906 Τοῦτο
1587 880 1679 908 τοίνυν
1692 881 1739 907 καὶ
1757 881 1854 908 ἐνταῦ-

1058 926 1091 953 θα
1106 927 1131 952 οἱ
1144 927 1263 960 γενναῖοι
1278 926 1325 952 καὶ
1339 925 1447 961 ἄριστοι
1461 925 1510 960 τῆς
1528 925 1671 958 εὐσεϐείας
1686 926 1852 960 ἀγωνισταὶ,

1058 972 1153 1007 φησὶν,
1181 972 1274 1003 αὐτοῖς
1292 971 1391 1006 δρᾶσαι
1421 971 1673 1006 παρακελεύονται’
1693 972 1798 1008 ταύτην
1822 973 1854 999 δὲ

1057 1018 1194 1054 πληροῦσι
1222 1017 1271 1052 τὴν
1290 1018 1439 1052 ὑπόσχεσιν
1464 1019 1520 1044 τῶν
1543 1017 1687 1052 ὁμοφύλων
1711 1018 1851 1053 ὁρώντων,

1056 1064 1131 1094 ὅπως
1148 1063 1180 1089 ἂν
1195 1063 1241 1089 καὶ
1255 1062 1355 1093 αὐτοὺς
1370 1062 1410 1093 εὶς
1440 1062 1486 1088 τὸν
1501 1062 1595 1097 ὅμοιον
1608 1062 1788 1098 παραοήξωσι
1802 1063 1854 1099 ζῆ-

1058 1109 1113 1135 λον.
1131 1106 1197 1134 Εἶτα
1231 1107 1386 1134 δεικνύουσι
1410 1107 1456 1135 τὸν
1485 1107 1583 1135 τούτου
1599 1108 1619 1124 ⁶¹
1634 1108 1751 1136 θανάτου
1778 1118 1852 1146 κοιρ-

1058 1155 1119 1181 πον.

1093 1199 1125 1232 ε’,
1136 1203 1173 1233 ς’.
1191 1209 1199 1225 ι
1209 1200 1265 1232 Τὰς
1274 1201 1295 1216 δ’
1309 1200 1392 1235 εὐχάς
1405 1208 1456 1235 μου
1467 1200 1507 1236 τῷ
1518 1200 1613 1236 Κυρίῳ
1628 1199 1762 1227 ἀποδώσω
1774 1200 1853 1228 ἐναν-

1056 1247 1113 1273 τίον
1126 1247 1226 1278 παντὸς
1242 1246 1288 1273 τοῦ
1306 1245 1372 1273 λαοῦ
1385 1246 1480 1273 αὑτοῦ.
1494 1246 1591 1281 Τίμιος
1608 1246 1731 1273 ἐναντίον
1743 1246 1851 1282 Κυρίου

1056 1294 1070 1319 ὁ
1085 1292 1201 1324 θάνατος
1213 1292 1267 1319 τῶν
1278 1292 1360 1319 ὁσίων
1376 1291 1471 1319 αὐτοῦ.
1490 1302 1499 1318 ν
1517 1292 1548 1319 Et
1562 1292 1590 1318 δὲ
1600 1291 1660 1327 Θεῷ
1678 1292 1780 1327 τίμιος,
1795 1291 1853 1319 τίνι

1055 1339 1110 1366 τῶν
1126 1339 1207 1366 ὁσίων
1218 1339 1248 1366 οὐ
1270 1339 1420 1374 σεϐάσμιος
1433 1348 1441 1371 ;

1093 1439 1128 1471 ζ’.
1150 1449 1159 1465 ‹
1183 1437 1219 1465 Ὠ
1236 1439 1334 1471 Κύριε,
1356 1437 1411 1472 ἐγὼ
1425 1437 1517 1470 δοῦλος
1533 1438 1580 1469 σός
1593 1446 1600 1454 ‘
1615 1437 1671 1471 ἐγὼ
1683 1437 1777 1469 δοῦλος
1791 1438 1851 1471 σὸς,

1057 1486 1104 1512 καὶ
1120 1486 1177 1517 υἱὸς
1191 1486 1241 1520 τῆς
1266 1484 1415 1519 παιδίσκης
1439 1492 1498 1511 σου.
1525 1493 1535 1509 ι
1564 1483 1629 1510 Ἐὰν
1656 1484 1707 1519 μὲν
1724 1482 1771 1511 οὖν
1791 1483 1853 1516 ἀξι-

212 1532 328 1555 mortcm
354 1528 427 1555 illam
455 1529 638 1556 admiratione
667 1530 778 1565 dignam
806 1530 1003 1563 subiverimus,

1058 1531 1176 1565 ἁγαστον
1193 1532 1296 1557 ἐκεῖνον
1312 1530 1504 1564 ὑπομείνωμεν
1517 1529 1642 1562 θάνατον,
1654 1530 1703 1565 τῆς
1718 1530 1794 1564 παρὰ
1802 1530 1851 1556 τοῦ

212 1575 327 1608 gloriam
340 1579 366 1601 et
380 1575 514 1603 honorem
528 1583 543 1602 a
557 1575 612 1602 Deo
626 1583 840 1611 consequemur,
856 1581 883 1604 et
896 1581 1007 1603 aeternae

212 1620 353 1647 memorize
376 1621 478 1648 famam
503 1622 702 1656 relinquemus.
730 1621 758 1649 Si
791 1629 856 1649 vero
881 1622 1007 1649 hostibus

212 1667 372 1701 superiores
402 1666 478 1698 l'aeti,
507 1667 617 1694 illorum
642 1668 728 1695 aciem
753 1667 1005 1702 proﬂigaverimus,

214 1713 348 1745 hymnum
374 1712 527 1746 gratiarum
554 1713 673 1740 actionis
693 1712 810 1739 Domino
838 1713 1004 1746 oﬁercmus,

211 1758 371 1784 servitutem
399 1757 572 1790 conﬁtentes,
600 1762 627 1784 et
655 1758 725 1785 hanc
745 1766 778 1784 ex
795 1757 1006 1791 majoribusst

213 1802 314 1829 habere
342 1802 503 1837 gloriantes.
529 1801 661 1830 Homines
687 1804 760 1830 enim
784 1803 887 1830 servire
905 1804 1002 1837 coacti,

212 1848 361 1882 aliquando
377 1848 496 1883 majores
522 1856 552 1876 se
573 1848 703 1876 habuisse
722 1849 823 1877 liberos
844 1848 1003 1883 gloriantur.

212 1893 339 1921 Benevoli
356 1893 491 1921 vero-Dei
519 1894 591 1922 servi
613 1895 773 1922 servitutem
796 1902 830 1922 ex
852 1894 1005 1930 majoribus

210 1947 240 1967 se
259 1939 361 1967 habere
376 1940 556 1973 conﬁtentur,
575 1941 722 1967 maximam
737 1941 851 1976 gloriam
868 1940 1004 1975 ejusmodi

210 1985 370 2012 servitutem
388 1985 488 2013 merito
502 1993 564 2014 esse
578 1987 732 2014 credentes.
761 1996 769 2012 ι
790 1986 922 2021 Dirupisti
944 1987 1005 2014 vin-

208 2031 270 2058 cula
288 2038 360 2058 mea.
385 2040 394 2057 ι
410 2031 432 2058 Α
446 2033 543 2061 multis
558 2034 731 2068 diversisque
747 2033 951 2061 calamitatibus
961 2040 1005 2060 me

207 2076 340 2104 liberasti.

244 2173 328 2202 Vens.
348 2174 424 2201 8-10.
448 2184 457 2201 ι
488 2175 548 2203 Tibi
572 2175 738 2204 sacriﬁcabo
762 2176 880 2204 hostiam
901 2176 1002 2209 laudis,

1057 1576 1124 1603 Θεοῦ
1134 1577 1217 1611 τιμῆς
1232 1575 1279 1605 καὶ
1289 1575 1370 1611 δόξης
1383 1575 1606 1611 ἀπολαυσὸμεύα,
1621 1576 1668 1602 καὶ
1684 1576 1852 1611 ἀείμνηστον

1057 1614 1260 1657 καταλείψομεν
1277 1622 1367 1653 κλέος.
1386 1622 1417 1648 Εἰ
1432 1622 1461 1648 δὲ
1476 1622 1621 1657 κρείττους
1640 1622 1695 1649 τῶν
1710 1622 1853 1657 πολεμίων

1057 1669 1207 1704 γινόμενοι,
1233 1668 1283 1703 τὴν
1310 1667 1423 1694 ἐκείνων
1455 1667 1630 1702 σκεδάσωμεν
1648 1668 1787 1702 φάλαγγα,
1803 1668 1851 1695 τὸν

1057 1714 1237 1750 χαριστήριον
1252 1713 1337 1748 ὕμνον
1365 1713 1402 1748 τῷ
1426 1713 1550 1748 Δεσπότῃ
1576 1714 1771 1748 προσοίσομεν,
1800 1714 1852 1749 τὴν

1056 1759 1178 1786 δουλείαν
1192 1757 1398 1793 ὁμολογοῦντες,
1415 1758 1462 1784 καὶ
1485 1758 1587 1793 ταύτην
1607 1758 1680 1793 ἔχειν
1698 1759 1729 1785 ἐκ
1747 1759 1852 1794 προγό-

1056 1813 1111 1830 νων
1127 1803 1285 1839 αὺχοῦντες.
1310 1804 1342 1830 Ol
1374 1803 1423 1838 μὲν
1446 1803 1501 1838 γὰρ
1530 1803 1686 1839 ἀνθρώποις
1712 1804 1852 1831 δουλεύειν

1056 1850 1263 1884 ἠναγκασμένοι
1273 1848 1434 1883 ἐλευθέρους
1445 1849 1594 1884 ἐσχηκέναι
1610 1849 1763 1885 προγόνους
1774 1850 1852 1878 ἐστιν

1056 1895 1100 1921 ὅτε
1115 1894 1294 1929 σεμνύνονται
1308 1903 1315 1909 ·
1328 1894 1353 1920 at
1364 1893 1393 1920 δὲ
1408 1894 1481 1920 εὖνοι
1494 1893 1714 1929 Θεραπεύσαντες
1721 1896 1769 1921 τοῦ
1780 1894 1852 1922 Θεοῦ

1055 1940 1104 1975 τὴν
1121 1942 1152 1967 ἐκ
1169 1940 1311 1975 προγόνων
1328 1940 1400 1975 ἔχειν
1422 1940 1584 1975 ὁμολογοῦσι
1612 1940 1746 1972 δουλείαν,
1769 1941 1853 1975 μεγί-

1057 1995 1124 2022 στην
1143 1987 1194 2021 τὴν
1211 1986 1342 2021 τοιαύτην
1356 1985 1481 2013 δουλείαν
1496 1985 1623 2012 εὔκλειαν
1639 1986 1662 2001 ⁸³
1678 1987 1794 2017 είκότως
1810 1985 1852 2013 εἷ-

1055 2040 1100 2058 ναι
1114 2031 1299 2062 πιστεύοντες.
1319 2041 1328 2057 ι
1356 2030 1509 2066 Διὲρῤηξας
1526 2031 1589 2062 τοὺς
1610 2031 1727 2065 δεσμούς
1754 2040 1817 2066 μου.
1838 2042 1849 2058 ι

1055 2077 1116 2102 Τῶν
1132 2076 1239 2102 πολλῶν
1253 2085 1305 2112 μου
1328 2076 1375 2102 καὶ
1398 2076 1536 2111 διαφόρων
1563 2075 1712 2111 συμφορῶν
1734 2076 1851 2111 ἠλευθέ-

1056 2131 1157 2157 ρωσας.

1088 2181 1159 2214 η’-ι’.
1178 2187 1186 2202 ι
1206 2178 1252 2204 Σοὶ
1264 2176 1338 2204 ούσω
1352 2177 1447 2204 ουσίαν
1458 2177 1600 2209 αἰνέσεως,
1621 2177 1669 2204 καὶ
1687 2177 1716 2204 ὲν
1734 2177 1851 2212 ὀνόματι

208 2225 235 2246 et
252 2228 350 2247 nomen
365 2220 476 2248 Domini
489 2221 635 2250 invocabo.
648 2222 718 2250 Vota
731 2230 791 2250 mea
807 2222 924 2249 Domino
939 2223 1002 2249 red-

1056 2224 1157 2259 Κυρίου
1189 2223 1400 2258 ὲπικαλέσομαι.
1428 2223 1484 2255 Τὰς
1511 2223 1593 2258 εὐχάς
1620 2232 1672 2258 μου
1693 2223 1732 2258 τῷ
1750 2224 1851 2259 Κυρίῳ

207 2267 269 2293 dam
288 2266 314 2293 in
329 2273 477 2302 conspectu
497 2269 582 2296 totius
597 2269 689 2304 populi
704 2269 774 2304 ejus.
789 2271 797 2280 ‘
815 2270 841 2295 ln
857 2270 935 2297 atriis
952 2269 1001 2297 do-

208 2320 269 2339 mus
288 2312 407 2346 Domini,
424 2314 451 2341 in
466 2315 556 2342 medio
575 2316 625 2348 tui,
643 2323 659 2342 ο
675 2315 875 2351 Hierosolyma.
890 2324 900 2341 υ
918 2315 940 2342 Α
956 2323 1001 2343 ca-

207 2358 380 2386 lamitatibus
405 2364 495 2387 autem
516 2359 659 2393 liberatus,
681 2368 745 2396 erga
766 2360 896 2388 hem-ﬁcia
918 2361 1000 2388 mini-

207 2411 249 2430 me
265 2404 390 2440 ingratus
404 2412 452 2432 ero
469 2414 475 2432 :
493 2405 541 2432 sed
556 2405 645 2433 laudis
661 2406 826 2434 saerilicium
838 2407 885 2434 tibi
902 2414 997 2441 repen-

208 2449 271 2475 dam
287 2469 294 2481 ,
318 2450 506 2485 bymnumque
534 2451 685 2485 gratiarum
700 2453 828 2485 actionis,
851 2453 999 2481 tribulibus

205 2495 335 2523 omnibus
347 2495 416 2523 meis
433 2496 621 2531 cernentibus,
641 2501 668 2525 et
693 2499 756 2526 hinc
772 2499 917 2527 utilitatem
935 2506 994 2534 per-

242 2597 254 2613 ι
282 2593 303 2621 ll
319 2592 385 2622 Cor.
401 2601 420 2628 ι,
442 2594 502 2622 5-5.
563 2595 574 2614 ι
597 2594 670 2623 Psal‘.
698 2604 775 2630 xcnt,
804 2599 848 2627 19.

1055 2270 1188 2297 ἀποδώσω
1200 2269 1321 2296 ἐναντίον
1333 2269 1433 2300 παντὸς
1441 2268 1489 2295 τοῦ
1500 2269 1565 2295 λαοῦ
1580 2269 1674 2296 αὑτοῦ.
1695 2270 1739 2296 Ἐν
1752 2271 1851 2303 αὐλαῖς

1054 2317 1128 2343 οἴκου
1146 2315 1259 2351 Κυρίου,
1276 2316 1304 2341 ἐν
1319 2315 1394 2350 μέσῳ
1414 2324 1473 2348 σου,
1495 2315 1684 2351 Ἰερουσαλήμ.
1710 2325 1719 2341 ›
1744 2316 1850 2342 Ἀτταλ-

1054 2362 1147 2396 ).οιγε“ις
1162 2361 1189 2388 δὲ
1204 2361 1260 2388 τῶν
1277 2361 1436 2397 συμφορῶν,
1447 2362 1497 2388 οὐκ
1510 2362 1609 2397 ἔσομαι
1626 2362 1688 2397 περὶ
1703 2361 1752 2393 τὰς
1765 2362 1850 2396 εὐερ-

1053 2408 1148 2442 γεσίας
1163 2406 1309 2442 ἀγνώμων,
1325 2407 1395 2434 ἀλλὰ
1417 2407 1466 2443 τὴν
1494 2407 1544 2442 τῆς
1567 2407 1698 2439 αινέσεως
1712 2407 1850 2434 ἀποδώσω

1053 2462 1094 2480 σοι
1109 2454 1133 2470 δι
1146 2454 1253 2486 θυσίαν,
1281 2454 1329 2480 καὶ
1345 2454 1391 2480 τὸν
1417 2455 1596 2489 χαριστήριον
1620 2454 1705 2489 ὕμνον
1732 2454 1847 2486 ὲκτίσω,

1052 2501 1163 2527 πάντων
1175 2500 1302 2535 ὁρώντων
1329 2500 1384 2526 τῶν
1409 2499 1564 2535 ὁμοφύλων,
1578 2500 1625 2527 καὶ
1652 2499 1702 2535 τὴν
1718 2499 1848 2526 ἐντεῦθεν

904 2603 917 2616 π
949 2597 1045 2625 Matth.
1075 2605 1151 2629 xxvi,
1177 2597 1221 2624 59.
1257 2602 1270 2617 ν
1293 2597 1390 2625 Matth.
1413 2606 1459 2630 xx,
1475 2596 1520 2624 22.

755 2684 873 2713 VARI/i=1
887 2685 1082 2713 LECTIONES
1107 2685 1152 2712 ET
1170 2685 1289 2713 ΝΟΤᾸΕ.

240 2751 430 2793 'jnlyovchd.
445 2753 456 2779 1
471 2752 535 2793 ρᾱιά.
551 2752 580 2778 ἂν
596 2753 629 2793 τῇ
642 2751 741 2793 καρδία
758 2761 820 2793 μου.
856 2753 1004 2793 ξ’Πρρσήκ

1056 2756 1213 2793 -θᾲνειτον,
1226 2755 1291 2793 _liaec
1303 2755 1413 2793 Origgti
1426 2757 1584 2793 tribuuntur
1599 2757 1670 2793 apud
1684 2755 1767 2793 Qord.
1778 2755 1802 2793 il.
1815 2763 1842 2793 _c.

203 2794 231 2837 Pu.
247 2787 327 2837 ἔξιτ’,
348 2786 371 2803 ιο
384 2788 556 2837 Βαςζιέειας,
568 2787 635 2837 cod.
652 2787 663 2813 t
679 2786 742 2837 add.
758 2787 813 2837 των
836 2786 985 2837 οὐρανὶὒᾚ

1056 2791 1111 2837 ξοάῖ
1130 2794 1141 2818 1
1159 2791 1294 2837 τοιούτου.
1333 2786 1430 2825 “Tac
1442 2808 1475 2815 —
1490 2792 1595 2821 αὑτοῦ.

1639 2800 1680 2820 es.
1697 2791 1725 2820 in
1736 2792 1797 2819 cod.
1813 2791 1841 2820 t.

245 2822 404 2849 Εὔκλειαν.
428 2822 495 2851 ibid.
511 2823 623 2858 ponitur
641 2825 704 2848 ante
727 2822 876 2858 μεγίστην(
911 2824 934 2840 ιδ
949 2826 1000 2853 Σοι

1056 2827 1111 2855 best
1126 2827 1215 2857 acod.
1233 2827 1259 2854 t.
