2057 3216
203 181 272 215 i805

883 179 921 210 ΙΝ
942 172 1044 208 PSAL.
1066 175 1165 208 CXVI.
1200 198 1205 199 ν

1769 179 1837 213 1806

202 242 297 277 ὄνησιν
312 240 526 276 καρπουμένων.
541 240 684 276 Προσοίσω
698 238 727 266 δὲ
740 239 790 275 τὴν
805 238 919 273 λογικὴν
927 236 994 263 ταὺ-

1052 236 1223 270 :ipienlibns,
1251 236 1375 265 omn-am.
1404 238 1512 274 1424
1538 237 1595 266 Hoc
1620 243 1711 266 autem
1730 240 1838 267 sacrili.

203 296 253 323 την
270 288 409 323 ἰερουγίαν
421 288 450 314 ὲν
476 287 515 323 τῷ
545 286 745 323 καθιερωμένῳ
757 286 796 321 τῷ
823 284 934 320 ὀνόματί
948 292 994 310 σου

203 333 267 368 νεῷ.
287 333 365 359 Ἐστι
377 333 467 360 τοίνυν
482 333 529 359 καὶ
555 332 681 359 ἐντεῦθεν
701 331 883 366 καταμαθεῖν,
896 330 933 362 ὠς
950 330 996 357 καὶ

204 379 252 406 τοῦ
272 380 356 415 νόμου
373 380 549 415 κρατοῦντος,
569 380 593 406 οἱ
614 378 873 414 πνευματικώτερον
893 377 932 412 τῷ
952 376 996 403 νό-

207 434 250 460 μῳ
265 425 486 461 προσεσχηκότες
506 425 556 456 τὰς
575 425 689 458 λογικὰς
712 425 808 456 θυσίας
822 424 876 450 τῶν
891 423 997 456 ἀλόγων

205 472 363 507 προετίμων
374 472 514 507 θυμάτων,
532 472 581 507 τὴν
604 472 701 506 καινὴν
718 471 849 507 διαθήκην
867 479 998 504 σκιογρα-

206 520 329 554 φοῦντες.
349 519 457 545 Εἰδέναι
476 519 509 554 δὴ
526 519 548 534 ⁸⁵
565 519 711 553 προσήκει,
731 519 769 550 ὡς
792 519 838 545 καὶ
856 518 923 543 πᾶσι
939 518 995 548 τοῖς

206 566 374 597 καλλινίκοις
393 565 528 600 μάρτυσιν
544 566 676 600 ἑκάτερος
693 565 824 600 ἁρμόττει
840 564 854 590 ὁ
868 563 975 598 ψαλμὸς
990 571 997 577 ο

205 612 221 638 6
237 612 291 646 γὰρ
305 611 386 643 αὐτὸς
402 611 448 637 καὶ
464 610 566 637 τούτων
589 610 723 637 κάκείνων
742 608 843 640 σκοπός
854 618 861 625 '
877 609 999 635 κάκεῖνοι

206 657 263 691 γὰρ
282 657 352 691 ὑπὲρ
366 655 414 682 τοῦ
428 657 524 691 νόμου,
548 656 595 682 καὶ
615 655 664 682 τοῦ
684 655 842 691 νομοθέτου,
871 654 917 681 τὸν
942 654 1000 687 ἀξι-

206 703 327 736 άγαστον
343 702 493 737 ὑπέμειναν
508 702 633 735 θάνατον,
652 704 699 729 καὶ
710 700 782 729 οὗτοι
797 702 847 736 τῆς
858 700 999 736 napo-551;;

208 748 281 782 ζωῆς
297 748 346 782 τὴν
359 748 430 783 ὑπὲρ
450 748 497 774 τοῦ
513 748 664 779 σεσωκὸτος
687 747 734 774 καὶ
753 747 798 774 τὸν
819 747 933 774 θάνατον
948 756 999 773 κα-

211 795 376 827 ταλύσαντος
393 795 548 831 προείλοντο
561 795 700 829 τελευτήν.

349 852 482 881 ΕΡΜΗΝ.
507 852 576 879 ΤοΥ
600 853 671 885 Ριςι
696 851 857 879 ΨΑΛΜΟΥ.

1046 281 1118 307 cium
1138 282 1271 310 rationale
1286 284 1312 310 in
1330 284 1429 318 templo
1445 285 1547 311 nomini
1564 289 1612 312 tuo
1628 291 1791 313 consecrato
1805 285 1839 313 tis

1048 328 1074 354 bi
1091 328 1214 356 ail‘eram.
1228 329 1297 357 iline
1316 330 1399 366 igitur
1412 331 1493 358 etiam
1517 331 1585 359 disci
1607 335 1705 367 potest,
1722 340 1755 359 eo
1771 340 1840 367 quo-

1048 383 1100 409 quc
1116 380 1236 410 tempore
1250 385 1312 404 eum
1332 374 1373 403 lex
1389 377 1590 409 dominaretur.
1616 386 1665 406 eos
1682 378 1728 413 qui
1749 379 1837 414 magis

1049 422 1200 449 secundum
1218 423 1344 457 spiritum
1362 421 1447 458 legem
1466 424 1654 457 attendebant,
1672 425 1778 452 hostias
1797 432 1841 452 ra-

1050 467 1164 495 tionales
1183 469 1303 496 victimis
1320 470 1424 498 ratione
1441 471 1598 498 carentibus
1612 471 1776 506 praetulisse,
1792 479 1842 498 no.

1051 520 1113 540 vum
1131 519 1323 542 testamentum
1337 517 1542 545 adumbrantes.
1564 518 1648 546 Decet
1673 526 1739 546 sane
1755 519 1839 550 scire.

1050 561 1179 588 omnibus
1193 562 1276 588 etiam
1292 563 1537 597 triumphatoribus
1553 565 1720 600 martyribus
1732 571 1837 592 utruntA

1051 615 1105 642 quc
1128 608 1262 642 psalmum
1290 617 1452 645 congruere.
1479 611 1551 637 Idem
1571 612 1643 639 enim
1666 612 1840 647 propositum

1051 658 1094 679 est.
1110 653 1209 681 horum
1234 659 1262 682 et
1279 654 1400 683 illorum.
1425 656 1464 683 illi
1485 657 1557 683 enim
1583 665 1631 692 pro
1656 658 1725 693 lege,
1747 663 1775 686 et
1791 666 1841 693 pro

1052 697 1208 733 legislatore
1242 706 1358 728 mortem
1388 702 1554 729 laudabilem
1579 704 1740 737 subierunt;
1764 709 1791 731 et
1814 705 1840 731 hi

1052 751 1100 778 pro
1131 743 1176 771 illo
1214 745 1260 780 qni
1287 746 1404 773 salutem
1438 744 1511 774 dedit
1538 752 1709 782 mortemque
1732 748 1839 780 evertit,

1052 795 1166 817 mortem
1185 789 1261 817 obire
1280 792 1436 819 maluerunt
1456 798 1538 826 quam
1562 793 1665 820 vivere.

1247 849 1386 879 ΙΝΤΕΒΡ.
1402 850 1530 879 PSALMI
1552 850 1645 878 CXVI.

251 910 447 943 ‘Allnlod‘t'a.
462 909 567 944 ’Ὑμνος
581 910 629 936 καὶ
644 907 720 941 οὗτος
746 910 829 936 πᾶσιν
844 908 999 944 ἀνθρώποις

1085 906 1210 934 Alleluia.
1229 906 1279 936 llic
1295 909 1377 935 etiam
1393 909 1513 944 hymnus
1527 910 1656 937 omnibtts
1683 910 1843 938 hominibus

208 956 360 991 ἁρμόττων,
392 955 613 990 Παρακελεύεται
637 955 691 990 γὰρ
711 956 727 989 ὴ
745 955 824 990 χάρις
851 953 898 980 τοῦ
917 953 999 980 Πνεῦ-

208 1011 292 1037 ματος
307 1003 371 1032 τοὺς
385 1003 434 1036 τῆς
452 1001 590 1036 σωτηρίας
610 1001 796 1035 τετυχηκότας
819 1000 937 1035 ὑμνῆσαι
954 999 999 1026 τὸν

206 1049 369 1083 εὐεργέτην.

243 1094 278 1121 α’.
294 1104 303 1120 ι
321 1094 427 1120 Αἰνεῖτε
446 1093 491 1120 τὸν
507 1094 620 1129 Κύριον,
643 1093 733 1120 πάντα
749 1093 782 1119 τὰ
800 1092 875 1119 ἔθντι.
892 1102 901 1119 ι
919 1092 999 1120 Κατὰ

206 1142 305 1169 ταυτὸν
325 1142 451 1173 ἃπαντας
477 1142 517 1172 εἰς
544 1141 652 1176 χορείαν
668 1141 691 1159 ⁸⁸
706 1140 806 1167 καλεῖ·
837 1139 924 1166 ἅπασι
948 1139 999 1174 γὰρ

206 1190 264 1219 τοῖς
297 1188 413 1220 ἔθνεσιν,
444 1188 492 1222 οὐχ
509 1187 624 1223 Ἕλλησι
647 1187 749 1222 μόνοις,
777 1186 824 1212 καὶ
842 1185 999 1221 Ῥωμαίοις,

207 1234 277 1262 ἀλλὰ
293 1235 340 1261 καὶ
352 1235 420 1261 πᾶσι
440 1234 600 1269 βαρῦάροις,
615 1233 665 1265 τὰς
683 1235 733 1268 τῆς
749 1232 887 1267 σωτηρίας
900 1231 999 1266 ὲχορή›

208 1289 294 1316 γησεν
307 1281 447 1316 ἀφορμὰς,
461 1281 517 1311 τοῖς
531 1282 615 1315 ἱεροῖς
633 1279 794 1310 ἀποστόλοις
805 1279 942 1310 διακόνοις
951 1278 1001 1313 τῆς

208 1327 371 1362 εὐεργεσίας
380 1327 564 1362 χρησάμενος.
575 1337 584 1352 ι
599 1326 781 1362 Πορευθέντες
792 1326 857 1361 γὰρ,
868 1325 930 1360 ἔφη,
947 1333 999 1359 μα-

208 1373 361 1408 θητεύσατε
378 1374 468 1400 πάντα
491 1373 524 1399 τὰ
547 1373 623 1408 ἔθνη,
640 1372 818 1407 βαπτίζοντες
843 1372 945 1403 αὐτοὺς
958 1372 1000 1402 εἰς

207 1419 240 1447 τὸ
260 1419 346 1454 ὄνομα
366 1419 413 1446 τοῦ
439 1419 614 1454 Πατρὸς,καὶ
628 1418 675 1445 τοῦ
690 1418 767 1451 Υίοῦ,
783 1419 828 1445 καὶ
850 1418 897 1444 τοῦ
921 1418 1000 1452 ἁγίου

208 1465 381 1500 Πνεύματος,
398 1465 573 1497 διδάσκοντες
588 1466 687 1496 αὐτοὺς
718 1466 811 1499 τηρεῖν
841 1465 930 1491 πάντα
950 1464 1001 1490 ὅσα

209 1511 390 1546 ἐνετειλάμην
413 1512 487 1546 ὑμῖν.
507 1521 517 1537 ›
542 1511 636 1546 Τούτῳ
663 1511 821 1545 πειθόμενοι
847 1510 886 1546 τῷ
913 1510 998 1545 νόμῳ,

209 1559 302 1586 πᾶσαν
316 1558 368 1593 γῆν
382 1558 430 1584 καὶ
445 1558 583 1584 θάλασσαν
600 1557 730 1592 ἔδραμον,
745 1556 793 1583 καὶ
809 1556 823 1582 ὁ
838 1555 861 1572 ⁸⁷
878 1556 928 1591 μὲν
948 1556 982 1582 Ὶν
992 1570 998 1575 -

208 1604 284 1636 δοὺς,
298 1604 312 1629 ὁ
322 1587 355 1630 ’δέ
370 1604 548 1638 Αἰγυπτίους,
563 1604 577 1629 ὁ
602 1587 638 1630 δὲ*
653 1587 787 1634 Ᾰιθίοπας
810 1587 970 1638 προσήγαγε
977 1603 1000 1619 ⁸⁸
1014 1587 1035 1616 c

208 1651 250 1686 τῷ
267 1651 388 1686 Χριστῷ.
411 1651 441 1677 '0
455 1650 483 1676 δὲ
514 1650 649 1685 μακάριος
664 1650 770 1682 Παῦλος
795 1650 916 1676 διδάσκει
940 1658 1002 1676 συν-

209 1696 314 1731 τόμως,
334 1697 406 1728 ὅσοις
422 1696 708 1731 Εθνεσιπροσενήνοχε
726 1696 759 1722 τὰ
780 1696 840 1723 θεῖα
856 1696 1002 1731 κηρύγμα-

208 1750 256 1773 τα,
273 1751 283 1768 ι
302 1742 373 1769 ὥστε
395 1742 450 1769 ἀπὸ
470 1742 650 1777 Ἰερουσαλὴμ
672 1742 765 1778 κύκλῳ
787 1742 867 1777 μέχρι
883 1742 930 1768 τοῦ
952 1742 1002 1768 Ἰλ-

209 1788 324 1825 λυρικοῦ
336 1789 550 1824 πεπληρωκέναι
559 1789 589 1815 τδ
598 1789 766 1823 Εὐαγγέλιον
778 1788 824 1815 τοῦ
840 1789 971 1825 Χριστοῦ.
989 1799 999 1815 ι

210 1836 250 1862 Οὐ
266 1835 320 1870 γὰρ
334 1835 442 1862 εὐθεῖαν
456 1835 513 1862 ὁδὸν
531 1834 640 1867 ὁδεύων,
659 1835 726 1861 ἀλλὰ
741 1835 774 1861 τὰ
800 1836 829 1861 ὲν
846 1836 921 1871 μέσῳ
935 1835 998 1871 ἔθνη

210 1881 372 1917 διακείμενα
388 1882 569 1917 περινοστῶν,
585 1881 619 1908 τὰ
633 1881 757 1916 σωτήρια
771 1881 923 1915 προσέφερε
939 1880 1003 1914 δόγ-

212 1936 298 1962 ματα.
323 1937 332 1953 ‹
354 1927 433 1954 Οὕτω
459 1927 487 1954 δὲ
504 1927 733 1962 φιλοτιμούμενον
761 1927 999 1961 εὐαγγελίζεσθαι,

209 1973 262 2008 οὐχ
273 1973 340 1999 ὅπου
356 1972 503 2006 ὠνομάσθη
521 1972 648 2006 Χριστὸς,
669 1971 713 1998 ἵνα
733 1972 770 2007 μὴ
791 1972 838 1998 ἐπὶ
861 1972 1001 2006 ἀλλότριον

210 2018 338 2054 θεμέλιον
350 2018 485 2053 οίκοδομῶ
497 2026 503 2033 ·
521 2018 590 2044 ἀλλὰ
606 2018 699 2050 καθὼς
713 2018 880 2053 γέγραπται,
894 2015 936 2049 οἷς
950 2019 1001 2045 οὐκ

209 2065 350 2100 ἀνηγγέλη
368 2065 433 2100 περὶ
448 2064 542 2098 αὐτοῦ,
557 2064 678 2100 ὄψονται,
690 2065 737 2091 καὶ
750 2064 774 2091 οἳ
785 2064 835 2092 οὐκ
852 2064 999 2100 ἀκηκόασι,

211 2111 384 2145 συνήσουσιν.
408 2120 417 2137 ι
432 2111 566 2146 ’Ὑστερον
604 2111 694 2145 μέντοι
729 2111 777 2137 καὶ
816 2111 867 2146 τῆς
886 2110 1001 2142 Ἰταλίας

210 2155 311 2190 ὲπέόη.
326 2156 374 2182 καὶ
391 2155 431 2187 είς
444 2155 495 2187 τὰς
519 2155 641 2186 Σπανίας
654 2155 677 2172 ⁸ο
692 2156 816 2190 ἀφίκετο,
835 2155 882 2182 καὶ
899 2157 957 2186 ταῖς
973 2156 1001 2181 ὲν

209 2201 251 2235 τῷ
268 2201 383 2234 πελάγει.
395 2201 582 2236 διακειμέναις
597 2202 689 2237 νήσοις
708 2202 757 2236 τὴν
770 2201 905 2235 ὠφέλειαν
915 2209 1001 2236 προσ-

1053 960 1207 988 congruens
1225 959 1278 981 est.
1289 955 1458 982 Adbortatur
1469 956 1541 983 enim
1554 956 1673 991 Spiritus
1690 957 1778 991 gratia
1796 963 1846 987 eos

1052 999 1099 1033 qui
1116 999 1233 1026 salutem
1246 1000 1337 1035 adepti
1350 1005 1424 1034 sunt,
1441 1005 1471 1028 ut
1483 1001 1610 1029 beneﬁcii
1626 1007 1767 1030 auctorem
1780 1002 1842 1029 laus

1050 1045 1125 1073 dent.

1087 1092 1169 1120 Vatis.
1192 1094 1219 1121 1.
1238 1103 1247 1119 ι
1268 1093 1392 1122 Laudato
1411 1094 1570 1128 Dominum,
1593 1102 1689 1123 omnes
1704 1101 1809 1131 gentes.
1830 1105 1839 1122 ι

1052 1138 1111 1166 Una
1135 1146 1232 1166 omnes
1257 1139 1284 1166 in
1309 1140 1437 1167 choream
1462 1145 1543 1167 vocat
1562 1150 1569 1167 :
1588 1141 1715 1168 omnibus
1743 1142 1843 1176 quippe

1052 1184 1189 1220 gentibus,
1213 1193 1268 1212 non
1298 1186 1380 1213 modo
1400 1186 1503 1214 Graecis
1526 1191 1554 1214 et
1574 1186 1721 1223 Romanis,
1746 1195 1841 1215 verum

1052 1231 1134 1258 etiam
1152 1232 1282 1259 omnibus
1297 1232 1433 1266 barbaris,
1453 1233 1552 1261 salutis
1573 1234 1746 1261 occasionem
1772 1241 1842 1268 pra:-

1052 1278 1121 1309 buit,
1150 1278 1237 1305 sacris
1271 1279 1406 1313 apostolis
1441 1284 1521 1307 utens
1545 1279 1669 1307 beneﬁcii
1697 1280 1842 1307 ministris.

1057 1334 1067 1350 ‹
1084 1324 1186 1353 Euntes
1201 1326 1286 1358 enim,
1304 1327 1402 1361 inquit,
1416 1327 1512 1355 docete
1526 1335 1622 1355 omnes
1634 1332 1739 1363 gentes,
1756 1328 1844 1363 bapti-

1052 1377 1146 1400 tantes
1160 1380 1207 1400 eos
1222 1373 1248 1400 in
1268 1374 1381 1401 nomine
1402 1374 1503 1407 Patris,
1527 1378 1554 1401 et
1572 1375 1646 1408 Filii,
1667 1380 1695 1402 et
1721 1374 1842 1409 Spiritus

1053 1418 1155 1449 sancti.
1187 1418 1320 1447 docentes
1336 1427 1387 1447 eos
1412 1427 1522 1447 servare
1547 1421 1639 1448 omnia
1673 1427 1844 1455 qumcunque

1052 1464 1179 1491 mandavi
1195 1465 1271 1492 vobis
1286 1469 1310 1492 ι.
1332 1474 1341 1491 ι
1360 1465 1429 1493 Huic
1445 1465 1496 1500 legi
1510 1466 1740 1501 obtemperantes,
1757 1472 1843 1494 totam

1052 1515 1152 1537 terram
1167 1515 1194 1538 et
1210 1519 1285 1538 mare
1305 1517 1511 1546 percurrerunt,
1526 1517 1553 1540 et
1575 1513 1620 1540 hic
1636 1513 1746 1548 quidem
1763 1513 1845 1541 Indos

1052 1557 1085 1583 ad
1101 1557 1242 1584 Christum
1259 1558 1383 1591 adduxit,
1401 1559 1445 1586 hic
1458 1567 1523 1586 vero
1539 1559 1692 1594 Egyptios,
1710 1560 1780 1587 alius
1793 1568 1843 1587 att-

1054 1608 1106 1630 tem
1122 1603 1275 1638 Ethiopes.
1298 1604 1328 1631 Et
1345 1605 1441 1632 beatus
1466 1604 1572 1641 1425
1596 1604 1699 1633 Paulus
1726 1607 1845 1633 breviter

1053 1648 1143 1680 docet,
1158 1654 1225 1683 quot
1239 1649 1366 1682 gentibus
1384 1650 1476 1677 divina
1499 1650 1634 1684 praeconia
1657 1651 1759 1684 attulit,
1780 1661 1788 1677 ι
1807 1651 1843 1680 Ut

1053 1696 1088 1721 ab
1105 1694 1294 1729 Hierosolyma
1311 1703 1359 1730 per
1377 1696 1522 1722 circuitum
1541 1704 1627 1731 usque
1648 1698 1680 1723 ad
1705 1698 1843 1733 Illyricum

1054 1740 1213 1775 repleverim
1230 1740 1405 1776 Evangelium
1422 1742 1524 1770 Christi
1538 1746 1563 1769 γ.
1585 1752 1593 1769 ι
1611 1742 1670 1770 Νοιι
1685 1744 1757 1771 enim
1770 1750 1845 1772 recta

1054 1787 1183 1814 incedens
1197 1786 1252 1819 via,
1269 1787 1315 1814 sed
1333 1792 1427 1822 gentes
1453 1795 1513 1822 qum
1532 1788 1558 1814 in
1578 1788 1668 1815 ntedio
1690 1794 1768 1816 erant
1792 1790 1847 1816 cir-

1054 1833 1189 1865 cumiens,
1205 1833 1335 1860 salutaria
1354 1834 1481 1867 dogmata
1498 1833 1639 1861 offerebat.
1659 1843 1668 1860 ι
1695 1834 1740 1862 Sic
1753 1841 1843 1862 autem

1053 1880 1194 1909 contendi,
1208 1879 1298 1914 inquit
1312 1884 1335 1910 ι,
1353 1879 1505 1914 praedicare
1521 1880 1699 1915 Evangelinm
1715 1881 1778 1912 hoc,
1791 1889 1843 1908 non

1053 1927 1062 1936 '
1079 1925 1124 1952 ubi
1145 1925 1301 1952 nominatus
1324 1930 1365 1952 cst
1387 1924 1525 1957 Christus.
1554 1933 1589 1953 ne
1616 1933 1698 1961 super
1722 1927 1842 1953 alienum

1053 1972 1262 1999 fundamentum
1276 1972 1452 2005 a'dillcarem,
1464 1973 1522 2005 sed,
1535 1973 1606 2000 sicut
1621 1973 1754 2007 scriptmn
1767 1978 1842 2005 est“,

1052 2017 1154 2053 quibus
1166 2024 1219 2044 non
1238 2021 1279 2044 est
1294 2016 1485 2044 annuntiatum
1499 2017 1532 2044 de
1545 2025 1578 2044 eo
1596 2018 1736 2050 videbunt,
1753 2022 1780 2044 et
1797 2019 1843 2053 qni

1052 2072 1106 2092 non
1128 2063 1276 2090 audierunt
1295 2063 1329 2090 de
1349 2070 1396 2095 eo,
1415 2063 1574 2097 intelligent.
1609 2073 1618 2089 )
1639 2063 1737 2090 Postea
1761 2064 1845 2099 igitur

1052 2111 1080 2137 in
1096 2109 1200 2136 italiam
1221 2108 1306 2141 venit,
1321 2113 1346 2136 ct
1371 2108 1397 2135 in
1414 2108 1558 2143 Hispanias
1573 2110 1707 2143 pervenit.
1725 2114 1751 2136 et
1765 2110 1843 2137 insu-

1052 2156 1096 2187 lis,
1112 2163 1173 2191 quae
1187 2155 1214 2182 in
1240 2155 1307 2181 mari
1323 2155 1426 2188 jacent,
1447 2155 1594 2182 utilitatem
1617 2155 1718 2182 attulit.
1742 2155 1844 2182 Roma-

1052 2202 1097 2229 nis
1121 2201 1231 2235 quidem
1257 2201 1379 2228 scribens
1399 2201 1460 2228 ait:
1481 2210 1490 2226 ‹
1516 2200 1601 2234 Spero
1627 2201 1712 2233 enim,
1737 2209 1798 2228 cum
1816 2202 1843 2228 in

210 2248 322 2282 ήνεγκε.
331 2247 479 2282 Ῥωμαίοις
491 2247 540 2281 μὲν
548 2246 601 2282 γὰρ
613 2248 778 2274 ἐπιστέλλων
790 2247 854 2282 ἔφη·
866 2247 999 2280 «Ἐλπίζω

1054 2248 1199 2283 Hispanias
1213 2247 1349 2282 proﬁcisci
1373 2254 1494 2281 coepero,
1513 2246 1571 2274 fore
1589 2252 1616 2274 ut
1632 2248 1791 2282 pra‘tericns
1804 2250 1845 2274 vi-

212 2292 270 2326 γὰρ
280 2292 513 2327 διαπορευόμενος
522 2293 561 2323 είς
571 2292 620 2323 τὰς
631 2293 749 2324 Σπανῑας
760 2294 781 2309 ⁵ο
792 2293 824 2318 δι’
838 2293 916 2326 ὑμῶν
931 2292 1000 2319 διελ-

211 2337 280 2367 θεῖν,
295 2337 342 2363 καὶ
356 2337 400 2371 ὑφ’
417 2337 495 2371 ὑμῶν
517 2337 730 2372 προπεμφθῆναι
764 2340 831 2371 ἐκεῖ,
852 2338 899 2365 ἐὰν
923 2339 1000 2374 ὑμῶν

211 2383 322 2417 πρῶτον
338 2383 390 2409 ἀπὺ
406 2382 505 2418 μέρίυς
528 2383 687 2419 ἐμπλησθῶ.
707 2394 715 2409 ι
737 2383 781 2418 Τῷ
810 2385 955 2420 θαυμασίῳ
973 2385 1001 2412 δὲ

210 2429 286 2463 Τίτῳ
302 2429 417 2463 γράφων
432 2429 515 2463 φησίν
530 2438 537 2446 ·
557 2439 566 2455 ι
586 2429 635 2455 Διὰ
652 2430 732 2456 τοῦτο
751 2431 897 2458 κατέλιπον
914 2441 944 2458 σε
972 2433 1001 2458 ἐν

210 2475 322 2509 Κρήτῃ,
339 2474 383 2500 ἵνα
396 2475 572 2511 καταστήσῃς
587 2475 656 2502 κατὰ
680 2477 757 2502 πόλιν
785 2477 1000 2512 πρεσϐυτέρους,

211 2518 252 2550 ὡς
267 2519 323 2553 ἐγώ
345 2527 388 2545 σοι.
400 2519 576 2555 διεταξάμην.
592 2530 601 2546 ι
622 2520 714 2553 Οὕτως
730 2522 744 2548 ὁ
761 2522 889 2557 Ἰωάννης
899 2524 914 2549 ὁ
929 2523 1000 2550 πάνυ

211 2565 263 2599 τὴν
291 2565 384 2592 Ἀσίαν
407 2566 457 2601 τῆς
482 2566 619 2602 προτέρας
642 2568 829 2603 ἠλευθέρωσεν
852 2569 979 2600 ἀσεϐείας
993 2577 999 2583 ·

210 2609 301 2642 οὕτως
319 2612 333 2637 ὁ
352 2611 494 2645 θεσπέσιος
512 2613 638 2648 ’Δνδρέας
659 2614 708 2649 τὴν
727 2615 839 2642 Ἐλλάδα
863 2617 923 2647 ταῖς
951 2616 1002 2651 τῆς

255 2715 268 2730 ι
281 2709 378 2738 Matth.
411 2718 510 2745 xxviii,
527 2711 571 2745 l9,
587 2712 633 2740 20.
672 2717 687 2736 1
705 2712 783 2740 Rom.
800 2721 845 2746 xv,
863 2713 907 2741 19.
924 2719 934 2732 ι
950 2714 1017 2742 ibid.
1030 2714 1077 2748 20,
1094 2715 1139 2741 21.

1055 2295 1133 2322 deam
1150 2301 1212 2325 vos,
1232 2298 1257 2319 et
1274 2301 1287 2319 a
1312 2293 1388 2319 vobis
1410 2293 1531 2320 deducar
1544 2293 1619 2323 illuc.
1648 2293 1670 2320 si
1689 2294 1767 2321 vobis
1791 2295 1846 2329 pri-

1053 2347 1129 2366 mum
1144 2346 1176 2366 ex
1205 2343 1281 2372 parte
1306 2338 1454 2371 perlruitus
1481 2337 1557 2365 luero
1570 2337 1594 2365 ιι.
1615 2347 1624 2362 ι
1643 2338 1676 2364 Et
1691 2339 1845 2366 admirabili

1055 2386 1117 2413 Tito
1141 2384 1267 2412 scribens
1287 2385 1322 2411 ait
1340 2394 1345 2410 ς
1366 2394 1374 2408 ι
1393 2383 1481 2418 llujus
1507 2384 1545 2411 rei
1566 2385 1653 2420 gratia
1668 2385 1801 2420 dereliqni
1821 2390 1847 2413 te

1055 2431 1153 2460 Crclze.
1167 2435 1196 2457 ut
1210 2430 1362 2457 constituas
1378 2437 1426 2463 per
1441 2430 1563 2457 civitates
1577 2430 1761 2466 presbyteros,
1774 2431 1845 2459 sicut

1056 2487 1106 2512 ego
1137 2477 1250 2511 praecepi
1269 2476 1316 2503 tibi
1335 2481 1359 2502 ε.
1380 2485 1390 2501 ›
1413 2475 1459 2503 Sic
1475 2483 1592 2511 magnus
1609 2476 1653 2503 ille
1670 2476 1788 2504 Joannes
1810 2477 1844 2503 A-

1059 2525 1128 2551 siam
1144 2532 1158 2550 a
1174 2523 1291 2557 pristino
1316 2530 1409 2550 errore
1431 2522 1556 2549 liberavit
1574 2531 1581 2549 :
1596 2523 1636 2550 sic
1656 2523 1767 2550 divinus
1790 2524 1847 2549 An-

1056 2572 1144 2598 drzeas
1165 2570 1295 2597 Grmciam
1317 2569 1416 2597 divinae
1433 2569 1601 2604 cognitionis
1618 2569 1702 2596 radiis
1725 2568 1847 2596 illustra-

1055 2617 1096 2644 vit
1111 2625 1118 2643 :
1132 2617 1172 2644 sic
1195 2616 1385 2644 divinissimus
1398 2617 1542 2651 Philippus
1558 2620 1738 2649 utrorumque
1759 2614 1844 2650 Phry-

1180 2721 1193 2735 ι
1208 2713 1261 2742 lsa.
1275 2720 1323 2747 ιιι,
1339 2714 1384 2741 15.
1405 2715 1420 2734 δ
1436 2713 1518 2741 Rom.
1531 2721 1577 2746 xv,
1594 2712 1642 2741 21.
1680 2718 1692 2732 ε
1710 2712 1764 2740 Tit.
1780 2721 1800 2747 ι,
1816 2713 1844 2741 5.

749 2801 869 2830 VARUE
890 2802 1084 2831 LEGTIONES
1104 2804 1149 2832 ΕΤ
1164 2803 1282 2832 NOTAE.

250 2858 274 2875 ⁸⁵
288 2858 351 2886 cod.
370 2859 381 2886 Ι
401 2859 440 2886 δέ.
479 2859 503 2876 ⁸⁸
520 2860 590 2894 Χορ.
614 2858 675 2886 Des.
703 2860 769 2887 ibid.

818 2860 986 2899 ξιςρρυίιι.

1064 2861 1108 2891 Sic
1132 2872 1241 2899 quoque
1265 2864 1293 2891 in
1310 2862 1498 2898 sequentibus.
1537 2862 1560 2878 “
1574 2861 1639 2889 ibid.
1656 2860 1847 2898 προσήγαγον.

214 2895 239 2912 ⁸⁸
249 2894 300 2927 Είς
312 2895 366 2928 τὰς
379 2896 545 2924 Σπαν.εοὰ.
563 2895 576 2922 1
597 2895 745 2928 Ἱσπανίας.
783 2895 806 2912 ⁸⁸
819 2895 876 2924 ibid
904 2895 1054 2928 Ἱσπανίας,
