2057 3207
203 238 274 269 1809

870 237 911 267 IN
940 237 1043 267 PSAL.
1071 237 1187 269 CXVII.

1780 238 1847 271 1810

205 291 373 326 Εὐαγγέλιω
396 291 476 325 Θεοῦ,
494 291 508 319 ὃ
524 293 766 328 προεπηγγείλατο
789 293 833 320 διὰ
855 293 911 319 τῶν
934 301 1002 329 προς

1059 293 1206 328 apostolus,
1222 297 1379 327 segregatus
1390 294 1418 320 in
1431 293 1606 328 Evangelium
1624 293 1681 325 Dei,
1696 294 1768 329 quod
1784 299 1852 322 ante

204 339 301 374 φητῶν
316 339 400 365 αὑτοῦ
415 339 443 366 ὲν
456 339 579 375 Γραφαῖς
592 339 693 374 ἁγίαις.
710 349 719 366 ι
733 341 790 367 Καὶ
801 340 910 368 πάλιν-ί
921 341 1002 375 Λέγω

204 385 234 411 δὲ
251 385 370 420 Χριστὸν
392 385 496 421 Ἰησοῦν
521 386 646 414 διάκονον
663 387 830 422 γεγενῆσθαι
849 389 1002 423 περιτομῆς

204 432 278 467 ὑπὲρ
293 431 422 466 ἀληθείας
438 432 517 465 Θεοῦ,
538 434 578 464 είς
599 433 629 459 τὸ
645 433 796 468 βεὸαιὼσαι
811 433 861 465 τὰς
883 436 1002 469 ἐπαγγε-

204 478 266 509 λίας
284 478 339 504 τῶν
356 479 494 515 ποτέρων.
510 479 544 506 τὰ
561 479 589 505 δὲ
604 480 668 515 ἔθνη
692 480 763 515 ὑπὲρ
779 480 871 513 ἐλέους
891 481 1002 514 δοξάσαι

204 524 252 549 τὸν
270 524 348 551 Θεόν.
372 534 381 550 ι
393 532 395 535 ‘
408 525 515 561 Ἐπειδὴ
531 526 620 553 τοίνυν
640 527 806 562 πεπλήρωκε
820 528 869 560 τὰς
886 529 1003 564 ὑποσχὲ-

207 577 265 601 σεις
282 571 295 596 ὀ
308 570 362 596 τῶν
378 571 447 597 ὅλων
464 571 541 604 Θεὸς,
559 572 604 599 καὶ
619 572 654 607 ἢν
670 573 814 608 ὑπέσχετο,
834 573 933 600 δέδωκε
952 584 1003 602 σω-

205 614 318 649 τηρίαν,
335 616 382 642 καὶ
404 616 523 652 ὴνέῳξεν
538 616 624 644 ἅπασι
646 619 696 649 τὰς
716 618 763 645 τοῦ
780 619 871 651 ἐλέους
900 621 1001 655 πηγὰς,

206 661 256 686 καὶ
275 661 356 696 ἡμεῖς
372 662 396 688 οί
410 662 440 694 ἐξ
458 663 588 695 Ἰουδαίας
606 664 803 699 προσελθόντες
814 666 847 697 ¹⁹,
866 667 912 692 καὶ
923 667 1004 701 ὑμεῖς

205 706 233 733 οἱ
249 707 279 738 ἐξ
295 707 381 734 ἐθνῶν
395 709 621 742 πεπιστευκότες.
640 710 786 745 σύμφωνον
804 712 940 748 ὑμνῳδίαν
956 723 1003 741 κε-

208 753 344 787 ράσαντες
361 754 406 780 τὸν
424 755 572 790 εὐεργέτην
589 756 754 791 ἀμείψασῢε.

362 853 494 881 EPMHN.
518 856 587 881 ΤΟΥ
605 856 665 882 PlZ’
685 857 847 884 ΨΑΛΜΟΥ.

252 909 442 944 Ἆλληλούϊα.
469 912 573 947 ’Υμνος
589 913 611 929 ⁸⁸
631 914 677 940 καὶ
691 912 769 947 οὗτός
784 916 859 942 ἐστιν
881 916 933 943 ὑπὸ
950 917 1004 944 τῶν

1054 340 1218 374 promiserat
1238 348 1284 374 per
1299 340 1447 375 prophetas
1465 347 1532 367 suos
1557 340 1583 367 in
1610 339 1760 375 Scripturis
1782 348 1847 368 san-

1054 385 1105 412 ctis
1125 386 1144 411 i.
1161 395 1170 411 ›
1190 385 1220 412 Et
1242 394 1359 413 rursus:
1388 395 1397 411 ‹
1419 386 1483 414 Dico
1506 386 1578 413 enim
1596 385 1689 413 Jesum
1706 385 1845 413 Christum

1054 430 1211 458 ministrum
1226 431 1310 459 fuisse
1327 431 1548 459 circumcisiunis
1564 436 1678 466 propter
1702 432 1845 460 veritatem

1055 475 1113 507 Dei,
1128 476 1160 503 ad
1181 477 1382 503 conlirmaudas
1399 477 1597 511 promissiones
1611 482 1730 512 patrum,
1750 483 1846 513 gentes

1055 525 1147 548 autem
1164 530 1214 557 pro
1237 523 1428 550 misericordia
1454 523 1594 550 celebrare
1615 523 1728 551 Deumi.
1747 534 1755 549 ι
1772 523 1847 557 Quo-

1055 567 1130 594 niam
1149 569 1234 602 igitur
1249 568 1318 596 Deus
1343 569 1535 597 universorum
1562 570 1695 604 promissa
1711 570 1845 605 implevit,

1055 619 1082 641 ct
1098 614 1214 642 salutem
1228 623 1310 649 quam
1328 616 1468 650 pollicitus
1484 621 1535 649 est,
1562 617 1686 650 donavit,
1703 617 1846 645 omnibus-

1055 669 1109 695 que
1131 661 1330 689 misericordia:
1354 662 1443 690 fontes
1468 663 1609 695 reseravit,
1629 668 1655 690 et
1666 671 1725 696 nos,
1744 663 1791 699 qui
1812 671 1845 691 ex

1054 706 1156 735 Judaeis
1176 708 1356 740 acceSsimus,
1381 713 1408 735 et.
1429 716 1487 741 vos,
1503 709 1548 744 qui
1569 716 1601 736 ex
1619 710 1745 744 gentibus
1759 709 1846 737 credi-

1055 752 1145 784 distis,
1162 760 1314 780 consonam
1331 754 1439 781 laudem
1460 754 1645 781 communiter
1661 754 1784 782 beneﬁcii
1800 762 1847 781 au-

1055 799 1123 826 ctori
1138 799 1287 834 rependite.

1248 855 1386 884 INTERP.
1408 856 1468 883 PSA
1474 856 1533 883 LMI
1554 856 1598 884 CX
1604 856 1657 883 \‘ll.

1092 913 1216 941 Alleluia.
1236 913 1285 941 llic
1301 914 1381 941 etiam
1402 914 1523 950 hymnus
1539 920 1581 941 est
1597 915 1631 941 ab
1650 914 1692 942 his
1708 914 1754 949 qui
1773 915 1848 942 Salu-

207 954 260 988 τῆς
276 956 414 991 σωτηρίας
430 959 657 987 ἀπολελαυκότων
673 961 711 996 τῷ
733 961 793 998 Θεῷ
809 964 1004 999 προσφερόμε-

1059 963 1107 986 tem
1124 967 1138 986 a
1154 960 1208 987 Deo
1230 960 1372 988 consecuti
1396 965 1471 994 sunt,
1485 961 1605 988 oblatus.
1630 960 1716 988 Judaei
1741 960 1849 996 1428

208 1008 265 1031 νος.
286 1001 407 1029 Ἰουδαῖοι
422 1003 472 1038 μὲν
486 1004 541 1039 γὰρ
560 1005 629 1040 μετὰ
645 1006 694 1041 τὴν
712 1008 851 1040 ἐπάνοδον,
867 1008 921 1035 τῶν
936 1010 1002 1046 πλη-

208 1047 351 1082 σιοχώρων
378 1049 506 1076 ἁπάντων
535 1052 607 1078 κατὰ
634 1053 732 1079 ταυτὸν
745 1054 766 1070 ⁸⁸
793 1054 1003 1090 ἀθροισθέντων,

208 1092 381 1127 φθονούντων
400 1095 422 1111 ⁸³
438 1096 532 1128 αὐτοῖς
547 1097 596 1132 τῆς
620 1099 758 1134 προτέρας
772 1100 935 1136 εὐημερίας,
957 1102 1005 1129 καὶ

209 1139 305 1174 μέντοι
321 1140 368 1166 καὶ
383 1140 447 1176 ἔθνη
462 1142 544 1178 ἔτερα
562 1144 610 1170 καὶ
628 1145 754 1180 βάρϐαρα
770 1148 1003 1183 ουναγειράντων,

208 1182 270 1211 εἶτα
302 1185 444 1222 θεηλάτοις
477 1189 673 1217 ἀναλωθέντων
705 1192 824 1227 πληγαῖς
854 1182 925 1220 κατὰ
956 1194 1005 1230 τὴν

216 1229 303 1265 Ίωὴλ,
330 1233 377 1258 καὶ
407 1232 549 1269 Ἶεζεκιὴλ,
574 1235 620 1262 καὶ
646 1237 775 1272 Μιχαίου,
795 1239 841 1264 καὶ
868 1229 1004 1275 Ζαχαρίου

210 1277 392 1311 προφητείαν,
408 1278 504 1306 τοῦτον
516 1280 563 1307 τὸν
586 1281 671 1317 ὕμνον
689 1284 867 1319 χαριστήριον
885 1286 1006 1320 προσφέ-

211 1330 290 1357 ρουσι
306 1323 345 1358 τῷ
359 1324 430 1359 θεῷ.
454 1325 564 1363 Ἐπειδὴ
588 1328 617 1354 δὲ
632 1329 662 1355 ὲν
685 1329 800 1362 ἐκείνοις
816 1331 1006 1365 προεγράφετο

208 1369 246 1395 τὰ
263 1370 395 1407 ἡμέτερα,
412 1372 513 1407 μᾶλλον
535 1374 667 1410 ἁρμόττει
683 1378 738 1407 τοῖς
760 1377 788 1410 ἐξ
813 1377 898 1404 ἐθνῶν
924 1387 1006 1404 πεπι-

210 1417 355 1443 στευκόσιν
371 1418 386 1452 ἡ
403 1418 540 1454 ὑμνῳδία·
554 1420 579 1447 οἵ
595 1422 672 1457 παρὰ
688 1422 794 1449 πολλῶν
807 1424 854 1449 καὶ
868 1424 1006 1459 ἀρχόντων

210 1463 261 1488 καὶ
276 1463 447 1498 ἀρχομένων,
463 1465 558 1501 δήμων
581 1467 629 1493 καὶ
650 1467 835 1503 δημαγωγῶν,
861 1470 907 1496 καὶ
932 1470 1006 1505 βασι-

210 1508 282 1535 λέων
306 1509 353 1535 καὶ
383 1511 564 1547 στρατηγῶν,
594 1512 770 1548 διωχθέντες,
799 1515 846 1542 καὶ
874 1516 1007 1551 στρεϐλω-

211 1553 318 1586 θέντες,
345 1555 391 1581 καὶ
415 1557 594 1591 αἰκισθέντες,
624 1559 672 1585 καὶ
699 1559 784 1595 μυρία
807 1560 923 1588 Θανάτου
945 1562 1007 1588 ὑπο-

213 1599 356 1635 μείναντες
379 1602 448 1637 είδη,
470 1603 613 1639 κρείττους
642 1605 696 1632 τῶν
720 1606 913 1641 πολεμούντων
942 1608 1007 1634 ὲδεί-

1056 1006 1128 1033 enim
1161 1010 1222 1041 post
1250 1007 1446 1040 reversionem,
1477 1014 1539 1034 cum
1570 1015 1666 1034 omnes
1690 1007 1798 1034 finitimi
1821 1008 1848 1033 in

1057 1060 1141 1079 unum
1158 1053 1246 1080 coacti
1264 1058 1367 1087 essent,
1395 1054 1540 1088 pristinam
1566 1054 1619 1081 illis
1638 1053 1848 1089 prosperitatem

1056 1099 1219 1132 invidentes,
1248 1104 1330 1135 atque
1351 1100 1432 1127 etiam
1455 1104 1548 1135 gentes
1571 1100 1638 1127 alias
1670 1104 1696 1127 et
1720 1100 1849 1127 barbaras

1057 1151 1267 1179 conrorassent,
1285 1155 1317 1174 ac
1331 1147 1426 1174 deinde
1442 1147 1527 1181 plagis
1548 1155 1563 1173 a
1586 1146 1641 1174 Deo
1658 1146 1738 1174 illatis
1756 1146 1850 1181 proﬂi-

1057 1194 1111 1228 gati
1132 1198 1234 1226 essent,
1251 1193 1402 1220 secundum
1417 1192 1511 1225 Joelis,
1529 1197 1556 1219 et
1576 1191 1736 1224 Ezechielis,
1755 1196 1782 1219 et
1797 1192 1849 1219 Mi-

1057 1240 1148 1270 chaeze.
1167 1244 1194 1267 et
1214 1238 1353 1266 Zachariae
1370 1239 1604 1272 vaticinationem,
1626 1238 1700 1266 hunc
1716 1239 1847 1274 hymnum

1056 1286 1208 1321 gratiarum
1225 1287 1234 1296 ⁶
1249 1286 1365 1313 actionis
1381 1285 1436 1312 Deo
1457 1285 1585 1313 oﬂ‘erunt.
1605 1285 1739 1318 Quoniam
1758 1290 1848 1313 autem

1058 1333 1084 1359 in
1111 1333 1165 1360 illis
1186 1333 1276 1368 potius
1303 1340 1347 1359 rcs
1368 1337 1469 1359 nostra:
1494 1331 1739 1363 adumbrabantur,
1764 1332 1850 1367 magis

1057 1379 1184 1413 congruit
1199 1379 1256 1405 hate
1271 1378 1363 1405 suavis
1375 1378 1536 1413 symphonia
1552 1378 1586 1404 iis
1613 1377 1658 1412 qui
1673 1385 1705 1405 ex
1722 1378 1851 1413 gentibus

1058 1423 1232 1451 crediderunt
1251 1432 1257 1450 ;
1273 1423 1327 1458 ζᾳυὶ
1349 1431 1409 1450 eum
1434 1430 1448 1450 a
1469 1423 1563 1450 mnltis
1582 1427 1609 1450 et
1631 1423 1800 1458 principibus
1824 1427 1852 1450 ει

1058 1468 1186 1500 subditis,
1204 1468 1313 1503 populis
1332 1474 1358 1496 et
1375 1469 1465 1504 populi
1486 1469 1614 1501 ducibus,
1636 1473 1663 1496 et
1683 1469 1803 1503 regibus,
1824 1472 1852 1496 et

1057 1514 1194 1550 praefectis
1214 1515 1443 1549 persequentibus
1465 1515 1592 1547 cruciati,
1615 1519 1641 1542 et
1658 1515 1802 1543 tormentis
1820 1522 1853 1542 ac

1058 1561 1200 1595 suppliciis
1217 1561 1319 1593 aﬂecti,
1341 1561 1461 1589 inﬁnitas
1484 1562 1580 1588 mortis
1602 1561 1708 1596 species
1730 1561 1852 1596 perpessi

1060 1612 1162 1639 essent,
1180 1607 1305 1635 hostibus
1321 1608 1480 1642 superiores
1496 1613 1651 1636 evaserunt.
1667 1607 1715 1635 His
1731 1608 1812 1643 igitur
1826 1612 1854 1635 et

212 1645 329 1682 χθησαν.
359 1648 415 1674 Καὶ
435 1649 541 1681 τούτοις
557 1650 648 1684 μέντοι
667 1651 806 1683 κάκείνοις
823 1653 841 1688 ἡ
860 1648 907 1679 τοῦ
928 1653 1007 1680 πνεύ-

1063 1652 1116 1679 illis
1132 1653 1245 1687 spiritus
1262 1654 1348 1688 gratia
1358 1638 1519 1688 Ahymnodiae
1531 1653 1684 1681 doctrinam
1698 1638 1852 1689 provposuit.

212 1701 300 1728 ματος
330 1694 410 1730 χάρις
430 1695 479 1731 τὴν
499 1697 549 1731 τῆς
577 1696 714 1732 ὑμνωδίας
742 1698 916 1726 διδασκαλίαν
945 1708 1011 1735 προ-

212 1739 347 1767 τέθεικεν.
816 1746 821 1753 ⁸

250 1789 286 1813 α’.
307 1796 317 1812 ε
341 1787 564 1823 Ἐξομολογεῐσθε
589 1789 628 1825 τῷ
652 1790 761 1826 Κυρίῳ,
784 1791 825 1818 ὃτι
841 1791 953 1825 ἀγαθὸς,
970 1793 1010 1819 ὅτι

213 1833 256 1864 είς
271 1833 317 1860 τὸν
332 1833 418 1860 αίῶνα
433 1835 463 1860 τὸ
473 1835 547 1867 ἔλεος
562 1835 657 1862 αὑτοῦ.
679 1845 688 1862 ι
710 1836 867 1872 ’Υμνήσατε
879 1837 926 1864 τὸν
944 1838 1012 1871 ἁγα-

213 1878 273 1910 θδν,
289 1878 337 1904 καί⁵
352 1878 406 1906 τῶν
425 1880 536 1912 ἀγαθῶν
551 1880 596 1906 τὸν
612 1881 740 1915 χορηγόν.
759 1882 864 1917 Διαρκῆ
880 1883 934 1917 γὰρ
955 1883 1010 1917 ἔχει

212 1923 263 1950 τὸν
275 1923 360 1957 ἔλεον,
378 1924 425 1951 καὶ
440 1925 537 1952 τοῦτον
553 1926 596 1952 ἀεὶ
610 1928 723 1962 χορηγεῖ
740 1929 795 1959 τοῖς
809 1928 956 1963 δεομένοις.

253 2011 286 2047 β’,
303 2013 338 2047 Υ.
361 2023 370 2040 ι
388 2015 500 2042 Είπάτω
522 2016 553 2042 δὲ
571 2017 595 2032 ⁶³
617 2016 690 2049 οἶκος
704 2018 726 2034 ⁸⁸
745 2019 862 2055 Ἰσραὴλ,
879 2021 918 2047 ὅτι
942 2022 1011 2055 ἁγα-

212 2059 274 2091 θὺς,
290 2060 331 2086 ὅτι
349 2061 390 2092 είς
402 2061 448 2088 τὸν
472 2062 557 2088 αἰῶνα
577 2063 606 2089 τὸ
629 2063 703 2095 ἕλεος
730 2065 824 2092 αὑτοῦ.
851 2066 963 2093 Εἱπάτω
989 2068 1011 2083 ⁸⁵

213 2104 246 2131 δὲ
262 2105 285 2120 ⁸⁸
300 2103 375 2139 οἶκος
402 2107 517 2143 Ἀαρὼν,
536 2109 577 2135 ὅτι
588 2110 691 2143 ἀγαθὸς
708 2111 740 2142 ⁸⁷,
755 2112 795 2138 ὅτι
812 2113 851 2144 είς
866 2113 911 2140 τὸν
926 2113 1012 2140 αἰῶνα

215 2151 248 2177 τδ
265 2151 341 2184 ἔλεος
353 2154 447 2181 αὑτοῦ.
468 2164 477 2180 ι
500 2155 610 2182 Τούτων
627 2157 698 2183 κατὰ
714 2158 846 2194 διαίρεσιν
861 2160 1013 2195 μνημονεύ-

217 2206 280 2231 σας,
297 2199 351 2226 τῶν
373 2200 403 2232 ἐξ
426 2200 512 2228 ἐθνῶν
529 2204 753 2231 πεπιστευκότων
779 2205 871 2240 κοινὴν
894 2207 1012 2232 ποιεῖται

216 2245 268 2281 τὴν
283 2247 404 2282 μνήμην-

1098 1786 1181 1814 Vsus.
1201 1787 1227 1814 l.
1248 1796 1258 1812 ε
1274 1786 1451 1814 Conﬁtcmini
1465 1786 1591 1820 Domino,
1607 1788 1737 1822 quoniam
1755 1788 1853 1821 bonus,

1062 1832 1191 1867 quoniam
1209 1832 1235 1859 in
1251 1832 1380 1859 saaculum
1396 1832 1585 1859 misericordia
1599 1833 1668 1867 ejus.
1693 1842 1702 1858 ι
1719 1833 1856 1862 Laudibus

1063 1877 1267 1911 prosequamini
1298 1884 1359 1904 eum
1392 1877 1438 1912 qui
1465 1877 1555 1904 bonus
1582 1884 1624 1905 est
1660 1882 1687 1905 et
1718 1878 1854 1906 bonorum

1063 1922 1176 1957 largitor
1199 1931 1205 1949 :
1232 1929 1378 1956 perennem
1407 1923 1478 1950 enim
1508 1923 1590 1950 habet
1617 1923 1854 1956 misericordiam,

1062 1973 1089 1995 et
1115 1969 1185 1995 hanc
1207 1975 1314 2003 semper
1337 1969 1511 2003 precantibus
1529 1969 1662 2004 suggerit.

1099 2014 1182 2042 Vens.
1203 2015 1230 2048 9.,
1251 2015 1277 2042 5.
1310 2015 1413 2042 «Dicat
1443 2023 1515 2042 nune
1541 2015 1639 2042 domus
1669 2015 1752 2042 lsrael
1781 2015 1855 2050 quod

1064 2063 1152 2090 bonus
1166 2063 1211 2095 sit,
1230 2063 1360 2098 quoniam
1382 2062 1408 2089 in
1427 2062 1556 2090 saeculum
1576 2062 1765 2090 misericordia
1784 2062 1854 2096 ejus.

1064 2109 1140 2136 Dicat
1160 2116 1233 2136 nunc
1247 2108 1347 2136 domus
1371 2109 1489 2136 Aaronis
1518 2109 1591 2144 quod
1611 2109 1702 2136 bonus
1717 2109 1763 2140 sit.
1786 2116 1842 2143 quo

1064 2156 1137 2182 niam
1156 2155 1183 2182 in
1204 2155 1335 2183 smculum
1349 2155 1539 2183 misericordia
1551 2155 1620 2190 ejus.
1641 2165 1651 2181 ι
1668 2155 1735 2182 Cum
1758 2155 1854 2182 horum

1063 2210 1112 2237 per
1125 2202 1288 2230 divisionem
1311 2201 1492 2232 meminisset,
1508 2209 1604 2229 eorum
1620 2201 1666 2236 qui
1682 2209 1715 2229 ex
1727 2201 1856 2236 gentibus

1064 2248 1239 2276 crediderunt
1253 2255 1427 2275 communctn
1442 2248 1608 2275 mentionem
1627 2246 1702 2274 facit.

253 2291 285 2318 δ’.
304 2301 313 2318 ι
332 2293 496 2321 Είπάτωσαν
519 2294 551 2329 δὴ
575 2294 675 2326 πάντες
697 2296 720 2312 ⁸⁸
743 2297 767 2323 οἱ
789 2297 952 2333 φοϐούμενοι
969 2299 1007 2326 τοι

1103 2295 1185 2322 Vsus.
1202 2295 1228 2322 4.
1248 2305 1257 2321 ι
1278 2294 1374 2323 Dicant
1391 2302 1465 2322 nunc
1479 2301 1575 2322 Omnes
1589 2295 1636 2329 qui
1654 2294 1751 2321 timent
1770 2293 1858 2321 Domi-

218 2336 332 2372 Κύριον.
348 2338 390 2365 ὅτι
407 2338 509 2372 ἀγαθὸς
524 2340 557 2372 ⁸³,
573 2340 613 2366 ὅτι
629 2340 652 2356 ⁷⁸
671 2340 711 2373 εὶς
725 2342 772 2368 τὸν
788 2342 874 2370 αἰῶνα
895 2343 926 2370 τὸ
939 2344 1014 2376 ἔλεος

218 2384 315 2411 αὑτοῦ.
343 2394 352 2410 ι
376 2385 524 2417 Ἅπαντες,
551 2387 628 2421 φησὶ,
648 2387 695 2413 τοῦ
719 2387 787 2413 Θεοῦ
805 2388 1014 2425 φιλανθρωπίαν

219 2430 374 2465 ὑμνήσατε,
392 2432 438 2457 καὶ
454 2432 478 2458 οί
496 2432 525 2465 ἐξ
554 2432 661 2467 Ἰσραὴλ
684 2432 714 2459 τὸ
736 2434 813 2467 γένος
837 2436 1012 2470 κατάγοντες,

220 2476 269 2501 καὶ
282 2475 332 2510 τὴν
349 2477 515 2512 προγονικὴν
532 2478 680 2513 αὐχοῦντες
696 2479 847 2512 εὐσέϐειαν,
876 2482 923 2508 καὶ
947 2483 971 2508 οἱ
986 2483 1015 2509 ὲν

221 2521 316 2552 αὐτοῖς
330 2523 380 2557 τῆς
404 2522 555 2558 ίερωσύνης
575 2522 733 2558 ἠξιωμένοι,
751 2525 798 2551 καὶ
822 2525 846 2552 οἱ
872 2526 905 2553 ὲκ
920 2526 1015 2561 διαφό-

221 2575 280 2602 ρων
297 2567 348 2602 μὲν
359 2567 436 2600 ὄντες
446 2568 542 2602 ἐθνῶν,
555 2569 606 2604 τῆς
623 2569 652 2596 δὲ
667 2569 720 2596 τῶν
733 2571 872 2605 προγόνων
887 2572 1016 2603 ἀσεϐείας

250 2657 258 2676 ί
282 2656 361 2685 Rom.
382 2666 403 2691 ι,
422 2659 447 2692 1,
468 2659 495 2686 2.
551 2658 558 2684 i
582 2659 663 2687 Rom.
683 2668 727 2693 xv,
746 2660 773 2692 8,
795 2660 821 2688 9.

1068 2348 1144 2372 num,
1161 2340 1234 2374 quod
1251 2340 1339 2367 bonus
1357 2339 1402 2373 sit,
1415 2339 1544 2374 quoniam
1559 2338 1585 2365 in
1598 2339 1729 2366 saeculum
1750 2338 1858 2366 miseri-

1068 2386 1162 2414 cordia
1174 2386 1242 2420 ejus.
1262 2395 1271 2411 ι
1286 2385 1398 2418 Omnes,
1412 2385 1511 2419 inquit,
1527 2385 1575 2412 Dei
1588 2385 1784 2420 benignitatem
1801 2385 1858 2412 lau-

1068 2432 1140 2465 date,
1156 2438 1181 2459 et
1194 2440 1249 2464 ros,
1263 2432 1309 2465 qui
1323 2439 1354 2458 ex
1370 2431 1479 2467 lsraelis
1492 2429 1600 2466 1‘29
1612 2438 1711 2466 genere
1725 2430 1857 2465 originem

1069 2478 1180 2511 ducitis,
1203 2478 1395 2513 majornmqne
1413 2477 1514 2512 pietate
1530 2477 1696 2512 gloriamini,
1714 2480 1740 2503 et
1757 2476 1802 2510 qui
1821 2475 1860 2502 in-

1071 2529 1110 2552 ter
1127 2525 1200 2559 ipsos
1217 2525 1369 2553 sacerdotio
1382 2523 1486 2558 prmditi
1501 2524 1579 2556 estis,
1593 2527 1619 2550 et
1635 2524 1680 2558 qui
1695 2530 1726 2549 ex
1742 2520 1858 2548 diversis

1069 2570 1196 2607 gentibus
1219 2571 1271 2597 orti
1294 2571 1361 2598 estis
1385 2578 1400 2599 a
1421 2570 1554 2605 majorum
1576 2569 1715 2604 impietate
1738 2567 1858 2594 liberati.

758 2742 876 2774 VARI/E
893 2745 1086 2774 LECTIONES
1111 2745 1154 2771 ET
1183 2745 1299 2772 ΝΟΤΑΕ.

262 2805 363 2852 "head;
379 2805 390 2831 1
409 2805 654 2852 προσεληλυθότεὲ

693 2806 716 2822 ⁶⁶
728 2806 738 2815 ’¹
748 2805 1007 2841 ὶμνος--τροτέθει

1059 2814 1080 2841 ς.
1094 2805 1158 2832 Haec
1174 2804 1283 2841 Origcni
1301 2802 1560 2841 trilitiuntiie_aptttl.
1575 2800 1657 2828 Cord.
1676 2801 1693 2827 l.
1705 2808 1736 2841 _c.
1749 2807 1781 2841 Ρ.

226 2840 249 2856 ⁶¹
266 2840 326 2875 eod.
346 2842 355 2867 l
375 2835 438 2867 xm‘
449 2835 550 2868 αὐτῶν.
589 2840 610 2856 ⁸¹
626 2835 859 2868 ᾦθονούνὶνωνὲη
872 2835 1007 2875 εὗημερίο

1059 2840 1117 2867 Des.
1132 2841 1158 2867 in
1175 2835 1236 2867 cod:
1251 2840 1274 2866 l.
1314 2838 1412 2875 “‘cod.
1428 2837 1495 2875 ίδῂ,
1511 2844 1571 2875 quze
1582 2840 1624 2875 est
1637 2835 1788 2875 reg-lectio
1799 2835 1860 2875 h._l.

226 2876 250 2891 "
261 2873 359 2908 Οἶκος,
377 2879 404 2902 et
418 2875 516 2903 deinde
529 2875 574 2902 ὅτι
587 2875 708 2910 ἀγαθὸς,
726 2876 784 2903 des.
800 2875 827 2902 in
842 2873 1015 2903 textuwﬂebr.

224 2914 269 2951 est
382 2910 404 2926 "
417 2910 491 2951 :03
502 2910 623 2951 ἀγαθός.
648 2911 730 2951 A_best
745 2918 760 2937 a
772 2915 844 2951 textu
861 2910 941 2951 l_lel_)r.

228 2945 290 2974 Des.
310 2945 375 2974 ibid.
417 2946 438 2961 ⁷⁸
456 2945 521 2973 ὀτι
535 2946 684 2974 -ιιὺτοῦ,
706 2945 767 2973 Des.
786 2947 811 2973 in
827 2947 887 2974 eod.
905 2947 928 2973 l.

1061 2876 1083 2891 “
1095 2873 1367 2902 Ειπάτω-ιιὺτοῦ-
1385 2873 1446 2899 Des.
1466 2869 1492 2898 in
1513 2869 1575 2899 cod.
1596 2871 1621 2898 l.
1660 2871 1683 2887 °‘
1699 2869 1764 2897 Rec.
1782 2870 1861 2897 lectio

995 2911 1018 2926 “
1029 2910 1153 2943 Πάντες.
1169 2909 1251 2936 Abest
1266 2910 1345 2936 ctiam
1365 2916 1378 2934 a
1395 2912 1468 2934 textu
1491 2906 1570 2934 Hebr.

1611 2907 1633 2923 ⁸³
1658 2906 1721 2933 "0n
1740 2905 1861 2940 ἀγαθός.
