4128 6438
432 388 576 481 ιιιι

1455 388 1947 449 TlIEODORETI
2003 388 2343 450 EPISCUPI
2375 389 2746 450 CYRENSIS

3575 387 3723 455 1816

431 509 601 577 vitam
620 508 909 585 ducentem
932 504 1146 565 discere
1166 498 1393 568 volenti,
1412 498 1676 554 Dominus
1694 500 1771 554 ait
1794 517 1807 553 :
1830 518 1848 550 ι
1871 498 2019 553 Man-

2127 502 2350 554 αἰωνίου
2404 501 2548 571 ζωῆς
2595 500 2849 573 τὴνοδδν
2896 499 3131 571 ῂτηκότι
3180 499 3397 570 μαθεῖν,
3429 499 3460 554 ὁ
3514 498 3725 572 Κύριος

431 600 561 659 data
596 599 737 654 nosti
767 618 779 654 :
811 597 930 653 Non
965 593 1357 651 mmcbaberis:
1379 597 1397 612 '
1426 588 1545 645 Non
1578 592 1785 645 furtum
1820 589 2021 657 facies;

352 684 363 743 ,⁵
438 690 659 753 Horrore
702 699 909 760 patrem
964 698 1120 742 tuum
1162 696 1216 740 et
1263 694 1492 738 matrem
1543 691 1714 759 tuam,
1746 693 1823 747 et,
1856 680 2026 753 Dilige

436 770 748 852 proximum
775 788 928 849 tuum
961 779 1105 833 sicut
1134 786 1185 831 te
1212 776 1388 845 ipsum
1415 774 1464 829 ιε.
1501 791 1519 825 ι
1551 771 1756 827 Eodem
1784 772 1946 826 modo
1974 781 2027 826 et

435 880 644 947 portam
691 884 750 925 se
785 870 965 944 ipsum
1014 867 1281 929 Dominus
1335 863 1658 927 nominavit,
1711 871 1898 931 utpote
1930 862 2025 931 qui

434 965 653 1024 virtutis
680 973 765 1036 est
787 963 894 1017 dux
921 970 977 1017 et
1005 967 1308 1032 praeceptor
1341 975 1353 1010 :
1388 975 1405 1007 ι
1440 953 1552 1026 Ego
1574 954 1741 1020 enim,
1771 953 1867 1020 ait,
1902 967 2024 1007 sum

432 1057 636 1113 ostium
671 1055 857 1111 ovium
892 1072 907 1109 :
952 1069 1050 1126 per
1093 1068 1181 1107 me
1216 1052 1260 1106 si
1295 1051 1420 1121 quis
1455 1049 1749 1111 introierit,
1784 1048 2026 1102 salvabi-

433 1160 541 1216 tur,
576 1157 631 1203 et
679 1147 1036 1218 ingredietur,
1070 1158 1124 1201 et
1159 1143 1491 1215 egredietur,
1538 1153 1590 1196 et
1622 1156 1825 1211 pascua
1878 1141 2027 1194 inve-

430 1240 546 1313 niet
581 1238 624 1293 ι.
666 1259 685 1292 ι
729 1236 841 1294 Hoc
891 1238 1061 1292 etiam
1102 1236 1188 1291 hic
1230 1250 1412 1290 sermo
1452 1234 1586 1289 dicit
1627 1224 2037 1313 propheticus

436 1349 455 1405 ι
491 1329 618 1387 Haec
650 1330 867 1386 Domini
899 1338 1079 1402 porta,
1103 1327 1242 1399 justi
1280 1328 1568 1382 intrabunt
1589 1327 1642 1381 in
1669 1342 1812 1382 eam.
1856 1345 1874 1377 ι

501 1513 668 1569 Vens.
708 1511 799 1566 21.
859 1529 878 1562 ι
918 1508 1235 1566 Coufitebor
1277 1508 1398 1575 tibi;
1450 1508 1708 1578 quoniam
1749 1506 2025 1562 exauzlisti

430 1622 537 1672 me,
574 1614 630 1660 et
668 1603 846 1659 factus
878 1618 937 1658 es
968 1603 1100 1657 mihi
1136 1602 1326 1657 saluti.
1361 1621 1379 1653 ι
1424 1600 1609 1659 Laudo
1641 1611 1692 1654 te
1719 1600 1905 1669 igitur,
1931 1601 2021 1669 qui

429 1714 583 1773 meas
611 1712 807 1771 preces
847 1694 1146 1760 admisisti,
1172 1694 1519 1763 salutemque
1559 1692 1789 1764 largitus
1812 1708 1891 1747 es.

2127 592 2252 663 ἔφη’
2287 610 2305 643 ι
2344 594 2456 656 Τὰς
2490 593 2713 655 ὲντολάς
2737 587 2905 654 οἶδας·
2936 592 3011 645 Ού
3051 591 3363 661 μοιχεύσεις
3395 593 3463 657 ³⁸,
3496 591 3558 644 ού
3590 591 3721 645 κλέ-

2126 684 2271 756 ψεις,
2298 685 2434 755 τίμα
2462 686 2557 738 τὸν
2582 686 2798 755 πατέρα
2847 701 2942 738 σου
3005 684 3101 737 καὶ
3133 686 3232 755 τὴν
3275 684 3494 756 μητέρα
3524 700 3617 738 σου
3647 683 3720 745 ’⁵,

2126 779 2439 849 ἀγαπήσεις
2483 779 2575 831 τὸν
2623 779 2851 848 πλησίον
2909 793 3003 829 σου
3052 775 3128 840 ὡς
3170 777 3435 842 σεαυτόν;
3471 795 3493 829 ι
3529 775 3720 847 Ταύτῃ

2126 888 2210 924 τοι
2244 873 2338 923 καὶ
2364 874 2392 924 ὁ
2423 871 2706 940 Δεσπότης
2737 870 2934 924 ἑαυτὸν
2972 870 3226 940 ὠνόμασε
3272 869 3469 940 θύραν.
3501 868 3575 931 ὡς
3618 871 3722 939 τῆς

2128 965 2330 1036 ἀρετῆς
2360 963 2596 1031 ποδηγὺν
2629 963 2723 1015 καὶ
2767 961 3091 1018 διδάσκαλον
3117 977 3132 993 ο
3170 979 3190 1011 ι
3240 959 3383 1029 Ἐγὼ
3418 961 3530 1030 γάρ
3575 962 3719 1031 εἰμι,

2128 1055 2317 1126 φησὶν,
2350 1057 2384 1125 ἡ
2415 1054 2557 1126 θύρα
2592 1053 2703 1109 τῶν
2730 1054 3022 1125 προϐάτων
3045 1072 3056 1082 ’
3092 1053 3189 1107 ὲὰν
3217 1070 3303 1116 τις
3326 1053 3408 1108 δι’
3438 1051 3574 1122 ἐμοῦ
3602 1054 3720 1104 είσο

2128 1148 2280 1222 έλθῃ,
2320 1147 2712 1212 εἰσελεύσεται,
2746 1147 2843 1200 καὶ
2876 1146 3241 1213 ἐξελεύσεται,
3279 1146 3378 1198 καὶ⁵
3409 1145 3582 1215 νομὴν
3627 1144 3723 1196 εὑ-

2131 1243 2306 1311 ρήσει.
2351 1259 2369 1291 ι
2410 1240 2578 1293 Τοῦτο
2613 1239 2711 1293 καὶ
2755 1237 2991 1292 ἐνταῦθα
3040 1241 3070 1291 ὁ
3099 1238 3442 1309 προφητικδς
3487 1236 3594 1307 ἔφη
3625 1236 3719 1289 λόει

2126 1350 2316 1403 γοςχι
2354 1331 2505 1402 Αὕτη
2558 1334 2591 1403 ἡ
2646 1331 2789 1403 πύλη
2822 1330 2919 1385 τοῦ
2974 1330 3203 1401 Κυρίου,
3236 1330 3440 1386 δίκαιοι
3472 1330 3717 1383 είσελεύ-

2129 1442 2313 1479 σονται
2344 1426 2401 1477 ὲν
2444 1426 2603 1496 αὐτῇ.
2640 1443 2657 1474 ι

2198 1525 2305 1573 κα’.
2344 1538 2361 1569 ι
2413 1516 2913 1587 Ἐξομολογήσομαί
2940 1533 3043 1582 σοι,
3067 1516 3150 1569 ὅτι
3183 1513 3495 1583 ὲπήκουσάς
3517 1514 3561 1546 ’⁷
3586 1531 3714 1584 μου,

2129 1612 2218 1662 καὶ
2240 1609 2428 1678 ἐγένου
2464 1626 2556 1678 μοι
2589 1609 2668 1671 εἰς
2700 1607 3001 1677 σωτηρίαν.
3037 1628 3056 1659 ι
3112 1605 3295 1674 Ὑμνῶ
3325 1622 3384 1660 σε
3420 1603 3719 1675 τοιγαροῦν

2125 1700 2420 1769 δεξάμενόν
2454 1716 2557 1769 μου
2587 1701 2684 1772 τὴν
2722 1698 2925 1769 δέησιν,
2978 1700 3073 1751 καὶ
3100 1698 3145 1730 ’⁸
3176 1696 3450 1775 δεδωκότα
3483 1694 3580 1767 τὴν
3609 1712 3720 1748 σω-

2125 1807 2342 1862 τηριαν.

499 1880 664 1934 Vens.
690 1878 781 1933 22.
824 1896 841 1929 ι
883 1875 1143 1945 Lapidem
1178 1890 1343 1947 quem
1384 1876 1817 1946 reprobaverunt
1846 1875 2019 1930 rediti—

2195 1884 2302 1955 κβ’.
2343 1904 2360 1935 ι
2403 1885 2589 1950 Λίθον,
2638 1881 2697 1936 δν
2728 1882 3146 1952 ἀπεδοκίμασαν
3182 1882 3234 1934 οἱ
3275 1878 3716 1950 οἰκοδομοῦντες,

427 1979 638 2048 cautes,
666 1968 755 2038 hic
784 1965 963 2023 factus
996 1974 1080 2022 est
1116 1977 1279 2037 caput
1307 1968 1511 2039 anguli.
1549 1985 1570 2019 ι
1596 1966 1710 2025 Hoc
1745 1968 1870 2023 licet
1897 1968 2020 2022 mil-

427 2064 528 2131 lies
565 2061 912 2131 impudenter
937 2061 1276 2125 asseruerint
1301 2058 1500 2125 Judaei,
1536 2070 1719 2115 tamen
1756 2062 1823 2115 ad
1849 2058 2021 2115 alium

429 2154 637 2217 referre
668 2168 773 2209 non
812 2162 1060 2223 possunt.
1099 2151 1214 2207 Etsi
1253 2153 1397 2207 enim
1433 2154 1732 2208 divisurum
1776 2154 2019 2208 tribuum

426 2250 536 2327 dux
587 2247 691 2303 fuit
742 2246 1070 2313 Zurobabel,
1109 2257 1291 2302 tamen
1343 2246 1555 2303 diutius
1595 2265 1704 2303 non
1760 2249 2017 2318 perstitit.

429 2328 693 2407 Dominus
729 2350 912 2398 autem
951 2338 1207 2397 Christus
1242 2339 1384 2396 duos
1422 2341 1684 2411 parietes,
1719 2356 1751 2394 a
1791 2356 1850 2396 se
1877 2340 2022 2395 invi-

425 2449 541 2506 cem
578 2432 791 2505 1433
820 2447 851 2487 e
875 2432 1145 2487 diametro
1177 2432 1475 2499 distantes,
1500 2448 1619 2499 eos,
1651 2433 1902 2503 inquam,
1926 2432 2021 2503 qui

427 2543 494 2597 es
521 2524 748 2591 .luda-is,
785 2531 840 2579 et
870 2539 965 2579 eos
994 2524 1086 2596 qui
1121 2538 1188 2579 ex
1230 2526 1488 2596 gentibus
1515 2525 1888 2592 crediderunt,
1920 2527 2021 2582 hos

425 2618 649 2695 quidem
678 2617 950 2691 impietati
986 2620 1313 2685 servientes,
1349 2618 1474 2673 illos
1501 2633 1630 2673 vero
1665 2617 1803 2689 legis
1825 2618 2019 2690 jugum

428 2710 688 2779 ferentes,
732 2720 786 2765 et
825 2711 883 2766 in
932 2727 1105 2785 unum
1142 2726 1348 2781 cogens
1398 2726 1521 2781 quas
1565 2720 1814 2780 separata
1864 2720 2021 2766 erant

422 2802 735 2876 conjunxit,
763 2813 818 2856 et
845 2817 1012 2858 unam
1034 2819 1099 2857 ex
1126 2802 1377 2871 utrisque
1404 2800 1668 2856 conﬂavit
1696 2801 2016 2867 Ecclesium,

425 2894 689 2965 angulum
720 2896 1019 2968 quemdam
1055 2895 1328 2963 imitatus,
1361 2894 1505 2951 duos
1535 2911 1725 2951 murus
1757 2896 2021 2966 colligan-

426 2996 558 3052 tem,
581 2996 637 3042 et
671 2987 814 3052 inter
859 3004 918 3043 se
961 2988 1332 3058 copulantem.
1372 2986 1531 3045 Hunc
1565 2989 1732 3059 igitur
1759 2989 2018 3059 lapidem,

424 3076 520 3147 qui
550 3076 678 3132 olim
718 3077 1084 3145 aedificabant,
1130 3078 1391 3135 Pliarisa'i
1425 3090 1481 3133 et
1517 3078 1824 3143 Sadduczei,
1854 3090 1909 3135 et
1935 3094 2023 3136 sa-

2121 1973 2277 2042 οὗτος
2332 1976 2563 2048 ἐγενήθη
2609 1978 2689 2039 είς
2738 1972 2978 2045 κεφαλὴν
3015 1974 3240 2042 γωνίας.
3290 1993 3309 2025 ι
3367 1972 3561 2036 Τοῦτο,
3611 1971 3719 2025 κᾶν

2125 2070 2387 2143 μυριάκις
2419 2068 2857 2139 ἀναισχυντῶσιν
2913 2064 3178 2131 Ἰουδαῖοι,
3205 2065 3352 2136 ἄλλῳ
3391 2062 3718 2134 προσαρμό-

2123 2179 2215 2216 σαι
2246 2162 2307 2215 ob
2345 2160 2622 2216 δύνανται.
2675 2159 2737 2212 Εἰ
2784 2159 2894 2231 γὰρ
2941 2159 3051 2212 τῶν
3104 2156 3487 2227 διαιρεθεισῶν
3543 2155 3719 2210 πάλαι

2122 2255 2307 2325 φυλῶν
2332 2256 2674 2326 ἡγεμόνευσε
2707 2251 3040 2323 Ζοροϐάῦελ,
3068 2251 3186 2307 ἀλλ’
3206 2251 3308 2304 οὐκ
3336 2250 3431 2302 ἐπὶ
3460 2247 3716 2302 πλεῖστον

2120 2348 2429 2421 διήρκεσεν.
2475 2347 2533 2401 '0
2576 2347 2635 2402 δι
2685 2348 2966 2416 Δεσπότης
3014 2344 3257 2416 Χριστὸς
3305 2345 3431 2407 τοὺς
3479 2341 3574 2399 δύο
3602 2342 3721 2395 τοί-

2122 2458 2272 2512 χους,
2303 2441 2430 2503 τοὺς
2460 2439 2557 2494 ἀπ’
2591 2438 2837 2509 ἀλλήλων
2869 2437 3112 2502 ἑστῶτας
3141 2438 3207 2490 ὲκ
3233 2436 3552 2507 διαμέτρου,
3587 2434 3721 2497 τοὺς

2120 2531 2184 2597 ἐξ
2225 2532 2494 2586 Ἰουδαίων
2528 2532 2694 2601 φημὶ,
2726 2530 2822 2584 καὶ
2853 2529 2981 2591 τοὺς
3023 2528 3085 2592 ἐξ
3132 2527 3302 2581 ἐθνῶν
3352 2527 3722 2581 πεπιστευκό-

2120 2643 2242 2693 τας,
2277 2625 2404 2687 τοὺς
2455 2625 2553 2694 μὲν
2598 2621 2891 2693 δυσσεϐείᾳ
2932 2620 3309 2684 δουλεύοντας,
3355 2620 3481 2682 τοὺς
3509 2618 3568 2673 δὲ
3620 2617 3718 2672 τοῦ

2121 2715 2290 2787 νόμου
2317 2715 2410 2769 τὸν
2443 2714 2609 2783 ζυγὸν
2640 2712 2922 2777 Ξλκοντας,
2958 2713 3053 2766 καὶ
3084 2713 3163 2775 είς
3193 2711 3251 2765 ἒν
3288 2710 3616 2779 συναγαγὼν
3645 2709 3721 2766 τὰ

2121 2806 2389 2861 διεστῶτα
2424 2804 2733 2872 συνέζευξε,
2766 2806 2861 2859 καὶ
2895 2805 3026 2875 μίαν
3059 2804 3119 2869 ἑξ
3148 2801 3479 2875 ἀμφοτέρων
3513 2803 3720 2872 συνήρ-

2125 2914 2295 2968 μοσεν
2356 2896 2707 2965 Ἐκκλησίαν,
2754 2895 2962 2963 γωνίαν
3008 2894 3131 2949 τινὰ
3185 2896 3572 2966 μιμησάμενος
3619 2893 3721 2948 δύο

2121 2988 2337 3060 τοίχους
2374 2988 2725 3053 συνδέουσαν,
2766 2988 2864 3041 καὶ
2911 2987 3050 3057 πρὸς
3097 2987 3365 3058 ἀλλήλους
3408 2986 3721 3043 συνάπτουο
3806 3046 3813 3053 ,

2125 3097 2247 3135 σαν.
2279 3078 2481 3133 Τοῦτον
2513 3079 2700 3149 μέντοι
2726 3079 2819 3132 τὸν
2844 3077 2993 3133 λίθον
3023 3080 3299 3149 οἰκοδόμοι
3334 3078 3502 3133 πάλαι
3532 3078 3715 3144 ὅντες,

426 3168 680 3247 cerdotes
717 3178 770 3224 et
807 3169 1034 3238 Scribat,
1068 3170 1523 3242 reprobaverunt,
1566 3181 1621 3227 et
1649 3173 1800 3227 cruci
1829 3172 2019 3229 amre.-

2126 3171 2411 3242 Φαρισαίοί
2445 3186 2505 3223 τε
2535 3168 2628 3224 καὶ
2662 3168 3035 3231 Σαδδουκαῖοι,
3085 3169 3251 3239 ἱερεῖς
3278 3184 3339 3221 τε
3385 3168 3479 3223 καὶ
3527 3168 3722 3239 Γραμ-

426 3272 597 3317 runt:
651 3262 748 3317 sed
803 3281 821 3314 ι
863 3260 1045 3318 factus
1081 3273 1165 3319 est
1197 3271 1362 3334 caput
1398 3263 1608 3333 anguli,
1648 3283 1667 3317 ι
1705 3266 1789 3319 vel
1821 3281 2019 3322 secun-

2127 3266 2339 3333 ματεῖς,
2367 3262 2803 3332 ἀπεδοκίμασαν,
2831 3262 2926 3315 καὶ
2947 3260 3304 3334 ἐσταύρωσαν
3324 3276 3338 3291 ⁸
3365 3261 3480 3316 ἀλλ’
3505 3279 3526 3314 ι
3563 3262 3722 3331 Ἐγέο

426 3353 557 3427 dum
611 3354 1031 3425 Symmachum,
1077 3356 1378 3425 angularia.
1424 3355 1501 3411 De
1548 3356 1655 3412 hoc
1704 3357 1880 3426 lapide
1926 3374 2023 3427 per

427 3446 752 3518 prophetam
785 3444 981 3503 Isaiam
1012 3446 1155 3503 Deus
1182 3447 1514 3507 vaticinatus
1536 3456 1621 3503 est
1652 3465 1665 3503 :
1705 3468 1723 3501 ι
1761 3449 1899 3506 Ecce
1919 3465 2021 3521 ego

427 3552 575 3607 pono
604 3536 657 3591 in
689 3537 856 3592 Sione
882 3538 1115 3606 lapidem
1144 3538 1470 3608 pretiosum,
1501 3538 1759 3606 electum,
1788 3542 2020 3612 angula-

427 3642 570 3692 rem,
605 3627 936 3683 honoratum
969 3628 1023 3683 in
1058 3627 1432 3687 fundamentis
1462 3629 1607 3700 ejus,
1634 3640 1689 3686 et
1717 3633 1899 3689 omnis
1924 3634 2018 3703 qui

427 3718 723 3774 crediderit
774 3720 825 3789 in
884 3721 998 3782 illo,
1063 3736 1173 3776 non
1221 3722 1592 3778 confundetur
1620 3735 1683 3779 ω.
1724 3743 1744 3777 ι
1805 3724 1919 3780 Hoc
1965 3736 2019 3780 et

429 3812 620 3870 beatus
641 3813 718 3866 ait
750 3811 955 3869 Paulus
985 3832 997 3867 :
1030 3833 1048 3865 ι
1087 3811 1363 3869 Ᾰὲὶιιίῦειιιὶ
1396 3831 1565 3885 supra
1598 3814 2015 3872 fundamentum

424 3906 803 3975 apostolorum
833 3914 887 3960 et
917 3907 1328 3977 prophetarum,
1354 3924 1478 3963 cum
1506 3909 1579 3965 sit
1601 3924 1854 3967 summus
1877 3910 2017 3981 lapis

425 3996 709 4077 ungularis
747 3996 870 4068 ejus
912 3998 1165 4054 Christus
1209 3997 1372 4055 Iesus
1400 4008 1450 4053 ιι.
1495 4017 1515 4052 ι
1573 3999 1731 4056 Hunc
1778 4001 2015 4072 lapidem

426 4088 620 4144 beatus
644 4078 835 4147 Daniel
854 4091 1031 4147 vidit°
1058 4093 1305 4148 excisum
1335 4091 1458 4148 sine
1485 4094 1763 4160 manibus,
1789 4094 2017 4150 edoctus

429 4177 672 4251 Virginis
724 4173 943 4252 partum
999 4184 1212 4253 absque
1244 4184 1409 4239 ullius
1447 4184 1701 4240 subsidio
1741 4184 2014 4242 futurum.

424 4270 583 4328 liunc
613 4275 746 4330 vidit
776 4276 1010 4338 idolum.
1051 4275 1156 4331 hoc
1185 4286 1270 4333 est
1303 4277 1427 4332 vita:
1474 4277 1792 4341 vanitatem,
1832 4286 2016 4337 teren-

424 4372 557 4429 tem,
591 4376 647 4421 et
689 4354 926 4437 montem
964 4384 1223 4442 maguum
1260 4368 1487 4438 factum,
1523 4378 1577 4426 et
1605 4371 1798 4427 orbem
1828 4380 2015 4431 terra-

425 4472 543 4547 rum
576 4460 938 4529 operientem.

495 4631 661 4690 Vens.
687 4634 775 4689 23.
813 4656 831 4688 ι
859 4635 904 4691 A
924 4635 1157 4694 Domino
1181 4639 1385 4697 factum
1408 4649 1493 4697 est
1523 4639 1693 4709 istud,
1724 4650 1779 4696 et
1811 4651 1892 4696 est
1915 4640 2012 4695 mi-

423 4718 597 4781 rabile
621 4729 675 4782 in
706 4728 883 4786 oculis
904 4732 1127 4786 nostris.
1157 4751 1175 4783 ι
1213 4733 1455 4803 Hujusce
1475 4741 1655 4787 autem
1688 4733 1875 4804 gratia:
1904 4733 2015 4789 lar-

422 4823 572 4886 gitor
599 4826 685 4872 est
718 4819 859 4876 Deus
891 4839 905 4876 :
936 4838 1037 4879 nos
1080 4839 1207 4879 vero
1240 4824 1681 4897 inexplicabilem
1712 4825 1833 4896 ejus
1859 4824 2013 4879 beni-

422 4908 686 4995 gnitatem
720 4912 1082 4973 admiramur.

497 4999 662 5070 Vens.
689 4996 835 5058 243:
876 5006 975 5063 Hic
1013 5018 1098 5063 est
1153 5008 1272 5065 dies
1311 5026 1472 5079 quem
1520 5009 1649 5066 fecit
1698 5011 1960 5068 Dominus
1990 5053 2005 5067 .

421 5094 760 5180 exsultemus
812 5106 866 5152 et
892 5099 1142 5155 laetemur
1173 5099 1225 5155 in
1253 5118 1342 5157 eo.
1375 5122 1395 5155 ι
1434 5103 1584 5163 Diem
1613 5121 1642 5161 a
1672 5104 1783 5160 Deo
1806 5105 2008 5167 factum

494 5314 684 5399 I!_-I_.uc.
721 5336 877 5399 xm},
903 5324 1011 5399 28;
1053 5325 1225 5391 Exod.
1278 5342 1374 5393 xx,
1409 5328 1497 5391 12,
1535 5330 1617 5384 t5.

422 5387 764 5461 11,34seqq.
823 5387 872 5409 "
962 5387 1005 5399 ’ί
1116 5388 1119 5391 ’
1360 5387 1369 5405 τ

2124 3372 2245 3409 varo
2274 3358 2354 3419 εἰς
2402 3357 2645 3426 κεφαλὴν
2678 3356 2905 3424 γωνίας,
2945 3374 2965 3408 ι
3003 3354 3037 3426 ἢ
3068 3357 3136 3419 θ’,
3174 3355 3317 3410 κατὰ
3345 3356 3437 3409 τὸν
3478 3355 3720 3426 Σύμμα-

2125 3466 2239 3521 χον,
2276 3448 2730 3518 άκρογωνιαῖος.
2758 3448 2895 3519 Περὶ
2909 3448 3107 3501 τούτου
3138 3446 3195 3501 δὲ
3216 3447 3310 3501 τοῦ
3328 3448 3477 3501 λίθου
3504 3451 3599 3503 καὶ
3624 3448 3720 3502 διὰ

2134 3541 2360 3595 Ἡσαΐου
2393 3540 2489 3593 τοῦ
2514 3540 2796 3611 προφήτου
2840 3538 3240 3609 προεθέσπισεν
3273 3542 3301 3593 ό
3328 3539 3460 3603 Θεός
3480 3555 3495 3568 ·
3516 3557 3536 3590 ι
3577 3539 3717 3597 Ἰδοὺ

2120 3631 2315 3702 τίθημι
2347 3633 2404 3685 ἐν
2435 3630 2572 3685 Σιὼν
2623 3630 2769 3684 λίθον
2802 3629 3091 3700 πολυτελῆ,
3131 3630 3408 3694 ἐκλεκτὸν,
3459 3631 3719 3700 ἀκρογω-

2124 3726 2313 3785 νιαῖον,
2365 3722 2582 3793 ἔντιμον
2628 3724 2709 3787 είς
2747 3724 2817 3778 τὰ
2865 3722 3090 3794 θεμέλια
3133 3723 3326 3792 αὐτῆς,
3379 3724 3474 3776 καὶ
3520 3725 3635 3787 πᾶς
3687 3727 3719 3779 ὁ

2123 3816 2393 3870 πιστεύων
2426 3814 2514 3868 ἐπ’
2552 3815 2700 3885 αὐτῴ
2723 3816 2784 3869 ού
2820 3815 2894 3886 μὴ
2925 3814 3319 3886 καταισχυνθῇ.
3359 3833 3379 3867 ‹
3416 3813 3589 3869 Τοῦτο
3612 3816 3720 3870 καὶ

2120 3910 2148 3961 ὁ
2179 3906 2450 3978 μακάριος
2482 3906 2588 3979 ἔφη
2622 3904 2853 3970 Παῦλοςο
2892 3924 2912 3956 σ
2964 3904 3518 3976 Ἐποικοδομηθέντες
3559 3906 3656 3958 ἐπὶ
3696 3906 3716 3937 ⁸

2118 3998 2198 4072 τῷ
2237 3998 2471 4070 θεμελίῳ
2521 3999 2630 4053 τῶν
2679 3999 2994 4054 ἀποστόλων
3045 4000 3139 4052 καὶ
3190 3998 3509 4070 προφητῶν,
3554 3998 3717 4067 ὄντος

2117 4092 2523 4166 ἀκρογωνιαίου
2574 4091 2741 4146 αὑτοῦ
2821 4091 2997 4161 Ἰησοῦ
3048 4090 3310 4163 Χριστοῦ.
3373 4109 3393 4143 ι
3456 4090 3661 4146 Τοῦτον
3690 4094 3712 4125 ⁸

2117 4181 2225 4239 εἶδε
2253 4185 2344 4239 τὸν
2376 4183 2524 4238 λίθον
2557 4185 2653 4238 καὶ
2683 4186 2712 4238 ό
2740 4184 3013 4255 μακάριος
3042 4182 3242 4253 Δανιὴλ
3273 4182 3550 4252 τμηθέντα
3575 4183 3713 4237 ἄνευ

2117 4276 2337 4348 χειρῶν,
2372 4276 2465 4330 τὸν
2494 4274 2862 4346 ἀκοινώνητον
2883 4276 2985 4345 τῆς
3015 4275 3299 4347 Παρθένου
3316 4273 3714 4343 διδασκόμενος

2115 4369 2293 4422 τόκον.
2333 4368 2535 4422 Τοῦτον
2578 4363 2686 4421 εῐδε
2732 4366 2831 4438 τὴν
2865 4368 3051 4422 είκόνα
3101 4367 3497 4439 συντρίψαντα,
3543 4384 3713 4421 τουτ-

2116 4457 2232 4513 έστι
2268 4458 2365 4512 τοῦ
2399 4458 2513 4530 βίου
2541 4459 2642 4530 τὴν
2676 4458 3037 4529 ματαιότητα,
3086 4459 3182 4512 καὶ
3208 4458 3334 4531 ὅρος
3370 4459 3516 4531 μέγα
3543 4460 3711 4528 γενό-

2046 4538 2093 4595 Ῑ)
2122 4567 2307 4622 μενον,
2338 4552 2435 4615 καὶ
2462 4549 2560 4621 τὴν
2590 4550 2919 4622 οἰκουμένην
2950 4549 3294 4620 καλύψαντα.

2193 4650 2299 4713 κγ’.
2346 4661 2366 4699 ι
2398 4644 2562 4713 Παρά
2588 4643 2794 4715 Κυρίου
2824 4643 3043 4711 ἂγένετο
3093 4641 3256 4713 αὕτη,
3287 4645 3383 4697 καὶ
3415 4641 3532 4697 ἐστι
3568 4644 3705 4701 Gau-

2119 4736 2299 4808 μαστὴ
2328 4738 2386 4791 ἐν
2413 4736 2717 4807 ὀφθαλμοῖς
2739 4737 2916 4810 ἡμῶν.
2952 4756 2972 4789 ι
3020 4736 3240 4807 Ταύτης
3267 4737 3324 4790 δὲ
3358 4737 3459 4805 τῆς
3479 4735 3714 4807 χάριτος

2115 4828 2352 4901 χορηγὸς
2385 4828 2414 4881 ό
2446 4827 2602 4893 Θεὸς,
2635 4829 2797 4900 ἡμεῖς
2827 4829 2884 4881 δὲ
2911 4828 3013 4900 τὴν
3044 4829 3288 4902 ἄρρητον
3313 4827 3481 4883 αὑτοῦ
3508 4828 3711 4897 φιλανο

2121 4920 2371 4992 θρωπίαν
2392 4920 2768 4993 θαοιμάξομεν.

2190 5014 2285 5070 κδ’.
2331 5033 2350 5065 ι
2386 5011 2537 5087 Αὕτη
2572 5015 2605 5083 ἡ
2632 5012 2816 5084 ἡμέρα
2832 5013 2902 5084 ἢν
2930 5012 3187 5083 ἑποιήσεν
3214 5011 3466 5083 διίύριος
3492 5028 3507 5043 ·
3543 5012 3715 5076 ἀγκλα-

2117 5107 2438 5179 λιασὼμεθα
2492 5107 2590 5162 καὶ
2629 5106 3026 5179 εὐφρανθῶμεν
3069 5108 3131 5159 ὲν
3179 5106 3342 5177 αὐτῇ.
3380 5123 3400 5157 ι
3453 5104 3711 5176 Ἦμὲραν

1735 5329 1749 5377 ι
1814 5331 1979 5387 Joan.

2123 5332 2174 5386 9.
2254 5341 2290 5363 '
2358 5328 2465 5387 fsa.
2532 5328 2853 5396 xxvtu,l6.
2932 5327 3195 5400 ιιΕρΙιεε.
3228 5344 3291 5394 ιι,
3327 5328 3419 5385 20.
3502 5327 3701 5385 °Dan.

1531 5568 1765 5627 νΑῐιιΑε
1790 5570 2180 5639 LECTIONES
2236 5573 2326 5631 ET
2360 5574 2598 5653 ΝΟΤίΕ.

484 5702 549 5778 'L"
570 5703 743 5778 ῌοικ.
778 5709 903 5763 cod.
941 5709 964 5763 1
999 5710 1125 5766 add.
1148 5709 1214 5764 οὐ
1246 5705 1551 5778 φονεύσεις.

1629 5706 1675 5765 9⁸
1707 5711 1847 5763 Σου.
1878 5708 2046 5765 Abest
2070 5726 2101 5764 a
2126 5712 2249 5766 cod.
2278 5713 2327 5767 1.
2400 5709 2675 5778 ’⁷Ἐπήκ.
2712 5711 2867 5769 Prior
2891 5713 3057 5769 editio
3084 5713 3319 5769 habebat
3348 5713 3379 5767 ὑ

3385 5712 3698 5784 πήκουσας.

420 5769 607 5850 οδ-και
629 5769 953 5850 τζσρτηρ.
1012 5780 1137 5850 Des.
1186 5769 1408 5850 ﬂuctui.
1452 5775 1506 5829 Ι.
1583 5777 1743 5850 ἐ’-’ᾙ.
1784 5779 1906 5850 Des.
1970 5780 2019 5835 in

2122 5783 2191 5834 Ni.
2229 5783 2280 5835 l.
2360 5785 2374 5815 ⁸
2416 5784 2563 5835 Ἐπί.
2597 5769 2732 5839 ibid.
2768 5785 2846 5837 ὲν.
2924 5787 2945 5817 ³
2984 5784 3205 5839 Τοῦτον
3235 5814 3306 5826 --
3337 5769 3540 5841 τόκον.
3571 5769 3701 5843 Huic

418 5842 489 5921 ad
511 5842 712 5921 versic.
765 5842 837 5900 23
882 5842 1135 5919 apposuit
1184 5846 1346 5903 Cord.
1376 5848 1413 5902 Ι.
1448 5859 1501 5898 c.
1531 5861 1581 5917 p.
1616 5848 1742 5915 359,
1780 5849 1899 5929 sine
1922 5852 2165 5931 auctoris
2221 5854 2460 5908 nomine.
2491 5850 2621 5910 Post
2665 5853 2855 5908 τοῦτον
2885 5853 3057 5911 codex
3092 5855 3115 5909 1
3147 5854 3275 5911 add.
3298 5853 3377 5935 δέ.
