4128 6426
378 430 515 500 181⁸1

1696 417 1777 477 ΙΝ
1829 418 2034 483 PSAL.
2062 420 2304 483 CXVII.

3509 420 3647 491 1818

373 529 475 584 ὑπὸ
510 527 607 582 τοῦ
659 526 795 582 Θεοῦ
849 527 1230 599 πεποιημένην
1283 525 1459 593 καλεῖ,
1490 525 1610 581 καθ’
1643 527 1710 599 ἢν
1743 529 1771 580 ὀ
1807 528 1948 593 λίθος

2056 540 2216 586 vocat
2241 532 2416 597 illum,
2442 547 2552 603 quo
2581 532 2670 588 hic
2702 533 2841 605 lapis
2864 540 2991 605 post
3014 534 3324 607 passionem
3357 552 3386 593 a
3411 540 3646 593 mortuis

368 616 526 685 οὗτος
578 621 779 693 ἀνέστη
830 621 970 692 μετὰ
998 622 1059 675 τὸ
1103 620 1296 683 πάθος.
1334 618 1509 683 Εὑθίες
1536 622 1645 690 γὰρ
1678 620 1817 691 μετὰ
1854 621 1953 691 τὴν

371 714 693 776 ἀνάστασιν,
723 715 835 774 τοῖς
868 714 1031 783 ίεροῖς
1064 711 1349 766 ἐκέλευσεν
1383 713 1725 777 ἀποστόλοις,
1755 730 1954 786 πορευρ

371 806 536 876 θῆναι
584 808 680 859 καὶ
722 805 1059 876 μαθητεῦσαι
1086 805 1265 859 πάντα
1294 806 1361 857 τὰ
1389 803 1541 874 ἔθνη.
1576 805 1954 876 Διαφερόντως

372 895 431 949 δὲ
471 895 675 967 ταύτην
702 896 807 949 ὑπὸ
831 895 924 948 τοῦ
947 894 1082 949 Θεοῦ
1111 893 1442 963 γεγενῆσθαι
1469 894 1567 964 τὴν
1589 894 1803 964 ἡμέραν
1826 892 1953 962 ἔτη.

389 988 614 1059 Ἐπειδὴ
647 988 756 1058 γὰρ
796 989 816 1019 ³
858 988 915 1052 ἐξ
954 986 1131 1057 ἀρχῆς
1157 987 1219 1040 τὸ
1246 985 1361 1056 φῶς
1384 987 1441 1040 ἐν
1464 986 1600 1056 αὐτῇ
1653 986 1956 1055 πεποίηκεν

375 1083 403 1135 ὁ
430 1079 585 1143 Θεὸς,
618 1081 714 1132 καὶ
744 1080 844 1147 τὴν
870 1078 967 1131 τοῦ
1003 1079 1256 1147 Σωτῆρος
1287 1075 1446 1148 ἡμῶν
1477 1078 1776 1131 ἀνάστασιν
1803 1075 1960 1142 δεξα-

372 1173 533 1243 μένη,
562 1171 657 1224 τοῦ
684 1171 781 1240 τῆς
809 1168 1157 1240 δικα.οσύνης
1185 1168 1336 1240 ἡλίου
1365 1169 1465 1232 τὰς
1490 1168 1717 1233 ἀκτῖνας
1745 1170 1825 1231 εἰς
1854 1169 1959 1222 πᾶ-

369 1282 470 1319 σαν
499 1264 598 1335 τὴν
645 1263 976 1333 οἰκουμένην
1014 1261 1359 1332 κατέπεμψε.
1404 1261 1517 1315 Καὶ
1544 1260 1604 1313 τὸ
1633 1259 1748 1328 φῶς
1774 1260 1831 1314 δὲ
1863 1261 1958 1331 δηιρ

372 1356 739 1427 μιουργήσας,
782 1354 899 1422 φῶς
924 1354 1025 1423 τὴν
1056 1353 1270 1426 ἡμέραν
1295 1351 1574 1415 ἐκάλεσεν,
1604 1350 1735 1405 ἄλλο
1767 1348 1824 1402 δὲ
1858 1352 1953 1404 οὺ-

368 1448 459 1504 δὲν
479 1447 599 1501 κατ’
617 1446 833 1517 ἐκείνην
854 1446 953 1515 τὴν
978 1446 1190 1517 ἡμέραν
1214 1444 1536 1514 πεποίηκεν.
1560 1440 1710 1514 Αὕτη
1735 1442 1914 1496 τοίνυν
1935 1442 1957 1473 ⁸

369 1540 403 1607 ἡ
450 1536 634 1609 ἡμέρα
685 1538 841 1608 μόνη,
882 1537 1023 1591 κατὰ
1063 1536 1161 1607 τὴν
1216 1536 1440 1607 πρώτην
1471 1534 1703 1607 ἡμέραν,
1735 1533 1832 1604 τὴν
1860 1534 1956 1605 δη·

371 1630 667 1700 μιουργίαν
698 1628 919 1693 ἐδέξατο
948 1627 1042 1682 τοῦ
1092 1627 1288 1697 φωτός.
1336 1627 1423 1679 Ἐν
1474 1626 1573 1697 μὲν
1599 1626 1711 1697 γὰρ
1737 1627 1804 1696 τῇ
1828 1625 1955 1681 δευ-

366 1725 504 1795 τέρᾳ
523 1724 544 1756 ⁵
572 1724 844 1794 πεποίηκε
868 1722 927 1777 τὸ
960 1718 1269 1793 στερέωμα,
1294 1723 1352 1772 ὲν
1375 1719 1433 1773 δὲ
1449 1721 1515 1790 τῇ
1539 1718 1700 1789 τρίτῃ
1720 1717 1786 1772 τὰ
1811 1719 1954 1787 φυτὰ

367 1817 466 1874 καὶ
484 1817 553 1871 τὰ
570 1817 882 1888 σπέρματι,
912 1816 1008 1869 καὶ
1024 1817 1087 1869 ὲν
1110 1816 1232 1878 ταῖς
1251 1813 1439 1875 ἄλλαις
1462 1810 1664 1883 ὁμοίως
1684 1809 1755 1864 τὰ
1774 1811 1910 1865 ἄλλα
1933 1825 1950 1842 ο

2056 625 2374 680 resurrexit.
2400 625 2595 681 Statim
2619 626 2763 681 enim
2786 636 2909 697 post
2926 631 3403 694 resurrectionem,
3433 629 3648 702 1434

2057 719 2230 773 sacris
2262 718 2532 788 apostolis
2567 721 2848 790 praecepit,
2883 731 2942 776 ut
2965 720 3129 786 irent,
3160 732 3214 776 et
3236 722 3497 778 docerent
3522 738 3647 776 om-

2058 825 2155 864 nes
2175 820 2387 882 gentes.
2404 811 2686 881 Praecipue
2704 821 2887 867 autem
2912 813 3058 869 hunc
3079 814 3225 869 diem
3250 830 3278 868 a
3307 813 3416 870 Deo
3438 813 3643 869 factum

2057 916 2177 957 esse
2199 901 2349 957 dicit.
2379 903 2652 969 Quoniam
2677 906 2827 959 enim
2858 921 2887 959 a
2924 906 3199 977 principio
3228 908 3406 963 lucem
3435 909 3531 961 illo
3556 908 3646 962 die

2059 992 2187 1050 fecit
2208 995 2372 1062 Deus,
2400 1012 2525 1050 cum
2548 999 2712 1051 etiam
2742 997 3047 1054 Salvatoris
3075 1000 3248 1054 nostri
3281 999 3647 1055 resurrectio-

2059 1101 2181 1139 nem
2212 1086 2535 1155 accepisset,
2560 1087 2746 1142 radios
2770 1086 3158 1159 Solisjustitiae
3182 1090 3237 1145 in
3268 1099 3441 1145 tutum
3472 1101 3647 1145 terra-

2060 1192 2181 1230 rum
2202 1176 2388 1230 orbem
2419 1177 2621 1231 emisit.
2652 1176 2721 1233 Et
2747 1194 2871 1233 cum
2898 1166 3077 1236 lucem.
3101 1196 3268 1252 porro
3292 1180 3643 1246 labricasset,

2058 1269 2236 1325 lucem
2273 1269 2489 1324 vocavit
2520 1270 2687 1335 diem,
2721 1271 2857 1325 nihil
2893 1279 3074 1327 autem
3114 1272 3270 1328 aliud
3309 1272 3402 1326 illo
3440 1272 3530 1326 die
3564 1271 3644 1327 fe-

2059 1362 2153 1417 cit.
2191 1359 2289 1416 Hic
2314 1360 2483 1432 igitur
2515 1362 2634 1417 dies
2662 1362 2835 1426 solus,
2870 1362 3018 1418 sicut
3053 1364 3269 1433 primus
3301 1363 3441 1429 dies,
3480 1362 3646 1418 lumi-

2059 1450 2146 1504 nis
2178 1449 2583 1506 institutionem
2623 1452 2857 1522 accepit.
2887 1452 3141 1513 Secundo
3167 1454 3315 1507 enim
3345 1453 3433 1509 die
3460 1454 3646 1508 ﬁrma-

2058 1550 2305 1596 mentum
2353 1542 2506 1608 fecit,
2540 1543 2704 1598 tertio
2740 1545 2961 1614 plantas
2987 1555 3042 1599 et
3071 1546 3305 1606 semina.
3341 1558 3396 1600 et
3425 1546 3481 1599 in
3520 1545 3645 1599 aliis

2057 1631 2310 1687 similiter
2338 1633 2465 1699 alia,
2498 1635 2678 1704 primo
2710 1651 2840 1691 vero
2856 1637 2943 1691 die
2976 1637 3151 1692 lucem
3180 1654 3195 1690 :
3231 1639 3643 1691 vocavitautem

2056 1722 2236 1777 lucem
2281 1724 2443 1778 diem.
2486 1722 2619 1780 Jure
2658 1726 2824 1796 igitur
2857 1728 3032 1781 dixit:
3069 1745 3089 1778 ι
3119 1725 3220 1782 Hic
3238 1727 3460 1782 estdies
3481 1739 3644 1796 quem

2056 1811 2188 1866 fecit
2217 1812 2485 1869 Dominus
2510 1831 2525 1868 :
2556 1815 2921 1881 exsultemus,
2950 1825 3005 1871 et
3025 1816 3276 1871 laetemur
3305 1816 3472 1880 ineo,
3511 1831 3530 1865 ι
3560 1822 3648 1870 υι·

365 1912 426 1963 έν
453 1909 509 1963 δὲ
546 1911 610 1980 τῇ
643 1907 836 1980 πρώτη
879 1908 1064 1980 ἡμέρα
1098 1905 1159 1960 τδ
1194 1904 1310 1975 φῶς
1341 1919 1355 1933 '
1389 1902 1621 1957 ἐκάλεσε
1654 1901 1712 1955 δὲ
1743 1902 1803 1956 τὸ
1840 1900 1948 1972 φῶς

2058 1911 2188 1972 pote
2221 1903 2315 1972 qui
2346 1902 2401 1957 in
2441 1903 2563 1974 ipso
2599 1904 2869 1959 bonorum
2906 1904 3088 1959 fontes
3127 1904 3467 1973 accepimus.

363 1999 621 2071 ἡμέραν.
650 2000 896 2062 Εἰκότως
925 1999 1105 2052 τοίνυν
1134 1998 1154 2030 ⁸
1181 1996 1308 2068 ἔφη,
1356 2014 1377 2049 ι
1409 1995 1559 2066 Αὕτη
1596 1997 1629 2067 ἡ
1688 1995 1892 2067 ἡμέρα,
1955 1994 2024 2065 ῆν
2061 1995 2317 2065 ἐποίησεν
2345 1998 2375 2049 ὁ
2423 1994 2653 2068 Κύριος,
2684 1996 3171 2067 ἀγαλλιασὼμεθα,
3203 1997 3297 2052 καὶ
3328 1993 3651 2068 εὐφρανθῶ-

367 2114 472 2170 μεν
516 2098 574 2149 ἐν
598 2097 760 2168 αὐτῇ,
806 2114 826 2147 ι
872 2096 969 2150 ἆτε
1019 2095 1085 2165 δὴ
1116 2096 1174 2149 ὲν
1202 2096 1340 2166 αὐτῇ
1376 2093 1488 2147 τῶν
1510 2092 1738 2161 ἀγαθῶν
1764 2092 2052 2163 δεξάμενοι
2083 2091 2186 2154 τὰς
2212 2093 2424 2163 πηγάς.

438 2197 542 2245 κε’.
571 2210 591 2242 ι
621 2186 691 2245 Ὦ
717 2189 914 2260 Κύριε,
936 2190 1112 2244 σῶσον
1125 2188 1213 2261 δὴ,
1234 2183 1281 2244 ὦ
1308 2188 1504 2258 Κύριε,
1527 2188 1792 2245 εὐόδωσον
1809 2188 1896 2260 δή.
1927 2207 1947 2240 ι

360 2281 480 2339 Καὶ
509 2284 589 2346 είς
632 2281 725 2335 τὸν
771 2281 966 2337 ἔπειτα
1008 2280 1225 2354 χρόνον,
1265 2275 1311 2335 ῶ
1352 2279 1620 2345 Δέσποτα,
1670 2281 1953 2353 παράσχου

360 2374 465 2445 τὴν
513 2374 815 2445 σωτηρίαν,
852 2374 950 2427 καὶ
978 2375 1077 2443 τὴν
1105 2374 1241 2446 πρὸς
1276 2373 1338 2428 σέ
1367 2372 1644 2445 φέρουσαν
1671 2375 1806 2444 ἡμῖν
1835 2373 1955 2429 ὁδὸν

362 2463 594 2536 ποίησον
629 2465 824 2536 ῥᾳδίαν
861 2465 957 2520 καὶ
993 2465 1251 2537 εὔπορον.

440 2564 556 2622 κς¹.
596 2572 618 2609 ι
666 2557 1049 2628 Εὐλογημένος
1088 2558 1120 2611 6
1147 2558 1445 2630 ἐρχόμενος
1476 2558 1536 2612 ὲν
1566 2557 1795 2629 ὀνόματι
1836 2559 1951 2613 Κυ·

360 2649 510 2722 ρίου.
536 2668 555 2701 ι
581 2648 834 2721 Ταύτηντ
860 2648 940 2721 τῷ
966 2650 1213 2723 Δεσπότῃ
1241 2650 1341 2722 τὴν
1371 2651 1556 2720 φωνὴν
1572 2650 1670 2704 καὶ
1688 2653 1737 2703 oi
1761 2651 1951 2715 παῖδες

360 2740 755 2811 προσήνεγκαν
801 2741 884 2804 είς
928 2740 1154 2812 ἔλεγχον
1198 2741 1310 2795 τῶν
1356 2741 1426 2795 τὰ
1463 2740 1583 2796 Θεία
1617 2741 1775 2811 λόγια
1801 2741 1950 2797 διδά-

359 2848 521 2885 σκειν
558 2832 1033 2903 ὑπισχνουμένων,
1069 2835 1164 2887 καὶ
1215 2835 1317 2905 τὴν
1346 2833 1525 2905 ἀληθῆ
1550 2834 1793 2889 διάνοιαν
1822 2852 1949 2888 συν·-

357 2923 498 2977 ιδεῖν
522 2925 583 2977 οὐ
625 2924 990 2994 βουλομένων.
1034 2925 1157 2979 Τῶν
1183 2926 1292 2998 γὰρ
1319 2928 1698 2998 Γραμματέων
1728 2928 1821 2982 καὶ
1841 2930 1951 2983 Φα-

361 3015 594 3086 ρισαίων
643 3017 994 3089 Σαμαρείτην
1040 3017 1133 3070 τὸν
1179 3018 1462 3091 Δεσπότην
1498 3018 1945 3086 ἀποκαλούντων,

355 3107 410 3160 οι
442 3107 636 3170 παῖδες
663 3108 827 3162 αὐτὸν
856 3103 997 3162 εἶναι
1030 3108 1126 3163 τὸν
1166 3111 1462 3183 ἐρχόμενον
1483 3112 1508 3146 ⁸
1532 3113 1628 3166 καὶ
1655 3113 1951 3184 εὐλογημέ-

359 3213 455 3249 νον
507 3196 821 3252 ἀπεκάλουν
847 3200 890 3262 9,
925 3200 1023 3252 καὶ
1056 3200 1119 3253 τὸ
1165 3200 1392 3255 Ὡσαννὰ
1419 3202 1478 3256 δὲ
1501 3202 1704 3273 ὁμοίως
1735 3206 1794 3257 ὲν
1818 3204 1949 3276 τῇδε

358 3292 543 3342 κεῖται
570 3292 639 3361 τῇ
678 3291 988 3362 προφητείᾳ
1018 3306 1031 3321 ο
1065 3291 1126 3345 τὸ
1160 3292 1270 3364 γὰρ
1316 3292 1530 3349 σῶσον
1559 3294 1638 3364 δὴ
1682 3295 1950 3352 Ὡσαννὰ

2130 2188 2300 2244 Vens.
2327 2188 2420 2243 25.
2457 2206 2476 2239 ι
2512 2186 2556 2243 Ο
2586 2186 2835 2254 Domine,
2872 2189 3083 2244 salvum
3113 2202 3201 2242 me
3218 2185 3321 2253 fac,
3344 2184 3644 2251 oDomine,

2053 2280 2192 2336 bene
2230 2295 2578 2351 prosperare.
2623 2298 2642 2332 ι
2679 2280 2744 2334 Ει
2776 2281 2828 2334 in
2861 2288 3144 2350 posterum
3187 2288 3422 2347 tempus,
3464 2291 3496 2331 ο
3535 2275 3646 2331 Do-

2053 2371 2225 2435 mine,
2273 2371 2509 2426 salutem
2564 2370 2790 2441 largire,
2836 2380 2890 2425 et
2940 2369 3086 2425 viam
3122 2368 3191 2423 ad
3244 2379 3298 2423 te
3350 2367 3643 2431 ducentem

2053 2462 2267 2518 facilem
2307 2473 2360 2519 et
2386 2464 2694 2534 expeditam
2731 2463 2890 2519 nobis
2912 2460 3019 2517 fac.

2127 2554 2292 2611 Vens.
2318 2555 2410 2611 26.
2453 2573 2473 2607 ι
2508 2555 2840 2610 Benedictus
2879 2554 2977 2623 qui
3006 2554 3155 2609 venit
3193 2555 3247 2608 in
3281 2553 3506 2609 nomine
3538 2552 3643 2609 Do-

2051 2647 2211 2702 mini.
2252 2666 2273 2700 ι
2308 2648 2454 2702 Idem
2490 2649 2656 2703 etiam
2691 2648 2846 2718 pueri
2892 2646 3124 2702 Domino
3150 2648 3432 2712 dixerunt,
3465 2647 3521 2701 in
3557 2661 3644 2700 re-

2049 2740 2472 2812 prehensionem
2511 2755 2703 2796 eorum
2746 2741 2865 2812 qui,
2923 2739 3111 2794 divina
3164 2739 3394 2795 oracula
3442 2738 3642 2796 docere

2050 2832 2389 2904 proﬁtentes,
2443 2834 2729 2888 veritatem
2790 2847 3120 2903 cognoscere
3161 2833 3441 2889 nolebant.
3499 2831 3639 2895 Cum

2048 2930 2196 2985 enim
2242 2929 2453 2986 Scribae
2486 2939 2545 2986 et
2590 2928 2853 2985 Pharisaei
2885 2928 3294 2987 Samaritannm
3341 2928 3638 2984 Dominum

2047 3026 2408 3096 appellarent,
2449 3026 2605 3097 pueri
2632 3027 2812 3096 ipsum
2842 3040 2966 3082 esse
2992 3026 3299 3082 venientem
3330 3033 3388 3080 et
3414 3024 3641 3081 benedis-

2047 3127 2198 3176 ctum
2228 3119 2488 3174 dicebant
2518 3128 2567 3172 ιι.
2599 3117 2666 3173 Ει
2693 3135 2798 3174 vox
2850 3118 3113 3175 Hosanna
3156 3117 3408 3173 similiter
3445 3119 3505 3173 in
3538 3119 3640 3173 hac

2012 3210 2020 3219 ’
2048 3216 2211 3271 etiam
2230 3216 2623 3272 vaticinatione
2654 3216 2817 3272 inest.
2850 3214 3063 3287 15.35
3096 3213 3316 3270 Salvum
3347 3213 3495 3270 enim
3530 3213 3631 3284 fac,

2049 3310 2105 3364 in
2137 3309 2366 3366 Hebraeo
2404 3320 2661 3366 contextu
2711 3308 2971 3365 Hosanna
3011 3309 3251 3380 positum
3303 3309 3639 3365 invenimus.

356 3380 517 3450 παρᾶ
551 3379 631 3450 τῷ
676 3380 916 3453 Ἑϐραίῳ
969 3382 1222 3452 κείμενον
1265 3382 1521 3456 εὕρομεν.
1565 3386 1847 3441 Ἐντεῦθεν
1890 3388 1948 3442 δὲ

2054 3403 2193 3459 Hinc
2215 3404 2378 3459 etiam
2405 3403 2600 3458 beatus
2621 3399 2862 3457 Joannes
2884 3379 3149 3472 Baptista,
3178 3417 3311 3457 suos
3336 3401 3643 3472 discipulos

353 3470 459 3527 καὶ
490 3473 518 3525 6
550 3473 825 3545 μακάριος
868 3474 1123 3546 Ἰωάννης
1145 3478 1173 3530 6
1202 3475 1518 3550 Βαπτιστὴς
1546 3479 1673 3543 τοὺς
1712 3479 1947 3545 οἰκείους

2051 3496 2118 3550 ad
2153 3494 2437 3550 veritatem
2474 3495 2703 3557 ducens,
2735 3508 2832 3563 per
2884 3463 3008 3548 illos
3072 3463 3365 3547 Dominum
3408 3463 3643 3548 int-erro-

351 3564 498 3636 πρὸς
526 3565 625 3637 τὴν
654 3566 915 3638 ἀλήθειαν
946 3568 1199 3640 ποδηγῶν
1222 3569 1495 3640 μαθητὰς,
1523 3572 1689 3643 ἤρετο
1712 3572 1781 3627 δι’
1805 3571 1950 3627 ὲκεί-

351 3675 466 3712 νων
495 3659 587 3712 τὸν
618 3659 822 3728 Κύριον
844 3677 858 3691 ο
897 3679 916 3713 ι
948 3661 1019 3714 Σὺ
1041 3659 1093 3715 εῐ
1115 3663 1143 3714 ό
1168 3662 1488 3733 ἐρχόμενος,
1506 3664 1539 3735 ἢ
1556 3664 1745 3736 ἕτερον
1774 3683 1946 3736 προσ-

348 3752 643 3822 δοκῶμεν;
682 3772 701 3805 ι
744 3752 955 3825 Κύριος
1013 3754 1071 3808 δὲ
1100 3754 1199 3822 ὢν,
1237 3758 1295 3810 ὲν
1323 3756 1550 3826 ὀνόματι
1580 3759 1783 3828 Κυρίου
1815 3759 1944 3830 ἐλή-

349 3845 536 3898 λυθεν.
559 3844 746 3908 Οὕτως
768 3845 828 3900 δὲ
858 3845 964 3917 ἔφη
993 3846 1133 3919 πρὸς
1150 3847 1462 3911 Ἰουδαίους·
1490 3866 1509 3900 ι
1533 3848 1676 3917 Ἐγὼ
1704 3849 1944 3920 ἐλήλυθα

352 3938 411 3988 ἐν
435 3936 515 4007 τῷ
539 3937 765 4007 ὀνόματι
812 3937 905 3992 τοῦ
955 3939 1169 4012 Πατρός
1226 3956 1326 4010 μου
1353 3938 1433 4012 [³⁸
1464 3940 1555 3993 καὶ⁵
1584 3941 1685 3994 οὐκ
1715 3942 1943 3999 ἐλάϐετε

352 4029 476 4101 p.31-
522 4030 747 4102 ἔρχεται
778 4031 941 4096 ἄλλος
984 4033 1042 4085 ὲν
1071 4034 1151 4104 τῷ
1182 4033 1301 4105 ἰδίῳ
1328 4034 1577 4105 ὀνόματι,
1610 4039 1864 4091 κάκεῖνον
1895 4040 1939 4072 ¹¹

350 4121 619 4192 λήψεσθε.
665 4142 684 4175 ι
708 4125 820 4179 Καὶ
851 4123 1225 4195 εὐλογημένος
1253 4124 1351 4192 ὢν,
1386 4126 1756 4198 εὐλογημένοι)
1791 4131 1941 4185 ἐστὶν

346 4212 481 4276 υιὸς.
519 4212 676 4266 οὕτω
705 4215 747 4246 ¹¹
774 4215 869 4269 καὶ
915 4217 945 4268 ό
983 4217 1279 4287 ἀρχιερεὺς
1307 4217 1490 4289 ἤρετο·
1533 4236 1552 4270 ι
1585 4221 1659 4274 Σὺ
1687 4216 1739 4273 εἶ
1763 4222 1792 4275 6
1825 4223 1941 4287 υίὸς

345 4304 449 4359 τοῦ
468 4305 765 4378 εὐλογητοῦ
784 4323 798 4373 ;
819 4326 838 4358 ι
863 4338 927 4348 -
941 4326 960 4359 ι
988 4308 1385 4380 Εὑλογήκαμεν
1407 4311 1550 4380 ὑμᾶς
1575 4313 1636 4378 ἐξ
1654 4312 1806 4368 οἴκου
1824 4315 1940 4370 Κυ-

350 4395 493 4467 ρίου.
534 4414 554 4446 ι
597 4396 788 4451 Ταῦτα
830 4398 1082 4466 λέγουσιν
1110 4401 1164 4452 οἱ
1202 4402 1553 4472 νενικηκότες
1581 4405 1694 4468 τοῖς
1725 4406 1939 4461 ἑαυτῶν

346 4489 632 4560 ἐρασταῖς,
686 4490 771 4543 ὅτι
821 4491 915 4544 τοῦ
949 4491 1099 4545 λίθου
1148 4492 1338 4547 τούτου
1383 4496 1481 4567 τὴν
1513 4496 1765 4568 εὐλογίαν
1808 4501 1938 4571 ὑμῖν

346 4581 763 4652 προσφέρομεν,
798 4582 858 4647 ὃς
913 4579 1062 4647 οἶκος
1118 4585 1340 4655 ἐγένετο
1374 4587 1468 4641 τοῦ
1508 4589 1569 4643 ὲν
1610 4590 1761 4663 αὐτῷ
1799 4590 1935 4646 Θεοῦ

344 4673 526 4742 Λόγου
555 4692 569 4707 ·
616 4695 635 4727 ι
688 4676 746 4729 '0
776 4677 887 4748 γὰρ
927 4678 1126 4760 Λόγος,
1156 4681 1308 4751 φησὶ,
1365 4679 1502 4753 σὰρξ
1555 4684 1793 4754 ἐγένετο,
1844 4686 1939 4741 καὶ

2049 3586 2201 3657 gavit
2233 3605 2247 3640 :
2290 3604 2308 3638 ι
2349 3584 2504 3639 Tune
2541 3600 2624 3649 es,
2652 3584 2744 3654 qui
2774 3593 3042 3639 venturus
3064 3596 3146 3646 es,
3181 3597 3248 3639 an
3274 3583 3441 3638 alium
3475 3597 3643 3653 expe-

2049 3675 2354 3732 ctemusqt’
2392 3695 2412 3729 ι
2462 3674 2598 3731 Cum
2635 3680 2817 3728 autem
2853 3673 2927 3728 sit
2976 3671 3266 3737 Dominus,
3317 3672 3373 3727 in
3416 3673 3643 3727 nomine

2047 3766 2268 3825 Domini
2290 3768 2459 3824 venit.
2494 3767 2588 3822 Sic
2617 3781 2787 3838 porro
2816 3764 3029 3822 Iudaeis
3048 3765 3189 3820 dixit
3216 3785 3230 3820 :
3265 3784 3284 3817 ι
3306 3764 3419 3835 Ego
3438 3765 3560 3820 veni
3583 3765 3638 3820 in

2046 3859 2269 3916 nomine
2289 3858 2471 3915 Patris
2513 3859 2643 3925 mei,
2677 3857 2797 3931 [sed
2833 3874 2942 3912 non
2978 3857 3267 3927 recepistis
3306 3855 3465 3927 me;]
3494 3856 3640 3915 venit

2045 3953 2188 4007 alius
2209 3954 2263 4007 in
2302 3967 2405 4033 suo
2436 3952 2682 4014 noinine,
2709 3962 2763 4005 et
2798 3950 2948 4005 illum
2975 3949 3256 4020 accipietis
3286 3958 3330 4003 ι’.
3375 3967 3394 4000 ι
3422 3946 3635 4004 Etcum

2044 4045 2118 4100 sit
2138 4043 2479 4108 benedictus,
2506 4043 2780 4099 benedicti
2801 4052 2890 4099 est
2914 4042 3081 4097 illius.
3113 4041 3379 4096 Similiter
3408 4048 3464 4094 et
3492 4054 3635 4109 pon-

2045 4134 2177 4191 tifex
2217 4135 2577 4206 interrogavit
2609 4154 2623 4191 :
2658 4154 2677 4188 ι
2725 4134 2884 4191 Tune
2917 4150 2977 4190 es
3008 4134 3156 4189 ﬁlius
3194 4132 3467 4189 benedicti
3500 4133 3570 4186 εἳ
3608 4153 3627 4200 ρ

2042 4258 2114 4270 -
2140 4248 2160 4283 ι
2185 4228 2580 4287 Benediximus
2612 4228 2770 4285 vobis
2801 4228 2871 4285 de
2895 4227 3056 4284 domo
3089 4225 3329 4283 Domini.
3359 4244 3379 4277 ι
3404 4224 3532 4281 Haec
3549 4225 3631 4280 di-

2042 4331 2179 4377 cunt
2207 4321 2402 4377 amicis
2432 4320 2549 4377 suis
2574 4322 2668 4392 qui
2703 4321 2990 4377 victoriam
3033 4320 3223 4391 adepti
3261 4325 3411 4383 sunt,
3453 4316 3632 4389 Hujus

2040 4413 2241 4485 lapidis
2281 4414 2720 4471 benedictionem
2754 4412 2913 4470 vobis
2961 4410 3265 4478 anet-imus,
3305 4410 3400 4479 qui
3432 4408 3632 4464 domus

2042 4506 2221 4563 factus
2249 4515 2335 4564 est
2363 4506 2458 4563 Dei
2490 4503 2677 4574 Verbi,
2701 4506 2844 4576 quod
2879 4509 2895 4529 ¹
2928 4506 2983 4559 ἱη
3017 4520 3081 4560 ea
3114 4503 3400 4566 habitavit,
3435 4520 3454 4553 ι
3490 4500 3625 4556 Ver-

2041 4602 2171 4657 bum
2205 4602 2374 4666 enim,
2417 4600 2618 4672 inquit,
2649 4615 2779 4656 caro
2818 4597 3024 4654 factum
3053 4605 3158 4665 est,
3192 4606 3246 4652 et
3274 4595 3543 4650 habitavit
3576 4595 3627 4659 in

2040 4692 2201 4747 nobis
2231 4692 2272 4748 ί.
2297 4711 2314 4744 ι
2352 4690 2418 4746 Et
2447 4691 2714 4745 Dominus
2747 4687 2951 4744 Judaeis
2979 4687 3117 4742 dixit
3145 4705 3158 4742 :
3194 4704 3214 4739 ι
3251 4685 3459 4741 Solvite
3493 4693 3630 4741 tent-

346 4767 667 4867 onﬁvwaev
701 4770 758 4822 ὲν
788 4771 941 4841 ἡμῖν.
976 4790 995 4824 ι
1033 4771 1141 4824 Καὶ
1169 4773 1197 4824 6
1228 4773 1431 4844 Κύριος
1470 4774 1610 4844 πρδς
1644 4775 1936 4841 Ἰουδαίους

2049 4784 2187 4856 plum
2225 4783 2350 4852 hoc,
2378 4793 2434 4841 et
2462 4784 2517 4838 in
2557 4782 2732 4838 tribus
2767 4781 2961 4837 diebus
2992 4779 3246 4836 excitabo
3276 4778 3411 4834 illud
3432 4785 3486 4833 ιι.
3524 4795 3545 4831 ι

342 4853 455 4924 ἔφη
482 4869 497 4883 '
560 4873 580 4906 ι
620 4856 833 4909 Λύσατε
862 4857 952 4913 τὸν
985 4858 1109 4912 ναὸν
1129 4859 1341 4927 τοῦτον,
1374 4861 1467 4915 καὶ
1497 4862 1555 4916 ἐν
1582 4863 1765 4934 τρισὶν
1795 4865 1934 4935 ὴμέ-

345 4961 473 5020 ραις
497 4945 677 5016 ἐγερῶ
700 4948 883 5003 αὐτόν.
925 4967 944 5000 ›

415 5035 523 5099 κζ’.
570 5056 588 5088 ι
624 5037 759 5101 Θεὸς
787 5039 1013 5113 Κύριος,
1049 5043 1144 5096 καὶ
1171 5044 1444 5115 ὲπέφανεν
1473 5047 1629 5117 ἡμῖν.
1669 5067 1688 5099 ι
1731 5048 1931 5119 Σαφῶς

2110 5045 2279 5103 Vens.
2319 5048 2410 5101 ‘27.
2447 5064 2468 5098 ι
2503 5045 2646 5102 Deus
2669 5044 2937 5101 Dominus
2964 5053 3071 5113 est,
3097 5053 3154 5100 et
3179 5044 3361 5100 itiuxit
3391 5039 3575 5097 nobis.
3597 5057 3617 5091 ι

338 5126 704 5201 ὲθεολόγησεν
726 5130 959 5187 ἐνταῦθα
988 5133 1080 5188 τὸν
1108 5136 1388 5210 Δεσπότην
1412 5137 1667 5207 Χριστόν.
1698 5140 1797 5192 Ὃν
1819 5139 1929 5212 γὰρ

2049 5138 2328 5197 .llanil‘esto
2369 5141 2477 5197 hoc
2516 5139 2570 5196 in
2611 5139 2738 5196 loco
2781 5138 3076 5196 Dominum
3115 5136 3395 5194 Christum
3449 5131 3619 5188 Deum

338 5220 608 5285 ικάλεσεν
634 5223 955 5290 ᾶνωλίθον.
987 5227 1085 5282 καὶ
1116 5227 1255 5298 μετὰ
1284 5229 1459 5287 ταῦτα
1489 5231 1923 5301 εὐλογημένον,

2049 5247 2163 5290 asse
2197 5233 2519 5291 declaravit.
2566 5232 2743 5302 Quem
2778 5232 2925 5293 enim
2961 5230 3219 5303 superius
3257 5227 3489 5298 lapidem
3521 5237 3619 5279 vo-

419 5410 449 5458 P
477 5398 672 5457 Matth.
707 5419 822 5469 xxi,
854 5405 908 5461 9.
981 5418 1013 5458 «ι
1040 5406 1232 5463 Matth.
1271 5424 1347 5479 xi,
1379 5407 1434 5464 5.
1510 5418 1534 5449 I’
1566 5408 1727 5466 Joan.
1765 5428 1818 5477 v,
1852 5411 1942 5467 ὁδί

2082 5411 2247 5468 Marc.
2285 5429 2396 5477 xw,
2428 5412 2518 5469 61.
2603 5415 2619 5449 ί
2660 5411 2820 5468 Joan.
2858 5428 2896 5479 ι,
2934 5411 3024 5468 it.
3105 5416 3134 5447 ι
3161 5405 3327 5466 Joan.
3357 5421 3420 5473 tt,
3453 5402 3541 5460 19.

1432 5567 1669 5629 ῩΑΒΙᾸΕ
1709 5569 2095 5633 LECTIONES
2146 5571 2233 5627 ET
2276 5572 2510 5629 NOTE.

413 5690 606 5769 ⁸Γάρ.
647 5700 769 5756 00d.
808 5699 832 5755 1
866 5700 979 5756 καί.
1058 5700 1077 5733 ⁸
1124 5700 1265 5757 Δῦττ
1340 5705 1569 5761 τοίνυν.
1609 5707 1683 5762 ib.
1719 5705 1834 5761 νῦν.

413 5768 636 5826 ταύτην
671 5769 1035 5826 -εὕοοιιεν.
1088 5771 1216 5826 [hec
1256 5721 1546 5826 'i'heodoro
1593 5779 1834 5826 tribuunt

333 5770 360 5842 ’ί
400 5769 636 5842 Ταύτην
671 5769 1035 5842 -τ-είῦρομεν.
1088 5771 1216 5831 ΙΙωο
1246 5769 1335 5842 ᾚι

1938 5709 1959 5739 ⁸
1991 5710 2172 5782 Acut:
2192 5709 2268 5765 ib.
2339 5710 2589 5782 sequitur
2621 5709 2828 5782 ᾑμέρᾳ.

1339 5775 1546 5851 eodem
1593 5779 1912 5851 tribuuntur
1950 5780 2093 5851 apud
2134 5778 2298 5851 Cord.
2348 5781 2384 5833 Ι.
2418 5775 2485 5835 ’0.

2935 5707 2955 5738 ⁸
2995 5705 3229 5762 Τοίνυν.
3256 5704 3378 5760 cod.
3409 5702 3461 5757 1.
3491 5701 3613 5771 νῦν.

2538 5796 2592 5849 p.
2624 5772 2750 5849 5612
2781 5772 2801 5849 ’ν
2832 5778 2862 5849 7⁸
2900 5778 3063 5849 Ἐρχ.
3089 5776 3213 5837 cod.
3243 5776 3265 5832 1
3301 5774 3428 5833 add.
3464 5772 3616 5848 titva

348 5840 569 5916 λόγων.
645 5842 665 5874 ⁹
692 5841 823 5898 ibid.
849 5840 1098 5911 ἐκάλουν.
1181 5843 1223 5874 ¹⁰
1244 5840 1286 5915 Ε
1309 5844 1432 5901 cod.
1467 5846 1516 5900 1.
1600 5849 1638 5880 ¹¹
1772 5850 1946 5905 ἐκεῖνο

2079 5850 2124 5887 ¹²
2154 5850 2322 5911 οὕτω
2346 5880 2415 5893 --
2436 5840 2586 5918 υὶόξε.
2619 5848 2740 5906 Des.
2770 5848 2899 5922 ibid.
