4128 6452
425 466 559 533 182i

1742 477 1825 537 IN
1850 476 2082 538 -PSAL.
2132 478 2405 542 CXVIII.

3556 488 3710 551 1822

422 594 527 660 τήν
572 590 889 663 πρακτικήν
920 591 1147 665 ἀρετήν.
1185 592 1300 649 Οὐκ
1321 593 1516 664 ἀμελεῖ
1546 593 1603 648 δὲ
1626 593 1747 648 οὐδὲ
1780 594 1883 664 τῆς
1911 596 2011 649 τῶι

2123 596 2277 667 gligit
2316 605 2496 652 tamen
2548 596 2868 668 dogmatnm
2916 595 3317 663 sinceritatem,
3368 596 3464 651 sed
3514 597 3713 651 horum

420 681 715 752 δογμάτων
755 683 1047 754 ἀκριϐείας
1079 701 1093 714 ·
1131 684 1270 739 ἀλλὰ
1311 688 1434 749 ταῖς
1458 685 1678 757 ήθικαίς
1711 686 2018 757 ὑποθήκαις

423 776 520 829 καὶ
574 776 675 846 τὴν
731 777 862 848 περὶ
906 777 1113 831 τούτων
1147 777 1501 833 διδασκαλίαν
1532 778 1881 851 προστίθησι.
1932 780 2018 844 Ὧς

421 869 617 937 ἀρκεῖν
650 867 840 922 τοῦτον
875 870 966 923 τὸν
986 869 1225 941 ψαλμὸν,
1252 873 1348 926 καὶ
1370 872 1497 936 τοὺς
1522 875 1623 944 τῆς
1653 871 1869 937 τελείας
1887 873 2019 943 ἀρε-

419 960 522 1028 τῆς
555 960 879 1030 ἐφιεμένους
903 963 961 1016 ἐν
984 963 1123 1034 αὐτῇ
1148 963 1458 1031 τελειῶσαι,
1484 965 1581 1018 καὶ
1607 964 1735 1028 τοὺς
1762 964 2018 1038 ῥᾳστώνῃ

422 1051 702 1117 συζῶντας
762 1055 898 1125 πρὸς
950 1056 1192 1125 σπουδὴν
1224 1057 1510 1129 διεγεῖραι,
1546 1056 1642 1111 καὶ
1674 1056 2017 1128 ψυχαγωγῆ-

422 1159 515 1195 σαι
571 1144 701 1205 τοὺς
748 1142 1118 1215 ἀθυμοῦντας,
1154 1146 1248 1202 καὶ
1300 1145 1565 1217 ῥυθμῖσαι
1615 1146 1662 1178 ³⁵
1695 1146 1823 1210 τοὺς
1849 1145 2019 1218 ρᾳθυ-

421 1232 682 1303 μοῦντας,
717 1235 810 1288 καὶ
835 1235 1178 1302 ἁπαξαπλῶς
1215 1237 1567 1309 παντοδαπὴν
1593 1232 1894 1308 θεραπεξαν
1926 1238 2014 1291 ὲν-

419 1324 597 1378 θεῖναι
632 1328 746 1389 τοῖς
798 1327 1070 1391 ποικίλοις
1102 1328 1211 1382 τῶν
1245 1327 1552 1400 ἀνθρώπων
1597 1329 1916 1399 παθήμασιν
1943 1329 2009 1384 ³⁸.

491 1414 561 1471 α’.
611 1434 631 1466 ‹
678 1416 954 1486 Μακάριοι
1005 1419 1054 1471 oi
1089 1417 1320 1488 ἄμωμοι
1372 1421 1431 1472 ἐν
1641 1438 1662 1472 ι
1703 1418 2011 1491 Μακαρίζει

415 1507 547 1569 τοὺς
580 1505 682 1577 τὴν
705 1506 995 1580 βασιλικὴν
1017 1509 1137 1563 ὁδὸν
1164 1508 1449 1575 ὁδεύοντας
1480 1511 1524 1542 ³⁷
1553 1509 1815 1575 ἀκλινῶς,
1848 1512 1942 1565 καὶ
1963 1510 2012 1543 ⁸⁸

420 1598 562 1671 μήτε
590 1597 764 1669 δεξιᾷ,
796 1603 933 1672 μήτε
983 1602 1252 1674 ἀριστερᾷ
1280 1602 1425 1656 κατά
1465 1601 1568 1666 τὰς
1599 1604 1886 1675 ὑποθήκας
1910 1603 2007 1658 τοῦ

415 1689 586 1758 νόμου
620 1691 1101 1761 παρατραπέντας.
1136 1692 1295 1754 Τίνες
1326 1692 1384 1747 δὲ
1409 1687 1553 1748 οὗτοι
1578 1693 1846 1748 διδάσκει·
1889 1711 1910 1745 ι
1941 1694 2007 1748 Oi

416 1780 780 1852 πορευόμενοι
814 1783 875 1835 ὲν
923 1783 1076 1855 νόμῳ
1122 1784 1351 1856 Κυρίου.
1388 1805 1409 1839 ι
1463 1786 1529 1839 Οί
1559 1784 1670 1859 γὰρ
1705 1785 1846 1840 κατὰ
1877 1786 2006 1841 τού-

414 1894 545 1941 τους
597 1877 1008 1949 πολιτευόμενοι
1038 1881 1101 1933 τὸ
1130 1879 1363 1951 ἄμωμον
1402 1880 1638 1953 ἔχουσιν.
1682 1881 1859 1937 Ὀδὸν
1895 1882 2003 1953 γὰρ

2123 704 2344 759 quoque
2380 688 2686 745 doctrinam
2727 690 2976 762 adjungit
3011 692 3298 761 praeceptis
3338 689 3406 745 de
3434 688 3713 744 moribus.

2123 780 2304 839 PoteSL
2331 783 2517 853 itaque
2550 783 2637 839 hic
2667 783 2912 853 psalmus
2937 794 2992 839 et
3021 784 3312 855 exquisita:
3336 781 3560 838 virtutis
3592 788 3710 835 stu-

2118 874 2307 931 diosos
2348 876 2402 930 in
2449 876 2565 947 ipsa
2612 877 2894 946 perlicere,
2939 886 2994 933 et
3043 877 3279 948 segniter
3342 875 3587 929 viventes
3640 869 3711 925 ad

2119 967 2361 1023 studium
2402 968 2721 1033 accendere,
2756 978 2810 1025 et
2837 980 3136 1025 maerentes
3176 982 3447 1033 recreare,
3497 973 3550 1019 et
3581 978 3706 1020 eor-

2120 1056 2295 1127 rigere
2327 1057 2531 1127 pigros,
2563 1066 2636 1124 et,
2673 1067 2731 1114 ut
2762 1075 2870 1114 uno
2901 1060 3070 1115 verbo
3111 1058 3316 1123 dicam,
3342 1055 3583 1111 universi
3614 1069 3710 1125 ge-

2118 1144 2269 1199 neris
2321 1144 2647 1200 medicinam
2698 1146 2867 1201 variis
2926 1147 3213 1202 hominum
3282 1143 3497 1201 morbis
3549 1141 3708 1197 adhi-

2117 1233 2269 1291 bere.
3700 1240 3703 1241 ⁷

2189 1402 2355 1460 Vsus.
2399 1404 2453 1459 1.
2499 1424 2519 1458 ι
2556 1404 2708 1460 Beati
2748 1405 3084 1462 immaculati
3122 1406 3180 1460 in
3223 1407 3331 1461 via.
3370 1423 3389 1456 ι
3442 1405 3552 1461 Eos
3579 1403 3705 1457 bea—

2116 1507 2197 1551 tos
2229 1512 2352 1553 esse
2382 1498 2481 1565 ait,
2519 1498 2615 1568 qui
2665 1498 2722 1553 in
2764 1499 2911 1568 regia
2961 1499 3225 1554 incedunt
3257 1498 3361 1559 via.
3398 1513 3506 1553 non
3535 1494 3703 1551 deﬂe-

2112 1596 2343 1651 ctentes,
2390 1603 2493 1644 nec
2521 1590 2875 1647 dextrorsum
2908 1607 3085 1661 neque
3110 1592 3514 1651 sinistrorsum,
3563 1587 3700 1657 legis

2111 1686 2384 1750 praecepta
2421 1682 2914 1751 transgredientes.
2964 1683 3203 1748 Quinam
3241 1691 3422 1736 autem
3459 1679 3569 1734 sint
3623 1679 3700 1744 hi,

2110 1771 2296 1826 docet:
2332 1789 2351 1822 ι
2388 1771 2493 1839 Qui
2523 1773 2805 1828 ambulant
2844 1774 2897 1828 in
2929 1774 3047 1844 lege
3081 1774 3321 1829 Domini.
3364 1793 3383 1825 ι
3418 1772 3522 1839 Qui
3554 1770 3705 1825 enim

2110 1863 2414 1918 secundum
2468 1863 2612 1918 hanc
2658 1863 2869 1929 vivunt,
2918 1864 3246 1935 reprehendi
3295 1862 3521 1917 minime
3569 1875 3705 1932 pos-

412 1967 509 2022 τὺν
559 1967 673 2038 βίον
725 1969 903 2024 καλεῖ.
934 1970 1135 2027 Τοῦτον
1166 1950 1275 2045 7&9
1301 1973 1360 2041 ἐξ
1392 1950 1603 2027 ῶδίνων
1636 1974 1681 2007 ’³
1714 1973 1881 2045 μέχρι
1907 1950 2004 2026 ταῖ-

2114 1964 2253 2011 sunt.
2278 1953 2431 2009 Viam
2466 1956 2611 2011 enim
2646 1950 2809 2012 vitam
2843 1965 3003 2011 vocat
3033 1973 3048 2023 ;
3084 1956 3139 2010 in
3172 1956 3275 2011 hac
3304 1955 3450 2011 enim
3482 1970 3511 2009 a
3544 1961 3702 2025 partu

414 2062 527 2134 φῆς
557 2065 602 2098 ³⁸
628 2064 943 2137 διοδεύομεν
972 2064 1234 2132 ἅπαντες.

491 2155 558 2229 β’.
606 2177 626 2211 ι
672 2158 955 2230 Μακάριοι
1009 2161 1058 2213 oi
1102 2158 1499 2232 ἐξερευνῶντες
1534 2160 1577 2192 ⁸¹
1609 2158 1680 2214 τά
1727 2157 2007 2231 μαρτύρια

411 2248 607 2317 αὐτοῦ,
649 2251 710 2305 ἐν
758 2251 856 2324 ὅλῃ
910 2251 1113 2324 καρδίᾳ
1165 2251 1565 2323 ὲκζητήσουσιν
1608 2250 1792 2306 αὐτόν.
1830 2270 1850 2302 ι
1894 2251 2009 2306 Kal.

411 2341 508 2396 τὸν
544 2342 734 2412 ὃγδοον
776 2342 823 2376 ²¹
866 2345 963 2397 καὶ
983 2344 1212 2399 δέκατον
1246 2344 1464 2416 ψαλμὸν
1501 2342 1905 2416 ἑρμηνεύοντες
1928 2344 2008 2396 εί-

418 2436 666 2507 ρήκαμεν
689 2435 797 2489 τίνι
826 2436 1078 2509 διαφέρει
1123 2436 1310 2510 νόμος,
1341 2438 1439 2493 καὶ
1468 2437 1773 2510 μαρτύρια,
1803 2439 1899 2491 καὶ
1931 2437 2011 2490 δι-

2110 2060 2289 2115 usque
2340 2045 2408 2100 ad
2458 2046 2773 2115 sepulcrum
2800 2062 2992 2102 omnes
3018 2047 3344 2103 incedimus.

2185 2136 2404 2210 1438
2432 2137 2601 2194 Vens.
2642 2138 2698 2193 ‘2.
2748 2156 2766 2190 ι
2804 2136 2950 2193 Beati
2977 2139 3069 2208 qui
3102 2146 3424 2194 scrutantur
3453 2134 3701 2193 testimo-

2111 2231 2204 2286 nia
2240 2232 2385 2301 ejus,
2421 2240 2535 2287 toto
2570 2231 2736 2288 corde
2763 2233 3068 2303 exquirunt
3098 2247 3246 2286 eum.
3278 2250 3298 2285 ›
3331 2231 3396 2284 Et
3423 2230 3699 2285 decimum

2110 2331 2365 2378 octavum
2412 2325 2773 2396 explanantes
2819 2323 3110 2394 psalmum,
3163 2322 3431 2387 diximus,
3482 2322 3539 2376 in
3586 2334 3698 2391 quo

2113 2414 2370 2471 diﬂ‘erant
2401 2416 2487 2471 lex
2530 2425 2585 2472 et
2634 2416 3034 2483 testimonium,
3066 2414 3590 2486 etjustiﬁcationes,
3641 2419 3698 2467 et

413 2529 737 2599 καιώματα,
776 2529 872 2584 καὶ
902 2508 1169 2602 κρίματα,
1191 2508 1303 2585 καὶ
1335 2508 1589 2585 ὲντολαίή·
1619 2508 2008 2600 ἀναμνήσομεν

2114 2509 2336 2579 iudicia,
2390 2518 2445 2566 et
2498 2508 2751 2565 mandata
2796 2528 2811 2565 :
2858 2520 3038 2565 tamen
3089 2509 3406 2566 summatim
3458 2524 3520 2563 ea
3575 2522 3698 2577 qua:

411 2618 476 2673 δὲ
503 2619 653 2689 ὅμως
687 2621 746 2674 ἐν
780 2620 1065 2693 κεφαλαίῳ
1090 2621 1201 2676 τῶν
1233 2622 1566 2694 εἰρημένων.
1598 2622 1802 2690 Νόμον
1830 2622 2004 2687 καλεῖ,

411 2711 510 2764 τὸν
540 2713 645 2766 ὑπὸ
672 2712 770 2766 τοῦ
793 2713 931 2767 Θεοῦ
956 2714 1066 2768 τῶν
1092 2714 1230 2768 ὅλων
1252 2714 1340 2768 διὰ
1362 2714 1459 2769 τοῦ
1485 2714 1776 2769 θεσπεσίου
1802 2710 2004 2767 Μωσοῦ

411 2801 721 2872 δεδομένον.
760 2803 1049 2872 Ἐντολὰς
1068 2804 1123 2859 δὲ
1156 2806 1252 2859 καὶ
1279 2804 1710 2877 προστάγματα
1734 2805 1894 2859 πάλιν
1912 2804 2005 2858 τὸν

410 2892 600 2954 αὐτὸν,
640 2893 717 2958 ὡς
749 2893 1051 2965 βασιλικῶς
1095 2895 1424 2950 ἐνταλθέντα
1450 2896 1545 2949 καὶ
1575 2893 2004 2967 προσταχθέντα.

412 2982 793 3054 Δικαιώματα
817 2985 883 3053 ³³,
908 2984 985 3050 ὡς
1010 2986 1259 3041 δικαιοῦν
1281 2986 1327 3018 ³⁸
1346 2987 1437 3040 τὸν
1462 2986 1837 3059 κατορθοῦντα
1858 2986 1902 3018 ³⁸
1916 2985 2008 3039 δυ-

412 3076 674 3146 νάμενον.
720 3078 988 3147 Κρίματα
1024 3079 1082 3132 δὲ
1127 3079 1202 3144 ὡς
1250 3080 1348 3143 τάς
1397 3078 1549 3143 θείας
1599 3079 1818 3149 ψήφους
1869 3079 2005 3131 ὑπο·

413 3167 725 3231 δεικνύντα,
761 3171 857 3223 καὶ
883 3170 986 3236 τάς
1012 3171 1169 3236 ἀξίας
1199 3171 1499 3236 ἀντιδόσεις
1531 3171 1640 3225 τῶν
1669 3189 1732 3225 τε
1758 3171 2005 3241 ἐννόμως

410 3262 512 3316 καὶ
533 3261 890 3366 ,παρανόμως
913 3263 1196 3366 βιούντων.
1222 3264 1528 3335 Μαρτύρια
1550 3265 1628 3329 δὲ,
1668 3264 2003 3366 ὡςλδιαμαρ-
2029 3308 2073 3366 c

412 3352 736 3423 τυρόμενον,
804 3354 900 3407 καὶ
952 3352 1263 3414 δεικνύντα,
1314 3355 1459 3418 οἵαις
1529 3352 2003 3425 ὕποὸληθήσονται

409 3442 711 3513 τιμωρίαις
756 3444 805 3497 oi
850 3443 1311 3514 παραϐαίνοντες.
1359 3444 1673 3517 Μακαρίζει
1707 3443 2011 3500 τοίνυνκαὶ

410 3535 655 3590 ὲνταῦθα
683 3537 810 3601 τοὺς
842 3537 911 3592 τὰ
939 3536 1221 3609 μαρτύρια
1251 3537 1346 3592 τοῦ
1385 3537 1522 3592 Θεοῦ
1553 3537 1822 3606 διηνεκῶς
1847 3539 2007 3610 ἐρευο

412 3627 646 3694 νῶντας,
674 3629 769 3682 καὶ
801 3629 859 3682 ὲν
884 3628 981 3701 ὅλῃ
1002 3629 1203 3701 καρδίᾳ
1230 3629 1324 3683 τὸν
1355 3629 1487 3683 Θεὸν
1527 3629 1919 3701 ἑκζητοῦνταςο
1947 3629 2008 3682 οὐ

414 3720 622 3785 παντὸς
655 3720 714 3775 δὲ
742 3720 920 3784 τοῦτο,
944 3720 1084 3775 ἀλλά
1113 3720 1207 3775 τοῦ
1236 3722 1336 3792 τὴν
1362 3722 1611 3792 κορυφὴν
1642 3722 1862 3793 αὑτὴν³⁶
1884 3738 2009 3776 κατ-

411 3811 700 3881 ειληφότος
753 3812 853 3883 τῆς
911 3813 1137 3884 ἀρετῆς.
1175 3813 1233 3867 '0
1263 3813 1373 3883 γὰρ
1419 3811 1659 3877 τοιοῦτος
1700 3813 1759 3866 οὐ
1797 3812 2012 3885 μερίζει

410 3903 517 3975 τὴν
548 3903 790 3958 διάνοιαν
822 3904 924 3967 είς.
954 3904 1087 3957 Θεὸν
1111 3904 1207 3958 καὶ
1234 3903 1526 3975 φροντίδας
1550 3904 1833 3976 simam,
1874 3904 2013 3959 ἀλλὰ

410 3995 538 4050 ὅλον
561 3994 754 4049 ἑαυτὸν
782 3993 1072 4067 ἀνατίθησι
1101 3994 1179 4067 τῷ
1202 3992 1346 4065 Θεῷ.

486 4178 559 4242 7'.
606 4191 626 4226 ι
661 4172 736 4227 Οὐ
766 4172 874 4246 γὰρ
906 4173 956 4227 οἱ
1007 4174 1051 4207 ³⁷
1103 4173 1467 4245 δργαζόμενοι
1506 4173 1605 4246 τήν
1658 4174 1915 4246 ἀνομίαν,
1950 4175 2013 4233 ἐν

413 4266 537 4328 ταῖς
567 4264 707 4328 ὁδοῖς
739 4263 907 4319 αὐτοῦ
931 4264 1333 4337 ἐπορεύθησαν.
1366 4285 1385 4318 ι
1431 4265 1545 4335 Τὴν
1577 4265 1845 4338 διαίρεσιν
1876 4265 2013 4321 ταύ-

413 4374 521 4427 την
580 4356 852 4427 πεποίηκε
888 4357 982 4410 καὶ
1015 4357 1074 4411 ἐν
1117 4356 1198 4427 τῷ
1244 4356 1449 4429 πρώτω
1489 4356 1716 4429 ψαλμῷ.
1754 4359 1869 4412 Καὶ
1896 4359 2008 4432 γὰρ

418 4450 540 4502 ἐκεῖ
605 4449 921 4520 μακαρίσας
971 4449 1065 4503 τὸν
1114 4450 1176 4502 ὲν
1231 4451 1383 4520 νόμῳ
1426 4449 1636 4521 Κυρίου
1694 4451 2011 4521 μελετῶντα

416 4535 638 4608 ἡμέρας
654 4537 752 4591 καὶ
776 4536 981 4602 νύκτας
1000 4538 1067 4603 ⁸³,
1098 4537 1195 4591 καὶ
1222 4536 1315 4591 τὸν
1343 4538 1442 4605 τῆς
1471 4537 1706 4610 μελέτης
1728 4539 2011 4607 ἐπιδείξας

2109 2602 2255 2657 dicta
2278 2611 2410 2657 sunt
2448 2604 2503 2657 in
2531 2603 2853 2658 memoriam
2881 2602 3282 2659 revocabimus.
3308 2600 3500 2671 Legem
3519 2607 3696 2662 vocat,

2109 2694 2180 2748 ab
2220 2694 2604 2750 universorum
2658 2694 2771 2750 Deo
2822 2709 2917 2765 per
2963 2694 3208 2750 divinum
3258 2691 3441 2747 Mosen
3488 2691 3694 2746 datam.

2109 2784 2376 2840 Mandata
2424 2801 2557 2843 vero
2611 2794 2666 2841 et
2722 2796 2989 2857 pra’cepta
3046 2800 3243 2841 rursus
3291 2792 3452 2839 vocat
3501 2784 3696 2853 legem,

2111 2890 2369 2948 tanquam
2403 2879 2557 2950 regio
2593 2893 2746 2933 more
2775 2878 2845 2933 ab
2874 2877 2995 2948 ipso
3035 2877 3333 2947 injunctam
3373 2885 3429 2931 et
3456 2876 3697 2945 impera~

2110 2979 2242 3025 tam.
2284 2968 2738 3041 Justiﬁcationes,
2777 2981 2836 3025 ut
2868 2987 2992 3042 quae
3021 2981 3169 3026 recte
3201 2978 3452 3040 agentem
3483 2967 3699 3038 justum

2110 3062 2340 3119 reddere
2390 3070 2595 3134 potest.
2646 3062 2867 3117 Iudicia
2915 3073 3123 3129 autem,
3175 3070 3437 3131 tanquam
3486 3059 3702 3115 divinas

2108 3156 2409 3211 sententias
2452 3156 2853 3219 ostendentem,
2919 3163 2975 3209 et
3023 3155 3188 3226 digna
3241 3153 3466 3223 praemia
3507 3165 3700 3206 eorum

2110 3249 2204 3318 qui
2237 3249 2539 3304 secundum
2571 3249 2768 3320 legem,
2805 3256 2861 3304 et
2897 3263 3086 3304 eorum
3134 3248 3230 3317 qui
3268 3247 3457 3314 inique
3486 3245 3697 3299 vivunt.

2113 3339 2440 3394 Testimonia
2470 3356 2620 3406 vero,
2654 3349 2714 3395 ut
2757 3348 3177 3403 contestantem,
3222 3348 3275 3393 et
3319 3337 3703 3393 demonstrau-

2112 3449 2243 3505 tem,
2269 3438 2467 3508 quibus
2495 3438 2779 3508 suppliciis
2807 3437 3037 3493 obnoxii
3066 3436 3178 3493 sint
3245 3434 3340 3505 qui
3373 3449 3494 3490 eam
3524 3440 3704 3487 trans-

2114 3533 2463 3603 grediuntur.
2534 3530 2730 3586 Beatos
2787 3530 2954 3600 igitur
3023 3528 3187 3585 etiam
3241 3528 3328 3583 hic
3384 3541 3510 3583 esse
3571 3526 3706 3581 dicit

2113 3640 2210 3680 eos
2262 3625 2356 3696 qui
2429 3623 2521 3679 Dei
2575 3623 2891 3680 testimonia
2951 3622 3215 3678 continue
3260 3627 3602 3685 scrutantur,
3649 3626 3705 3673 et

2115 3715 2434 3771 toto‘corde
2471 3714 2638 3769 Deum
2673 3721 2945 3784 quaerunt.
3002 3710 3121 3766 Non
3171 3711 3468 3781 cujuslibet
3517 3716 3701 3763 autem

2112 3817 2196 3863 est
2219 3808 2344 3871 hoc,
2375 3806 2471 3862 sed
2493 3806 2617 3876 ejus
2636 3803 2730 3873 qui
2761 3802 2980 3858 virtutis
3006 3801 3284 3871 fastigium
3313 3797 3701 3870 apprehendit:

2113 3900 2243 3971 quia
2281 3898 2597 3969 hujusmodi
2627 3897 2793 3952 homo
2826 3907 3063 3951 mentem
3098 3909 3255 3950 suam
3282 3894 3335 3946 in
3370 3891 3538 3946 Deum
3567 3901 3621 3945 et
3646 3891 3699 3944 in

2114 3994 2311 4050 inanes
2343 3994 2469 4049 vita:
2512 4007 2676 4047 curas
2719 4005 2827 4045 non
2867 3989 3129 4060 partitur,
3158 3986 3253 4042 sed
3286 3993 3464 4040 totum
3491 3999 3551 4039 se
3590 3983 3703 4037 Deo

2113 4095 2424 4143 consecrat.

2185 4178 2388 4235 'Vsns.
2433 4179 2488 4233 5.
2536 4196 2554 4230 ι
2591 4175 2710 4231 Non
2756 4175 2898 4231 enim
2948 4172 3042 4244 qui
3091 4178 3391 4242 operantur
3437 4166 3703 4237 iniquita-

2114 4281 2248 4335 tem,
2279 4271 2332 4325 in
2361 4269 2469 4323 viis
2501 4268 2626 4339 ejus
2656 4266 3099 4322 ambulaverunt.
3138 4281 3156 4313 ι
3192 4260 3348 4316 Hane
3373 4257 3702 4312 divisionem

2113 4367 2279 4421 etiam
2309 4365 2362 4419 in
2393 4364 2574 4435 primo
2601 4361 2815 4432 psalmo
2849 4357 2997 4413 fecit.
3037 4356 3113 4411 lbi
3143 4354 3289 4410 enim
3326 4368 3447 4405 cum
3476 4350 3702 4405 beatum

2115 4474 2241 4515 esse
2271 4456 2502 4512 dixisset
2544 4469 2696 4518 eum,
2740 4451 2836 4523 qui
2868 4451 2987 4507 dies
3016 4459 3311 4516 noctesque
3353 4445 3406 4499 in
3449 4443 3565 4513 lege
3596 4439 3704 4494 Do-

2118 4548 2251 4605 mini
2283 4547 2599 4613 meditatur,
2631 4553 2688 4599 et
2712 4559 2837 4598 cum
2862 4538 3239 4597 meditationis
3262 4537 3500 4591 fructum
3525 4541 3706 4590 osten-

416 4629 651 4697 καρπὸν,
687 4629 996 4698 ὲπήγαγεψ
1023 4647 1044 4681 ι
1071 4629 1185 4700 Οὐχ
1232 4626 1407 4693 οὕτως
1436 4631 1486 4683 oi
1510 4630 1751 4697 ἀσεϐεῖς,
1785 4632 1885 4704 οὐχ
1912 4631 2008 4686 οὔ·

2114 4641 2304 4711 disset,
2365 4637 2646 4694 subdidit:
2696 4654 2715 4687 ι
2755 4633 2876 4689 Non
2927 4634 3008 4689 sic
3055 4631 3230 4701 impii,
3283 4646 3391 4685 non
3428 4629 3530 4686 sic.
3568 4646 3589 4680 ι
3640 4626 3705 4682 Et

414 4737 548 4783 τως.
589 4739 605 4770 ι
664 4720 778 4774 Καὶ
825 4720 1068 4775 ἐνταῦθα
1123 4720 1305 4779 τοίνυν
1342 4723 1656 4795 μακαρίσας
1685 4727 1816 4790 τοὺς
1851 4725 2009 4797 ἀμώ-

420 4828 581 4882 μους,
634 4811 898 4879 διδάσκει,
948 4812 1026 4877 ὡς
1063 4815 1113 4867 οἱ
1145 4814 1243 4885 τῆς
1273 4814 1504 4885 ἀνομίας
1537 4816 1770 4887 ἐργάται
1814 4818 2010 4890 ἑτέραν

419 4907 636 4968 ἑαυτοῖς
687 4905 804 4965 ὁδὸν
856 4906 1297 4976 κατεσκεύασαν,
1357 4908 1454 4962 καὶ
1482 4907 1582 4981 τὴν
1622 4910 1728 4964 ὑπὸ
1756 4911 1851 4964 τοῦ
1876 4912 2012 4967 Θεοῦ

420 5001 697 5066 παγείσαν
735 4999 1054 5057 κατέλιπον.
1636 5040 1639 5043 -

493 5088 538 5143 δ’
545 5129 558 5143 .
604 5106 623 5140 ι
673 5090 747 5143 Σὺ
806 5092 1059 5145 ὲνετείλω
1109 5091 1210 5155 τὰς
1259 5092 1481 5156 ἐντολάς
1512 5110 1629 5159 σου,
1653 5092 1746 5147 τοῦ
1770 5093 2012 5163 φυλάξαο

425 5181 554 5235 σθαι
582 5183 626 5215 ³⁸
661 5184 890 5254 σφόδρα.
924 5204 943 5238 ι
993 5184 1164 5239 Τοῦτο
1199 5186 1293 5240 καὶ
1320 5186 1410 5240 διὰ
1443 5187 1536 5240 τοῦ
1576 5187 1766 5257 νόμου,
1796 5188 1891 5241 καὶ
1922 5189 2016 5243 διὰ

422 5274 536 5326 τῶν
575 5275 909 5346 προφητῶν,
951 5276 1047 5331 καὶ
1077 5276 1167 5331 διὰ
1212 5276 1324 5331 τῶν
1371 5278 1533 5351 ἱερῶν
1586 5278 1939 5348 Εὐαγγελίων
1980 5280 2009 5334 ὁ

423 5365 708 5439 Δεσπότης
736 5367 1216 5441 παρακελεύεται·
1259 5368 1358 5424 καὶ
1405 5370 1582 5442 μεστή
1632 5372 1787 5428 πᾶσα
1820 5372 1854 5443 ἡ
1893 5369 2014 5425 θεία

2122 4733 2227 4788 hoc
2270 4731 2394 4786 loco
2431 4729 2622 4800 igitur,
2669 4741 2796 4781 cum
2839 4725 3030 4780 beatos
3069 4736 3192 4778 esse
3228 4719 3463 4775 dixisset
3508 4720 3705 4773 imma-

2120 4825 2357 4887 culatos,
2390 4820 2550 4876 docet
2578 4816 2888 4887 iniquitatis
2927 4814 3208 4885 operarios
3232 4811 3397 4866 aliam
3425 4810 3529 4867 sibi
3561 4810 3705 4863 viam

2120 4929 2482 4987 praeparasse,
2518 4920 2573 4967 et
2601 4912 2772 4976 illam,
2812 4923 2937 4981 qua:
2981 4922 3010 4960 a
3052 4905 3164 4962 Deo
3207 4904 3314 4959 lixa
3355 4912 3461 4969 est,
3505 4899 3708 4959 dereli-

2121 5009 2329 5080 quisse.

2196 5098 2361 5153 Vr-zas.
2401 5097 2455 5152 4.
2504 5115 2523 5149 ι
2558 5094 2641 5151 'l‘u
2691 5094 2963 5151 mandasti
3017 5089 3233 5164 1439
3282 5087 3539 5144 mandata
3590 5096 3706 5149 tua,

2125 5199 2184 5246 ut
2210 5190 2590 5245 custodiantur
2620 5188 2797 5243 valde.
2832 5206 2851 5240 ι
2907 5186 3025 5241 Hoc
3081 5194 3135 5239 et
3166 5198 3263 5252 per
3299 5182 3493 5247 legem,
3527 5187 3582 5233 et
3612 5192 3712 5247 per

2119 5281 2441 5352 prophetas,
2470 5288 2524 5333 et
2551 5294 2647 5347 per
2674 5293 2833 5334 sacra
2869 5274 3164 5346 Evangelia
3208 5270 3477 5326 Dominus
3503 5268 3661 5340 jubet
3687 5282 3704 5323 :

2121 5380 2177 5428 et
2204 5379 2312 5427 tota
2342 5371 2529 5427 divina
2565 5369 2852 5441 Scriptura
2890 5369 2987 5427 tali
3015 5368 3196 5425 edicto
3223 5364 3425 5422 referta
3451 5370 3557 5420 est.
3584 5358 3707 5415 Non

1600 5566 1835 5623 VARIAE
1878 5566 2265 5625 LECTIONES
2295 5567 2383 5623 ET
2412 5566 2653 5625 NOTAE.

501 5722 551 5757 ’⁸
593 5721 799 5790 Ῥυθμ.
851 5721 981 5777 ibid.
1041 5741 1119 5777 πα

431 5793 481 5867 ξξ
503 5791 610 5867 ἐξ
636 5791 887 5867 ὠδίνων.
923 5792 1059 5867 ibid.
1095 5791 1372 5867 ὲ-ξόδιονί-
1395 5796 1457 5867 ,ιο
1492 5795 1568 5867 ib.
1609 5797 1813 5867 τάφου,

1200 5722 1569 5795 μυθήσασθαι.
1657 5726 1702 5758 ³⁸
1726 5728 1871 5782 Παθ.
1921 5725 1997 5781 ib.
2049 5727 2377 5799 νοσήμασιν.
2470 5727 2516 5760 π
2563 5726 2642 5783 ib.
2687 5724 3036 5790 ὀδεύσαντας.

1200 5795 1297 5829 hau
1412 5796 1457 5827 ιο
1492 5795 1546 5829 il.
1621 5797 1792 5829 συιηιηη
1914 5796 1957 5829 ιι
1993 5800 2057 5829 ΠΙ
2093 5795 2226 5829 ὦζε-Α
2284 5796 2426 5829 Ι-ΙΛΙυο
2505 5805 2767 5829 “nun-uia.
2901 5797 2947 5828 II
2987 5798 3036 5829 ³⁷1

432 5795 481 5828 ²⁹
503 5795 610 5857 Ἐξ
636 5795 887 5847 ὠδίνων.
923 5795 1059 5848 ibid.
1095 5795 1317 5858 ἐξόδιον.
1412 5796 1457 5827 ³ο
1492 5795 1568 5851 ib.
1621 5797 1813 5867 τάφου,
1914 5796 1957 5829 ³¹
1993 5801 2011 5850 ί

432 5860 915 5939 ι’-Δικαιῴμᾳτακ
931 5864 1053 5918 cod.
1091 5863 1159 5939 _l.
1196 5861 1325 5919 add.
1352 5862 1467 5939 se.“
1518 5865 1563 5897 ”‘
1585 5865 1680 5939 _ib.
1720 5866 2011 5939 δικαιοῦντι

2114 5795 2258 5924 is.
2284 5796 2811 5939 ιξξξερδεςεητεεςσ
2856 5796 3264 5934 Αῖτξβρηθιτςξζ·
3287 5795 3420 5925 ei“

3123 5728 3169 5761 ⁸⁸
3207 5727 3339 5782 Καί.
3395 5723 3520 5780 Des.
3577 5722 3708 5778 ibid.

2901 5797 2947 5828 ³¹
2987 5796 3264 5866 Ὄγδοον.
3322 5795 3446 5853 eod.
3482 5795 3503 5851 ι
3540 5792 3708 5855 ὀκτώ.

2908 5866 3084 5919 ὺτήν.
3122 5866 3249 5919 Des.
3287 5867 3420 5919 ibid.
3522 5863 3570 5899 ³⁷
3624 5863 3710 5919 Οὐ

434 5932 647 6013 τὰροι.
683 5929 852 5990 Hebr.
883 5929 1002 5992 Imo
1028 5933 1190 5993 etiam
1227 5949 1354 5997 non.
1422 5933 1470 5969 ³⁸
1497 5935 1621 5994 cod.
1656 5938 1681 5993 ι
1722 5937 1935 6004 νυκτός.

2114 5938 2210 5996 Γοῢ
2254 5941 2402 6021 φυλ.
2451 5929 2575 5995 'eod.
2635 5938 2659 5993 1
2714 5929 3104 6018 φυλάττεσθαι.
