4128 6436
467 439 611 507 1823

1448 447 1947 512 THEODORETI
1987 447 2331 510 EPISCOPI
2372 449 2743 511 CYRENSIS

3608 439 3759 513 1824.

465 561 611 615 enim
659 559 980 630 simpliciter
1039 561 1345 628 custodire,
1417 563 1512 618 sed
1572 563 1726 620 valde
1778 565 2057 619 custodire

2177 563 2353 634 Γραφὴ
2388 565 2486 634 τῆς
2524 563 2782 632 τοιαύτης
2811 558 3158 630 νομοθεσίας.
3190 558 3268 612 Οὐ
3295 557 3404 628 γάρ
3429 553 3616 620 ἁπλῶς
3647 574 3754 624 qau-

466 653 729 724 przecipit,
772 653 875 708 hoc
903 662 988 708 est
1019 670 1145 709 cum
1181 654 1332 708 omni
1365 654 1678 710 sedulitate.

537 829 704 887 Vsus.
747 832 801 888 5.
844 851 861 883 ι
902 833 1124 889 Utinam
1157 835 1466 906 dirigantur
1493 835 1592 890 viae
1619 852 1753 891 meae
1784 837 1848 890 ad
1877 846 2056 892 custo-

469 922 699 978 diendas
730 923 1157 993 iustificationes
1199 937 1341 982 tuas.
1381 949 1398 979 ι
1430 927 1747 997 Propterea,
1789 931 1886 991 ait.
1929 946 2056 999 pre-

469 1030 566 1070 cor
603 1024 664 1070 ut
704 1034 824 1072 mea
861 1020 948 1074 via
973 1018 1107 1091 'lege
1138 1031 1229 1075 tua
1266 1023 1430 1076 veluti
1469 1023 1708 1092 quadam
1746 1023 1931 1090 regula
1973 1023 2059 1076 di-

469 1106 699 1175 rigatur,
743 1118 800 1164 ut
828 1113 1108 1166 custodire
1138 1114 1343 1182 possim
1371 1123 1491 1168 luas
1511 1113 1958 1182 justiﬁcationes.
1993 1112 2060 1166 Et

471 1199 768 1255 ostendens
799 1201 964 1272 hujus
994 1202 1261 1267 fructum,
1295 1203 1460 1258 infert
1492 1223 1505 1257 :

541 1367 714 1426 Vens.
755 1372 808 1426 6.
856 1393 875 1426 ι
914 1373 1072 1430 Tunc
1116 1391 1224 1430 non
1267 1375 1598 1443 confundar,
1648 1378 1694 1433 si
1737 1378 1959 1434 intueor
2004 1381 2060 1435 in

474 1463 663 1517 omnia
700 1467 958 1520 mandata
1011 1475 1130 1523 tua.
1170 1487 1189 1520 ι
1243 1469 1460 1524 Peccati
1519 1471 1664 1525 enim
1719 1472 1930 1529 fructus
1979 1487 2064 1530 est

477 1554 750 1610 confusio.
785 1557 875 1612 Sic
901 1567 954 1612 et
993 1558 1214 1616 divinus
1246 1563 1544 1632 Apostolus
1569 1565 1748 1634 inquit
1778 1584 1790 1620 :
1832 1585 1850 1618 ι
1889 1565 2062 1632 Quem

482 1645 645 1715 igitur
670 1646 912 1702 fructum
948 1658 1080 1704 tunc
1116 1653 1387 1709 habuistis
1414 1670 1628 1721 eorum,
1657 1658 1726 1710 ob
1763 1672 1885 1725 qum
1915 1674 2064 1715 nunc

478 1735 807 1793 erubescitis
830 1740 902 1792 τί
937 1759 954 1790 ι
1005 1740 1108 1806 Qui
1136 1758 1262 1798 vero
1283 1747 1466 1800 omnia
1496 1747 1750 1802 mandata
1780 1749 1870 1802 Dei
1898 1753 2031 1820 perii
2061 1781 2064 1784 ~

479 1827 654 1894 ciunt,
693 1845 722 1884 a
753 1833 1094 1888 conscientia
1123 1835 1376 1891 tiduciam
1414 1840 1632 1894 habent.

2155 653 2407 722 λάττειν,
2442 656 2580 712 ἀλλὰ
2631 655 2834 724 σφόδρα
2885 653 3180 720 φυλάττειν
3243 651 3578 724 παρεγγυᾷ·
3621 649 3757 702 τού-

2155 762 2329 808 τεστι,
2383 749 2481 800 σὺν
2521 747 2782 818 ἀκριϐείᾳ
2813 747 2984 816 πάσῃ.

2230 843 2291 891 ε’.
2329 856 2348 889 r
2395 838 2628 907 Ὄφελον
2657 838 3163 906 κατευθυνθείησαν
3183 837 3228 868 ⁸ο
3259 837 3316 890 αί
3357 837 3468 889 ὁδοί
3505 852 3630 905 μου,
3656 833 3756 889 τοῦ

2161 928 2504 997 φυλάξασθαι
2533 929 2600 981 τὰ
2640 928 3049 1000 δικαιώματάΗ
3098 945 3213 984 σου.
3250 948 3266 979 ι
3304 928 3402 981 Διά
3433 926 3616 991 τοῦτο,
3647 944 3758 997 φη-

2163 1021 2268 1083 σὶν,
2322 1021 2608 1083 ἀντιϐολῶ,
2660 1016 2771 1074 οἷόν
2818 1039 2924 1075 τινι
2973 1022 3178 1084 κανόνι,
3220 1019 3297 1090 τῷ
3345 1020 3422 1090 σῷ
3460 1020 3611 1089 νόμῳ
3652 1020 3758 1088 τὴν

2162 1111 2302 1182 ἐμὴν
2351 1111 2468 1166 ὁδὸν
2515 1113 2758 1175 εὐθῦναί,
2805 1113 2882 1176 ὡς
2928 1113 2994 1167 ἂν
3040 1112 3440 1183 διατηρήσαιμί
3483 1128 3579 1164 σου
3621 1111 3757 1164 τὰδ’

2161 1201 2531 1272 δικαιώματα.
2569 1205 2679 1257 Καὶ
2709 1205 2929 1268 δεικνὺς
2974 1205 3066 1258 τὸν
3098 1204 3292 1260 τούτου
3348 1203 3585 1276 καρπὸν,
3627 1206 3759 1257 ἐπι-

2164 1291 2341 1362 φέρει·

2237 1389 2310 1447 ς’.
2357 1401 2378 1434 r
2417 1385 2552 1439 Τότε
2595 1387 2653 1440 ού
2683 1387 2758 1458 μὴ
2790 1387 3096 1458 αἰσχυνθείη
3123 1389 3181 1441 ὲν
3207 1387 3286 1458 τῷ
3317 1405 3386 1458 με
3428 1387 3759 1441 ἐπιϐλέπειν

2172 1475 2263 1527 ἐπὶ
2296 1475 2480 1540 πάσας
2525 1477 2623 1542 τὰς
2668 1480 2890 1543 ἐντολάς
2938 1498 3051 1534 σου.
3085 1499 3104 1532 ι
3143 1479 3499 1550 Παρανομίας
3529 1481 3636 1551 γὰρ
3669 1483 3761 1535 ai-

2169 1565 2337 1636 σχύνη
2386 1569 2616 1638 καρπός,
2671 1569 2832 1624 Οὕτω
2876 1571 2972 1625 καὶ
3019 1573 3048 1624 6
3098 1573 3241 1635 θεῖος
3268 1571 3594 1635 ’Δπόστολος
3627 1571 3762 1641 ἔφη,

2173 1677 2190 1710 ι
2226 1659 2358 1712 Τίνα
2411 1657 2508 1714 οὖν
2561 1663 2776 1732 καρπὸν
2816 1663 2994 1733 εἴχετε
3027 1664 3210 1716 τότεδί
3250 1663 3337 1732 ἐφ’
3381 1657 3464 1726 οἷς
3510 1663 3606 1716 νῦν
3657 1666 3765 1716 ἐπ-

2167 1753 2524 1823 αισχύνεσθε;
2563 1775 2582 1807 ι
2619 1756 2682 1808 υἱ
2717 1756 2774 1809 δὲ
2818 1757 3000 1818 πάσας
3033 1755 3127 1809 τοῦ
3188 1755 3324 1808 Θεοῦ
3359 1755 3701 1824 πληροῦντες
3719 1754 3764 1786 ⁸⁸

2168 1846 2266 1908 τὰς
2286 1846 2527 1912 ἐντολὰς,
2547 1847 2644 1918 τὴν
2663 1849 2772 1902 ἀπὸ
2787 1848 2879 1902 τοῦ
2897 1849 3198 1912 συνειδότος
3216 1847 3402 1918 ἔχουσι
3421 1846 3765 1920 παρρησίαν.

552 1920 718 1976 Vens.
763 1923 814 1977 7.
863 1943 882 1976 ‹
926 1925 1242 1982 Conﬁtebor
1286 1931 1380 1984 tibi
1422 1934 1474 1985 in
1520 1932 1826 1991 directione
1859 1939 2065 2008 cordis,

2245 1939 2312 2004 ζ’.
2353 1960 2372 1992 ι
2427 1941 2927 2014 Ἐξομολογήσομαί
2981 1960 3064 1996 σοι
3110 1943 3168 1995 ὲν
3221 1940 3480 2012 εὐθύτητι
3511 1940 3767 2010 καρδίας.

483 2013 537 2066 in
570 2029 635 2068 eo
662 2016 809 2084 quod
845 2018 1012 2074 didici
1051 2021 1513 2091 judiciajustitite
1543 2035 1670 2081 tuae.
1707 2046 1726 2080 ι
1765 2029 2068 2099 Confessio-

483 2120 600 2157 nem
625 2109 926 2174 gratiarum
964 2113 1238 2168 actionem
1272 2128 1448 2172 vocat.
1500 2117 1675 2186 Tunc,
1727 2122 1926 2192 inquit,
1970 2142 2072 2195 pu-

484 2213 606 2253 rum
653 2201 914 2272 hymnum
955 2205 1050 2260 tibi
1099 2205 1298 2263 oﬂerre
1339 2221 1552 2279 potero,
1587 2231 1710 2269 cum
1752 2218 1935 2271 omnia
1981 2229 2070 2272 tua

477 2289 689 2360 judicia
715 2293 998 2362 didicero,
1034 2305 1086 2354 et
1119 2301 1424 2355 secundum
1470 2304 1583 2372 ipsa
1627 2304 1791 2358 vitam
1840 2307 2069 2363 duxero.

553 2479 724 2538 Vens.
768 2484 820 2539 8.
869 2502 889 2537 ι
935 2485 1373 2546 Justiﬁcationes
1409 2502 1532 2546 tuas
1573 2497 1924 2551 custodiam:
1965 2514 2074 2553 non

482 2575 836 2650 derelinquas
861 2598 950 2637 me
987 2600 1406 2657 usquequaque.
1443 2608 1460 2641 ι
1500 2590 1713 2661 Saepius
1744 2596 1925 2650 divina
1954 2615 2078 2666 gra-

486 2670 558 2724 tia
602 2674 900 2729 nonnullos
949 2677 1014 2729 ad
1062 2679 1227 2734 breve
1266 2691 1482 2752 tempus
1521 2685 1744 2751 deserit,
1779 2691 2074 2746 utilitatem

485 2759 596 2814 illis
645 2761 772 2818 hinc
815 2780 1140 2834 procurans.
1194 2771 1286 2826 Sic
1317 2789 1550 2843 magnus
1589 2777 1754 2844 Elias,
1783 2780 2078 2838 derelictus

484 2868 608 2908 cum
650 2866 816 2922 esset,
859 2858 914 2913 in
961 2861 1276 2920 timiditatis
1319 2866 1579 2924 affectum
1619 2873 1829 2940 incidit,
1877 2885 1931 2930 et
1974 2878 2078 2932 hu-

485 2961 661 3002 manae
684 2959 896 3006 natura:
930 2952 1364 3012 imbecillitatem
1390 2961 1582 3018 didicit
1614 2983 1626 3018 :
1663 2966 1756 3020 sed
1787 2969 2078 3024 confestim

483 3037 725 3094 divinam
775 3043 975 3098 iterum
1035 3057 1231 3104 nactus
1275 3060 1359 3104 est
1410 3055 1667 3121 gratiam.
1725 3057 1818 3114 Sic
1856 3060 2077 3116 divinus

483 3128 677 3187 Petrus
739 3137 987 3204 negando
1038 3139 1253 3212 1m
1302 3144 1589 3215 prolapsus
1639 3158 1742 3215 est,
1805 3152 1897 3205 sed
1950 3169 2079 3222 pro-

487 3223 634 3277 tinus
705 3223 973 3285 Dominus
1034 3231 1084 3284 ei
1153 3237 1454 3291 succurrit.
1517 3237 1822 3297 Destitutus
1889 3255 2073 3299 autem

483 3314 702 3383 penitus
765 3319 951 3374 divina
1010 3337 1115 3392 ope
1186 3323 1356 3382 ludas
1437 3340 1627 3397 parata
1693 3335 1872 3402 praeda
1957 3339 2077 3391 dia-

485 3405 594 3459 boli
620 3409 637 3424 ⁶
669 3407 791 3462 fuit.
832 3409 1132 3470 Derclictus
1165 3419 1331 3470 etiam
1364 3418 1467 3472 fuit
1506 3421 1701 3478 beatus
1748 3425 1915 3482 David
1952 3441 2078 3499 post

485 3505 775 3562 peccaturo
820 3499 976 3563 illud,
1031 3511 1082 3557 et
1115 3504 1169 3557 in
1201 3521 1431 3575 asperas
1459 3510 1585 3566 illas
1614 3514 1951 3574 calamitates
1991 3521 2078 3573 in-

485 3588 622 3643 cidit
652 3607 665 3643 :
700 3593 792 3646 sed
819 3609 1012 3650 l'lll’ellS
1032 3612 1160 3666 erga
1190 3597 1358 3654 Deum
1394 3603 1648 3660 ﬁduciam
1679 3610 1900 3678 recepit,
1929 3622 1983 3665 et
2010 3613 2078 3666 il-

487 3685 598 3740 linc
633 3696 791 3750 opem
841 3698 1176 3742 consecutus
1225 3702 1328 3746 est.
1378 3693 1512 3748 Saul
1557 3713 1688 3752 vero
1728 3700 1828 3754 huc
1860 3704 2078 3770 penitus

485 3773 737 3840 orbatus,
778 3785 832 3831 et
869 3779 1098 3847 spiritus
1131 3786 1360 3850 gratiam
1407 3787 1612 3854 amisit,
1657 3800 1711 3843 et
1753 3807 1920 3862 pravo
1961 3797 2083 3865 spi-

485 3862 610 3917 ritui
649 3866 926 3924 obnoxius
957 3869 1076 3926 fuit.
1116 3871 1246 3931 Jure
1277 3877 1444 3947 igitur
1483 3878 1762 3952 Propheta
1798 3862 2076 3954 precatur,

485 3971 555 4010 ne
587 3957 1000 4028 derelinquatur
1039 3981 1458 4040 usquequaque,
1503 3972 1607 4028 hoc
1655 3987 1759 4043 est,
1793 3993 1859 4030 ne.
1891 3982 2077 4049 provi-

485 4047 684 4106 dentiae
713 4054 886 4121 gratia
922 4058 1140 4125 penitus
1169 4062 1456 4130 spolietur.

557 4309 724 4368 Vens.
769 4316 821 4372 9.
869 4335 889 4370 ι
948 4319 1238 4386 Quomodo
1291 4325 1524 4398 corrigit
1568 4327 1891 4387 adolescens
1932 4334 2077 4389 viam

487 4408 682 4460 suam?
711 4411 1071 4469 custodiendo
1109 4431 1396 4474 sermones
1439 4429 1584 4477 tuos.
1623 4441 1642 4475 ι
1691 4422 1966 4482 Instabilis
1997 4437 2082 4482 est

485 4490 768 4564 juventus,
807 4510 856 4555 et
883 4502 951 4555 ad
978 4505 1183 4559 malum
1215 4522 1386 4576 prona
1421 4528 1434 4564 :
1461 4512 1630 4566 variis
1672 4514 1817 4567 enim
1865 4525 2075 4584 pertur-

2175 2034 2232 2085 έν
2271 2033 2347 2104 τῷ
2379 2035 2760 2104 μεμαθηκέναι
2811 2053 2878 2106 με
2903 2036 2970 2089 τὰ
3012 2035 3259 2105 κρίματα
3287 2035 3384 2104 τῆς
3412 2031 3770 2100 δικαιοσύνης

2176 2143 2290 2180 σου.
2332 2147 2349 2179 ι
2381 2128 2863 2198 Ἐξομολόγησιν
2889 2129 2988 2198 τὴν
3021 2127 3380 2199 εὐχαριστίαν
3411 2125 3587 2178 καλεῖ.
3605 2125 3767 2191 Τότε,

2178 2219 2331 2287 φησὶ,
2369 2218 2668 2292 δυνήσομαι
2711 2219 2879 2289 ὕμνον
2911 2220 3152 2289 καθαρὸν
3194 2220 3606 2290 προσενεγκεῖν,
3635 2218 3771 2270 ὅταν

2179 2323 2270 2358 σου
2302 2307 2483 2360 πάντα
2515 2308 2820 2379 καταμάθω
2859 2307 2929 2362 τά
2955 2309 3200 2383 κρίματα
3225 2349 3239 2375 ,
3284 2310 3380 2361 καὶ
3409 2309 3527 2360 κατ’
3561 2307 3708 2361 αύτά
3727 2307 3772 2338 ⁸⁸

2177 2397 2383 2467 βιώσω.

2251 2496 2318 2559 η’.
2359 2508 2377 2541 ι
2410 2489 2491 2543 Τὰ
2523 2489 2875 2562 δικαιώματὰ
2907 2509 3000 2544 σου
3030 2489 3285 2560 φυλάξω·
3325 2489 3400 2559 μή
3435 2506 3500 2558 με
3535 2488 3777 2556 ἐγκατι-

2178 2581 2344 2653 λίπῃς
2379 2582 2482 2645 ἓως
2517 2583 2744 2652 σφόδρα.
2781 2602 2799 2634 ι
2841 2582 3005 2646 Τινὰς
3049 2582 3184 2653 πρὸς
3213 2581 3387 2652 βραχὺ
3431 2580 3700 2644 πολλάκις
3739 2582 3774 2652 ὴ

2181 2673 2302 2728 θεία
2335 2674 2498 2745 χάρις
2548 2675 2796 2745 ἀφίησιν,
2849 2673 3119 2743 ὠφέλειαν
3152 2675 3334 2737 αὐτοῖς
3366 2672 3619 2726 ἐντεῦθεν
3665 2691 3776 2744 μη-

2180 2767 2496 2838 χανωμένη.
2554 2767 2742 2832 Οὕτως
2773 2769 2801 2820 6
2833 2767 3007 2836 μέγας
3044 2767 3232 2831 Ἠλίας
3280 2765 3658 2834 καταληφθεὶς
3697 2766 3779 2837 τῷ

2181 2859 2282 2927 τῆς
2324 2861 2528 2924 δειλίας
2559 2861 2860 2931 περιέπεσε
2913 2860 3102 2924 πάθει,
3149 2859 3243 2913 καὶ
3283 2859 3382 2929 τῆς
3422 2858 3779 2929 ἀνθρωπείας

2181 2951 2398 3019 φύσεως
2433 2952 2721 3022 μεμάθηκε
2750 2952 2849 3024 τὴν
2877 2953 3197 3007 ἀσθένειαν’
3240 2951 3358 3006 ἀλλ’
3412 2951 3574 3014 εὐθὺς
3612 2952 3781 3006 πάλιν

2180 3045 2279 3113 τῆς
2312 3044 2461 3108 θείας
2488 3046 2779 3115 ἀπήλαυσε
2820 3046 3062 3116 χάριτος.
3093 3044 3280 3108 Οὕτως
3319 3047 3349 3098 6
3390 3045 3534 3108 θεῖος
3567 3046 3780 3115 Πέτρος

2177 3133 2438 3204 ἁρνηθεὶς
2485 3135 2827 3208 ὼλίσθησενο
2873 3137 2988 3190 ἀλλ’
3018 3137 3181 3200 εὐθὺς
3207 3136 3373 3190 αὑτὸν
3421 3138 3449 3188 6
3493 3136 3781 3206 Δεσπότης

2182 3227 2466 3297 ὑπήρεισε.
2501 3228 2714 3298 Γυμνδς
2740 3229 2796 3282 δὲ
2825 3230 3060 3298 πάμπαν
3092 3229 3121 3280 6
3155 3228 3358 3291 Ἰούδας
3383 3229 3481 3299 τῆς
3515 3228 3668 3291 θείας
3693 3245 3785 3296 γε-

2182 3316 2402 3385 νόμενος
2449 3317 2798 3388 προμηθείας
2825 3358 2839 3381 ,
2890 3317 3112 3387 ἕτοιμον
3161 3317 3379 3386 ἐγένετο
3421 3316 3652 3388 θήραμα
3681 3317 3781 3370 τοῦ

2179 3405 2512 3477 δυσμενοῦς’
2580 3409 2982 3480 ἐγκατελείφθη
3042 3411 3136 3462 καὶ
3185 3411 3213 3462 6
3287 3409 3558 3480 μακάριος
3610 3410 3784 3464 Δαὸὶδ

2187 3499 2325 3568 μετὰ
2377 3499 2476 3570 τὴν
2527 3501 2807 3570 ἁμαρτίαν
2861 3501 3098 3571 ἐκείνην,
3161 3502 3256 3554 καὶ
3323 3503 3445 3562 ταῖς
3498 3501 3778 3571 χαλεπαῖς

2185 3593 2427 3656 ἐκείναις
2476 3593 2774 3663 περιέπεσε
2824 3597 3133 3666 συμφοραῖς
3153 3593 3232 3624 “'
3281 3594 3420 3648 ἀλλά
3471 3594 3636 3647 πάλιν
3679 3595 3785 3665 τὴν

2183 3686 2318 3755 πρὸς
2349 3687 2438 3738 τὸν
2473 3686 2606 3738 Θεὸν
2636 3687 2879 3740 ἀπέλαϐε
2911 3689 3228 3758 παρρησίαν
3249 3728 3262 3752 ,
3314 3690 3530 3757 καὶτῆς
3560 3688 3787 3741 ἐκεῖθεν

2183 3778 2512 3848 κηδεμονίας
2555 3779 2895 3850 ἀπήλαυσεν.
2934 3780 2993 3832 Ὀ
3031 3780 3086 3832 δὲ
3117 3779 3291 3833 Σαοὺλ
3332 3779 3542 3852 ἔρημος
3572 3779 3786 3852 ταύτης

2184 3871 2471 3941 γενόμενος
2505 3873 2820 3937 παντελῶς,
2853 3872 3146 3942 ἐγυμνώθη
3183 3872 3281 3942 μὲν
3323 3873 3423 3942 τῆς
3471 3870 3567 3925 τοῦ
3619 3874 3786 3926 πνεύ-

2186 3982 2355 4034 ματος
2389 3966 2634 4037 χάριτος,
2676 3965 2899 4037 πονηρῷ
2939 3965 2994 4018 δὲ
3044 3965 3318 4035 πνεύματι
3350 3965 3645 4035 συνεζύγη.
3686 3966 3783 4020 Εἱ-

2183 4056 2355 4118 κότως
2378 4057 2559 4108 τοίνυν
2589 4059 2614 4109 6
2636 4058 2933 4127 Προφήτης
2969 4055 3202 4108 ἱκετεύει
3234 4057 3308 4126 μὴ
3336 4058 3786 4129 ἐγκαταλειφθῆ-

2183 4164 2269 4209 ναι
2301 4148 2404 4210 ἕως
2438 4147 2666 4218 σφόδρα,
2700 4148 2978 4213 τουτέστι,
3033 4147 3108 4218 μὴ
3140 4150 3460 4202 παντάπασι
3496 4151 3597 4220 τῆς
3639 4166 3783 4221 προ-

2185 4238 2358 4309 μηθου
2368 4238 2536 4309 μένης
2573 4239 2796 4309 χάριτος
2832 4237 3218 4308 γυμνωθῆναι.

2256 4329 2320 4382 θ’.
2370 4349 2389 4381 ‹
2441 4329 2530 4382 Ἐν
2580 4329 2687 4382 τίνι
2743 4329 3146 4401 κατορθώσει⁶⁷
3193 4329 3460 4402 νεώτερος
3499 4332 3601 4403 τὴν
3655 4334 3783 4387 ὁδὸν

2181 4421 2385 4478 αύτοῦτ
2433 4423 2522 4478 Ἐν
2550 4422 2630 4492 τῷ
2658 4423 2999 4492 φυλάξασθαι
3036 4423 3162 4487 τοὺς
3191 4423 3381 4492 λόγους
3419 4443 3533 4478 σου.
3560 4444 3579 4477 ι
3617 4427 3787 4496 Eppi-

2184 4529 2379 4576 πιστος
2421 4515 2453 4584 ἡ
2495 4513 2704 4582 νεότης,
2742 4514 2836 4568 καὶ
2885 4513 3024 4584 πρὸς
3054 4514 3254 4566 κακίαν
3280 4513 3608 4585 ὀξύρροπος.
3652 4516 3788 4566 Δια-

490 4585 773 4642 bationum
821 4594 983 4649 undis
1028 4596 1407 4655 confunditur.
1463 4601 1672 4673 lndigct
1716 4603 1884 4674 igitur
1917 4607 2073 4670 duce,

2185 4606 2373 4677 φόροις
2405 4605 2511 4676 γὰρ
2546 4605 2888 4677 παθημάτων
2915 4624 2981 4658 πε
2995 4605 3312 4677 ρικλύζεται
3344 4605 3786 4675 κύμασι·ηδείται

490 4678 583 4746 qui
609 4680 756 4735 illam
790 4686 856 4738 ad
904 4698 1118 4752 portum
1167 4690 1386 4762 dirigat.
1442 4692 1558 4750 Hoc
1605 4706 1787 4752 autem
1831 4709 1915 4754 est
1955 4715 2077 4769 pro-

492 4768 672 4837 prium
697 4772 1006 4832 divinorum
1035 4783 1406 4839 oraculorum.
1451 4785 1578 4843 Haec
1605 4789 1750 4844 enim
1782 4793 2078 4847 avertendo

492 4875 596 4916 nos
625 4878 654 4915 a
679 4864 785 4920 viis
811 4869 1018 4936 pravis,
1054 4886 1286 4941 possunt
1313 4892 1414 4932 nos
1444 4881 1742 4952 corrigere,
1770 4885 1910 4938 etad
1936 4886 2079 4940 divi-

492 4967 618 5008 nam
666 4957 809 5012 viam
841 4959 1133 5021 deducere.
1166 4965 1324 5032 Quod
1366 4969 1508 5024 enim
1553 4983 1639 5028 est
1680 4977 1884 5045 equino
1931 4979 2080 5047 pullo

493 5044 708 5103 frenum
739 5061 793 5106 et
835 5052 1098 5127 domitor,
1145 5060 1252 5116 hoc
1289 5044 1834 5127 adolescentibusest
1859 5044 2080 5130 divinus

489 5153 692 5198 sermo.

591 5375 625 5410 τ
653 5365 815 5430 Rom.
849 5387 921 5440 vr,
959 5375 1050 5429 21.

2183 4699 2366 4754 τοίνυν
2409 4698 2502 4752 τοῦ
2537 4699 2904 4769 ποδηγοῦντος
2951 4699 3089 4768 πρὸς
3107 4699 3152 4731 ⁸⁸
3189 4700 3314 4761 τοὺς
3345 4700 3572 4768 λιμένας
3617 4697 3787 4750 εὐθύ-

2185 4807 2392 4853 νοντος.
2420 4788 2591 4843 Τοῦτο
2622 4791 2678 4843 δὲ
2704 4791 2813 4843 τῶν
2845 4790 3006 4845 θείων
3036 4789 3234 4857 λογίων
3265 4787 3415 4841 ἴδιον.
3451 4787 3642 4842 Ταῦτα
3671 4789 3790 4861 γὰρ

2185 4885 2294 4940 τῶν
2324 4887 2584 4940 ἐναντίων
2627 4886 2761 4940 ὁδῶν
2792 4886 3200 4957 ἀποτρέποντα,
3249 4881 3538 4956 ῥυθμίζειν
3591 4884 3786 4948 ἱκανὰ,

2188 4980 2283 5032 καὶ
2317 4979 2450 5050 πρὸς
2485 4978 2584 5049 τὴν
2621 4978 2772 5034 θείαν
2803 4979 2921 5033 ὁδὸν
2965 4979 3247 5050 ποδηγεῖν.
3273 4978 3456 5046 Ὅπερ
3485 4975 3596 5046 γάρ
3631 4977 3790 5031 ἐστιν

2190 5071 2296 5140 νέῳ
2314 5069 2356 5102 δ’
2388 5069 2557 5141 πώλῳ
2608 5070 2825 5140 χαλινὸς
2859 5113 2874 5134 ,
2904 5072 3000 5124 καὶ
3033 5069 3391 5141 πωλοδαμνης
3410 5113 3424 5136 ,
3477 5067 3639 5122 τοῦτο
3671 5071 3790 5132 τοῖς

2191 5163 2332 5226 νέοις
2358 5163 2388 5216 6
2415 5161 2558 5226 θεῖος
2583 5163 2794 5231 γίνεται
2817 5162 2996 5232 λόγος.

1565 5557 1802 5615 ἻΑΚΙᾹΞ
1864 5562 2248 5622 LECTIONES
2281 5565 2370 5621 ET
2403 5565 2640 5622 NOTIE.

557 5712 604 5746 “
645 5729 896 5783 Κατευθ.
936 5726 1098 5780 Hebr.

1135 5727 1433 5795 ﬁrmentur.

489 5790 618 5848 Des.
667 5796 798 5850 ibid.

922 5797 972 5872 ‘f
1012 5796 1144 5849 ibid.
1190 5797 1697 5872 πληροφοροιῖντες.

1531 5731 1571 5812 ξ’
1621 5735 1695 5789 Τὰ
1753 5737 2072 5811 δικαιώματ

2194 5743 2360 5820 Hebr.
2404 5757 2630 5802 statuta.
2666 5746 2712 5779 “
2751 5746 2850 5820 Τιί.
2887 5749 3011 5805 cod.
3052 5750 3072 5804 l
3112 5765 3301 5820 βινοίη.
3335 5746 3457 5804 καί.
3529 5748 3574 5781 ⁸³
3621 5751 3782 5808 Τότε.

1830 5813 1873 5841 ⁸⁵
1917 5814 1988 5867 ih.
2033 5816 2176 5870 κατά
2229 5819 2421 5873 ταῦτα.

492 5859 540 5894 δ’
575 5865 825 5931 Κατορθ.
865 5863 1033 5921 Hebr.
1065 5859 1362 5924 mundab'i‘t.
1383 5859 1619 5941 'S'ytnm.
1651 5859 1988 5951 λαμπρυνεῖ
2035 5859 2073 5914 ut

2343 5859 2496 5945 "cod.

2542 5820 2587 5850 “
2627 5817 2952 5887 Περιέπεσε
3001 5817 3193 5890 auriga.
3250 5819 3377 5876 Des.
3437 5821 3488 5874 in
3537 5820 3665 5875 cod.
3695 5824 3780 5890 At.

2543 5891 2560 5943 l
2589 5906 2780 5961 prtem.
2812 5893 2924 5945 καί.
3011 5892 3055 5924 ⁸³
3085 5888 3243 5957 Νέῳ.
3285 5891 3406 5949 cod.
3443 5891 3467 5954 1
3507 5888 3777 5971 ἀγελαίφ,
