4128 6444
420 336 568 398 18ἓῦ

1769 326 1852 391 ΙΝ
1892 325 2101 389 PSAL.
2133 329 2397 391 CXVIII.

507 449 554 501 '.
596 464 615 496 ι
660 442 749 498 Ἐν
796 442 891 515 ὅλῃ
938 441 1139 514 καρδίᾳ
1177 457 1279 513 μου
1324 439 1627 513 ἐζήτησάδθ
1655 456 1737 506 σε,
1784 440 1861 512 μὴ
1904 441 2011 519 ἁπτ

2186 438 2354 495 Vens.
2400 441 2488 496 10.
2537 460 2554 494 ι
2596 439 2733 500 Toto
2768 445 2933 502 corde
2960 461 3085 503 meo
3121 448 3350 516 quaesivi
3387 458 3482 507 te:
3522 468 3590 508 ne
3615 469 3704 509 re-

428 539 603 608 ῶσῃ⁸¹
640 553 708 607 με
742 535 851 590 ἀπὸ
881 535 989 589 τῶν
1015 534 1246 589 ἐντολῶν
1278 550 1395 589 σου.
1430 552 1448 585 ι
1484 532 1718 604 Ζητοῦσι
1748 533 1849 603 μὲν
1878 546 2008 586 πο).-

426 632 512 687 λοί
537 633 631 686 τδν
663 632 821 694 Θεὸν,
847 630 961 684 ἀλλ’
992 631 1094 684 οὐκ
1120 631 1178 682 ἐν
1201 628 1297 700 ὅλῃ
1328 627 1558 700 καρδίᾳο
1593 626 1880 700 μερίζουσι
1906 642 2013 699 γαρ

427 724 660 795 ταύτην,
690 723 753 777 οὐ
794 723 957 795 μόνον
996 723 1076 784 εἰς
1127 721 1418 792 φροντίδας
1454 721 1795 792 πραγμάτων
1829 719 2013 790 βιωτιι-

430 820 564 881 κῶν,
584 817 723 872 ἀλλὰ
752 816 847 869 καὶ
868 817 948 880 εἰς
973 814 1270 883 ἐπιθυμίας
1293 814 1531 876 ἀτόπους
1548 813 1617 875 ⁸¹,
1639 814 1736 865 καὶ
1760 810 2010 882 φθόνους,

430 911 529 964 καὶ
556 910 745 970 δόλους
768 949 779 971 ,
821 909 1043 972 καὶτὰς
1075 906 1184 961 τῶν
1221 906 1461 977 πλησίων
1496 904 1813 969 ἐπιϐουλάς.
1858 905 1916 959 ’0
1954 904 2013 959 δὲ

430 1003 541 1057 τῶν
568 1002 730 1057 θείων
762 1000 1001 1073 ἐραστὴς
1034 1000 1217 1054 πᾶσαν
1251 1001 1471 1070 ἀφιεροῖ
1495 999 1569 1069 τῷ
1600 998 1720 1068 Θεῷ
1759 996 1861 1069 τὴν
1896 993 2015 1052 διο.-

430 1112 605 1161 νοιαν,
632 1095 729 1147 καὶ
755 1094 851 1163 τῆς
880 1092 1092 1147 ἐκεῖθεν
1131 1094 1402 1163 ἁπαιωρεῖ
1419 1091 1465 1125 ⁸⁸
1502 1091 1782 1163 προνοίας.

508 1189 599 1237 ια’.
646 1201 664 1234 ι
712 1182 799 1237 Ἐν
833 1185 899 1253 τῇ
950 1182 1149 1254 καρδίᾳ
1186 1201 1288 1253 μου
1333 1181 1550 1254 ἔκρυψα
1584 1182 1654 1235 τὰ
1700 1181 1860 1249 λόγιά
1893 1196 2011 1245 σου,

428 1273 579 1335 ὅπως
608 1271 673 1325 ἂν
711 1271 785 1342 μὴ
819 1272 1049 1341 ἁμάρτω
1085 1288 1187 1325 σοι.
1221 1289 1239 1320 ι
1274 1271 1330 1323 '0
1361 1270 1559 1340 χρυσὸν
1589 1268 1946 1339 κεκτημένος,
1979 1267 2012 1339 ἢ

429 1364 698 1436 ἄργυρον,
731 1364 765 1433 ἢ
798 1362 983 1426 λίθους
1018 1364 1259 1433 τιμίους,
1291 1364 1392 1415 οὐκ
1418 1359 1523 1427 ἔξω
1545 1361 1719 1415 ταῦτα
1752 1359 2015 1431 προτίθη-

432 1474 521 1509 σιν
542 1472 555 1484 ·
583 1456 699 1508 ἀλλ’
730 1456 879 1509 ἔνδον
910 1457 968 1507 ἐν
1013 1457 1127 1518 τοῖς
1172 1459 1444 1525 ταμιείοις
1477 1456 1570 1507 καί
1607 1457 1719 1516 τοῖς
1747 1453 2015 1524 θαλάμοις

430 1548 951 1619 ἐναποκρύπτεμτδ,
1000 1548 1140 1601 ὥστε
1186 1547 1471 1617 διαφυγεῖν
1513 1546 1623 1600 τῶν
1667 1546 2014 1617 τοιχωρύχων

428 1642 533 1705 τὰς
563 1645 774 1711 χεῖρας.
822 1639 1012 1703 Οὕτως
1061 1642 1089 1693 6
1130 1641 1220 1693 τὸν
1256 1639 1487 1693 πλοῦτον
1517 1638 1655 1710 ἔχων
1684 1639 1781 1708 τῆς
1811 1638 2015 1708 ἀρετῆς

431 1733 671 1806 κρύπτει
718 1732 909 1786 τοῦτον
956 1733 1014 1785 ὲν
1043 1735 1110 1804 τῇ
1148 1731 1325 1803 ψυχῇ·
1377 1734 1454 1795 ῶς
1492 1731 1560 1786 ἂν
1610 1732 1686 1802 μὴ
1730 1730 1818 1784 διὰ
1853 1730 2011 1800 δόξης

434 1827 632 1895 καινῆς
663 1825 854 1877 τοῦτον
883 1826 934 1879 οί
962 1825 1071 1877 τῶν
1099 1825 1287 1895 ψυχῶν
1338 1823 1632 1894 συλήσαιεν
1678 1823 2006 1877 λωποδύται.

431 1918 694 1971 Δι’δάσκει
734 1917 793 1969 δέ
835 1917 928 1969 καὶ
967 1917 1156 1988 ἕτερον
1200 1919 1227 1969 ὁ
1270 1916 1463 1985 λόγος·
1499 1916 1559 1967 οὐ
1600 1914 1710 1985 γὰρ
1741 1915 1911 1968 ἅπασι
1944 1914 2014 1968 τὰ

431 2009 555 2063 θεῖα
589 2009 749 2075 λόγια
784 2008 1119 2080 προσφέρειν
1158 2010 1484 2079 παρεγγυᾷο
1531 2025 1549 2058 t
1586 2008 1678 2077 Μὴ
1707 2006 1843 2060 δῶτε
1882 2006 2011 2078 γὰρ,

351 2175 356 2178 _
432 2104 593 2174 φησὶ,
621 2103 690 2156 τὰ
708 2102 840 2171 ἆγια
874 2104 988 2165 τοῖς
1013 2104 1161 2167 κυσὶ,
1194 2101 1328 2172 μηδὲ
1355 2101 1550 2171 ρίψητε
1578 2102 1705 2164 τοὺς
1737 2100 2014 2171 μαργαρί-

428 2213 531 2258 τας
562 2195 717 2265 ὑμῶν
756 2194 1065 2265 ἔμπροσθεν
1096 2195 1294 2264 χοίρων
1311 2193 1379 2247 ⁸⁸.
1408 2211 1426 2245 ι

505 2290 595 2343 ιϐ’.
626 2307 645 2340 ι
675 2288 980 2357 Εὐλογητὸς
1005 2284 1075 2352 εἴ,
1103 2285 1280 2358 Κύριε
1301 2302 1315 2317 ·
1349 2284 1560 2351 δίδαξὸν
1590 2303 1655 2356 με
1686 2285 1756 2337 τὰ
1791 2283 2014 2339 δικαιώ-

434 2383 585 2454 ματά
614 2398 730 2435 σου.
770 2400 788 2430 ι
838 2380 987 2432 ’Λντὶ
1015 2376 1132 2445 τοῦ,
1176 2378 1384 2448 ἥμερος
1413 2374 1462 2430 εἶ
1486 2380 1582 2432 καὶ
1611 2377 2015 2448 φιλάνθρωπος,

432 2472 531 2527 καὶ
580 2472 730 2536 ἄξιος
790 2470 945 2540 παρὰ
1001 2470 1221 2523 πάντων
1261 2465 1568 2538 ὑμνεῖσθαι.
1619 2460 1694 2521 Ob
1744 2467 1809 2538 δὴ
1857 2466 2016 2538 χάριν

433 2563 703 2619 ἀντιϐολῶ
747 2580 806 2617 σε
846 2562 1040 2635 μαθεῖν
1073 2561 1223 2633 παρὰ
1267 2558 1361 2614 σοῦ
1399 2560 1468 2614 τὰ
1512 2559 1804 2614 δικαιῶσαι
1850 2559 2016 2612 δυνά-

436 2673 597 2727 μενα.

511 2754 599 2817 ιγ’.
639 2765 657 2800 t
699 2748 789 2801 Ἐν
831 2748 945 2810 τοῖς
988 2744 1195 2817 χείλεσι
1239 2762 1344 2817 μου
1390 2745 1680 2815 ἐξήγγειλα
1730 2745 1909 2799 πάντα
1947 2744 2017 2798 τὰ

432 2840 683 2912 κρίματα
710 2835 806 2891 τοῦ
854 2835 1123 2908 στόματός
1174 2853 1290 2890 σου.
1329 2854 1348 2887 ι
1390 2837 1457 2888 Ἃ
1491 2835 1600 2904 γὰρ
1627 2833 1695 2887 ἂν
1726 2834 1879 2905 παρὰ
1915 2834 2016 2905 τῆς

434 2931 536 3000 σῆς
581 2927 919 2999 ἁγαθότητος
963 2925 1194 2997 μάθοιμι
1216 2965 1231 2990 ,
1266 2925 1441 2979 ταῦτα
1470 2924 1666 2990 διδάξω
1697 2926 1822 2989 τοὺς
1858 2926 2017 2993 ἀγνο-

431 3036 649 3081 ουντας.

2114 533 2290 601 pellas
2317 550 2404 589 me
2435 550 2467 591 a
2513 537 2785 593 mandatis
2824 538 2959 595 tuis.
2991 558 3010 592 ι
3068 539 3219 596 Multi
3262 541 3483 612 quidem
3529 541 3705 601 Deum

2114 636 2392 697 quaerunt,
2424 628 2519 683 sed
2550 644 2656 684 non
2702 638 2818 686 toto
2841 633 3007 689 corde
3038 651 3051 688 :
3085 635 3375 704 patiuntur
3408 635 3556 691 enim
3599 637 3704 693 hoc

2115 734 2223 773 non
2273 722 2437 775 modo
2491 721 2544 775 in
2595 737 2780 777 rerum
2831 723 3201 781 humanarum
3248 743 3447 793 curas,
3507 742 3705 783 verum

2115 813 2280 866 etiam
2316 813 2370 866 in
2415 812 2684 870 absurdas
2724 818 3222 886 coneupiscentias,
3267 827 3321 875 et
3364 821 3418 874 in
3461 820 3700 875 invidias

2116 913 2171 958 et
2219 903 2464 971 fraudes,
2514 915 2568 960 et
2621 909 2994 976 proximorum
3060 912 3308 968 insidias.
3377 911 3697 968 Divinorum

2116 1011 2249 1050 vero
2276 997 2561 1053 studiosus
2589 1006 2757 1053 totam
2801 1001 2908 1056 Deo
2939 1013 3228 1059 consecrat
3254 1016 3517 1072 mentem,
3546 1013 3600 1060 et
3629 1006 3703 1060 ab

2116 1088 2263 1143 illius
2288 1091 2628 1159 providentia
2661 1092 2868 1165 1441
2896 1096 3120 1164 pendet.

2187 1178 2353 1235 Vens.
2391 1181 2478 1236 ll.
2517 1199 2538 1233 ι
2571 1180 2626 1235 1η
2655 1183 2820 1237 corde
2852 1199 2972 1238 meo
3001 1184 3259 1241 abscondi
3299 1186 3517 1256 eloquia
3560 1195 3695 1253 tua,

2117 1281 2178 1326 ut
2235 1286 2344 1326 non
2388 1286 2608 1341 peccem
2673 1281 2864 1327 contra
2907 1283 2979 1329 te.
3010 1293 3029 1326 ›
3071 1275 3173 1341 Qui
3202 1292 3393 1331 aurum
3429 1278 3694 1347 possidet,

2117 1365 2200 1420 vel
2229 1376 2536 1435 argentum,
2568 1366 2653 1421 vel
2692 1375 2964 1435 pretiosos
3000 1369 3208 1438 lapides
3229 1410 3245 1433 ,
3277 1386 3385 1424 non
3416 1371 3551 1425 foris
3578 1372 3699 1426 haec

2115 1458 2412 1526 proponit,
2446 1458 2539 1511 sed
2570 1458 2721 1514 intus
2744 1460 2798 1513 in
2829 1459 2984 1515 cellis
3014 1469 3070 1514 et
3102 1461 3356 1516 thalamis
3380 1464 3601 1528 occulit,
3638 1472 3699 1518 ut

2117 1564 2313 1603 manus
2345 1564 2534 1604 eorum
2593 1551 2685 1620 qui
2721 1552 2957 1622 parietes
2987 1552 3255 1609 ell‘odiunt
3297 1554 3551 1609 declinet.
3596 1554 3685 1608 Si-

2114 1642 2320 1697 militer
2352 1642 2444 1712 qui
2494 1643 2717 1699 virtutis
2748 1644 2970 1701 divitias
3018 1647 3221 1713 habet,
3274 1648 3377 1703 has
3418 1648 3472 1702 in
3514 1649 3699 1704 anima

2116 1734 2421 1798 abscondit,
2450 1750 2515 1809 ne
2546 1750 2641 1805 per
2670 1737 2886 1792 inanem
2921 1738 3152 1808 gloriam
3194 1742 3507 1795 animarum
3544 1740 3699 1797 fures

2115 1840 2211 1880 eas
2241 1826 2569 1896 subripiam.
2605 1828 2767 1882 Aliud
2799 1830 2966 1885 etiam
3023 1832 3249 1887 divinus
3295 1848 3481 1889 sermo
3503 1833 3696 1889 docet:

2114 1920 2369 1974 admonet
2413 1920 2558 1974 enim
2602 1936 2669 1976 ne
2710 1922 2968 1978 omnibus
3011 1923 3193 1977 divina
3233 1925 3456 1979 oracula
3498 1923 3699 1979 oﬂ‘era-

2116 2028 2259 2068 mus.
2301 2031 2318 2062 ι
2349 2011 2524 2066 Nolite
2552 2014 2698 2066 enim
2730 2012 2898 2080 dare,
2932 2015 3151 2086 inquit,
3197 2026 3388 2073 sancta
3430 2019 3701 2086 canibus,

2116 2118 2217 2157 nec
2248 2103 2501 2173 projicite
2530 2105 2854 2174 margaritas
2885 2114 3095 2164 vestras
3120 2118 3248 2164 ante
3284 2123 3485 2179 porcos
3513 2119 3566 2164 ι.
3604 2128 3632 2163 ι

2192 2280 2361 2337 Vens.
2414 2281 2501 2337 12.
2553 2301 2570 2334 ι
2606 2281 2933 2337 Benedictus
2974 2297 3056 2349 es,
3115 2282 3381 2351 Domine,
3427 2286 3564 2341 doce
3609 2300 3699 2342 me

2114 2374 2535 2445 justiﬁcationes
2568 2384 2712 2431 tuas.
2739 2392 2758 2428 ι
2790 2374 2844 2430 ld
2873 2383 2958 2430 est
2981 2415 2996 2439 ,
3030 2384 3350 2432 mansuetus
3378 2393 3438 2434 es
3458 2419 3475 2444 ,
3510 2387 3564 2434 et
3599 2379 3698 2434 be-

2119 2467 2338 2535 nignus,
2378 2475 2430 2521 et
2458 2466 2656 2536 dignus
2686 2466 2779 2535 qui
2803 2467 2872 2521 ab
2901 2466 3157 2522 omnibus
3194 2468 3455 2524 lauderis.
3483 2470 3696 2526 Idcirco

2117 2572 2311 2627 precor
2337 2568 2408 2623 te,
2435 2566 2493 2612 ut
2520 2572 2583 2612 ea
2615 2576 2645 2612 a
2670 2566 2721 2612 te
2736 2557 2967 2625 discam,
2992 2573 3113 2630 quae
3135 2573 3222 2613 me
3237 2559 3449 2628 justum
3467 2559 3698 2617 reddere

2116 2651 2352 2722 possint.
2596 2636 2599 2639 ’

2191 2741 2356 2798 Vens.
2386 2742 2496 2799 15.‘
2515 2764 2532 2796 ι
2565 2742 2750 2798 Lahiis
2790 2740 2930 2798 meis
2961 2741 3308 2811 pronuntiavi
3338 2743 3522 2799 omnia
3548 2743 3702 2816 judi-

2118 2836 2202 2892 cia
2234 2836 2348 2892 oris
2374 2836 2473 2891 tui.
2513 2854 2533 2886 ι
2583 2835 2716 2901 Quae
2753 2838 2899 2891 enim
2930 2849 2962 2890 a
2991 2841 3083 2890 tua
3127 2835 3376 2892 bonitate
3409 2836 3696 2906 didicero,

2121 2928 2236 2982 haec
2254 2926 2572 2998 ignorantes
2588 2924 2817 2981 docebo.

506 3110 588 3164 ιδ’.
627 3129 646 3163 ι
694 3107 784 3163 Ἐν
817 3111 886 3181 τῇ
920 3106 1025 3179 ὁδῷ
1066 3107 1175 3162 τῶν
1222 3107 1540 3180 μαρτυρίων
1573 3125 1669 3161 σου
1716 3109 2012 3182 ἐτέρφθηιν,

2190 3105 2357 3162 Vens.
2386 3108 2471 3162 H.
2510 3125 2530 3158 ι
2563 3107 2654 3161 Via
2682 3104 3122 3161 testimoniorum
3150 3113 3369 3162 tuorum
3399 3106 3701 3165 delectatus

432 3201 512 3265 ὥς
547 3201 641 3255 ἐπὶ
682 3201 849 3254 παντὶ
891 3201 1131 3270 πλούτῳ.
1164 3218 1184 3252 ι
1231 3200 1521 3264 Ἐπίπονος
1552 3199 1651 3269 μὲν
1686 3202 1718 3272 ἡ
1757 3202 1856 3272 τῆς
1885 3203 2017 3272 ἀρε-

376 3353 385 3365 .
430 3293 535 3364 τῆς
573 3293 732 3358 ὁδὸς,
780 3292 919 3347 ἀλλὰ
965 3293 1079 3355 τοῖς
1122 3289 1349 3352 τελείοις
1400 3291 1750 3362 τριπόθητος.
1798 3294 1898 3347 Διά
1934 3310 2017 3347 τοι

433 3385 595 3440 τοῦτο
627 3385 721 3439 καὶ
758 3384 788 3436 6
812 3378 1105 3453 ’Δεσπότης
1137 3382 1244 3453 ἔφη
1293 3383 1532 3453 Χριστός
1555 3399 1569 3416 ο
1626 3402 1645 3435 ι
1676 3384 1886 3439 Λάϐετε
1928 3388 2019 3439 τὸν

434 3474 603 3545 ζυγόν
640 3492 742 3545 μου
786 3474 873 3542 ἐφ’
903 3475 1067 3545 ὑμᾶς,
1103 3474 1187 3528 ὅτι
1219 3474 1248 3527 6
1278 3474 1442 3544 ζυγός
1480 3492 1581 3546 μου
1617 3476 1885 3547 χρηστὸς,
1923 3478 2020 3531 καὶ

433 3566 500 3620 τὸ
527 3565 748 3637 φορτίον
775 3582 879 3636 μου
916 3566 1154 3637 ἐλαφρόν
1183 3567 1322 3621 ἐστι.
1357 3584 1376 3616 ›
1405 3565 1579 3619 Τοῦτο
1615 3567 1710 3620 καί
1738 3568 1767 3621 6
1802 3584 2020 3640 προφη-

435 3657 592 3722 τικὸς
631 3657 734 3730 ἔφη
778 3657 961 3726 λόγος,
1011 3658 1095 3710 ὅτι
1128 3657 1360 3711 πλούτου
1406 3658 1606 3722 παντὸς
1634 3658 2019 3731 θυμηρεστέρα

439 3747 600 3820 per."
638 3748 747 3802 τῶν
787 3749 896 3803 σῶν
929 3748 1249 3820 μαρτυρίων
1296 3749 1568 3820 ἡκτῆσις.
1606 3750 1678 3803 Τὸ
1706 3751 1781 3816 δὲ,
1826 3771 1845 3804 ‹
1894 3753 2020 3805 Ἐπὶ

437 3842 605 3894 παντὶ
637 3840 875 3911 πλούτῳ,
911 3859 931 3893 ›
971 3841 1068 3910 οὐχ
1122 3840 1307 3905 ἁπλῶς
1352 3841 1676 3912 πρόσκειται
1700 3883 1715 3910 ,
1749 3842 1887 3897 ἀλλὰ
1925 3844 2019 3898 τὸν

436 3931 785 3986 παντοδαπὸν
833 3930 1064 3986 πλοῦτον
1130 3931 1471 4003 παραδηλοῖ*
1536 3933 1711 3987 πολλὰ
1756 3935 1866 4005 γὰρ
1922 3935 2017 3988 τοῦ

438 4027 676 4084 πλούτου
707 4027 775 4081 τὰ
808 4028 945 4100 εἴδη.
982 4028 1044 4082 ’0
1084 4027 1183 4098 μὲν
1212 4028 1321 4099 γὰρ
1354 4028 1554 4099 χρυσὸν
1579 4027 1719 4098 ἔχων
1752 4031 2017 4102 ὀνομάζε-

437 4138 533 4175 ται
560 4119 837 4185 πλούσιος,
862 4122 891 4174 6
919 4119 978 4174 δὲ
1009 4120 1252 4191 ἄργυρον
1272 4157 1286 4184 ,
1315 4120 1344 4172 6
1373 4121 1431 4173 δέ
1454 4120 1558 4191 γῆν
1596 4120 1878 4192 πλείστην,
1917 4124 2019 4194 τὴν

444 4211 548 4283 μὲν
582 4211 1035 4283 πεφυτευμένην,
1077 4211 1176 4281 τὴν
1219 4211 1276 4265 δὲ
1311 4212 1405 4265 καὶ
1451 4212 1851 4284 σπειρομένην·
1898 4216 1926 4268 6
1962 4214 2020 4268 δὲ

440 4301 786 4373 βοσκήματα.
827 4300 991 4354 Ἀλλὰ
1029 4299 1204 4354 ταῦτα
1253 4299 1434 4356 πάντα
1462 4302 1777 4372 περιλαϐὼν
1811 4305 1842 4358 ὁ
1873 4306 2018 4373 Προ-

440 4394 642 4464 φήτης,
671 4392 769 4448 καὶ
790 4394 905 4456 τοῖς
938 4391 1104 4456 θείοις
1140 4393 1464 4466 μαρτυρίοις
1495 4394 1853 4466 παραϐαλὼν,
1885 4396 2019 4467 ἐφη-

440 4503 535 4540 σεν
561 4484 860 4558 ἀξιέραστα
885 4482 1024 4539 εἶναι
1058 4484 1209 4556 αὐτῷ
1233 4485 1302 4540 τὰ
1334 4485 1452 4540 θεῖα
1479 4486 1780 4559 μαρτύρια,
1811 4488 1886 4554 ὡς
1908 4493 2018 4553 τοῖς
2053 4470 2096 4524 D

438 4578 819 4648 φιλοπλούτοις
854 4576 1073 4631 ἅπαντα
1096 4576 1192 4631 τοῦ
1222 4576 1455 4631 πλούτου
1478 4578 1547 4632 τά
1575 4580 1712 4651 εἰδηι

513 4749 597 4805 ιε’.
654 4769 674 4803 ι
726 4752 813 4806 Ἐν
864 4754 988 4817 ταῖς
1047 4754 1291 4818 ἐντολαῖς
1347 4771 1443 4808 σου
1501 4755 1870 4830 ἀδολεσχήσω,
1924 4736 2022 4818 καί

434 4842 765 4911 κατανοήσω
810 4843 911 4907 τὰς
954 4843 1109 4908 ὁδούς
1144 4861 1260 4898 σου.
1293 4864 1310 4898 ι
1362 4832 1565 4899 Τούτου
1613 4844 1799 4917 χάριν,
1837 4854 2020 4922 φησὶν,

435 4931 732 5003 ἐνδελεχῶς
778 4934 888 4989 τῶν
936 4936 1045 4988 σῶν
1082 4935 1257 5006 λόγων
1294 4935 1395 5008 τὴν
1445 4938 1675 5011 μελέτην
1710 4942 1937 5016 αὐχήσω
1953 4948 2022 5015 ⁸7,

435 5025 535 5079 καὶ
562 5027 684 5090 ταῖς
698 5026 744 5059 ³⁸
778 5029 900 5091 σαῖς
932 5029 1072 5092 ὁδοῖς
1103 5030 1203 5100 τὴν
1234 5032 1461 5100 πορείαν
1490 5035 1810 5104 ποιήσομαι.

516 5123 612 5182 ις’.
650 5136 670 5170 t
714 5119 804 5174 Ἐν
838 5123 952 5185 τοῖς
998 5120 1339 5193 δικαιώμασί
1371 5140 1464 5176 σου
1498 5123 1785 5196 μελετήσω
1800 5129 1880 5197 ⁵⁸,
1921 5131 2021 5184 οὐκ

508 5283 540 5313 ι
567 5274 759 5330 Matth.
789 5291 888 5342 vu,
918 5275 972 5329 6.
1047 5285 1077 5324 1
1109 5275 1299 5333 Matth.
1334 5294 1409 5344 χι,
1439 5278 1529 5344 29,
1563 5280 1654 5335 50.

2118 3214 2264 3262 sum,
2289 3200 2431 3255 sicut
2454 3199 2714 3254 omnibus
2739 3198 2967 3253 divitiis.
2984 3215 3003 3251 ›
3039 3195 3340 3254 Laboriosa
3368 3211 3453 3256 est
3479 3202 3699 3270 quidem

2118 3292 2336 3348 virtutis
2369 3293 2452 3346 via
2478 3333 2493 3358 ,
2524 3291 2618 3347 sed
2648 3289 2907 3361 perfectis
2936 3290 3231 3344 admddum
3260 3291 3525 3358 jucunda.
3563 3290 3703 3348 Prov

2118 3393 2306 3454 pterea
2338 3383 2472 3439 dicit
2512 3383 2784 3438 Dominus
2810 3381 3071 3438 Christus
3101 3400 3115 3438 :
3160 3400 3181 3435 ι
3208 3382 3484 3454 Suscipite
3507 3384 3703 3455 iugum
3757 3393 3759 3397 ‘

2121 3490 2306 3531 meum
2341 3475 2395 3529 in
2430 3490 2572 3530 vos:
2622 3473 2815 3544 iugum
2867 3472 3016 3528 enim
3068 3488 3251 3528 meum
3304 3489 3476 3530 suave
3506 3485 3617 3543 est,
3650 3484 3705 3530 et

2120 3583 2263 3624 onus
2295 3583 2478 3623 meum
2511 3566 2628 3621 leve
2667 3575 2718 3621 ἵ.
2758 3585 2777 3618 ι
2816 3563 2907 3619 Sic
2934 3565 3100 3621 etiam
3135 3582 3318 3621 sermo
3349 3566 3428 3621 ait
3469 3568 3707 3637 prophe-

2121 3662 2296 3717 ticus:
2322 3659 2564 3713 Tuorum
2599 3657 3041 3712 testimoniorum
3063 3657 3345 3727 possessio
3363 3658 3706 3727 quibuslibet

2121 3751 2323 3807 divitiis
2351 3750 2650 3820 jucundior
2686 3749 2816 3803 mihi
2849 3757 2952 3803 est.
2991 3747 3123 3802 Illud
3154 3769 3168 3804 :
3210 3766 3229 3800 ι
3262 3747 3416 3805 Sicut
3444 3751 3705 3806 omnibus

2119 3844 2325 3900 divitiis
2349 3885 2365 3911 ,
2396 3862 2416 3896 ι
2468 3858 2577 3899 non
2612 3852 2817 3899 temere
2849 3843 3121 3914 adjectum
3155 3854 3239 3898 est
3276 3859 3291 3897 :
3326 3844 3422 3900 sed
3457 3846 3700 3900 universi

2119 3940 2336 4011 generis
2357 3955 2490 4008 opes
2512 3939 2754 3994 declarat
2779 3957 2792 3993 :
2827 3939 3012 3993 multa:
3041 3940 3186 3993 enim
3220 3949 3353 3994 sunt
3377 3938 3699 3994 divieiarum

2120 4030 2355 4100 species.
2410 4030 2565 4084 Alius
2611 4044 2810 4084 aurum
2856 4028 3100 4093 habens,
3146 4028 3468 4084 nominatur
3509 4030 3699 4097 dives;

2120 4122 2262 4179 alitis
2300 4123 2395 4193 qui
2439 4133 2762 4193 argentum,
2812 4133 2867 4178 et
2908 4122 3053 4177 alius
3103 4122 3197 4191 qui
3248 4131 3407 4177 terra:
3457 4123 3703 4192 possidet

2118 4213 2438 4285 plurimum,
2464 4214 2548 4267 vel
2572 4213 2863 4269 arboribus
2894 4214 3139 4278 consitae,
3174 4223 3255 4267 vel
3294 4212 3504 4286 155.2
3533 4213 3702 4268 serui-

2119 4305 2306 4374 nibus;
2334 4316 2389 4361 et
2411 4307 2552 4360 alius
2573 4306 2666 4376 qui
2695 4310 2914 4375 pecora.
2940 4303 3047 4359 Sed
3079 4305 3194 4360 haec
3218 4304 3403 4359 omnia
3427 4305 3702 4374 Propheta

2121 4399 2619 4469 comprehenderis,
2648 4398 2958 4468 divinisque
2988 4397 3316 4453 testimoniis
3350 4411 3702 4466 comparans,

2128 4491 2264 4546 dixit
2301 4490 2547 4560 jucunda
2593 4506 2715 4547 esse
2748 4490 2850 4545 sibi
2881 4490 3066 4544 divina
3102 4489 3416 4543 testimonia
3447 4527 3465 4555 ,
3508 4504 3704 4558 quem»-

2128 4585 2422 4642 admodum
2467 4599 2632 4654 opum
2674 4583 2938 4640 studiosis
2982 4594 3174 4638 omnes
3220 4582 3545 4638 divitiarum
3578 4597 3707 4655 spe-

2127 4682 2260 4736 cies.

2202 4773 2366 4828 νεεδ.
2399 4770 2484 4826 15.
2520 4786 2540 4820 ι
2575 4766 2827 4823 Mandata
2863 4777 2955 4822 tua
2981 4766 3325 4834 meditabor,
3356 4772 3412 4821 et
3449 4764 3706 4821 conside-

2131 4863 2264 4919 rabo
2293 4863 2408 4917 vias
2443 4871 2618 4915 tuas.»
2646 4859 2960 4929 Propterea,
2988 4857 3101 4921 ait,
3141 4860 3363 4912 tuorum
3388 4864 3707 4913 sermonum

2131 4952 2538 5007 meditationem
2572 4949 2831 5005 continue
2866 4964 2980 5019 pne
3017 4961 3107 5004 me
3142 4945 3348 5017 feram,
3376 4957 3435 5004 et
3454 4962 3553 5020 per
3581 4956 3706 5004 tuas

2131 5043 2249 5097 vias
2281 5043 2383 5097 iter
2415 5041 2637 5098 faciam.

2204 5133 2375 5190 Vens.
2411 5135 2499 5190 16.
2548 5154 2565 5187 ς
2601 5132 3029 5190 Justitieationes
3075 5140 3200 5190 tuas
3229 5130 3571 5198 meditabor,
3595 5143 3706 5186 non

1558 5409 1803 5467 VARLE
1832 5407 2226 5467 LEC'I‘IONES
2248 5410 2338 5468 ET
2366 5410 2603 5471 ΝΟΤΛΕ.

506 5523 556 5598 ’ξ
579 5522 1051 5598 ίῢοἘξεζήτῃσα,
1082 5539 1204 5598 qua;
1219 5537 1305 5598 est
1333 5542 1443 5582 nec.
1470 5529 1633 5584 lectio
1656 5530 1714 5583 h.
1749 5528 1785 5583 l.
1851 5527 2024 5598 "’Am

2118 5544 2167 5598 η.
2196 5528 2362 5586 Hebr.
2393 5531 2593 5587 Errare
2624 5533 2791 5588 sinas.
2846 5533 2895 5566 ⁸³
2908 5530 3703 5598 Ἀτόπουςλούἀέκτόπους.

435 5593 489 5629 ⁸³
532 5573 1051 5692 ﬂagitantis?
1072 5573 1642 5653 ἓὶἐῶἇῦἓι’.”ὶί”ἕό’‹ῖ.
1659 5573 1721 5653 "i
1751 5573 2024 5669 inde}?

438 5662 613 5719 ἐστίν.
712 5663 733 5695 ⁸
764 5666 938 5719 νΑὐγ.
980 5666 1104 5719 cod.
1138 5666 1161 5719 Ι
1201 5668 1449 5719 ἀσκήσω.
1543 5670 1590 5702 ⁸⁸
1633 5669 1793 5719 Ταῖο.
1843 5670 1918 5719 ib.
1971 5684 2024 5719 ιη

2118 5573 2167 5652 ."'
2198 5573 2844 5673 ἱί“ἓὸ’ίρ”ἓεὲἰρῗ’ξῑι.”ὶὶἱῖὲέἕιι.
2877 5573 3480 5660 ὦῦῗἿῖἱὺῦἷῗὶὲιᾶῗ
3493 5573 3702 5663 ῖῗτῖᾶξ

2118 5685 2160 5719 a-
2193 5676 2271 5719 ἐν-
2382 5674 2426 5707 ⁸³
2465 5675 2682 5719 Μέλιττ’-
2724 5670 2865 5719 Hebr
2909 5670 3191 5719 Obbcmba
3224 5689 3327 5719 me-
3363 5672 3457 5719 Sir.
3485 5684 3702 5719 annm

438 5662 613 5720 ἐστίν.

436 5731 584 5791 infra
612 5749 756 5791 vers.
792 5731 1008 5803 ειέίιτ,
1043 5736 1147 5805 70,
1169 5736 1255 5807 77,
1287 5731 1378 5804 9i,
1415 5739 1593 5809 “Eiet
1622 5739 1745 5795 174.

712 5663 938 5734 ⁸⁷Αὺχ.
980 5666 1104 5723 cod.
1138 5666 1161 5720 Ι
1201 5668 1449 5793 ἀσπέἒσω.
1543 5670 1590 5702 ⁸³
1633 5669 1793 5735 Ταῖς.
1843 5663 1921 5726 ib.
1971 5684 2160 5740 prtem.
2193 5676 2271 5728 ὲν.

712 5750 756 5790 s.
792 5734 883 5793 24.
918 5735 1008 5793 47.
1043 5736 1129 5793 70.
1169 5736 1255 5793 77.
1363 5779 1378 5793 .
1415 5739 1516 5793 M3
1539 5750 1593 5793 et
1622 5739 1745 5793 174.

2382 5670 2426 5707 ⁸³
2463 5670 2683 5730 Meles.
2720 5670 2865 5731 Hebr
2909 5670 3191 5729 Obuctabo
3224 5689 3327 5728 me.
3363 5672 3457 5732 Sic
3485 5684 3711 5747 quoque

3567 338 3814 427 1826.
