4128 6414
499 329 634 398 182'!

1504 321 2000 386 THEODORETI
2031 320 2374 383 EPISCOPI
2414 322 2782 384 CYRENSIS

3626 322 3782 390 1828

498 446 792 502 obliviscar
835 456 1151 501 sermonum
1201 449 1446 496 tuorum.
1482 459 1500 492 ι
1546 441 1812 495 Tenacem
1860 451 2080 496 tuorum

2194 441 2518 510 ἐπιλήσομαι
2547 441 2655 492 τῶν
2683 441 2860 509 λόγων
2886 458 3000 494 σου.
3038 459 3055 493 ι
3096 441 3371 512 Ἀληστον
3397 441 3505 497 τῶν
3545 443 3655 496 σῶν
3684 444 3777 497 λο-

497 540 849 594 oraculorum
885 535 1201 590 memoriam
1234 533 1366 587 mihi
1399 533 1733 587 custodiam.

571 629 736 683 Vens.
769 629 854 681 17.
904 645 922 678 ι
955 627 1214 681 Retribue
1253 640 1412 680 servo
1443 635 1556 679 tuo.
1590 643 1608 677 ι
1645 623 1761 678 Non
1791 623 2088 692 cujuslibet

2193 529 2327 599 γίων
2362 530 2584 601 ἐμαυτῷ
2599 531 2643 561 ⁶⁰
2672 531 2890 599 φυλάξω
2919 532 3016 600 τὴν
3050 533 3292 603 μνήμην.

2264 625 2348 689 ιζ’.
2388 643 2405 674 ι
2429 626 2760 686 ’Λνταποδος
2794 623 2870 692 τῷ
2901 623 3074 694 δούλῳ
3103 639 3218 680 σου,
3257 644 3274 673 ι
3311 625 3386 677 Οὐ
3425 626 3631 688 παντός
3661 627 3780 679 ἐστι

500 735 582 777 est
619 726 718 776 hac
761 738 891 774 voce
922 722 1019 774 uti.
1060 718 1229 773 Nemo
1261 719 1406 772 enim
1439 733 1660 788 pravam
1695 717 2086 772 conscientiam

2194 718 2362 788 ταύτῃ
2424 717 2739 789 χρήσασθαι
2791 720 2859 789 τῇ
2909 719 3094 786 φωνῇ·
3141 717 3315 780 οὐδεὶς
3368 717 3477 787 γὰρ
3539 721 3780 790 πονηρὸν

503 819 896 871 circumferens
947 814 1014 867 ad
1077 812 1492 866 retributionem
1542 812 1782 879 judicem
1840 811 2085 865 excitat:

502 911 590 972 qui
625 921 802 959 autent
844 904 1004 958 rectis
1039 905 1213 957 utitur
1241 904 1670 972 cogitationibus
1696 943 1709 964 ,
1740 917 1862 955 cum
1893 902 2088 955 ﬁducia

504 1000 602 1050 hac
634 999 803 1048 utitur
837 1011 985 1048 ιοοιι.
1024 1013 1041 1045 ι
1073 993 1295 1047 Vtvilica
1324 1009 1430 1054 me,
1462 999 1514 1044 rt
1543 991 1846 1046 custodiam
1883 1003 2089 1042 sermo-

503 1109 598 1144 nes
628 1101 771 1142 tnos.
812 1107 830 1140 ι
872 1086 1045 1142 Tuam
1075 1089 1219 1140 enim
1255 1096 1452 1139 nactus
1483 1100 1666 1152 opem,
1702 1083 1906 1152 peccati
1944 1097 2091 1136 incr-

503 1196 605 1236 tem
641 1183 896 1249 effugiam
931 1221 945 1246 ,
998 1189 1054 1234 ct
1087 1183 1249 1232 vitam
1281 1194 1402 1247 qua:
1432 1178 1574 1230 inest
1605 1180 1953 1231 sermonibus
1983 1174 2091 1228 tuis

502 1275 831 1343 percipiant.

572 1364 736 1418 Vens.
770 1364 856 1418 18.
907 1381 924 1414 ‹
961 1361 1160 1416 Revela
1203 1361 1395 1416 oculos
1437 1374 1619 1423 meos,
1653 1366 1706 1413 ct
1731 1359 2090 1414 considerabo

500 1456 776 1509 mirabilia
814 1456 880 1508 de
910 1454 1027 1520 lege
1067 1461 1182 1506 tua.
1217 1472 1235 1504 ι
1274 1453 1393 1506 Νοιι
1434 1453 1577 1505 enim
1609 1466 1800 1504 omnes
1827 1491 1841 1513 ,
1879 1451 1970 1520 qui
2010 1451 2093 1504 di-

500 1546 628 1598 vina
653 1543 879 1596 oracula
908 1543 1178 1603 lectitant,
1209 1541 1404 1594 horum
1430 1539 1699 1593 mirabilia
1725 1539 2092 1604 considerant,

503 1635 595 1687 sed
621 1635 714 1702 qui
736 1648 974 1702 superno
1001 1632 1294 1700 splendore
1322 1629 1698 1700 perfruuntur.
1730 1628 1904 1694 Quam
1928 1629 2091 1682 etiam

503 1725 573 1778 ob
607 1741 831 1778 causam
863 1725 1058 1777 beatus
1086 1724 1163 1776 ait
1206 1721 1410 1776 Paulus
1442 1740 1456 1775 :
1504 1741 1521 1772 ι
1558 1721 1695 1777 Cum
1740 1731 1920 1774 autem
1967 1736 2094 1774 con-

2192 810 2436 874 συνειδὸς
2492 809 2810 880 περιφέρων
2868 811 2948 872 εἰς
3003 811 3367 864 ἀνταπόδοσιν
3416 812 3510 865 τὸν
3577 813 3779 883 κριτὴν

2190 901 2477 972 διεγείρει·
2511 905 2538 954 6
2572 901 2628 953 δὲ
2677 899 2940 972 καθαροῖς
2990 900 3270 971 χρώμενος
3315 902 3594 972 λογισμοῖς
3621 946 3634 967 ,
3676 905 3778 958 σὺν

2194 994 2478 1067 παρρησίᾳ
2523 992 2694 1063 ταύτῃ
2729 994 2996 1062 κέχρηται
3037 995 3103 1061 τῇ
3138 995 3311 1061 φωνῇ.
3355 1013 3373 1043 ι
3413 994 3583 1064 Ζῆσόν
3618 1007 3685 1064 με
3709 997 3776 1060 ει,

2190 1089 2287 1142 καὶ
2315 1086 2534 1153 φυλάξω
2577 1086 2704 1148 τοὺς
2751 1085 2946 1152 λόγους
2982 1102 3100 1138 σου.
3148 1104 3166 1137 ι
3206 1086 3318 1154 Τῆς
3350 1087 3450 1154 σῆς
3494 1087 3602 1157 γὰρ
3639 1090 3781 1140 ἀπο-

2192 1179 2374 1231 λαύων
2407 1177 2732 1247 ἐπικουρίας
2765 1217 2779 1241 ,
2823 1177 3188 1247 διαφεύξομαι
3235 1177 3334 1248 τῆς
3381 1180 3654 1248 ἁμαρτίας
3686 1181 3781 1233 τὸν

2194 1274 2423 1328 θάνατον
2445 1312 2459 1337 ,
2493 1272 2588 1325 κοιί
2620 1272 2717 1341 τὴν
2745 1272 2808 1322 ὲκ
2837 1272 2945 1325 τῶν
2977 1272 3152 1339 λόγων
3187 1289 3278 1325 σου
3315 1275 3570 1344 τρυγήσω
3604 1271 3776 1344 ζωήν.

2270 1363 2357 1433 ιη’.
2418 1382 2433 1414 ι
2481 1363 2861 1432 Ἀποκάλυψον
2909 1365 3036 1426 τοὺς
3093 1364 3407 1433 ὀφθαλμούς
3482 1383 3618 1434 μου,
3681 1367 3780 1419 καὶ

2195 1455 2518 1524 κατανοήσω
2560 1455 2628 1507 τὰ
2674 1453 2956 1524 θαυμάσια
2996 1455 3061 1506 ὲκ
3105 1455 3201 1507 τοῦ
3239 1455 3406 1524 νόμου
3454 1471 3568 1508 σου.
3609 1473 3627 1505 ι
3664 1455 3781 1524 Οὐχ

2195 1544 2436 1609 ἅπαντες
2487 1547 2538 1598 οἱ
2593 1547 2705 1608 τοῖς
2758 1544 2924 1609 θείοις
2989 1545 3411 1615 ἐντυγχάνοντες
3460 1545 3661 1614 λογίοις
3711 1546 3785 1598 τὰ

2195 1639 2403 1690 τούτων
2454 1637 2781 1690 κατανοοῦσι
2823 1636 3128 1705 θαυμάσια,
3175 1636 3290 1688 ἀλλ’
3341 1637 3390 1689 οί
3439 1637 3536 1705 τῆς
3567 1637 3784 1691 ἀνωθεν

2198 1728 2566 1788 ἀπολαύοντες
2615 1726 2825 1795 αἴγλης.
2872 1728 2937 1779 Ὃ
2967 1725 3032 1796 δὴ
3077 1727 3169 1778 καὶ
3194 1727 3238 1756 "
3284 1729 3313 1779 6
3360 1729 3630 1796 μακάριος
3671 1727 3780 1797 ἔφη

506 1819 649 1871 versi
682 1815 882 1871 fuerint
906 1815 973 1869 ad
1003 1814 1193 1878 Deum,
1224 1813 1504 1868 auferetur
1535 1813 1804 1878 velamen,
1827 1811 2090 1868 Dominus

2195 1820 2408 1883 Παῦλος
2431 1837 2445 1851 ·
2482 1839 2498 1870 ι
2537 1819 2655 1872 ”Οτ’
2686 1819 2750 1872 ἂν
2779 1817 2835 1870 δὲ
2866 1816 3168 1887 ἐπιστρέψῃ
3197 1817 3333 1887 πρὸς
3365 1817 3590 1888 Κύριον,
3619 1836 3782 1888 πεμ-

504 1917 686 1962 autem
737 1908 964 1976 spiritus
1012 1916 1095 1960 est
1123 1916 1166 1962 ³.
1209 1925 1227 1957 ι
1287 1905 1405 1975 Ipse
1459 1905 1624 1974 igitur
1665 1905 1851 1958 divino
1888 1905 2092 1958 lumine

505 2000 811 2054 illustratus
838 2041 852 2063 ,
901 1999 1026 2067 jure
1073 2000 1349 2052 exclamat
1379 2001 1431 2050 ε·
1480 2016 1498 2047 ‹
1531 1995 1639 2052 Nos
1679 2011 1809 2050 vero
1872 2011 2088 2064 omnes,

505 2093 738 2146 revelata
759 2092 893 2144 facit:
918 2092 1146 2161 gloriam
1171 2090 1383 2143 Domini
1401 2090 1822 2156 spccnlantes,in
1845 2090 2090 2142 eamdem

506 2186 798 2256 imaginem
837 2185 1050 2256 1443
1080 2185 1539 2238 transformamur
1568 2201 1597 2237 a
1628 2184 1877 2237 claritate
1909 2184 1962 2236 in
1991 2182 2095 2236 cla-

506 2283 725 2332 ritatem
757 2319 771 2342 ,
802 2288 1062 2348 tanquam
1096 2295 1124 2332 a
1163 2278 1380 2332 Domini
1411 2277 1610 2346 spiritu
1638 2290 1686 2331 ⁸.
1717 2296 1734 2328 ι
1774 2275 1884 2331 Nos
1911 2285 2090 2330 autem

504 2373 660 2426 decet
687 2372 979 2425 Dominum
1004 2372 1196 2438 orare",
1232 2383 1293 2423 ut
1330 2373 1509 2424 velum
1555 2370 1842 2424 oculorum
1892 2369 2092 2422 mentis

505 2473 709 2519 nostra:
738 2462 1019 2528 auferens,
1047 2463 1358 2518 divinorum
1389 2463 1738 2517 oraculorum
1769 2462 1874 2516 vim
1907 2471 2093 2516 osten-

504 2558 620 2611 dat.

577 2730 745 2787 Vens.
782 2732 868 2787 19.
908 2751 926 2783 r
956 2731 1138 2787 lncola
1183 2747 1286 2803 ego
1313 2748 1433 2787 sum
1463 2732 1516 2786 in
1555 2743 1698 2786 terra
1723 2771 1738 2796 ,
1769 2747 1836 2786 ne
1863 2731 2092 2786 abscon-

505 2826 604 2880 das
645 2839 676 2878 2
725 2841 812 2879 me
854 2825 1110 2879 mandata
1145 2834 1259 2878 tua.
1295 2843 1314 2876 ι
1361 2823 1586 2878 Terram
1623 2840 1723 2878 IIOS
1754 2839 1946 2878 omnes
1981 2839 2088 2877 non

505 2918 900 2982 inbabitamus,
935 2917 1027 2972 sed
1060 2918 1116 2971 iu
1145 2933 1208 2972 ea
1237 2918 1599 2972 diversamur.
1627 2916 1764 2970 Cum
1797 2917 1945 2970 enim
1980 2916 2092 2970 exi-

507 3025 674 3077 guum
703 3011 826 3063 vita:
846 3021 1059 3079 tempus
1091 3011 1489 3079 peregerimus,
1520 3009 1574 3062 in
1602 3009 1761 3062 aliam
1795 3009 2090 3062 transimus

505 3101 693 3155 vitam.
729 3103 872 3155 Sane
917 3102 1020 3155 hoc
1071 3117 1180 3154 non
1215 3116 1409 3156 omnes
1435 3103 1621 3155 volunt
1658 3101 1828 3166 scire,
1876 3099 1968 3154 sed
2021 3099 2088 3154 de

503 3191 868 3261 praesentibus
897 3190 1079 3254 bonis,
1117 3200 1378 3260 tanquam
1411 3190 1856 3260 permanentibus
1884 3199 1937 3243 et.
1972 3197 2084 3243 sta-

505 3282 711 3335 bilibus
751 3282 1078 3336 etl'eruntur.
1109 3280 1213 3346 Qui
1256 3297 1388 3336 vero
1418 3281 1726 3335 divinarum
1778 3297 1960 3334 rerum
1993 3295 2089 3334 co-

505 3376 750 3444 gnitione
800 3376 1100 3427 instructus
1169 3384 1296 3439 est,
1346 3375 1666 3427 brevitatem
1727 3374 1852 3427 vitae
1918 3374 2087 3426 novit.

507 3465 715 3521 Idcirco
755 3465 990 3520 incolam
1034 3481 1092 3519 se
1125 3465 1302 3534 ipsum
1334 3476 1612 3536 nuncupat
1639 3507 1654 3530 ,
1688 3476 1741 3520 et
1775 3465 2048 3535 sttpplirat
2075 3507 2090 3532 ,

507 3574 568 3616 ut
600 3562 785 3615 divina
821 3561 1074 3615 mandata
1111 3577 1217 3614 non
1255 3562 1488 3632 ignoret.

579 3657 745 3713 Vens.
791 3656 882 3711 20.
943 3675 962 3708 ι
992 3659 1320 3728 Concupivit
1374 3659 1554 3712 anima
1603 3673 1722 3713 mea
1781 3658 2092 3713 desiderare

504 3749 924 3820 justiticationes
975 3761 1096 3804 tuas
1135 3751 1283 3803 omni
1333 3759 1598 3819 tempore.
1635 3769 1654 3802 ι
1704 3749 1856 3804 Multi
1905 3749 2091 3804 divina

504 3840 710 3911 judicia
768 3838 1084 3895 desiderant
1129 3842 1504 3910 coelorumque
1532 3857 1757 3913 regnum
1785 3850 2087 3912 appetunt,

507 3929 606 3985 sed
657 3946 766 3987 non
819 3946 1080 4000 semper:
1126 3932 1288 3985 modo
1359 3946 1488 3986 vero
1549 3933 1752 3987 divinis
1812 3933 2090 3988 oblectan-

508 4031 637 4088 tur,
690 4030 746 4076 et
795 4022 960 4077 modo
1019 4022 1270 4091 corporis
1319 4022 1546 4077 aﬂ‘cctus
1601 4032 1926 4093 sequuntur.
1983 4021 2090 4076 Sed

508 4113 771 4184 propheta
803 4115 1067 4170 continue
1102 4118 1205 4169 hoc
1237 4114 1574 4170 desiderium
1602 4115 1802 4170 habere
1841 4121 2086 4184 exoptat.

580 4298 747 4356 Vens.
786 4299 878 4353 21.
939 4316 958 4350 ι
996 4297 1296 4368 lncrepasti
1341 4292 1629 4367 superbos.
1666 4316 1684 4350 ι
1729 4297 1834 4363 Qui
1879 4298 2092 4354 divinas

506 4389 652 4461 leges
681 4390 1033 4459 despiciunt,
1077 4391 1132 4442 in
1188 4391 1460 4459 superbiae
1499 4390 1756 4444 morbum
1807 4391 2088 4458 incidunt,

2195 1916 2430 1983 αιρεῖται
2457 1911 2517 1964 τὸ
2544 1910 2812 1980 κάλυμμα
2832 1927 2844 1940 ο
2871 1909 2900 1960 6
2922 1909 2976 1960 δὲ
3001 1908 3204 1979 Κύριος
3236 1908 3295 1960 τὸ
3327 1909 3546 1978 πνεῦμά
3571 1911 3738 1962 ἐστιν.
3756 1929 3776 1961 ι

2195 2004 2368 2066 Αὐτὸς
2404 2002 2506 2073 μέν
2533 2018 2612 2053 τοι
2640 1999 2716 2071 τῷ
2747 2000 2887 2068 φωτὶ
2920 1999 3000 2068 τῷ
3031 1998 3161 2069 θείῳ
3187 1999 3674 2070 καταυγαζόμενος
3711 2003 3784 2054 εί-

2194 2098 2366 2158 κότως
2400 2094 2560 2146 ὲδόαο
2601 2112 2619 2144 ι
2665 2093 2858 2162 Ἡμεῖς
2897 2092 2953 2146 δὲ
2987 2093 3224 2154 ἅπαντες
3267 2092 3784 2164 ἀνακεκαλυμμένῳ

2196 2187 2478 2260 προσώπῳ
2525 2186 2624 2258 τὴν
2677 2185 2836 2250 δόξαν
2885 2186 3094 2256 Κυρίου
3140 2185 3636 2256 κατοπτριζόμενοι
3677 2187 3783 2258 τὴν

2196 2281 2364 2351 αὐτὴν
2389 2281 2574 2333 εἰκόνα
2609 2277 3108 2348 μεταμορφούμεθα
3143 2277 3250 2330 ἀπὸ
3288 2277 3446 2348 δόξης
3485 2280 3564 2338 είς
3597 2276 3781 2346 δόξαν,

2195 2375 2452 2445 καθάπερ
2491 2373 2598 2429 ἀπὸ
2626 2373 2833 2441 Κυρίου
2867 2370 3196 2440 πνεύματος.
3231 2389 3248 2422 ι
3310 2370 3488 2438 Ἢμᾶς
3515 2371 3573 2424 δὲ
3609 2388 3786 2444 προσ-

2194 2467 2319 2538 ήκει
2354 2465 2445 2516 τὸν
2479 2463 2756 2533 Δεσπότην
2791 2461 3114 2525 ἀντιϐολεῖν,
3147 2461 3235 2513 ἵνα
3277 2462 3336 2512 τὸ
3365 2460 3630 2529 κάλυμμα
3663 2460 3782 2512 τῶν

2192 2559 2292 2627 τῆς
2312 2556 2553 2619 διανοίας
2581 2554 2740 2624 ἡμῶν
2773 2551 3043 2624 περιελὼν
3079 2551 3395 2622 ὀφθαλμῶνο
3428 2552 3692 2624 ἀποδείξῃ
3710 2554 3783 2584 ⁸⁸.

2191 2649 2299 2702 τῶν
2329 2647 2490 2700 θείων
2521 2646 2718 2714 λογίων
2750 2646 2850 2714 τὴν
2879 2644 3134 2713 δύναμιν.

2267 2738 2351 2792 ιϐ’.
2400 2759 2418 2790 ι
2447 2739 2714 2807 Πάροικος
2748 2736 2860 2803 ὲγώ
2885 2737 3000 2805 εἰμι
3028 2736 3086 2787 ὲν
3114 2737 3179 2804 τῇ
3212 2737 3316 2804 γῇ·
3347 2735 3421 2805 μὴ
3449 2735 3785 2807 ἀποκρύψῃς

2191 2831 2285 2886 ἀπ’
2323 2830 2458 2901 ἐμοῦ
2499 2829 2599 2892 τὰς
2632 2828 2849 2890 ἐντολάς
2882 2844 2998 2880 σου.
3033 2845 3050 2876 ι
3087 2827 3198 2896 Τὴν
3239 2828 3342 2896 γῆν
3377 2829 3439 2880 οὐ
3489 2831 3782 2906 κατοικοῦ-

2194 2943 2316 2996 μεν,
2347 2923 2485 2977 sua;
2521 2921 2893 2994 παροικοῦμεν
2915 2937 2928 2951 ο
2961 2919 3165 2992 βραχὺν
3192 2922 3362 2992 γὰρ⁶⁸
3382 2921 3783 2988 διαδιώσαντες

2190 3018 2406 3089 χρόνον,
2437 3017 2517 3078 εἰς
2559 3015 2750 3084 ἕτερον
2805 3013 3211 3084 μεταϐαίνομεν
3242 3013 3378 3083 βίον.
3411 3013 3582 3066 Τοῦτο
3616 3014 3674 3067 δὲ
3717 3017 3782 3068 οὐ

2194 3109 2396 3172 πάντες
2424 3105 2705 3160 ἐθέλουσιν
2739 3106 2960 3168 εἰδέναι,
2995 3103 3110 3158 ἀλλ’
3141 3106 3189 3157 οί
3237 3105 3329 3157 ἐπὶ
3359 3107 3475 3166 τοῖς
3507 3107 3784 3178 παροῦσιν

2193 3203 2439 3272 ἀγαθοῖς,
2474 3202 2549 3265 ὡς
2584 3201 2678 3253 ἐπὶ
2707 3199 2957 3270 μονίμοις
2989 3199 3082 3251 καὶ
3108 3197 3356 3268 διαρκέσι
3397 3197 3780 3268 βρενθύοντες.

2206 3293 2264 3345 Ὀ
2288 3292 2343 3345 δὲ
2369 3292 2435 3345 τὰ
2459 3291 2581 3344 θεῖα
2603 3289 3035 3358 πεπαιδευμένος
3049 3288 3094 3319 ⁸⁵
3121 3284 3228 3340 οἶδε
3257 3287 3352 3340 τοῦ
3383 3286 3501 3356 βίου
3528 3286 3590 3341 τδ
3613 3293 3786 3361 πρόσ-

2193 3401 2406 3455 καιρον.
2443 3381 2536 3434 Διὸ
2579 3381 2643 3452 δὴ
2685 3383 2780 3434 καί
2810 3381 3076 3448 πάροικον
3113 3379 3304 3431 ἑαυτὸν
3349 3378 3640 3449 ὀνομάζει,
3683 3381 3786 3435 καὶ

2195 3471 2427 3527 ἱκετεύει
2462 3470 2562 3532 τὰς
2597 3470 2748 3531 θείας
2776 3467 2997 3530 ἐντολὰς
3036 3465 3306 3536 μηδαμῶς
3329 3467 3620 3536 ἀγνοῆσαι.

2263 3661 2332 3708 κ’,
2374 3672 2392 3704 ι
2439 3649 2814 3721 Ἐπεπόθησεν
2835 3650 2879 3680 ⁸³
2905 3651 2938 3718 η
2967 3648 3111 3719 ψυχή
3154 3666 3256 3719 μου
3295 3647 3390 3701 τοῦ
3436 3649 3786 3720 ἐπιθυμῆσαι

2192 3745 2264 3800 τὰ
2296 3742 2542 3814 κρίματά
2571 3759 2665 3794 σου
2705 3743 2764 3792 ὲν
2797 3739 2962 3792 παντὶ
2988 3739 3189 3809 καιρῷ.
3217 3758 3234 3790 ι
3272 3738 3635 3810 Ἐπιθυμοῦσι
3669 3741 3786 3794 τῶν

2194 3839 2356 3892 θείων
2395 3837 2684 3908 κριμάτων
2714 3831 2920 3894 πολλοὶ,
2968 3830 3063 3884 καὶ
3113 3831 3211 3900 τῆς
3255 3830 3502 3902 οὐρανῶν
3531 3828 3788 3896 ὲςίενται

2197 3928 2502 4001 βασιλείας,
2543 3926 2657 3978 ἀλλ’
2693 3925 2794 3976 οὐκ
2820 3923 2926 3975 ἀεί.
2964 3920 3082 3974 Νῦν
3115 3921 3216 3990 μὲν
3234 3920 3280 3951 ⁸⁸
3316 3921 3482 3984 θείοις
3511 3922 3785 3992 ἀρέσκον-

2193 4039 2308 4086 ται,
2333 4019 2428 4072 νῦν
2453 4018 2510 4072 δὲ
2537 4018 2651 4078 τοῖς
2703 4014 2795 4067 τοῦ
2837 4011 3092 4082 σώματος
3127 4010 3482 4065 ἀκολουθοῦσι
3517 4013 3785 4082 παθήμα-

2197 4135 2281 4170 σιν
2301 4131 2315 4145 ’
2346 4117 2375 4168 6
2395 4115 2451 4167 δὲ
2482 4113 2768 4184 προφήτης
2793 4110 3070 4180 ἱμείρεται
3097 4107 3289 4162 τοῦτον
3318 4107 3462 4178 ἔχειν
3483 4108 3574 4161 τὸν
3612 4109 3783 4162 πόθον

2192 4206 2479 4276 διηνεκῶς.

2267 4304 2374 4352 κα’.
2407 4315 2426 4348 ι
2469 4292 2847 4362 Ἐπετίμησας
2877 4291 3276 4360 ὑπερηφάνοις.
3309 4308 3327 4341 ι
3373 4292 3434 4344 Οί
3475 4289 3585 4342 τῶν
3616 4291 3787 4344 θείων

2194 4393 2390 4462 νόμων⁵
2420 4383 2896 4454 καταφρονοῦντες
2941 4385 3008 4452 τῇ
3062 4382 3163 4449 τῆς
3207 4381 3590 4452 ὑπερηφανίας
3623 4400 3789 4452 περι-

505 4483 598 4537 sed
630 4497 658 4534 a
685 4482 836 4550 justo
857 4481 1042 4550 judice
1074 4495 1291 4550 pmnam
1335 4489 1632 4550 reportant.
1670 4481 1783 4537 Hoc
1816 4498 1949 4536 sane
1979 4483 2090 4536 Ab-

2198 4484 2460 4537 πίπτουσι
2505 4478 2677 4546 νόσῳ·
2712 4475 2848 4529 ἀλλά
2891 4475 2989 4545 τὴν
3029 4474 3178 4543 παρὰ
3213 4473 3307 4526 τοῦ
3341 4473 3552 4526 δικαίου
3590 4474 3787 4543 κριτοῦ

506 4572 658 4627 salon
680 4587 974 4641 perpessus
1003 4581 1108 4636 est,
1139 4573 1245 4626 hoc
1275 4572 1428 4636 Saul,
1467 4573 1572 4628 hoc
1601 4572 1841 4638 Pharao,
1869 4583 1922 4628 et
1952 4574 2089 4628 Sen-

507 4665 824 4729 nacherim,
866 4673 923 4718 et
964 4665 1514 4732 Nabuchodonosor,
1567 4675 1622 4720 et
1655 4667 1746 4720 alii
1788 4666 2091 4721 innumeri.

508 4754 625 4811 Hoc
652 4772 776 4810 cum
816 4756 1084 4826 Propheta
1114 4760 1317 4824 sciret,
1367 4769 1629 4829 tanquam
1667 4761 1931 4831 propheta
1965 4761 2094 4815 θυι)-

503 4847 689 4917 junxit
722 4865 736 4901 :
774 4867 793 4900 σ
825 4847 1096 4903 Maledicti
1123 4851 1214 4920 qui
1247 4853 1527 4908 declinant
1549 4868 1579 4906 a
1613 4852 1886 4907 mandatis
1911 4853 2041 4908 tuis.
2068 4872 2089 4908 ι

507 4938 664 4996 Hanc
709 4943 1149 4997 exsecrationem
1205 4945 1290 5000 lex
1344 4945 1509 4998 etiam
1567 4946 2096 5016 transgredientibus

577 5140 602 5171 ³
631 5131 679 5190 ll
710 5133 839 5191 Cor.
875 5151 974 5205 ιιι,
1007 5137 1110 5206 16,⁹
1143 5138 1230 5195 17.
1309 5151 1336 5180 ι
1371 5139 1502 5196 ibid.
1540 5141 1628 5196 18.

2196 4575 2446 4642 δέχονται
2489 4567 2786 4638 τιμωρίαν.
2849 4565 3022 4618 Τοῦτο
3067 4565 3124 4617 δὲ
3142 4565 3184 4595 ⁸⁷
3236 4564 3472 4617 πέπονθε
3517 4563 3787 4617 Ἀϐεσσα-

2195 4665 2338 4737 λὼμ,
2367 4661 2528 4716 τοῦτο
2555 4660 2752 4723 Σαοὺλ,
2787 4659 2947 4712 τοῦτο
2978 4656 3200 4728 Φαραὼ,
3244 4662 3340 4710 καὶ
3374 4658 3784 4726 Σενναχηρεὶμ,

2198 4759 2292 4813 καὶ
2317 4751 2852 4824 Ναϐουχοδονόσορ⁶ιι
2874 4791 2888 4813 ,
2922 4754 3017 4802 καὶ
3048 4749 3226 4819 ἕτεροι
3258 4749 3464 4819 μυρίοι.
3502 4748 3676 4800 Τοῦτο
3705 4751 3789 4800 εἰ-

2198 4849 2306 4913 δὼς
2356 4849 2383 4900 6
2423 4846 2737 4917 Προφήτης,
2780 4843 2876 4896 ἅτε
2923 4842 2988 4912 δὴ
3031 4843 3320 4912 προφήτης
3343 4843 3412 4906 ⁸⁸,
3459 4843 3788 4910 ἐπήγαγεν

2207 4965 2228 5000 ι
2276 4944 2706 5016 Ἐπικατάρατοι
2763 4943 2812 4996 οί
2861 4940 3206 5003 ἐκκλίνοντες
3255 4940 3364 4992 ἀπὸ
3401 4939 3508 4990 τῶν
3552 4938 3792 4993 ἐντολῶν

1601 5340 1838 5395 VARUE
1890 5338 2281 5397 LECTIONES
2326 5339 2414 5396 ET
2451 5340 2686 5402 NOTAE.

575 5499 623 5569 ξ’
672 5496 1124 5569 Ἐιμιυτιῖκβοώ
1156 5497 1402 5569 1Αρςξὲῐῐι.
1439 5495 1558 5569 ἐνι,
1599 5495 1643 5526 ⁸¹
1685 5495 1893 5562 Ζῆσόν
1921 5513 2020 5564 με·
2051 5513 2090 5551 (ἓ⁴

2208 5498 2232 5551 1
2261 5498 2532 5569 ζήσομαι,
2559 5515 2680 5569 quae
2712 5506 2798 5554 est
2824 5514 2935 5569 rec.
2966 5501 3128 5556 lectio
3162 5501 3220 5555 h.
3255 5502 3293 5555 Ι.
3369 5503 3415 5534 ⁸⁸
3460 5504 3530 5554 Ὃ
3552 5500 3628 5568 δὴ
3658 5502 3786 5558 καί.

506 5568 632 5626 eod.
668 5569 695 5622 1
730 5563 792 5623 δι)
827 5569 892 5639 δὴ
919 5568 1078 5639 χάριν
1107 5563 1226 5620 καί.
1251 5564 1403 5639 Hanc
1438 5563 1724 5639 lectionem
1753 5563 1977 5639 secutus
2003 5577 2088 5621 est
2109 5563 2326 5622 Carafa.

507 5633 952 5700 παιδευόμενοςδ
980 5633 1025 5670 ⁸⁸
1051 5637 1258 5691 Ἐπεπ.
1288 5653 1341 5688 κ.
1373 5634 1422 5688 λ.
1454 5633 1613 5685 Hebr.

492 5705 570 5780 ί⁶⁷
593 5707 689 5762 At.
718 5705 845 5764 Des.
884 5708 940 5763 in
959 5707 1081 5764 cod.
1115 5709 1165 5764 1.

2405 5572 2474 5601 ⁸⁸·
2502 5567 2624 5623 cod.
2660 5571 2682 5623 1
2715 5567 2992 5641 ὑποδείξῃ.
3071 5572 3116 5602 ⁸⁸
3144 5572 3286 5640 Γὰρ.
3319 5573 3391 5626 id.
3425 5572 3502 5626 δέ.
3581 5567 3626 5603 ⁸⁸
3653 5571 3789 5630 ibid.

1653 5635 1824 5714 Quas}:
1845 5635 2090 5714 fractae:

2194 5641 2328 5714 {rima
2356 5641 2791 5714 merrdesideriol
2865 5635 3084 5714 “dlér.
3122 5635 3242 5696 cod.
3281 5644 3303 5696 1
3345 5644 3470 5698 add.
3507 5643 3613 5714 γὰρ
3643 5646 3782 5705 τοίς.

1272 5707 1316 5739 ⁸⁸
1356 5701 1466 5760 Καὶ
1495 5704 1756 5773 Ναϐουχ.
1790 5701 1912 5761 Des.
1969 5706 2102 5762 ibid.
2181 5707 2224 5741 ‘°
2266 5709 2407 5764 "Ars
2432 5711 2510 5779 δὴ
2544 5725 2724 5782 προφ.
2760 5709 2885 5766 Des.
2919 5712 3062 5780 ibid,
