4128 6466
360 304 499 374 189.9

1632 306 1652 327 ‘
1682 306 1769 370 IN
1811 306 2022 369 PSAL.
2072 307 2341 372 CXVIII.

3504 316 3642 388 1830

354 439 475 479 σου.
510 440 532 477 ι
569 421 795 493 Ταύτην
835 419 933 476 καὶ
977 422 1009 476 ὁ
1053 421 1221 495 νόμος
1245 420 1347 495 τὴν
1379 422 1519 495 ἀράν
1548 424 1664 488 τοῖς
1693 422 1950 489 παρασά-

2057 422 2214 479 aﬂert
2243 443 2256 478 :
2297 442 2317 476 ι
2349 422 2674 482 Maledictus
2709 427 2858 483 enim
2878 471 2895 497 ,
2933 428 3030 497 ait,
3059 429 3240 487 omnis
3260 470 3275 498 ,
3310 432 3525 508 1m
3546 436 3637 505 qui

351 532 480 580 ταις
520 514 861 587 προσφέρει·
904 531 924 566 ι
966 512 1414 586 Ἐπικατάρατος
1438 512 1570 586 γὰρ,
1613 514 1783 585 φησὶ,
1815 516 1948 581 πᾶς,

350 606 414 672 ὃς
460 607 564 660 οὐκ
613 606 850 677 ἐμμένει
892 606 1007 667 τοῖς
1052 606 1397 676 ἐγκειμένοις
1421 608 1479 660 ἐν
1505 604 1586 677 τῷ
1629 603 1822 678 βιϐλίῳ
1855 603 1952 659 τοῦ

357 700 417 752 νό
425 715 529 769 μου
541 740 554 760 ,
584 697 681 750 τοῦ
709 697 940 767 ποιῆσαι
964 695 1127 752 αὐτά.

426 790 534 860 κβν.
571 807 590 840 ι
627 788 857 860 Περίελε
890 789 986 843 ἀπ’
1019 787 1155 860 ἐμοῦ
1186 788 1391 852 ὄνειδος
1442 788 1539 842 καὶ
1571 789 1948 855 ἐξουδὲνωσιν,

352 879 440 931 ὅτι
490 876 560 930 τά
615 876 897 948 μαρτύριά
952 894 1048 931 σου
1103 877 1434 949 ἐξεζήτησα.
1480 898 1500 932 ι
1563 878 1820 932 Ὠνείδισε
1858 880 1951 935 τὸν

354 972 659 1042 Προφήτην
705 972 735 1023 ό
783 969 999 1035 Νάϐαλ,
1034 970 1218 1025 δοῦλον
1250 972 1453 1041 δραπέσι
1472 988 1533 1043 ην
1572 972 1949 1037 ἀποκαλέσας*

354 1062 647 1116 ὼνείδισαν
705 1062 872 1116 αὑτὸν
922 1064 971 1114 οἱ
1015 1061 1284 1116 Γετθαῖοι.
1326 1061 1722 1132 ’Λλγυνόμενος
1769 1063 1952 1118 τοίνυν

353 1156 455 1206 ἐπὶ
481 1154 717 1219 τούτοις,
754 1154 1168 1225 ἀποτρίψασθαι
1195 1156 1264 1209 τά
1289 1155 1466 1226 ὀνείδη
1496 1155 1830 1225 παρακαλεῖ,
1853 1157 1953 1210 ἅτε

351 1246 422 1316 δὴ
446 1246 516 1300 τά
545 1246 667 1300 θεῖα
696 1248 1011 1319 ἐκζητήσας
1049 1247 1362 1319 μαρτύρια·
1399 1247 1500 1318 οὐχ
1541 1248 1806 1318 ἁρμόττει
1842 1250 1952 1303 τοί-

355 1356 456 1392 νυν
502 1341 621 1402 τοῖς
674 1340 828 1410 παρά
884 1338 979 1392 τοῦ
1028 1340 1228 1410 Σεμεεὶ
1269 1339 1561 1393 όνείδεσιτθ
1607 1343 1675 1394 τὰ
1710 1342 1955 1413 παρόντα

357 1430 528 1502 ῥητά.
572 1431 791 1484 Ἐκεῖνα
824 1430 935 1501 γὰρ
971 1431 1111 1502 μετά
1138 1430 1239 1501 τὴν
1269 1431 1550 1502 ἁμαρτίαν
1595 1433 1817 1500 ἐγένετο
1837 1450 1850 1463 ·
1884 1434 1953 1488 τά

356 1520 419 1572 δέ
452 1518 546 1572 τοῦ
576 1518 791 1584 Νάϐαλ,
823 1519 919 1572 καὶ
946 1519 1057 1573 τῶν
1088 1520 1289 1585 ἄλλων,
1326 1522 1434 1590 πρὸ
1455 1523 1556 1593 τῆς
1583 1523 1879 1593 ἁμαρτίας.

432 1617 543 1680 κγ’.
585 1629 605 1663 ι
641 1612 754 1665 Καὶ
802 1613 912 1684 γὰρ
942 1611 1208 1666 ἐκάθισαν
1255 1612 1518 1684 ἄρχοντες
1542 1654 1556 1679 ,
1596 1615 1691 1668 καὶ
1722 1616 1953 1671 κατελά-

357 1705 491 1758 λουν
522 1707 647 1758 κατ’
678 1704 837 1776 ἐμοῦ.
859 1725 877 1758 ι
912 1706 1026 1760 Καὶ
1048 1705 1244 1773 Σαοὺλ,
1277 1707 1370 1759 καὶ
1401 1706 1655 1780 Ἀδενὴρ,
1689 1709 1951 1780 καὶἈχι-

2056 528 2167 568 non
2191 524 2473 584 permanet
2496 516 2549 571 in
2576 516 2666 585 iis,
2698 532 2822 589 quae
2838 519 3025 591 jacent
3047 521 3101 577 in
3128 522 3269 579 libro
3294 524 3430 595 legis
3454 525 3644 599 hujus,

2055 614 2118 661 ut
2138 605 2304 662 faciat
2330 606 2471 678 ipsa.

2126 777 2294 837 Vens.
2322 781 2414 836 22.
2450 801 2468 834 ι
2498 780 2668 837 Aufer
2691 797 2720 837 a
2758 797 2848 838 me
2903 785 3260 856 opprobrium
3306 797 3361 842 et
3392 794 3644 843 contem-

2051 884 2229 945 ptum,
2267 875 2395 945 quia
2431 876 2746 932 testimonia
2777 886 2868 932 tua
2899 879 3199 949 exquisivi.
3227 898 3247 930 ι
3278 879 3646 936 Contumeliis

2054 965 2233 1021 affecit
2257 965 2585 1036 Prophetam
2619 966 2812 1035 Nabal,
2839 984 3057 1024 servum
3093 970 3379 1041 fugitivum
3405 987 3641 1027 vocans:

2055 1059 2355 1114 affecerunt
2396 1069 2451 1115 et
2483 1060 2737 1117 Gettha-i.
2771 1062 3005 1119 Maerens
3046 1064 3212 1133 igitur
3242 1064 3309 1119 de
3344 1066 3429 1119 his
3453 1105 3468 1131 ,
3520 1075 3644 1121 orat

2055 1162 2115 1206 ut
2148 1153 2437 1222 opprobria
2473 1154 2789 1219 deleantur,
2829 1165 3014 1225 utpote
3046 1156 3140 1226 qui
3171 1156 3353 1210 divina
3392 1157 3644 1213 testimo-

2057 1244 2146 1297 nia
2185 1243 2486 1313 quzesierit.
2531 1244 2654 1300 Non
2706 1247 3041 1316 respondent
3095 1249 3263 1317 igitur
3317 1250 3432 1303 haec
3477 1249 3645 1304 verba

2054 1334 2326 1389 conviciis
2355 1350 2385 1388 a
2420 1335 2599 1390 Semei
2624 1336 2877 1405 jactatis.
2912 1335 3007 1391 llla
3039 1337 3185 1391 enim
3231 1347 3515 1407 peccatum
3556 1354 3645 1394 se-

2057 1434 2181 1480 cuta
2264 1438 2391 1482 sunt
2457 1447 2470 1481 :
2536 1426 2760 1483 Nabalis
2817 1445 2947 1483 vero
3009 1429 3355 1501 aliorumque
3393 1431 3642 1486 convicia

2053 1529 2340 1589 peccatum
2375 1530 2797 1589 praecesserunt.

2128 1607 2290 1664 Vens.
2321 1604 2467 1663 2331
2498 1610 2714 1664 Etenim
2748 1612 3010 1667 sederunt
3042 1612 3344 1684 principes,
3381 1621 3435 1669 ct
3461 1616 3648 1672 adver-

2055 1716 2150 1756 sus
2200 1717 2288 1755 me
2327 1700 2496 1756 locuti
2533 1712 2682 1757 sunt.
2717 1723 2736 1755 ι
2772 1702 2837 1757 Ει
2869 1703 3024 1769 Sanl,
3050 1712 3104 1759 et
3135 1706 3346 1773 Abner,
3378 1715 3437 1761 et
3464 1706 3630 1762 Achi-

356 1797 552 1866 τόφελ,
609 1798 706 1849 καὶ
763 1796 1147 1868 Ἀδεσσαλὼμ,
1190 1797 1497 1868 ἐλοιδόρουν
1548 1799 1641 1852 τὸν
1693 1801 1945 1855 Δαϐίδτί.

2057 1793 2271 1862 tephel,
2303 1802 2357 1848 et
2396 1793 2635 1849 Absalon
2682 1796 2956 1851 conviciis
2986 1795 3244 1852 Davidem
3291 1799 3645 1869 impetehant.

367 1908 388 1942 ι
409 1890 471 1943 '0
492 1890 550 1942 δὲ
572 1888 758 1951 δοῦλός
775 1905 869 1942 σου
897 1888 1176 1961 ήδολέσχει
1202 1890 1261 1944 ἐν
1287 1893 1399 1953 τοῖς
1427 1889 1762 1963 δικαιώμασί
1781 1910 1895 1947 σου.
1924 1914 1943 1947 ι

2057 1905 2077 1938 ι
2116 1885 2318 1942 Servus
2359 1895 2539 1942 autem
2577 1896 2703 1943 tuus
2749 1890 3049 1945 meditatus
3088 1900 3173 1945 est
3214 1891 3647 1962 iustificationes

372 1979 521 2051 Ἐγὼ
550 1981 609 2035 δέ
631 1981 732 2053 τὴν
762 1983 862 2052 σὴν
903 1981 1227 2037 δεσποτείαν
1265 1979 1571 2054 ὁμολογῶν,
1610 1984 1844 2057 μελέτην
1873 1982 1950 2040 εί-

2057 1986 2196 2031 tuas.
2230 1995 2249 2027 »
2301 1975 2413 2044 Ego
2444 1986 2626 2033 autem
2671 1988 2823 2032 tuam
2856 1979 3294 2038 dominationem
3331 1984 3601 2040 confitens
3626 2024 3642 2049 ,

354 2088 459 2144 χον
496 2072 567 2126 τά
597 2071 668 2125 σὰ
696 2070 1068 2144 δικαιώματα.

2057 2075 2177 2123 tuas
2204 2067 2633 2137 iustificationes
2663 2070 2991 2126 meditabar.

430 2163 533 2218 κδ’.
568 2182 586 2216 ι
620 2164 731 2217 Καὶ
760 2165 871 2236 γὰρ
901 2164 972 2217 τὰ
1006 2163 1286 2236 μαρτύριά
1316 2183 1410 2219 σου
1442 2167 1640 2240 μελέτη
1684 2167 1786 2239 μού
1810 2169 1949 2234 ἐστι,

2129 2158 2289 2216 Vens.
2312 2160 2406 2216 24.
2439 2179 2459 2213 ι
2488 2161 2622 2216 Nam
2654 2170 2709 2217 et
2735 2162 3051 2220 testimonia
3082 2173 3173 2221 tua
3206 2167 3490 2220 meditatio
3524 2182 3643 2222 mea

354 2257 515 2311 καὶτί
567 2257 626 2310 αἱ
684 2256 1054 2326 συμϐουλαί⁷³
1103 2275 1207 2329 μου
1250 2259 1320 2313 τά
1360 2258 1710 2333 δικαιώματά
1768 2279 1885 2317 σου.
1928 2281 1946 2313 ι

2057 2260 2219 2319 sunt,
2275 2263 2331 2307 et
2377 2253 2607 2308 consilia
2653 2269 2772 2310 mea
2817 2255 3240 2324 jnstiﬁeationcs
3292 2265 3417 2311 true.
3473 2277 3491 2310 ι
3527 2258 3644 2312 llu-

356 2353 556 2404 Πᾶσαν
584 2347 697 2421 γάρ
727 2349 1083 2421 ἀνθρωπίνην
1102 2350 1393 2422 εἰσήγησιν
1422 2353 1808 2425 ἀπωσάμενος,
1828 2356 1952 2419 ταῖς

2057 2360 2216 2400 mana
2270 2346 2418 2401 enim
2470 2346 2719 2401 doctrina
2775 2346 3013 2416 rejecta,
3077 2356 3170 2403 tua
3227 2349 3489 2404 mandata
3551 2364 3643 2405 se-

356 2445 488 2507 σαῖς
516 2440 830 2513 ὑποθήκαις
858 2440 1167 2495 ἀκολουθῶ.
2051 2454 2218 2510 quor.

440 2541 543 2589 κε’.
565 2554 584 2586 ι
607 2533 908 2605 Ἐκολλήθη
938 2532 1020 2605 τῷ
1048 2535 1235 2605 ἐδάφει
1260 2535 1293 2607 ὴ
1326 2535 1493 2608 ψυχή’
1512 2536 1696 2606 pou“.
1732 2557 1752 2589 ι
1779 2537 1891 2611 Τὴν
1903 2539 1949 2571 ⁷⁸

2125 2530 2287 2585 Vens.
2317 2530 2411 2586 25.
2447 2529 2719 2586 «Adhaesit
2745 2529 3063 2600 pavimento
3091 2530 3272 2584 anima
3304 2545 3481 2585 mea.»
3519 2533 3646 2587 Sim

356 2626 677 2699 ὑπερϐολὴν
722 2626 825 2696 τῆς
856 2624 1242 2691 ταπεινώσεως
1285 2627 1375 2681 διά
1405 2627 1615 2683 τούτων
1660 2631 1950 2701 ἐδήλωσεν.

2057 2623 2294 2694 gularem
2319 2623 2622 2694 quamdam
2653 2622 3027 2677 humilitatem
3053 2638 3152 2693 per
3178 2624 3295 2678 haec
3324 2625 3646 2683 declaravit.

356 2716 526 2771 Οὕτω
573 2716 671 2771 καὶ
700 2716 813 2788 γὰρ
859 2717 920 2770 ἐν
951 2715 1031 2787 τῷ
1059 2718 1486 2791 τεσσαρακοστῷ
1513 2722 1609 2773 καὶ
1644 2722 1815 2794 τρίτῳ
1847 2723 1950 2794 ἔφη

2057 2713 2144 2769 Sic
2192 2715 2336 2770 enim
2391 2725 2446 2770 et
2492 2715 2543 2769 in
2589 2715 3010 2785 quadragesimo
3065 2715 3227 2769 tertio
3272 2716 3347 2770 ait
3384 2717 3640 2787 psalmo:

353 2808 587 2879 ψαλμῷο
633 2826 654 2861 ι
686 2809 810 2862 ὀτι
841 2808 1184 2882 ἐταπεινώθη
1217 2812 1300 2874 είς
1345 2811 1477 2881 χοῦν
1506 2813 1539 2884 ὴ
1568 2812 1716 2884 ψυχὴ
1764 2816 1949 2885 ήμῶνο

355 2899 632 2972 ἐκολλήθη
665 2900 745 2963 είς
779 2898 885 2971 γῆν
911 2901 946 2972 ή
975 2901 1191 2975 γαστὴρ
1230 2901 1412 2973 ήμῶν.
1450 2922 1470 2955 ι
1502 2933 1573 2944 -
1612 2923 1630 2956 ι
1667 2906 1843 2975 Ζῆσόν
1884 2923 1953 2978 με

358 2993 512 3048 κατά
560 2993 655 3047 τὸν
696 2991 859 3061 λόγον
892 3008 1011 3047 σου.
1043 3010 1063 3045 ι
1112 2989 1227 3047 Οὔκ
1274 2993 1551 3066 ἀορίστως
1593 2996 1740 3050 αἰτεῖ
1783 2997 1950 3070 ζωήν,

358 3084 505 3139 ἀλλά
530 3084 633 3155 τὴν
664 3084 808 3137 κατὰ
834 3082 1001 3154 νόμον
1026 3081 1195 3155 ζωήν.

436 3173 554 3240 σις’.
594 3194 613 3226 ι
642 3175 756 3237 Τὰς
783 3174 940 3238 ὁδούς
982 3192 1084 3245 μου
1134 3175 1454 3247 ἐξήγγειλα,
1500 3178 1596 3232 καὶ
1636 3180 1954 3251 ἐπήκουσάς

364 3282 511 3338 μου·
540 3264 751 3330 δίδαξόν
799 3282 867 3337 με
907 3266 978 3321 τά
1021 3266 1372 3337 δικαιώματά
1417 3287 1532 3324 σου.
1571 3290 1591 3322 ι
1625 3273 1811 3334 Πάσας
1847 3290 1951 3343 σοι,

360 3358 643 3422 Δέσποτα,
679 3360 781 3422 τάς
811 3357 953 3429 ἐμάς
979 3359 1256 3429 δεδήλωκα
1285 3359 1517 3431 πράξεις
1536 3379 1550 3393 ·
1578 3364 1672 3417 καὶ
1700 3364 1856 3419 οὐδέν
1894 3384 1955 3420 σε

362 3447 554 3501 λαθεῖν
596 3448 710 3501 τῶν
742 3448 894 3519 ἐμῶν
937 3449 1335 3521 ἀνεσχόμηντο.
1371 3454 1470 3506 Διά
1512 3471 1596 3508 τοι
1629 3455 1790 3510 τοῦτο
1836 3460 1957 3523 ταῖς

362 3540 535 3609 ἐμαῖς
584 3539 819 3603 ἱκεσίαις
872 3540 1247 3595 ἐπίνευσον⁷⁷·
1319 3544 1589 3600 ἀντιϐολῶ
1640 3545 1697 3600 δέ
1763 3548 1958 3619 μαθεῖν

361 3630 614 3702 ἀκριϐῶς
640 3630 711 3684 τά
741 3630 811 3685 σά
823 3631 871 3664 ⁷⁸
898 3631 1268 3703 δικαιώματα.

439 3719 546 3787 κζ’.
596 3740 615 3773 ι
664 3722 815 3776 Ὀδὸν
856 3722 1248 3795 δικαιωμάτων
1286 3744 1382 3780 σου
1421 3729 1702 3785 συνέτισόν
1737 3751 1827 3804 με,
1861 3736 1958 3790 καὶ

363 3814 724 3885 ἀδολεσχήσω
758 3815 818 3868 ἐν
860 3818 974 3880 τοῖς
1019 3816 1350 3888 θαυμασίοις
1401 3837 1518 3877 σου.
1553 3841 1573 3875 ι
1623 3822 1786 3888 Θείας
1822 3820 1973 3897 ἡμῖν¹

365 3905 647 3970 συνέσεως
685 3905 802 3971 δεῖ,
833 3905 978 3961 ὥστε
1012 3908 1156 3961 κατά
1199 3909 1291 3962 τὸν
1322 3910 1469 3964 θεῖον
1501 3913 1666 3983 νόμον
1697 3915 1799 3986 τὴν
1827 3918 1955 3986 ἀρε-

364 3999 471 4069 τὴν
508 3996 813 4070 μετελθεῖν,
862 3997 1077 4054 καὶτὸν
1123 4000 1510 4074 φιλανθρωπίᾳ
1561 4004 1845 4077 χρώμενον
1882 4009 1957 4082 μὴ

365 4089 510 4159 πρὸς
539 4088 852 4157 κενοδοξίαν
877 4090 1028 4156 ίόεῖν,
1055 4093 1152 4146 καὶ
1174 4094 1266 4147 τὸν
1293 4095 1595 4167 ἀσκητικὸν
1621 4099 1695 4171 μὴ
1717 4100 1958 4173 θηρᾶσαι

362 4181 466 4234 τὸν
516 4179 862 4251 ἀνθρώπειον
906 4180 1156 4250 ἔπαινον,
1189 4184 1286 4238 τὸν
1316 4185 1572 4258 σώφρονα
1606 4189 1680 4261 μὴ
1719 4191 1806 4246 διὰ
1857 4196 1959 4266 τὴν

361 4272 472 4340 τῆς
502 4269 802 4334 ἀκολασίας
852 4271 1138 4343 αἰσχύνην,
1195 4274 1331 4329 ἀλλά
1378 4276 1467 4330 διὰ
1509 4277 1601 4331 τὸν
1647 4281 1813 4335 πόθον
1859 4284 1959 4355 τῆς

364 4363 596 4436 ἀρετῆς,
632 4363 877 4434 μετιέναι
904 4362 1005 4435 τὴν
1038 4367 1417 4439 σωφροσύνην.
1455 4370 1699 4436 Εἰκότως
1728 4375 1907 4429 τοίνυν
1932 4379 1960 4430 ὁ

2060 2825 2078 2858 ι
2113 2807 2381 2874 Quoniam
2426 2806 2712 2861 humiliata
2762 2814 2847 2861 est
2877 2806 2930 2859 in
2960 2807 3183 2875 pulvere
3217 2808 3399 2862 anima
3428 2819 3644 2875 nostra,

2054 2898 2466 2968 conglutinatus
2509 2908 2594 2951 est
2636 2896 2692 2950 in
2725 2907 2869 2951 terra
2898 2906 3089 2950 venter
3124 2905 3334 2953 noster.
3359 2917 3378 2950 ι
3399 2927 3469 2937 -
3496 2917 3516 2951 ι
3547 2897 3644 2954 Vi-

2052 2988 2207 3043 vifica
2238 3002 2325 3042 me
2377 2988 2684 3043 secundum
2713 2987 2941 3041 verbum
2973 2995 3150 3041 tuum.
3183 3007 3202 3041 ι
3241 2986 3362 3043 Νοιι
3399 2990 3650 3047 absolute

2053 3079 2222 3134 vitam
2252 3079 2410 3148 petit,
2447 3079 2540 3133 sed
2572 3078 2738 3132 vitam
2772 3077 3075 3133 secundum
3102 3080 3301 3149 legem.

2129 3171 2296 3227 Vsus.
2331 3170 2424 3224 26.
2468 3190 2487 3221 ι
2521 3168 2652 3225 Vias
2682 3185 2831 3226 meas
2868 3172 3187 3238 enuntiari,
3234 3182 3288 3228 et
3317 3174 3647 3230 exaudivisti

2056 3279 2181 3328 tne,
2229 3265 2363 3319 doce
2410 3278 2497 3317 me
2548 3262 2972 3332 iustificationes
3013 3275 3156 3320 tuas.
3184 3283 3202 3318 ι
3251 3264 3454 3321 Omnes
3495 3281 3648 3323 meas

2058 3359 2302 3414 actiones
2327 3356 2449 3420 tibi,
2474 3355 2726 3421 Domine,
2758 3358 3008 3427 exposui,
3037 3367 3092 3412 et
3121 3359 3258 3413 nihil
3290 3375 3533 3415 mearum
3559 3375 3652 3415 re-

2058 3465 2181 3505 rum
2230 3447 2440 3521 1M5
2478 3458 2527 3503 te
2562 3448 2733 3504 latere
2767 3450 3016 3520 permisi.
3059 3449 3271 3506 Idcirco
3301 3452 3438 3507 meis
3474 3452 3652 3522 preci-

2058 3543 2161 3598 bus
2184 3557 2366 3596 annue
2392 3559 2405 3596 :
2441 3556 2636 3611 precor
2665 3552 2848 3597 autem
2874 3554 2945 3606 te,
2974 3551 3036 3597 ut
3057 3552 3318 3598 accurate
3348 3553 3466 3599 tuas
3485 3545 3652 3616 justi-

2060 3635 2343 3690 licationes
2369 3634 2702 3704 pet-discam.

2130 3726 2405 3794 Vens.27.
2456 3745 2474 3777 ι
2500 3722 2656 3779 Viam
2694 3724 3153 3794 justifieationum
3192 3737 3410 3780 tuarum
3440 3725 3642 3782 doceas

2058 3834 2167 3883 me,
2195 3827 2250 3874 et
2284 3817 2588 3873 meditabor
2616 3817 2893 3871 mirabilia
2923 3826 3036 3871 tua.
3070 3833 3090 3867 ι
3128 3815 3322 3871 Divina
3359 3817 3648 3887 prudentia

2058 3911 2218 3966 nobis
2250 3925 2385 3980 opus
2413 3918 2517 3975 est,
2553 3918 2613 3962 ut
2644 3908 2947 3963 secundum
2981 3907 3222 3962 divinam
3258 3909 3431 3977 legem
3466 3909 3647 3964 virtu-

2060 4015 2169 4060 tem
2194 4013 2619 4068 consectemur;
2647 4009 2700 4056 et
2725 4001 2817 4070 qui
2841 4000 2965 4055 aliis
2992 4000 3428 4056 misericordiam
3454 4002 3650 4071 imper-

2063 4098 2147 4158 tit,
2184 4095 2251 4151 ad
2283 4096 2499 4149 inanem
2529 4108 2638 4147 non
2669 4093 2925 4162 respiciat
2949 4091 3202 4163 gloriam,
3228 4101 3282 4146 et
3301 4093 3393 4163 qui
3424 4093 3647 4162 religio-

2061 4199 2178 4238 sam
2206 4184 2374 4238 vitam
2410 4182 2573 4246 colit,
2616 4180 2914 4236 humanam
2944 4181 3160 4235 laudem
3189 4182 3416 4238 minime
3442 4193 3644 4254 captet,

2060 4281 2115 4330 el.
2156 4274 2240 4329 vir
2272 4273 2564 4329 continens
2613 4286 2720 4325 non
2764 4270 2838 4324 ob
2884 4270 3321 4340 intemperantiae
3361 4272 3600 4328 dedecus
3629 4312 3645 4337 ,

2064 4367 2159 4423 sed
2210 4367 2282 4423 ob
2327 4364 2548 4419 virtutis
2604 4362 2938 4417 desiderium
2996 4361 3387 4417 continentiam
3439 4364 3636 4434 ample-

368 4454 672 4527 Προφήτης
705 4453 979 4508 ἀντιϐολεῖ
1008 4457 1279 4521 συνέσεως
1306 4459 1457 4524 θείας
1499 4462 1850 4534 μεταλαχεῖν,
1882 4467 1956 4531 ὡς

2064 4467 2262 4516 ctatur.
2305 4456 2440 4512 Jure
2480 4456 2654 4529 igitur
2692 4454 2961 4524 Pmpheta
3003 4456 3307 4525 supplicat,
3354 4465 3413 4510 ut
3449 4457 3649 4514 divinae

367 4546 676 4616 διαγνῶναι
704 4545 806 4617 τὴν
833 4547 934 4617 τῆς
955 4546 1313 4619 δικαιοσύνης
1338 4552 1479 4607 ὁδόν.

2071 4552 2374 4624 prudentiae
2406 4549 2677 4619 particeps
2706 4547 2773 4601 sit
2795 4584 2810 4609 ,
2837 4555 2898 4601 ut
2913 4547 3140 4615 jnstitiae
3164 4547 3306 4600 viam
3331 4560 3646 4618 cognoscat.

445 4646 553 4710 κη’.
608 4659 628 4693 ι
665 4639 1058 4705 Ἐνύσταξεν⁷¹
1108 4643 1143 4711 ἡ
1186 4641 1332 4714 ψυχή
1390 4662 1494 4715 μου
1545 4648 1656 4701 ἀπὸ
1699 4651 1956 4721 ἀκηδίαςί

2141 4645 2310 4699 Vens.
2351 4642 2444 4696 28.
2489 4638 2873 4694 ('Dormitavit
2906 4640 3087 4693 anima
3133 4655 3252 4694 mea
3300 4656 3411 4710 prae
3452 4644 3647 4711 taedio,

369 4732 681 4804 βεόαίωσόν
717 4732 848 4805 μεεο
896 4734 954 4787 ἐν
987 4735 1104 4798 τοῖς
1140 4733 1325 4803 λόγοις
1357 4752 1473 4791 σου.
1507 4755 1527 4788 ι
1575 4738 1640 4792 Ἥ
1673 4742 1904 4813 συνεχὴς
1924 4744 1956 4777 ιι

2070 4737 2339 4795 confirma
2366 4750 2453 4787 me
2480 4731 2532 4786 in
2557 4730 2740 4784 verbis
2770 4729 2896 4785 tuis.
2938 4748 2958 4782 ι
3006 4731 3274 4786 Assiduus
3305 4735 3510 4801 peccati
3550 4736 3653 4790 im-

368 4824 656 4895 προσσολὴ
688 4827 791 4897 τῆς
827 4825 1103 4897 ἁμαρτίας
1136 4824 1345 4880 διαλύει
1382 4826 1647 4893 πολλάκις
1681 4831 1774 4886 τὸν
1815 4833 1956 4888 τόνοι

2070 4839 2232 4899 pctus
2260 4824 2462 4880 mentis
2494 4837 2558 4876 ac
2586 4821 2817 4876 rationis
2852 4837 3048 4877 nervos
3078 4838 3220 4893 saepe
3250 4823 3537 4896 infringit,
3569 4825 3652 4881 fa-

366 4915 486 4971 τῶν
513 4915 798 4989 λογισμῶν
819 4956 837 4984 ,
868 4917 967 4971 καὶ
1007 4917 1386 4989 ἀπαυδῆσαι⁸¹
1417 4922 1834 4991 παρασκευάζει
1872 4926 1956 4981 τὸι

2071 4922 2258 4991 citque
2309 4925 2372 4971 ut
2423 4914 2627 4971 athleta
2660 4914 2913 4979 deﬁciat,
2964 4920 3018 4969 et
3067 4915 3148 4970 sic
3195 4914 3399 4971 dictam
3432 4916 3654 4972 άκέδιαν

369 5081 405 5122 b
443 5078 612 5137 Deut.
648 5095 837 5149 xxvrt,
872 5079 965 5137 49.
1994 5149 1999 5153 ,

1539 5164 1782 5221 VAIll/E
1821 5165 2217 5222 LECTIONES
2256 5162 2350 5220 ET
2379 5164 2615 5222 NOTAE.

429 5309 481 5388 ’ξ
513 5308 1028 5388 ἱδίᾁώνειδισθεζσι.
1105 5305 1543 5388 "pateﬁat
1557 5308 1693 5360 Δαϐ.
1719 5294 1854 5388 Ροεί
1882 5307 1937 5388 in

2057 5307 2095 5362 ι,
2155 5307 2202 5340 τι
2225 5305 2532 5388 [Ea—go?
2583 5303 2749 5388 Hebr.
2774 5304 2877 5388 ξιξτί
2913 5306 3131 5363 consilii
3163 5306 3296 5363 mei.
3336 5306 3544 5388 "Syutm:
3579 5306 3656 5388 (Ῑξς

371 5378 573 5453 ἄνδρες
591 5380 982 5504 δμογνώὲωνές
1023 5395 1138 5450 μοι.
1181 5377 1327 5458 Εόίι.
1372 5374 1416 5431 γ
1446 5377 1642 5448 ἄνδρες
1671 5377 1783 5458 τῆς
1825 5377 1956 5447 βουλ

374 5452 430 5485 ’⁸
468 5454 619 5504 Μου.
656 5467 710 5504 ιιι
738 5466 804 5504 co
853 5490 866 5503 .
892 5449 927 5504 4
965 5464 1031 5503 ex
1078 5450 1438 5504 sequentibus
1473 5450 1600 5501 add.
1636 5446 1803 5504 ζησόν
1833 5464 1902 5504 με
1937 5465 1956 5500 ι

2057 5394 2173 5445 μου.
2250 5376 2296 5408 ⁷³
2333 5376 2456 5431 cod.
2491 5376 2517 5431 1
2558 5375 2909 5447 συμϐουλίαι,
2939 5393 3060 5447 quae
3082 5388 3165 5430 est
3197 5391 3308 5432 rec.
3342 5374 3507 5432 lectio
3532 5380 3586 5432 h.
3613 5379 3650 5431 l.

2057 5449 2081 5499 Ξι
2130 5446 2223 5499 τὸν
2268 5446 2427 5504 λόγον
2477 5462 2594 5501 σου.
2672 5445 2719 5478 ⁷⁸
2769 5444 2891 5504 Tim
2922 5478 2990 5490 —
3022 5445 3257 5504 ’μαστὴρ
3304 5444 3494 5504 ἡμῶν.
3527 5447 3650 5502 Haae

374 5452 430 5485 "
468 5445 866 5505 Movfin'cod.
892 5449 927 5504 4
965 5445 1036 5503 ei
1078 5448 1438 5548 sequentihp‘s
1473 5445 1600 5548 a'dil;
1636 5445 1803 5516 ζῆσόν
1827 5445 1956 5548 -μξοῖ

375 5529 590 5548 ..ιι-ιη...
621 5521 958 5548 ηιιηριέι---ιηο
1000 5534 1191 5548 ,ιλιι-ι...
1223 5534 1340 5548 num
1417 5532 1493 5548 nn.
1665 5534 1691 5548 η
1759 5532 1794 5548 n
1872 5540 1876 5545 »

2057 5449 2081 5499 '1
2130 5446 2223 5499 τὸν
2268 5446 2427 5526 λόγον
2477 5462 2594 5501 σου.
2636 5445 2719 5478 ή⁷⁸
2769 5445 2891 5515 Τὴν
2922 5445 2990 5490 4
3022 5445 3257 5516 γαστὴρ
3304 5445 3494 5527 ήμῷν.
3527 5447 3657 5502 Ηωο

2059 5517 2281 5548 nnhmn:
2325 5516 2511 5548 ινιιυιίι
2624 5517 2670 5548 τι
2710 5517 2809 5548 ΛηιΙ
2891 5517 3204 5548 lum-rupium“
3335 5517 3379 5548 ’1⁸1
3423 5517 3477 5548 ιιι
3545 5521 3652 5548 πυρί

375 5529 590 5594 partem
620 5521 963 5574 constituunt
999 5534 1191 5573 eorum
1221 5534 1342 5586 qua:
1372 5517 1538 5599 (Iord.
1585 5517 1623 5571 l.
1663 5534 1712 5571 c.
1759 5532 1814 5599 ρ.
1840 5517 2005 5600 .394;
2059 5517 2282 5640 Origeni
2325 5517 2539 5595 tribuit.
2624 5517 2670 5549 ⁷⁸
2710 5517 2835 5571 cod.
2891 5517 3226 5601 ἠνεσχόμην.
3324 5517 3379 5597 ,⁷⁷
3423 5517 3493 5570 ib.
3545 5521 3654 5595 ἱκε-

379 5589 562 5653 τείαις
607 5591 928 5653 ἐπένευσας.
1005 5588 1052 5622 ⁷⁸
1088 5588 1186 5642 Σά.
1250 5586 1371 5657 Des.
1408 5588 1539 5641 tlnd.
1617 5587 1662 5620 ⁷³
1708 5585 2109 5657 -Ἶινυστιιξεν,
2195 5588 2312 5641 ehr.
2346 5585 2555 5640 Slulat.
2605 5586 2825 5657 Syrum.
2855 5583 3210 5657 κατέσταξεν.
3240 5585 3380 5640 ΕιΙιι.
3415 5583 3460 5639 ν
3492 5599 3537 5642 et
3586 5585 3652 5641 Η

379 5606 562 5653 τειαις
607 5606 928 5653 επενευσας.
1011 5606 1052 5622 ¹⁹
1088 5606 1186 5642 ια.
1250 5606 1371 5641 IDES.
1408 5606 1539 5641 ιυιιι.
1622 5606 1662 5620 ⁸⁸
1732 5606 1956 5641 εινυστι

376 5660 631 5728 ἔσταξεν.
726 5658 775 5693 ⁸⁸
811 5661 947 5716 Βεσ.
971 5677 1071 5728 με.
1106 5657 1254 5729 γΗεὺ.
1294 5656 1455 5729 Erige
1500 5674 1625 5729 me.“
1704 5655 1749 5688 ⁸¹
1795 5657 1863 5713 ’11
1915 5673 1956 5713 σ

2057 5606 2109 5644 ν’.
2146 5606 2312 5641 118111⁸.
2346 5606 2555 5640 ὒηιιαι.
2606 5606 2813 5657 bynu".
2855 5606 3210 5649 κατεσταςεν.
3240 5606 3380 5640 ιδιιιι.
3426 5606 3452 5639 ν
3492 5606 3537 5642 2|
3594 5606 3650 5641 VI

2057 5657 2227 5727 ῖχὴς.
2273 5674 2328 5711 κ.
2376 5672 2428 5710 τ.
2478 5656 2529 5714 λ.
2571 5657 2699 5715 Hau:
2761 5656 2924 5711 etiam
2978 5652 3202 5726 Origeni
3262 5658 3581 5712 tribuuntur
3620 5671 3650 5705 υ

382 5727 552 5791 (30rd.
599 5731 641 5788 l.
689 5744 743 5790 ο.
777 5744 836 5802 p.
868 5727 995 5787 395.
1097 5728 1145 5763 ⁸²
1183 5729 1310 5785 cod.
1352 5727 1749 5800 ίάναυδῆσαι.
