4128 6418
549 353 700 418 1831

1494 332 1986 398 THEODORETI
2040 332 2387 395 EPISCOPI
2441 331 2813 395 CYRENSIS

3679 326 3824 395 1832

541 454 798 532 producit
837 470 855 509 :
887 453 1117 509 remissa
1143 465 1273 505 vero
1311 450 1493 504 anima
1525 449 1580 503 in
1612 463 1868 503 somnum
1895 447 2126 512 incidit,
2159 487 2168 510 λ

2273 446 2497 516 θλητὴν,
2530 447 2625 500 καὶ
2654 446 2756 516 τὴν
2789 442 3138 515 καλουμένην
3184 442 3447 511 ἀκηδίαν
3491 443 3789 516 ἐργάζεται
3809 465 3826 477 ·

547 564 778 608 somnus
809 555 992 601 autem
1029 552 1260 599 mortem
1303 541 1548 596 attrahit.
1583 541 1794 596 Idcirco
1836 548 1896 594 ut
1932 540 2136 595 contir-

547 654 729 699 metur
778 648 832 694 et
894 640 1291 693 corroboretur
1351 635 1626 704 Propheta
1684 633 1960 687 obsecrat.
2024 630 2141 686 Hoc

547 737 711 791 etiam
749 736 802 787 in
845 732 955 786 alio
996 729 1210 801 psalmo
1257 738 1510 798 precatur
1543 727 1733 783 dicens
1766 745 1779 779 :
1832 744 1851 777 ι
1886 726 2140 781 lllumira

550 826 741 882 oculos
772 838 926 878 meos
951 837 1018 877 ne
1058 835 1300 890 unquam
1342 818 1684 873 obdormiam
1733 818 1787 871 in
1822 827 2000 873 morte
2027 829 2087 883 c;
2116 836 2135 869 ι

556 920 645 974 ubi
677 926 962 988 peceatum
1005 923 1237 969 mortem
1281 910 1540 982 appellat.

624 1103 641 1120 '
677 1096 842 1154 Vens.
875 1098 970 1165 9.9,
1004 1097 1093 1150 50.
1134 1114 1153 1146 ι
1176 1092 1336 1148 Viam
1367 1092 1675 1162 iniquitatis
1715 1102 1906 1144 amove
1945 1104 1973 1143 a
2019 1104 2104 1143 me
2130 1128 2145 1153 ,

554 1201 609 1246 et
654 1192 769 1260 lege
802 1198 893 1243 tua
940 1189 1206 1242 miserere
1242 1185 1370 1240 mei.
1400 1183 1555 1238 Viam
1602 1181 1849 1237 veritatis
1883 1180 2019 1251 eli-gi
2048 1221 2062 1245 ,
2096 1190 2150 1234 et

552 1283 888 1353 iudiciorum
924 1290 1145 1333 tuorum
1194 1294 1303 1332 non
1348 1292 1470 1332 sum
1502 1274 1731 1330 oblitus.
1766 1292 1785 1325 ι
1828 1272 2148 1328 Necessaria

557 1384 642 1429 est
674 1375 838 1439 etiam
892 1373 1007 1426 haec
1055 1371 1321 1440 precatio.
1354 1371 1581 1437 Oportet
1611 1367 1757 1420 enim
1790 1380 1892 1421 nos
1924 1365 1991 1418 ab
2023 1363 2151 1417 uni-

558 1478 845 1520 versorum
883 1460 995 1516 Deo
1025 1461 1322 1531 implorare
1348 1460 1638 1521 auxilium,
1682 1465 1741 1510 ut
1771 1457 1840 1510 ab
1871 1454 2153 1526 injustitia:

560 1558 648 1610 via
686 1555 1083 1619 deﬂectamus,
1118 1563 1173 1608 et
1200 1553 1446 1607 veritatis
1476 1549 1688 1623 1m
1722 1550 1825 1604 iter
1855 1559 2149 1613 sectemur,

562 1657 616 1699 et
639 1654 952 1715 perpetuam
986 1643 1309 1696 memoriam
1334 1640 1428 1695 Dei
1451 1638 1891 1695 testunoniorum
1917 1639 2149 1693 cireum-

566 1739 838 1794 feramus.

2240 537 2593 610 χαυνουμένη
2635 535 2694 590 δέ
2737 536 2771 607 ἡ
2819 535 2968 606 ψυχὴ
2999 534 3092 588 τὸν
3128 533 3297 588 ’ύπνον
3329 534 3669 606 εἰσδέχεται·
3698 536 3730 588 ὁ
3768 536 3828 590 δέ

2242 631 2412 693 ὕπνος
2446 629 2645 698 ἐπάγει
2670 628 2764 681 τὸν
2791 627 3047 682 θάνατον.
3093 626 3297 699 Διόπερ
3340 625 3708 698 βεϐαιωθῆναι
3733 630 3831 681 καὶ

2245 722 2612 794 στηριχθῆναι
2645 721 2674 774 6
2702 721 2997 792 Προφήτης
3025 718 3318 773 ἀντιϐολεῖ.
3354 719 3529 772 Τοῦτο
3553 719 3609 773 δέ
3642 720 3738 773 xal
3770 720 3833 772 ἐν

2245 812 2418 883 ἑτέρῳ
2451 812 2559 881 ἔφη
2588 811 2819 881 ψαλμιῖν
2861 830 2879 862 ι
2915 810 3159 863 Φὼτισον
3184 811 3313 874 τοὺς
3349 809 3666 879 ὀφθαλμούς
3700 828 3830 879 μου,

2249 906 2461 975 μήποτε
2508 904 2746 957 ύπνώσω
2779 904 2861 967 είς
2893 900 3131 956 θάνατον
3151 917 3165 930 '
3203 921 3225 954 ι
3256 901 3491 956 θάνατον
3513 901 3615 973 τὴν
3645 904 3835 974 ἀμαρ-

2247 1000 2367 1054 τίαν
2395 998 2577 1053 καλῶν
2593 997 2661 1052 ⁸³.

2321 1088 2426 1153 κθ’,
2459 1088 2524 1141 λ’.
2567 1108 2585 1140 ι
2632 1088 2783 1142 Ὀδὺν
2820 1089 3037 1154 ἀδικίας
3071 1089 3381 1160 ἀπόστησον
3412 1089 3512 1143 ἀπ’
3543 1089 3679 1161 ἐμοῦ
3700 1132 3715 1155 ,
3741 1091 3841 1144 καὶ

2248 1180 2328 1251 τῷ
2375 1180 2527 1251 νόμῳ
2562 1196 2657 1234 σου
2687 1178 2913 1250 ἐλέησόν
2945 1197 3035 1249 με.
3092 1180 3243 1234 Ὀδὺν
3285 1180 3548 1251 ἀληθείας
3580 1181 3842 1251 ᾐρετισά-

2255 1290 2385 1344 μην,
2416 1271 2817 1343 τάκδκρίματά
2839 1287 2934 1326 σου
2967 1272 3070 1326 οὐκ
3101 1271 3511 1342 ἐπελαθόμην.»
3532 1272 3845 1340 ’Δναγκαία

2252 1365 2347 1418 καὶ
2381 1363 2520 1432 αὕτη
2553 1365 2586 1435 ή
2619 1364 2828 1435 δέησις.
2865 1366 3145 1435 Προσήκει
3170 1365 3280 1435 γὰρ
3308 1366 3465 1435 ἡμᾶς
3489 1367 3663 1418 αίτεῖν
3686 1364 3844 1434 παρά

2252 1456 2348 1510 τοῦ
2379 1456 2515 1511 Θεοῦ
2546 1457 2657 1511 τῶν
2688 1457 2831 1511 ὅλων
2863 1455 3145 1528 βοήθειαν,
3180 1457 3323 1513 ὥστε
3357 1458 3457 1528 τῆς
3488 1458 3710 1522 ἀδικίας
3744 1460 3843 1511 ἐκ·

2254 1547 2555 1620 τρέπεσθαι
2585 1549 2684 1618 τὴν
2713 1548 2853 1611 ὁδὸν,
2882 1550 2975 1601 καὶ
3012 1548 3110 1620 τὴν
3134 1548 3238 1618 τῆς
3262 1548 3526 1621 ἀληθείας
3553 1551 3845 1620 προαιρεῖ-

2259 1641 2384 1694 σθαι
2415 1641 2665 1710 πορείαν,
2698 1642 2793 1693 καὶ
2837 1640 3073 1711 ἀληστον
3103 1642 3394 1713 ἐπιφέρειν
3438 1642 3550 1695 τῶν
3578 1640 3673 1696 τοῦ
3703 1639 3846 1695 Θεοῦ

2261 1732 2581 1804 μαρτυρίων
2601 1731 2701 1803 τήν
2732 1734 2839 1804 μνή
2850 1746 2978 1804 μην.

643 1831 807 1886 Vens.
844 1830 933 1884 5|.
973 1848 991 1881 ι
1027 1826 1245 1883 Adhazsi
1301 1824 1635 1880 testimoniis
1689 1824 1829 1888 tuis,
1872 1823 2104 1877 Domine
2133 1861 2147 1886 ,

2321 1825 2423 1879 λα’.
2464 1842 2482 1875 ι
2511 1825 2849 1897 Ἐκολλήθην
2881 1829 2996 1890 τοῖς
3031 1827 3357 1896 μαρτυρίοις
3386 1844 3506 1894 σου,
3531 1827 3733 1899 Κύριε,
3769 1828 3846 1897 μή

568 1924 681 1978 noli
709 1938 797 1977 me
818 1920 1181 1976 confundere.
1220 1938 1238 1972 ι
1278 1916 1397 1971 Non
1428 1916 1753 1987 simpliciter
1783 1914 1917 1969 dixit
1950 1932 1963 1970 :
1998 1914 2156 1969 Seca-

571 2026 655 2070 tus
684 2032 836 2079 sum,
872 2016 967 2069 sed
1004 2012 1206 2067 adhwsi
1236 2052 1251 2077 ,
1285 2012 1390 2065 hoc
1421 2020 1504 2065 est
1538 2025 1605 2064 ne
1638 2010 1910 2063 tantillum
1937 2009 2153 2079 quidem

571 2109 639 2161 ab
666 2106 811 2160 hisce
836 2120 1010 2159 meam
1037 2111 1275 2157 mentem
1305 2100 1608 2173 segregavi.
1635 2099 1904 2153 Caeterum
1929 2098 2155 2168 expetit,

570 2207 634 2252 ut
661 2195 984 2267 huiusmodi
1012 2193 1241 2249 allectus
1273 2191 1510 2246 fructum
1553 2190 1857 2260 percipiat:
1899 2189 2157 2243 nimirum

573 2301 633 2346 ut
669 2290 875 2344 nullam
915 2286 1277 2358 ignominiam
1315 2287 1589 2339 incurrat.

647 2383 817 2439 Vens.
850 2383 942 2437 '52.
983 2400 1002 2435 ι
1038 2380 1194 2435 Viam
1228 2380 1613 2434 mandatorum
1648 2387 1869 2432 tuorum
1906 2376 2163 2437 cucurri,

575 2494 702 2534 cum
749 2476 995 2530 dilatasti
1033 2489 1131 2528 cor
1173 2488 1381 2528 meum.
1425 2491 1443 2523 ›
1500 2470 1745 2540 Utroque
1785 2485 1923 2540 opus
1966 2477 2081 2530 est,
2115 2475 2170 2519 et

577 2580 768 2625 nostra
800 2567 966 2621 animi
1001 2564 1465 2638 promptitudine,
1500 2571 1554 2616 et
1588 2562 1682 2615 Dei
1716 2560 1942 2616 auxilio.
1981 2557 2169 2627 Neque

579 2664 725 2716 enim
752 2660 936 2715 divina
966 2658 1138 2729 gratia
1166 2659 1369 2714 bonam
1401 2655 1743 2710 alacritatem
1775 2669 1882 2707 non
1918 2651 2171 2707 babenti-

581 2756 684 2809 bus
727 2755 934 2807 datur:
982 2766 1161 2820 neque
1211 2750 1451 2811 humana
1493 2755 1690 2801 natura
1726 2747 1933 2816 absque
1962 2742 2172 2800 caelesti

583 2847 795 2903 auxilio
828 2846 1087 2899 virtutem
1122 2841 1386 2912 consequi
1436 2850 1631 2911 potest.
1674 2839 1788 2894 lloe
1820 2848 1873 2893 et
1900 2836 2173 2908 Propheta

583 2941 791 2997 docet:
856 2937 1241 2993 Mandatorum
1300 2944 1521 2989 tuorum
1579 2932 1723 2987 viam
1775 2932 1893 2986 sine
1946 2928 2177 2998 impedi-

585 3043 771 3090 mento
810 3030 1066 3095 cucurri,
1104 3043 1304 3083 cursus
1349 3025 1669 3082 facilitatem
1717 3039 1747 3077 a
1796 3032 1848 3078 te
1881 3022 2175 3091 accipiens.

584 3122 949 3181 Latitudinem
975 3120 1122 3176 enim
1157 3118 1476 3189 facilitatem
1513 3115 1750 3169 vocavit.
1789 3111 1849 3167 Et
1892 3112 2020 3166 alibi
2057 3111 2176 3165 ait:

2263 1933 2330 1986 με
2354 1914 2751 1987 καταισχύνῃς.
2796 1934 2815 1967 ι
2855 1917 2969 1986 Οὐχ
2997 1915 3185 1981 ἁπλῶς
3220 1912 3398 1981 εἶπεν,
3427 1917 3848 1986 ἡκς-λούθησα,

2260 2008 2377 2062 ἀλλ’
2398 2008 2768 2076 ἐκολλήθην,
2787 2009 3091 2073 τουτέστιν,
3112 2009 3235 2061 ούδέ
3262 2010 3402 2081 πρὸς
3432 2009 3608 2081 βραχὺ
3638 2012 3853 2066 τούτων

2263 2102 2505 2173 ἐχώρισα
2535 2102 2629 2156 τὸν
2653 2101 2895 2172 ἐμαυτοῦ
2939 2101 3221 2173 λογισμόν.
3258 2105 3423 2174 Ζητεῖ
3466 2104 3524 2158 δὲ
3570 2105 3853 2175 τρυγῆσαι

2261 2197 2364 2265 τῆς
2417 2193 2755 2266 τοσαύτης⁸⁸
2813 2194 3110 2258 διαθέσεως
3157 2194 3394 2266 καρπὸν,
3452 2197 3515 2251 τὸ
3572 2199 3854 2271 μηδεμίας

2268 2290 2466 2360 πεῖραν
2497 2287 2764 2359 αἰσχύνης
2791 2287 3000 2341 λαϐεῖν.

2336 2384 2438 2454 λβ⁹.
2480 2401 2499 2434 ι
2534 2381 2686 2436 Ὀδὸν
2712 2382 2946 2436 ἐντολῶν
2974 2399 3069 2436 σου
3095 2382 3356 2455 ἔδραμον,
3386 2385 3517 2439 ὃταν
3545 2384 3856 2452 ἐπλάτυνας

2269 2476 2500 2547 καρδίαν
2531 2492 2658 2545 μου.
2685 2492 2706 2526 ι
2738 2475 3094 2545 ’Δμφοτέρων
3118 2476 3300 2546 χρεία,
3327 2476 3422 2529 καὶ
3454 2475 3553 2546 τῆς
3576 2476 3858 2547 ἡμετέρας

2272 2566 2604 2638 προθυμίας,
2639 2566 2733 2619 καὶ
2762 2564 2864 2635 τῆς
2888 2565 2984 2619 τοῦ
3015 2566 3153 2620 Θεοῦ
3190 2567 3550 2637 προμηθείας.
3583 2566 3724 2623 Οΰτε
3748 2564 3860 2640 γὰρ

2271 2662 2304 2731 ἡ
2343 2659 2465 2712 θεία
2508 2658 2669 2729 χάρις
2713 2658 2919 2712 δίδοται
2961 2661 3075 2721 τοῖς
3120 2659 3217 2729 τὴν
3264 2660 3478 2731 ἀγαθὴν
3526 2662 3628 2715 οὐκ
3673 2661 3860 2731 ἔχουσι

2276 2752 2617 2826 προθυμίαν·
2659 2750 2785 2806 οὔτε
2830 2752 3149 2825 ἀνθρωπεία
3188 2754 3353 2822 φύσις
3386 2755 3592 2826 ἀρετὴν
3633 2755 3862 2809 δύναται

2276 2843 2625 2915 κατορθῶσαι
2658 2842 2782 2915 δίχα
2806 2843 2909 2915 τῆς
2940 2843 3152 2899 ἀνωθεν
3179 2844 3456 2917 βοηθείας.
3492 2844 3671 2900 Τοῦτο
3701 2846 3801 2900 καὶ
3835 2848 3864 2899 ὀ

2278 2938 2572 3009 Προφήτης
2616 2937 2887 3004 διδάσκει,
2934 2940 3017 2993 ὅτι
3060 2938 3180 2992 Τῶν
3213 2938 3444 2994 ἐντολῶν
3477 2956 3570 2993 σου
3598 2940 3701 3010 τὴν
3746 2940 3865 2994 ὁδὸν

2281 3027 2504 3099 ἔτρεχον
2530 3027 2833 3091 ἀκωλύτως
2856 3070 2871 3094 ,
2907 3028 3063 3101 παρά
3090 3030 3187 3083 σοῦ
3212 3029 3511 3100 λαμδάνων
3536 3030 3632 3085 τοῦ
3657 3032 3865 3104 δρόμου

2282 3122 2383 3193 τὴν
2414 3120 2688 3175 εὐκολίαν.
2731 3122 3090 3189 [Mazaeum
3121 3124 3232 3193 γὰρ
3260 3123 3362 3192 τὴν
3394 3124 3688 3179 εὐκολίαν
3732 3127 3867 3181 ἐκάο

594 3235 612 3264 σ
645 3215 702 3269 In
749 3212 1099 3268 tribulatione
1152 3185 1394 3279 amplum
1442 3205 1578 3260 mihi
1621 3202 1802 3258 fecisti
1852 3202 2030 3255 locum
2068 3198 2116 3253 ά.
2151 3217 2168 3250 ι

2280 3185 2425 3266 λε’σε.
2475 3213 2586 3265 Kal
2628 3211 2867 3283 ἀλλαχοῦ
2903 3185 3094 3283 φησιν·
3133 3185 3173 3266 ἰ
3202 3185 3526 3284 ’Ἐν-θλίψει
3561 3216 3872 3282 ἐπλάτυνάς

590 3307 659 3362 l-It
688 3320 884 3360 rursus
909 3321 922 3357 :
962 3323 980 3354 ι
1010 3301 1260 3355 Dilatasti
1288 3313 1511 3370 gressus
1539 3310 1692 3351 meos
1722 3294 1827 3349 sub
1852 3308 1958 3358 me,
1990 3300 2044 3345 et
2069 3306 2175 3344 non

593 3398 722 3447 sunt
749 3388 1023 3443 inﬁrmata
1053 3384 1282 3454 vestigia
1308 3399 1429 3437 mea
1455 3393 1497 3434 '.
1530 3400 1549 3434 ι

665 3480 940 3539 Vens.33.
974 3498 993 3532 ι
1026 3478 1225 3547 Legem
1258 3492 1396 3547 pone
1425 3475 1581 3539 mihi,
1608 3473 1859 3534 Domine,
1912 3471 2056 3525 viam
2086 3470 2178 3541 ju-

598 3572 991 3629 stiiicationum
1034 3577 1274 3632 tuarum,
1309 3574 1363 3620 et
1394 3565 1677 3634 exquiram
1727 3579 1846 3618 eam
1888 3577 2120 3631 semper.
2156 3578 2176 3612 ι

596 3663 787 3737 Legem
831 3678 964 3733 pone
1006 3658 1371 3732 Symmachus
1414 3662 1629 3711 ostende
1667 3656 1842 3710 dixit:
1891 3653 2086 3724 Aquila
2131 3660 2184 3706 et

597 3753 925 3819 TheodOtio,
945 3752 1184 3807 illustre.
1212 3750 1461 3819 Semper,
1484 3746 1681 3818 inquit,
1702 3745 2068 3801 illustratione
2092 3753 2182 3798 tua

601 3846 826 3915 tuisque
862 3838 1324 3913 praeceptionihus
1359 3837 1597 3909 indigeo,
1639 3845 1699 3891 ut
1727 3835 2181 3907 justiﬁeationum

602 3947 818 3993 tuarum
847 3936 992 3990 viam
1020 3947 1373 4005 cognoscam,
1402 3940 1457 3985 et
1480 3931 1622 3985 hanc
1650 3930 1769 3986 sine
1794 3929 2185 3999 impedimento

600 4032 891 4088 decurram
903 4066 915 4081 .

681 4123 847 4179 Vens.
868 4121 963 4176 '54.
1004 4137 1024 4171 ι
1046 4118 1120 4173 Da
1152 4118 1285 4175 mihi
1321 4116 1679 4182 intellectum,
1708 4124 1764 4170 et
1790 4115 2077 4171 scrutabor
2107 4114 2186 4168 le-

604 4231 725 4287 gem
766 4226 949 4278 tuam,
991 4220 1047 4267 et
1078 4209 1385 4265 custodiam
1424 4209 1574 4263 illam
1612 4216 1730 4264 toto
1774 4207 1939 4263 corde
1979 4221 2123 4262 meo.
2162 4225 2182 4259 ι

606 4310 672 4365 Ει
702 4307 972 4364 Dominus
993 4345 1010 4372 ,
1038 4314 1099 4358 ut
1145 4303 1460 4374 Seripturas
1505 4309 1951 4373 perscrutemur,
1984 4299 2186 4372 jussit:

606 4401 703 4457 sed
735 4396 1210 4472 perscrutantibus
1237 4395 1446 4451 caelesti
1484 4394 1690 4449 lumine
1719 4409 1858 4463 opus
1889 4401 2015 4457 est,
2046 4402 2107 4448 ut
2134 4402 2189 4447 et

608 4492 888 4549 inveniant
926 4489 1061 4545 illud
1094 4487 1242 4560 quod
1284 4487 1550 4558 quaeritur
1573 4525 1590 4554 ,
1625 4485 1836 4559 1M7
1873 4495 1930 4540 et
1965 4500 2193 4541 conser-

607 4594 736 4640 vent
766 4582 915 4653 quod
950 4589 1239 4651 ceperunt.

681 4672 850 4730 Vens.
883 4674 979 4729 55.
1038 4691 1057 4725 ι
1090 4672 1275 4727 Deduc
1307 4686 1394 4726 me
1422 4671 1478 4725 in
1510 4668 1764 4725 semitam
1803 4666 2188 4722 mandatorum

612 4778 834 4824 tuorum
866 4767 996 4838 quia
1028 4766 1201 4836 ipsam
1230 4764 1400 4820 volui.
1438 4782 1458 4817 ι
1514 4761 1632 4818 Non
1676 4760 2007 4831 simpliciter
2045 4761 2191 4816 eilia-

614 4860 773 4932 gitat,
820 4865 883 4913 ut
928 4859 1314 4914 universorum
1366 4855 1538 4911 Deum
1582 4854 1784 4909 habeat
1814 4852 2045 4920 ducem,
2098 4851 2193 4908 sed

615 4962 849 5007 ostenso
877 4949 1135 5023 propensi
1172 4948 1341 5003 animi
1378 4945 1672 5002 desiderio.

689 5042 859 5101 Vens.
948 5036 1117 5099 56.‘«
1157 5041 1363 5097 Inclina
1413 5054 1511 5095 cor
1551 5052 1732 5094 meum
1778 5036 1834 5091 in
1878 5033 2193 5092 testimonia

619 5147 735 5203 tua,
770 5146 825 5191 et
876 5151 984 5189 non
1027 5134 1082 5188 in
1133 5132 1445 5187 avaritiam.
1488 5148 1508 5183 ι
1557 5133 1833 5200 Aquarum
1888 5135 2086 5183 natura
2136 5126 2193 5181 in

618 5229 857 5300 proclive
893 5229 1021 5283 ferri
1054 5226 1214 5289 solet,
1264 5233 1322 5279 et
1370 5225 1414 5277 si
1448 5237 1607 5291 quem
1645 5222 1853 5276 exitum
1901 5221 2190 5291 invenerit,

690 5394 715 5425 ι
749 5384 895 5440 Psal.
932 5395 1035 5450 xu,
1072 5386 1126 5435 ‘5.
1201 5381 1227 5422 δ
1260 5383 1405 5437 Psal.
1439 5399 1510 5449 ιν,
1544 5384 1593 5438 l.
1672 5396 1697 5424 ο
1734 5384 1876 5440 Psal.
1912 5402 2045 5449 ml.
2072 5385 2165 5442 36.

2282 3321 2392 3374 μοι.
2438 3323 2456 3354 ι
2493 3304 2603 3357 Καὶ
2645 3303 2844 3357 πάλινο
2882 3323 2901 3356 ι
2933 3305 3277 3370 Ἐπλάτυνας
3309 3306 3382 3359 τὰ
3408 3307 3732 3377 διαδήματα
3769 3325 3872 3379 μου

2280 3396 2541 3449 ὑποκάτω
2575 3413 2702 3465 μου,
2732 3400 2828 3451 καὶ
2854 3398 2954 3450 οὐκ
2986 3398 3295 3467 ἠσθένησαν
3327 3400 3397 3454 τὰ
3433 3399 3552 3471 ἴχνη
3586 3416 3713 3469 μου.
3739 3419 3761 3453 ι

2351 3488 2453 3555 λ·,·’.
2492 3506 2510 3539 ι
2545 3488 2930 3559 Νομοθέτησόν
2960 3508 3029 3560 με
3052 3490 3121 3556 ⁸⁵⁸,
3158 3490 3355 3562 Κύριε,
3389 3491 3489 3562 τὴν
3514 3491 3634 3545 ὁδὸν
3663 3490 3781 3545 τῶν
3801 3494 3876 3547 δι-

2283 3580 2615 3651 καιωμάτων
2657 3598 2774 3643 σου,
2817 3583 2915 3636 καὶ
2952 3580 3248 3654 ἐκζητήσω
3275 3584 3450 3654 αὐτὴν
3480 3586 3804 3651 διαπαντός.
3853 3606 3872 3640 ι

2283 3674 2356 3725 Τὸ
2403 3669 2815 3741 νομοθέτησον
2861 3675 2890 3728 ὁ
2938 3674 3237 3746 Σύμμαχος
3293 3674 3627 3743 ὑπόδειξον
3676 3674 3839 3733 εἶπεν
3860 3697 3873 3712 ·

2296 3764 2531 3829 Ἀκύλας
2564 3766 2660 3819 καὶ
2681 3766 3001 3834 Θεοδοτίων,
3036 3768 3338 3838 φώτισονο
3358 3769 3678 3837 διαπαντὸς,
3718 3775 3870 3844 φησὶ,

2285 3858 2385 3927 τῆς
2421 3858 2520 3929 σῆς
2564 3857 2762 3930 δέομαι
2804 3861 3177 3930 φωταγωγίας
3216 3862 3312 3915 καὶ
3338 3862 3691 3933 νομοθεσίας,
3734 3863 3874 3916 ὥστε

2287 3955 2382 4006 καὶ
2420 3954 2630 4021 γνῶναι
2678 3954 2790 4008 τῶν
2838 3954 3233 4026 δικαιωμάτων
3282 3972 3378 4011 σου
3430 3958 3532 4028 τὴν
3579 3958 3725 4025 ὁδὸν,
3786 3958 3880 4013 καὶ

2286 4044 2492 4116 ταύτην
2525 4045 2823 4111 ἀκωλύτως
2853 4045 3081 4102 ὁδεύειν.

2358 4137 2454 4191 λδ¹.
2485 4156 2505 4189 ι
2536 4138 2825 4192 Συνέτισόν
2857 4156 2948 4208 με,
3008 4140 3105 4194 ral
3138 4140 3542 4211 ἐξιρευνήσω³⁷
3589 4141 3687 4196 τὸν
3717 4143 3885 4211 νόμον

2290 4247 2383 4283 σου
2406 4246 2420 4260 ·
2453 4230 2551 4283 καὶ
2576 4230 2802 4299 φυλάξω
2846 4231 3012 4285 αὐτὸν
3041 4234 3098 4285 ἐν
3132 4233 3228 4304 ὅλῃ
3256 4234 3456 4305 καρδίᾳ
3492 4252 3615 4305 μου.
3662 4253 3681 4286 ι
3720 4237 3834 4288 Kal
3858 4236 3886 4286 ὁ

2290 4319 2497 4393 Κύριος
2534 4321 2873 4393 προσέταξεν
2903 4323 3257 4396 ὲξερευνᾷν⁸⁹
3301 4327 3399 4389 τὰς
3437 4324 3698 4396 Γραφάςο
3746 4327 3888 4380 ἀλλά

2289 4413 2404 4475 τοῖς
2437 4414 2706 4484 ἐρευνῶσι
2746 4415 2906 4487 χρεία
2935 4416 3035 4484 τῆς
3063 4415 3275 4470 ἀνωθεν
3306 4415 3524 4488 αἴγλης,
3552 4418 3640 4469 ῖνα
3673 4418 3774 4471 καὶ
3800 4416 3891 4472 εύ-

2297 4520 2432 4574 ρωσι
2466 4503 2529 4557 τδ
2558 4504 2919 4575 ζητούμενον,
2951 4506 3047 4561 xal
3067 4506 3347 4577 φυλάξωσι
3382 4508 3443 4561 τὸ
3467 4507 3818 4580 θηρώμενον.

2368 4675 2461 4734 λε’.
2504 4697 2523 4731 ι
2566 4679 2865 4753 Ὀδήγησόν
2896 4700 2964 4752 με
2995 4681 3054 4737 ἐν
3084 4685 3151 4753 τῇ
3181 4683 3353 4754 τρίϐῳ
3372 4684 3483 4737 τῶν
3508 4683 3745 4737 ἐντολῶν
3770 4702 3889 4750 σου,

2294 4772 2375 4826 ὅτι
2398 4769 2567 4840 αὐτὴν
2595 4772 2857 4845 ἠθέλησα.
2900 4793 2920 4827 ι
2972 4776 3087 4846 Ούχ
3116 4775 3305 4840 ἁπλῶς
3328 4778 3470 4830 αίτεί
3502 4775 3769 4845 γενέσθαι
3795 4795 3892 4831 πο-

2295 4862 2461 4933 δηγὸν
2489 4863 2655 4917 αὑτοῦ
2702 4864 2796 4919 τὸν
2838 4865 2953 4921 τῶν
2992 4865 3133 4923 ὅλων
3174 4868 3340 4922 Θεόνο
3372 4867 3510 4924 ἀλλὰ
3537 4867 3762 4934 δεικνὺς
3794 4871 3891 4940 τῆς

2300 4951 2531 5022 πορείας
2562 4952 2655 5006 τὸν
2676 4953 2861 5010 πόθον.

2370 5040 2481 5107 λς’.
2519 5060 2539 5094 ι
2572 5042 2771 5098 Κλῖνον
2818 5047 2917 5116 τὴν
2960 5047 3190 5119 καρδίαν
3231 5066 3332 5120 μου
3369 5049 3450 5112 είς
3488 5048 3561 5102 τὰ
3607 5046 3891 5121 μαρτύριά

2303 5152 2423 5202 σου,
2463 5136 2561 5190 καὶ
2594 5136 2668 5206 μὴ
2694 5138 2774 5200 είς
2796 5136 3129 5202 πλεονεξίαν.
3166 5157 3187 5191 ι
3241 5137 3361 5192 Ἐπὶ
3392 5139 3454 5192 τὸ
3487 5138 3698 5209 πρανὲς
3732 5140 3894 5209 φέρι·

2303 5226 2427 5281 σθαι
2459 5227 2671 5296 πέφυκε
2694 5226 2805 5281 τῶν
2838 5229 3046 5285 ὑδάτων
3085 5234 3125 5302 ἡ
3161 5230 3323 5299 φύσις
3344 5246 3359 5263 '
3392 5232 3499 5286 κάν
3531 5248 3681 5297 τινος
3708 5230 3898 5286 ἐπιλά-

1724 5523 1956 5581 VARIE
1989 5524 2375 5582 LECTIONES
2397 5524 2485 5582 ET
2516 5525 2752 5583 ΝΟΤᾹΞ.

615 5689 662 5725 ,ι
690 5622 741 5656 ⁸³
780 5631 908 5700 Τήν
940 5633 1153 5701 ἀμαρτ.
1185 5630 1409 5688 καλῶν.
1466 5632 1588 5686 Des.
1630 5634 1685 5688 in
1719 5634 1846 5689 eod.
1880 5636 1932 5688 i.
2009 5637 2056 5668 at
2100 5640 2168 5691 Ta

710 5697 1043 5754 Toa’mimc.
1086 5704 1207 5754 cod.
1255 5706 1280 5754 1
1316 5702 1595 5754 τοιαύτης.
1672 5704 1719 5735 ³⁸
1752 5705 1973 5754 Νοαοθ.
2019 5722 2112 5754 ιιε,
2158 5707 2168 5754 ]

2271 5636 2547 5695 πέπελαθ.
2592 5639 2759 5694 Hebr.
2796 5637 2865 5693 Et
2892 5640 3109 5707 judicia"
3133 5648 3224 5695 tua
3254 5644 3411 5711 posui
3444 5659 3524 5697 se.
3569 5652 3757 5698 coram
3791 5657 3898 5695 me.

2271 5721 2326 5754 ll‘.
2373 5708 2574 5754 Doceat
2605 5725 2707 5754 me-
2781 5709 2826 5742 ⁸⁷
2882 5710 3072 5754 Ἐἶρα
3105 5712 3267 5754 "olm
3310 5714 3527 5754 κηποι.
3623 5712 3674 5747 οδ
3714 5715 3840 5754 a~n.l_
3866 5711 3891 5754 l

757 5704 1043 5780 οςαύτης.
1086 5704 1207 5760 cod.
1255 5706 1280 5758 i
1316 5704 1595 5773 τοιαύτης.
1672 5704 1719 5735 ³⁸
1752 5705 1973 5772 Νομοθ.
2013 5722 2112 5775 με.
2158 5707 2168 5759 1

2271 5721 2326 5759 υτ.
2370 5708 2574 5763 ουσιαι
2604 5725 2707 5763 me.
2781 5709 2826 5742 "
2882 5704 3073 5780 Ἔξερ.
3105 5704 3271 5767 ἰιοιιινζ
3309 5714 3544 5769 servabo.
3623 5712 3674 5747 ⁸³
3714 5715 3842 5768 eod.
3866 5711 3893 5765 1

623 5768 651 5819 ἐ
662 5770 883 5839 ρευνᾷν.
