4128 6456
408 379 546 444 1833
1732 380 1814 444 IN
1852 381 2061 443 PSAL.
2101 378 2370 440 CXVIII.
3548 376 3692 442 1834

401 492 567 562 σηται
593 490 853 560 διεξόδου,
888 491 1065 545 ἐκεῖσε
1101 492 1248 545 πᾶσα
1280 492 1467 562 χωρεῖ.
1500 489 1657 547 Οὕτω
1693 493 1787 545 τοῦ
1817 491 2001 545 διαδό-

2056 498 2074 552 ι
2110 488 2242 543 illuc
2280 496 2392 542 tota
2422 486 2652 543 confluit
2687 505 2699 542 :
2745 488 2826 543 sic
2856 488 3074 545 diabolo
3107 497 3331 559 peccato
3367 489 3508 544 viam
3538 505 3686 545 rese-

399 587 496 639 λου
533 585 631 656 τὴν
663 585 758 638 ἐπὶ
790 585 890 654 τὴν
938 584 1216 655 ἁμαρτίαν
1254 584 1372 638 ὁδὸν
1417 583 1783 648 διανοίξαντος
1799 582 1844 613 ⁸⁸
1887 581 1997 634 τῶν

2105 588 2282 642 rante,
2323 579 2608 633 hominum
2646 588 2841 634 natura
2885 581 2939 634 in
2986 580 3145 651 pejus
3183 580 3378 651 vergit.
3422 581 3560 635 llinc
3597 583 3689 635 ad-

400 676 714 750 ἀνθρὼπων
745 675 980 749 ἔρρεψεν
1015 676 1108 728 ἐπὶ
1144 673 1206 726 τὸ
1235 676 1415 745 χεῖρον
1434 675 1480 708 ⁹⁰
1511 677 1545 744 ἡ
1571 673 1754 745 φύσις.
1785 674 2000 744 Σφόδρα

2101 672 2325 726 modum
2350 683 2718 742 congruenter
2750 672 3019 741 PrOpbeta
3038 678 3294 741 precatur
3339 682 3397 726 ut
3427 674 3479 727 in
3509 672 3690 727 divina

399 768 586 822 τοίνυν
615 769 644 820 6
688 767 989 838 Προφήτης
1029 765 1305 836 ἁρμοδίως
1348 764 1621 820 ἀντιϐολεῖ
1661 766 1753 820 ἐπὶ
1789 764 1856 817 τὰ
1881 764 2000 817 θεῖα

2102 766 2413 820 testimonia
2448 780 2543 820 cor
2580 764 2897 828 inclinetur,
2955 778 3060 820 nec
3102 765 3155 818 in
3198 765 3425 819 alteram
3480 772 3691 835 partem

406 858 690 930 μαρτύρια
724 858 824 928 τὴν
854 857 1083 928 καρδίαν
1116 856 1386 927 κλιθῆναι,
1428 858 1524 910 καὶ
1557 857 1658 927 τῆς
1691 856 1784 910 ἐπὶ
1814 856 1875 909 τὸ
1902 854 2000 907 06t-

1231 858 1386 927 ιῆναι,
1428 858 1524 910 καὶ
1557 857 1658 927 τῆς
1691 856 1784 910 ἐπὶ
1814 856 1875 909 τὸ
1902 854 2000 907 06t-
2104 859 2309 929 impetu
2345 858 2583 929 quodam
2630 857 2861 914 feratur.

399 968 562 1021 τερον
577 950 622 981 ’³
654 950 754 1020 τὴν
779 953 978 1021 πεῖραν
1009 948 1314 1018 διαφυγεῖν.

476 1042 576 1107 λζ’.
617 1062 636 1095 ι
689 1041 1060 1113 Ἀπόστρεψον
1096 1043 1227 1105 τοὺς
1269 1039 1588 1112 ὀφθαλμούς
1631 1057 1756 1111 μου,
1791 1038 1888 1093 τοῦ
1927 1039 2002 1111 μὴ

2108 1045 2119 1075 τ
2176 1037 2342 1093 Vens.
2379 1039 2472 1094 57.
2509 1058 2525 1088 ι
2570 1038 2771 1093 Averte
2802 1039 2995 1094 oculos
3022 1053 3196 1103 meos,
3233 1055 3302 1094 ne
3347 1040 3569 1095 videant
3595 1055 3693 1093 va-

405 1136 534 1187 ίδείν
570 1133 933 1203 ματαιότητα.
973 1150 992 1182 ›
1048 1133 1159 1184 Καὶ
1188 1130 1446 1200 μάταιόν
1488 1134 1606 1184 ἐστι
1645 1131 1706 1184 τὸ
1746 1130 1999 1202 ἀκερδὲς,

2106 1128 2356 1182 nitatem.
2394 1146 2412 1179 ι
2460 1128 2715 1193 Vanitas,
2762 1131 2908 1199 quod
2955 1130 3149 1185 inutile
3192 1139 3246 1185 et
3295 1131 3523 1186 stultum
3572 1142 3689 1195 est,

399 1227 499 1279 καὶ
520 1225 782 1296 ἀνόνητον
801 1241 814 1255 ·
850 1224 1082 1277 τοιαῦτα
1117 1222 1174 1276 δὲ
1200 1223 1271 1277 τὰ
1305 1223 1572 1277 δοκοῦντα
1602 1222 1696 1277 τοῦ
1729 1222 1848 1294 βίου
1875 1240 2002 1293 τερ--

2106 1218 2726 1290 voeatur.-llujusmodi
2760 1236 2893 1275 vero
2935 1230 3061 1276 sunt
3091 1237 3151 1276 ca
3211 1239 3332 1290 qum
3375 1224 3427 1277 in
3470 1225 3575 1279 vita
3602 1225 3692 1295 ju-

400 1316 536 1370 πνά.
581 1314 773 1378 Οὕτως
816 1315 956 1368 αὐτὰ
1005 1315 1101 1367 καὶ
1142 1316 1171 1366 ὁ
1214 1314 1377 1382 σοφὸς
1418 1313 1672 1385 Σολομῶν
1719 1314 1998 1385 ὀνομάζει,

2106 1314 2287 1367 cunila
2309 1312 2582 1366 videntur.
2617 1314 2707 1368 Sic
2742 1314 2855 1367 lucc
2885 1323 2940 1368 et
2970 1316 3192 1382 sapiens
3217 1316 3476 1371 Salomon
3510 1318 3690 1372 nomi-

407 1424 426 1456 ι
464 1407 784 1476 Ματαιότης
834 1406 1239 1476 ματαιοτήτων,
1280 1406 1350 1459 τὰ
1391 1406 1572 1460 πάντα
1617 1407 1936 1477 ματαιότης.
1976 1426 1994 1458 ι

2107 1413 2201 1457 nat
2232 1422 2246 1459 :
2286 1422 2304 1454 ι
2341 1401 2569 1457 Vanitas
2601 1405 2928 1466 vanitatnm,
2963 1415 3016 1457 ct
3047 1406 3229 1460 omnia
3265 1406 3475 1464 vanitas
3505 1408 3547 1462 τ.
3574 1428 3594 1459 ι
3628 1410 3692 1462 Et

400 1498 515 1550 Kal.
536 1498 948 1568 διηγησάμενος
974 1499 1122 1561 ὅπως
1147 1498 1502 1569 ᾠκοδόμησεν
1522 1500 1724 1563 οἰκίας,
1752 1499 1849 1553 καὶ
1873 1498 2004 1568 ἐφύ-

2104 1510 2230 1551 cum
2285 1493 2613 1550 enarrasset
2669 1500 2947 1567 quomodo
3000 1500 3146 1552 mdes
3200 1501 3585 1567 aedificaverit,
3638 1514 3695 1556 et

399 1611 564 1667 τευσε
598 1594 987 1665 παραδείσους,
1020 1594 1115 1646 καὶ
1139 1592 1518 1647 κατεσκεύασε
1542 1595 1587 1634 θ’
1615 1593 2004 1665 κολυμϐήθρας

2104 1590 2411 1643 conseverit
2445 1589 2657 1652 hortos,
2677 1600 2731 1641 et
2762 1590 2949 1644 fecerit
2973 1592 3215 1657 piscinas
3246 1607 3534 1661 aquarum,
3567 1594 3696 1649 sub—

400 1687 615 1741 ὑδάτων
631 1686 700 1752 ⁸³,
733 1687 1046 1758 ἐπήγαγενο
1080 1703 1100 1735 ‹
1147 1685 1261 1738 Καὶ
1303 1686 1415 1739 ἰδοὺ
1459 1685 1640 1738 πάντα
1675 1685 1999 1756 ματαιότης,

2104 1681 2285 1735 didit:
2325 1699 2342 1732 ι
2387 1680 2446 1733 Et
2482 1697 2607 1735 erce
2642 1683 2830 1735 omnia
2872 1684 3109 1748 vanitas,
3159 1696 3212 1739 et
3261 1686 3481 1740 afﬂictio
3533 1687 3695 1756 spiri-

400 1780 499 1832 καὶ
538 1778 861 1849 προαίρεσις
897 1776 1235 1847 πνεύματος.
1265 1796 1284 1827 ι
1324 1776 1579 1831 Ἱκετεύει
1607 1778 1789 1832 τοίνυν
1808 1781 1836 1832 6
1865 1779 2005 1847 Προ-

2108 1781 2197 1826 tus
2225 1774 2270 1824 ε.
2313 1790 2332 1823 ›
2381 1769 2660 1840 Sttpplicat
2691 1772 2858 1839 igitur
2897 1774 3169 1842 Pl‘OpllNa
3235 1786 3293 1828 ut
3323 1777 3523 1832 mentis
3550 1779 3694 1833 oculi

401 1871 585 1942 (ξήτης
637 1871 717 1932 εἰς
760 1869 953 1939 ἑτέραν
1000 1869 1239 1939 θεωρίαν
1287 1870 1449 1940 ῥέψαι
1496 1871 1599 1940 τῆς
1648 1871 1888 1934 διανοίας
1931 1871 2000 1926 τὰ

2065 1891 2074 1938 ι
2109 1864 2160 1918 in
2194 1863 2357 1917 aliam
2407 1863 2928 1932 contemplationem
2980 1874 3229 1936 vergant.
3264 1876 3317 1919 et
3353 1883 3422 1922 nc
3450 1884 3695 1938 praesen-

399 1960 652 2029 ὖμματα,
683 1961 778 2013 καὶ
808 1963 875 2031 τῇ
907 1961 1019 2013 τῶν
1053 1961 1340 2031 παρόντων
1386 1962 1716 2033 ματαιότητι
1764 1962 1840 2035 μὴ
1879 1962 2001 2016 θελ-

2107 1956 2242 2010 tium
2298 1972 2485 2010 rerum
2536 1957 2780 2011 vanitate
2829 1957 3269 2015 demulceantur.
3308 1979 3326 2013 ι
3366 1958 3424 2015 ln
3470 1962 3557 2017 via
3605 1971 3693 2018 tua

400 2056 624 2126 χθῆναι.
660 2075 680 2106 ι
702 2056 791 2109 Ἐν
815 2058 880 2125 τῇ
913 2055 1016 2125 ὁδῷ
1049 2073 1142 2108 σου
1170 2056 1335 2127 ζῆσόν
1370 2074 1455 2128 με.
1488 2076 1505 2107 ι
1534 2057 1691 2111 Κατὰ
1717 2058 1842 2121 τοὺς
1874 2059 1999 2123 σοὺς

2101 2049 2316 2103 viviﬁca
2349 2064 2457 2103 me.
2495 2067 2510 2099 ι
2554 2047 2871 2105 Secundum
2908 2061 3031 2107 tuas
3060 2052 3207 2124 leges
3251 2062 3311 2108 ut
3343 2055 3528 2110 vivere
3561 2071 3695 2126 pos-

397 2146 492 2209 δός
528 2164 619 2216 μοι
654 2146 1036 2199 πολιτεύεσθαι
1062 2146 1278 2214 νόμους.

1062 2146 1278 2214 νόμους.
2104 2138 2205 2192 sim
2240 2138 2371 2192 mihi
2406 2142 2666 2195 concede.

475 2236 579 2307 λη’.
621 2256 639 2287 ι
683 2238 888 2307 Στῆσον
920 2237 998 2308 τῷ
1031 2238 1206 2306 δούλῳ
1236 2255 1330 2290 σου
1365 2238 1424 2291 τὺ
1455 2238 1636 2306 λόγιόν
1661 2256 1777 2301 σου,
1809 2240 1889 2302 είς
1911 2238 2003 2293 τὶν

2177 2230 2341 2286 Vrns.
2374 2233 2461 2287 '58.
2502 2252 2520 2283 ι
2568 2232 2759 2287 Statue
2806 2248 2966 2287 servo
3000 2246 3092 2288 tuo
3122 2235 3401 2303 eloquium
3436 2244 3589 2290 tuum
3626 2238 3693 2292 ad

400 2328 570 2399 φίϐον
593 2344 708 2381 σου.
751 2347 769 2378 ι
806 2326 1032 2380 Βέϐαιον
1056 2328 1113 2380 ἐν
1152 2329 1268 2388 τοῖς
1298 2329 1411 2389 σοῖς
1439 2326 1619 2394 λόγοις
1643 2326 1689 2357 ’⁵
1721 2325 2002 2395 ἀπόφηνόν

2105 2324 2361 2377 timorem
2402 2325 2505 2379 tui.
2547 2345 2564 2375 I
2601 2325 2957 2378 Constantem
3000 2340 3065 2379 ac
3102 2327 3319 2379 firmum
3353 2327 3407 2380 in
3442 2329 3549 2384 tuis
3579 2344 3694 2384 ser-

402 2439 495 2491 με,
520 2420 941 2490 ἁπεριτρὲπτως
972 2419 1261 2486 φυλάττων
1287 2420 1365 2488 τῷ
1395 2419 1546 2488 φὸὖῳ
1580 2436 1672 2471 σου
1690 2435 1703 2447 ·
1741 2417 1859 2472 ἀντὶ
1883 2416 2001 2481 τοῦ,

2106 2417 2364 2472 monibus
2394 2434 2484 2473 me
2516 2419 2704 2481 redde,
2753 2418 2960 2488 jugiter
2994 2435 3092 2490 per
3122 2420 3372 2475 tiu-orem
3415 2430 3567 2476 tuum
3615 2424 3696 2478 sic

412 2515 747 2567 Ἐπικείσθω
775 2531 863 2585 μοι
891 2516 919 2567 6
948 2513 1112 2582 φόϐος
1158 2531 1250 2566 σου
1275 2554 1289 2577 ,
1339 2514 1710 2583 δεδιττόμενος
1732 2549 1746 2573 ,
1796 2511 1890 2565 καὶ
1925 2509 2001 2581 μὴ

2107 2526 2194 2566 me
2223 2512 2564 2578 custodiens,
2589 2522 2649 2565 ut
2671 2511 2822 2566 nulla
2844 2512 2896 2566 vi
2924 2512 3234 2582 resupinari
3259 2528 3458 2583 queam
3491 2532 3505 2569 :
3534 2516 3694 2585 quasi

401 2608 508 2662 ἐῶν
542 2606 889 2679 ἐκτραπῆναι
924 2606 1033 2659 τῶν
1055 2605 1258 2676 λογίων
1295 2624 1409 2661 σον.

2104 2602 2292 2658 dicat:
2326 2601 2516 2657 Timor
2564 2612 2690 2658 tuus
2734 2604 2868 2657 mihi
2910 2603 3128 2675 1448
3164 2604 3481 2669 incumbat,
3534 2607 3695 2661 terri-

2105 2704 2248 2759 tans,
2281 2704 2334 2750 et
2367 2710 2712 2766 nequaquam
2750 2697 2945 2750 sincns
3004 2707 3060 2751 ut
3096 2712 3125 2750 a
3166 2699 3278 2753 tuis
3322 2699 3559 2753 oraculis
3596 2700 3697 2754 tle--

2100 2785 2337 2842 ﬂectant.

475 2884 576 2939 λθ’.
608 2903 626 2936 ι
658 2884 886 2956 Περίελε
925 2886 1017 2939 τὸν
1055 2884 1360 2956 ὁνειδισμόν
1404 2902 1504 2955 μου
1547 2884 1605 2938 ὃν
1636 2883 1996 2948 ὑπώπτευσα,

2174 2877 2342 2934 Vtans.
2377 2878 2468 2934 59.
2508 2897 2528 2930 ι
2562 2879 2730 2935 Aufer
2760 2882 3116 2951 opprobrium
3154 2898 3363 2947 meum,
3410 2884 3555 2954 quod
3602 2901 3699 2941 su-

398 2978 486 3031 ὂτι
515 2978 585 3030 τὰ
623 2978 870 3048 κρίματά
902 2995 997 3030 σου
1036 2977 1271 3049 χρηστά.
1321 2994 1340 3027 ι
1390 2976 1448 3030 '0
1492 2977 1547 3030 δὲ
1596 2975 1849 3038 Ἀκύλας,
1878 2975 1999 3028 ἀντὶ

2101 2971 2347 3042 spicatus
2382 2987 2529 3037 sum,
2563 2974 2693 3043 quia
2740 2974 2948 3044 judicia
3005 2986 3097 3030 tua
3139 2976 3406 3046 jucunda.
3438 2996 3460 3032 ›
3497 2981 3697 3049 Aquila

398 3069 500 3123 τοῦ
540 3069 934 3135 ὑπώπτευσα,
974 3069 1335 3137 ὐπεστάλην
1379 3069 1623 3138 εἴρηκεν.
1672 3067 1830 3120 Οὕτω
1863 3067 1927 3137 δὴ
1952 3067 1998 3099 ⁸⁸

2101 3074 2283 3120 autem
2342 3081 2441 3135 pro
2491 3068 2796 3135 suspicatus
2848 3084 2999 3132 sum,
3060 3069 3196 3123 dixit
3248 3069 3557 3138 formidavi.
3605 3071 3699 3127 Sic

399 3163 499 3217 καὶ
533 3164 562 3215 6
591 3161 908 3215 Θεοδοτίων.
958 3162 1018 3215 '0
1040 3161 1097 3213 δὲ
1134 3160 1453 3230 Σύμμαχος,
1484 3159 1558 3213 ὃν
1593 3159 1994 3229 εὐλαϐοῦμαι·

2101 3158 2267 3211 etiam
2305 3157 2630 3214 Theodotio.
2660 3158 3028 3231 Symmachus
3056 3175 3204 3224 vero,
3238 3162 3377 3231 quod
3409 3179 3589 3217 vereor
3613 3164 3698 3217 in-

399 3254 753 3322 ὀγειδισμὲν
781 3253 838 3306 δὲ
862 3253 1102 3307 ἐνταῦθα
1134 3252 1309 3318 καλεῖ,
1342 3252 1434 3305 τὸν
1462 3252 1568 3305 ὑπὸ
1602 3252 1699 3323 τῆς
1728 3252 2004 3322 ἁμαρτίας

2067 3247 2073 3298 ἰ
2111 3258 2441 3320 terpretatus
2469 3261 2574 3306 est.
2613 3250 2972 3321 Opprobrium
3005 3260 3190 3309 autem
3223 3254 3326 3309 hoc
3365 3255 3486 3309 loco
3517 3267 3697 3323 vocat,

397 3347 718 3416 γενόμενον.
748 3344 951 3399 Τοῦτον
979 3345 1089 3416 γὰρ
1117 3345 1212 3399 καὶ
1238 3344 1625 3409 ὑπεστέλλετο,
1657 3343 1752 3398 καὶ¹
1789 3343 2000 3407 ἐδεδίει,

2106 3343 2253 3412 quod
2286 3359 2354 3398 ex
2386 3353 2615 3414 peccato
2648 3345 2847 3399 oritur.
2892 3343 3008 3399 Hoc
3035 3347 3181 3400 enim
3228 3355 3283 3401 et
3328 3346 3699 3415 formidabat,

402 3442 500 3491 καί
534 3437 779 3491 ὕποπτον
803 3437 898 3510 ἔζη
929 3436 1097 3508 ζωήν.
1132 3438 1232 3492 Διὰ
1258 3438 1417 3491 τοῦτο
1453 3438 1555 3491 οὑκ
1577 3438 1827 3509 ἐπήγαγε
1864 3453 2004 3490 συν-

2108 3445 2163 3491 et
2193 3437 2444 3502 timebat,
2478 3445 2533 3493 et
2568 3446 2883 3508 suspectam
2916 3438 3155 3493 ducebat
3181 3440 3373 3495 vitam.
3407 3441 3701 3512 Propterea

410 3528 586 3599 ήθως,
624 3529 747 3583 Ὅτι
768 3530 1015 3601 κρίμα.τά
1035 3546 1130 3582 σου
1158 3529 1487 3601 ὲξεζήτησα,
1515 3529 1548 3599 ἢ
1583 3528 1825 3598 ἐφύλαξα
1844 3546 1857 3561 ο
1888 3528 2003 3581 ἀλλ’

2110 3543 2219 3583 non
2257 3528 2524 3596 subdidit,
2558 3537 2619 3584 ut
2648 3529 2828 3585 solet:
2857 3526 3131 3597 Quoniam
3169 3528 3377 3599 judicia
3426 3539 3516 3586 tua
3557 3547 3705 3602 qua:-

406 3639 428 3673 c
475 3620 600 3673 ’Ὁτι
631 3620 701 3673 τὰ
729 3620 979 3692 κρίματά
1000 3638 1095 3673 σου
1116 3621 1353 3692 χρηστά.
1390 3640 1409 3671 ι
1448 3620 1523 3674 Οὐ
1566 3621 1726 3691 μόνον
1755 3620 1863 3692 γὰρ
1891 3623 2006 3683 τοῖς

2110 3622 2237 3685 sivi,
2276 3631 2374 3676 aut
2403 3622 2700 3685 custodiri,
2734 3620 2858 3687 sed,
2903 3640 2922 3673 ι
2960 3621 3231 3688 Quoniam
3268 3623 3472 3693 judicia
3495 3632 3585 3677 tna
3612 3624 3705 3694 ju-

399 3712 813 3781 ἁμαρτάνουσιν
859 3710 1103 3775 ἀπειλεῖς
1139 3711 1436 3781 τιμωρίαν,
1471 3710 1606 3764 ἀλλὰ
1632 3713 1725 3764 καὶ
1758 3713 1874 3775 τοῖς
1908 3728 2004 3780 με·

2106 3714 2309 3767 cunda.
2343 3730 2362 3763 ι
2400 3712 2520 3766 Non
2554 3713 2733 3767 solum
2767 3713 2911 3766 enim
2946 3714 3331 3782 peccatoribus
3369 3716 3701 3785 supplicium

398 3803 803 3873 ταμελομένοις
848 3804 1088 3878 ὑπίσχνῃ
1123 3803 1422 3875 σωτηρίαν.
1456 3803 1725 3872 Κρίματιι
1764 3807 1875 3874 γὰρ
1909 3821 2005 3859 κα-

2107 3805 2360 3870 minaris,
2414 3819 2604 3859 verum
2638 3805 2802 3858 etiam
2834 3804 3235 3873 paenitentibus
3266 3806 3501 3860 salutem
3538 3807 3704 3876 polli-

398 3896 490 3949 λεί
518 3896 615 3960 τὰς
648 3897 742 3950 τοῦ
774 3895 913 3950 Θεοῦ
951 3896 1167 3960 δικαίας
1195 3896 1433 3967 ψήφους.

2106 3897 2271 3950 ceris.
2308 3895 2525 3950 Iudicia
2556 3896 2703 3950 enim
2728 3896 2909 3966 justas
2939 3896 3033 3951 Dei
3069 3899 3371 3954 sententias
3402 3910 3579 3954 vocat.

481 3995 555 4058 μ’.
594 4007 611 4040 ι
661 3989 795 4042 Ἰδοὺ
831 3988 1160 4059 ἐπεθύμησα
1191 3988 1289 4051 τὰς
1316 3987 1539 4052 ἐντολάς
1572 4004 1694 4052 σου,
1735 3990 1795 4042 ἐν
1828 3990 1894 4059 τῇ
1927 3988 2000 4041 δι·

2178 3988 2347 4044 Vens.
2381 3989 2471 4044 40.
2517 4008 2535 4040 ί
2578 3989 2721 4045 Ecce
2772 3990 3063 4060 concupivi
3119 3990 3375 4045 mandata
3439 4000 3527 4045 tua
3557 4033 3571 4058 ,
3650 3993 3702 4047 in

400 4081 670 4153 καιοσύνῃ
700 4098 794 4134 σου
833 4080 998 4151 ζῆσόν
1034 4098 1124 4151 με.
1157 4099 1176 4133 ι
1220 4080 1536 4151 Γλιχομένῳ
1573 4081 1859 4153 παράσχου
1903 4080 2001 4151 τὴν

2105 4081 2367 4152 aaquitate
2405 4090 2495 4136 tua
2534 4082 2749 4137 virilica
2783 4097 2893 4136 me.
2938 4101 2956 4134 ›
2993 4081 3127 4136 Mihi
3178 4082 3388 4152 Optanti
3436 4082 3579 4137 viam
3618 4083 3706 4153 jn-

398 4178 465 4229 ὲν
491 4174 809 4247 δικαιοσύνῃ
842 4173 1010 4245 ζωήν.

910 4175 1010 4245 ιήν.
2106 4184 2247 4230 stam
2281 4176 2540 4232 concede.

480 4268 590 4339 μα’.
644 4287 662 4319 ι
703 4269 810 4321 Καὶ
836 4268 979 4322 ἔλθοι
1023 4271 1112 4322 ἐπ’
1146 4269 1246 4339 ἐμὲ
1296 4269 1357 4322 τὺ
1404 4268 1550 4332 ἔλεός
1584 4285 1699 4334 σου,
1746 4267 1937 4339 Κύριε.
1980 4289 1997 4321 ι

2208 4271 2223 4291 ⁶
2259 4267 2429 4324 Vnus.
2462 4269 2551 4322 41.
2595 4288 2612 4319 ι
2651 4267 2715 4323 Et
2761 4268 2943 4323 veniat
2977 4283 3142 4337 super
3190 4283 3277 4322 me
3327 4268 3704 4323 misericordia

402 4364 621 4422 Πάντες
660 4363 772 4433 γὰρ
809 4362 1009 4425 ἐνδεεῖς
1041 4362 1144 4432 τῆς
1173 4363 1328 4427 Θείας
1358 4362 1806 4433 φιλανθρωπίας,
1847 4363 1944 4416 καὶ
1977 4364 2004 4415 6

2110 4359 2499 4424 tua,Domine.
2542 4379 2559 4411 ι
2601 4361 2806 4416 Omnes
2838 4360 2984 4415 enim
3018 4360 3218 4415 divina:
3240 4360 3593 4431 benignitatis
3624 4363 3706 4415 in-

399 4454 578 4523 αύτὴν
609 4452 962 4522 κατειληφὼς
996 4452 1095 4522 τὴν
1122 4454 1434 4524 ἀκροτάτην
1468 4454 1569 4525 τῆς
1611 4455 1810 4524 ἀρετῆς
1842 4472 2005 4526 κορυ-

2108 4454 2361 4523 digcntes
2393 4468 2588 4507 sumus
2619 4470 2632 4506 :
2662 4461 2718 4507 et
2745 4452 2835 4507 ille
2890 4453 2982 4523 qui
3017 4452 3272 4507 ultimum
3305 4453 3524 4507 virtutis
3553 4452 3704 4509 fasti-

400 4546 532 4614 φὴν,
574 4543 777 4612 ταύτης
833 4543 1003 4597 δεῖται
1056 4543 1341 4613 διηνεκῶς.

2039 4596 2083 4617 “
2113 4548 2259 4615 gium
2296 4545 2679 4616 apprehendit,
2723 4546 2825 4600 hac
2858 4545 3122 4601 continue
3162 4545 3384 4617 indiget.

472 4596 492 4682 Ic
522 4596 615 4683 ’Τὸ
643 4596 911 4702 σωτηριὸν
944 4596 1038 4683 σου
1065 4596 1209 4685 ’χοὶτά
1234 4596 1335 4685 τὸν
1353 4632 1512 4701 λόγον
1549 4652 1664 4689 σου.
1701 4634 1838 4708 [μεθ]
1896 4618 2007 4689 καὶ
2039 4596 2086 4653 D

2114 4596 2259 4615 σηπ-
2724 4596 2816 4600 -νψ
3162 4596 3384 4617 --η-ση-

2072 4604 2086 4649 ’
2191 4658 2208 4689 ι
2266 4638 2519 4693 Salutare
2578 4648 2731 4694 tuum
2792 4639 3096 4694 secundum
3168 4640 3447 4707 eloquium
3526 4653 3702 4697 tuum.

399 4725 857 4796 ἁηποκριοήσομαι
910 4729 1022 4787 τοῖς
1069 4726 1393 4791 ὀνειδίζουσί
1457 4746 1547 4798 μοι
1589 4729 1767 4799 λόγον.
1825 4746 1848 4782 ι
1905 4731 2007 4783 ’Ἦν

2115 4732 2322 4806 [νεεδ.
2377 4732 2494 4806 42.]
2544 4734 2612 4789 Et
2658 4736 3003 4805 respondebo
3056 4735 3520 4805 exprobrantibus
3575 4739 3704 4792 mihi

401 4818 682 4887 ὑπέσχου,
716 4817 965 4879 Δέσποτα
985 4856 1000 4880 ,
1029 4817 1305 4887 σωτηρίαν
1337 4819 1395 4871 ὲν
1440 4822 1554 4882 τοῖς
1587 4821 1755 4889 ἱεροῖς
1789 4837 1883 4874 σου
1921 4821 2009 4874 λό-

2111 4831 2365 4885 verbum.
2408 4849 2426 4881 ι
2468 4827 2643 4894 Quam
2679 4829 2937 4894 salutem,
2970 4844 3002 4881 o
3028 4827 3279 4893 Domine,
3311 4830 3365 4883 in
3390 4831 3567 4887 sacris
3599 4832 3707 4886 tuis

399 4927 528 4979 γοις
590 4909 898 4981 παράσχου,
934 4910 1023 4964 ἵνα
1044 4912 1157 4973 τοῖς
1179 4908 1581 4974 ὲπιτωθάζουσί
1614 4929 1705 4981 μοι
1741 4913 1838 4966 σὺν
1864 4914 2010 4985 παῤ-

2111 4922 2470 4976 sermonibus
2500 4921 2776 4993 pollicitus
2813 4936 2895 4987 es,
2932 4921 3134 4991 largire
3159 4960 3174 4986 ,
3224 4932 3286 4976 ut
3334 4923 3400 4976 ad
3446 4924 3567 4979 illos
3615 4925 3708 4992 qui

403 5004 579 5075 ῥησίᾳ
609 5002 897 5075 διαλεχθῶ.
967 5004 1025 5056 Ὀ
1052 5003 1163 5076 γὰρ
1198 5006 1256 5057 ὲν
1289 5005 1599 5075 συμφοραῖς
1645 5003 1721 5058 ὢν
1738 5005 1914 5076 φέρει
1940 5007 2010 5060 τὰ

2113 5012 2385 5066 insultant
2415 5012 2550 5066 mihi
2576 5027 2700 5066 cum
2735 5011 2931 5067 fiducia
2961 5012 3176 5083 loquar.
3212 5011 3316 5079 Qui
3349 5014 3496 5069 enim
3532 5014 3585 5068 in
3616 5029 3709 5068 ca—

398 5095 583 5166 ὀνείδη
629 5095 879 5165 σιγῶν-ὁ
923 5096 981 5149 δὲ
1034 5096 1136 5167 τὴν
1188 5095 1410 5168 θυμὴρη
1478 5096 1738 5166 βιοτεύων
1790 5099 1909 5151 ὁδὸν
1935 5100 2003 5162 9‘,

2119 5101 2462 5157 lamitatibus
2497 5112 2774 5167 versatur,
2807 5102 3042 5157 tacendo
3071 5101 3319 5157 convicia
3352 5101 3581 5166 suffert;
3611 5102 3706 5173 qui

398 5187 671 5260 δ.ελέγχει
702 5190 829 5252 τοὺς
889 5187 1077 5251 κακῶς
1138 5187 1521 5252 ὀνειδίζοντας.
1569 5208 1588 5241 ι
1629 5190 1751 5243 Ὅτι
1798 5188 2004 5261 ἤλπισα

2116 5210 2248 5248 vero
2279 5193 2578 5264 jucundam
2619 5194 2788 5249 vitam
2824 5194 3000 5263 ducit,
3054 5195 3256 5250 refutat
3299 5208 3393 5249 eos
3433 5209 3462 5247 a
3506 5193 3705 5263 quibus

479 5390 501 5431 τ
546 5391 725 5450 Eccle.
764 5407 802 5457 ι,
841 5391 896 5446 2.
1002 5395 1028 5433 ε
1070 5392 1247 5448 Ecclc.
1296 5407 1369 5457 ιι,
1418 5391 1509 5445 Η.

1561 5579 1801 5636 VARUS
1825 5578 2213 5635 LECTIONES
2252 5580 2341 5634 ET
2362 5580 2593 5637 NOTAE.

466 5691 672 5770 {190d-
715 5694 739 5745 ί
778 5691 1174 5770 ἀνοίξαντοςοη
1212 5696 1437 5770 λ’(Ἐπὶ
1468 5699 1798 5770 τὸίχεῖρον.
1824 5697 1881 5753 1η
1923 5699 2047 5754 cod.
2084 5700 2096 5753 l

2084 5700 2107 5753 l
2149 5700 2377 5770 ponitur
2406 5710 2529 5769 post
2563 5699 2747 5768 φύσις.
2789 5767 2821 5770 __
2860 5694 3223 5770 ’ξθάτερονἒ
3252 5694 3323 5770 ib.
3362 5709 3480 5770 seq.
3513 5692 3709 5770 θύρας.

395 5757 444 5791 ’²
482 5764 617 5820 ibid.
650 5763 1051 5827 μετεσκεύασε.
1128 5763 1175 5795 ⁵³
1210 5766 1498 5824 Ὑδάτων.
1527 5757 1816 5827 ῡὲἐ,’ἱι›ὶι1,
1896 5770 1943 5802 ’⁵
1970 5775 2025 5824 Λ.

2085 5757 2234 5853 om},
2265 5757 2531 5849 Des.'ib._
2576 5757 2621 5803 δι’
2651 5757 2754 5840 ait.
2788 5766 2974 5840 ίυηδέ.
3051 5757 3100 5798 οε
3135 5765 3326 5819 Ὀδώ.
3355 5757 3480 5821 cod.
3511 5764 3533 5817 t
3570 5757 3710 5835 βίον..

733 5924 1008 5987 PATROL.
1038 5925 1153 5984 Gn.
1186 5923 1399 5983 LXXX
3311 5926 3383 5988 εδ

2080 5990 2095 6023 ἶ
