4128 6430
482 375 624 444 1835

1486 371 1977 434 THEODORETI
2012 370 2353 433 EPISCOPI
2393 372 2763 433 CYRENSIS

3616 367 3754 434 1836

485 510 583 566 per
614 493 875 564 iniuriam
905 488 1256 549 contumeliis
1283 488 1535 546 aﬂicitur.
1574 507 1593 541 ι
1629 487 1770 556 Quia
1804 502 1955 558 spem
1981 503 2068 543 re-

2180 512 2265 565 ἐπὶ
2297 511 2423 575 τοὺς
2458 509 2653 579 λόγους
2674 510 2717 542 ’⁷
2771 524 2887 562 σου.
2928 528 2947 561 ι
2979 509 3092 580 Τῆς
3112 509 3221 579 γὰρ
3276 512 3374 580 σῆς
3422 509 3753 579 ἐπαγγελίας

485 584 646 655 posui
668 584 724 639 in
752 583 1105 640 sermonibus
1141 584 1271 639 tuis.
1304 599 1324 634 ι
1373 581 1417 635 Α
1447 579 1557 635 tuis
1592 580 1737 636 enim
1777 578 2068 651 promissis

484 676 714 748 pendeo,
753 687 807 732 et
835 677 888 730 in
924 676 1028 730 hac
1054 690 1151 745 spe
1180 672 1394 729 incedo.

556 766 718 824 Vsus.
750 768 842 823 45.
891 787 911 821 ι
943 766 1012 823 Et
1058 780 1127 821 ne
1170 764 1391 820 auferas
1430 764 1498 820 de
1538 779 1634 820 ore
1674 780 1798 821 meo
1839 767 2067 821 verbum

485 859 728 914 veritatis
766 873 1178 930 usquequaque,
1210 856 1339 927 quia
1388 856 1442 910 in
1491 856 1718 925 iudiciis
1767 856 1875 911 tuis
1917 871 2069 925 spem

486 951 667 1021 posui.
707 968 728 1002 ι
773 951 843 1007 Ut
870 951 1156 1006 veritatem
1190 948 1485 1019 diligamus
1515 946 1790 1017 PrOpheta
1832 964 1933 1003 nos
1975 950 2072 1002 do-

486 1054 599 1109 cet,
649 1041 867 1114 1m
908 1051 964 1097 et
1010 1050 1069 1095 ut
1117 1042 1259 1095 hanc
1299 1054 1423 1096 cum
1480 1040 1632 1095 omni
1679 1030 2073 1095 alacritate‘ab

488 1137 866 1191 universorum
905 1136 1014 1189 Deo
1051 1133 1436 1204 elllagitemus.

560 1222 724 1279 Vens.
754 1225 849 1278 44.
889 1241 908 1275 ι
948 1223 1011 1278 Ει
1040 1224 1351 1277 custodiam
1383 1222 1556 1292 legem
1591 1230 1743 1277 tuam
1777 1239 1991 1294 semper
2020 1224 2073 1278 in

487 1316 772 1382 saeculum,
814 1326 869 1371 et
899 1316 953 1369 in
991 1315 1256 1371 saeculum
1290 1315 1500 1370 saeculi.
1536 1333 1555 1366 ι
1590 1314 1683 1371 Sic
1713 1317 1860 1370 enim
1891 1333 2076 1387 prom-

487 1405 649 1475 ptim-i
689 1419 914 1475 quoque
949 1405 1132 1459 animo
1186 1404 1241 1459 in
1275 1404 1456 1475 legum
1507 1412 1723 1459 tuarum
1768 1408 2073 1459 custodiam

489 1498 831 1554 incumbam.
874 1495 979 1552 Per
1023 1497 1130 1552 hoc
1170 1497 1383 1567 igitur:
1419 1516 1437 1549 ι
1476 1495 1531 1551 Ιιι
1576 1497 1874 1563 saeculum,
1920 1505 1975 1551 ct
2019 1497 2074 1552 in

488 1591 750 1646 saeculum
791 1588 997 1654 saeculi,
1038 1608 1058 1640 ι
1098 1588 1342 1644 futuram
1379 1589 1545 1644 vitam
1578 1589 1993 1656 demonstravit,
2021 1590 2074 1643 in

488 1698 598 1752 qua
637 1696 775 1751 pura
813 1691 868 1735 et
904 1681 1119 1736 sincera
1170 1681 1483 1736 divinarum
1518 1681 1696 1752 legum
1728 1681 2074 1737 observantia

487 1773 747 1829 omnibus
783 1772 1025 1828 dabitur.

559 1865 728 1920 νειε.
764 1865 867 1927 45,
911 1863 1001 1919 46.
1078 1881 1099 1917 ι
1147 1863 1213 1918 Ει
1256 1863 1605 1920 ambulabant
1647 1864 1701 1919 in
1752 1863 2069 1931 latitudine,
2105 1840 2146 1895 Β

484 1956 618 2031 quia
663 1955 923 2010 mandata
960 1963 1053 2009 tua
1086 1952 1384 2023 exquisivi.
1432 1952 1497 2007 Et
1526 1953 1789 2023 loquebar
1819 1953 1886 2008 de
1919 1952 2072 2006 testi-

488 2044 695 2101 moniis
727 2043 838 2099 tuis
884 2044 939 2099 in
995 2052 1292 2112 conspectu
1344 2058 1553 2114 regum,
1599 2051 1655 2099 et
1693 2059 1799 2098 non
1839 2041 2074 2097 confun—

489 2136 683 2192 debar.
715 2153 735 2187 ι
771 2133 909 2188 Cum
944 2134 1134 2199 multa,
1166 2134 1363 2203 inquit,
1405 2134 1670 2191 facilitate
1714 2135 1994 2200 incedens,
2020 2142 2076 2189 et

488 2224 789 2281 secundum
834 2224 1091 2281 mandata
1131 2232 1224 2280 tua
1269 2226 1483 2292 vivens,
1525 2242 1702 2296 neque
1741 2227 1945 2297 regiam
1978 2241 2075 2296 po-

487 2319 710 2375 tentiam
758 2319 943 2384 timui,
996 2318 1093 2374 scd
1136 2334 1262 2373 cum
1315 2318 1483 2373 multa
1541 2319 1739 2374 ﬁducia
1780 2335 1904 2373 cum
1942 2318 2075 2389 ipsis

487 2411 865 2483 colloqnebar.
900 2408 1025 2465 Vita
1060 2411 1207 2465 enim
1237 2410 1545 2465 secundum
1581 2410 1754 2481 legem
1795 2421 1915 2466 acta
1940 2410 2077 2466 ﬁdu-

485 2506 628 2561 ciam
667 2503 845 2559 all'ert.
877 2502 941 2558 Et
964 2503 1131 2573 hujus
1165 2503 1320 2558 testis
1345 2513 1431 2556 est
1457 2518 1690 2573 magnus
1716 2502 1906 2558 Datid.
1939 2502 2075 2558 Nam

487 2604 618 2651 ante
652 2605 943 2666 peccatum
976 2608 1101 2649 cum
1146 2594 1316 2649 multa
1353 2594 1554 2649 ﬁducia
1601 2610 1725 2650 cum
1769 2594 1932 2652 Saule
1962 2611 2076 2651 ser-

488 2688 915 2752 mocinabatur;
950 2694 1077 2757 post
1126 2697 1409 2757 peccatum
1447 2702 1578 2742 vero
1617 2688 1944 2757 parricidam
1994 2687 2077 2742 fu-

488 2781 644 2849 giens
685 2779 882 2844 lilium,
913 2779 1261 2849 prospiciens
1301 2778 1354 2831 in
1392 2786 1618 2844 terram,
1649 2790 1924 2849 caputque
1949 2796 2080 2850 ope-

488 2872 670 2938 riens,
723 2871 1061 2927 ambulabat.
1118 2872 1187 2926 Et
1242 2870 1389 2927 Elias
1445 2871 1537 2926 ille
1586 2887 1818 2943 magnus
1865 2873 2080 2943 iustitia

490 2966 688 3033 frctus,
723 2967 931 3023 Achabi
959 2966 1292 3037 impietatem
1327 2967 1716 3037 redargncbat.
1747 2967 1837 3024 Sic
1861 2969 2081 3024 divinus

491 3059 680 3113 Daniel
708 3058 1514 3114 Nabucliodonosoridicebat:
1550 3078 1569 3112 ι
1604 3057 1668 3113 Ει
1701 3075 1869 3127 nunc,
1900 3075 1934 3115 ο
1959 3077 2077 3126 rex,

488 3152 781 3207 consilium
827 3167 1010 3207 meum
1050 3150 1263 3221 placeat
1298 3151 1418 3217 tibi,
1465 3151 1833 3223 eleemosynis
1873 3153 2081 3208 redime
2109 3176 2151 3232 ο

488 3252 715 3315 peccata
787 3253 921 3309 tua,
971 3251 1026 3298 et
1075 3243 1399 3313 iniquitates
1490 3253 1617 3299 tuas
1694 3244 2090 3303 rnisericordiis

489 3333 875 3406 pauperntnh.
910 3355 930 3388 ι
974 3334 1069 3390 Sic
1122 3334 1348 3392 divinus
1395 3336 1602 3391 Paulus
1640 3335 1976 3407 Agrippam,
2035 3347 2091 3393 et

491 3423 735 3488 Festum,
767 3434 818 3479 et
851 3423 1085 3480 Felicem
1117 3424 1514 3494 alloquebatur.
1547 3427 1564 3449 ‘
1598 3424 1691 3480 Sic
1724 3427 2089 3497 triumphato-

491 3531 583 3574 res
617 3525 892 3588 martyres
927 3517 1128 3588 impios
1159 3530 1316 3587 reges
1351 3516 1752 3587 despiciebant.

564 3785 734 3844 Vsus.
776 3787 866 3853 47,
911 3785 1002 3842 48.
1063 3805 1083 3840 t
1122 3787 1191 3843 Et
1226 3787 1532 3843 meditabar
1569 3787 1783 3860 1450
1808 3788 1883 3844 in
1929 3804 2083 3844 mane

491 3881 637 3936 datis
667 3880 802 3946 tuis,
834 3895 960 3950 qua:
988 3880 1160 3935 dilexi
1195 3894 1549 3949 magnopere.
1577 3880 1643 3934 Et
1677 3879 1851 3935 levavi
1885 3895 2084 3936 manus

493 3985 644 4025 meas
673 3969 741 4025 ad
775 3969 1031 4024 mandata
1070 3977 1184 4036 tua,
1234 3984 1358 4039 qua:
1401 3968 1588 4024 dilexi.
1626 3988 1644 4021 ι
1680 3967 1802 4023 Non
1848 3969 1992 4025 enim
2028 3969 2081 4023 in

490 4078 750 4119 sermone
788 4074 874 4119 est
906 4062 1000 4118 Dei
1034 4078 1301 4134 regnum,
1334 4062 1427 4117 sed
1462 4061 1516 4116 in
1546 4076 1749 4132 Opere:
1784 4070 1840 4118 et
1876 4061 1970 4133 qui
2003 4061 2083 4117 fe-

491 4160 626 4214 cerit
659 4169 713 4216 et
755 4159 1027 4224 docuerit,
1084 4160 1177 4214 hic
1219 4173 1454 4230 magnus
1498 4157 1787 4214 vocabitur
1821 4157 1874 4213 in
1915 4173 2083 4229 regno

489 4252 782 4307 ctelorum.
840 4250 1055 4307 Idcirco
1105 4250 1332 4306 divinus
1393 4249 1669 4319 Propheta
1736 4250 2080 4307 meditationi

490 4345 761 4400 actionem
796 4342 1118 4414 pra-posuit.
1156 4340 1296 4397 Cum
1340 4342 1487 4397 enim
1524 4342 1761 4398 dixisset
1792 4359 1807 4398 :
1846 4361 1867 4396 ι
1909 4343 2081 4398 Medi-

408 4428 423 4433 ”
494 4436 652 4492 tabar
678 4437 733 4491 in
761 4434 1038 4492 mandatis
1067 4435 1198 4502 tuis,
1214 4449 1338 4506 qua:
1364 4433 1531 4491 dilexi
1560 4434 1772 4500 valde,»
1794 4443 1849 4490 et
1878 4435 2099 4491 ardenm

2168 601 2503 673 ὲξὴρτημαι,
2541 601 2635 652 καὶ
2659 600 2752 653 ἐπὶ
2781 597 2984 670 ταύτης
3004 598 3171 652 ὁδεύω
3205 599 3304 669 τῆς
3342 599 3577 662 ἐλπίδος.

2244 762 2356 830 μγ’.
2394 778 2414 811 ι
2457 758 2569 813 Καὶ
2608 758 2683 830 μὴ
2711 757 2973 828 περιέλῃς
3011 758 3077 811 ὲκ
3106 756 3198 809 τοῦ
3235 757 3501 826 στόματός
3535 772 3638 826 μου
3666 754 3756 809 λόο

2170 870 2266 922 γον
2303 852 2561 922 ἀληθείας
2595 851 2702 914 ἓως
2732 851 2961 921 σφόδρα,
3001 849 3084 902 ὃτι
3123 849 3217 902 ἐπὶ
3254 851 3367 913 τοῖς
3393 848 3629 920 κρίμασι
3662 863 3758 902 σου

2171 946 2470 1015 ὲπήλπισα.
2514 964 2534 998 ι
2583 945 2747 1015 Ἐρᾷν
2790 945 2939 1014 ἡμᾶς
2974 943 3076 1012 τῆς
3118 941 3376 1014 ἀληθείας
3402 944 3431 995 ὁ
3462 943 3758 1015 Προφήτης

2171 1038 2433 1101 διδάσκει,
2470 1038 2565 1090 καὶ
2587 1036 2794 1105 ταύτην
2834 1037 3006 1089 αἰτεῖν
3033 1036 3184 1106 παρᾶ
3214 1034 3309 1089 τοῦ
3330 1035 3468 1088 Θεοῦ
3490 1036 3595 1088 τῶν
3618 1036 3757 1089 ὅλων

2174 1131 2272 1184 σὺν
2309 1131 2589 1201 προθυμία
2618 1128 2811 1201 πολλῇ.

2247 1224 2345 1292 μδν.
2389 1241 2407 1274 ι
2456 1224 2567 1276 Kal
2603 1220 2825 1290 φυλάξω
2862 1221 2955 1275 τὸν
2995 1221 3161 1293 νόμον
3204 1237 3297 1273 σου
3328 1222 3629 1285 διαπαντὸς
3680 1223 3759 1284 εἰς

2173 1315 2264 1368 τὸν
2296 1312 2491 1375 αἰῶνα,
2533 1314 2627 1365 καὶ
2667 1313 2749 1372 εἰς
2797 1312 2891 1364 τὺν
2942 1311 3115 1364 αἰῶνα
3156 1308 3252 1363 τοῦ
3293 1308 3508 1370 αἰῶνος.
3555 1327 3573 1359 ι
3607 1307 3767 1362 Οὕτω

2174 1404 2282 1473 γὰρ
2300 1403 2346 1434 ⁸⁸
2371 1402 2781 1473 προθυμὸτερος
2816 1402 2948 1472 περὶ
2981 1401 3081 1471 τὴν
3109 1399 3218 1452 τῶν
3249 1399 3359 1452 σῶν
3386 1400 3568 1469 νόμων
3596 1403 3767 1468 γενή-

2176 1511 2344 1564 σομαι
2385 1492 2656 1563 φυλακήν.
2709 1493 2810 1545 Διὰ
2842 1492 2942 1562 μέν
2973 1509 3058 1546 τοι
3083 1491 3213 1545 τοῦ*
3256 1511 3273 1544 ι
3310 1493 3402 1555 Εἰς
3441 1492 3535 1545 τὸν
3566 1493 3763 1555 αἰῶνα,

2175 1587 2268 1640 καὶ
2307 1586 2386 1649 εἰς
2433 1585 2525 1638 τὸν
2570 1584 2741 1638 αἰῶνα
2782 1584 2875 1637 τοῦ
2921 1583 3135 1648 αἰῶνος,
3174 1604 3192 1636 ι
3228 1584 3464 1655 ἐδήλωσε
3508 1582 3599 1637 τὸν
3636 1585 3769 1653 μέλ-

2174 1679 2334 1732 λοντα
2374 1678 2489 1748 βίον
2510 1720 2523 1740 ,
2578 1679 2636 1731 ὲν
2668 1671 2712 1745 ᾧ
2751 1677 2968 1748 καθαρὰ
3001 1678 3096 1730 καὶ
3139 1677 3448 1750 ἀκραιφνὴς
3477 1677 3767 1749 δοθήσεται

2175 1768 2351 1823 ἅπασι
2380 1768 2489 1822 τῶν
2522 1766 2683 1822 θείων
2704 1769 2886 1840 νόμων
2906 1770 2940 1840 ἡ
2971 1769 3211 1838 φυλακή.

2249 1866 2353 1931 με’,
2388 1865 2506 1931 μςθ.
2561 1877 2580 1911 ι
2618 1861 2726 1913 Kal
2757 1861 3102 1931 ἐπορευόμην
3125 1862 3170 1893 ⁸⁸
3205 1862 3263 1914 ἐν
3312 1860 3639 1932 πλατυσμῷ,
3684 1863 3771 1918 ὅτι

2171 1951 2270 2015 τὰς
2324 1952 2549 2016 ἐντολάς
2599 1969 2691 2005 σου
2743 1953 3069 2024 ὲξεζήτησα.
3126 1953 3237 2006 Kal
3286 1953 3510 2006 ἐλάλουν
3554 1955 3614 2007 ἐν
3652 1955 3773 2019 τοῖς

2177 2045 2502 2117 μαρτυρίοις
2536 2061 2656 2112 σου,
2688 2046 2930 2099 ἐναντίον
2955 2045 3244 2115 βασιλέων,
3283 2046 3377 2099 καὶ
3410 2047 3511 2100 οὐκ
3540 2047 3774 2119 ᾐσχυνό-

2178 2138 2341 2207 μην¹.
2376 2154 2395 2189 t
2428 2136 2586 2190 Μετὰ.
2621 2135 2856 2205 πολλῆς,
2892 2137 3079 2207 φησὶν,
3121 2136 3320 2190 ὁδεύων
3368 2137 3641 2201 εὐκολίας,
3675 2139 3775 2192 καὶ

2175 2230 2319 2284 κατὰ
2336 2230 2435 2293 τὰς
2460 2229 2558 2293 σὰς
2582 2228 2808 2294 ἐντολὰς
2827 2229 3108 2299 βιοτεύων,
3135 2230 3256 2284 οὐδὲ
3282 2229 3569 2301 βασιλικὴν
3589 2231 3776 2287 ἔδεισα

2176 2320 2518 2385 δυναστείαν,
2546 2322 2685 2376 ἀλλὰ
2724 2323 2821 2376 σὺν
2844 2322 3129 2395 παρρησίᾳ
3168 2324 3337 2395 πολλῇ
3367 2323 3466 2393 τὴν
3501 2324 3640 2394 πρὸς
3669 2325 3776 2378 αὐ·-

2176 2412 2305 2475 τοὺς
2329 2411 2636 2483 ἐποιούμην
2664 2411 2923 2478 διάλεξιν.
2971 2413 3036 2465 Ἡ
3067 2413 3177 2484 γὰρ
3205 2414 3429 2485 ἔννομος
3460 2413 3597 2485 ζωὴ,
3627 2418 3775 2488 παρο

2182 2503 2380 2575 ρησίας
2406 2503 2763 2575 δημιουργός.
2793 2505 2904 2558 Kal
2930 2505 3126 2559 τούτου
3166 2507 3377 2577 μάρτυς
3408 2509 3436 2560 ὁ
3465 2508 3638 2578 μέγας
3666 2510 3776 2562 Δα-

2180 2595 2286 2650 ϐίδ.
2322 2595 2436 2665 Πρὸ
2477 2596 2576 2665 μὲν
2622 2597 2733 2664 γὰρ
2763 2597 2865 2665 τῆς
2914 2597 3210 2669 ἁμαρτίας,
3256 2600 3394 2669 μετὰ
3444 2598 3650 2668 πολλῆς
3695 2600 3778 2671 τῷ

2180 2687 2355 2741 Σαοὺλ
2403 2687 2713 2756 διαλέγεται
2758 2690 3105 2760 παρῤησίας*
3151 2690 3292 2757 μετὰ
3331 2691 3392 2744 δὲ
3440 2691 3540 2764 τὴν
3588 2694 3779 2765 ἁμαρ-

2181 2780 2323 2842 τίαν,
2354 2780 2568 2833 καὶτὸν
2610 2780 2946 2852 πατραλοίαν
2986 2782 3443 2853 ἀποδιδράσκων²
3492 2784 3631 2848 υἰδν,
3678 2786 3781 2839 κύ-

2184 2888 2333 2924 πτων
2351 2871 2372 2902 ³
2401 2870 2481 2934 εἰς
2506 2871 2630 2941 γῆν,
2652 2873 2748 2925 καὶ
2773 2872 2873 2942 τὴν
2894 2873 3137 2945 κεφαλὴν
3159 2873 3471 2939 καλύπτων,
3502 2875 3775 2942 ἐϐάδιζεν,

2183 2964 2295 3017 Καὶ
2330 2964 2514 3027 Ἠλίας
2535 2966 2563 3018 ὁ
2585 2965 2725 3019 πάνυ
2742 2968 2809 3035 τῇ
2840 2965 3153 3039 δικαιοσύνῃ
3177 2967 3415 3040 θαρρῶν,
3436 2968 3534 3022 τοῦ
3570 2969 3780 3040 ’Δχαὰσ

2183 3055 2437 3126 διήλεγχε
2464 3055 2564 3126 τὴν
2586 3056 2861 3110 ἀσέὸειαν.
2898 3056 3088 3122 Οὕτως
3109 3060 3138 3111 ὁ
3168 3056 3455 3123 θεσπέσιος
3475 3060 3675 3131 Δανιὴλ
3701 3062 3781 3132 τῷ

2184 3146 2676 3219 Ναϐουχοδονόσωρ
2702 3147 2913 3218 ἔλεγεν·
2941 3167 2960 3200 ι
2992 3149 3103 3201 Ka‘t
3133 3149 3503 3221 νῦν,βασιλεῦ,
3539 3152 3572 3222 ἡ
3608 3151 3778 3223 βουλή

2193 3255 2297 3309 μου
2337 3237 2592 3311 ἀρεσὰτω
2615 3256 2719 3308 σοι,
2750 3242 2968 3302 καὶτὰς
2999 3240 3234 3312 ἀνομίας
3266 3258 3360 3294 σου
3387 3243 3446 3295 έν
3477 3241 3784 3313 ἐλεημοσύ-

2191 3346 2309 3394 ναις
2330 3330 2656 3395 ἀπόλουσαι,
2685 3332 2778 3384 καὶ
2810 3332 2909 3396 τὰς
2939 3332 3216 3401 ἁμαρτίας
3248 3349 3342 3385 σου
3376 3336 3435 3386 ὲν
3470 3335 3784 3403 οίκτιρμοῖς

2190 3422 2463 3493 πενήτων.
2492 3439 2510 3474 ι
2537 3421 2724 3487 Οὕτως
2744 3424 2773 3475 ὁ
2800 3422 3085 3486 θεσπέσιος
3104 3424 3124 3454 ⁸
3145 3422 3353 3486 Παῦλος
3381 3424 3518 3495 πρὸς
3549 3424 3785 3495 Ἀγρίπ-

2190 3531 2321 3578 παν,
2346 3515 2439 3568 καί
2474 3513 2566 3568 τὸν
2593 3515 2823 3584 Φῆστον,
2849 3517 2945 3570 καὶ
2973 3516 3064 3570 τὸν
3093 3516 3299 3587 Φήλικα
3333 3517 3626 3586 διελέγετο.
3672 3517 3786 3570 Οὖ-

2188 3624 2296 3671 τως
2334 3611 2382 3660 οί
2413 3607 2715 3662 καλλίνικοι
2750 3609 3030 3681 μάρτυρες
3063 3610 3172 3665 τῶν
3199 3610 3475 3664 δυσσεϐῶν
3505 3610 3784 3684 κατεφρό-

2187 3714 2358 3769 νησαν
2390 3698 2679 3769 βασιλέων.

2260 3790 2369 3860 μξ’,
2410 3796 2525 3862 μη’.
2573 3810 2593 3844 ι
2631 3792 2744 3846 Kal
2771 3792 3048 3862 ἐμελέτων
3094 3793 3152 3847 ὲν
3191 3794 3313 3856 ταῖς
3364 3791 3611 3856 ἐντολαῖς
3661 3811 3788 3861 σου,

2185 3875 2277 3944 αἷς
2309 3882 2573 3954 ἠγάπησα
2605 3882 2833 3952 σφόδρα.
2861 3884 2974 3938 Καὶ
3003 3880 3115 3955 ἦρα
3152 3884 3249 3947 τὰς
3283 3884 3473 3956 χεῖράς
3508 3901 3612 3951 μου
3644 3885 3791 3957 πρὸς

2182 3974 2283 4037 τὰς
2309 3974 2533 4034 ἐντολάς
2565 3990 2679 4040 σου,
2711 3975 2777 4039 ἃς
2820 3976 3106 4047 ἠγάπησα.
3152 3997 3171 4029 ι
3222 3979 3296 4031 Οὐ
3331 3978 3439 4049 γὰρ
3481 3980 3540 4032 ὲν
3569 3976 3716 4050 λόγῳ
3748 3982 3785 4051 ἡ

2186 4064 2438 4135 βασιλεία
2464 4065 2560 4120 τοῦ
2589 4066 2747 4133 Θεοῦ,
2793 4068 2909 4121 ἀλλ’
2940 4068 2999 4122 ὲν
3029 4068 3289 4134 δυνάμειο
3322 4070 3414 4124 καὶ
3457 4072 3486 4124 ὁ
3524 4073 3787 4143 ποιήσας,

2184 4158 2279 4210 καὶ
2308 4159 2336 4210 ὁ
2365 4157 2608 4223 διδάξας,
2634 4154 2789 4222 οὗτος
2825 4159 2998 4228 μέγας
3028 4160 3364 4232 κληθήσεται
3398 4164 3496 4216 ὲν¹⁵
3537 4167 3603 4235 τῇ
3636 4164 3794 4234 βασι-

2182 4248 2304 4320 λείᾳ
2331 4249 2441 4303 τῶν
2468 4249 2739 4321 οὐρανῶν.
2767 4251 2870 4304 Διά
2899 4267 2983 4305 τοι
3016 4251 3177 4306 τοῦτο
3204 4252 3301 4306 καὶ
3332 4256 3360 4307 ὁ
3385 4252 3528 4317 θεῖος
3555 4256 3791 4329 Προφή-

2182 4356 2280 4411 της
2301 4343 2366 4410 τῇ
2396 4340 2599 4413 μελέτῃ
2619 4342 2720 4412 τὴν
2745 4340 2948 4412 πρᾶξιν
2971 4344 3346 4414 προτέθεικεν.
3377 4344 3634 4417 Εἰρηκὼς
3649 4350 3790 4420 γὰρ,

2189 4453 2208 4484 ι
2257 4433 2563 4504 Ἑμξλέτων
2589 4434 2647 4485 ὲν
2673 4435 2793 4497 ταῖς
2813 4432 3061 4496 ἐντολαῖς
3084 4450 3203 4500 σου,
3233 4428 3326 4498 αἷς
3357 4436 3623 4505 ἡγάπησα
3660 4440 3795 4505 σφό-

498 4536 605 4579 tem
636 4526 996 4594 cupiditatem
1025 4525 1387 4591 declarasset,
1417 4524 1664 4581 subdidit
1693 4541 1708 4579 :
1748 4543 1766 4577 ι
1808 4523 1878 4579 Ει
1902 4525 2076 4581 levavi

2184 4524 2339 4597 δρα,›
2377 4527 2469 4579 καὶ
2512 4525 2603 4578 τδν
2648 4525 2853 4596 θερμὸν
2907 4523 3186 4591 ἐπιδείξας
3228 4526 3427 4592 πόθον,
3470 4529 3788 4597 ἐπήγαγενο

500 4631 695 4671 manus
730 4633 884 4672 meas
929 4617 996 4673 ad
1034 4618 1292 4673 mandata
1344 4627 1460 4684 tua,
1506 4633 1629 4687 qua:
1671 4616 1858 4672 dilexi.
1900 4635 1918 4669 ι
1956 4615 2082 4682 Quae

2199 4635 2219 4668 ι
2267 4617 2377 4670 Καὶ
2404 4613 2512 4687 ἦρα
2535 4617 2636 4678 τὰς
2668 4618 2857 4688 χεῖράς
2892 4634 2998 4687 μου
3023 4617 3162 4687 πρὸς
3191 4618 3292 4680 τὰς
3327 4619 3541 4681 ἐντολάς
3582 4618 3791 4685 coma;

492 4710 641 4763 enim
665 4724 762 4780 per
784 4709 967 4763 divina
998 4714 1224 4767 oracula
1248 4710 1434 4778 didici,
1463 4711 1579 4765 haec
1610 4725 1707 4781 per
1736 4724 1901 4780 opera
1930 4724 2082 4765 exse-

2194 4710 2482 4779 ἡγάπησα.
2522 4729 2540 4761 ι
2587 4711 2649 4762 Ἀ
2682 4710 2793 4781 γὰρ
2825 4710 2916 4763 διὰ
2947 4710 3056 4763 τῶν
3095 4710 3256 4763 θείων
3284 4710 3459 4779 λόγων
3494 4710 3791 4766 ἐδιδασκὸ-

491 4807 655 4854 cutus
689 4815 835 4854 sum.
866 4799 986 4856 Non
1053 4803 1201 4858 enim
1246 4804 1528 4858 auditores
1590 4801 1727 4872 legis
1785 4801 1922 4872 justi
1965 4810 2082 4855 snnl

2199 4820 2306 4873 μην
2330 4805 2371 4867 ⁸,
2427 4802 2601 4857 ταῦτα
2648 4804 2736 4857 διὰ
2780 4803 2885 4856 τῶν
2927 4803 3106 4874 ἔργων
3139 4803 3361 4874 μετῄειν
3383 4805 3424 4857 ⁷.
3473 4804 3548 4856 Οὐ
3582 4804 3695 4877 γὰρ
3738 4808 3793 4860 οἱ

497 4891 646 4961 apud
680 4890 876 4956 Deum,
906 4902 968 4949 ut
997 4895 1226 4951 divinus
1256 4896 1336 4950 ait
1362 4897 1688 4966 Apostolus,
1722 4894 1821 4951 sed
1855 4893 2082 4949 factore:

2196 4894 2469 4965 ἀκροαταὶ
2497 4895 2594 4949 τοῦ
2635 4896 2802 4966 νόμου
2835 4896 3037 4949 δίκαιοι
3069 4895 3220 4964 παρὰ
3252 4896 3329 4965 τῷ
3361 4896 3499 4966 Θεῷ,
3529 4899 3739 4965 φησὶν³
3763 4898 3796 4950 ὁ

489 4983 627 5054 legis
654 4984 1113 5056 justillt'abuntur
1142 4988 1217 5041 δ’.
1253 5006 1271 5038 ι
1308 4987 1379 5042 Et
1400 4988 1701 5053 meditatus
1728 5001 1850 5043 sum
1893 4987 2082 5056 justiﬁ-

2197 4984 2339 5047 θεῖος
2397 4985 2747 5051 ’Δπόστολος,
2783 4985 2922 5039 ἀλλὰ
2963 4988 3188 5056 ποιηταί
3237 4988 3331 5040 τοῦ
3362 4987 3529 5055 νόμου
3556 4986 3794 5042 δικαιω-

489 5077 736 5131 cationes
795 5084 936 5132 tuas.
1007 5095 1027 5128 ι
1083 5076 1361 5132 Continuo
1418 5078 1565 5133 enim
1632 5077 1734 5134 bas
1786 5077 2082 5134 meditatus

2193 5076 2471 5147 θήσονται.
2513 5097 2531 5130 ι
2560 5078 2670 5130 Kal
2696 5077 3020 5148 ἡδολέσχουν
3040 5081 3099 5132 ὲν
3129 5082 3241 5143 τοῖς
3266 5079 3600 5150 δικαιώμασί
3627 5097 3782 5135 σου.»

487 5180 633 5224 sum.
2202 5169 2533 5240 Ἐνδελεκῶς
2562 5170 2673 5242 γὰρ
2700 5174 2801 5243 τὴν
2829 5171 3038 5225 τούτων
3060 5172 3361 5243 ἐποιούμην
3395 5172 3626 5243 μελέτην
3646 5174 3692 5226 ⁸.

559 5326 587 5364 h
628 5323 767 5377 Dan.
814 5336 892 5387 ιν,
931 5320 1023 5376 24.
1096 5320 1148 5361 δ’
1173 5318 1336 5376 Rom.
1370 5338 1429 5379 Il.
1463 5323 1553 5378 13.

1611 5440 1840 5501 VARIIE
1880 5441 2268 5501 LECTIONES
2307 5440 2395 5495 ET
2425 5439 2659 5497 NOTAE.

558 5566 602 5598 "
636 5563 760 5618 cod.
796 5559 922 5617 Vat.
954 5564 1068 5626 τοῖς
1098 5561 1298 5630 λόγοις.
1345 5558 1418 5630 7⁸⁸
1445 5561 1589 5628 Γὰρ.
1614 5563 1738 5619 cod.
1778 5565 1803 5619 1
1841 5564 1964 5619 add.
2000 5564 2082 5617 δια

2180 5564 2316 5626 υτός.
2414 5562 2461 5595 ⁹⁹
2488 5561 2690 5628 Ἐπορ.
2725 5559 2914 5628 Helm,
2958 5560 3257 5615 anzbulabo.
3359 5560 3375 5590 ³
3406 5559 3709 5616 Ἐλάηίουν
3733 5570 3799 5619 ει

487 5630 930 5704 ﬂuxuraﬂebr"
965 5632 1156 5704 loquar
1175 5629 1445 5704 ὲ-ριιάονρ
1473 5632 1710 5704 αιῇείαγ.
1763 5636 1783 5664 ⁸
1803 5635 1927 5686 cod.
1949 5634 1987 5704 il
2021 5636 2082 5687 du

2180 5635 2436 5704 ἰδρασκεν.
2514 5632 2534 5664 ⁸
2566 5633 2839 5704 Κύπ-ζων.
2886 5633 2961 5687 ib.
2998 5631 3432 5704 sequitur‘yap.
3523 5632 3562 5704 f
3593 5633 3790 5688 Θεσπ.

489 5698 616 5772 cod.
651 5705 671 5755 ί
710 5698 925 5772 θεῖοςς
979 5703 1001 5736 ³
1033 5698 1663 5772 Ἕγ-οὖρανῶνζιὶοε,
1700 5703 1752 5754 in
1785 5705 1905 5755 cod.
1940 5703 1989 5755 1.
2069 5706 2082 5734 ⁸

2183 5743 2196 5757 .
2219 5698 2561 5755 ⁷ἐδιδάιηιετο.
2640 5705 2657 5734 τ
2682 5701 2959 5771 Μετῄειν.
2994 5698 3117 5757 cod.
3153 5703 3179 5755 1
3213 5698 3446 5772 μέτεισι.
3521 5699 3545 5732 ⁸
3567 5704 3794 5762 dhrein

489 5771 571 5828 ib.
633 5785 817 5839 pt'tem.
1005 5774 1026 5805 ’
1057 5766 1351 5838 Μελέτήν.
1402 5771 1475 5825 ib.
1510 5770 1753 5839 μνήμην,
1793 5774 2079 5839 ascriplat

2182 5791 2241 5826 en
2275 5774 2506 5827 lectione
2535 5771 2722 5826 altera.
