4128 6464
423 392 557 455 1837

1730 379 1808 439 IN
1851 380 2054 438 PSAL.
2092 380 2358 440 CXVIII.

3547 379 3682 444 18338

491 505 600 576 p.0'.
643 523 660 554 ‹
696 499 982 572 Μνήσθητι
1016 497 1124 551 τῶν
1161 496 1335 564 λόγων
1365 511 1459 547 σου
1487 492 1564 564 τῷ
1579 494 1749 564 δούλῳ
1781 498 1895 557 σου,
1929 487 2003 548 ὧν

2185 493 2345 549 Vens.
2382 495 2470 549 49.
2504 515 2520 544 ι
2563 493 2766 548 Memor
2797 505 2910 548 esto
2943 493 3232 547 verborum
3271 500 3489 545 tuorum
3527 509 3686 547 servo

416 595 727 668 ἐπήλπισάς
750 610 840 664 με.
873 609 890 641 ι
926 587 1254 661 Νομοθετῶν
1283 590 1312 641 ὁ
1341 585 1498 651 Θεὸς,
1533 588 1626 640 καὶ
1663 588 1774 650 τοῖς
1805 587 2004 656 φυλάτ-

416 706 568 743 τουσι
603 687 693 740 τὸν
723 686 886 756 νόμον
916 683 1012 751 τὴν
1041 681 1251 735 οἰκείαν
1291 681 1583 752 εὐμένειαν
1613 680 2004 752 ἐπηγγείλατο,

2108 595 2204 641 tuo
2243 587 2598 657 (datorum).
2650 587 2702 640 iu
2748 585 2951 656 quibus
2998 584 3132 638 mibi
3185 598 3338 654 spem
3401 583 3622 638 dedisti.
3663 604 3680 635 ›

2107 678 2305 750 Legem
2344 679 2524 735 ferens
2560 679 2698 733 Deus
2734 688 2788 733 et
2832 677 3277 734 custodientibus
3316 677 3486 746 legem
3521 676 3685 730 bene-

419 781 514 834 καὶ
540 781 653 839 τοῖς
686 775 1037 846 παραϐάταις
1074 772 1174 842 τὴν
1212 772 1510 844 τιμωρίαν.
1541 773 1862 843 Μνησθῆναι
1893 771 2007 826 τοί-

2141 769 2400 824 olentiam
2430 785 2586 823 suam
2620 769 2898 839 promisit,
2923 776 2978 823 et
3000 767 3533 838 transgredientibus
3558 781 3686 836 sup-

419 891 514 926 νυν
549 871 639 924 τὸν
662 870 798 922 Θεὸν
827 867 938 921 τῶν
976 866 1194 919 οῖκείων
1241 865 1590 935 ὑποσχέσεων
1631 862 1884 917 ἱκετεύει.
1914 865 2010 927 Εἰς

421 963 639 1025 ἐκείνας
669 962 798 1031 γὰρ,
819 959 1006 1030 φησὶν,
1025 956 1266 1022 ἐλπίζειν
1303 955 1550 1020 ἐδίδαξάς
1593 972 1660 1026 με
1685 969 1699 987 ⁸
1751 956 1844 1009 καὶ
1908 955 2014 1008 δει-

425 1055 555 1118 κνὺς
592 1053 694 1122 τῆς
723 1051 940 1112 ἐλπίδος
963 1051 1025 1104 τὺ
1048 1052 1341 1122 χρήσιμον,
1374 1051 1659 1121 ἐπήγαγεν
1679 1065 1692 1079 ·

497 1226 561 1283 ν’.
610 1247 629 1280 ι
673 1225 824 1298 Αὕτη
859 1243 928 1298 με
951 1226 1328 1298 παρεκάλεσεν
1351 1228 1410 1280 ἐν
1430 1229 1498 1297 τῇ
1526 1223 1856 1278 ταπεινώσει
1889 1242 2014 1296 μου,

427 1324 511 1377 ὅτι
548 1321 609 1374 τὸ
654 1321 833 1387 λόγιόν
881 1337 974 1372 σου
1028 1318 1192 1390 ἐζησέ
1246 1336 1334 1389 με.
1375 1337 1393 1370 ι
1444 1316 1661 1386 Ταύτην
1711 1316 1817 1388 γὰρ
1859 1315 2018 1386 ἔσχον

431 1412 766 1485 παραψυχὴν
797 1414 854 1466 ἐν
889 1415 1006 1474 ταῖς
1043 1413 1350 1482 συμφοραῖς
1373 1427 1387 1442 ·
1421 1411 1515 1464 καὶ
1545 1411 1750 1481 ταύτης
1783 1409 2018 1480 ὀχούμε-

430 1523 523 1570 νος
549 1506 592 1537 ¹⁰
623 1504 1010 1575 ὑπερέπλευσα
1037 1503 1146 1556 τῶν
1182 1502 1464 1572 κυμάτων.

503 1604 606 1651 να’.
641 1618 660 1650 ι
700 1597 1074 1667 Ὑπερήφανοι
1113 1595 1466 1667 παρηνόμουν
1509 1594 1614 1656 ἓως
1653 1592 1880 1665 σφόδρα,
1912 1593 2020 1647 ἀπὸ

431 1690 491 1744 δὲ
535 1689 631 1742 τοῦ
660 1689 826 1756 νόμον
890 1705 982 1741 σου
1030 1688 1132 1741 οὒκ
1184 1686 1456 1751 ἐξέκλινα.
1499 1705 1519 1738 ι
1564 1687 2020 1756 ’Υπερηφάνους

2113 863 2357 933 plicium.
2392 859 2467 916 Ut
2493 862 2656 932 igitur
2695 876 2919 916 suarum
2967 861 3393 931 promissionum
3435 859 3690 913 recorde-

2113 964 2224 1020 tur,
2258 953 2430 1009 Deum
2457 963 2729 1024 precatur.
2759 954 2816 1007 ln
2843 954 2952 1008 illis
2970 953 3140 1016 enim,
3171 952 3266 1018 ait,
3302 965 3454 1021 spem
3484 964 3692 1020 ponere

2116 1064 2204 1103 me
2251 1047 2510 1102 docuisti.
2563 1046 2628 1101 Et
2674 1047 2968 1103 ostendens
3028 1045 3146 1116 spei
3201 1043 3490 1100 utilitatem
3558 1043 3691 1098 sub-

2116 1142 2292 1197 didit:

2191 1232 2357 1287 Vens.
2392 1233 2478 1287 50.
2520 1252 2538 1282 ι
2584 1230 2710 1286 Ilaec
2745 1232 2847 1286 fuit
2887 1231 3196 1286 consolatio
3227 1247 3344 1285 mea
3381 1232 3434 1284 in
3467 1228 3694 1284 humili-

2122 1335 2234 1381 tate
2281 1341 2436 1388 mea,
2494 1326 2620 1395 quia
2663 1322 2941 1393 eloquium
2988 1333 3144 1377 tuum
3195 1323 3492 1377 viviticavit
3522 1336 3630 1376 me.
3670 1341 3689 1374 ι

2123 1417 2273 1473 Hanc
2306 1417 2450 1472 enim
2484 1417 2538 1470 in
2573 1415 2984 1471 calamitatibus
3028 1415 3460 1470 consolationem
3503 1414 3693 1482 habui,

2121 1523 2174 1569 et
2217 1515 2317 1568 hac
2344 1521 2536 1568 vectus
2570 1527 2732 1580 super
2759 1510 2923 1565 undis
2956 1509 3227 1579 navigavi.

2193 1601 2359 1658 Vens.
2398 1603 2489 1656 5|.
2537 1620 2554 1652 ι
2598 1601 2832 1671 Superbi
2883 1599 3177 1654 admodum
3227 1598 3416 1668 inique
3446 1598 3697 1669 agebant,

2123 1706 2154 1744 a
2189 1691 2303 1762 lege
2341 1701 2527 1746 autem
2583 1702 2672 1746 tua
2711 1707 2818 1746 non
2854 1690 3150 1745 declinavi.
3191 1709 3209 1741 ι
3265 1688 3529 1758 Superbos
3563 1704 3703 1742 nun-

435 1780 593 1834 καλεῖ
619 1779 710 1832 τὸν
735 1778 926 1840 Σαοὺλ,
954 1777 1045 1831 τὸν
1087 1775 1463 1846 Ἀϐεσσαλὼμ,
1487 1775 1578 1831 τὸν
1607 1777 1717 1829 τῶν
1751 1778 2018 1848 Ἀμμανι-

2141 1792 2288 1852 :upat
2317 1782 2560 1848 Saulem,
2600 1781 2952 1848 Absalonem,
3003 1781 3442 1837 Ammanitarum
3495 1796 3701 1851 regem,

434 1875 543 1927 τῶν
576 1872 820 1942 βασιλέα,
851 1871 944 1923 τὸν
970 1870 1040 1923 τὰ
1072 1871 1362 1940 παράνομα
1390 1871 1579 1924 ἐκεῖνα
1617 1871 1697 1932 εἰς
1727 1871 1853 1934 τοὺς
1883 1872 2016 1923 ἀπο-

439 1965 734 2026 σταλέντας
757 1964 887 2032 παρ’
912 1961 1076 2015 αὑτοῦ
1104 1960 1464 2030 πεποιηκότα.
1483 1960 1647 2014 Ἀλλὰ
1671 1963 1867 2015 ἐκεῖνοι
1893 1961 2015 2032 μὲν,

439 2056 598 2127 φησὶ,
634 2055 955 2125 παράνομον
987 2053 1304 2122 ἠσπάσαντο
1334 2052 1446 2121 βίον
1466 2068 1480 2082 ·
1519 2053 1632 2121 ἐγὼ
1671 2052 1727 2105 δὲ
1759 2056 1870 2116 τοῖς
1909 2055 2022 2116 σοῖς

437 2148 783 2220 ἠκολούθησα
813 2147 1020 2217 νόμοις.
1058 2143 1243 2199 Ταῦτα
1285 2145 1341 2198 δὲ
1381 2146 1586 2199 εἴποιεν
1609 2144 1675 2198 ἂν
1703 2146 1793 2198 καὶ
1822 2146 1870 2198 οἱ
1902 2145 2024 2197 καλε

440 2239 636 2293 λίνικοι
686 2239 987 2308 μάρτυρες,
1038 2233 1214 2290 ἅπὸ¹¹
1291 2234 1401 2287 τῶν
1445 2233 1893 2306 άπανθρώπων¹¹
1931 2235 2025 2287 καὶ

441 2331 716 2386 δυσσεϐῶν
755 2329 1034 2401 τυράννων
1058 2327 1128 2381 τὰ
1160 2326 1311 2381 δεινὰ
1342 2327 1530 2381 ἐκεῖνα
1557 2328 1649 2380 καὶ
1677 2327 1893 2396 χαλεπὰ
1931 2344 2028 2380 πε-

445 2425 720 2488 πονθότες.

516 2513 613 2584 νβ’.
649 2534 667 2566 ι
716 2512 1027 2585 Ἐμνήσθην
1071 2511 1180 2565 τῶν
1225 2511 1510 2581 κριμάτων
1565 2527 1659 2563 σου
1684 2509 1779 2563 ἀπ’
1809 2509 2026 2578 αἰῶνος»

446 2605 642 2674 Κύριε,
670 2607 764 2658 καὶ
804 2603 1178 2675 παρεκλήθην.
1212 2621 1230 2653 ι
1287 2600 1518 2654 Ἔλαϐον
1561 2600 1669 2672 γὰρ
1698 2603 1778 2664 εἰς
1812 2600 1936 2655 νοῦν
1963 2603 2033 2655 τὰ

448 2697 592 2753 κατὰ
620 2697 713 2750 τὸν
742 2695 931 2761 Ἀϐελ,
963 2695 1032 2748 τὰ
1064 2694 1204 2748 κατὰ
1235 2693 1330 2747 τὸν
1367 2692 1634 2764 Ἀϐραὰμ,
1667 2692 1736 2745 τὰ
1768 2692 1908 2746 κατὰ
1941 2692 2032 2747 τὸν

463 2789 669 2852 Ἰσαὰκ,
701 2788 770 2842 τὰ
799 2788 941 2842 κατὰ
966 2788 1056 2840 τὸν
1103 2785 1332 2850 Ἰακὼϐ,
1378 2785 1447 2838 τὰ
1484 2785 1623 2839 κατὰ
1669 2785 1758 2837 τὸν
1813 2787 2031 2854 Ἰωσὴφ,

452 2882 520 2935 τὰ
544 2881 586 2914 ¹⁸
644 2878 787 2933 κατὰ
828 2879 917 2931 τὸν
964 2876 1085 2930 Ἰὼϐ
1109 2918 1123 2941 ,
1165 2875 1236 2930 τὰ
1276 2876 1418 2930 κατὰ
1456 2875 1546 2928 τὸν
1581 2875 1774 2946 Μωσῆ,
1817 2877 1963 2938 ὅπως
1989 2876 2033 2907 ιδ

451 2969 550 3024 καὶ
574 2968 836 3030 ποικίλοις
865 2968 1183 3037 περιπεσεῖν
1207 2965 1660 3035 συνεχωρήθησαν
1686 2966 2030 3034 πειρασμοῖς,

453 3063 551 3116 καὶ
597 3063 917 3130 περιφανεῖς
967 3059 1164 3122 αὐτοὺς
1199 3057 1426 3128 ὕστερον
1474 3058 1568 3111 καλ⁴
1643 3058 2036 3129 περιϐλέπτους

2130 1874 2338 1948 1451
2398 1876 2493 1947 qui
2547 1875 2676 1930 fecit
2725 1876 2916 1945 iniqua
2964 1875 3056 1930 illa
3108 1874 3161 1928 in
3204 1889 3300 1930 eos
3341 1875 3434 1944 qui
3468 1872 3536 1927 ab
3585 1873 3705 1941 ipso

2130 1967 2286 2022 missi
2316 1965 2561 2021 fuerunt.
2613 1966 2722 2022 Sed
2756 1967 2834 2021 illi
2886 1967 3144 2037 quidem,
3200 1969 3414 2037 inquit,
3459 1965 3706 2034 iniquam

2131 2060 2366 2130 amplexi
2399 2069 2529 2115 sunt
2563 2061 2730 2114 vitam
2777 2079 2789 2114 :
2828 2075 2929 2132 ego
2971 2075 3102 2116 vero
3142 2070 3268 2115 tuas
3307 2061 3453 2130 leges
3486 2067 3707 2114 secutus

2134 2164 2279 2204 sum.
2319 2151 2754 2206 Caeterum-haec
2799 2150 2982 2206 dicere
3031 2159 3254 2220 possent
3295 2151 3460 2204 etiam
3511 2149 3708 2203 trium-

2135 2243 2397 2312 phatores
2428 2252 2722 2314 martyres,
2759 2243 2854 2313 qui
2885 2243 3070 2312 gravia
3100 2253 3152 2298 et
3182 2257 3372 2313 aspera
3405 2241 3494 2296 illa
3525 2257 3554 2295 a
3583 2256 3709 2296 cru-

2135 2335 2348 2392 delibus
2379 2346 2434 2392 et
2467 2337 2648 2406 impiis
2681 2337 2928 2408 tyrannis
2960 2337 3202 2405 perpessi
3229 2344 3375 2390 sunt.

2211 2513 2357 2571 Vens
2388 2515 2478 2570 52.
2521 2535 2538 2568 ι
2577 2515 2786 2571 Memor
2819 2514 2898 2569 fui
2934 2513 3268 2582 iudiciorum
3299 2523 3517 2568 tuorum
3553 2529 3582 2566 a
3609 2527 3712 2567 saa-

2137 2607 2284 2672 culo,
2332 2607 2584 2675 Domine,
2633 2619 2688 2664 et
2738 2609 3055 2664 consolatus
3101 2623 3244 2662 sum.
3284 2626 3301 2658 ι
3361 2605 3416 2661 In
3475 2614 3712 2661 mentem

2141 2700 2288 2754 enim
2323 2701 2518 2755 reduxi
2550 2716 2614 2755 ea
2668 2717 2792 2772 qua:
2819 2700 3000 2766 Abeli,
3040 2709 3094 2756 et
3117 2697 3454 2762 Abrahamo,
3483 2706 3536 2754 et
3565 2699 3714 2754 Isaa-

2142 2806 2206 2846 co
2229 2831 2244 2854 ,
2281 2799 2336 2846 et
2365 2789 2592 2857 Jacobo,
2626 2801 2681 2848 et
2716 2791 2981 2862 Josepho,
3023 2800 3078 2846 et
3107 2791 3269 2854 Jobo,
3310 2799 3363 2845 et
3396 2789 3530 2844 Mosi
3575 2790 3719 2845 acci—

2143 2883 2364 2943 derunt.
2391 2884 2667 2952 quomodo
2698 2885 2750 2938 in
2785 2884 2964 2940 varias
2996 2888 3011 2906 ‘
3037 2884 3368 2940 tentatioues
3401 2885 3549 2953 ipsos
3583 2883 3719 2938 inci-

2145 2975 2273 3030 dere
2305 2977 2645 3045 permiseris,
2678 2987 2732 3031 et
2760 2977 3014 3047 deinceps
3041 2978 3284 3032 illustres
3308 2987 3361 3032 et
3394 2977 3720 3047 spectabiles

2145 3067 2295 3138 ipsos
2329 3068 2652 3135 reddideris,
2691 3071 2834 3125 unde
2868 3071 3306 3125 consolationem
3345 3071 3592 3125 idoneam
3631 3087 3720 3125 rc-

453 3154 764 3223 ἀπέφηνας,
783 3150 1139 3220 ψυχαγωγίαν
1159 3152 1202 3183 ¹³
1229 3148 1480 3202 ἐντεῦθεν
1500 3149 1826 3219 ἀποχρῶσαν
1855 3152 2036 3220 ἐπορι-
2062 3140 2105 3198 C
2140 3159 2445 3227 portabant.

457 3246 660 3314 σὰμην.

532 3341 634 3403 νγ’.
675 3352 694 3385 ι
736 3331 968 3402 ’Δθυμία
992 3332 1034 3362 ¹⁶
1068 3329 1296 3398 κατέσχε
1335 3346 1402 3399 με
1436 3329 1544 3382 ἀπὸ
1577 3328 1912 3399 ἁμαρτωλῶν
1933 3329 2040 3382 τῶν

460 3425 1051 3497 ἐγκαταλιμπανόντων
1083 3423 1174 3476 τὸν
1220 3422 1384 3490 νόμον
1416 3438 1532 3475 σου.
1563 3441 1581 3472 ι
1639 3420 1780 3490 Ἐγὼ
1814 3422 1910 3491 μὲν
1945 3437 2042 3475 κα-

461 3518 573 3582 κῶς
602 3517 828 3586 πάσχων
855 3516 922 3585 τῇ
950 3514 1139 3585 μνήμῃ
1159 3512 1268 3566 τῶν
1294 3512 1403 3566 σῶν
1429 3513 1786 3581 ἐψυχαγωγού
1796 3531 1901 3584 μην
1922 3530 2044 3584 κρι-

465 3610 680 3682 μάτωνο
715 3607 966 3676 ἠνιώμην
1003 3604 1059 3658 δὲ
1098 3603 1270 3674 ὅμως,
1307 3605 1402 3657 καὶ
1432 3604 1701 3657 διετέλουν
1741 3604 2041 3675 ἀσχάλλων,

462 3703 692 3766 πολλοὺς
730 3699 872 3770 ὁρῶν
917 3695 1088 3759 ἀδεῶς
1136 3697 1263 3759 τοὺς
1309 3696 1436 3760 σοὺς
1481 3697 1914 3766 παραϐαίνοντας
1955 3696 2042 3749 νό-

466 3809 621 3864 μους.

537 3901 630 3954 νδ’.
666 3917 686 3950 ι
713 3898 910 3952 Ψαλτὰ
938 3892 1078 3968 ἦσάν
1101 3912 1190 3966 μοι
1209 3894 1280 3949 τὰ
1304 3894 1648 3966 δικαιώματά
1675 3913 1787 3956 σου.
1811 3897 1870 3948 ἐν
1896 3896 2046 3966 τόπῳ

467 3990 762 4062 παροικίας
785 4005 909 4060 μου.
944 4007 962 4040 ι
986 3988 1325 4059 Παρῴκησεν
1345 3985 1389 4020 ⁸⁸
1417 3989 1446 4040 ὁ
1472 3987 1738 4058 μακάριος
1753 3987 1920 4040 Δαϐὶδ
1941 3987 2046 4040 ὑπὸ

465 4085 562 4139 τοῦ
603 4084 777 4138 Σαοὺλ
807 4082 1136 4151 διωκόμενος
1170 4079 1320 4148 παρὰ
1351 4081 1464 4142 τοῖς
1493 4077 1858 4146 Ἀλλοφύλοις.
1891 4080 2048 4146 Παρ-

467 4176 667 4231 οικίαν
711 4175 769 4227 δὲ
811 4171 970 4244 οἶμαι
999 4173 1164 4226 αὑτὸν
1210 4171 1415 4236 καλεῖν,
1445 4170 1543 4223 οὐκ
1574 4171 1780 4222 ἐκεῖνον
1811 4170 1904 4223 τὸν
1925 4169 2050 4240 χρό-

465 4287 576 4333 νον,
614 4267 750 4322 ἀλλὰ
776 4267 954 4320 πάντα
985 4265 1076 4319 τὸν
1105 4265 1239 4334 βίον.
1268 4263 1344 4316 Οὐ
1372 4262 1482 4333 γὰρ
1503 4261 1578 4325 ὡς
1604 4261 1892 4325 κατοικῶν,
1915 4260 2049 4312 ἀλλὰ

466 4363 542 4424 ῶς
575 4356 856 4428 παροικῶν
885 4357 1050 4410 αὐτὸν
1079 4355 1369 4420 διετέλεσε,
1406 4357 1500 4409 καὶ
1533 4354 1674 4426 ᾄδων
1699 4352 1768 4405 τὰ
1797 4352 1891 4405 τοῦ
1914 4351 2048 4405 Θεοῦ

465 4449 816 4516 δικαιώματα
843 4445 934 4498 τὸν
959 4445 1072 4514 βίον
1099 4444 1408 4500 διώδευσε-ι.
1439 4444 1593 4497 Οὕτω
1626 4443 1733 4513 γὰρ
1769 4443 2050 4513 ἡρμήνευ-

470 4557 568 4592 σαν
601 4537 696 4591 καὶ
722 4537 772 4590 οῖ
797 4535 974 4588 λοιποὶ
991 4535 1323 4606 ἐρμηνευταί
1345 4550 1357 4563 '
1384 4553 1402 4586 ι
1428 4534 1682 4606 ’ᾼσματα
1709 4529 1779 4604 ἦν
1797 4550 1885 4603 μοι
1914 4532 2053 4587 πάν-

465 4630 598 4682 ea"
630 4627 700 4680 τὰ
730 4625 1136 4698 προστάγματά
1172 4641 1289 4690 σου,
1335 4626 1396 4678 ἐν
1436 4624 1589 4696 τόπῳ
1628 4625 1728 4694 τῆς
1763 4624 2052 4694 παροικίας

470 4738 598 4791 μου.
638 4739 658 4772 δ

537 4817 631 4867 νε¹.
656 4830 674 4863 ι
714 4809 1025 4880 Ἐμνήσθην
1053 4809 1111 4862 ἐν
1137 4807 1290 4862 νυκτὶ
1311 4806 1405 4860 τοῦ
1427 4807 1687 4878 ὀνόματός
1711 4823 1826 4872 σου,
1854 4810 2046 4877 Κύριε,

466 4904 565 4958 καὶ
596 4903 839 4972 ἐφύλαξα
862 4903 955 4954 τὸν
981 4901 1146 4971 νόμον
1165 4917 1280 4954 σου.
1313 4921 1332 4954 ι
1350 4900 1587 4969 Νύκτωρ
1609 4902 1652 4931 ²⁰
1675 4901 1774 4970 μὲν
1799 4904 1884 4954 ἀεὶ
1901 4902 2050 4955 διαν-

470 4995 764 5065 ιστάμενος
813 4996 842 5047 ὁ
873 4994 984 5047 τῶν
1011 4992 1184 5062 ἁγίων
1209 4993 1392 5063 χορὸς,
1421 4993 1516 5046 καὶ
1540 4992 1923 5062 προσεύχεται,
1954 4995 2048 5047 καὶ

463 5089 698 5157 ἁνυμνεῖ
725 5087 816 5140 τὸν
841 5087 950 5140 τῶν
981 5085 1118 5139 ὅλων
1146 5085 1299 5140 Θεόν.
1326 5081 1494 5155 Οἶμαι
1521 5084 1577 5137 δὲ
1597 5085 1791 5138 νύκτα
1813 5083 2049 5138 ἐνταῦθα

463 5179 575 5235 τῶν
604 5178 928 5250 πειρασμῶν
959 5177 1052 5232 τὸν
1083 5177 1279 5247 καιρὸν
1313 5175 1696 5247 ὀνομάζεσθαι.
1732 5176 1904 5246 Ζόφον
1940 5176 2050 5248 γὰρ

463 5274 744 5345 ἐπιφέρει,
775 5273 871 5328 καὶ
891 5272 1085 5337 νυκτὸς
1105 5272 1261 5343 δίκην
1284 5273 1399 5336 τοῖς
1414 5271 1722 5342 ἀνθρώποις
1741 5273 2051 5342 ἐπέρχεται.

2084 4497 2128 4552 D

2218 3335 2379 3390 Vens.
2429 3338 2519 3392 55.
2584 3360 2601 3390 ‹
2645 3340 2824 3395 Defeci
2883 3344 3070 3395 animo
3127 3354 3348 3412 prepter
3402 3355 3723 3414 peccatores

2146 3426 2589 3497 derclinquentes
2645 3432 2814 3501 legem
2868 3441 3037 3486 tuam.
3080 3453 3097 3484 ι
3165 3433 3276 3504 Ego
3311 3435 3532 3505 quidem
3582 3438 3724 3489 mala

2149 3515 2362 3583 patiens
2427 3526 2646 3572 tuorum
2698 3520 3035 3589 judiciorum
3087 3524 3350 3578 memoria
3396 3526 3722 3580 reliciebar:

2149 3608 2447 3662 maerebam
2499 3619 2675 3666 tamen
2700 3655 2714 3677 ,
2768 3628 2830 3667 ac
2870 3627 3135 3684 perpetuo
3165 3633 3399 3672 mmrore
3435 3618 3724 3682 aliieicbar,

2149 3702 2352 3756 multos
2381 3719 2612 3759 cernens
2645 3706 2867 3774 impune
2901 3716 3022 3762 tuas
3053 3709 3260 3765 violare
3294 3711 3460 3780 leges.

2221 3875 2386 3935 Vens.
2419 3879 2509 3934 54.
2551 3899 2570 3932 ι
2612 3881 2928 3940 Cantabiles
2960 3887 3094 3941 mibi
3125 3898 3281 3944 erant
3305 3890 3730 3960 justilicationes

2157 3976 2262 4022 tua:
2295 3968 2352 4022 in
2387 3969 2510 4024 loco
2542 3972 3000 4042 peregrinationis
3038 3991 3192 4032 meae.
3229 3996 3247 4029 ι
3299 3980 3621 4035 Dlversatus
3647 3993 3732 4036 est

2153 4057 2349 4114 beatus
2373 4059 2544 4114 David
2570 4063 2714 4132 apud
2744 4063 3084 4135 Allopbylos,
3117 4083 3244 4122 cum
3280 4085 3312 4124 a
3345 4068 3510 4125 Saule
3540 4087 3731 4142 perse-

2151 4152 2426 4208 cntionem
2457 4164 2754 4224 pateretur.
2792 4157 3285 4229 Peregrinationem
3325 4173 3507 4220 autem
3549 4167 3733 4237 ipsum

2157 4261 2354 4302 vocare
2384 4251 2606 4318 opinor,
2639 4268 2747 4307 non
2780 4252 2910 4307 illud
2945 4263 3180 4325 tempus,
3217 4258 3312 4313 sed
3343 4268 3511 4314 totam
3540 4261 3729 4316 vitam.

2158 4339 2271 4394 Non
2306 4341 2452 4395 enim
2485 4343 2653 4397 vcluti
2689 4345 2965 4412 habitans,
3014 4348 3110 4403 sed
3161 4358 3416 4419 tanquam
3447 4351 3735 4408 diversans

2161 4431 2394 4500 vivebat,
2430 4431 2634 4504 Deique
2655 4436 3079 4506 iustiﬁcationes
3104 4456 3309 4498 canens
3342 4444 3507 4498 vitam
3544 4447 3736 4503 tradu-

2160 4524 2335 4580 cebat.
2388 4525 2480 4582 Sic
2521 4529 2668 4583 enim
2719 4538 3004 4588 verterunt
3045 4541 3100 4589 et
3145 4535 3326 4590 cmteri
3372 4537 3734 4609 interpretes:

2165 4633 2184 4667 ι
2215 4614 2444 4672 Cantica
2476 4629 2632 4675 erant
2661 4622 2797 4676 mihi
2825 4624 3011 4679 omnia
3046 4627 3302 4684 mandata
3345 4637 3435 4685 tua
3456 4631 3736 4704 1452b:

2157 4708 2279 4764 loco
2318 4713 2778 4782 peregrinationis
2809 4733 2964 4771 mete.
3005 4737 3022 4768 ι

2229 4803 2395 4861 Vens.
2429 4807 2518 4862 55.
2574 4827 2592 4859 ι
2635 4808 2844 4864 Memor
2891 4811 2968 4865 fui
3002 4823 3167 4867 noctu
3210 4815 3454 4873 nominis
3501 4819 3596 4882 tui,
3632 4818 3734 4874 Do-

2161 4901 2327 4966 mine,
2382 4910 2436 4954 et
2464 4901 2733 4956 custodivi
2779 4904 2953 4973 legem
3002 4916 3172 4959 tuam.
3213 4928 3230 4958 ι
3290 4907 3468 4965 Nootu
3519 4928 3738 4982 semper

2157 5003 2473 5048 sanctorum
2513 4993 2717 5048 chorus
2753 5009 3022 5066 surgens,
3069 5008 3122 5052 et
3175 5014 3366 5068 preces
3419 5001 3631 5065 fundit,
3682 5013 3737 5058 et

2157 5081 2327 5137 Deum
2371 5084 2753 5138 universorum
2811 5085 3016 5140 laudat.
3073 5084 3280 5157 Opinor
3312 5104 3472 5158 porro
3531 5101 3735 5144 noctem

2160 5177 2266 5232 hoc
2312 5178 2433 5232 loco
2480 5178 2842 5232 tentatiouum
2873 5189 3092 5249 tempus
3125 5181 3414 5237 nominari.
3468 5180 3736 5236 Nebulam

2163 5270 2310 5325 enim
2341 5269 2530 5337 infert,
2568 5280 2622 5327 et
2652 5274 2830 5328 noctis
2868 5273 3037 5330 instar
3069 5290 3234 5345 super
3275 5274 3525 5329 homines
3564 5275 3733 5330 venit.

1593 5473 1825 5532 VARUS
1859 5474 2245 5534 LECTIONES
2284 5477 2370 5530 ET
2395 5475 2629 5534 NOTz‘E.

540 5623 585 5654 ιο
627 5619 856 5684 ταύτης
917 5598 1131 5685 ὀχούμῖ
1181 5613 1254 5670 ib.
1292 5612 1676 5685 ἐποχούμενος.

1795 5611 1835 5642 ²¹
1859 5613 1978 5666 cod.
2014 5613 2038 5665 l
2071 5611 2195 5666 ὑπό.

2310 5615 2352 5645 ¹²
2393 5614 2662 5681 Ἀπανθρ.
2694 5614 2764 5668 ib.
2801 5616 3044 5684 ἀπηνῶν.
3125 5617 3166 5647 ’³
3212 5617 3528 5674 Τὰ-Ἰώὅο
3605 5623 3728 5680 "CS-

468 5692 602 5746 ibid.
683 5689 728 5721 ”
753 5683 1077 5760 Ὅπωςξὶὶῄ
1107 5685 1346 5760 (indocte.
1380 5685 1422 5760 ξ’
1455 5683 1695 5760 ξξιξχαγ.
1733 5683 1854 5760 coil.
1896 5683 1916 5734 1
1959 5699 2034 5760 pr:

2141 5723 2144 5734 .
2176 5683 2288 5760 καί.
2370 5685 2430 5760 ¹⁶ᾒ
2453 5683 2977 5760 ’ᾼθυτιι-ία-ςὰμαρε,
3002 5685 3203 5760 μοῦνα
3239 5687 3441 5760 Horror
3471 5696 3726 5760 corripuit
3791 5737 3794 5739 .

469 5779 550 5815 me
589 5769 800 5828 propter
830 5751 1037 5828 impios.
1115 5754 1413 5828 "_‘Fa.1_gd.
1455 5751 1904 5828 llebr.,'_caruico_.

2141 5753 2261 5821 ρῴκ
2319 5755 2451 5828 _CO:|.
2483 5756 2503 5808 1
2536 5756 2660 5808 add.
2695 5751 2812 5828 μέν.

2915 5757 2955 5788 ¹⁹
2989 5755 3211 5813 Πάντα.
3248 5759 3371 5816 Bes.
3417 5759 3472 5814 in
3514 5755 3633 5819 cod.
3675 5766 3724 5832 l,

471 5822 778 5888 ncc'exs'tat
815 5822 958 5892 apud
989 5825 1177 5883 Montl‘.
1212 5827 1265 5879 in
1301 5822 1505 5892 Hexapl
1555 5823 1621 5877 ad
1654 5823 1707 5876 h.
1742 5823 1779 5878 ι.
1851 5826 1900 5855 ⁸ο
1931 5824 2034 5878 Ni};

2141 5841 2195 5893 p.
2235 5825 2355 5880 cod.
2395 5828 2413 5876 l
2451 5826 2764 5896 ιηίῡιιικαί.
