4128 6412
458 315 601 380 1όῖ9

1463 312 1957 372 THEODORETI
1998 310 2339 371 EPISCOPI
2373 310 2738 371 CYIlENSIS

3606 313 3747 378 1840

462 437 517 484 in
548 434 653 485 hoc
681 444 811 484 vero
841 429 1189 501 potissimum
1223 427 1537 484 necessaria
1567 436 1622 483 ct
1653 428 2040 483 universorum

2164 423 2249 479 Ἐν
2293 425 2349 479 δὲ
2390 425 2564 498 τούτῳ
2611 427 2979 499 διαφερόντως
3029 428 3303 497 ἀναγκαία
3329 429 3425 484 τοῦ
3468 429 3606 484 θεοῦ
3635 432 3749 483 τῶν

461 523 555 578 Dei
598 524 887 589 memoria,
935 540 1055 593 qua:
1104 530 1353 587 recreat,
1406 531 1459 577 et
1502 522 1647 576 bono
1693 536 1817 577 esse
1861 520 2049 575 animo

458 613 637 683 jubet,
673 613 1087 683 eontrariasque
1122 612 1480 682 cogitationes
1508 611 1701 682 exigit.

534 704 701 759 Vens.
739 705 825 759 56.
866 724 888 756 4
927 704 1055 761 llmc
1095 705 1236 760 facta
1268 715 1351 759 est
1396 704 1555 769 mihi,
1607 704 1736 775 quia
1776 703 2049 774 justilica-

464 799 639 853 lienes
668 808 790 853 tuas
820 799 1116 867 ereltiisivi.
1160 817 1178 850 ι
1230 799 1343 863 Sic,
1394 798 1594 868 inquit,
1645 812 1907 867 superare
1947 811 2049 865 po-

466 893 568 957 tui,
588 901 639 945 et
660 892 861 961 eligere
892 902 1108 945 tuarum
1136 891 1592 961 justiﬁcationum
1623 891 2042 960 possessionem.

534 982 702 1037 Vsus.
745 982 834 1037 57.
867 1000 885 1032 ι
924 980 1112 1036 Ρυι·ιίο
1146 998 1265 1038 mea
1308 998 1389 1047 es,
1434 982 1681 1047 Domine,
1718 982 1830 1035 dixi
1863 989 2050 1035 custo-

462 1073 581 1130 dire
627 1076 802 1146 legem
843 1083 1013 1129 luam.
1049 1094 1067 1127 ι
1110 1074 1225 1128 Non
1258 1076 1505 1129 omnium
1539 1075 1718 1145 portio
1755 1084 1839 1129 est
1882 1073 2048 1136 Deus,

471 1168 557 1222 sed
609 1183 801 1220 eorum
881 1167 975 1235 qui
1028 1165 1421 1236 perfectionem
1473 1167 1708 1235 amplexi
1755 1174 1903 1219 sunt.
1960 1162 2051 1217 Sic

462 1260 812 1314 sacerdotum
857 1269 914 1312 et
959 1258 1272 1312 chitarum
1330 1274 1455 1328 pars
1496 1271 1548 1313 et
1597 1259 1891 1313 liaareditas
1928 1257 2048 1312 fuit.

470 1371 488 1403 ι
527 1350 679 1406 Filiis
706 1350 849 1405 enim
891 1349 1041 1414 Levi,
1092 1350 1296 1419 inquit,
1333 1367 1437 1403 non
1471 1351 1575 1405 erit
1604 1367 1729 1419 pars
1762 1350 1901 1403 inter
1936 1350 2050 1403 fra-

466 1455 577 1499 tres
604 1458 821 1509 carum,
858 1442 1120 1512 quoniam
1159 1458 1284 1511 pars
1312 1457 1500 1496 eorum
1535 1458 1637 1510 ego
1671 1441 1935 1497 Dominus
1970 1444 2044 1494 ί.»

467 1536 561 1590 Sic
583 1536 753 1590 etiam
787 1534 840 1588 in
872 1534 1089 1589 decimo
1115 1535 1309 1604 quinto
1340 1536 1554 1604 psalmo
1585 1534 1657 1588 ait
1697 1555 1707 1588 :
1736 1554 1753 1585 ι
1789 1534 2051 1588 Dominus

464 1642 595 1697 pars
626 1625 972 1680 licercditatis
1003 1642 1157 1690 meae,
1191 1636 1245 1680 et
1275 1626 1462 1681 caliei:
1499 1627 1603 1680 mei
1637 1624 1683 1682 ι.
1725 1646 1742 1676 ι
1782 1625 1921 1679 Dicit
1953 1626 2051 1697 igi-

467 1727 559 1771 tur
595 1727 650 1772 et
678 1716 783 1771 hoc
813 1717 866 1770 in
902 1716 1022 1772 loco
1052 1734 1065 1771 :
1098 1714 1296 1772 Omnia
1335 1718 1442 1771 alia
1474 1718 1802 1786 despiciens,
1837 1728 1885 1771 te
1920 1733 2049 1786 par-

470 1816 601 1873 tem,
649 1816 704 1863 et
753 1822 917 1877 opum
951 1806 1190 1877 copiam,
1248 1817 1303 1862 et
1341 1807 1560 1863 divitias
1618 1807 1811 1862 habeo.
1852 1808 2057 1864 Idcirco

475 1910 596 1957 tuas
625 1900 771 1981 leges
801 1899 1082 1956 custodire
1110 1899 1335 1955 festino.

546 2078 717 2135 Vens.
756 2079 845 2135 58.
885 2097 904 2130 ι
941 2077 1285 2150 Deprecatus
1323 2094 1443 2133 sum
1463 2077 1653 2157 faciem
1688 2089 1833 2134 tuam
1869 2081 1921 2133 in
1950 2088 2060 2133 toto

470 2175 638 2233 corde
668 2188 812 2228 meo.
847 2174 902 2225 ι’
932 2169 1147 2243 Ubique
1165 2173 1387 2241 apponit
1409 2190 1427 2223 ‹
1459 2172 1512 2225 in
1548 2181 1660 2225 toto
1681 2172 1840 2225 corde
1860 2187 2002 2233 meo,
2036 2190 2054 2222 ι

466 2268 641 2323 etiam
673 2266 727 2319 in
761 2265 866 2319 hoc
897 2263 1000 2335 legi
1030 2263 1439 2333 obtemperans.
1474 2262 1563 2318 Sic
1590 2266 1733 2319 enim
1774 2266 2061 2319 universo-

473 2376 595 2416 rum
643 2358 788 2414 Deus
817 2358 983 2427 jussit
1012 2374 1024 2410 :
1052 2375 1069 2408 ι
1113 2356 1315 2427 Diliges
1348 2355 1639 2410 Dominum
1684 2356 1849 2410 Deum
1883 2366 2059 2420 tuum,

472 2472 542 2511 ex
587 2462 707 2509 toto
756 2453 924 2508 corde
974 2461 1091 2519 tuo,
1126 2461 1181 2505 et
1224 2468 1291 2506 ex
1339 2462 1450 2506 tota
1499 2452 1682 2506 anima
1730 2462 1842 2518 tua,
1895 2460 1951 2505 et
1996 2468 2062 2504 ex

474 2547 735 2603 omnibus
764 2545 974 2601 viribus
1021 2544 1151 2611 tuis,
1206 2554 1259 2599 et
1314 2560 1380 2599 ex
1418 2553 1529 2599 tota
1575 2545 1783 2617 1453
1822 2547 2061 2615 potentia

475 2648 570 2694 tua
601 2638 651 2693 ¹¹.
690 2656 709 2689 ι
760 2664 829 2675 -
886 2654 905 2688 ε
944 2634 1203 2690 Miserere
1260 2636 1365 2689 mei
1424 2639 1728 2689 secuudum
1783 2635 2062 2705 eloquium

478 2743 655 2785 tuum.
688 2749 706 2782 ι
741 2727 859 2784 Non
888 2727 1136 2783 absolute
1161 2728 1599 2783 misericordiam
1628 2730 1848 2783 (‘OllCcdl
1876 2737 2065 2798 postu-

474 2821 575 2887 lat,
599 2820 694 2875 sed
717 2818 980 2889 cmisequi
1012 2818 1449 2873 misericordiam
1484 2820 1784 2874 secundum
1819 2820 2062 2871 divinum

475 2912 789 2968 oraculum.
825 2909 941 2965 Hoc
969 2909 1150 2964 dicere
1176 2918 1352 2978 potest
1376 2910 1538 2963 etiam
1570 2911 1809 2979 prudens
1830 2918 2065 2977 aegrotus

479 3003 693 3059 medico
731 3002 845 3059 :Ut
879 3002 1010 3068 seis,
1047 3001 1376 3055 medicinam
1408 3000 1697 3063 adliibe,et
1729 3010 1784 3054 ut
1816 3017 1905 3055 ars
1931 3016 2068 3069 prae-

2152 520 2293 574 ὂλων
2324 521 2357 590 ἡ
2388 522 2607 591 μνήμη,
2639 521 3074 590 ψυχαγωγοῦσα,
3097 522 3195 576 καὶ
3217 523 3746 595 παραθαρῤύνουσα,

2151 612 2248 665 καὶ
2272 612 2399 675 τοὺς
2426 612 2706 676 ἐναντίους
2734 612 3101 677 ἐξελαύνουσα
3125 614 3444 684 λογισμούς.

2224 710 2332 769 νς’.
2370 723 2389 756 ι
2427 704 2579 775 Αὕτη
2608 706 2840 777 ἐγενήθη
2871 722 2986 776 μοι,
3009 705 3092 759 ὃτι
3112 707 3181 761 τὰ
3208 705 3555 777 δικαιιέιματά
3584 724 3678 759 σου
3701 706 3745 737 ²¹

2148 795 2478 868 ἐξεζήτησα.
2515 818 2533 851 ι
2567 799 2747 864 Οὕτω,
2788 801 2977 869 φησὶν,
3016 800 3295 872 ἠδυνήθην
3336 799 3747 871 περιγενέσθαι,

2152 891 2246 944 καὶ
2275 891 2385 943 τῶν
2418 892 2527 946 σῶν
2557 892 2950 963 δικαιωμάτων
2985 892 3314 964 προελέσθαι
3356 894 3456 963 τὴν
3488 892 3704 961 κτῆσιν.

2224 986 2325 1047 νζ¹.
2373 1004 2391 1035 ι
2425 986 2600 1056 Μερίς
2633 1003 2734 1056 μου
2763 982 2836 1053 εἷ,
2868 986 3065 1057 Κύριε,
3112 982 3243 1040 εἶπα
3279 986 3372 1041 τοῦ
3405 986 3748 1053 φυλάξασθαι

2151 1076 2243 1130 τὸν
2275 1076 2439 1147 νόμον
2491 1094 2586 1131 σου
2611 1080 2677 1131 ²².
2716 1098 2733 1129 ι
2767 1080 2842 1132 Οὕ
2887 1080 3107 1134 πάντων
3140 1080 3259 1132 ἐστὶ
3306 1079 3465 1149 μερὶς
3516 1081 3545 1132 ὁ
3588 1078 3746 1145 Θεὸς,

2153 1170 2288 1223 ἀλλὰ
2320 1170 2428 1223 τῶν
2456 1170 2862 1242 ἀσπαζομένων
2898 1172 2969 1225 τὰ
2995 1172 3203 1225 τέλεια.
3236 1170 3397 1225 Οὕτω
3423 1171 3533 1224 τῶν
3554 1172 3749 1240 ἱερέων

2152 1262 2246 1315 καὶ
2267 1262 2510 1316 Λευῖτῷν
2560 1264 2717 1332 μερὶς
2761 1264 2857 1316 καὶ
2904 1263 3109 1334 κλῆρος
3133 1264 3376 1332 ἐγένετο.
3423 1280 3443 1314 ε
3482 1262 3607 1326 Τοῖς
3639 1262 3751 1333 γὰρ

2155 1351 2309 1413 υἱοῖς,
2339 1352 2497 1420 φησί,
2530 1350 2665 1404 Λευί
2685 1353 2786 1406 οὐκ
2833 1353 2988 1406 ἐσται
3017 1355 3175 1425 μερὶς
3201 1356 3259 1407 ἐν
3291 1353 3442 1424 μέσῳ
3467 1353 3575 1407 τῶν
3601 1353 3752 1406 ἀδελ-

2154 1442 2271 1510 φῶν
2322 1443 2526 1510 αὐτῶν,
2576 1444 2659 1498 ὅτι
2714 1446 2874 1516 μερὶς
2904 1447 3084 1500 αὐτῶν
3129 1448 3239 1516 ἐγὼ
3272 1448 3495 1517 Κύριος.
3538 1467 3557 1500 ι
3592 1446 3752 1499 Οὕτω

2154 1535 2245 1588 ml.
2270 1537 2327 1587 ἐν
2350 1536 2427 1606 τῷ
2460 1536 2700 1605 πέμπτῳ
2732 1538 2828 1590 καὶ
2850 1536 3064 1607 δεκάτῳ
3091 1538 3196 1607 ἐφη
3225 1536 3453 1607 ψαλμῷ,
3491 1556 3510 1588 ε
3542 1537 3752 1608 Κύριος

2158 1626 2316 1696 μερὶς
2356 1627 2457 1697 τῆς
2484 1626 2855 1699 κληρονομίας
2878 1645 3005 1697 μου,
3040 1629 3135 1681 καὶ
3164 1628 3257 1681 τοῦ
3284 1627 3549 1698 ποτηρίου
3582 1644 3746 1697 pou»

2159 1715 2323 1784 Λέγει
2356 1716 2533 1769 τοίνυν
2577 1718 2671 1771 καὶ
2704 1716 2957 1783 ἐνταῦθα,
2997 1718 3080 1771 ὅτι
3113 1718 3233 1772 Τῶν
3276 1719 3454 1772 ἄλλων
3488 1718 3752 1773 ἁπάντων

2164 1805 2431 1876 ὑπεριδών
2469 1823 2527 1858 σε
2560 1806 2668 1876 ἔχω
2698 1807 2916 1877 μερίδα.
2949 1809 3058 1875 ,καὶ
3088 1809 3425 1880 περιουσίαν,
3461 1811 3557 1862 καὶ
3586 1808 3755 1862 πλοῦ-

2159 1916 2271 1952 τον.
2318 1898 2411 1952 Διὸ
2457 1898 2522 1969 δὴ
2564 1900 2659 1953 καὶ
2710 1900 2944 1967 φυλάξαι
2998 1900 3125 1964 τοὺς
3169 1902 3298 1964 σοὺς
3326 1900 3624 1971 ἐπείγομαι
3658 1902 3752 1953 νό-

2163 2008 2322 2061 μους.

2230 2080 2332 2153 νη’.
2381 2101 2399 2132 ι
2446 2081 2706 2153 Ἐδεήθην
2747 2080 2844 2135 τοῦ
2876 2082 3169 2152 προσώπου
3212 2100 3306 2137 σου
3344 2086 3404 2138 ἐν
3424 2084 3523 2157 ὅλῃ
3552 2084 3755 2156 καρδίᾳ

2165 2193 2289 2245 μου.
2334 2194 2353 2227 ι
2386 2174 2672 2245 Πανταχοῦ
2708 2174 2770 2227 τὸ
2814 2194 2832 2226 ι
2869 2177 2927 2227 ἐν
2954 2174 3054 2248 ὅλῃ
3092 2176 3288 2247 καρδία
3323 2193 3427 2244 μου
3461 2194 3481 2228 ι
3522 2178 3755 2246 προστί-

2162 2267 2310 2336 θησι,
2340 2266 2415 2337 τῷ
2448 2266 2598 2336 νόμῳ
2648 2267 2742 2319 καὶ
2768 2268 2826 2319 ἐν
2862 2266 3038 2339 τούτῳ
3080 2267 3423 2338 πειθόμενος.
3457 2267 3616 2322 Οὕτω
3640 2268 3755 2339 γὰρ

2162 2360 2257 2413 καὶ
2292 2359 2400 2413 τῶν
2429 2358 2566 2412 ὅλων
2596 2358 2729 2422 Θεὸς
2767 2359 3094 2425 ἐνετείλατο,
3140 2378 3159 2412 ι
3183 2361 3515 2430 Ἀγαπήσεις
3544 2359 3756 2429 Κύριον

2162 2454 2253 2506 τὸν
2282 2452 2415 2505 Θεόν
2439 2469 2554 2520 σου,
2591 2451 2650 2518 ἐξ
2679 2451 2808 2522 ὅλης
2833 2452 2935 2522 τῆς
2975 2452 3200 2524 καρδίας
3246 2470 3365 2519 σου,
3411 2454 3505 2507 καὶ
3533 2454 3592 2519 ἐξ
3622 2452 3757 2523 ὕλης

2163 2546 2261 2613 τῆς
2288 2544 2468 2613 ψυχῆς
2500 2561 2615 2608 σου,
2652 2544 2748 2597 καὶ
2788 2542 2849 2609 ἐξ
2879 2544 3008 2614 ὂλης
3046 2545 3147 2615 τῆς
3183 2546 3367 2616 ἰσχύος
3408 2561 3524 2609 σου,
3564 2545 3659 2597 καὶ
3694 2545 3757 2608 ἐξ

2163 2637 2290 2707 ὅλης
2320 2636 2417 2707 τῆς
2451 2636 2737 2707 δυνάμεώς
2772 2653 2890 2689 σου.
2931 2655 2951 2689 ι
2981 2664 3051 2678 -—
3083 2656 3103 2689 ι
3148 2636 3404 2706 Ἐλέησόν
3436 2654 3504 2707 με
3529 2635 3673 2690 κατὰ
3695 2636 3756 2688 τὸ

2164 2730 2347 2798 λόγιόν
2382 2746 2497 2782 σου.
2557 2749 2576 2782 ι
2624 2730 2738 2783 Οὕκ
2783 2730 3054 2801 ἀορίστως
3086 2730 3379 2801 ἐλεηθῆναι
3410 2730 3753 2801 παρακαλεῖ·

2166 2822 2304 2877 ἀλλὰ
2331 2822 2475 2876 κατὰ
2503 2822 2565 2875 τὸ
2595 2821 2741 2876 θεῖον
2774 2823 2957 2890 λόγιον
2995 2822 3090 2875 τοῦ
3121 2822 3308 2885 ἐλέους
3340 2826 3544 2893 τυχεῖν.
3580 2823 3760 2877 Τοῦτο

2164 2915 2210 2968 δ’
2231 2915 2297 2969 ἂν
2330 2915 2475 2968 είποι
2491 2916 2585 2968 καὶ
2610 2915 2828 2978 συνετὸς
2858 2915 3141 2987 ἄρρωστος
3167 2915 3243 2986 τῷ
3269 2916 3459 2986 ἰατρῷ,
3496 2916 3582 2977 Ὡς
3606 2910 3756 2978 οἶδας

2168 3006 2528 3078 θεράπευσον,
2581 3008 2657 3071 ὼς
2707 3009 2740 3077 ἡ
2789 3008 2954 3078 τέχνη
3005 3008 3333 3077 διαγορεύει.
3384 3007 3556 3061 Τοῦτο
3595 3009 3692 3062 καὶ¹
3727 3006 3757 3057 ὁ

476 3098 629 3167 cipit.
684 3094 799 3151 Hoc
853 3094 1020 3149 etiam
1080 3094 1322 3164 prudens
1381 3103 1657 3147 mercator
1706 3092 2056 3163 gubernatori

2165 3100 2384 3163 συνετὸς
2411 3098 2651 3170 ἔμπορος
2681 3101 2823 3153 εἴποι
2854 3099 2921 3153 ἂν
2962 3098 3041 3169 τῷ
3067 3100 3400 3172 κυϐερνήτῃ,
3442 3100 3599 3154 Κατὰ
3627 3100 3758 3163 τοὺς

476 3192 659 3245 dicere
684 3195 863 3259 potest
890 3206 904 3241 :
936 3184 1251 3242 Secundum
1281 3186 1451 3252 legem
1485 3187 1617 3239 artis
1643 3184 1815 3255 di:ige
1845 3199 2056 3248 navem,

474 3291 533 3338 et
566 3292 624 3335 ut
664 3279 898 3335 scientia
924 3277 1098 3348 jubet,
1133 3276 1399 3347 guberna.
1448 3275 1538 3330 Sic
1571 3278 1736 3330 etiam
1774 3278 1926 3331 deCet
1961 3291 2063 3332 nos

476 3373 722 3426 divinam
756 3369 1195 3425 misericordiam
1234 3369 1573 3438 praedii-are:
1614 3385 1737 3421 uani
1779 3370 1871 3439 qui
1906 3385 2062 3439 roga-

480 3477 591 3531 tur,
650 3464 757 3519 scit
817 3461 1211 3518 misericordia;
1263 3461 1511 3515 modum.
1569 3460 1723 3529 Su‘pc
1774 3461 1919 3514 enim
1972 3476 2066 3529 per

481 3556 1020 3614 animadversionem
1081 3554 1317 3610 salutem
1370 3565 1648 3623 procurat,
1697 3564 1750 3607 ct
1793 3569 1953 3623 poena
2008 3553 2068 3607 ﬁt

477 3651 814 3722 benignitas.
860 3649 952 3705 Sic
995 3648 1162 3703 etiam
1208 3648 1457 3702 medicus
1512 3655 1566 3700 et
1609 3656 1784 3712 secat,
1829 3657 1885 3702 et
1920 3648 2064 3714 urit,

483 3741 757 3799 laboranti
786 3742 1076 3797 sanitatem
1108 3756 1459 3810 comparans.
1488 3737 1579 3795 Sic
1599 3741 1763 3794 etiam
1789 3757 1889 3796 nos
1913 3742 2069 3797 decet

486 3833 928 3891 misericordiam
965 3844 1167 3903 petere.
1210 3832 1346 3887 Nam
1389 3832 1688 3902 aliquando
1714 3849 1811 3903 per
1842 3850 2069 3905 pauper—

480 3937 649 3982 tatem
688 3925 1127 3982 misericordiam
1164 3924 1440 3996 impertit,
1483 3935 1539 3980 et
1584 3940 1681 3995 per
1717 3928 2068 3997 aegritudines

483 4018 873 4090 benignitatem
925 4018 1181 4090 largitur,
1209 4028 1264 4074 et
1295 4017 1601 4074 secundum
1644 4018 1934 4075 medicina:
1981 4034 2070 4074 ra-

482 4113 689 4166 tionem
722 4112 1020 4167 contrariis
1052 4110 1326 4165 contraria
1358 4120 1536 4166 curat.

553 4203 723 4259 Vsus.
763 4204 852 4259 59.
901 4222 918 4255 t
957 4203 1204 4273 Cogitavi
1237 4204 1356 4260 vias
1388 4214 1532 4272 tuas,
1562 4213 1616 4260 et
1641 4206 1884 4261 converti
1908 4205 2072 4276 pedes

478 4312 637 4351 meos
690 4295 756 4350 ad
803 4296 1122 4350 testimonia
1181 4307 1296 4352 tua.
1350 4317 1369 4348 ι
1426 4296 1688 4353 Hebraeus
1750 4296 1911 4353 habet
1958 4300 2070 4353 vias

482 4406 650 4454 meas,
683 4399 737 4444 et
769 4389 849 4445 sic
884 4390 1050 4443 etiam
1089 4391 1274 4445 caeteri
1320 4390 1649 4460 interpretes
1686 4400 1984 4455 verterunt,
2016 4399 2071 4446 et

483 4478 845 4549 Septuaginta
878 4479 932 4532 in
967 4477 1232 4549 llexaplo.
1280 4479 1423 4534 Dicit
1455 4488 1636 4534 autem
1672 4498 1685 4534 :
1724 4480 2069 4550 l‘erpeudens

484 4570 606 4623 vius
639 4583 812 4632 meus,
862 4569 928 4622 ad
978 4570 1291 4624 testimonia
1342 4581 1434 4625 tua
1478 4572 1644 4641 pedes
1676 4587 1828 4627 meos
1857 4572 2067 4635 direxi,

483 4678 589 4716 nec
625 4662 872 4715 sinebam
943 4671 1001 4715 ut
1032 4662 1099 4715 ab
1134 4662 1329 4717 itinere
1364 4663 1513 4733 quod
1560 4662 1628 4719 ad
1675 4670 1726 4719 te
1764 4662 1934 4731 ducit,
1969 4661 2068 4718 de—

483 4752 786 4807 ﬂecterent.

559 4932 724 4987 Vens.
762 4932 853 4987 60.
888 4951 907 4985 ι
944 4932 1176 4991 Paratus
1207 4951 1353 4999 sum,
1404 4943 1458 4990 et
1496 4951 1605 4991 non
1641 4951 1763 4992 sum
1792 4935 2064 5003 turbatus,

483 5035 546 5081 ut
582 5025 893 5081 custodiam
932 5029 1189 5083 mandata
1222 5039 1335 5083 tua.
1376 5048 1395 5081 ι
1447 5028 1584 5085 Cum
1629 5031 1775 5085 enim
1806 5030 2071 5086 adversus

481 5136 666 5175 rerum
700 5120 942 5175 tristium
982 5121 1222 5190 impetus
1258 5132 1510 5191 paratum
1557 5138 1644 5178 me
1684 5123 2069 5191 reddidissem,

2165 3192 2364 3261 νόμους
2416 3192 2513 3261 τῆς
2568 3192 2763 3262 τέχνης
2815 3192 2992 3245 ἴθυνον
3029 3192 3091 3245 τδ
3135 3191 3366 3263 σκάφος,
3409 3192 3487 3256 ὡς
3527 3191 3691 3247 xui”
3719 3193 3758 3264 ἡ

2165 3283 2443 3352 ἐπιστήμη
2475 3282 2709 3348 κελεύει,
2729 3283 3084 3354 κυϐέρνησον.
3114 3283 3272 3337 Οὕτω
3294 3283 3386 3337 καί
3414 3286 3560 3354 ἡμᾶς
3585 3300 3757 3354 προσ-

2166 3371 2291 3441 ήκει
2322 3373 2412 3425 τὸν
2441 3373 2586 3426 θεῖον
2615 3373 2765 3426 ἔλεον
2791 3373 3153 3442 ἐπαγγέλλειν
3169 3374 3233 3428 ³⁸.
3279 3373 3340 3427 Ὀ
3363 3374 3473 3444 γὰρ
3499 3374 3761 3443 αἰτούμε-

2167 3480 2257 3525 νος
2304 3457 2413 3515 οίδε
2460 3463 2556 3517 τοῦ
2599 3464 2753 3517 ἐλέου
2799 3464 2891 3517 τὸν
2939 3464 3175 3536 τρόπον’
3230 3464 3493 3527 πολλάκις
3528 3464 3638 3534 γὰρ
3668 3463 3761 3518 διὰ

2170 3556 2419 3619 παιδείας
2437 3558 2482 3589 ’⁸
2518 3557 2973 3627 πραγματεύεται
3008 3557 3304 3628 σωτηρίαν,
3337 3557 3434 3609 καὶ
3476 3556 3690 3625 γίνεται
3725 3558 3760 3626 ὴ

2167 3648 2413 3718 τιμωρία
2437 3647 2840 3719 φιλανθρωπία.
2869 3648 3025 3702 Οὕτω
3057 3650 3152 3702 καὶ
3188 3648 3391 3720 ἰατρὸς,
3423 3649 3519 3701 καὶ
3543 3648 3760 3717 τέμνει,

2169 3740 2265 3793 καὶ
2290 3740 2457 3803 καίει,
2481 3739 2559 3811 τῷ
2597 3741 2857 3810 κάμνοντι
2901 3741 3002 3811 τὴν
3042 3741 3253 3809 ύγίειαν
3295 3742 3765 3812 πραγματευόμε-

2169 3850 2258 3896 νος
2281 3834 2348 3887 ⁸⁸.
2394 3833 2550 3887 Οὕτω
2586 3835 2681 3887 καὶ
2712 3835 2864 3905 ἡμᾶς
2894 3835 3067 3888 αἰτεῖν
3088 3834 3179 3888 τὸν
3225 3834 3374 3888 ἔλεον
3420 3836 3545 3905 χρή.
3598 3835 3765 3888 Ἔστι

2168 3930 2281 4001 γὰρ
2308 3931 2398 3983 ὅτε
2432 3928 2529 3983 καὶ
2569 3928 2658 3982 διὰ
2686 3927 2881 3982 πενίαν
2901 3929 2945 3961 ’⁷
2992 3927 3141 3993 ἔλεος
3173 3929 3517 4000 χορηγείται,
3557 3929 3655 3983 καὶ
3692 3927 3763 3981 δι’

2170 4019 2488 4093 ἀρρωστίας
2528 4016 2944 4088 φιλανθρωπίαν
2988 4018 3312 4089 παρέχεται,
3346 4019 3441 4073 καὶ
3487 4018 3633 4073 κατὰ
3666 4018 3764 4072 τὸν

2176 4109 2420 4180 ἰατρικὸν
2451 4108 2611 4176 λόγον
2642 4110 2754 4171 τοῖς
2785 4106 3049 4170 ἐναντίοις
3081 4107 3152 4160 τὰ
3176 4107 3395 4162 ἐναντία
3427 4109 3597 4162 ἰᾶται.

2244 4200 2343 4255 νθ’.
2386 4219 2405 4252 ι
2437 4199 2841 4270 Διελογισάμην
2866 4199 2963 4262 τὰς
2986 4199 3141 4262 ὁδούς
3172 4216 3288 4265 σου,
3319 4203 3413 4253 καὶ
3445 4199 3765 4270 ἐπέστρεψα

2177 4293 2305 4357 τοὺς
2335 4291 2503 4356 πόδας
2540 4308 2642 4362 μου
2677 4292 2757 4355 εἰς
2781 4292 2850 4344 τὰ
2885 4290 3162 4360 μαρτύριά
3191 4308 3307 4346 σου.
3349 4311 3367 4343 ι
3405 4292 3464 4343 Ὀ
3507 4290 3766 4362 Ἑϐραῖος

2173 4386 2230 4439 δὲ
2260 4386 2366 4449 τὰς
2387 4384 2567 4449 ὁδούς
2592 4400 2712 4452 μου
2743 4383 2879 4453 ἔχει’
2908 4381 3172 4447 ὡσαύτως
3193 4383 3361 4437 δὲκαὶ
3389 4385 3441 4436 οί
3469 4383 3620 4437 ἄλλοι
3656 4387 3767 4453 ήρ-

2181 4480 2461 4548 μήνευσαν
2506 4475 2865 4546 ἐρμηνευταὶ,
2919 4475 3011 4528 καὶ
3054 4477 3106 4527 οἱ
3147 4475 3551 4546 Ἑὸδομήκοντα
3590 4477 3651 4529 ἐν
3683 4477 3766 4547 τῷ

2188 4566 2461 4637 Ἐξαπλῷ.
2494 4567 2660 4635 Λέγει
2691 4566 2771 4631 δὲ,
2812 4568 2896 4622 ὅτι
2921 4565 3268 4635 Λογιστεύων
3305 4584 3407 4639 μου
3444 4569 3545 4630 τὰς
3583 4567 3767 4632 ὀδοὺς,

2177 4660 2314 4732 πρὸς
2378 4659 2447 4712 τὰ
2516 4656 2793 4730 μαρτύριά
2859 4676 2952 4713 σου
3014 4660 3143 4723 τοὺς
3190 4660 3357 4729 ἐμοὺς
3408 4659 3573 4723 πόδας
3625 4677 3768 4715 κατ-

2179 4754 2432 4817 εύθυνον,
2470 4751 2566 4806 καὶ
2604 4753 2707 4805 οὐκ
2746 4751 2873 4808 εῐων
2902 4751 3266 4823 ἐκτρέπεσθαι
3287 4752 3388 4824 τῆς
3411 4752 3548 4823 πρὸς
3575 4750 3635 4804 σέ
3665 4770 3771 4822 φε-

2183 4845 2385 4917 ρούσης
2410 4843 2555 4898 ὁδοῦ.

2251 4937 2315 5005 ξ’.
2352 4957 2371 4990 ι
2405 4937 2782 5009 ’Πτοιμάσθην
2808 4937 2854 4970 ’⁸
2880 4937 2977 4991 καὶ
3012 4937 3115 4990 οὐκ
3175 4935 3506 5007 ἐταράχθην.
3532 4935 3627 4989 τοῦ
3662 4953 3769 5005 φυ-

2178 5031 2448 5099 λάξασθαι
2487 5030 2588 5093 τὰς
2632 5030 2854 5093 ἐντολάς
2889 5046 3004 5083 σου.
3046 5046 3066 5080 ι
3101 5029 3356 5097 Εὔτρεπῆ
3386 5027 3496 5098 γὰρ
3523 5029 3771 5097 ἐμαυτὸν

2183 5125 2322 5199 πρὸς
2360 5125 2460 5189 τὰς
2490 5123 2597 5178 τῶν
2625 5122 2818 5179 δεινῶν
2870 5121 3107 5194 ἐμϐολὰς
3148 5123 3519 5192 καταστήσας,
3560 5122 3626 5172 ἐκ
3666 5120 3769 5189 τῆς

535 5308 552 5348 ι
590 5303 759 5361 Josue
791 5320 913 5370 xm,
955 5305 1045 5359 5'5.
1092 5302 1105 5355 ἱ
1156 5304 1300 5360 Psal.
1345 5321 1439 5371 xv,
1483 5306 1536 5361 5.
1614 5307 1639 5346 ιι
1681 5305 1873 5363 Matth.
1909 5327 2047 5376 xm,
2087 5311 2177 5365 57.

1608 5421 1844 5478 ΥΑΒΙΑΞ
1882 5421 2269 5480 LECTIONES
2305 5420 2391 5477 ET
2413 5419 2646 5478 NOTIE.

554 5517 599 5550 “
635 5513 717 5570 Τὰ
739 5513 858 5568 δικ.
901 5529 1040 5570 σου.
1073 5513 1237 5571 Hebr.
1279 5521 1456 5601 ‘p‘tPD
1486 5513 1629 5582 quod
1664 5516 1719 5570 Ιι.
1755 5517 1791 5570 Ι.
1826 5526 1881 5572 et
1910 5535 1962 5573 v.
1989 5520 2063 5574 9'5

2183 5519 2276 5586 94,
2317 5533 2414 5589 per
2441 5514 2814 5585 δικαιώματα,
2846 5512 2983 5567 alias
3010 5525 3143 5566 vero
3193 5508 3249 5564 in
3295 5507 3404 5563 hoc
3432 5504 3645 5601 psalmo
3671 5517 3773 5573 per

486 5606 709 5669 ἐντολὰς
739 5606 993 5661 vertitur.

487 5745 845 5813 ἐταράχθην.
868 5745 1053 5811 chr.,
1086 5743 1377 5813 FeStindvi,
1407 5760 1499 5799 nec
1524 5753 1800 5801 cunctatus
1836 5743 1975 5804 sum.

1103 5608 1149 5637 "
1184 5604 1301 5659 Τὸν
1331 5607 1524 5674 νόμον
1556 5620 1694 5659 σου.
1730 5605 1921 5669 Hebr.,
1964 5610 2121 5663 verba
2146 5622 2259 5664 lua.

487 5679 535 5750 ξι
564 5676 960 5750 ἰιιηίνιαιδείαν.Δ
1020 5676 1065 5708 ²⁶
1093 5675 1229 5750 _'_I'1~._
1251 5673 1473 5750 πραγμ.
1520 5673 1593 5726 ib.
1616 5676 1823 5728 οἰκείαν
1871 5680 2402 5750 πραγματευόμενος
2454 5678 2756 5748 σωτηρίαν.

3197 5601 3243 5634 ³⁵
3271 5600 3345 5658 ib.
3378 5594 3767 5663 ἀπαγγέλλειν.

3363 5670 3406 5701 ³⁸
3451 5669 3667 5736 Ὴτοιμ.
3699 5689 3770 5706 --

2354 5610 2399 5642 "
2429 5608 2557 5662 Kal.
2602 5604 2727 5661 Des.
2772 5605 2826 5659 in
2880 5604 3004 5660 cod.
3038 5602 3087 5656 l.
3197 5602 3233 5634 ³·

2354 5697 2402 5735 ις
2454 5678 2756 5735 σωτηρίαν.
2855 5676 2897 5707 ²’
2928 5673 3007 5730 lb.
3040 5672 3233 5735 πενίας
