4128 6432
424 390 563 454 1845

1728 386 1807 446 ΙΝ
1837 384 2039 445 PSAL.
2066 375 2325 442 CXVIII.

3566 355 3702 420 1846

495 501 594 572 οβ’.
627 520 646 552 ι
673 498 906 568 Ἀγαθός
940 499 1078 569 μοιό
1100 496 1264 568 νόμος
1288 495 1384 550 τοῦ
1414 496 1684 568 cuipam";
1715 513 1833 559 σου,
1868 497 2008 567 ὑπὲρ
2039 537 2047 553 ι

2187 488 2354 542 Vens.
2397 485 2484 541 79..
2533 505 2550 537 ι
2589 484 2781 539 Melior
2829 491 2914 537 est
2949 479 3080 534 mihi
3116 479 3198 534 lex
3246 477 3360 532 oris
3396 475 3496 540 tui,
3537 489 3701 545 quam

423 593 672 666 χιλιάδας
702 591 929 663 χρυσίου
961 592 1054 644 καὶ
1079 589 1370 662 ἀργυρίου.
1400 609 1419 643 ι
1456 589 1644 661 Είγὰρ
1671 588 1770 642 καὶ
1791 590 1890 659 τῆς
1917 588 2011 658 βα-

427 685 633 749 σιλείας
654 684 762 738 ἀπὸ
783 686 826 717 ³⁷
846 683 938 737 τοῦ
963 683 1152 745 παιδὸς
1175 681 1466 753 ἒξηλάθην,
1497 681 1634 736 ἀλλὰ
1663 680 1753 734 διὰ
1767 681 1859 750 τῆς
1886 698 2014 734 παι-

428 777 580 840 δείας
603 776 694 830 τὸν
729 776 822 830 σὺν
851 775 1016 844 νόμον
1047 774 1456 845 ἀνεκτησάμην,
1488 773 1546 826 ὃν
1580 772 1674 826 τοῦ
1707 773 1754 805 ⁵⁸
1781 772 2012 827 πλούτου

430 868 636 932 παντὸς
657 865 986 937 τιμιώτερον
1016 866 1145 936 ἔχω.

502 965 604 1028 ογ¹.
643 978 662 1010 ι
701 960 766 1012 Αἱ
805 959 989 1029 χεῖρές
1049 975 1141 1011 σου
1196 958 1462 1029 ἐποίησάν
1514 978 1603 1029 με,
1645 960 1740 1014 καὶ
1775 958 2018 1013 ἔπλασάν

435 1067 535 1122 με·
573 1050 851 1103 συνέτισόν
879 1067 971 1120 με,
1004 1050 1098 1104 καὶ
1129 1050 1449 1121 μαθήσομαι
1481 1053 1576 1115 τὰς
1603 1050 1824 1115 ἐντολάς
1851 1069 1965 1106 σου.
1997 1073 2014 1104 ι

435 1144 548 1214 Τῆς
584 1145 714 1215 περὶ
742 1142 840 1215 τὴν
871 1143 1221 1215 ἀνθρωπείαν
1251 1144 1414 1212 φύσιν
1461 1145 1846 1216 φιλοστοργίας
1891 1147 2023 1200 άνα-

439 1236 744 1306 μιμνήσκει
789 1235 882 1288 τὸν
933 1236 1192 1307 Ποιητήν.
1229 1235 1387 1307 Λόγῳ
1425 1237 1534 1307 γὰρ
1567 1235 1786 1292 ἅπαντα
1824 1256 2022 1308 τεκτη-

435 1328 675 1397 νάμενος
704 1326 868 1390 αὐτὸς
894 1327 1112 1395 λέγεται
1133 1326 1429 1381 διαπλᾶσαι
1457 1329 1569 1381 τῶν
1595 1328 1900 1400 ἀνθρώπων
1928 1329 2026 1398 τὴν

439 1418 626 1488 φύσιν,
669 1417 729 1470 οὐ
758 1419 919 1490 χερσὶ
948 1419 1318 1489 χρησάμενοςο
1351 1419 1648 1489 ἀσώματος
1694 1421 1805 1492 γάρ
1829 1437 1843 1451 ·
1890 1422 2027 1475 ἀλλὰ

437 1510 538 1582 τὴν
561 1510 786 1572 πλείονα
809 1510 941 1581 περὶ
966 1509 1084 1563 τόδε
1116 1509 1178 1562 τὸ
1201 1510 1415 1580 ποίημα
1445 1510 1688 1564 διάθεσιν
1716 1511 2029 1581 ἐνδειξάμε-

439 1620 550 1665 νος.
593 1601 851 1656 ’ἱκετεύει
883 1602 1066 1655 τοίνυν
1093 1601 1188 1655 τὸν
1213 1599 1591 1656 διαπλάσαντα
1614 1602 1925 1674 χορηγῆσαι
1952 1603 2030 1673 τῷ

443 1696 715 1764 ποιήματι
749 1694 990 1748 σύνεσιν.

516 1784 608 1838 οδ’.
647 1803 666 1836 ι
695 1786 758 1838 Οἱ
789 1782 1117 1854 φοϐούμενοί
1147 1802 1229 1848 σε,
1249 1783 1473 1853 ὄψονται
1506 1801 1572 1854 με
1600 1784 1696 1836 καὶ
1725 1782 2034 1856 εὐφρανθή-

2114 579 2284 635 millia
2317 578 2436 633 auri
2489 587 2543 630 et
2609 574 2842 647 argenti.
2896 592 2914 623 ι
2965 571 3079 625 Etsi
3130 569 3274 625 enim
3316 582 3412 638 per
3461 565 3630 620 tilium
3674 580 3703 620 τι

2116 685 2286 741 regno
2332 678 2560 724 exactus
2603 682 2748 721 sum.
2798 672 2980 717 tamen
3037 673 3132 729 per
3160 653 3699 711 animadversionem

2117 761 2286 832 legem
2323 769 2470 814 tuam
2505 756 2743 826 suscepi,
2787 768 2909 824 qua:
2939 748 3279 822 quibuslibet
3322 745 3532 801 divitiis
3563 743 3700 798 mihi

2117 854 2398 924 antiquior
2423 860 2526 907 est.

2190 947 2356 1001 Vens.
2399 944 2486 998 7‘5.
2537 962 2554 994 ι
2592 941 2784 996 Manus
2831 948 2937 994 tuae
2979 937 3224 993 fecerunt
3267 947 3375 996 me,
3413 938 3468 984 et
3500 928 3708 983 forma--

2120 1045 2318 1093 verunt
2353 1052 2438 1090 me
2477 1055 2488 1089 :
2525 1035 2592 1089 da
2629 1033 2762 1087 mihi
2800 1031 3164 1091 intellectum,
3208 1035 3262 1080 et
3297 1024 3506 1079 discam
3552 1034 3709 1072 man-

2124 1133 2252 1186 data
2285 1139 2398 1184 tua.
2437 1146 2454 1180 ι
2492 1126 2738 1182 'Amoris
2767 1139 2896 1195 erga
2932 1132 3183 1177 naturam
3213 1119 3513 1173 humanam
3538 1112 3708 1165 Crea—

2125 1225 2231 1279 tori
2269 1221 2592 1276 memoriam
2643 1217 2889 1273 refricat.
2937 1214 3073 1269 Nam
3130 1225 3254 1268 cum
3302 1207 3472 1262 verbo
3525 1201 3708 1256 omnia

2127 1310 2350 1375 crearit,
2413 1309 2531 1377 ipse
2573 1305 2774 1360 dicitur
2820 1302 3108 1357 hominum
3159 1305 3414 1352 naturam
3460 1291 3707 1348 ﬁnxisse.

2129 1418 2238 1457 non
2273 1401 2534 1456 manibus
2560 1413 2718 1463 usus,
2752 1398 3114 1465 incorporeus
3144 1390 3290 1446 enim
3318 1397 3423 1452 est,
3457 1383 3552 1439 sed
3593 1397 3712 1435 ma-

2125 1495 2303 1566 jorem
2334 1495 2588 1550 allectum
2631 1505 2760 1559 erga
2788 1490 2890 1544 hoc
2917 1502 3056 1556 npus
3097 1480 3417 1538 ostendens.
3453 1477 3715 1531 Precatur

2130 1587 2296 1657 igitur
2341 1601 2468 1640 eum
2530 1583 2623 1655 qui
2679 1581 2959 1645 formavit,
3013 1588 3074 1632 ut
3122 1573 3274 1645 operi
3332 1571 3424 1626 det
3478 1566 3718 1638 pruden-

2132 1679 2286 1734 tiam.

2205 1769 2372 1825 Vens.
2416 1768 2506 1822 74.
2555 1784 2574 1816 ι
2609 1766 2710 1832 Qui
2746 1765 2946 1818 timent
2975 1770 3048 1822 te,
3094 1757 3357 1814 videbunt
3387 1769 3473 1808 me
3504 1759 3560 1807 et
3590 1765 3722 1821 gau-

447 1893 655 1940 σονται,
701 1843 909 1938 ὃτι-είς
943 1843 1068 1940 τοὺς
1109 1843 1305 1944 λόγους
1359 1893 1454 1929 σου
1492 1843 1848 1946 gemmeus;
1889 1843 2032 1944 Πρύο

2144 1863 2366 1926 debunt,
2405 1860 2531 1928 quia
2570 1857 2622 1912 in
2658 1856 2842 1910 verbis
2870 1853 2981 1908 luis
3016 1865 3170 1922 spem
3207 1847 3389 1918 posui.
3427 1863 3444 1895 ι
3479 1843 3718 1898 Causam

448 1983 634 2034 φασις,
669 1968 854 2036 φησὶν,
890 1966 1230 2038 εὐφροσύνης
1258 1968 1370 2030 τοῖς
1414 1966 1662 2019 εὐσεϐέσι
1705 1967 2033 2037 γενήσομαι,

450 2059 680 2123 ἐλπίσας
713 2061 794 2124 είς
826 2059 908 2126 σὲ,
942 2061 1036 2114 καὶ
1064 2059 1406 2130 κατάλληλον
1451 2058 1629 2130 εὑρὼν
1663 2061 1730 2130 τῇ
1765 2059 1942 2112 ἑλπίδι
1973 2059 2036 2112 τὸ

450 2150 635 2213 τέλος.

521 2248 614 2294 οε¹.
657 2243 895 2309 Ἔγνων,
954 2242 1151 2312 Κύριε,
1208 2243 1292 2296 ὅτι
1339 2241 1655 2315 δικαιοσύνη
1691 2242 1763 2298 τὰ
1793 2233 2052 2316 κρίματᾶ

456 2350 571 2398 σου,
605 2335 700 2388 καὶ
753 2332 988 2405 ἀληθείᾳ
1029 2334 1406 2398 ὲταπείνωσάς
1445 2353 1533 2406 με.
1561 2355 1581 2387 ι
1629 2337 1817 2391 Ταῦτα
1851 2338 2041 2406 διαφε-

458 2427 664 2499 ρόντως
692 2427 738 2459 ⁵³
770 2426 916 2495 λέγει
959 2426 1060 2497 τὴν
1095 2426 1308 2481 οἰκείαν
1343 2427 1770 2499 εὐγνωμοσύνην
1801 2429 2039 2494 δεικνύς.

457 2516 611 2581 Οἶδα,
647 2519 836 2589 φησὶν,
872 2519 1141 2589 ἀκριϐῶς,
1185 2520 1262 2583 ὡς
1317 2519 1496 2592 ὀρθῶς
1533 2537 1637 2590 μου
1678 2521 1775 2574 καὶ
1817 2522 2046 2588 δικαίως

434 2611 818 2695 νκατεψηφίσω
841 2651 856 2676 ,
886 2612 981 2665 καὶ
1030 2616 1154 2675 ταῖς
1199 2612 1571 2678 παντοδαπαῖς
1631 2615 1954 2684 περιέϐαλες
1999 2617 2044 2649 ⁶⁰

461 2705 806 2774 συμφοραῖς.

527 2789 636 2858 og'.
665 2812 686 2845 ι
712 2793 1006 2864 Γενηθήτω
1033 2793 1093 2847 ’δὲ
1122 2793 1166 2828 ⁸⁸
1195 2794 1258 2848 τδ
1286 2794 1438 2858 ἔλεός
1478 2813 1596 2861 σου,
1625 2797 1799 2863 Κύριε
1836 2801 1906 2864 ⁸⁸,
1950 2800 2047 2853 τοῦ

459 2882 848 2952 παρακαλέσαι
887 2900 977 2954 με.
1005 2903 1024 2935 ι
1064 2883 1224 2938 Ἀλλὰ
1269 2885 1685 2957 φιλανθρωπίας
1719 2886 1910 2942 λοιπὸν
1952 2891 2049 2943 καί⁸

457 2970 823 3043 ψυχαγωγίας
851 2974 1068 3045 καιρός.
1110 2993 1130 3027 ‹
1156 2977 1316 3030 Κατὰ
1348 2979 1409 3032 τὸ
1430 2977 1613 3047 λόγιόν
1638 2997 1734 3033 σου
1770 2980 1846 3050 τῷ
1874 2981 2049 3052 δούλῳ

462 3079 578 3117 σου.
615 3082 633 3115 ι
662 3065 742 3136 Τῇ
767 3065 815 3097 ⁸³
844 3065 956 3136 γὰρ
984 3068 1321 3139 μεταμελείᾳ
1362 3069 1669 3139 χρωμένοις
1697 3070 1798 3143 τὴν
1828 3073 1926 3143 σὴν
1960 3075 2050 3126 εὐ-

464 3156 686 3267 μένειαν
735 3159 1071 3267 ῗπηγγείλαῖ
1131 3160 1302 3214 Τοῦτο
1353 3162 1448 3215 καὶ
1496 3163 1584 3217 διὰ
1620 3163 1844 3218 Ἡσαΐου
1903 3166 2042 3236 ἔφη’
2072 3210 2114 3267 c

468 3265 488 3298 ε
516 3247 685 3300 Ὅταν
735 3249 1100 3321 ἀποστραφῇς
1149 3251 1249 3305 καὶ
1300 3253 1566 3324 στενάξῃς
1596 3254 1662 3317 ⁸⁵,
1703 3257 1822 3309 τότε
1871 3257 2046 3329 σωθή-

463 3351 555 3409 σῃ.
595 3356 615 3390 ι
673 3338 784 3394 Καὶ
820 3339 906 3393 διὰ
955 3340 1052 3394 τοῦ
1096 3341 1366 3413 Ἱερεμίου
1409 3343 1528 3416 βοᾷ,
1576 3365 1595 3398 ι
1637 3347 2044 3422 Ἐπιστράφητε

463 3427 602 3498 πρός
634 3445 724 3499 με,
756 3431 854 3484 καὶ
874 3432 1362 3506 ὲπιστραφήσομαι
1393 3437 1530 3508 πρὸς
1562 3439 1728 3510 ὑμᾶς.
1774 3460 1792 3493 ι

533 3601 631 3666 οξ.
665 3619 684 3653 ι
726 3603 1066 3660 Ἐλθέτωσάν
1111 3625 1204 3677 μοι
1229 3611 1276 3664 oi
1309 3611 1590 3684 οἰκτιρμοί
1615 3631 1732 3681 σου,
1766 3616 1861 3670 καὶ
1889 3618 2052 3688 ζήσο-

468 3709 604 3763 μαι·
646 3694 729 3748 ὅτι
766 3695 794 3747 ὁ
854 3695 1020 3767 νόμος
1067 3715 1162 3751 σου
1206 3700 1404 3770 μελέτη
1442 3702 1546 3771 μού
1573 3706 1740 3758 ἐστιν.
1784 3723 1804 3756 ι
1835 3707 2052 3778 Νεκρδν

465 3785 663 3875 ἑαυτὸν
692 3787 908 3875 ἡγεῖται
935 3788 1037 3858 τῆς
1065 3789 1215 3852 θείας
1246 3792 1445 3863 ὲστερη
1456 3794 1619 3860 μένον
1639 3796 1684 3828 ⁸⁵
1720 3798 2012 3867 εὐμενείας
2033 3814 2048 3830 ·

464 3870 528 3931 οὐ
560 3880 622 3950 δὴ
651 3880 812 3951 χάριν
844 3871 1034 3951 ὥσπερ
1065 3881 1364 3937 ἀναϐιῶναι
1409 3883 1500 3938 διὰ
1538 3886 1638 3954 τῆς
1671 3885 1821 3952 θείας
1862 3889 2053 3957 φιλαν-

467 3969 498 4022 θ
507 3971 719 4040 ρωπίας
749 3971 1084 4041 παρακαλεῖ.

539 4060 639 4130 οη’.
675 4080 694 4114 ι
720 4062 1184 4132 Αίσχυνθήτωσαν
1215 4065 1555 4137 ὑπερήφανοι
1587 4068 1670 4122 ὅτι
1697 4069 1897 4134 ἀδίκως
1929 4071 2056 4142 ὴνό-

472 4171 655 4224 μησαν
684 4156 765 4218 εἰς
801 4156 902 4226 ἐμέ
925 4155 970 4187 ⁸⁸
992 4173 1006 4188 ο
1031 4156 1142 4224 ἐγὼ
1169 4157 1226 4210 δὲ
1264 4158 1613 4231 ἀδολεσχήσω
1657 4164 1715 4215 ὲν
1753 4165 1872 4226 ταῖς
1901 4165 2054 4217 ὲντο-

468 4245 591 4329 λαίς
624 4263 741 4300 σου.
780 4266 799 4298 ι
839 4248 955 4301 Οὐκ
995 4249 1271 4318 ἐπαρᾶται
1311 4255 1423 4314 τοῖς
1458 4253 1694 4324 ἐχθροῖς,
1725 4253 1840 4309 ἀλλ’
1885 4257 2056 4328 ὑπερ-

470 4338 692 4410 εύχεται
722 4340 960 4394 τούτων’
991 4342 1024 4411 ἡ
1068 4342 1178 4412 γὰρ
1214 4344 1444 4415 αἰσχύνη
1478 4347 1754 4416 σωτηρίαν
1789 4365 2058 4418 πραγμα-

469 4433 712 4487 τεύεται·
762 4427 830 4505 ἧς
876 4433 1056 4488 τοίνυν
1100 4435 1420 4506 άπήλαυσεν
1471 4439 1736 4509 ἰατρείας,
1769 4441 2059 4506 κάκείνους

470 4532 662 4595 τυχεῖν
687 4523 852 4590 ἀξιοῖ.

542 4617 640 4671 οθ’.
681 4637 701 4671 ε
743 4619 1266 4690 Ἐπιστρεψάτωσάν
1313 4638 1405 4691 μοι
1443 4622 1488 4654 ⁸⁷
1515 4625 1564 4677 οί
1612 4625 1941 4697 φοϐούμενοί
1973 4645 2054 4693 σε,

473 4709 572 4763 καὶ
603 4709 654 4762 οἰ
683 4709 1046 4777 γινώσκοντες
1085 4711 1154 4765 τά
1197 4712 1476 4784 μαρτύριά
1518 4732 1634 4768 σου.
1663 4737 1681 4768 ι
1729 4717 1817 4781 Ὦς
1868 4719 2058 4791 πόρρω

473 4801 573 4855 τοῦ
605 4801 773 4872 χοροῦ
799 4802 910 4856 τῶν
934 4803 1158 4856 δικαίων
1188 4803 1276 4857 διὰ
1307 4805 1406 4875 τὴν
1432 4806 1709 4876 ἁμαρτίαν
1739 4811 2055 4881 γενόμενος,

475 4893 576 4948 καὶ
617 4896 838 4950 πάντων
873 4895 1052 4950 αὐτῶν
1081 4894 1158 4966 τῷ
1195 4896 1314 4967 θεῷ
1345 4899 1743 4969 παραπλησίως
1781 4904 2058 4975 ἀποστρα-

477 4989 714 5058 φέντων,
749 4991 982 5044 ἱκετεύει
1036 4990 1202 5044 πάλιν
1249 4989 1435 5053 αὐτοῖς
1499 4990 1787 5060 ένωθῆναι,
1821 4993 1918 5046 καὶ
1958 4995 2059 5067 τὴν

476 5083 616 5154 πρὸς
645 5083 846 5147 αὐτοὺς
870 5082 1157 5138 κοινωνίαν
1184 5081 1498 5136 ἀπολαϐεῖν.
1523 5080 1695 5136 Τοῦτο
1723 5083 1830 5155 γὰρ
1861 5089 1888 5138 ὁ
1917 5088 1990 5141 Σύ
2000 5107 2059 5159 μ.

479 5189 655 5244 μαχος
679 5173 725 5204 ⁸³
755 5173 1092 5244 σαφέστερον
1121 5172 1532 5243 παρεδήλωσεν,
1584 5173 2053 5247 ’.ὶναστρενψάτωι

476 5262 603 5317 σάν
633 5282 711 5334 με
733 5267 787 5319 οἱ
814 5265 1176 5334 φοϐούμενοί
1201 5279 1294 5318 σε.

553 5361 580 5388 ⁸
613 5359 719 5415 lsa.
756 5377 882 5427 xxx,
926 5360 1010 5414 15.
1094 5359 1112 5396 ι
1148 5358 1349 5414 Jerem.
1389 5376 1472 5425 ιιι,
1509 5361 1596 5416 22.

2137 1950 2356 2011 Ιεοιὶιὶτε,
2390 1948 2590 2017 inquit,
2636 1945 2744 2014 piis
2771 1941 3091 1998 hominibus
3119 1936 3395 2008 praebebo,
3429 1947 3554 1988 cum
3582 1931 3637 1984 in
3671 1937 3721 1982 te

2139 2061 2290 2116 spem
2344 2042 2758 2106 collocaverim,
2820 2048 2875 2094 et
2919 2033 3342 2107 respondentem
3385 2024 3501 2098 spei
3555 2024 3718 2078 ﬁnem

2139 2145 2333 2191 nactus
2369 2132 2588 2188 fuerim.

2212 2226 2378 2281 Vens.
2423 2224 2510 2279 75.
2551 2221 2818 2293 Cognovi,
2868 2215 3122 2281 Domine,
3159 2211 3308 2283 quod
3355 2206 3586 2277 mquitas
3615 2202 3724 2257 sint

2139 2319 2344 2392 judicia
2377 2329 2492 2383 tua,
2522 2324 2577 2372 et
2601 2315 2833 2370 veritate
2862 2321 2957 2365 tua
2990 2302 3370 2363 humiliaveris
3401 2314 3509 2353 me.
3543 2315 3561 2347 ι
3599 2293 3725 2348 Haec

2144 2387 2418 2482 praecipue
2443 2410 2577 2464 dicit
2629 2415 2692 2462 ut
2721 2414 2936 2476 gratum
2976 2400 3222 2455 animum
3255 2409 3416 2451 suum
3447 2387 3722 2445 ostendat.

2146 2480 2324 2566 Βοηο.
2343 2503 2444 2566 ait,
2493 2499 2620 2555 novi
2680 2509 2731 2552 te
2763 2505 2819 2552 et
2861 2501 3008 2550 recte
3055 2497 3110 2546 et
3150 2489 3296 2559 juste
3339 2499 3428 2539 me
3466 2480 3725 2536 condem-

2146 2609 2330 2660 nasse,
2360 2601 2414 2648 et
2449 2591 2618 2646 variis
2645 2584 3055 2644 calamitatibus
3087 2595 3176 2636 me
3203 2574 3565 2649 oppressisse.

2217 2810 2388 2867 Vens.
2404 2809 2492 2864 76.
2515 2825 2536 2860 ι
2562 2807 2685 2861 Fiat
2699 2799 3078 2860 misericordia
3100 2795 3320 2869 1558
3342 2803 3456 2860 tua,
3475 2788 3725 2851 Domine,

2148 2913 2209 2958 ut
2252 2901 2563 2958 consoletur
2609 2912 2716 2952 me.
2787 2914 2806 2948 ›
2857 2892 2962 2947 Sed
3012 2890 3268 2956 deinceps
3299 2879 3652 2952 benignitatis
3678 2888 3734 2932 et

2149 2990 2645 3049 consolationisest
2667 2995 2901 3054 tempus.
2940 3001 2958 3033 ι
2996 2978 3312 3035 Secundum
3329 2973 3556 3030 verbum
3577 2979 3730 3024 tuum

2151 3096 2312 3137 servo
2361 3089 2457 3134 tuo
2509 3075 2776 3150 (datum).
2848 3091 2867 3124 ι
2918 3071 3058 3125 Nam
3111 3068 3197 3123 his
3265 3065 3358 3134 qui
3410 3057 3734 3132 ptenitentia

2151 3181 2403 3234 utuntur,
2433 3179 2579 3223 tuam
2609 3163 3050 3221 benevolentiam
3076 3155 3398 3229 promisisti.
3429 3153 3543 3206 Hoc
3566 3149 3731 3204 etiam

2151 3279 2248 3332 per
2296 3262 2493 3316 Isaiam
2540 3259 2720 3314 dixit:
2773 3275 2792 3308 ι
2829 3255 2966 3310 Cum
3013 3261 3195 3307 autem
3231 3261 3487 3304 reversus
3534 3242 3732 3298 fueris.

2151 3363 2206 3408 et
2232 3350 2586 3423 ingemueris,
2619 3359 2751 3403 tunc
2775 3345 3081 3401 salvaberis
3101 3352 3148 3395 ³.
3182 3359 3201 3392 ι
3233 3340 3301 3394 Et
3321 3353 3418 3408 per
3442 3332 3735 3390 Jeremiam

2152 3445 2353 3501 clamat
2386 3460 2401 3498 :
2441 3461 2460 3495 ι
2497 3437 2900 3496 Convertimini
2947 3437 3016 3490 ad
3061 3449 3171 3501 me,
3209 3442 3264 3486 et
3303 3445 3404 3501 ego
3444 3431 3737 3482 convertar

2153 3537 2220 3591 ad
2249 3551 2347 3591 vos
2368 3534 2417 3590 ί.
2459 3553 2478 3588 ι

2225 3625 2392 3682 Vens.
2436 3625 2524 3680 77.
2566 3644 2586 3674 ς
2620 3621 2859 3677 Veniant
2911 3619 3044 3672 mihi
3093 3612 3477 3671 miserationes
3519 3618 3645 3674 tuae,
3688 3615 3742 3660 et

2152 3718 2330 3772 vivam
2350 3757 2365 3781 ,
2396 3716 2522 3784 quia
2553 3714 2638 3768 lex
2669 3721 2761 3766 tua
2797 3709 3083 3764 meditatio
3112 3720 3232 3759 mea
3264 3711 3369 3758 est.
3410 3722 3427 3753 ι
3466 3699 3740 3755 Mortuum

2155 3824 2216 3864 se
2244 3809 2422 3879 ipsum
2462 3805 2764 3867 existimat,
2797 3802 2984 3858 divina
3009 3795 3385 3854 benevolentia
3417 3792 3694 3862 privatum
3724 3807 3738 3843 :

2155 3900 2363 3956 idcirco
2395 3905 2458 3953 ut
2491 3896 2651 3967 quasi
2687 3895 2983 3951 reviviscat
3021 3905 3120 3962 per
3151 3885 3396 3943 divinam
3427 3881 3742 3953 benignita-

2155 4001 2264 4048 tem
2295 4001 2566 4061 precatur.

2231 4085 2398 4141 Vens.
2441 4085 2528 4140 78.
2575 4103 2594 4136 ι
2631 4080 3054 4139 Confundantur
3090 4073 3337 4146 superbi,
3376 4069 3505 4142 quia
3540 4065 3746 4136 iniqui-

2157 4188 2324 4235 tatem
2374 4181 2624 4234 l‘ecerunt
2661 4184 2852 4232 contra
2896 4187 3006 4234 me,
3060 4184 3164 4240 ego
3208 4175 3392 4223 autem
3437 4159 3747 4216 meditabor

2159 4269 2414 4324 mandata
2456 4280 2567 4322 tua.
2608 4287 2626 4320 ι
2675 4265 2793 4321 Non
2827 4263 3084 4318 hostibus
3119 4260 3473 4328 imprecatur,
3516 4249 3610 4306 sed
3649 4265 3748 4316 pro

2160 4361 2242 4416 eis
2287 4373 2480 4430 preces
2533 4359 2732 4424 inlidit,
2790 4351 3238 4426 quandoquidem
3291 4345 3465 4416 pudor
3509 4341 3746 4397 salutem

2161 4459 2442 4524 procurat.
2479 4450 2653 4517 Quam
2696 4450 2862 4519 igitur
2895 4445 3222 4500 medicinam
3263 4442 3600 4516 consecutus
3641 4441 3747 4494 est,

2089 4551 2138 4609 D
2165 4554 2224 4600 ut
2251 4544 2327 4598 illi
2364 4544 2529 4602 etiam
2566 4551 2977 4610 consequantur
3009 4535 3270 4606 postulat.

2237 4635 2403 4690 Vens.
2447 4635 2535 4690 79.
2583 4653 2602 4685 ‹
2639 4624 3047 4688 Converlantur
3080 4627 3146 4680 ad
3184 4640 3271 4680 me
3303 4621 3560 4676 timentes
3591 4625 3665 4675 te,
3697 4622 3755 4668 et

2164 4729 2256 4798 qui
2307 4735 2582 4782 noverunt
2629 4723 2943 4780 testimonia
2997 4730 3113 4775 tua.
3158 4737 3178 4770 ι
3237 4714 3310 4770 Ut
3350 4709 3675 4780 longissime
3722 4721 3748 4758 a

2160 4795 2431 4882 iustorum
2459 4813 2628 4867 choro
2659 4818 2882 4881 propter
2911 4816 3197 4879 peccatum
3231 4801 3468 4874 positus,
3502 4807 3560 4853 et
3583 4795 3756 4850 omni-

2167 4908 2268 4961 bus
2298 4907 2370 4973 ei,
2405 4921 2512 4960 non
2547 4920 2706 4960 secus
2741 4919 2804 4958 ac
2841 4905 2958 4972 ipse
2987 4901 3150 4963 Deus,
3210 4894 3456 4958 eﬂ‘ensis,
3499 4895 3754 4959 precatur

2164 5007 2225 5052 ut
2253 5014 2445 5052 rursus
2478 5013 2601 5052 cum
2648 4995 2756 5050 illis
2790 4976 2844 5049 in
2881 4993 3110 5064 gratiam
3143 4991 3350 5053 redeat,
3383 4993 3440 5040 et
3465 4978 3756 5038 familiari-

2167 5101 2332 5146 tatem
2393 5098 2639 5145 renovet.
2714 5088 2826 5144 Iloc
2878 5088 3024 5141 enim
3080 5081 3447 5157 Symmachus
3506 5070 3752 5145 apertius

2171 5183 2310 5239 dixit
2341 5199 2354 5236 :
2394 5181 2716 5237 Convertant
2745 5197 2826 5235 me
2876 5180 2966 5250 qui
3006 5180 3189 5232 timent
3223 5184 3290 5229 te.

1549 5477 1781 5532 VARl/E
1825 5475 2210 5534 LECTIONES
2247 5477 2335 5533 ET
2366 5477 2596 5535 ΝΟΤΛΞ.

549 5572 594 5603 ⁸⁷
634 5570 814 5641 cod.l
851 5572 976 5623 ὑπὸ.
1054 5569 1099 5600 ⁸³
1140 5568 1267 5622 Τοῦ.
1328 5571 1409 5641 Δξι).
1471 5570 1576 5641 πρὸ
1631 5571 1844 5641 τούτου.
1923 5573 1966 5603 ⁵⁹
2029 5591 2044 5624 ι

2144 5612 2151 5624 .
2219 5572 2240 5624 1
2298 5571 2580 5640 διαφόρως

584 5642 692 5724 39d.
723 5641 746 5693 1
773 5640 859 5724 δὴ,
891 5654 1012 5710 quae
1054 5647 1138 5724 est
1178 5654 1288 5694 rec.
1325 5639 1485 5724 lectio
1740 5640 1784 5672 ⁸³
1825 5641 2022 5724 Κύριε.

2144 5652 2220 5696 est
2277 5657 2306 5694 a
2356 5627 2482 5722 9.3.1.“
2529 5627 2643 5695 l'et
2689 5657 2718 5694 a
2791 5627 2940 5724 textu
2988 5627 3183 5724 Ilieer
3238 5637 3284 5668 ⁸³
3342 5627 3574 5724 (milhi,
3608 5627 3752 5696 τοῖς.

485 5712 533 5746 ⁸⁵
582 5711 715 5764 ibid.
768 5707 1126 5778 ἐπιστραφεὶς
1183 5709 1478 5772 στενάξεις,
1511 5712 1556 5742 ⁸⁵
1582 5711 1814 5777 ‘En'rep.
1853 5707 1928 5764 ib.
1962 5711 2047 5778 ἕρι

2144 5729 2203 5772 ν,
2241 5713 2478 5778 ascripta
2534 5724 2714 5765 tamen
2756 5711 2925 5764 altera
2988 5707 3244 5780 lectione.

2004 5781 2044 5852 ξδ’
2073 5779 2214 5835 cod.
2274 5782 2298 5834 1
2345 5783 2444 5852 μὲ,
2477 5797 2599 5851 quae
2656 5790 2736 5836 cst
2783 5795 2891 5835 rec.
2940 5779 3118 5833 lectio.

482 5643 527 5676 ⁶¹
566 5642 689 5694 eod.
723 5640 859 5707 ιδὴ,
891 5654 1012 5710 quae
1054 5647 1138 5693 est
1178 5654 1288 5694 rec.
1327 5639 1485 5710 lectio
1515 5639 1571 5693 h.
1627 5641 1662 5692 Ι.

482 5779 606 5847 ἐμὲ.
651 5780 786 5835 Hel).
837 5788 1068 5834 evertunt
1121 5782 1188 5843 (ε.
1228 5790 1468 5833 evertere
1525 5782 1766 5846 student)
1825 5796 1924 5833 me.

2724 5572 2770 5604 ⁶⁰
2837 5567 3214 5636 Περιέϐαιες.
3273 5566 3349 5620 il).
3406 5579 3596 5636 praem.
3665 5565 3756 5636 ne.

3355 5707 3398 5737 ⁶⁶
3438 5704 3632 5769 Ἠιοὸμ.
3670 5708 3757 5767 εἷς

3213 5777 3260 5808 ⁸⁸
3303 5777 3645 5844 Σύμμαχος.
3684 5773 3755 5826 lia

487 5866 708 5922 quoque
741 5849 1102 5914 Theodotion,
1156 5857 1288 5905 teste
1334 5848 1557 5906 Mentel”.
1597 5852 1647 5906 iu
1677 5849 1903 5921 llexapl.
1952 5850 2017 5905 ad
2058 5852 2112 5906 1ι.
2153 5853 2190 5905 ι.
