4128 6430
507 330 644 401 £847

1502 353 1995 417 THEODORETI
2016 359 2359 421 EPISCOPI
2400 364 2767 427 CYRENSIS

3619 376 3740 444 1848

584 450 750 510 Vens.
805 455 895 511 80.
954 477 971 510 t
1013 458 1132 516 Fiat
1184 479 1278 518 cor
1327 482 1505 522 meum
1558 470 1972 530 immaculatum
2032 477 2080 530 in

584 545 820 566 ..εηωμ
876 549 909 566 ..
1045 562 1053 566 ,
1107 554 1118 565 .
1598 562 1614 566 ,
1710 564 1720 566 μ

2266 478 2339 534 π’.
2374 499 2392 531 t
2429 482 2781 556 Γενηθήτωή
2815 485 3012 556 καρδία
3047 504 3150 558 μου
3180 491 3409 566 ἄμωμος
3441 497 3497 550 ὲν
3536 499 3643 558 τοῖς
3668 498 3741 550 διο

503 541 997 611 justilicationibus
1042 554 1172 620 tuis,
1222 565 1276 611 ut
1325 574 1431 614 non
1480 562 1809 620 confundar.
1852 586 1871 618 ι
1922 571 1939 591 ⁸
1981 566 2090 625 Cor

508 635 579 689 ab
614 638 764 691 omni
803 644 1228 710 reprehensione
1274 649 1508 706 liberum
1551 654 1755 711 habere
1785 658 2087 728 desiderat,

507 728 954 798 quandoquidem
1008 737 1324 806 hujusmodi
1380 758 1474 797 eor
1525 764 1555 799 a
1604 748 1811 816 pudore
1857 750 2089 807 liberum

506 824 610 873 est.
660 817 957 893 Propterea
991 826 1209 899 1459
1232 832 1415 886 statim
1460 836 1727 903 psalmum
1772 840 2088 907 exordiens,

507 912 659 966 omni
690 916 1120 983 reprehensione
1156 938 1360 978 vacuos
1389 926 1578 981 beatos
1602 944 1722 983 esse
1751 930 1891 985 dixit
1921 950 1935 986 :

578 999 744 1059 Vens.
786 1006 874 1060 81.
923 1028 940 1058 ι
982 1010 1173 1066 Delicit
1219 1014 1272 1068 in
1303 1017 1532 1071 salutari
1583 1030 1676 1074 tuo
1718 1023 1901 1077 anima
1945 1042 2088 1093 mea,

505 1093 632 1160 quia
673 1094 728 1147 in
767 1098 950 1154 verbis
982 1102 1093 1157 tuis
1128 1119 1283 1173 spem
1321 1108 1501 1175 posui.
1542 1129 1562 1160 ι
1603 1109 1709 1177 Qui
1740 1114 2094 1173 vehementer

506 1183 709 1255 aliquid
740 1190 1075 1260 desiderant,
1105 1210 1164 1251 re
1198 1197 1509 1254 desiderata
1544 1212 1729 1259 autent
1759 1217 1970 1274 carent,
2011 1211 2093 1265 di-

505 1286 705 1332 cuntur
735 1283 988 1340 deiicere.
1020 1285 1286 1344 Similiter
1317 1292 1411 1359 qui
1449 1294 1603 1350 valde
1631 1297 1847 1365 sitiunt,
1873 1311 1926 1355 et
1948 1318 2090 1372 aqua

504 1382 713 1427 carent.
741 1373 1010 1433 Similiter
1049 1382 1141 1450 qtti
1164 1382 1404 1453 aliquem
1448 1386 1810 1444 domesticum
1843 1407 1910 1445 ex
1936 1410 2091 1462 pere-

505 1460 820 1529 grinatione
857 1480 1203 1539 exspectant,
1231 1475 1543 1531 desiderant
1576 1480 1797 1549 quidem
1829 1460 2043 1553 semper
2075 1503 2087 1540 :

503 1551 763 1610 desiderii
806 1573 939 1615 vero
974 1578 1084 1617 non
1118 1577 1399 1635 compotes
1431 1567 1583 1635 facti,
1636 1587 1873 1628 meet-ore
1918 1575 2092 1629 conti-

505 1642 750 1702 ciuntur.
791 1648 1054 1707 Similiter
1094 1656 1261 1711 etiam
1324 1659 1403 1713 illi
1444 1662 1538 1731 qui
1582 1677 1709 1717 eum
1755 1665 2089 1720 calamitati-

506 1735 611 1791 bus
645 1739 974 1808 quibusdam
1008 1746 1410 1816 Lcolluctantur,
1456 1764 1510 1809 et
1555 1755 1796 1810 divinam
1855 1757 2090 1813 benevo-

2192 572 2471 642 καιώμασί
2523 591 2639 640 σου,
2700 577 2853 641 ὃπως
2912 578 2981 632 ἂν
3046 580 3123 653 μὴ
3175 586 3464 657 αίσχυνθῶ.
3502 588 3742 658 »Μώμου

2192 664 2396 729 παντὸς
2424 666 2720 740 ἐλευθέραν
2748 669 2896 741 ἔχειν
2928 674 3156 745 καρδίαν
3184 677 3415 747 ἐφίεται.
3447 682 3511 733 Ἦ
3536 681 3743 751 τοιαύτη

2190 756 2300 829 γὰρ
2350 760 2613 832 αἰσχύνης
2657 764 3000 835 ἀπήλλακται
3025 806 3041 822 .
3078 770 3180 824 Διά
3219 788 3303 825 τοι
3334 774 3490 828 τοῦτο
3529 772 3620 826 καὶ
3664 775 3747 825 εὑ-

2191 849 2289 913 0);
2339 852 2647 924 ἀρξάμενος
2718 857 2813 910 τοῦ
2858 859 3076 931 ψαλμοῦ
3137 864 3262 927 τοὺς
3313 864 3571 936 ἀμώμους
3626 866 3749 934 ἐμα-

2190 940 2437 1010 κάρισεν.

2262 1043 2372 1091 πα’.
2415 1056 2434 1090 t
2475 1038 2748 1094 Ἐκλείπει
2773 1043 2854 1107 εἰς
2880 1045 2940 1097 τὸ
2974 1047 3244 1118 σωτήριόν
3272 1066 3365 1101 σου
3397 1051 3427 1120 ή
3458 1050 3598 1122 ψυχή
3634 1067 3748 1120 μου,

2190 1126 2272 1180 ὅτι
2296 1128 2341 1160 ⁸³
2371 1131 2452 1194 είς
2482 1133 2609 1196 τοὺς
2639 1132 2830 1202 λόγους
2861 1154 2955 1191 σου
2989 1139 3285 1210 ὲπήλπισα.
3326 1160 3345 1192 ι
3383 1144 3446 1195 Οί
3476 1144 3674 1213 σφόδρα
3703 1160 3751 1195 τι

2191 1218 2507 1286 ποθοῦντες,
2549 1224 2645 1278 καὶ
2678 1227 3043 1298 ἐστερημένοι
3072 1230 3166 1283 τοῦ
3200 1231 3558 1302 ποθουμένου,
3585 1232 3750 1286 ἐκλεί-

2193 1329 2315 1365 πειν
2344 1314 2529 1379 φασίν.
2567 1314 2757 1381 Οὑτως
2781 1319 2832 1370 οί
2860 1319 3003 1386 ἄγαν
3030 1320 3316 1388 διψῶντες,
3352 1323 3444 1377 καὶ
3479 1322 3752 1386 σπανίζον-

2188 1420 2279 1467 τες
2307 1403 2523 1469 ὓδατος.
2553 1407 2740 1473 Οὕτως
2774 1410 2826 1463 οἵ
2852 1429 2975 1465 τινα
3012 1412 3122 1467 τῶν
3148 1415 3445 1485 γνωρίμων
3483 1415 3540 1481 ἐξ
3568 1416 3756 1483 ἀποδη-

2194 1494 2323 1565 μίας
2346 1498 2764 1567 προσμένοντες,
2794 1502 3095 1574 ίμείρονται
3119 1505 3220 1575 μὲν
3243 1507 3351 1568 ἀεὶ,
3372 1508 3755 1576 κατατήκονται

2189 1586 2246 1640 δὲ
2274 1587 2354 1657 τῷ
2388 1589 2541 1660 πόθῳ
2567 1590 3049 1664 διαμαρτάνοντες.
3081 1596 3241 1650 Οὖτω
3264 1598 3359 1651 καὶ
3388 1599 3436 1651 oi
3464 1599 3757 1667 συμφοραῖς

2188 1694 2300 1732 τισι
2328 1683 2818 1751 προσπαλαιόντες,
2855 1687 2951 1741 καὶ
2978 1688 3077 1758 τὴν
3106 1688 3260 1742 θείαν
3284 1689 3573 1759 εὐμένειαν
3602 1704 3759 1759 προσ-

2195 1770 2470 1839 μένοντες,
2503 1773 2950 1849 ἀναϐαλλομένην
2995 1779 3203 1851 ταύτην
3240 1781 3476 1852 ὁρῶντες
3500 1782 3547 1813 ⁷⁸
3591 1778 3758 1834 ἐκλεί-

505 1825 731 1885 lentiam
800 1846 1166 1906 exspectant,
1244 1841 1371 1896 dum
1434 1844 1574 1901 hanc
1632 1850 2085 1917 procrastinalam
2121 1825 2409 1915 Βπουσιν.

505 1920 714 1990 vident,
748 1924 1030 1984 delicium.

575 2103 741 2161 Vens.
782 2107 873 2166 82.
933 2131 951 2163 ι
993 2113 1323 2173 Defecerunt
1381 2120 1523 2174 oculi
1591 2123 1693 2178 mei
1754 2124 1808 2178 in
1867 2126 2089 2196 eloquio

502 2202 620 2265 tuo,
646 2198 923 2259 dicentes:
950 2205 1185 2271 Quando
1207 2213 1580 2270 consolaberis
1605 2218 1729 2271 me?
1759 2238 1777 2270 ι
1801 2217 2087 2289 Eloquium

499 2296 556 2342 et
586 2292 882 2359 promissio
920 2297 1106 2354 divina
1145 2311 1395 2368 vocatur,
1423 2316 1478 2360 et
1504 2305 1790 2377 Scriptura
1818 2310 2086 2367 divinitus

500 2378 797 2449 inspirata.
853 2385 1048 2446 Deﬁcit
1098 2392 1268 2462 igitur
1324 2411 1433 2451 non
1485 2399 1649 2455 modo
1695 2400 1790 2469 qui
1844 2402 2085 2457 divinam

500 2474 922 2540 promissionem
954 2520 968 2544 ,
1001 2491 1056 2539 et
1095 2485 1468 2544 liberationem
1542 2492 1611 2545 ab
1669 2491 2085 2550 imminentibus

498 2564 659 2620 malis
685 2581 983 2639 exspectat,
1015 2575 1110 2629 sed
1137 2576 1300 2632 etiam
1327 2581 1422 2650 qui
1446 2580 1629 2635 divina
1661 2584 1887 2639 oracula
1933 2585 2087 2640 lecti-

499 2662 600 2721 tat,
636 2655 949 2730 horumque
966 2678 1190 2720 sensum
1232 2669 1425 2723 sedulo
1459 2671 1668 2726 discere
1693 2672 2005 2739 desiderat,
2032 2683 2087 2731 et

498 2752 654 2816 putat
697 2751 894 2807 horum
940 2757 1315 2813 inventionem
1348 2774 1472 2815 esse
1493 2759 1596 2815 sibi
1628 2762 2081 2833 consolationem,

495 2848 550 2894 et
583 2843 752 2897 animi
783 2847 1228 2906 oblcrtationem.

572 2938 732 2994 Vens.
765 2941 854 2996 85.
890 2962 907 2993 ι
946 2943 1085 3010 Quia
1110 2946 1293 3004 laetus
1320 2965 1441 3004 sum
1471 2950 1614 3005 sicut
1638 2961 1757 3005 uter
1783 2954 1835 3007 in
1864 2955 2080 3024 pruina,

490 3033 954 3098 justiﬁcationnm
1004 3049 1219 3094 tuarum
1281 3059 1385 3099 non
1432 3060 1552 3098 sum
1613 3046 1839 3102 oblitus.
1878 3067 1895 3097 ι
1954 3048 2083 3103 Uter

492 3125 795 3183 calefactus
841 3132 1101 3199 mollitur,
1145 3145 1197 3190 et
1239 3137 1568 3191 tumefactus
1610 3140 1922 3193 extenditur
1967 3159 1979 3194 :
2022 3141 2075 3195 in
2105 3180 2147 3234 ρ

491 3212 690 3281 pruina
724 3231 853 3271 vero
909 3219 1227 3277 obdurescit
1272 3232 1326 3279 et
1368 3226 1729 3281 contrahitur.
1778 3226 1869 3283 Sic
1907 3229 2077 3282 etiam

489 3311 744 3379 corporis
781 3321 979 3367 natura
1023 3316 1269 3371 mollitur
1330 3318 1553 3387 quidem
1600 3335 1694 3388 per
1727 3321 1977 3387 delicias,
2023 3330 2078 3376 et

490 3404 830 3469 extenditur,
875 3415 931 3459 et
966 3417 1160 3463 contra
1189 3410 1428 3463 animam
1468 3413 1751 3482 assurgit:
1783 3414 2076 3469 aﬂlictione

492 3510 624 3549 vero
679 3497 1092 3554 exercitationis
1150 3500 1499 3569 deprimitur,
1563 3512 1617 3558 et
1671 3505 1957 3574 premitur.
2012 3505 2078 3561 Et

493 3584 660 3654 hujus
692 3587 769 3643 rei
804 3590 958 3646 testis
981 3599 1064 3646 est
1098 3592 1387 3662 Apostolus
1410 3595 1764 3651 exclamans:
1801 3616 1818 3649 ι
1852 3598 2074 3669 Castigo

489 3693 691 3748 corpus
717 3696 921 3747 meum,
955 3693 1010 3738 et
1039 3686 1090 3739 in
1120 3687 1441 3741 servitutem
1467 3688 1674 3759 redigo,
1708 3705 1775 3744 ne
1798 3705 1922 3745 eum
1953 3690 2072 3745 aliis

489 3772 920 3839 przedicaverim,
958 3776 1073 3845 ipse
1108 3781 1375 3847 reprobus
1412 3780 1615 3835 elliciar
1638 3794 1684 3835 ιι.
1722 3801 1741 3835 ι
1776 3781 1912 3838 Hinc
1939 3782 2072 3838 Pro-

489 3862 671 3929 pheta,
712 3882 835 3920 cum
868 3886 896 3922 a
929 3868 1340 3948 1&6QSaule
1381 3874 1815 3943 persecutionem
1856 3883 2070 3945 patere-

488 3963 594 4014 tur,
629 3955 914 4013 allectibus
950 3963 1203 4028 superior
1242 3971 1358 4017 erat
1389 3981 1401 4016 :
1429 3980 1554 4017 enm
1593 3981 1721 4019 vero
1750 3982 1883 4035 pace
1927 3966 2069 4035 poti-

486 4053 574 4099 tus
597 4058 763 4113 esset,
804 4065 899 4119 per
940 4051 1261 4109 deliciarum
1291 4058 1547 4113 stimulos
1588 4059 1749 4114 laesus
1787 4069 1909 4114 est:
1942 4075 2067 4115 cum

482 4144 663 4194 autem
704 4156 902 4211 corpus
944 4145 1325 4215 tlcpressisset,
1366 4148 1680 4205 divinarum
1721 4153 1900 4222 legum
1952 4167 2068 4207 me-

483 4233 717 4287 moriam
750 4238 1055 4292 renovavit.

553 4322 720 4382 Vens.
761 4327 851 4383 84.
898 4347 915 4380 t
954 4329 1103 4396 Quot
1143 4342 1274 4386 sunt
1319 4334 1437 4390 dies
1488 4338 1632 4391 servi
1682 4337 1800 4400 tui,
1846 4336 2068 4406 quando

480 4418 763 4473 exercebis
817 4430 1009 4476 contra
1075 4437 1465 4494 persequentes
1531 4441 1617 4479 me
1669 4425 1988 4494 judicium?
2040 4444 2059 4476 ι

481 4502 674 4570 Breve,
721 4509 818 4575 ait,
855 4510 1108 4566 httnanaa
1148 4513 1272 4566 vitae
1317 4522 1403 4568 est
1451 4523 1686 4581 tempus.
1740 4511 1868 4567 Dies
1915 4511 2063 4565 enim

2258 2126 2367 2196 πβ’.
2404 2145 2422 2179 t
2465 2126 2745 2193 Ἐξέλιπον
2799 2131 2846 2182 οί
2898 2129 3170 2201 ὀφθαλμοί
3207 2150 3310 2202 μου
3358 2133 3440 2196 είς
3486 2133 3548 2186 τὸ
3592 2128 3763 2199 λόγιόν

2156 2224 2307 2284 ⁸σου,
2333 2219 2603 2288 λέγοντες,
2627 2222 2764 2277 Πότε
2788 2223 3191 2294 παρακαλέσεις
3229 2242 3294 2293 με
3319 2243 3333 2291 ;
3372 2244 3391 2275 ι
3439 2225 3651 2292 Λόγων
3675 2221 3762 2276 καὶ

2188 2313 2539 2384 ὑπόσχεσιςὴ
2573 2314 2695 2368 Θεία
2723 2315 2995 2378 καλεῖται,
3032 2316 3126 2369 καὶ
3175 2318 3209 2386 ή
3242 2316 3604 2378 θεόπνευστος
3627 2314 3762 2384 Γρα-

2187 2405 2283 2476 et}.
2324 2404 2601 2458 Ἐκλείπει
2636 2406 2819 2461 τοίνυν
2862 2407 2924 2461 οὑ
2958 2406 3122 2475 μόνον
3155 2408 3183 2460 6
3214 2406 3312 2477 τὴν
3345 2408 3641 2477 ὑπόσχεσιν
3668 2404 3760 2474 τὴν

2188 2495 2340 2549 θείαν
2373 2497 2685 2568 ἀναμένων,
2720 2498 2816 2552 καὶ
2845 2498 2945 2569 τὴν
2968 2498 3123 2552 λύσιν
3147 2498 3255 2550 τῶν
3274 2497 3649 2567 ἐπικειμένων
3670 2512 3763 2548 κα-

2186 2589 2299 2643 κῶν
2330 2590 2768 2661 προσδεχόμενος
2786 2607 2801 2621 ⁸
2831 2590 2966 2644 ἀλλά
2995 2590 3090 2644 καὶ
3119 2592 3148 2643 6
3178 2592 3291 2652 τοῖς
3322 2588 3491 2651 θείοις
3514 2586 3763 2655 ἐντυγχά-

2184 2696 2291 2733 νων
2332 2680 2555 2749 λογίοις,
2587 2683 2684 2735 καὶ
2732 2682 2831 2752 τὴν
2880 2680 3091 2735 τούτων
3140 2681 3385 2735 διάνοιαν
3433 2677 3764 2747 καταμαθεῖν

2184 2770 2431 2839 ἀκριϐῶς
2462 2771 2772 2841 ἐφιέμενος,
2798 2771 2894 2825 καὶ
2918 2770 3266 2842 παράκλησιν
3291 2771 3387 2824 καὶ
3416 2766 3765 2840 ψυχαγωγίαν

2186 2861 2560 2933 ὑπολαμϐάνει
2593 2863 2695 2931 τὴν
2719 2863 2958 2933 εὕρεσιν.

2256 2965 2366 3028 πγ’.
2406 2979 2424 3011 t
2466 2961 2589 3015 Ὀτι
2614 2959 2881 3032 ἐγενήθην
2912 2960 2989 3022 ὡς
3014 2957 3181 3022 ἀσκὸς
3203 2960 3261 3012 ὲν
3288 2958 3476 3029 πάχνῃ
3500 2957 3544 2987 τί
3569 2971 3583 2987 ⁸
3610 2954 3677 3010 τὰ
3698 2951 3766 3008 δι-

2184 3051 2479 3122 καιώματά
2512 3069 2606 3105 σου
2646 3053 2745 3105 οὑκ
2776 3051 3147 3121 ἐπελαθόμην.
3186 3070 3204 3102 ι
3251 3050 3309 3103 Ὀ
3340 3051 3512 3114 ἀσκὸς
3543 3048 3763 3118 θερμαι-

2183 3148 2406 3215 νόμενος
2440 3143 2756 3214 χαυνοῦται,
2792 3144 2886 3197 καὶ
2912 3141 3234 3213 φυσώμενος
3257 3142 3304 3173 ⁷³
3331 3139 3681 3209 ἐξογκοῦταιο
3706 3138 3759 3187 ὲν

2179 3236 2236 3291 δὲ
2257 3240 2322 3307 τῇ
2349 3236 2529 3307 πάχνῃ
2562 3235 2697 3303 σκλη
2709 3234 2926 3306 ρύνεται
2961 3234 3056 3288 καὶ
3084 3235 3383 3304 πήγνυται.
3413 3232 3576 3287 Οὕτω
3606 3230 3655 3263 ⁷³
3680 3226 3766 3281 καὶ

2179 3328 2271 3382 τοῦ
2305 3328 2558 3399 σώματος
2588 3329 2622 3398 ή
2643 3327 2807 3397 φύσις
2858 3325 3155 3396 χαυνοῦται
3211 3326 3311 3395 μὲν
3345 3327 3414 3396 τῇ
3449 3324 3655 3396 τρυφῇ,
3682 3318 3765 3373 καὶ

2181 3419 2519 3489 ἐξογκοῦται,
2557 3420 2651 3473 καὶ
2679 3419 2822 3475 κατά
2850 3418 2952 3487 τῆς
2976 3417 3157 3487 ψυχῆς
3187 3416 3548 3483 ἐξανίσταται
3566 3432 3578 3445 ·
3606 3414 3703 3483 τῆς
3724 3408 3767 3443 ⁷⁸

2178 3511 2234 3564 δὲ
2289 3511 2595 3583 ἀσκητικῆς
2652 3510 2922 3581 κακουχίᾳ
2958 3506 3313 3562 ταπεινοῦται
3364 3507 3463 3561 καὶ
3502 3504 3765 3568 πιέζεται.

2177 3605 2288 3657 Καὶ
2323 3604 2516 3657 τούτου
2550 3604 2761 3674 μάρτυς
2794 3603 2840 3635 ⁷³
2869 3604 2899 3655 6
2926 3602 3137 3664 Παῦλος
3176 3600 3335 3671 βοῶν,
3392 3619 3412 3652 ί
3455 3598 3597 3652 Ἀλλ’
3642 3597 3771 3649 ὑπο-

2174 3697 2351 3760 πιέζω
2382 3695 2428 3727 ⁷⁸
2464 3713 2567 3766 μου
2597 3695 2659 3748 τὸ
2695 3695 2878 3767 σῶμα,
2903 3696 2999 3748 καὶ
3037 3694 3398 3763 δουλαγωγῶ,
3437 3696 3642 3764 μήπως
3679 3692 3769 3744 ἀλ-

2173 3788 2286 3852 λοις
2316 3788 2562 3857 κηρύξας
2596 3787 2760 3851 αὑτὸς
2800 3788 3059 3857 ἀδόκιμος
3094 3789 3367 3857 γένωμαι.
3418 3805 3437 3839 ι
3480 3784 3773 3855 Τοιγάρτοι

2173 3881 2268 3935 καὶ
2296 3881 2324 3933 6
2357 3881 2671 3951 Προφήτης,
2700 3879 2892 3949 ἐπειδὴ
2923 3880 3255 3950 διωκόμενος
3307 3880 3419 3933 ὑπὸ
3447 3878 3549 3932 τοῦ
3581 3875 3768 3938 Σαοὺλ,

2172 3970 2440 4042 κρείττων
2470 3965 2536 4041 ἦν
2566 3969 2675 4023 τῶν
2705 3968 2895 4024 παθῶν
2916 3988 2928 4001 ·
2957 3971 3182 4041 εἰρήνης
3208 3970 3265 4023 δὲ
3290 3970 3640 4033 ἀπολαύσας,
3664 3968 3772 4027 τοῖς

2170 4062 2279 4116 ἀπὸ
2335 4062 2436 4132 τῆς
2477 4063 2694 4134 τρυφῆς
2749 4062 2956 4131 ἐϐλάϐη
3001 4063 3369 4133 σκιρτήμασι,
3420 4060 3766 4120 ταπεινώσας

2169 4152 2232 4205 τὸ
2286 4151 2468 4223 σῶμα,
2523 4151 2632 4206 τῶν
2687 4151 2849 4206 θείων
2891 4152 3075 4223 νόμων
3127 4154 3227 4225 τὴν
3261 4154 3495 4225 μνήμην
3542 4148 3769 4207 ἀνενεώ-

2173 4261 2323 4299 σατο.

2244 4333 2347 4388 πδν.
2391 4353 2409 4385 t
2436 4337 2606 4389 Πόσαι
2637 4335 2774 4388 εἰσιν
2798 4336 2854 4389 αἱ
2883 4335 3089 4406 ἡμέραι
3123 4335 3217 4390 τοῦ
3244 4336 3438 4391 δούλου
3469 4356 3609 4406 σου;
3644 4336 3769 4390 πότε

2171 4428 2419 4496 ποιήσεις
2477 4445 2566 4498 μοι
2604 4430 2669 4481 ὲκ
2708 4428 2817 4480 τῶν
2875 4428 3330 4483 καταδιωκόντων
3356 4448 3433 4501 με
3481 4432 3711 4503 κρίσιν;
3743 4447 3762 4481 ι

2178 4519 2410 4587 Ὀλίγος,
2445 4521 2631 4589 φησιν,
2667 4519 2768 4589 τῆς
2812 4518 3164 4592 ἀνθρωπίνης
3209 4521 3434 4590 φύσεως
3483 4526 3514 4578 ὁ
3556 4521 3766 4595 χρόνος.

479 4610 753 4653 mutorum
796 4610 1111 4658 nostrorum
1142 4605 1197 4659 in
1222 4606 1356 4675 ipsis
1414 4606 1763 4676 septuaginta
1828 4605 1957 4659 anni
1985 4605 2061 4657 η’.

2180 4612 2238 4665 At
2266 4580 2381 4681 urde
2396 4580 2600 4682 ήμέραι
2749 4580 2886 4663 έτῶν
2904 4580 3065 4682 ήμῶν
3171 4580 3360 4676 αὑτοῖς
3382 4580 3767 4685 ἐϐδομήκοντα

479 4685 712 4753 Quando
739 4693 904 4763 igitur
933 4696 1025 4763 jus
1065 4698 1196 4751 mihi
1240 4698 1455 4763 reddes,
1497 4708 1552 4753 et
1587 4700 1656 4755 ab
1702 4698 1945 4753 inimicis
1978 4712 2065 4753 me

477 4779 738 4840 liberabis
758 4784 781 4839 ἲ

551 4873 737 4930 ‘Vnns.
800 4877 890 4932 85.
940 4898 958 4931 t
1006 4879 1377 4937 Narraverunt
1421 4885 1553 4939 mihi
1618 4886 1795 4956 iniqui
1841 4884 2057 4940 fabula-

474 4963 678 5031 tiones,
729 4967 824 5023 sed
869 4983 977 5022 non
1021 4978 1081 5023 ut
1124 4971 1206 5026 lex
1251 4982 1362 5037 tua,
1401 4974 1650 5029 Domine.
1692 4996 1710 5028 ι
1774 4976 2058 5047 Propheta:

474 5058 697 5123 quidem
748 5068 807 5115 ut
850 5061 1105 5116 inimicos
1157 5075 1379 5120 necaret
1437 5068 1838 5123 consuluerunt
1881 5087 1895 5123 :
1940 5068 2058 5138 ipse

476 5164 605 5205 vero
633 5150 831 5206 divinae
866 5153 971 5224 legi
1001 5155 1406 5226 obtemperans,
1455 5160 1695 5215 divinam
1722 5160 2052 5216 sententiam

547 5328 573 5356 υ
608 5318 623 5369 l
655 5318 783 5373 Cor.
823 5337 899 5385 ιτ,
930 5321 1020 5375 9.7.
1100 5325 1145 5359 α’
1183 5321 1331 5375 Psai.
1375 5337 1596 5385 Lxxxtx,
1631 5322 1698 5375 10

2171 4702 2288 4798 ἐξ).
2325 4702 2464 4756 Πότε
2518 4702 2696 4757 τοίνυν
2743 4720 2834 4772 μοι
2868 4702 3132 4768 δικάσεις,
3172 4703 3269 4757 καὶ
3312 4704 3429 4758 τῶν
3481 4701 3767 4776 δυσμενῶν

2173 4770 2502 4859 ἀπαλλάξεις
2525 4814 2539 4862 ;

2238 4894 2341 4941 πεν.
2379 4905 2399 4939 ‹
2435 4887 2775 4958 Διηγήσαντό
2811 4887 2855 4918 ⁷⁷
2894 4903 2985 4956 μοι
3041 4886 3353 4959 παράνομοι
3416 4888 3769 4958 ἀδολεσχίας,

2165 4978 2279 5031 ἀλλ’
2317 4979 2417 5047 οὑχ
2460 4975 2536 5037 ώς
2580 4977 2608 5029 6
2641 4975 2804 5046 νόμος
2836 4991 2953 5041 σου,
2986 4973 3160 5046 Κύριε
3178 4973 3244 5029 ⁷⁸.
3277 4992 3297 5027 ι
3340 4973 3435 5044 Τῷ
3470 4975 3576 5046 μὲν
3631 4975 3770 5043 Προο

2166 5071 2310 5142 φήτῃ
2342 5069 2470 5131 τοὺς
2500 5067 2731 5137 ἐχθροὺς
2757 5066 2971 5121 ἀνελεῖν
3011 5064 3449 5120 συνεϐούλευσαν
3472 5085 3486 5100 σ
3511 5067 3682 5128 αὐτὸς
3714 5062 3768 5117 δὲ

2162 5160 2244 5231 τῷ
2287 5161 2418 5230 θείῳ
2466 5160 2614 5229 νόμῳ
2646 5157 2990 5228 πειθόμενος,
3017 5158 3117 5229 τὴν
3140 5158 3292 5213 θείαν
3323 5158 3518 5230 ψῆφον
3564 5158 3762 5237 ἀνέρε-

1587 5461 1821 5516 VARIIE
1872 5462 2257 5520 LECTIONES
2298 5463 2385 5517 ET
2408 5462 2639 5519 NOTAE.

539 5573 584 5607 ”
628 5574 777 5631 Ὅτι.
812 5576 978 5631 Abest
1018 5594 1049 5632 a
1101 5577 1222 5631 ('O‘l.
1281 5573 1329 5626 Ι.

1407 5573 1449 5603 ⁷ο
1495 5575 1801 5643 Ὀρῶντες.
1851 5577 1971 5632 Des.
2017 5578 2147 5633 ibid.

2259 5579 2303 5609 '”
2344 5579 2449 5631 Ἐν
2502 5576 2725 5646 πάχνη.
2754 5576 2940 5640 llehr.,
2990 5578 3041 5630 in
3077 5576 3242 5645 fumo.
3354 5575 3400 5605 τ’
3451 5577 3635 5646 Χαυν.
3675 5572 3765 5646 ξιιιὲ

473 5658 620 5711 φυσ.
658 5643 782 5702 Des.
820 5647 872 5699 in
898 5649 1019 5702 cod.
1062 5648 1083 5700 l
1163 5648 1212 5718 ’ἦ
1252 5644 1575 5718 Οτῦτῳωοιί.
1619 5647 1843 5718 [τοῦτο.
1919 5648 1963 5679 ⁷³
2004 5650 2077 5701 ibi

2180 5651 2254 5718 τῇ.
2333 5650 2377 5680 ⁷³
2419 5643 3022 5718 ίῑζὶρτύςζίιήιιεεηυ.
3063 5643 3246 5718 αὑτός.
3293 5646 3342 5718 γ⁷⁶
3381 5645 3494 5699 cod
3557 5647 3606 5718 Δ1
3666 5644 3767 5694 ὑπ-

473 5713 728 5784 ωπιάζιλυ,
756 5732 878 5784 quae
910 5726 994 5771 est
1038 5732 1149 5769 rec.
1201 5714 1363 5769 lectio
1393 5713 1431 5784 Vl.
1464 5731 1511 5767 e.

1622 5716 1668 5747 "
1703 5719 1863 5785 Amr.
1895 5746 1965 5758 --
1993 5718 2167 5771 ἀδολ.
2192 5711 2356 5772 Hebr.
2391 5735 2403 5769 :
2455 5711 2723 5772 Foderunt
2793 5717 2921 5771 mihi
2948 5711 2961 5717 ’
2987 5717 3197 5787 superbi
3273 5717 3477 5787 foveas.
3551 5711 3763 5782 Syrum.

474 5776 883 5854 ὑπόιρυξάι”μοι
911 5786 1254 5857 ὑπερήφανοι
1298 5783 1547 5852 ὑπόγεια.
1622 5787 1665 5819 ⁷⁸
1704 5776 1904 5854 Κύριε.
1956 5788 2080 5843 Alte:

2180 5806 2196 5843 ι
2232 5797 2378 5844 textu
2432 5787 2595 5847 lleht'.
