  <div class='ocr_page' id='page_1' title='image "/cluster/home/n/w/nwhite01/storage/ocr_20150623/80:no.1/coo.31924054869817/932.png"; bbox 0 0 4128 6424; ppageno 0'>
   <div class='ocr_carea' id='block_1_1' title="bbox 346 398 487 468">
    <p class='ocr_par' dir='ltr' id='par_1_1' title="bbox 346 398 487 468">
     <span class='ocr_line' id='line_1_1' title="bbox 346 398 487 468; baseline -0.014 0"><span class='ocrx_word' id='word_1_1' title='bbox 346 398 416 468; x_wconf 83' lang='grc'><strong>18</strong></span> <span class='ocrx_word' id='word_1_2' title='bbox 430 403 487 467; x_wconf 67' lang='grc' dir='ltr'><strong>ες)</strong></span> 
     </span>
    </p>
   </div>
   <div class='ocr_carea' id='block_1_2' title="bbox 1701 403 2346 466">
    <p class='ocr_par' dir='ltr' id='par_1_2' title="bbox 1701 403 2346 466">
     <span class='ocr_line' id='line_1_2' title="bbox 1701 403 2346 466; baseline 0 -1"><span class='ocrx_word' id='word_1_3' title='bbox 1701 405 1782 466; x_wconf 79' lang='lat' dir='ltr'><strong>IN</strong></span> <span class='ocrx_word' id='word_1_4' title='bbox 1822 404 2031 464; x_wconf 76' lang='lat' dir='ltr'><strong>PSAL.</strong></span> <span class='ocrx_word' id='word_1_5' title='bbox 2079 403 2346 465; x_wconf 73' lang='lat' dir='ltr'><strong>CXVIII.</strong></span> 
     </span>
    </p>
   </div>
   <div class='ocr_carea' id='block_1_3' title="bbox 3504 400 3639 465">
    <p class='ocr_par' dir='ltr' id='par_1_3' title="bbox 3504 400 3639 465">
     <span class='ocr_line' id='line_1_3' title="bbox 3504 400 3639 465; baseline -0.007 -1"><span class='ocrx_word' id='word_1_6' title='bbox 3504 400 3639 465; x_wconf 76' lang='lat'><strong>1350</strong></span> 
     </span>
    </p>
   </div>
   <div class='ocr_carea' id='block_1_4' title="bbox 341 513 1943 588">
    <p class='ocr_par' dir='ltr' id='par_1_4' title="bbox 341 514 1935 588">
     <span class='ocr_line' id='line_1_4' title="bbox 341 514 1935 588; baseline -0.004 -16"><span class='ocrx_word' id='word_1_7' title='bbox 341 534 458 572; x_wconf 76' lang='grc' dir='ltr'>νεν.</span> <span class='ocrx_word' id='word_1_8' title='bbox 500 517 662 571; x_wconf 77' lang='grc' dir='ltr'>Ἀλλά</span> <span class='ocrx_word' id='word_1_9' title='bbox 695 518 785 572; x_wconf 78' lang='grc' dir='ltr'>καὶ</span> <span class='ocrx_word' id='word_1_10' title='bbox 817 518 948 588; x_wconf 69' lang='grc' dir='ltr'>ἡμῖν</span> <span class='ocrx_word' id='word_1_11' title='bbox 991 518 1101 571; x_wconf 85' lang='grc' dir='ltr'><strong>τῶν</strong></span> <span class='ocrx_word' id='word_1_12' title='bbox 1139 517 1336 584; x_wconf 69' lang='grc' dir='ltr'>λογίων</span> <span class='ocrx_word' id='word_1_13' title='bbox 1373 515 1580 570; x_wconf 85' lang='grc' dir='ltr'>τούτων</span> <span class='ocrx_word' id='word_1_14' title='bbox 1613 514 1935 568; x_wconf 80' lang='grc' dir='ltr'>διδασκαλία</span> 
     </span>
    </p>
   </div>
   <div class='ocr_carea' id='block_1_5' title="bbox 2045 513 3636 588">
    <p class='ocr_par' dir='ltr' id='par_1_5' title="bbox 2045 513 3636 583">
     <span class='ocr_line' id='line_1_5' title="bbox 2045 513 3636 583; baseline 0.001 -15"><span class='ocrx_word' id='word_1_15' title='bbox 2045 517 2400 583; x_wconf 80' lang='lat' dir='ltr'><strong>exspectavit.</strong></span> <span class='ocrx_word' id='word_1_16' title='bbox 2444 514 2644 570; x_wconf 87' lang='lat' dir='ltr'><strong>Verum</strong></span> <span class='ocrx_word' id='word_1_17' title='bbox 2674 514 2834 570; x_wconf 90' lang='lat' dir='ltr'><strong>nobis</strong></span> <span class='ocrx_word' id='word_1_18' title='bbox 2870 514 3035 569; x_wconf 87' lang='lat' dir='ltr'><strong>etiam</strong></span> <span class='ocrx_word' id='word_1_19' title='bbox 3061 513 3261 568; x_wconf 85' lang='lat' dir='ltr'><strong>borum</strong></span> <span class='ocrx_word' id='word_1_20' title='bbox 3287 514 3636 569; x_wconf 81' lang='lat' dir='ltr'><strong>oraculorum</strong></span> 
     </span>
    </p>
   </div>
   <div class='ocr_carea' id='block_1_6' title="bbox 341 606 1937 681">
    <p class='ocr_par' dir='ltr' id='par_1_6' title="bbox 341 606 1937 681">
     <span class='ocr_line' id='line_1_6' title="bbox 341 606 1937 681; baseline -0.002 -19"><span class='ocrx_word' id='word_1_21' title='bbox 341 610 768 680; x_wconf 81' lang='grc' dir='ltr'><strong>χρησιμωτάτη.</strong></span> <span class='ocrx_word' id='word_1_22' title='bbox 806 611 1082 681; x_wconf 82' lang='grc' dir='ltr'>Προσήκει</span> <span class='ocrx_word' id='word_1_23' title='bbox 1128 610 1236 680; x_wconf 80' lang='grc' dir='ltr'>γὰρ</span> <span class='ocrx_word' id='word_1_24' title='bbox 1283 611 1477 679; x_wconf 84' lang='grc' dir='ltr'>φυγεῖν</span> <span class='ocrx_word' id='word_1_25' title='bbox 1518 606 1581 661; x_wconf 83' lang='grc' dir='ltr'><strong>οὐ</strong></span> <span class='ocrx_word' id='word_1_26' title='bbox 1618 607 1779 678; x_wconf 82' lang='grc' dir='ltr'>μόνον</span> <span class='ocrx_word' id='word_1_27' title='bbox 1809 608 1937 670; x_wconf 77' lang='grc' dir='ltr'>τοὺς</span> 
     </span>
    </p>
   </div>
   <div class='ocr_carea' id='block_1_7' title="bbox 354 697 1937 771">
    <p class='ocr_par' dir='ltr' id='par_1_7' title="bbox 354 697 1937 771">
     <span class='ocr_line' id='line_1_7' title="bbox 354 697 1937 771; baseline -0.002 -18"><span class='ocrx_word' id='word_1_28' title='bbox 354 700 630 771; x_wconf 81' lang='grc' dir='ltr'>Ἑλλήνων</span> <span class='ocrx_word' id='word_1_29' title='bbox 668 700 893 769; x_wconf 74' lang='grc' dir='ltr'>μύθους.</span> <span class='ocrx_word' id='word_1_30' title='bbox 929 701 1022 752; x_wconf 80' lang='grc' dir='ltr'>καὶ</span> <span class='ocrx_word' id='word_1_31' title='bbox 1051 700 1149 769; x_wconf 82' lang='grc' dir='ltr'>τὴν</span> <span class='ocrx_word' id='word_1_32' title='bbox 1192 699 1459 753; x_wconf 83' lang='grc' dir='ltr'>Ἰουδαίων</span> <span class='ocrx_word' id='word_1_33' title='bbox 1485 697 1765 763; x_wconf 77' lang='grc' dir='ltr'><strong>ἀπιστίαν,</strong></span> <span class='ocrx_word' id='word_1_34' title='bbox 1800 697 1937 751; x_wconf 75' lang='grc' dir='ltr'>ἀλλὰ</span> 
     </span>
    </p>
   </div>
   <div class='ocr_carea' id='block_1_8' title="bbox 341 789 1708 859">
    <p class='ocr_par' dir='ltr' id='par_1_8' title="bbox 341 789 1708 859">
     <span class='ocr_line' id='line_1_8' title="bbox 341 789 1708 859; baseline -0.001 -17"><span class='ocrx_word' id='word_1_35' title='bbox 341 791 442 842; x_wconf 72' lang='grc' dir='ltr'><strong>καὶ</strong></span> <span class='ocrx_word' id='word_1_36' title='bbox 478 790 588 842; x_wconf 86' lang='grc' dir='ltr'><strong>τῶν</strong></span> <span class='ocrx_word' id='word_1_37' title='bbox 620 790 916 859; x_wconf 78' lang='grc' dir='ltr'>αἱρετικῶν</span> <span class='ocrx_word' id='word_1_38' title='bbox 941 790 1009 842; x_wconf 79' lang='grc' dir='ltr'><strong>τά</strong></span> <span class='ocrx_word' id='word_1_39' title='bbox 1041 790 1338 859; x_wconf 77' lang='grc' dir='ltr'>βλάσφημα</span> <span class='ocrx_word' id='word_1_40' title='bbox 1370 790 1617 858; x_wconf 77' lang='grc' dir='ltr'><strong>δόγματα</strong></span> <span class='ocrx_word' id='word_1_41' title='bbox 1644 789 1708 841; x_wconf 70' lang='grc' dir='ltr'><strong>τ’.</strong></span> 
     </span>
    </p>
   </div>
   <div class='ocr_carea' id='block_1_9' title="bbox 420 878 1932 950">
    <p class='ocr_par' dir='ltr' id='par_1_9' title="bbox 420 878 1932 950">
     <span class='ocr_line' id='line_1_9' title="bbox 420 878 1932 950; baseline -0.001 -17"><span class='ocrx_word' id='word_1_42' title='bbox 420 880 541 945; x_wconf 68' lang='grc' dir='ltr'>σις’.</span> <span class='ocrx_word' id='word_1_43' title='bbox 575 898 594 931; x_wconf 77' lang='grc' dir='ltr'><strong>ι</strong></span> <span class='ocrx_word' id='word_1_44' title='bbox 635 881 816 934; x_wconf 73' lang='grc' dir='ltr'>Πᾶσαι</span> <span class='ocrx_word' id='word_1_45' title='bbox 840 882 897 933; x_wconf 87' lang='grc' dir='ltr'><strong>αί</strong></span> <span class='ocrx_word' id='word_1_46' title='bbox 927 881 1139 934; x_wconf 80' lang='grc' dir='ltr'>ὲντολαί</span> <span class='ocrx_word' id='word_1_47' title='bbox 1172 898 1264 934; x_wconf 87' lang='grc' dir='ltr'><strong>σου</strong></span> <span class='ocrx_word' id='word_1_48' title='bbox 1302 882 1551 950; x_wconf 80' lang='grc' dir='ltr'>ὰλήυεια.</span> <span class='ocrx_word' id='word_1_49' title='bbox 1583 899 1599 930; x_wconf 76' lang='grc' dir='ltr'><strong>ι</strong></span> <span class='ocrx_word' id='word_1_50' title='bbox 1639 879 1740 932; x_wconf 74' lang='grc' dir='ltr'>Διὰ</span> <span class='ocrx_word' id='word_1_51' title='bbox 1772 878 1932 932; x_wconf 76' lang='grc' dir='ltr'>τοῦτο</span> 
     </span>
    </p>
   </div>
   <div class='ocr_carea' id='block_1_10' title="bbox 342 967 1929 1041">
    <p class='ocr_par' dir='ltr' id='par_1_10' title="bbox 342 967 1929 1041">
     <span class='ocr_line' id='line_1_10' title="bbox 342 967 1929 1041; baseline 0.002 -21"><span class='ocrx_word' id='word_1_52' title='bbox 342 967 458 1036; x_wconf 86' lang='grc' dir='ltr'><strong>γάρ</strong></span> <span class='ocrx_word' id='word_1_53' title='bbox 490 984 583 1020; x_wconf 91' lang='grc' dir='ltr'><strong>σου</strong></span> <span class='ocrx_word' id='word_1_54' title='bbox 621 969 996 1039; x_wconf 67' lang='grc' dir='ltr'><strong>προαιροῦμαι</strong></span> <span class='ocrx_word' id='word_1_55' title='bbox 1024 970 1117 1022; x_wconf 71' lang='grc' dir='ltr'><strong>τὸν</strong></span> <span class='ocrx_word' id='word_1_56' title='bbox 1152 970 1337 1036; x_wconf 74' lang='grc' dir='ltr'>νόμον,</span> <span class='ocrx_word' id='word_1_57' title='bbox 1374 970 1563 1041; x_wconf 78' lang='grc' dir='ltr'>ἐπειδὴ</span> <span class='ocrx_word' id='word_1_58' title='bbox 1604 970 1785 1032; x_wconf 79' lang='grc' dir='ltr'>πάσας</span> <span class='ocrx_word' id='word_1_59' title='bbox 1836 986 1929 1023; x_wconf 89' lang='grc' dir='ltr'><strong>σου</strong></span> 
     </span>
    </p>
   </div>
   <div class='ocr_carea' id='block_1_11' title="bbox 341 1060 1522 1133">
    <p class='ocr_par' dir='ltr' id='par_1_11' title="bbox 341 1060 1522 1133">
     <span class='ocr_line' id='line_1_11' title="bbox 341 1060 1522 1133; baseline 0.003 -21"><span class='ocrx_word' id='word_1_60' title='bbox 341 1060 443 1124; x_wconf 75' lang='grc' dir='ltr'>τὰς</span> <span class='ocrx_word' id='word_1_61' title='bbox 475 1061 698 1124; x_wconf 76' lang='grc' dir='ltr'>ἐντολὰς</span> <span class='ocrx_word' id='word_1_62' title='bbox 726 1061 956 1130; x_wconf 70' lang='grc' dir='ltr'>ἀληθεία</span> <span class='ocrx_word' id='word_1_63' title='bbox 983 1064 1364 1131; x_wconf 68' lang='grc' dir='ltr'><strong>κοσμουμένας</strong></span> <span class='ocrx_word' id='word_1_64' title='bbox 1390 1062 1522 1133; x_wconf 79' lang='grc' dir='ltr'>ὁρῶ.</span> 
     </span>
    </p>
   </div>
   <div class='ocr_carea' id='block_1_12' title="bbox 348 1150 1937 1226">
    <p class='ocr_par' dir='ltr' id='par_1_12' title="bbox 348 1150 1937 1226">
     <span class='ocr_line' id='line_1_12' title="bbox 348 1150 1937 1226; baseline 0.004 -24"><span class='ocrx_word' id='word_1_65' title='bbox 348 1170 368 1201; x_wconf 80' lang='grc' dir='ltr'><strong>ι</strong></span> <span class='ocrx_word' id='word_1_66' title='bbox 411 1150 637 1214; x_wconf 81' lang='grc' dir='ltr'>Ἀδίκως</span> <span class='ocrx_word' id='word_1_67' title='bbox 667 1152 999 1216; x_wconf 77' lang='grc' dir='ltr'>κατεδίωξάν</span> <span class='ocrx_word' id='word_1_68' title='bbox 1034 1171 1119 1223; x_wconf 84' lang='grc' dir='ltr'><strong>με,</strong></span> <span class='ocrx_word' id='word_1_69' title='bbox 1154 1154 1420 1223; x_wconf 66' lang='grc' dir='ltr'>βοήθησόν</span> <span class='ocrx_word' id='word_1_70' title='bbox 1463 1172 1573 1222; x_wconf 90' lang='grc' dir='ltr'>μοι.</span> <span class='ocrx_word' id='word_1_71' title='bbox 1607 1153 1742 1226; x_wconf 71' lang='grc' dir='ltr'><strong>[πῖ]</strong></span> <span class='ocrx_word' id='word_1_72' title='bbox 1777 1154 1937 1225; x_wconf 73' lang='grc' dir='ltr'>Παρὰ</span> 
     </span>
    </p>
   </div>
   <div class='ocr_carea' id='block_1_13' title="bbox 342 1239 1934 1314">
    <p class='ocr_par' dir='ltr' id='par_1_13' title="bbox 342 1239 1934 1314">
     <span class='ocr_line' id='line_1_13' title="bbox 342 1239 1934 1314; baseline 0.003 -21"><span class='ocrx_word' id='word_1_73' title='bbox 342 1239 523 1311; x_wconf 78' lang='grc' dir='ltr'>βραχὺ</span> <span class='ocrx_word' id='word_1_74' title='bbox 560 1240 914 1294; x_wconf 78' lang='grc' dir='ltr'>συνετέλεσάν</span> <span class='ocrx_word' id='word_1_75' title='bbox 950 1260 1017 1311; x_wconf 91' lang='grc' dir='ltr'><strong>με</strong></span> <span class='ocrx_word' id='word_1_76' title='bbox 1056 1245 1112 1297; x_wconf 84' lang='grc' dir='ltr'>ἐν</span> <span class='ocrx_word' id='word_1_77' title='bbox 1138 1246 1201 1313; x_wconf 83' lang='grc' dir='ltr'>τῇ</span> <span class='ocrx_word' id='word_1_78' title='bbox 1235 1247 1337 1314; x_wconf 70' lang='grc' dir='ltr'><strong>γῇ⁴</strong></span> <span class='ocrx_word' id='word_1_79' title='bbox 1369 1245 1478 1312; x_wconf 76' lang='grc' dir='ltr'><strong>ἐγὼ</strong></span> <span class='ocrx_word' id='word_1_80' title='bbox 1519 1245 1578 1297; x_wconf 77' lang='grc' dir='ltr'>δὲ</span> <span class='ocrx_word' id='word_1_81' title='bbox 1609 1246 1709 1297; x_wconf 80' lang='grc' dir='ltr'><strong>οὐκ</strong></span> <span class='ocrx_word' id='word_1_82' title='bbox 1732 1246 1934 1311; x_wconf 79' lang='grc' dir='ltr'>ἐγκατ-</span> 
     </span>
    </p>
   </div>
   <div class='ocr_carea' id='block_1_14' title="bbox 338 1329 1932 1404">
    <p class='ocr_par' dir='ltr' id='par_1_14' title="bbox 338 1329 1932 1404">
     <span class='ocr_line' id='line_1_14' title="bbox 338 1329 1932 1404; baseline 0.005 -23"><span class='ocrx_word' id='word_1_83' title='bbox 338 1329 532 1382; x_wconf 80' lang='grc' dir='ltr'>έλιπον</span> <span class='ocrx_word' id='word_1_84' title='bbox 562 1330 661 1391; x_wconf 78' lang='grc' dir='ltr'><strong>τάς</strong></span> <span class='ocrx_word' id='word_1_85' title='bbox 689 1331 910 1394; x_wconf 81' lang='grc' dir='ltr'>ἐντολάς</span> <span class='ocrx_word' id='word_1_86' title='bbox 936 1349 1049 1384; x_wconf 90' lang='grc' dir='ltr'>σου.</span> <span class='ocrx_word' id='word_1_87' title='bbox 1095 1352 1112 1385; x_wconf 75' lang='grc' dir='ltr'><strong>ι</strong></span> <span class='ocrx_word' id='word_1_88' title='bbox 1152 1332 1350 1404; x_wconf 87' lang='grc' dir='ltr'>Πολλὴ.</span> <span class='ocrx_word' id='word_1_89' title='bbox 1382 1335 1570 1403; x_wconf 72' lang='grc' dir='ltr'>φησὶν,</span> <span class='ocrx_word' id='word_1_90' title='bbox 1600 1333 1697 1404; x_wconf 75' lang='grc' dir='ltr'><strong>ὴ⁸⁰</strong></span> <span class='ocrx_word' id='word_1_91' title='bbox 1725 1334 1932 1399; x_wconf 83' lang='grc' dir='ltr'>ἀδικία,</span> 
     </span>
    </p>
   </div>
   <div class='ocr_carea' id='block_1_15' title="bbox 338 1420 1934 1498">
    <p class='ocr_par' dir='ltr' id='par_1_15' title="bbox 338 1420 1934 1498">
     <span class='ocr_line' id='line_1_15' title="bbox 338 1420 1934 1498; baseline 0.004 -24"><span class='ocrx_word' id='word_1_92' title='bbox 338 1422 444 1475; x_wconf 61' lang='grc' dir='ltr'><strong>καὶ⁹</strong></span> <span class='ocrx_word' id='word_1_93' title='bbox 481 1422 513 1491; x_wconf 80' lang='grc' dir='ltr'>ή</span> <span class='ocrx_word' id='word_1_94' title='bbox 558 1420 853 1475; x_wconf 74' lang='grc' dir='ltr'>δυναστεία</span> <span class='ocrx_word' id='word_1_95' title='bbox 889 1422 1000 1476; x_wconf 87' lang='grc' dir='ltr'><strong>τῶν</strong></span> <span class='ocrx_word' id='word_1_96' title='bbox 1027 1424 1343 1493; x_wconf 68' lang='grc' dir='ltr'>δυσμενῶν*</span> <span class='ocrx_word' id='word_1_97' title='bbox 1381 1426 1477 1478; x_wconf 79' lang='grc' dir='ltr'>καὶ</span> <span class='ocrx_word' id='word_1_98' title='bbox 1509 1426 1681 1495; x_wconf 79' lang='grc' dir='ltr'>αὐτῆς</span> <span class='ocrx_word' id='word_1_99' title='bbox 1722 1425 1832 1497; x_wconf 83' lang='grc' dir='ltr'><strong>γάρ</strong></span> <span class='ocrx_word' id='word_1_100' title='bbox 1866 1442 1934 1498; x_wconf 82' lang='grc' dir='ltr'><strong>με</strong></span> 
     </span>
    </p>
   </div>
   <div class='ocr_carea' id='block_1_16' title="bbox 341 1513 1363 1586">
    <p class='ocr_par' dir='ltr' id='par_1_16' title="bbox 341 1513 1363 1586">
     <span class='ocr_line' id='line_1_16' title="bbox 341 1513 1363 1586; baseline 0.008 -23"><span class='ocrx_word' id='word_1_101' title='bbox 341 1513 550 1583; x_wconf 76' lang='grc' dir='ltr'>μικροῦ</span> <span class='ocrx_word' id='word_1_102' title='bbox 581 1513 695 1566; x_wconf 80' lang='grc' dir='ltr'>δεῖν</span> <span class='ocrx_word' id='word_1_103' title='bbox 727 1516 1033 1584; x_wconf 71' lang='grc' dir='ltr'>ἐστέρησαν</span> <span class='ocrx_word' id='word_1_104' title='bbox 1062 1517 1162 1584; x_wconf 79' lang='grc' dir='ltr'>τῆς</span> <span class='ocrx_word' id='word_1_105' title='bbox 1196 1516 1363 1586; x_wconf 80' lang='grc' dir='ltr'>ζωῆς.</span> 
     </span>
    </p>
   </div>
   <div class='ocr_carea' id='block_1_17' title="bbox 417 1607 1933 1680">
    <p class='ocr_par' dir='ltr' id='par_1_17' title="bbox 417 1607 1933 1680">
     <span class='ocr_line' id='line_1_17' title="bbox 417 1607 1933 1680; baseline 0.005 -23"><span class='ocrx_word' id='word_1_106' title='bbox 417 1612 531 1674; x_wconf 82' lang='grc' dir='ltr'>πη’.</span> <span class='ocrx_word' id='word_1_107' title='bbox 573 1625 591 1656; x_wconf 81' lang='grc' dir='ltr'><strong>ι</strong></span> <span class='ocrx_word' id='word_1_108' title='bbox 632 1608 789 1660; x_wconf 79' lang='grc' dir='ltr'>Κατᾶ</span> <span class='ocrx_word' id='word_1_109' title='bbox 821 1607 881 1660; x_wconf 88' lang='grc' dir='ltr'><strong>τὸ</strong></span> <span class='ocrx_word' id='word_1_110' title='bbox 910 1608 1061 1670; x_wconf 79' lang='grc' dir='ltr'>ἔλεός</span> <span class='ocrx_word' id='word_1_111' title='bbox 1092 1626 1187 1661; x_wconf 90' lang='grc' dir='ltr'><strong>σου</strong></span> <span class='ocrx_word' id='word_1_112' title='bbox 1229 1610 1393 1679; x_wconf 77' lang='grc' dir='ltr'>ζῆσόν</span> <span class='ocrx_word' id='word_1_113' title='bbox 1440 1628 1527 1680; x_wconf 86' lang='grc' dir='ltr'><strong>με,</strong></span> <span class='ocrx_word' id='word_1_114' title='bbox 1568 1613 1662 1664; x_wconf 80' lang='grc' dir='ltr'><strong>καὶ</strong></span> <span class='ocrx_word' id='word_1_115' title='bbox 1712 1612 1933 1679; x_wconf 80' lang='grc' dir='ltr'>φυλάξω</span> 
     </span>
    </p>
   </div>
   <div class='ocr_carea' id='block_1_18' title="bbox 339 1693 1931 1772">
    <p class='ocr_par' dir='ltr' id='par_1_18' title="bbox 339 1693 1931 1772">
     <span class='ocr_line' id='line_1_18' title="bbox 339 1693 1931 1772; baseline 0.004 -27"><span class='ocrx_word' id='word_1_116' title='bbox 339 1694 413 1746; x_wconf 74' lang='grc' dir='ltr'>τὰ</span> <span class='ocrx_word' id='word_1_117' title='bbox 451 1693 734 1765; x_wconf 70' lang='grc' dir='ltr'>μαρτύρια</span> <span class='ocrx_word' id='word_1_118' title='bbox 781 1694 875 1747; x_wconf 78' lang='grc' dir='ltr'>τοῦ</span> <span class='ocrx_word' id='word_1_119' title='bbox 912 1696 1180 1766; x_wconf 78' lang='grc' dir='ltr'>στόματός</span> <span class='ocrx_word' id='word_1_120' title='bbox 1226 1715 1342 1752; x_wconf 77' lang='grc' dir='ltr'>σου.</span> <span class='ocrx_word' id='word_1_121' title='bbox 1379 1719 1396 1748; x_wconf 74' lang='grc' dir='ltr'><strong>ι</strong></span> <span class='ocrx_word' id='word_1_122' title='bbox 1450 1701 1931 1772; x_wconf 72' lang='grc' dir='ltr'>Ταπεινοφροσύνῃ</span> 
     </span>
    </p>
   </div>
   <div class='ocr_carea' id='block_1_19' title="bbox 340 1785 1931 1861">
    <p class='ocr_par' dir='ltr' id='par_1_19' title="bbox 340 1785 1931 1861">
     <span class='ocr_line' id='line_1_19' title="bbox 340 1785 1931 1861; baseline 0.005 -24"><span class='ocrx_word' id='word_1_123' title='bbox 340 1785 436 1837; x_wconf 71' lang='grc' dir='ltr'><strong>τὸν</strong></span> <span class='ocrx_word' id='word_1_124' title='bbox 469 1785 629 1854; x_wconf 86' lang='grc' dir='ltr'>λόγον</span> <span class='ocrx_word' id='word_1_125' title='bbox 653 1786 980 1857; x_wconf 80' lang='grc' dir='ltr'>ἐκόσμησεν.</span> <span class='ocrx_word' id='word_1_126' title='bbox 1017 1788 1091 1841; x_wconf 83' lang='grc' dir='ltr'><strong>Οὐ</strong></span> <span class='ocrx_word' id='word_1_127' title='bbox 1125 1788 1234 1859; x_wconf 80' lang='grc' dir='ltr'><strong>γάρ</strong></span> <span class='ocrx_word' id='word_1_128' title='bbox 1262 1789 1360 1859; x_wconf 81' lang='grc' dir='ltr'>τῆς</span> <span class='ocrx_word' id='word_1_129' title='bbox 1398 1790 1748 1861; x_wconf 79' lang='grc' dir='ltr'>δικαιοσύνης</span> <span class='ocrx_word' id='word_1_130' title='bbox 1779 1792 1931 1846; x_wconf 84' lang='grc' dir='ltr'>ἀντί-</span> 
     </span>
    </p>
   </div>
   <div class='ocr_carea' id='block_1_20' title="bbox 2045 605 3638 677">
    <p class='ocr_par' dir='ltr' id='par_1_20' title="bbox 2045 605 3638 677">
     <span class='ocr_line' id='line_1_20' title="bbox 2045 605 3638 677; baseline 0 -18"><span class='ocrx_word' id='word_1_131' title='bbox 2045 606 2297 660; x_wconf 84' lang='lat' dir='ltr'><strong>doctrina</strong></span> <span class='ocrx_word' id='word_1_132' title='bbox 2327 608 2621 662; x_wconf 89' lang='lat' dir='ltr'><strong>utilissima</strong></span> <span class='ocrx_word' id='word_1_133' title='bbox 2646 616 2748 662; x_wconf 90' lang='lat' dir='ltr'><strong>est.</strong></span> <span class='ocrx_word' id='word_1_134' title='bbox 2781 607 2946 661; x_wconf 86' lang='lat' dir='ltr'><strong>Decet</strong></span> <span class='ocrx_word' id='word_1_135' title='bbox 2980 608 3127 660; x_wconf 88' lang='lat' dir='ltr'><strong>enim</strong></span> <span class='ocrx_word' id='word_1_136' title='bbox 3170 622 3274 661; x_wconf 87' lang='lat' dir='ltr'><strong>nos</strong></span> <span class='ocrx_word' id='word_1_137' title='bbox 3316 605 3506 677; x_wconf 82' lang='lat' dir='ltr'><strong>lugere</strong></span> <span class='ocrx_word' id='word_1_138' title='bbox 3532 623 3638 660; x_wconf 89' lang='lat' dir='ltr'><strong>non</strong></span> 
     </span>
    </p>
   </div>
   <div class='ocr_carea' id='block_1_21' title="bbox 2045 700 3638 770">
    <p class='ocr_par' dir='ltr' id='par_1_21' title="bbox 2045 700 3638 770">
     <span class='ocr_line' id='line_1_21' title="bbox 2045 700 3638 770; baseline -0.001 -17"><span class='ocrx_word' id='word_1_139' title='bbox 2045 700 2209 754; x_wconf 90' lang='lat' dir='ltr'><strong>modo</strong></span> <span class='ocrx_word' id='word_1_140' title='bbox 2251 701 2534 770; x_wconf 73' lang='lat' dir='ltr'><strong>gentilium</strong></span> <span class='ocrx_word' id='word_1_141' title='bbox 2580 702 2816 765; x_wconf 81' lang='lat' dir='ltr'><strong>fabulas,</strong></span> <span class='ocrx_word' id='word_1_142' title='bbox 2853 700 3285 766; x_wconf 80' lang='lat' dir='ltr'><strong>Judaeorumque</strong></span> <span class='ocrx_word' id='word_1_143' title='bbox 3330 700 3638 769; x_wconf 79' lang='lat' dir='ltr'><strong>perﬁdiam,</strong></span> 
     </span>
    </p>
   </div>
   <div class='ocr_carea' id='block_1_22' title="bbox 2043 794 3229 863">
    <p class='ocr_par' dir='ltr' id='par_1_22' title="bbox 2043 794 3229 863">
     <span class='ocr_line' id='line_1_22' title="bbox 2043 794 3229 863; baseline -0.001 -17"><span class='ocrx_word' id='word_1_144' title='bbox 2043 794 2137 846; x_wconf 88' lang='lat' dir='ltr'><strong>sed</strong></span> <span class='ocrx_word' id='word_1_145' title='bbox 2160 794 2322 846; x_wconf 87' lang='lat' dir='ltr'><strong>etiam</strong></span> <span class='ocrx_word' id='word_1_146' title='bbox 2349 794 2728 849; x_wconf 63' lang='lat' dir='ltr'><strong>haereticorum</strong></span> <span class='ocrx_word' id='word_1_147' title='bbox 2757 794 2921 863; x_wconf 90' lang='lat' dir='ltr'><strong>impia</strong></span> <span class='ocrx_word' id='word_1_148' title='bbox 2947 794 3229 862; x_wconf 79' lang='lat' dir='ltr'><strong>dogmata.</strong></span> 
     </span>
    </p>
   </div>
   <div class='ocr_carea' id='block_1_23' title="bbox 2122 878 3643 935">
    <p class='ocr_par' dir='ltr' id='par_1_23' title="bbox 2122 878 3643 935">
     <span class='ocr_line' id='line_1_23' title="bbox 2122 878 3643 935; baseline -0.002 -3"><span class='ocrx_word' id='word_1_149' title='bbox 2122 878 2287 935; x_wconf 70' lang='lat' dir='ltr'><strong>Vens.</strong></span> <span class='ocrx_word' id='word_1_150' title='bbox 2330 880 2417 934; x_wconf 87' lang='lat'><strong>86.</strong></span> <span class='ocrx_word' id='word_1_151' title='bbox 2470 900 2489 932; x_wconf 79' lang='grc' dir='ltr'><strong>ι</strong></span> <span class='ocrx_word' id='word_1_152' title='bbox 2527 880 2723 935; x_wconf 82' lang='lat' dir='ltr'><strong>Omnia</strong></span> <span class='ocrx_word' id='word_1_153' title='bbox 2755 881 3018 934; x_wconf 84' lang='lat' dir='ltr'><strong>mandata</strong></span> <span class='ocrx_word' id='word_1_154' title='bbox 3058 889 3147 934; x_wconf 86' lang='lat' dir='ltr'><strong>tua</strong></span> <span class='ocrx_word' id='word_1_155' title='bbox 3193 881 3420 932; x_wconf 87' lang='lat' dir='ltr'><strong>veritas.</strong></span> <span class='ocrx_word' id='word_1_156' title='bbox 3459 898 3475 929; x_wconf 76' lang='grc' dir='ltr'><strong>ι</strong></span> <span class='ocrx_word' id='word_1_157' title='bbox 3505 878 3643 930; x_wconf 81' lang='lat' dir='ltr'><strong>Pro-</strong></span> 
     </span>
    </p>
   </div>
   <div class='ocr_carea' id='block_1_24' title="bbox 2048 972 3636 1042">
    <p class='ocr_par' dir='ltr' id='par_1_24' title="bbox 2048 972 3636 1042">
     <span class='ocr_line' id='line_1_24' title="bbox 2048 972 3636 1042; baseline -0.001 -17"><span class='ocrx_word' id='word_1_158' title='bbox 2048 981 2235 1041; x_wconf 88' lang='lat' dir='ltr'><strong>pterea</strong></span> <span class='ocrx_word' id='word_1_159' title='bbox 2276 973 2421 1027; x_wconf 91' lang='lat' dir='ltr'><strong>enim</strong></span> <span class='ocrx_word' id='word_1_160' title='bbox 2452 982 2598 1027; x_wconf 90' lang='lat' dir='ltr'><strong>tuam</strong></span> <span class='ocrx_word' id='word_1_161' title='bbox 2631 974 2802 1042; x_wconf 78' lang='lat' dir='ltr'><strong>legem</strong></span> <span class='ocrx_word' id='word_1_162' title='bbox 2834 973 2997 1041; x_wconf 80' lang='lat' dir='ltr'><strong>eligo,</strong></span> <span class='ocrx_word' id='word_1_163' title='bbox 3028 972 3288 1042; x_wconf 83' lang='lat' dir='ltr'><strong>quoniam</strong></span> <span class='ocrx_word' id='word_1_164' title='bbox 3327 972 3513 1025; x_wconf 84' lang='lat' dir='ltr'><strong>omnia</strong></span> <span class='ocrx_word' id='word_1_165' title='bbox 3546 979 3636 1023; x_wconf 92' lang='lat' dir='ltr'><strong>tua</strong></span> 
     </span>
    </p>
   </div>
   <div class='ocr_carea' id='block_1_25' title="bbox 2051 1064 2998 1118">
    <p class='ocr_par' dir='ltr' id='par_1_25' title="bbox 2051 1064 2998 1118">
     <span class='ocr_line' id='line_1_25' title="bbox 2051 1064 2998 1118; baseline 0.003 -4"><span class='ocrx_word' id='word_1_166' title='bbox 2051 1064 2307 1116; x_wconf 87' lang='lat' dir='ltr'><strong>mamlala</strong></span> <span class='ocrx_word' id='word_1_167' title='bbox 2340 1064 2567 1117; x_wconf 88' lang='lat' dir='ltr'><strong>veritate</strong></span> <span class='ocrx_word' id='word_1_168' title='bbox 2591 1074 2784 1118; x_wconf 89' lang='lat' dir='ltr'><strong>ornata</strong></span> <span class='ocrx_word' id='word_1_169' title='bbox 2813 1080 2998 1117; x_wconf 84' lang='lat' dir='ltr'><strong>cerno.</strong></span> 
     </span>
    </p>
   </div>
   <div class='ocr_carea' id='block_1_26' title="bbox 2122 1148 3637 1225">
    <p class='ocr_par' dir='ltr' id='par_1_26' title="bbox 2122 1148 3637 1225">
     <span class='ocr_line' id='line_1_26' title="bbox 2122 1148 3637 1225; baseline -0.003 -18"><span class='ocrx_word' id='word_1_170' title='bbox 2122 1175 2140 1207; x_wconf 83' lang='grc' dir='ltr'><strong>ι</strong></span> <span class='ocrx_word' id='word_1_171' title='bbox 2173 1155 2364 1225; x_wconf 81' lang='lat' dir='ltr'><strong>Inique</strong></span> <span class='ocrx_word' id='word_1_172' title='bbox 2388 1157 2656 1224; x_wconf 89' lang='lat' dir='ltr'><strong>persecuti</strong></span> <span class='ocrx_word' id='word_1_173' title='bbox 2682 1165 2941 1219; x_wconf 84' lang='lat' dir='ltr'><strong>suntme,</strong></span> <span class='ocrx_word' id='word_1_174' title='bbox 2965 1154 3162 1222; x_wconf 86' lang='lat' dir='ltr'><strong>adjuva</strong></span> <span class='ocrx_word' id='word_1_175' title='bbox 3189 1152 3497 1223; x_wconf 57' lang='lat' dir='ltr'><strong>melVeus.</strong></span> <span class='ocrx_word' id='word_1_176' title='bbox 3520 1148 3637 1218; x_wconf 80' lang='lat'><strong>87.]</strong></span> 
     </span>
    </p>
   </div>
   <div class='ocr_carea' id='block_1_27' title="bbox 2044 1244 3634 1317">
    <p class='ocr_par' dir='ltr' id='par_1_27' title="bbox 2044 1244 3634 1317">
     <span class='ocr_line' id='line_1_27' title="bbox 2044 1244 3634 1317; baseline -0.002 -20"><span class='ocrx_word' id='word_1_177' title='bbox 2044 1244 2247 1301; x_wconf 88' lang='lat' dir='ltr'><strong>Parum</strong></span> <span class='ocrx_word' id='word_1_178' title='bbox 2294 1247 2465 1303; x_wconf 76' lang='lat' dir='ltr'><strong>abfuit</strong></span> <span class='ocrx_word' id='word_1_179' title='bbox 2513 1249 2644 1317; x_wconf 90' lang='lat' dir='ltr'><strong>quin</strong></span> <span class='ocrx_word' id='word_1_180' title='bbox 2703 1255 3155 1302; x_wconf 86' lang='lat' dir='ltr'><strong>consummarent</strong></span> <span class='ocrx_word' id='word_1_181' title='bbox 3211 1262 3299 1299; x_wconf 90' lang='lat' dir='ltr'><strong>me</strong></span> <span class='ocrx_word' id='word_1_182' title='bbox 3344 1246 3398 1297; x_wconf 90' lang='lat' dir='ltr'><strong>in</strong></span> <span class='ocrx_word' id='word_1_183' title='bbox 3449 1254 3634 1297; x_wconf 85' lang='lat' dir='ltr'><strong>terra:</strong></span> 
     </span>
    </p>
   </div>
   <div class='ocr_carea' id='block_1_28' title="bbox 2041 1334 3640 1408">
    <p class='ocr_par' dir='ltr' id='par_1_28' title="bbox 2041 1334 3640 1408">
     <span class='ocr_line' id='line_1_28' title="bbox 2041 1334 3640 1408; baseline -0.002 -19"><span class='ocrx_word' id='word_1_184' title='bbox 2041 1352 2143 1407; x_wconf 88' lang='lat' dir='ltr'><strong>ego</strong></span> <span class='ocrx_word' id='word_1_185' title='bbox 2175 1348 2356 1394; x_wconf 80' lang='lat' dir='ltr'><strong>autem</strong></span> <span class='ocrx_word' id='word_1_186' title='bbox 2394 1356 2500 1394; x_wconf 88' lang='lat' dir='ltr'><strong>non</strong></span> <span class='ocrx_word' id='word_1_187' title='bbox 2526 1340 2793 1408; x_wconf 67' lang='lat' dir='ltr'><strong>(lc-reliqui</strong></span> <span class='ocrx_word' id='word_1_188' title='bbox 2826 1341 3083 1393; x_wconf 81' lang='lat' dir='ltr'><strong>mamlata</strong></span> <span class='ocrx_word' id='word_1_189' title='bbox 3115 1348 3227 1391; x_wconf 86' lang='lat' dir='ltr'><strong>tua.</strong></span> <span class='ocrx_word' id='word_1_190' title='bbox 3270 1356 3288 1391; x_wconf 72' lang='grc' dir='ltr'><strong>ι</strong></span> <span class='ocrx_word' id='word_1_191' title='bbox 3332 1335 3518 1397; x_wconf 79' lang='lat' dir='ltr'><strong>Multa,</strong></span> <span class='ocrx_word' id='word_1_192' title='bbox 3564 1334 3640 1387; x_wconf 84' lang='lat' dir='ltr'><strong>in-</strong></span> 
     </span>
    </p>
   </div>
   <div class='ocr_carea' id='block_1_29' title="bbox 2042 1426 3636 1501">
    <p class='ocr_par' dir='ltr' id='par_1_29' title="bbox 2042 1426 3636 1501">
     <span class='ocr_line' id='line_1_29' title="bbox 2042 1426 3636 1501; baseline -0.004 -16"><span class='ocrx_word' id='word_1_193' title='bbox 2042 1432 2181 1501; x_wconf 86' lang='lat' dir='ltr'><strong>quit,</strong></span> <span class='ocrx_word' id='word_1_194' title='bbox 2231 1440 2314 1485; x_wconf 88' lang='lat' dir='ltr'><strong>est</strong></span> <span class='ocrx_word' id='word_1_195' title='bbox 2365 1432 2650 1500; x_wconf 77' lang='lat' dir='ltr'><strong>iniquitas,</strong></span> <span class='ocrx_word' id='word_1_196' title='bbox 2697 1431 3050 1500; x_wconf 78' lang='lat' dir='ltr'><strong>hostiumque</strong></span> <span class='ocrx_word' id='word_1_197' title='bbox 3097 1428 3386 1499; x_wconf 84' lang='lat' dir='ltr'><strong>potentia:</strong></span> <span class='ocrx_word' id='word_1_198' title='bbox 3435 1426 3636 1482; x_wconf 89' lang='lat' dir='ltr'><strong>etenim</strong></span> 
     </span>
    </p>
   </div>
   <div class='ocr_carea' id='block_1_30' title="bbox 2043 1523 3191 1593">
    <p class='ocr_par' dir='ltr' id='par_1_30' title="bbox 2043 1523 3191 1593">
     <span class='ocr_line' id='line_1_30' title="bbox 2043 1523 3191 1593; baseline -0.002 -16"><span class='ocrx_word' id='word_1_199' title='bbox 2043 1523 2160 1591; x_wconf 63' lang='lat' dir='ltr'><strong>ipsa</strong></span> <span class='ocrx_word' id='word_1_200' title='bbox 2200 1525 2602 1593; x_wconf 75' lang='lat' dir='ltr'><strong>propemodum</strong></span> <span class='ocrx_word' id='word_1_201' title='bbox 2633 1524 2743 1578; x_wconf 85' lang='lat' dir='ltr'><strong>vita</strong></span> <span class='ocrx_word' id='word_1_202' title='bbox 2772 1539 2858 1578; x_wconf 88' lang='lat' dir='ltr'><strong>me</strong></span> <span class='ocrx_word' id='word_1_203' title='bbox 2884 1523 3191 1593; x_wconf 84' lang='lat' dir='ltr'><strong>privarunt.</strong></span> 
     </span>
    </p>
   </div>
   <div class='ocr_carea' id='block_1_31' title="bbox 2116 1610 3643 1671">
    <p class='ocr_par' dir='ltr' id='par_1_31' title="bbox 2116 1610 3643 1671">
     <span class='ocr_line' id='line_1_31' title="bbox 2116 1610 3643 1671; baseline -0.003 -4"><span class='ocrx_word' id='word_1_204' title='bbox 2116 1614 2279 1670; x_wconf 77' lang='lat' dir='ltr'><strong>Vsus.</strong></span> <span class='ocrx_word' id='word_1_205' title='bbox 2316 1615 2406 1671; x_wconf 89' lang='lat'><strong>88.</strong></span> <span class='ocrx_word' id='word_1_206' title='bbox 2442 1634 2462 1667; x_wconf 79' lang='grc' dir='ltr'><strong>ι</strong></span> <span class='ocrx_word' id='word_1_207' title='bbox 2502 1615 2816 1670; x_wconf 89' lang='lat' dir='ltr'><strong>Secundum</strong></span> <span class='ocrx_word' id='word_1_208' title='bbox 2855 1616 3298 1671; x_wconf 80' lang='lat' dir='ltr'><strong>misericordiam</strong></span> <span class='ocrx_word' id='word_1_209' title='bbox 3332 1626 3479 1667; x_wconf 82' lang='lat' dir='ltr'><strong>tuam</strong></span> <span class='ocrx_word' id='word_1_210' title='bbox 3508 1610 3643 1664; x_wconf 84' lang='lat' dir='ltr'><strong>vivi-</strong></span> 
     </span>
    </p>
   </div>
   <div class='ocr_carea' id='block_1_32' title="bbox 2042 1702 3646 1770">
    <p class='ocr_par' dir='ltr' id='par_1_32' title="bbox 2042 1702 3646 1770">
     <span class='ocr_line' id='line_1_32' title="bbox 2042 1702 3646 1770; baseline -0.003 -9"><span class='ocrx_word' id='word_1_211' title='bbox 2042 1707 2142 1762; x_wconf 87' lang='lat' dir='ltr'><strong>lica</strong></span> <span class='ocrx_word' id='word_1_212' title='bbox 2175 1722 2281 1770; x_wconf 87' lang='lat' dir='ltr'><strong>me,</strong></span> <span class='ocrx_word' id='word_1_213' title='bbox 2309 1714 2364 1760; x_wconf 91' lang='lat' dir='ltr'><strong>et</strong></span> <span class='ocrx_word' id='word_1_214' title='bbox 2394 1707 2698 1762; x_wconf 87' lang='lat' dir='ltr'><strong>custodiam</strong></span> <span class='ocrx_word' id='word_1_215' title='bbox 2728 1708 3043 1762; x_wconf 88' lang='lat' dir='ltr'><strong>testimonia</strong></span> <span class='ocrx_word' id='word_1_216' title='bbox 3075 1706 3192 1761; x_wconf 90' lang='lat' dir='ltr'><strong>oris</strong></span> <span class='ocrx_word' id='word_1_217' title='bbox 3221 1706 3322 1759; x_wconf 90' lang='lat' dir='ltr'><strong>tui.</strong></span> <span class='ocrx_word' id='word_1_218' title='bbox 3353 1724 3372 1756; x_wconf 78' lang='grc' dir='ltr'><strong>ι</strong></span> <span class='ocrx_word' id='word_1_219' title='bbox 3410 1702 3646 1757; x_wconf 87' lang='lat' dir='ltr'><strong>Humili-</strong></span> 
     </span>
    </p>
   </div>
   <div class='ocr_carea' id='block_1_33' title="bbox 2042 1795 3645 1866">
    <p class='ocr_par' dir='ltr' id='par_1_33' title="bbox 2042 1795 3645 1866">
     <span class='ocr_line' id='line_1_33' title="bbox 2042 1795 3645 1866; baseline -0.004 -13"><span class='ocrx_word' id='word_1_220' title='bbox 2042 1809 2151 1854; x_wconf 84' lang='lat' dir='ltr'><strong>tate</strong></span> <span class='ocrx_word' id='word_1_221' title='bbox 2179 1813 2486 1855; x_wconf 84' lang='lat' dir='ltr'><strong>sermonem</strong></span> <span class='ocrx_word' id='word_1_222' title='bbox 2507 1799 2744 1854; x_wconf 86' lang='lat' dir='ltr'><strong>ornavit.</strong></span> <span class='ocrx_word' id='word_1_223' title='bbox 2770 1798 2889 1852; x_wconf 81' lang='lat' dir='ltr'><strong>Non</strong></span> <span class='ocrx_word' id='word_1_224' title='bbox 2921 1798 3068 1853; x_wconf 90' lang='lat' dir='ltr'><strong>enim</strong></span> <span class='ocrx_word' id='word_1_225' title='bbox 3099 1798 3266 1851; x_wconf 87' lang='lat' dir='ltr'><strong>vitam</strong></span> <span class='ocrx_word' id='word_1_226' title='bbox 3296 1812 3395 1866; x_wconf 93' lang='lat' dir='ltr'><strong>pro</strong></span> <span class='ocrx_word' id='word_1_227' title='bbox 3414 1795 3645 1865; x_wconf 77' lang='lat' dir='ltr'><strong>justitiac</strong></span> 
     </span>
    </p>
   </div>
   <div class='ocr_carea' id='block_1_34' title="bbox 339 1876 1943 1958">
    <p class='ocr_par' dir='ltr' id='par_1_34' title="bbox 339 1876 1929 1953">
     <span class='ocr_line' id='line_1_34' title="bbox 339 1876 1929 1953; baseline 0.006 -25"><span class='ocrx_word' id='word_1_228' title='bbox 339 1876 492 1929; x_wconf 75' lang='grc' dir='ltr'>δοσιν</span> <span class='ocrx_word' id='word_1_229' title='bbox 525 1877 695 1947; x_wconf 72' lang='grc' dir='ltr'>ᾔτησε</span> <span class='ocrx_word' id='word_1_230' title='bbox 726 1878 824 1949; x_wconf 79' lang='grc' dir='ltr'>τὴν</span> <span class='ocrx_word' id='word_1_231' title='bbox 850 1878 1017 1950; x_wconf 74' lang='grc' dir='ltr'>ζωὴν,</span> <span class='ocrx_word' id='word_1_232' title='bbox 1047 1879 1185 1934; x_wconf 71' lang='grc' dir='ltr'>ἀλλὰ</span> <span class='ocrx_word' id='word_1_233' title='bbox 1210 1880 1384 1952; x_wconf 88' lang='grc' dir='ltr'>δῶρον</span> <span class='ocrx_word' id='word_1_234' title='bbox 1396 1882 1559 1947; x_wconf 55' lang='grc' dir='ltr'>,ἐλέου</span> <span class='ocrx_word' id='word_1_235' title='bbox 1591 1884 1798 1953; x_wconf 87' lang='grc' dir='ltr'>ταύτην</span> <span class='ocrx_word' id='word_1_236' title='bbox 1833 1883 1929 1937; x_wconf 86' lang='grc' dir='ltr'>λα-</span> 
     </span>
    </p>
   </div>
   <div class='ocr_carea' id='block_1_35' title="bbox 2045 1876 3645 1958">
    <p class='ocr_par' dir='ltr' id='par_1_35' title="bbox 2045 1882 3645 1958">
     <span class='ocr_line' id='line_1_35' title="bbox 2045 1882 3645 1958; baseline -0.001 -19"><span class='ocrx_word' id='word_1_237' title='bbox 2045 1888 2482 1946; x_wconf 76' lang='lat' dir='ltr'><strong>remuneratione</strong></span> <span class='ocrx_word' id='word_1_238' title='bbox 2514 1889 2670 1958; x_wconf 89' lang='lat' dir='ltr'><strong>petiit</strong></span> <span class='ocrx_word' id='word_1_239' title='bbox 2705 1907 2718 1942; x_wconf 90' lang='lat'><strong>:</strong></span> <span class='ocrx_word' id='word_1_240' title='bbox 2749 1889 2844 1943; x_wconf 89' lang='lat' dir='ltr'><strong>sed</strong></span> <span class='ocrx_word' id='word_1_241' title='bbox 2876 1898 2934 1944; x_wconf 93' lang='lat' dir='ltr'><strong>ut</strong></span> <span class='ocrx_word' id='word_1_242' title='bbox 2957 1888 3133 1943; x_wconf 87' lang='lat' dir='ltr'><strong>instar</strong></span> <span class='ocrx_word' id='word_1_243' title='bbox 3163 1886 3411 1940; x_wconf 89' lang='lat' dir='ltr'><strong>muneris</strong></span> <span class='ocrx_word' id='word_1_244' title='bbox 3437 1901 3503 1938; x_wconf 77' lang='lat' dir='ltr'><strong>ex</strong></span> <span class='ocrx_word' id='word_1_245' title='bbox 3538 1882 3645 1937; x_wconf 90' lang='lat' dir='ltr'><strong>mi-</strong></span> 
     </span>
    </p>
   </div>
   <div class='ocr_carea' id='block_1_36' title="bbox 341 1968 1935 2045">
    <p class='ocr_par' dir='ltr' id='par_1_36' title="bbox 341 1968 1935 2045">
     <span class='ocr_line' id='line_1_36' title="bbox 341 1968 1935 2045; baseline 0.006 -26"><span class='ocrx_word' id='word_1_246' title='bbox 341 1968 462 2020; x_wconf 85' lang='grc' dir='ltr'>6εἰν</span> <span class='ocrx_word' id='word_1_247' title='bbox 506 1969 856 2041; x_wconf 80' lang='grc' dir='ltr'>ὴντιὸόλησε,</span> <span class='ocrx_word' id='word_1_248' title='bbox 907 1971 1201 2040; x_wconf 73' lang='grc' dir='ltr'>φυλάττειν</span> <span class='ocrx_word' id='word_1_249' title='bbox 1246 1974 1622 2045; x_wconf 82' lang='grc' dir='ltr'>ὑποσχόμενος</span> <span class='ocrx_word' id='word_1_250' title='bbox 1670 1976 1766 2029; x_wconf 79' lang='grc' dir='ltr'>τοῦ</span> <span class='ocrx_word' id='word_1_251' title='bbox 1798 1975 1935 2030; x_wconf 82' lang='grc' dir='ltr'>Θεοῦ</span> 
     </span>
    </p>
   </div>
   <div class='ocr_carea' id='block_1_37' title="bbox 339 2061 747 2133">
    <p class='ocr_par' dir='ltr' id='par_1_37' title="bbox 339 2061 747 2133">
     <span class='ocr_line' id='line_1_37' title="bbox 339 2061 747 2133; baseline 0.002 -19"><span class='ocrx_word' id='word_1_252' title='bbox 339 2061 412 2114; x_wconf 69' lang='grc' dir='ltr'>τὰ</span> <span class='ocrx_word' id='word_1_253' title='bbox 440 2062 747 2133; x_wconf 83' lang='grc' dir='ltr'>μαρτύρια.</span> 
     </span>
    </p>
   </div>
   <div class='ocr_carea' id='block_1_38' title="bbox 414 2154 1938 2230">
    <p class='ocr_par' dir='ltr' id='par_1_38' title="bbox 414 2154 1938 2230">
     <span class='ocr_line' id='line_1_38' title="bbox 414 2154 1938 2230; baseline 0.006 -25"><span class='ocrx_word' id='word_1_254' title='bbox 414 2154 527 2207; x_wconf 82' lang='grc' dir='ltr'><strong>πο’.</strong></span> <span class='ocrx_word' id='word_1_255' title='bbox 566 2174 584 2206; x_wconf 80' lang='grc' dir='ltr'><strong>ι</strong></span> <span class='ocrx_word' id='word_1_256' title='bbox 617 2156 711 2217; x_wconf 78' lang='lat' dir='ltr'><strong>Et;</strong></span> <span class='ocrx_word' id='word_1_257' title='bbox 733 2154 824 2209; x_wconf 84' lang='grc' dir='ltr'>τὸν</span> <span class='ocrx_word' id='word_1_258' title='bbox 854 2155 1048 2223; x_wconf 76' lang='grc' dir='ltr'>αἰῶνα,</span> <span class='ocrx_word' id='word_1_259' title='bbox 1084 2156 1277 2227; x_wconf 83' lang='grc' dir='ltr'>Κύριε,</span> <span class='ocrx_word' id='word_1_260' title='bbox 1313 2158 1340 2209; x_wconf 88' lang='grc' dir='ltr'>ὁ</span> <span class='ocrx_word' id='word_1_261' title='bbox 1370 2157 1531 2227; x_wconf 83' lang='grc' dir='ltr'>λόγος</span> <span class='ocrx_word' id='word_1_262' title='bbox 1555 2174 1650 2212; x_wconf 89' lang='grc' dir='ltr'><strong>σου</strong></span> <span class='ocrx_word' id='word_1_263' title='bbox 1686 2160 1938 2230; x_wconf 78' lang='grc' dir='ltr'>διαμένει</span> 
     </span>
    </p>
   </div>
   <div class='ocr_carea' id='block_1_39' title="bbox 340 2244 1936 2321">
    <p class='ocr_par' dir='ltr' id='par_1_39' title="bbox 340 2244 1936 2321">
     <span class='ocr_line' id='line_1_39' title="bbox 340 2244 1936 2321; baseline 0.004 -24"><span class='ocrx_word' id='word_1_264' title='bbox 340 2246 401 2298; x_wconf 77' lang='grc' dir='ltr'>ἐν</span> <span class='ocrx_word' id='word_1_265' title='bbox 429 2244 508 2314; x_wconf 84' lang='grc' dir='ltr'><strong>τῷ</strong></span> <span class='ocrx_word' id='word_1_266' title='bbox 540 2245 777 2317; x_wconf 78' lang='grc' dir='ltr'>οὐρανῷ.</span> <span class='ocrx_word' id='word_1_267' title='bbox 812 2265 830 2298; x_wconf 73' lang='grc' dir='ltr'><strong>ι</strong></span> <span class='ocrx_word' id='word_1_268' title='bbox 869 2247 1054 2301; x_wconf 83' lang='grc' dir='ltr'>Πάντα</span> <span class='ocrx_word' id='word_1_269' title='bbox 1083 2248 1214 2319; x_wconf 80' lang='grc' dir='ltr'>γὰρ,</span> <span class='ocrx_word' id='word_1_270' title='bbox 1253 2250 1407 2318; x_wconf 65' lang='grc' dir='ltr'>φησι,</span> <span class='ocrx_word' id='word_1_271' title='bbox 1434 2250 1595 2321; x_wconf 80' lang='grc' dir='ltr'>ρᾴδιά</span> <span class='ocrx_word' id='word_1_272' title='bbox 1620 2268 1704 2303; x_wconf 88' lang='grc' dir='ltr'><strong>σοι</strong></span> <span class='ocrx_word' id='word_1_273' title='bbox 1736 2250 1813 2321; x_wconf 86' lang='grc' dir='ltr'>τῷ</span> <span class='ocrx_word' id='word_1_274' title='bbox 1839 2253 1936 2304; x_wconf 75' lang='lat' dir='ltr'><strong>Ae-</strong></span> 
     </span>
    </p>
   </div>
   <div class='ocr_carea' id='block_1_40' title="bbox 342 2337 1942 2414">
    <p class='ocr_par' dir='ltr' id='par_1_40' title="bbox 342 2337 1942 2414">
     <span class='ocr_line' id='line_1_40' title="bbox 342 2337 1942 2414; baseline 0.004 -24"><span class='ocrx_word' id='word_1_275' title='bbox 342 2337 525 2410; x_wconf 82' lang='grc' dir='ltr'>σπότῃ</span> <span class='ocrx_word' id='word_1_276' title='bbox 561 2338 656 2391; x_wconf 79' lang='grc' dir='ltr'>καὶ</span> <span class='ocrx_word' id='word_1_277' title='bbox 684 2339 908 2396; x_wconf 82' lang='grc' dir='ltr'>δυνατά.</span> <span class='ocrx_word' id='word_1_278' title='bbox 938 2340 1013 2393; x_wconf 81' lang='grc' dir='ltr'><strong>Τὸ</strong></span> <span class='ocrx_word' id='word_1_279' title='bbox 1040 2342 1372 2411; x_wconf 85' lang='grc' dir='ltr'>πρόσταγμα</span> <span class='ocrx_word' id='word_1_280' title='bbox 1409 2343 1517 2411; x_wconf 85' lang='grc' dir='ltr'>γὰρ</span> <span class='ocrx_word' id='word_1_281' title='bbox 1544 2342 1607 2396; x_wconf 81' lang='grc' dir='ltr'>τὸ</span> <span class='ocrx_word' id='word_1_282' title='bbox 1633 2343 1726 2398; x_wconf 79' lang='grc' dir='ltr'>σὺν</span> <span class='ocrx_word' id='word_1_283' title='bbox 1751 2343 1942 2414; x_wconf 85' lang='grc' dir='ltr'>ἀκίνη-</span> 
     </span>
    </p>
   </div>
   <div class='ocr_carea' id='block_1_41' title="bbox 340 2431 1942 2506">
    <p class='ocr_par' dir='ltr' id='par_1_41' title="bbox 340 2431 1942 2506">
     <span class='ocr_line' id='line_1_41' title="bbox 340 2431 1942 2506; baseline 0.004 -22"><span class='ocrx_word' id='word_1_284' title='bbox 340 2448 413 2484; x_wconf 80' lang='grc' dir='ltr'><strong>τα</strong></span> <span class='ocrx_word' id='word_1_285' title='bbox 443 2431 704 2500; x_wconf 81' lang='grc' dir='ltr'>φυλάττει</span> <span class='ocrx_word' id='word_1_286' title='bbox 736 2432 845 2487; x_wconf 90' lang='grc' dir='ltr'><strong>τῶν</strong></span> <span class='ocrx_word' id='word_1_287' title='bbox 886 2433 1137 2504; x_wconf 77' lang='grc' dir='ltr'>οὐρανῶν</span> <span class='ocrx_word' id='word_1_288' title='bbox 1174 2434 1241 2488; x_wconf 82' lang='grc' dir='ltr'><strong>τά</strong></span> <span class='ocrx_word' id='word_1_289' title='bbox 1267 2435 1429 2506; x_wconf 87' lang='grc' dir='ltr'>κύτη.</span> <span class='ocrx_word' id='word_1_290' title='bbox 1459 2435 1635 2489; x_wconf 78' lang='grc' dir='ltr'>Τοῦτο</span> <span class='ocrx_word' id='word_1_291' title='bbox 1670 2438 1714 2468; x_wconf 83' lang='grc'><strong>⁸¹</strong></span> <span class='ocrx_word' id='word_1_292' title='bbox 1748 2437 1806 2491; x_wconf 84' lang='grc' dir='ltr'>δὲ</span> <span class='ocrx_word' id='word_1_293' title='bbox 1846 2437 1942 2490; x_wconf 71' lang='grc' dir='ltr'><strong>καὶ</strong></span> 
     </span>
    </p>
   </div>
   <div class='ocr_carea' id='block_1_42' title="bbox 340 2521 1937 2597">
    <p class='ocr_par' dir='ltr' id='par_1_42' title="bbox 340 2521 1937 2597">
     <span class='ocr_line' id='line_1_42' title="bbox 340 2521 1937 2597; baseline 0.002 -21"><span class='ocrx_word' id='word_1_294' title='bbox 340 2521 424 2592; x_wconf 83' lang='grc' dir='ltr'>τῷ</span> <span class='ocrx_word' id='word_1_295' title='bbox 461 2523 744 2594; x_wconf 79' lang='grc' dir='ltr'>ἑκατοστῷ</span> <span class='ocrx_word' id='word_1_296' title='bbox 780 2526 876 2578; x_wconf 74' lang='grc' dir='ltr'><strong>καὶ</strong></span> <span class='ocrx_word' id='word_1_297' title='bbox 901 2526 1328 2597; x_wconf 81' lang='grc' dir='ltr'>τεσσαρακοστῷ</span> <span class='ocrx_word' id='word_1_298' title='bbox 1358 2526 1530 2597; x_wconf 81' lang='grc' dir='ltr'><strong>ὀγδόῳ</strong></span> <span class='ocrx_word' id='word_1_299' title='bbox 1569 2526 1674 2597; x_wconf 75' lang='grc' dir='ltr'><strong>ἔφη</strong></span> <span class='ocrx_word' id='word_1_300' title='bbox 1701 2526 1937 2597; x_wconf 68' lang='grc' dir='ltr'>ψαλμᾷν</span> 
     </span>
    </p>
   </div>
   <div class='ocr_carea' id='block_1_43' title="bbox 350 2614 1939 2693">
    <p class='ocr_par' dir='ltr' id='par_1_43' title="bbox 350 2614 1939 2693">
     <span class='ocr_line' id='line_1_43' title="bbox 350 2614 1939 2693; baseline 0.004 -28"><span class='ocrx_word' id='word_1_301' title='bbox 350 2633 371 2665; x_wconf 83' lang='grc' dir='ltr'><strong>ι</strong></span> <span class='ocrx_word' id='word_1_302' title='bbox 397 2614 669 2693; x_wconf 75' lang='grc' dir='ltr'>Ἐστησεν</span> <span class='ocrx_word' id='word_1_303' title='bbox 691 2616 828 2670; x_wconf 75' lang='grc' dir='ltr'>αὐτὰ</span> <span class='ocrx_word' id='word_1_304' title='bbox 877 2617 959 2679; x_wconf 89' lang='grc' dir='ltr'><strong>είς</strong></span> <span class='ocrx_word' id='word_1_305' title='bbox 981 2617 1072 2671; x_wconf 84' lang='grc' dir='ltr'><strong>τὺν</strong></span> <span class='ocrx_word' id='word_1_306' title='bbox 1095 2618 1289 2684; x_wconf 80' lang='grc' dir='ltr'>αἰῶνα,</span> <span class='ocrx_word' id='word_1_307' title='bbox 1313 2619 1408 2672; x_wconf 78' lang='grc' dir='ltr'>καὶ</span> <span class='ocrx_word' id='word_1_308' title='bbox 1431 2619 1510 2683; x_wconf 88' lang='grc' dir='ltr'><strong>είς</strong></span> <span class='ocrx_word' id='word_1_309' title='bbox 1532 2619 1623 2673; x_wconf 81' lang='grc' dir='ltr'><strong>τὸν</strong></span> <span class='ocrx_word' id='word_1_310' title='bbox 1648 2619 1822 2672; x_wconf 89' lang='grc' dir='ltr'>αίῶνα</span> <span class='ocrx_word' id='word_1_311' title='bbox 1845 2619 1939 2672; x_wconf 81' lang='grc' dir='ltr'>τοῦ</span> 
     </span>
    </p>
   </div>
   <div class='ocr_carea' id='block_1_44' title="bbox 341 2704 1935 2779">
    <p class='ocr_par' dir='ltr' id='par_1_44' title="bbox 341 2704 1935 2779">
     <span class='ocr_line' id='line_1_44' title="bbox 341 2704 1935 2779; baseline 0.003 -21"><span class='ocrx_word' id='word_1_312' title='bbox 341 2704 578 2767; x_wconf 71' lang='grc' dir='ltr'><strong>αἰῶνος⁸</strong></span> <span class='ocrx_word' id='word_1_313' title='bbox 616 2706 956 2777; x_wconf 85' lang='grc' dir='ltr'>πρόσταγμα</span> <span class='ocrx_word' id='word_1_314' title='bbox 1010 2707 1187 2772; x_wconf 79' lang='grc' dir='ltr'>ἔθετο,</span> <span class='ocrx_word' id='word_1_315' title='bbox 1234 2710 1328 2762; x_wconf 71' lang='grc' dir='ltr'><strong>καὶ</strong></span> <span class='ocrx_word' id='word_1_316' title='bbox 1370 2710 1432 2762; x_wconf 87' lang='grc' dir='ltr'><strong>ού</strong></span> <span class='ocrx_word' id='word_1_317' title='bbox 1470 2708 1885 2779; x_wconf 80' lang='grc' dir='ltr'>παρελεύσεται.</span> <span class='ocrx_word' id='word_1_318' title='bbox 1915 2729 1935 2762; x_wconf 74' lang='grc' dir='ltr'><strong>ι</strong></span> 
     </span>
    </p>
   </div>
   <div class='ocr_carea' id='block_1_45' title="bbox 340 2800 1941 2877">
    <p class='ocr_par' dir='ltr' id='par_1_45' title="bbox 340 2800 1941 2877">
     <span class='ocr_line' id='line_1_45' title="bbox 340 2800 1941 2877; baseline 0.004 -24"><span class='ocrx_word' id='word_1_319' title='bbox 340 2800 660 2854; x_wconf 80' lang='grc' dir='ltr'>Δίνίττεται</span> <span class='ocrx_word' id='word_1_320' title='bbox 690 2802 747 2855; x_wconf 80' lang='grc' dir='ltr'>δὲ</span> <span class='ocrx_word' id='word_1_321' title='bbox 771 2803 914 2855; x_wconf 82' lang='grc' dir='ltr'>κατὰ</span> <span class='ocrx_word' id='word_1_322' title='bbox 942 2804 1159 2870; x_wconf 75' lang='grc' dir='ltr'>ταύτὸν,</span> <span class='ocrx_word' id='word_1_323' title='bbox 1187 2804 1262 2868; x_wconf 84' lang='grc' dir='ltr'><strong>ὡς</strong></span> <span class='ocrx_word' id='word_1_324' title='bbox 1284 2805 1394 2857; x_wconf 88' lang='grc' dir='ltr'><strong>τῶν</strong></span> <span class='ocrx_word' id='word_1_325' title='bbox 1424 2806 1672 2874; x_wconf 81' lang='grc' dir='ltr'>ἀγγέλων</span> <span class='ocrx_word' id='word_1_326' title='bbox 1703 2809 1751 2860; x_wconf 86' lang='grc' dir='ltr'>οἱ</span> <span class='ocrx_word' id='word_1_327' title='bbox 1778 2806 1941 2877; x_wconf 82' lang='grc' dir='ltr'>δῆμοι</span> 
     </span>
    </p>
   </div>
   <div class='ocr_carea' id='block_1_46' title="bbox 339 2886 1940 2966">
    <p class='ocr_par' dir='ltr' id='par_1_46' title="bbox 339 2886 1940 2966">
     <span class='ocr_line' id='line_1_46' title="bbox 339 2886 1940 2966; baseline 0.003 -20"><span class='ocrx_word' id='word_1_328' title='bbox 339 2893 440 2946; x_wconf 79' lang='grc' dir='ltr'><strong>τὸν</strong></span> <span class='ocrx_word' id='word_1_329' title='bbox 475 2893 706 2963; x_wconf 73' lang='grc' dir='ltr'>οὐρανὸν</span> <span class='ocrx_word' id='word_1_330' title='bbox 755 2886 1142 2957; x_wconf 75' lang='grc' dir='ltr'>κατοικοῦντες</span> <span class='ocrx_word' id='word_1_331' title='bbox 1194 2899 1287 2951; x_wconf 84' lang='grc' dir='ltr'><strong>τὸν</strong></span> <span class='ocrx_word' id='word_1_332' title='bbox 1331 2897 1477 2952; x_wconf 86' lang='grc' dir='ltr'>θεῖον</span> <span class='ocrx_word' id='word_1_333' title='bbox 1515 2899 1940 2966; x_wconf 81' lang='grc' dir='ltr'>διαφυλάττουσι</span> 
     </span>
    </p>
   </div>
   <div class='ocr_carea' id='block_1_47' title="bbox 342 2984 1819 3060">
    <p class='ocr_par' dir='ltr' id='par_1_47' title="bbox 342 2984 1819 3060">
     <span class='ocr_line' id='line_1_47' title="bbox 342 2984 1819 3060; baseline 0.004 -22"><span class='ocrx_word' id='word_1_334' title='bbox 342 2984 538 3053; x_wconf 87' lang='grc' dir='ltr'>νόμον,</span> <span class='ocrx_word' id='word_1_335' title='bbox 576 2986 671 3038; x_wconf 75' lang='grc' dir='ltr'><strong>καὶ</strong></span> <span class='ocrx_word' id='word_1_336' title='bbox 700 2987 1066 3057; x_wconf 75' lang='grc' dir='ltr'>παραϐάσεως</span> <span class='ocrx_word' id='word_1_337' title='bbox 1099 2990 1238 3041; x_wconf 87' lang='grc' dir='ltr'>εἰσιν</span> <span class='ocrx_word' id='word_1_338' title='bbox 1263 2990 1483 3059; x_wconf 85' lang='grc' dir='ltr'>ἁπάσης</span> <span class='ocrx_word' id='word_1_339' title='bbox 1517 2989 1819 3060; x_wconf 80' lang='grc' dir='ltr'>ἐλεύθεροι.</span> 
     </span>
    </p>
   </div>
   <div class='ocr_carea' id='block_1_48' title="bbox 419 3079 1942 3152">
    <p class='ocr_par' dir='ltr' id='par_1_48' title="bbox 419 3079 1942 3152">
     <span class='ocr_line' id='line_1_48' title="bbox 419 3079 1942 3152; baseline 0.004 -22"><span class='ocrx_word' id='word_1_340' title='bbox 419 3081 494 3144; x_wconf 57' lang='grc' dir='ltr'>ιιι.</span> <span class='ocrx_word' id='word_1_341' title='bbox 529 3095 547 3128; x_wconf 85' lang='grc' dir='ltr'><strong>ι</strong></span> <span class='ocrx_word' id='word_1_342' title='bbox 574 3079 665 3142; x_wconf 85' lang='grc' dir='ltr'><strong>Εἰς</strong></span> <span class='ocrx_word' id='word_1_343' title='bbox 697 3079 893 3147; x_wconf 70' lang='grc' dir='ltr'>γενεὰν</span> <span class='ocrx_word' id='word_1_344' title='bbox 919 3081 1012 3132; x_wconf 73' lang='grc' dir='ltr'><strong>καὶ</strong></span> <span class='ocrx_word' id='word_1_345' title='bbox 1039 3081 1234 3148; x_wconf 82' lang='grc' dir='ltr'>γενεὰν</span> <span class='ocrx_word' id='word_1_346' title='bbox 1264 3084 1295 3151; x_wconf 78' lang='grc' dir='ltr'><strong>ἡ</strong></span> <span class='ocrx_word' id='word_1_347' title='bbox 1335 3081 1567 3152; x_wconf 78' lang='grc' dir='ltr'>ἀλήθειά</span> <span class='ocrx_word' id='word_1_348' title='bbox 1591 3100 1705 3137; x_wconf 90' lang='grc' dir='ltr'>σου.</span> <span class='ocrx_word' id='word_1_349' title='bbox 1747 3102 1765 3135; x_wconf 74' lang='grc' dir='ltr'><strong>ι</strong></span> <span class='ocrx_word' id='word_1_350' title='bbox 1801 3083 1942 3136; x_wconf 83' lang='grc' dir='ltr'>Ταύ·</span> 
     </span>
    </p>
   </div>
   <div class='ocr_carea' id='block_1_49' title="bbox 343 3172 1943 3246">
    <p class='ocr_par' dir='ltr' id='par_1_49' title="bbox 343 3172 1943 3246">
     <span class='ocr_line' id='line_1_49' title="bbox 343 3172 1943 3246; baseline 0.004 -23"><span class='ocrx_word' id='word_1_351' title='bbox 343 3187 450 3239; x_wconf 82' lang='grc' dir='ltr'><strong>την</strong></span> <span class='ocrx_word' id='word_1_352' title='bbox 478 3172 587 3241; x_wconf 74' lang='grc' dir='ltr'>γὰρ</span> <span class='ocrx_word' id='word_1_353' title='bbox 627 3172 722 3225; x_wconf 76' lang='grc' dir='ltr'><strong>καὶ</strong></span> <span class='ocrx_word' id='word_1_354' title='bbox 768 3174 836 3242; x_wconf 80' lang='grc' dir='ltr'>τῇ</span> <span class='ocrx_word' id='word_1_355' title='bbox 866 3172 974 3225; x_wconf 85' lang='grc' dir='ltr'><strong>τῶν</strong></span> <span class='ocrx_word' id='word_1_356' title='bbox 1005 3172 1275 3226; x_wconf 73' lang='grc' dir='ltr'>Ἰουδαίων</span> <span class='ocrx_word' id='word_1_357' title='bbox 1314 3174 1588 3241; x_wconf 75' lang='grc' dir='ltr'>ἐφύλαξας</span> <span class='ocrx_word' id='word_1_358' title='bbox 1631 3176 1815 3246; x_wconf 81' lang='grc' dir='ltr'>γενεᾷ,</span> <span class='ocrx_word' id='word_1_359' title='bbox 1849 3177 1943 3229; x_wconf 75' lang='grc' dir='ltr'>καὶ</span> 
     </span>
    </p>
   </div>
   <div class='ocr_carea' id='block_1_50' title="bbox 342 3263 1942 3336">
    <p class='ocr_par' dir='ltr' id='par_1_50' title="bbox 342 3263 1942 3336">
     <span class='ocr_line' id='line_1_50' title="bbox 342 3263 1942 3336; baseline 0.002 -21"><span class='ocrx_word' id='word_1_360' title='bbox 342 3265 416 3334; x_wconf 81' lang='grc' dir='ltr'>τῇ</span> <span class='ocrx_word' id='word_1_361' title='bbox 442 3263 607 3333; x_wconf 77' lang='grc' dir='ltr'>ἑτέρᾳ</span> <span class='ocrx_word' id='word_1_362' title='bbox 634 3265 698 3332; x_wconf 84' lang='grc' dir='ltr'>τῇ</span> <span class='ocrx_word' id='word_1_363' title='bbox 732 3263 849 3331; x_wconf 79' lang='grc' dir='ltr'>μετ’</span> <span class='ocrx_word' id='word_1_364' title='bbox 876 3264 1094 3333; x_wconf 80' lang='grc' dir='ltr'>ἐκείνην</span> <span class='ocrx_word' id='word_1_365' title='bbox 1119 3266 1163 3295; x_wconf 78' lang='grc'><strong>³⁸</strong></span> <span class='ocrx_word' id='word_1_366' title='bbox 1191 3267 1536 3336; x_wconf 77' lang='grc' dir='ltr'>γεγενημένῃ</span> <span class='ocrx_word' id='word_1_367' title='bbox 1557 3282 1569 3294; x_wconf 91' lang='grc'><strong>·</strong></span> <span class='ocrx_word' id='word_1_368' title='bbox 1603 3267 1751 3334; x_wconf 80' lang='grc' dir='ltr'>λέγει</span> <span class='ocrx_word' id='word_1_369' title='bbox 1774 3267 1830 3320; x_wconf 83' lang='grc' dir='ltr'>δὲ</span> <span class='ocrx_word' id='word_1_370' title='bbox 1853 3268 1942 3320; x_wconf 72' lang='grc' dir='ltr'>τὸν</span> 
     </span>
    </p>
   </div>
   <div class='ocr_carea' id='block_1_51' title="bbox 345 3354 1944 3429">
    <p class='ocr_par' dir='ltr' id='par_1_51' title="bbox 345 3354 1944 3429">
     <span class='ocr_line' id='line_1_51' title="bbox 345 3354 1944 3429; baseline 0.003 -22"><span class='ocrx_word' id='word_1_371' title='bbox 345 3354 411 3419; x_wconf 74' lang='grc' dir='ltr'>ἐξ</span> <span class='ocrx_word' id='word_1_372' title='bbox 442 3354 613 3407; x_wconf 77' lang='grc' dir='ltr'>ἐθνῶν</span> <span class='ocrx_word' id='word_1_373' title='bbox 647 3354 797 3421; x_wconf 79' lang='grc' dir='ltr'>λαὸν,</span> <span class='ocrx_word' id='word_1_374' title='bbox 829 3355 920 3407; x_wconf 81' lang='grc' dir='ltr'>τὸν</span> <span class='ocrx_word' id='word_1_375' title='bbox 950 3356 1039 3408; x_wconf 76' lang='grc' dir='ltr'>διὰ</span> <span class='ocrx_word' id='word_1_376' title='bbox 1077 3356 1173 3409; x_wconf 76' lang='grc' dir='ltr'>τοῦ</span> <span class='ocrx_word' id='word_1_377' title='bbox 1209 3358 1463 3429; x_wconf 75' lang='grc' dir='ltr'>Σωτῆρος</span> <span class='ocrx_word' id='word_1_378' title='bbox 1505 3358 1663 3427; x_wconf 85' lang='grc' dir='ltr'>ἡμῶν</span> <span class='ocrx_word' id='word_1_379' title='bbox 1694 3359 1869 3429; x_wconf 83' lang='grc' dir='ltr'><strong>Ἰησοῦ</strong></span> <span class='ocrx_word' id='word_1_380' title='bbox 1897 3360 1944 3391; x_wconf 82' lang='grc'><strong>⁸⁸</strong></span> 
     </span>
    </p>
   </div>
   <div class='ocr_carea' id='block_1_52' title="bbox 344 3444 1404 3518">
    <p class='ocr_par' dir='ltr' id='par_1_52' title="bbox 344 3444 1404 3518">
     <span class='ocr_line' id='line_1_52' title="bbox 344 3444 1404 3518; baseline 0.003 -19"><span class='ocrx_word' id='word_1_381' title='bbox 344 3444 592 3516; x_wconf 82' lang='grc' dir='ltr'>Χριστοῦ</span> <span class='ocrx_word' id='word_1_382' title='bbox 616 3447 717 3516; x_wconf 83' lang='grc' dir='ltr'>τῆς</span> <span class='ocrx_word' id='word_1_383' title='bbox 744 3447 1017 3518; x_wconf 86' lang='grc' dir='ltr'>σωτηρίας</span> <span class='ocrx_word' id='word_1_384' title='bbox 1039 3449 1404 3518; x_wconf 81' lang='grc' dir='ltr'>τετυχηκότα.</span> 
     </span>
    </p>
   </div>
   <div class='ocr_carea' id='block_1_53' title="bbox 424 3537 1944 3615">
    <p class='ocr_par' dir='ltr' id='par_1_53' title="bbox 424 3537 1944 3615">
     <span class='ocr_line' id='line_1_53' title="bbox 424 3537 1944 3615; baseline 0.004 -24"><span class='ocrx_word' id='word_1_385' title='bbox 424 3557 447 3591; x_wconf 73' lang='grc' dir='ltr'><strong>ι</strong></span> <span class='ocrx_word' id='word_1_386' title='bbox 481 3537 883 3608; x_wconf 83' lang='grc' dir='ltr'>Ἐθεμελίωσας</span> <span class='ocrx_word' id='word_1_387' title='bbox 935 3540 1035 3609; x_wconf 84' lang='grc' dir='ltr'>τὴν</span> <span class='ocrx_word' id='word_1_388' title='bbox 1089 3542 1214 3609; x_wconf 82' lang='grc' dir='ltr'>γῆν,</span> <span class='ocrx_word' id='word_1_389' title='bbox 1249 3543 1342 3594; x_wconf 69' lang='grc' dir='ltr'><strong>καὶ</strong></span> <span class='ocrx_word' id='word_1_390' title='bbox 1382 3541 1652 3610; x_wconf 81' lang='grc' dir='ltr'>διαμένει.</span> <span class='ocrx_word' id='word_1_391' title='bbox 1690 3541 1827 3614; x_wconf 57' lang='grc' dir='ltr'><strong>[ιμ’]</strong></span> <span class='ocrx_word' id='word_1_392' title='bbox 1863 3544 1944 3615; x_wconf 78' lang='grc' dir='ltr'><strong>Τῇ</strong></span> 
     </span>
    </p>
   </div>
   <div class='ocr_carea' id='block_1_54' title="bbox 342 3634 1946 3708">
    <p class='ocr_par' dir='ltr' id='par_1_54' title="bbox 342 3634 1946 3708">
     <span class='ocr_line' id='line_1_54' title="bbox 342 3634 1946 3708; baseline 0.001 -19"><span class='ocrx_word' id='word_1_393' title='bbox 342 3634 593 3698; x_wconf 78' lang='grc' dir='ltr'>διατάξει</span> <span class='ocrx_word' id='word_1_394' title='bbox 643 3650 736 3686; x_wconf 92' lang='grc' dir='ltr'><strong>σου</strong></span> <span class='ocrx_word' id='word_1_395' title='bbox 766 3634 1013 3703; x_wconf 73' lang='grc' dir='ltr'>διαμένει</span> <span class='ocrx_word' id='word_1_396' title='bbox 1057 3636 1261 3704; x_wconf 74' lang='grc' dir='ltr'>ἡμέρα.</span> <span class='ocrx_word' id='word_1_397' title='bbox 1299 3656 1317 3688; x_wconf 76' lang='grc' dir='ltr'><strong>ι</strong></span> <span class='ocrx_word' id='word_1_398' title='bbox 1359 3637 1608 3700; x_wconf 63' lang='grc' dir='ltr'>*Εδτηκας</span> <span class='ocrx_word' id='word_1_399' title='bbox 1654 3640 1721 3707; x_wconf 82' lang='grc' dir='ltr'>τῇ</span> <span class='ocrx_word' id='word_1_400' title='bbox 1768 3641 1838 3708; x_wconf 82' lang='grc' dir='ltr'>γῇ</span> <span class='ocrx_word' id='word_1_401' title='bbox 1883 3638 1946 3691; x_wconf 80' lang='grc' dir='ltr'>τὸ</span> 
     </span>
    </p>
   </div>
   <div class='ocr_carea' id='block_1_55' title="bbox 347 3726 1941 3798">
    <p class='ocr_par' dir='ltr' id='par_1_55' title="bbox 347 3726 1941 3798">
     <span class='ocr_line' id='line_1_55' title="bbox 347 3726 1941 3798; baseline 0.003 -18"><span class='ocrx_word' id='word_1_402' title='bbox 347 3726 705 3781; x_wconf 76' lang='grc' dir='ltr'>ὲπιπλεῖστον</span> <span class='ocrx_word' id='word_1_403' title='bbox 727 3727 971 3796; x_wconf 79' lang='grc' dir='ltr'>διαρκὲς,</span> <span class='ocrx_word' id='word_1_404' title='bbox 1006 3728 1103 3780; x_wconf 56' lang='grc' dir='ltr'><strong>καὶ⁸</strong></span> <span class='ocrx_word' id='word_1_405' title='bbox 1131 3729 1443 3797; x_wconf 78' lang='grc' dir='ltr'>μεμένηκεν</span> <span class='ocrx_word' id='word_1_406' title='bbox 1470 3730 1547 3792; x_wconf 82' lang='grc' dir='ltr'>ὡς</span> <span class='ocrx_word' id='word_1_407' title='bbox 1570 3730 1941 3798; x_wconf 70' lang='grc' dir='ltr'><strong>προσέταξας⁸</strong></span> 
     </span>
    </p>
   </div>
   <div class='ocr_carea' id='block_1_56' title="bbox 345 3816 1946 3888">
    <p class='ocr_par' dir='ltr' id='par_1_56' title="bbox 345 3816 1946 3888">
     <span class='ocr_line' id='line_1_56' title="bbox 345 3816 1946 3888; baseline 0.001 -19"><span class='ocrx_word' id='word_1_408' title='bbox 345 3816 615 3888; x_wconf 80' lang='grc' dir='ltr'>διώρισας</span> <span class='ocrx_word' id='word_1_409' title='bbox 666 3816 774 3869; x_wconf 78' lang='grc' dir='ltr'><strong>ἀπὸ</strong></span> <span class='ocrx_word' id='word_1_410' title='bbox 825 3816 926 3885; x_wconf 79' lang='grc' dir='ltr'>τῆς</span> <span class='ocrx_word' id='word_1_411' title='bbox 981 3817 1175 3878; x_wconf 72' lang='grc' dir='ltr'>νυκτὸς</span> <span class='ocrx_word' id='word_1_412' title='bbox 1230 3818 1330 3885; x_wconf 79' lang='grc' dir='ltr'><strong>τὴν</strong></span> <span class='ocrx_word' id='word_1_413' title='bbox 1380 3818 1620 3886; x_wconf 80' lang='grc' dir='ltr'>ἡμέραν,</span> <span class='ocrx_word' id='word_1_414' title='bbox 1662 3819 1757 3871; x_wconf 76' lang='grc' dir='ltr'><strong>καὶ</strong></span> <span class='ocrx_word' id='word_1_415' title='bbox 1799 3817 1946 3871; x_wconf 84' lang='grc' dir='ltr'>κατὰ</span> 
     </span>
    </p>
   </div>
   <div class='ocr_carea' id='block_1_57' title="bbox 346 3906 1944 3976">
    <p class='ocr_par' dir='ltr' id='par_1_57' title="bbox 346 3906 1944 3976">
     <span class='ocr_line' id='line_1_57' title="bbox 346 3906 1944 3976; baseline 0.001 -14"><span class='ocrx_word' id='word_1_416' title='bbox 346 3910 479 3971; x_wconf 82' lang='grc' dir='ltr'>τοὺς</span> <span class='ocrx_word' id='word_1_417' title='bbox 512 3909 640 3971; x_wconf 79' lang='grc' dir='ltr'>σοὺς</span> <span class='ocrx_word' id='word_1_418' title='bbox 670 3906 848 3959; x_wconf 81' lang='grc' dir='ltr'>ὁδεύει</span> <span class='ocrx_word' id='word_1_419' title='bbox 878 3907 1096 3975; x_wconf 84' lang='grc' dir='ltr'>νόμους.</span> <span class='ocrx_word' id='word_1_420' title='bbox 1141 3926 1159 3956; x_wconf 77' lang='grc' dir='ltr'><strong>ι</strong></span> <span class='ocrx_word' id='word_1_421' title='bbox 1188 3909 1309 3959; x_wconf 86' lang='grc' dir='ltr'>’Ὀτι</span> <span class='ocrx_word' id='word_1_422' title='bbox 1344 3908 1410 3959; x_wconf 78' lang='grc' dir='ltr'>τὰ</span> <span class='ocrx_word' id='word_1_423' title='bbox 1449 3908 1743 3976; x_wconf 86' lang='grc' dir='ltr'>σύμπαντα</span> <span class='ocrx_word' id='word_1_424' title='bbox 1781 3908 1944 3963; x_wconf 84' lang='grc' dir='ltr'>δοῦλα</span> 
     </span>
    </p>
   </div>
   <div class='ocr_carea' id='block_1_58' title="bbox 348 3998 1945 4071">
    <p class='ocr_par' dir='ltr' id='par_1_58' title="bbox 348 3998 1945 4071">
     <span class='ocr_line' id='line_1_58' title="bbox 348 3998 1945 4071; baseline 0.001 -19"><span class='ocrx_word' id='word_1_425' title='bbox 348 4001 475 4054; x_wconf 74' lang='grc' dir='ltr'>σά.»</span> <span class='ocrx_word' id='word_1_426' title='bbox 505 3998 693 4053; x_wconf 86' lang='grc' dir='ltr'>Πάντα</span> <span class='ocrx_word' id='word_1_427' title='bbox 716 4000 826 4068; x_wconf 84' lang='grc' dir='ltr'><strong>γάρ</strong></span> <span class='ocrx_word' id='word_1_428' title='bbox 855 4015 936 4051; x_wconf 83' lang='grc' dir='ltr'><strong>σοι</strong></span> <span class='ocrx_word' id='word_1_429' title='bbox 956 3998 1225 4061; x_wconf 76' lang='grc' dir='ltr'>δουλεύει,</span> <span class='ocrx_word' id='word_1_430' title='bbox 1259 3999 1351 4049; x_wconf 73' lang='grc' dir='ltr'><strong>καὶ</strong></span> <span class='ocrx_word' id='word_1_431' title='bbox 1384 4001 1499 4060; x_wconf 86' lang='grc' dir='ltr'>τοῖς</span> <span class='ocrx_word' id='word_1_432' title='bbox 1530 4002 1642 4061; x_wconf 86' lang='grc' dir='ltr'>σοῖς</span> <span class='ocrx_word' id='word_1_433' title='bbox 1676 4000 1945 4071; x_wconf 88' lang='grc' dir='ltr'>νεύμασιν</span> 
     </span>
    </p>
   </div>
   <div class='ocr_carea' id='block_1_59' title="bbox 346 4091 1682 4160">
    <p class='ocr_par' dir='ltr' id='par_1_59' title="bbox 346 4091 1682 4160">
     <span class='ocr_line' id='line_1_59' title="bbox 346 4091 1682 4160; baseline 0 -14"><span class='ocrx_word' id='word_1_434' title='bbox 346 4093 489 4147; x_wconf 79' lang='grc' dir='ltr'>εῐκει</span> <span class='ocrx_word' id='word_1_435' title='bbox 514 4092 589 4123; x_wconf 68' lang='grc'><strong>⁸⁵⁸</strong></span> <span class='ocrx_word' id='word_1_436' title='bbox 630 4092 694 4145; x_wconf 83' lang='grc' dir='ltr'><strong>σὺ</strong></span> <span class='ocrx_word' id='word_1_437' title='bbox 733 4091 842 4160; x_wconf 86' lang='grc' dir='ltr'><strong>γὰρ</strong></span> <span class='ocrx_word' id='word_1_438' title='bbox 869 4092 897 4143; x_wconf 85' lang='grc' dir='ltr'>ὁ</span> <span class='ocrx_word' id='word_1_439' title='bbox 929 4091 975 4122; x_wconf 78' lang='grc'><strong>⁸⁸</strong></span> <span class='ocrx_word' id='word_1_440' title='bbox 1009 4091 1353 4160; x_wconf 75' lang='grc' dir='ltr'>Δημιουργὸς</span> <span class='ocrx_word' id='word_1_441' title='bbox 1386 4091 1492 4143; x_wconf 81' lang='grc' dir='ltr'><strong>τῶν</strong></span> <span class='ocrx_word' id='word_1_442' title='bbox 1526 4092 1682 4146; x_wconf 82' lang='grc' dir='ltr'>ὅλων.</span> 
     </span>
    </p>
   </div>
   <div class='ocr_carea' id='block_1_60' title="bbox 422 4180 1946 4252">
    <p class='ocr_par' dir='ltr' id='par_1_60' title="bbox 422 4180 1946 4252">
     <span class='ocr_line' id='line_1_60' title="bbox 422 4180 1946 4252; baseline -0.001 -16"><span class='ocrx_word' id='word_1_443' title='bbox 422 4181 531 4251; x_wconf 47' lang='grc' dir='ltr'>νβ’.</span> <span class='ocrx_word' id='word_1_444' title='bbox 565 4201 583 4234; x_wconf 82' lang='grc' dir='ltr'><strong>ι</strong></span> <span class='ocrx_word' id='word_1_445' title='bbox 612 4182 674 4235; x_wconf 79' lang='lat' dir='ltr'><strong>El</strong></span> <span class='ocrx_word' id='word_1_446' title='bbox 707 4183 781 4252; x_wconf 88' lang='grc' dir='ltr'><strong>μὴ</strong></span> <span class='ocrx_word' id='word_1_447' title='bbox 813 4184 894 4235; x_wconf 81' lang='grc' dir='ltr'><strong>ὅτι</strong></span> <span class='ocrx_word' id='word_1_448' title='bbox 922 4184 950 4235; x_wconf 83' lang='grc' dir='ltr'><em>ὁ</em></span> <span class='ocrx_word' id='word_1_449' title='bbox 972 4183 1133 4251; x_wconf 84' lang='grc' dir='ltr'>νόμος</span> <span class='ocrx_word' id='word_1_450' title='bbox 1165 4199 1255 4233; x_wconf 85' lang='grc' dir='ltr'><strong>σου</strong></span> <span class='ocrx_word' id='word_1_451' title='bbox 1291 4182 1490 4251; x_wconf 78' lang='grc' dir='ltr'>μελέτη</span> <span class='ocrx_word' id='word_1_452' title='bbox 1529 4180 1629 4250; x_wconf 86' lang='grc' dir='ltr'><strong>μού</strong></span> <span class='ocrx_word' id='word_1_453' title='bbox 1656 4184 1793 4246; x_wconf 72' lang='grc' dir='ltr'>ἐστι,</span> <span class='ocrx_word' id='word_1_454' title='bbox 1821 4183 1946 4252; x_wconf 78' lang='grc' dir='ltr'>τότε</span> 
     </span>
    </p>
   </div>
   <div class='ocr_carea' id='block_1_61' title="bbox 342 4248 1947 4345">
    <p class='ocr_par' dir='ltr' id='par_1_61' title="bbox 342 4248 1947 4345">
     <span class='ocr_line' id='line_1_61' title="bbox 342 4248 1947 4345; baseline -0.002 -14"><span class='ocrx_word' id='word_1_455' title='bbox 342 4279 418 4331; x_wconf 84' lang='grc' dir='ltr'>ἂν</span> <span class='ocrx_word' id='word_1_456' title='bbox 442 4275 741 4344; x_wconf 85' lang='grc' dir='ltr'>ἀπωλόμην</span> <span class='ocrx_word' id='word_1_457' title='bbox 770 4278 827 4327; x_wconf 84' lang='grc' dir='ltr'>ὲν</span> <span class='ocrx_word' id='word_1_458' title='bbox 854 4278 918 4345; x_wconf 83' lang='grc' dir='ltr'>τῇ</span> <span class='ocrx_word' id='word_1_459' title='bbox 947 4274 1277 4327; x_wconf 78' lang='grc' dir='ltr'>ταπεινώσει</span> <span class='ocrx_word' id='word_1_460' title='bbox 1310 4292 1430 4341; x_wconf 86' lang='grc' dir='ltr'>μου.</span> <span class='ocrx_word' id='word_1_461' title='bbox 1456 4295 1472 4324; x_wconf 75' lang='grc' dir='ltr'><strong>ι</strong></span> <span class='ocrx_word' id='word_1_462' title='bbox 1505 4274 1691 4327; x_wconf 75' lang='grc' dir='ltr'>Ταῦτα</span> <span class='ocrx_word' id='word_1_463' title='bbox 1714 4248 1947 4337; x_wconf 55' lang='grc' dir='ltr'>ἕκαστος</span> 
     </span>
    </p>
   </div>
   <div class='ocr_carea' id='block_1_62' title="bbox 347 4364 1948 4437">
    <p class='ocr_par' dir='ltr' id='par_1_62' title="bbox 347 4364 1948 4437">
     <span class='ocr_line' id='line_1_62' title="bbox 347 4364 1948 4437; baseline 0 -17"><span class='ocrx_word' id='word_1_464' title='bbox 347 4367 502 4421; x_wconf 83' lang='grc' dir='ltr'>εἴποι</span> <span class='ocrx_word' id='word_1_465' title='bbox 545 4366 611 4420; x_wconf 79' lang='grc' dir='ltr'><strong>ἂν</strong></span> <span class='ocrx_word' id='word_1_466' title='bbox 659 4367 770 4419; x_wconf 87' lang='grc' dir='ltr'><strong>τῶν</strong></span> <span class='ocrx_word' id='word_1_467' title='bbox 820 4364 1061 4418; x_wconf 77' lang='grc' dir='ltr'>εὐσεϐῶν</span> <span class='ocrx_word' id='word_1_468' title='bbox 1110 4366 1426 4435; x_wconf 78' lang='grc' dir='ltr'>περιπεσὼν</span> <span class='ocrx_word' id='word_1_469' title='bbox 1470 4369 1813 4437; x_wconf 70' lang='grc' dir='ltr'>συμφοραῖς*</span> <span class='ocrx_word' id='word_1_470' title='bbox 1855 4368 1948 4420; x_wconf 78' lang='grc' dir='ltr'><strong>καὶ</strong></span> 
     </span>
    </p>
   </div>
   <div class='ocr_carea' id='block_1_63' title="bbox 362 4457 1948 4528">
    <p class='ocr_par' dir='ltr' id='par_1_63' title="bbox 362 4457 1948 4528">
     <span class='ocr_line' id='line_1_63' title="bbox 362 4457 1948 4528; baseline 0.001 -17"><span class='ocrx_word' id='word_1_471' title='bbox 362 4459 569 4528; x_wconf 72' lang='grc' dir='ltr'>Ίωῖὴφ</span> <span class='ocrx_word' id='word_1_472' title='bbox 611 4458 881 4519; x_wconf 80' lang='grc' dir='ltr'>δουλείαν,</span> <span class='ocrx_word' id='word_1_473' title='bbox 920 4457 1167 4526; x_wconf 80' lang='grc' dir='ltr'>μοιχείαν</span> <span class='ocrx_word' id='word_1_474' title='bbox 1198 4460 1264 4520; x_wconf 72' lang='grc'><strong>⁸⁸,</strong></span> <span class='ocrx_word' id='word_1_475' title='bbox 1299 4460 1393 4511; x_wconf 73' lang='grc' dir='ltr'><strong>καὶ</strong></span> <span class='ocrx_word' id='word_1_476' title='bbox 1433 4458 1799 4527; x_wconf 52' lang='grc' dir='ltr'>συκουαντίαν</span> <span class='ocrx_word' id='word_1_477' title='bbox 1841 4477 1948 4528; x_wconf 80' lang='grc' dir='ltr'><strong>φυ-</strong></span> 
     </span>
    </p>
   </div>
   <div class='ocr_carea' id='block_1_64' title="bbox 2043 1977 3643 2051">
    <p class='ocr_par' dir='ltr' id='par_1_64' title="bbox 2043 1977 3643 2051">
     <span class='ocr_line' id='line_1_64' title="bbox 2043 1977 3643 2051; baseline -0.004 -17"><span class='ocrx_word' id='word_1_478' title='bbox 2043 1980 2346 2036; x_wconf 87' lang='lat' dir='ltr'><strong>sericordia</strong></span> <span class='ocrx_word' id='word_1_479' title='bbox 2390 1980 2565 2051; x_wconf 88' lang='lat' dir='ltr'><strong>ipsam</strong></span> <span class='ocrx_word' id='word_1_480' title='bbox 2605 1980 2841 2049; x_wconf 88' lang='lat' dir='ltr'><strong>accipiat</strong></span> <span class='ocrx_word' id='word_1_481' title='bbox 2888 1979 3237 2042; x_wconf 87' lang='lat' dir='ltr'><strong>obsecravit,</strong></span> <span class='ocrx_word' id='word_1_482' title='bbox 3283 1992 3407 2033; x_wconf 90' lang='lat' dir='ltr'><strong>sese</strong></span> <span class='ocrx_word' id='word_1_483' title='bbox 3449 1977 3643 2031; x_wconf 89' lang='lat' dir='ltr'><strong>obser-</strong></span> 
     </span>
    </p>
   </div>
   <div class='ocr_carea' id='block_1_65' title="bbox 2043 2070 3164 2141">
    <p class='ocr_par' dir='ltr' id='par_1_65' title="bbox 2043 2070 3164 2141">
     <span class='ocr_line' id='line_1_65' title="bbox 2043 2070 3164 2141; baseline -0.003 -13"><span class='ocrx_word' id='word_1_484' title='bbox 2043 2084 2295 2128; x_wconf 71' lang='lat' dir='ltr'><strong>vaturum</strong></span> <span class='ocrx_word' id='word_1_485' title='bbox 2330 2073 2659 2141; x_wconf 90' lang='lat' dir='ltr'><strong>promittens</strong></span> <span class='ocrx_word' id='word_1_486' title='bbox 2693 2071 2789 2126; x_wconf 88' lang='lat' dir='ltr'><strong>Dei</strong></span> <span class='ocrx_word' id='word_1_487' title='bbox 2826 2070 3164 2125; x_wconf 86' lang='lat' dir='ltr'><strong>testimonia.</strong></span> 
     </span>
    </p>
   </div>
   <div class='ocr_carea' id='block_1_66' title="bbox 2112 2159 3637 2230">
    <p class='ocr_par' dir='ltr' id='par_1_66' title="bbox 2112 2159 3637 2230">
     <span class='ocr_line' id='line_1_66' title="bbox 2112 2159 3637 2230; baseline -0.006 -11"><span class='ocrx_word' id='word_1_488' title='bbox 2112 2166 2280 2220; x_wconf 75' lang='lat' dir='ltr'><strong>Vens.</strong></span> <span class='ocrx_word' id='word_1_489' title='bbox 2323 2165 2410 2220; x_wconf 88' lang='lat'><strong>89.</strong></span> <span class='ocrx_word' id='word_1_490' title='bbox 2463 2184 2481 2217; x_wconf 86' lang='grc' dir='ltr'><strong>ι</strong></span> <span class='ocrx_word' id='word_1_491' title='bbox 2528 2166 2583 2219; x_wconf 91' lang='lat' dir='ltr'><strong>In</strong></span> <span class='ocrx_word' id='word_1_492' title='bbox 2616 2174 2908 2230; x_wconf 65' lang='lat' dir='ltr'><strong>aeternum,</strong></span> <span class='ocrx_word' id='word_1_493' title='bbox 2942 2162 3193 2225; x_wconf 89' lang='lat' dir='ltr'><strong>Domine,</strong></span> <span class='ocrx_word' id='word_1_494' title='bbox 3224 2159 3451 2214; x_wconf 80' lang='lat' dir='ltr'><strong>verbum</strong></span> <span class='ocrx_word' id='word_1_495' title='bbox 3484 2167 3637 2213; x_wconf 91' lang='lat' dir='ltr'><strong>tuum</strong></span> 
     </span>
    </p>
   </div>
   <div class='ocr_carea' id='block_1_67' title="bbox 2043 2248 3635 2327">
    <p class='ocr_par' dir='ltr' id='par_1_67' title="bbox 2043 2248 3635 2327">
     <span class='ocr_line' id='line_1_67' title="bbox 2043 2248 3635 2327; baseline -0.008 -15"><span class='ocrx_word' id='word_1_496' title='bbox 2043 2267 2331 2327; x_wconf 90' lang='lat' dir='ltr'><strong>permanet</strong></span> <span class='ocrx_word' id='word_1_497' title='bbox 2374 2257 2428 2311; x_wconf 91' lang='lat' dir='ltr'><strong>in</strong></span> <span class='ocrx_word' id='word_1_498' title='bbox 2468 2254 2676 2327; x_wconf 56' lang='lat'><strong>15.61</strong></span> <span class='ocrx_word' id='word_1_499' title='bbox 2711 2254 2873 2310; x_wconf 74' lang='lat' dir='ltr'><strong>etnlo.</strong></span> <span class='ocrx_word' id='word_1_500' title='bbox 2923 2272 2942 2305; x_wconf 74' lang='grc' dir='ltr'><strong>ι</strong></span> <span class='ocrx_word' id='word_1_501' title='bbox 2981 2250 3178 2305; x_wconf 86' lang='lat' dir='ltr'><strong>Omnia</strong></span> <span class='ocrx_word' id='word_1_502' title='bbox 3216 2250 3389 2313; x_wconf 83' lang='lat' dir='ltr'><strong>enim,</strong></span> <span class='ocrx_word' id='word_1_503' title='bbox 3437 2248 3635 2316; x_wconf 86' lang='lat' dir='ltr'><strong>inquit,</strong></span> 
     </span>
    </p>
   </div>
   <div class='ocr_carea' id='block_1_68' title="bbox 2046 2335 3638 2410">
    <p class='ocr_par' dir='ltr' id='par_1_68' title="bbox 2046 2335 3638 2410">
     <span class='ocr_line' id='line_1_68' title="bbox 2046 2335 3638 2410; baseline -0.008 -11"><span class='ocrx_word' id='word_1_504' title='bbox 2046 2346 2143 2400; x_wconf 89' lang='lat' dir='ltr'><strong>tibi</strong></span> <span class='ocrx_word' id='word_1_505' title='bbox 2171 2344 2408 2400; x_wconf 90' lang='lat' dir='ltr'><strong>Domino</strong></span> <span class='ocrx_word' id='word_1_506' title='bbox 2437 2343 2621 2398; x_wconf 83' lang='lat' dir='ltr'><strong>facilia</strong></span> <span class='ocrx_word' id='word_1_507' title='bbox 2654 2351 2804 2407; x_wconf 88' lang='lat' dir='ltr'><strong>sunt,</strong></span> <span class='ocrx_word' id='word_1_508' title='bbox 2839 2350 3006 2410; x_wconf 87' lang='lat' dir='ltr'><strong>atque</strong></span> <span class='ocrx_word' id='word_1_509' title='bbox 3037 2337 3322 2408; x_wconf 79' lang='lat' dir='ltr'><strong>possibilia</strong></span> <span class='ocrx_word' id='word_1_510' title='bbox 3358 2353 3372 2390; x_wconf 87' lang='lat'><strong>:</strong></span> <span class='ocrx_word' id='word_1_511' title='bbox 3405 2335 3638 2389; x_wconf 90' lang='lat' dir='ltr'><strong>manda-</strong></span> 
     </span>
    </p>
   </div>
   <div class='ocr_carea' id='block_1_69' title="bbox 2044 2429 3644 2493">
    <p class='ocr_par' dir='ltr' id='par_1_69' title="bbox 2044 2429 3644 2493">
     <span class='ocr_line' id='line_1_69' title="bbox 2044 2429 3644 2493; baseline -0.007 0"><span class='ocrx_word' id='word_1_512' title='bbox 2044 2448 2159 2493; x_wconf 91' lang='lat' dir='ltr'><strong>tum</strong></span> <span class='ocrx_word' id='word_1_513' title='bbox 2204 2438 2353 2493; x_wconf 89' lang='lat' dir='ltr'><strong>enim</strong></span> <span class='ocrx_word' id='word_1_514' title='bbox 2408 2445 2564 2492; x_wconf 91' lang='lat' dir='ltr'><strong>tuum</strong></span> <span class='ocrx_word' id='word_1_515' title='bbox 2604 2435 2919 2489; x_wconf 86' lang='lat' dir='ltr'><strong>immobiles</strong></span> <span class='ocrx_word' id='word_1_516' title='bbox 2953 2433 3219 2489; x_wconf 59' lang='lat' dir='ltr'><strong>caelorum</strong></span> <span class='ocrx_word' id='word_1_517' title='bbox 3271 2429 3510 2484; x_wconf 87' lang='lat' dir='ltr'><strong>ambitus</strong></span> <span class='ocrx_word' id='word_1_518' title='bbox 3542 2442 3644 2483; x_wconf 91' lang='lat' dir='ltr'><strong>cu-</strong></span> 
     </span>
    </p>
   </div>
   <div class='ocr_carea' id='block_1_70' title="bbox 2044 2519 3640 2592">
    <p class='ocr_par' dir='ltr' id='par_1_70' title="bbox 2044 2519 3640 2592">
     <span class='ocr_line' id='line_1_70' title="bbox 2044 2519 3640 2592; baseline -0.008 -7"><span class='ocrx_word' id='word_1_519' title='bbox 2044 2530 2313 2585; x_wconf 91' lang='lat' dir='ltr'><strong>stodiunt.</strong></span> <span class='ocrx_word' id='word_1_520' title='bbox 2350 2528 2465 2584; x_wconf 82' lang='lat' dir='ltr'><strong>Hoc</strong></span> <span class='ocrx_word' id='word_1_521' title='bbox 2490 2537 2674 2582; x_wconf 88' lang='lat' dir='ltr'><strong>autem</strong></span> <span class='ocrx_word' id='word_1_522' title='bbox 2704 2536 2759 2581; x_wconf 87' lang='lat' dir='ltr'><strong>et</strong></span> <span class='ocrx_word' id='word_1_523' title='bbox 2784 2527 2838 2581; x_wconf 89' lang='lat' dir='ltr'><strong>in</strong></span> <span class='ocrx_word' id='word_1_524' title='bbox 2872 2525 3183 2582; x_wconf 89' lang='lat' dir='ltr'><strong>centesimo</strong></span> <span class='ocrx_word' id='word_1_525' title='bbox 3212 2519 3640 2592; x_wconf 86' lang='lat' dir='ltr'><strong>quadragesimo</strong></span> 
     </span>
    </p>
   </div>
   <div class='ocr_carea' id='block_1_71' title="bbox 2044 2609 3638 2692">
    <p class='ocr_par' dir='ltr' id='par_1_71' title="bbox 2044 2609 3638 2692">
     <span class='ocr_line' id='line_1_71' title="bbox 2044 2609 3638 2692; baseline -0.006 -16"><span class='ocrx_word' id='word_1_526' title='bbox 2044 2633 2242 2677; x_wconf 88' lang='lat' dir='ltr'><strong>octavo</strong></span> <span class='ocrx_word' id='word_1_527' title='bbox 2276 2622 2352 2675; x_wconf 89' lang='lat' dir='ltr'><strong>ait</strong></span> <span class='ocrx_word' id='word_1_528' title='bbox 2389 2622 2609 2692; x_wconf 83' lang='lat' dir='ltr'><strong>psalmo</strong></span> <span class='ocrx_word' id='word_1_529' title='bbox 2643 2638 2656 2673; x_wconf 91' lang='lat'>:</span> <span class='ocrx_word' id='word_1_530' title='bbox 2696 2639 2713 2672; x_wconf 83' lang='grc' dir='ltr'><strong>ι</strong></span> <span class='ocrx_word' id='word_1_531' title='bbox 2758 2618 2966 2673; x_wconf 87' lang='lat' dir='ltr'><strong>Statuit</strong></span> <span class='ocrx_word' id='word_1_532' title='bbox 2993 2609 3053 2673; x_wconf 82' lang='lat' dir='ltr'><strong>ea</strong></span> <span class='ocrx_word' id='word_1_533' title='bbox 3084 2620 3137 2670; x_wconf 90' lang='lat' dir='ltr'><strong>in</strong></span> <span class='ocrx_word' id='word_1_534' title='bbox 3164 2625 3454 2679; x_wconf 66' lang='lat' dir='ltr'><strong>aeternum,</strong></span> <span class='ocrx_word' id='word_1_535' title='bbox 3495 2622 3552 2668; x_wconf 89' lang='lat' dir='ltr'><strong>et</strong></span> <span class='ocrx_word' id='word_1_536' title='bbox 3582 2613 3638 2666; x_wconf 88' lang='lat' dir='ltr'><strong>in</strong></span> 
     </span>
    </p>
   </div>
   <div class='ocr_carea' id='block_1_72' title="bbox 2045 2709 3640 2781">
    <p class='ocr_par' dir='ltr' id='par_1_72' title="bbox 2045 2709 3640 2781">
     <span class='ocr_line' id='line_1_72' title="bbox 2045 2709 3640 2781; baseline -0.007 -14"><span class='ocrx_word' id='word_1_537' title='bbox 2045 2714 2309 2768; x_wconf 63' lang='lat' dir='ltr'><strong>saeculum</strong></span> <span class='ocrx_word' id='word_1_538' title='bbox 2354 2712 2541 2767; x_wconf 67' lang='lat' dir='ltr'><strong>saeculi</strong></span> <span class='ocrx_word' id='word_1_539' title='bbox 2575 2730 2586 2765; x_wconf 96' lang='lat'>:</span> <span class='ocrx_word' id='word_1_540' title='bbox 2622 2719 2954 2781; x_wconf 67' lang='lat' dir='ltr'><strong>praeceptum</strong></span> <span class='ocrx_word' id='word_1_541' title='bbox 2989 2709 3201 2779; x_wconf 87' lang='lat' dir='ltr'><strong>posuit,</strong></span> <span class='ocrx_word' id='word_1_542' title='bbox 3252 2717 3307 2761; x_wconf 91' lang='lat' dir='ltr'><strong>et</strong></span> <span class='ocrx_word' id='word_1_543' title='bbox 3352 2721 3461 2760; x_wconf 88' lang='lat' dir='ltr'><strong>non</strong></span> <span class='ocrx_word' id='word_1_544' title='bbox 3493 2718 3640 2774; x_wconf 71' lang='lat' dir='ltr'><strong>prae-</strong></span> 
     </span>
    </p>
   </div>
   <div class='ocr_carea' id='block_1_73' title="bbox 2045 2799 3641 2871">
    <p class='ocr_par' dir='ltr' id='par_1_73' title="bbox 2045 2799 3641 2871">
     <span class='ocr_line' id='line_1_73' title="bbox 2045 2799 3641 2871; baseline -0.007 -14"><span class='ocrx_word' id='word_1_545' title='bbox 2045 2805 2234 2858; x_wconf 89' lang='lat' dir='ltr'><strong>teribit</strong></span> <span class='ocrx_word' id='word_1_546' title='bbox 2256 2814 2304 2857; x_wconf 80' lang='grc' dir='ltr'>ν.</span> <span class='ocrx_word' id='word_1_547' title='bbox 2348 2822 2367 2855; x_wconf 82' lang='grc'><strong>›</strong></span> <span class='ocrx_word' id='word_1_548' title='bbox 2405 2802 2591 2857; x_wconf 83' lang='lat' dir='ltr'><strong>Innuit</strong></span> <span class='ocrx_word' id='word_1_549' title='bbox 2621 2811 2804 2857; x_wconf 89' lang='lat' dir='ltr'><strong>autem</strong></span> <span class='ocrx_word' id='word_1_550' title='bbox 2837 2801 3069 2871; x_wconf 87' lang='lat' dir='ltr'><strong>pariter,</strong></span> <span class='ocrx_word' id='word_1_551' title='bbox 3111 2799 3434 2869; x_wconf 82' lang='lat' dir='ltr'><strong>angelorum</strong></span> <span class='ocrx_word' id='word_1_552' title='bbox 3461 2802 3641 2850; x_wconf 68' lang='lat' dir='ltr'><strong>coetus</strong></span> 
     </span>
    </p>
   </div>
   <div class='ocr_carea' id='block_1_74' title="bbox 2044 2888 3640 2963">
    <p class='ocr_par' dir='ltr' id='par_1_74' title="bbox 2044 2888 3640 2963">
     <span class='ocr_line' id='line_1_74' title="bbox 2044 2888 3640 2963; baseline -0.006 -11"><span class='ocrx_word' id='word_1_553' title='bbox 2044 2898 2215 2952; x_wconf 76' lang='lat' dir='ltr'><strong>ccelos</strong></span> <span class='ocrx_word' id='word_1_554' title='bbox 2262 2897 2568 2952; x_wconf 83' lang='lat' dir='ltr'><strong>incolentes</strong></span> <span class='ocrx_word' id='word_1_555' title='bbox 2603 2895 2853 2949; x_wconf 86' lang='lat' dir='ltr'><strong>divinam</strong></span> <span class='ocrx_word' id='word_1_556' title='bbox 2897 2892 3180 2949; x_wconf 87' lang='lat' dir='ltr'><strong>custodire</strong></span> <span class='ocrx_word' id='word_1_557' title='bbox 3224 2890 3422 2963; x_wconf 83' lang='lat' dir='ltr'><strong>legem,</strong></span> <span class='ocrx_word' id='word_1_558' title='bbox 3469 2896 3527 2944; x_wconf 88' lang='lat' dir='ltr'><strong>et</strong></span> <span class='ocrx_word' id='word_1_559' title='bbox 3567 2888 3640 2943; x_wconf 84' lang='lat' dir='ltr'><strong>ab</strong></span> 
     </span>
    </p>
   </div>
   <div class='ocr_carea' id='block_1_75' title="bbox 2043 2966 3137 3056">
    <p class='ocr_par' dir='ltr' id='par_1_75' title="bbox 2043 2966 3137 3056">
     <span class='ocr_line' id='line_1_75' title="bbox 2043 2966 3137 3056; baseline -0.005 -16"><span class='ocrx_word' id='word_1_560' title='bbox 2043 2986 2195 3040; x_wconf 90' lang='lat' dir='ltr'><strong>omni</strong></span> <span class='ocrx_word' id='word_1_561' title='bbox 2221 2966 2666 3056; x_wconf 78' lang='lat' dir='ltr'><strong>transgressione</strong></span> <span class='ocrx_word' id='word_1_562' title='bbox 2691 2985 2968 3037; x_wconf 88' lang='lat' dir='ltr'><strong>immunes</strong></span> <span class='ocrx_word' id='word_1_563' title='bbox 2992 2997 3137 3038; x_wconf 89' lang='lat' dir='ltr'><strong>esse.</strong></span> 
     </span>
    </p>
   </div>
   <div class='ocr_carea' id='block_1_76' title="bbox 2118 3069 3638 3146">
    <p class='ocr_par' dir='ltr' id='par_1_76' title="bbox 2118 3069 3638 3146">
     <span class='ocr_line' id='line_1_76' title="bbox 2118 3069 3638 3146; baseline -0.004 -17"><span class='ocrx_word' id='word_1_564' title='bbox 2118 3076 2284 3131; x_wconf 71' lang='lat' dir='ltr'><strong>Vens.</strong></span> <span class='ocrx_word' id='word_1_565' title='bbox 2330 3076 2420 3131; x_wconf 82' lang='lat'><strong>90.</strong></span> <span class='ocrx_word' id='word_1_566' title='bbox 2470 3095 2488 3127; x_wconf 86' lang='grc' dir='ltr'><strong>ι</strong></span> <span class='ocrx_word' id='word_1_567' title='bbox 2528 3076 2633 3130; x_wconf 92' lang='lat' dir='ltr'><strong>Per</strong></span> <span class='ocrx_word' id='word_1_568' title='bbox 2677 3075 3089 3146; x_wconf 81' lang='lat' dir='ltr'><strong>generationem</strong></span> <span class='ocrx_word' id='word_1_569' title='bbox 3128 3079 3184 3127; x_wconf 92' lang='lat' dir='ltr'><strong>et</strong></span> <span class='ocrx_word' id='word_1_570' title='bbox 3228 3069 3638 3143; x_wconf 83' lang='lat' dir='ltr'><strong>generationem</strong></span> 
     </span>
    </p>
   </div>
   <div class='ocr_carea' id='block_1_77' title="bbox 2046 3164 3637 3234">
    <p class='ocr_par' dir='ltr' id='par_1_77' title="bbox 2046 3164 3637 3234">
     <span class='ocr_line' id='line_1_77' title="bbox 2046 3164 3637 3234; baseline -0.005 -12"><span class='ocrx_word' id='word_1_571' title='bbox 2046 3170 2254 3225; x_wconf 84' lang='lat' dir='ltr'><strong>veritas</strong></span> <span class='ocrx_word' id='word_1_572' title='bbox 2286 3178 2397 3223; x_wconf 94' lang='lat' dir='ltr'><strong>tua.</strong></span> <span class='ocrx_word' id='word_1_573' title='bbox 2436 3188 2454 3220; x_wconf 76' lang='grc' dir='ltr'><strong>ι</strong></span> <span class='ocrx_word' id='word_1_574' title='bbox 2506 3168 2658 3223; x_wconf 87' lang='lat' dir='ltr'><strong>lianc</strong></span> <span class='ocrx_word' id='word_1_575' title='bbox 2693 3168 2842 3221; x_wconf 90' lang='lat' dir='ltr'><strong>enim</strong></span> <span class='ocrx_word' id='word_1_576' title='bbox 2874 3165 3196 3221; x_wconf 66' lang='lat' dir='ltr'><strong>Judzeorum</strong></span> <span class='ocrx_word' id='word_1_577' title='bbox 3229 3164 3375 3234; x_wconf 87' lang='lat' dir='ltr'><strong>genti</strong></span> <span class='ocrx_word' id='word_1_578' title='bbox 3407 3176 3637 3218; x_wconf 82' lang='lat' dir='ltr'><strong>conser-</strong></span> 
     </span>
    </p>
   </div>
   <div class='ocr_carea' id='block_1_78' title="bbox 2047 3255 3638 3331">
    <p class='ocr_par' dir='ltr' id='par_1_78' title="bbox 2047 3255 3638 3331">
     <span class='ocr_line' id='line_1_78' title="bbox 2047 3255 3638 3331; baseline -0.006 -16"><span class='ocrx_word' id='word_1_579' title='bbox 2047 3263 2207 3325; x_wconf 81' lang='lat' dir='ltr'><strong>vasti,</strong></span> <span class='ocrx_word' id='word_1_580' title='bbox 2242 3273 2295 3315; x_wconf 89' lang='lat' dir='ltr'><strong>et</strong></span> <span class='ocrx_word' id='word_1_581' title='bbox 2336 3261 2518 3324; x_wconf 86' lang='lat' dir='ltr'><strong>alteri,</strong></span> <span class='ocrx_word' id='word_1_582' title='bbox 2562 3276 2685 3330; x_wconf 65' lang='lat' dir='ltr'><strong>quae</strong></span> <span class='ocrx_word' id='word_1_583' title='bbox 2719 3268 2846 3331; x_wconf 89' lang='lat' dir='ltr'><strong>post</strong></span> <span class='ocrx_word' id='word_1_584' title='bbox 2894 3259 3044 3313; x_wconf 88' lang='lat' dir='ltr'><strong>illam</strong></span> <span class='ocrx_word' id='word_1_585' title='bbox 3097 3259 3223 3312; x_wconf 81' lang='lat' dir='ltr'><strong>luit.</strong></span> <span class='ocrx_word' id='word_1_586' title='bbox 3269 3255 3414 3311; x_wconf 86' lang='lat' dir='ltr'><strong>Dicit</strong></span> <span class='ocrx_word' id='word_1_587' title='bbox 3454 3264 3638 3309; x_wconf 89' lang='lat' dir='ltr'><strong>autem</strong></span> 
     </span>
    </p>
   </div>
   <div class='ocr_carea' id='block_1_79' title="bbox 2045 3351 3638 3423">
    <p class='ocr_par' dir='ltr' id='par_1_79' title="bbox 2045 3351 3638 3423">
     <span class='ocr_line' id='line_1_79' title="bbox 2045 3351 3638 3423; baseline -0.004 -16"><span class='ocrx_word' id='word_1_588' title='bbox 2045 3354 2313 3422; x_wconf 84' lang='lat' dir='ltr'><strong>populum</strong></span> <span class='ocrx_word' id='word_1_589' title='bbox 2345 3369 2410 3407; x_wconf 82' lang='lat' dir='ltr'><strong>ex</strong></span> <span class='ocrx_word' id='word_1_590' title='bbox 2440 3353 2716 3423; x_wconf 87' lang='lat' dir='ltr'><strong>gentibus,</strong></span> <span class='ocrx_word' id='word_1_591' title='bbox 2754 3353 2848 3422; x_wconf 92' lang='lat' dir='ltr'><strong>qui</strong></span> <span class='ocrx_word' id='word_1_592' title='bbox 2886 3368 2983 3422; x_wconf 89' lang='lat' dir='ltr'><strong>per</strong></span> <span class='ocrx_word' id='word_1_593' title='bbox 3011 3351 3356 3404; x_wconf 86' lang='lat' dir='ltr'><strong>Salvatorem</strong></span> <span class='ocrx_word' id='word_1_594' title='bbox 3388 3356 3638 3403; x_wconf 86' lang='lat' dir='ltr'><strong>nostrum</strong></span> 
     </span>
    </p>
   </div>
   <div class='ocr_carea' id='block_1_80' title="bbox 2046 3440 3005 3509">
    <p class='ocr_par' dir='ltr' id='par_1_80' title="bbox 2046 3440 3005 3509">
     <span class='ocr_line' id='line_1_80' title="bbox 2046 3440 3005 3509; baseline -0.001 -14"><span class='ocrx_word' id='word_1_595' title='bbox 2046 3440 2327 3497; x_wconf 85' lang='lat' dir='ltr'><strong>Christum</strong></span> <span class='ocrx_word' id='word_1_596' title='bbox 2363 3442 2601 3496; x_wconf 82' lang='lat' dir='ltr'><strong>salutem</strong></span> <span class='ocrx_word' id='word_1_597' title='bbox 2635 3441 2870 3509; x_wconf 89' lang='lat' dir='ltr'><strong>adeptus</strong></span> <span class='ocrx_word' id='word_1_598' title='bbox 2901 3449 3005 3494; x_wconf 87' lang='lat' dir='ltr'><strong>est.</strong></span> 
     </span>
    </p>
   </div>
   <div class='ocr_carea' id='block_1_81' title="bbox 2128 3521 3640 3599">
    <p class='ocr_par' dir='ltr' id='par_1_81' title="bbox 2128 3521 3640 3599">
     <span class='ocr_line' id='line_1_81' title="bbox 2128 3521 3640 3599; baseline -0.004 -15"><span class='ocrx_word' id='word_1_599' title='bbox 2128 3552 2145 3584; x_wconf 80' lang='grc' dir='ltr'><strong>ι</strong></span> <span class='ocrx_word' id='word_1_600' title='bbox 2186 3531 2457 3587; x_wconf 87' lang='lat' dir='ltr'><strong>Fundasti</strong></span> <span class='ocrx_word' id='word_1_601' title='bbox 2521 3542 2752 3595; x_wconf 87' lang='lat' dir='ltr'><strong>terram,</strong></span> <span class='ocrx_word' id='word_1_602' title='bbox 2793 3539 2848 3585; x_wconf 90' lang='lat' dir='ltr'><strong>et</strong></span> <span class='ocrx_word' id='word_1_603' title='bbox 2897 3536 3204 3599; x_wconf 90' lang='lat' dir='ltr'><strong>permanet.</strong></span> <span class='ocrx_word' id='word_1_604' title='bbox 3265 3524 3459 3599; x_wconf 74' lang='lat' dir='ltr'><strong>[Vsas.</strong></span> <span class='ocrx_word' id='word_1_605' title='bbox 3523 3521 3640 3597; x_wconf 73' lang='lat'><strong>91.]</strong></span> 
     </span>
    </p>
   </div>
   <div class='ocr_carea' id='block_1_82' title="bbox 2048 3618 3645 3693">
    <p class='ocr_par' dir='ltr' id='par_1_82' title="bbox 2048 3618 3645 3693">
     <span class='ocr_line' id='line_1_82' title="bbox 2048 3618 3645 3693; baseline -0.005 -14"><span class='ocrx_word' id='word_1_606' title='bbox 2048 3626 2416 3679; x_wconf 88' lang='lat' dir='ltr'><strong>Ordinatione</strong></span> <span class='ocrx_word' id='word_1_607' title='bbox 2462 3632 2558 3678; x_wconf 86' lang='lat' dir='ltr'><strong>tua</strong></span> <span class='ocrx_word' id='word_1_608' title='bbox 2609 3630 2930 3693; x_wconf 83' lang='lat' dir='ltr'><strong>perseverat</strong></span> <span class='ocrx_word' id='word_1_609' title='bbox 2974 3622 3114 3676; x_wconf 91' lang='lat' dir='ltr'><strong>dies.</strong></span> <span class='ocrx_word' id='word_1_610' title='bbox 3152 3639 3170 3672; x_wconf 75' lang='grc' dir='ltr'><strong>ι</strong></span> <span class='ocrx_word' id='word_1_611' title='bbox 3225 3618 3435 3674; x_wconf 88' lang='lat' dir='ltr'><strong>Dedisti</strong></span> <span class='ocrx_word' id='word_1_612' title='bbox 3483 3627 3645 3672; x_wconf 63' lang='lat' dir='ltr'><strong>terra</strong></span> 
     </span>
    </p>
   </div>
   <div class='ocr_carea' id='block_1_83' title="bbox 2047 3710 3643 3783">
    <p class='ocr_par' dir='ltr' id='par_1_83' title="bbox 2047 3710 3643 3783">
     <span class='ocr_line' id='line_1_83' title="bbox 2047 3710 3643 3783; baseline -0.006 -12"><span class='ocrx_word' id='word_1_613' title='bbox 2047 3717 2408 3772; x_wconf 82' lang='lat' dir='ltr'><strong>stabilitatem</strong></span> <span class='ocrx_word' id='word_1_614' title='bbox 2441 3715 2498 3768; x_wconf 91' lang='lat' dir='ltr'><strong>in</strong></span> <span class='ocrx_word' id='word_1_615' title='bbox 2526 3714 2910 3783; x_wconf 83' lang='lat' dir='ltr'><strong>longissimum</strong></span> <span class='ocrx_word' id='word_1_616' title='bbox 2945 3725 3181 3781; x_wconf 85' lang='lat' dir='ltr'><strong>tempus,</strong></span> <span class='ocrx_word' id='word_1_617' title='bbox 3229 3720 3283 3765; x_wconf 89' lang='lat' dir='ltr'><strong>et</strong></span> <span class='ocrx_word' id='word_1_618' title='bbox 3314 3710 3551 3780; x_wconf 89' lang='lat' dir='ltr'><strong>perstitit</strong></span> <span class='ocrx_word' id='word_1_619' title='bbox 3582 3718 3643 3761; x_wconf 93' lang='lat' dir='ltr'><strong>ut</strong></span> 
     </span>
    </p>
   </div>
   <div class='ocr_carea' id='block_1_84' title="bbox 2041 3803 3641 3878">
    <p class='ocr_par' dir='ltr' id='par_1_84' title="bbox 2041 3803 3641 3878">
     <span class='ocr_line' id='line_1_84' title="bbox 2041 3803 3641 3878; baseline -0.004 -16"><span class='ocrx_word' id='word_1_620' title='bbox 2041 3807 2282 3878; x_wconf 85' lang='lat' dir='ltr'><strong>jussisti.</strong></span> <span class='ocrx_word' id='word_1_621' title='bbox 2315 3806 2469 3860; x_wconf 89' lang='lat' dir='ltr'><strong>Diem</strong></span> <span class='ocrx_word' id='word_1_622' title='bbox 2501 3822 2533 3860; x_wconf 89' lang='lat' dir='ltr'><strong>a</strong></span> <span class='ocrx_word' id='word_1_623' title='bbox 2565 3814 2724 3860; x_wconf 88' lang='lat' dir='ltr'><strong>nocte</strong></span> <span class='ocrx_word' id='word_1_624' title='bbox 2749 3804 3070 3874; x_wconf 80' lang='lat' dir='ltr'><strong>sejunxisti,</strong></span> <span class='ocrx_word' id='word_1_625' title='bbox 3096 3812 3152 3857; x_wconf 91' lang='lat' dir='ltr'><strong>et</strong></span> <span class='ocrx_word' id='word_1_626' title='bbox 3182 3803 3487 3857; x_wconf 88' lang='lat' dir='ltr'><strong>secundum</strong></span> <span class='ocrx_word' id='word_1_627' title='bbox 3518 3809 3641 3855; x_wconf 89' lang='lat' dir='ltr'><strong>tuas</strong></span> 
     </span>
    </p>
   </div>
   <div class='ocr_carea' id='block_1_85' title="bbox 2046 3894 3637 3971">
    <p class='ocr_par' dir='ltr' id='par_1_85' title="bbox 2046 3894 3637 3971">
     <span class='ocr_line' id='line_1_85' title="bbox 2046 3894 3637 3971; baseline -0.005 -17"><span class='ocrx_word' id='word_1_628' title='bbox 2046 3901 2194 3971; x_wconf 86' lang='lat' dir='ltr'><strong>leges</strong></span> <span class='ocrx_word' id='word_1_629' title='bbox 2228 3900 2597 3969; x_wconf 86' lang='lat' dir='ltr'><strong>progreditur.</strong></span> <span class='ocrx_word' id='word_1_630' title='bbox 2635 3916 2656 3951; x_wconf 77' lang='grc' dir='ltr'><strong>ι</strong></span> <span class='ocrx_word' id='word_1_631' title='bbox 2692 3896 2964 3964; x_wconf 83' lang='lat' dir='ltr'><strong>Quoniam</strong></span> <span class='ocrx_word' id='word_1_632' title='bbox 2995 3896 3181 3950; x_wconf 85' lang='lat' dir='ltr'><strong>omnia</strong></span> <span class='ocrx_word' id='word_1_633' title='bbox 3213 3895 3461 3951; x_wconf 84' lang='lat' dir='ltr'><strong>serviunt</strong></span> <span class='ocrx_word' id='word_1_634' title='bbox 3487 3894 3637 3947; x_wconf 62' lang='lat' dir='ltr'><strong>tibi.»</strong></span> 
     </span>
    </p>
   </div>
   <div class='ocr_carea' id='block_1_86' title="bbox 2047 3987 3644 4058">
    <p class='ocr_par' dir='ltr' id='par_1_86' title="bbox 2047 3987 3644 4058">
     <span class='ocr_line' id='line_1_86' title="bbox 2047 3987 3644 4058; baseline -0.004 -11"><span class='ocrx_word' id='word_1_635' title='bbox 2047 3992 2243 4047; x_wconf 88' lang='lat' dir='ltr'><strong>Omnia</strong></span> <span class='ocrx_word' id='word_1_636' title='bbox 2294 3992 2441 4047; x_wconf 90' lang='lat' dir='ltr'><strong>enim</strong></span> <span class='ocrx_word' id='word_1_637' title='bbox 2482 3996 2499 4014; x_wconf 85' lang='grc'><strong>·</strong></span> <span class='ocrx_word' id='word_1_638' title='bbox 2544 3992 2645 4046; x_wconf 90' lang='lat' dir='ltr'><strong>tibi</strong></span> <span class='ocrx_word' id='word_1_639' title='bbox 2692 3991 2963 4053; x_wconf 85' lang='lat' dir='ltr'><strong>serviunt,</strong></span> <span class='ocrx_word' id='word_1_640' title='bbox 3008 3989 3233 4058; x_wconf 87' lang='lat' dir='ltr'><strong>tuisque</strong></span> <span class='ocrx_word' id='word_1_641' title='bbox 3275 3988 3499 4042; x_wconf 88' lang='lat' dir='ltr'><strong>nutibus</strong></span> <span class='ocrx_word' id='word_1_642' title='bbox 3544 3987 3644 4040; x_wconf 75' lang='lat' dir='ltr'><strong>ob-</strong></span> 
     </span>
    </p>
   </div>
   <div class='ocr_carea' id='block_1_87' title="bbox 2050 4083 3268 4157">
    <p class='ocr_par' dir='ltr' id='par_1_87' title="bbox 2050 4083 3268 4157">
     <span class='ocr_line' id='line_1_87' title="bbox 2050 4083 3268 4157; baseline -0.003 -16"><span class='ocrx_word' id='word_1_643' title='bbox 2050 4096 2361 4157; x_wconf 88' lang='lat' dir='ltr'><strong>temperant</strong></span> <span class='ocrx_word' id='word_1_644' title='bbox 2386 4105 2400 4141; x_wconf 86' lang='lat'><strong>:</strong></span> <span class='ocrx_word' id='word_1_645' title='bbox 2433 4095 2492 4141; x_wconf 87' lang='lat' dir='ltr'><strong>tu</strong></span> <span class='ocrx_word' id='word_1_646' title='bbox 2522 4087 2670 4140; x_wconf 88' lang='lat' dir='ltr'><strong>enim</strong></span> <span class='ocrx_word' id='word_1_647' title='bbox 2696 4087 2941 4139; x_wconf 89' lang='lat' dir='ltr'><strong>omnium</strong></span> <span class='ocrx_word' id='word_1_648' title='bbox 2967 4083 3164 4154; x_wconf 78' lang='lat' dir='ltr'><strong>Opifex</strong></span> <span class='ocrx_word' id='word_1_649' title='bbox 3188 4099 3268 4138; x_wconf 89' lang='lat' dir='ltr'><strong>es.</strong></span> 
     </span>
    </p>
   </div>
   <div class='ocr_carea' id='block_1_88' title="bbox 2121 4175 3640 4234">
    <p class='ocr_par' dir='ltr' id='par_1_88' title="bbox 2121 4175 3640 4234">
     <span class='ocr_line' id='line_1_88' title="bbox 2121 4175 3640 4234; baseline -0.001 -1"><span class='ocrx_word' id='word_1_650' title='bbox 2121 4178 2292 4234; x_wconf 67' lang='lat' dir='ltr'><strong>Vens.</strong></span> <span class='ocrx_word' id='word_1_651' title='bbox 2334 4179 2423 4234; x_wconf 71' lang='lat'><strong>9‘2.</strong></span> <span class='ocrx_word' id='word_1_652' title='bbox 2474 4197 2492 4229; x_wconf 78' lang='grc' dir='ltr'><strong>ι</strong></span> <span class='ocrx_word' id='word_1_653' title='bbox 2529 4175 2648 4233; x_wconf 86' lang='lat' dir='ltr'><strong>Nisi</strong></span> <span class='ocrx_word' id='word_1_654' title='bbox 2692 4178 2779 4232; x_wconf 87' lang='lat' dir='ltr'><strong>lex</strong></span> <span class='ocrx_word' id='word_1_655' title='bbox 2827 4188 2920 4233; x_wconf 91' lang='lat' dir='ltr'><strong>tua</strong></span> <span class='ocrx_word' id='word_1_656' title='bbox 2974 4176 3259 4232; x_wconf 88' lang='lat' dir='ltr'><strong>meditatio</strong></span> <span class='ocrx_word' id='word_1_657' title='bbox 3306 4192 3424 4230; x_wconf 89' lang='lat' dir='ltr'><strong>mea</strong></span> <span class='ocrx_word' id='word_1_658' title='bbox 3474 4183 3640 4232; x_wconf 63' lang='lat' dir='ltr'><strong>essm.</strong></span> 
     </span>
    </p>
   </div>
   <div class='ocr_carea' id='block_1_89' title="bbox 2048 4264 3644 4337">
    <p class='ocr_par' dir='ltr' id='par_1_89' title="bbox 2048 4264 3644 4337">
     <span class='ocr_line' id='line_1_89' title="bbox 2048 4264 3644 4337; baseline -0.007 -14"><span class='ocrx_word' id='word_1_659' title='bbox 2048 4277 2180 4324; x_wconf 92' lang='lat' dir='ltr'><strong>tunc</strong></span> <span class='ocrx_word' id='word_1_660' title='bbox 2209 4267 2349 4322; x_wconf 82' lang='lat' dir='ltr'><strong>forte</strong></span> <span class='ocrx_word' id='word_1_661' title='bbox 2378 4268 2666 4337; x_wconf 89' lang='lat' dir='ltr'><strong>periissem</strong></span> <span class='ocrx_word' id='word_1_662' title='bbox 2695 4267 2750 4320; x_wconf 92' lang='lat' dir='ltr'><strong>in</strong></span> <span class='ocrx_word' id='word_1_663' title='bbox 2783 4267 3097 4321; x_wconf 87' lang='lat' dir='ltr'><strong>humilitate</strong></span> <span class='ocrx_word' id='word_1_664' title='bbox 3128 4281 3271 4319; x_wconf 89' lang='lat' dir='ltr'><strong>mea.</strong></span> <span class='ocrx_word' id='word_1_665' title='bbox 3312 4284 3332 4317; x_wconf 84' lang='grc'><strong>›</strong></span> <span class='ocrx_word' id='word_1_666' title='bbox 3372 4264 3495 4317; x_wconf 67' lang='grc' dir='ltr'><strong>ΙΙωο</strong></span> <span class='ocrx_word' id='word_1_667' title='bbox 3520 4264 3644 4331; x_wconf 75' lang='lat' dir='ltr'><strong>pius</strong></span> 
     </span>
    </p>
   </div>
   <div class='ocr_carea' id='block_1_90' title="bbox 2046 4359 3629 4431">
    <p class='ocr_par' dir='ltr' id='par_1_90' title="bbox 2046 4359 3629 4431">
     <span class='ocr_line' id='line_1_90' title="bbox 2046 4359 3629 4431; baseline -0.008 -14"><span class='ocrx_word' id='word_1_668' title='bbox 2046 4362 2306 4431; x_wconf 85' lang='lat' dir='ltr'><strong>quisque,</strong></span> <span class='ocrx_word' id='word_1_669' title='bbox 2338 4375 2466 4415; x_wconf 92' lang='lat' dir='ltr'><strong>cum</strong></span> <span class='ocrx_word' id='word_1_670' title='bbox 2509 4361 2562 4413; x_wconf 91' lang='lat' dir='ltr'><strong>in</strong></span> <span class='ocrx_word' id='word_1_671' title='bbox 2596 4360 2941 4415; x_wconf 88' lang='lat' dir='ltr'><strong>calamitates</strong></span> <span class='ocrx_word' id='word_1_672' title='bbox 2966 4360 3180 4420; x_wconf 87' lang='lat' dir='ltr'><strong>incidit,</strong></span> <span class='ocrx_word' id='word_1_673' title='bbox 3211 4359 3395 4412; x_wconf 88' lang='lat' dir='ltr'><strong>dicere</strong></span> <span class='ocrx_word' id='word_1_674' title='bbox 3423 4366 3629 4425; x_wconf 78' lang='lat' dir='ltr'><strong>potest;</strong></span> 
     </span>
    </p>
   </div>
   <div class='ocr_carea' id='block_1_91' title="bbox 2048 4448 3642 4521">
    <p class='ocr_par' dir='ltr' id='par_1_91' title="bbox 2048 4448 3642 4521">
     <span class='ocr_line' id='line_1_91' title="bbox 2048 4448 3642 4521; baseline -0.006 -14"><span class='ocrx_word' id='word_1_675' title='bbox 2048 4461 2105 4507; x_wconf 90' lang='lat' dir='ltr'><strong>et</strong></span> <span class='ocrx_word' id='word_1_676' title='bbox 2143 4451 2351 4521; x_wconf 86' lang='lat' dir='ltr'><strong>Joseph</strong></span> <span class='ocrx_word' id='word_1_677' title='bbox 2402 4452 2752 4515; x_wconf 86' lang='lat' dir='ltr'><strong>servitutem,</strong></span> <span class='ocrx_word' id='word_1_678' title='bbox 2806 4450 3161 4516; x_wconf 90' lang='lat' dir='ltr'><strong>adulterium,</strong></span> <span class='ocrx_word' id='word_1_679' title='bbox 3214 4457 3270 4502; x_wconf 89' lang='lat' dir='ltr'><strong>et</strong></span> <span class='ocrx_word' id='word_1_680' title='bbox 3310 4448 3642 4503; x_wconf 80' lang='lat' dir='ltr'><strong>calumniam</strong></span> 
     </span>
    </p>
   </div>
   <div class='ocr_carea' id='block_1_92' title="bbox 348 4541 1943 4640">
    <p class='ocr_par' dir='ltr' id='par_1_92' title="bbox 348 4548 1943 4624">
     <span class='ocr_line' id='line_1_92' title="bbox 348 4548 1943 4624; baseline 0 -21"><span class='ocrx_word' id='word_1_681' title='bbox 348 4551 500 4621; x_wconf 85' lang='grc' dir='ltr'>γών·</span> <span class='ocrx_word' id='word_1_682' title='bbox 539 4552 633 4603; x_wconf 75' lang='grc' dir='ltr'><strong>καὶ</strong></span> <span class='ocrx_word' id='word_1_683' title='bbox 675 4549 876 4619; x_wconf 77' lang='grc' dir='ltr'>Δανιὴλ</span> <span class='ocrx_word' id='word_1_684' title='bbox 913 4548 1174 4613; x_wconf 72' lang='grc' dir='ltr'>εὔξασθαι</span> <span class='ocrx_word' id='word_1_685' title='bbox 1219 4549 1510 4615; x_wconf 73' lang='grc' dir='ltr'>κωλυθεὶς,</span> <span class='ocrx_word' id='word_1_686' title='bbox 1548 4550 1642 4604; x_wconf 77' lang='grc' dir='ltr'><strong>καὶ</strong></span> <span class='ocrx_word' id='word_1_687' title='bbox 1688 4551 1741 4605; x_wconf 78' lang='grc' dir='ltr'>οἱ</span> <span class='ocrx_word' id='word_1_688' title='bbox 1795 4554 1943 4624; x_wconf 82' lang='grc' dir='ltr'>τρεῖς</span> 
     </span>
    </p>
   </div>
   <div class='ocr_carea' id='block_1_93' title="bbox 2045 4541 3640 4640">
    <p class='ocr_par' dir='ltr' id='par_1_93' title="bbox 2050 4541 3640 4616">
     <span class='ocr_line' id='line_1_93' title="bbox 2050 4541 3640 4616; baseline -0.004 -18"><span class='ocrx_word' id='word_1_689' title='bbox 2050 4543 2304 4616; x_wconf 82' lang='lat' dir='ltr'><strong>fugiens.</strong></span> <span class='ocrx_word' id='word_1_690' title='bbox 2356 4555 2413 4599; x_wconf 90' lang='lat' dir='ltr'><strong>et</strong></span> <span class='ocrx_word' id='word_1_691' title='bbox 2462 4543 2656 4599; x_wconf 89' lang='lat' dir='ltr'><strong>Daniel</strong></span> <span class='ocrx_word' id='word_1_692' title='bbox 2707 4560 2777 4598; x_wconf 90' lang='lat' dir='ltr'><strong>ne</strong></span> <span class='ocrx_word' id='word_1_693' title='bbox 2820 4555 3144 4613; x_wconf 89' lang='lat' dir='ltr'><strong>precaretur</strong></span> <span class='ocrx_word' id='word_1_694' title='bbox 3182 4541 3532 4611; x_wconf 86' lang='lat' dir='ltr'><strong>prohibitus,</strong></span> <span class='ocrx_word' id='word_1_695' title='bbox 3590 4550 3640 4593; x_wconf 86' lang='lat' dir='ltr'><strong>et</strong></span> 
     </span>
    </p>
   </div>
   <div class='ocr_carea' id='block_1_94' title="bbox 349 4642 1942 4714">
    <p class='ocr_par' dir='ltr' id='par_1_94' title="bbox 349 4642 1942 4714">
     <span class='ocr_line' id='line_1_94' title="bbox 349 4642 1942 4714; baseline -0.001 -16"><span class='ocrx_word' id='word_1_696' title='bbox 349 4647 558 4698; x_wconf 80' lang='grc' dir='ltr'>εκεϊνοι</span> <span class='ocrx_word' id='word_1_697' title='bbox 579 4644 627 4676; x_wconf 81' lang='grc'><strong>⁸⁷</strong></span> <span class='ocrx_word' id='word_1_698' title='bbox 651 4644 1030 4713; x_wconf 80' lang='grc' dir='ltr'>προσκυνῆσαι</span> <span class='ocrx_word' id='word_1_699' title='bbox 1051 4642 1596 4712; x_wconf 72' lang='grc' dir='ltr'>καταναγκαζόμενοί</span> <span class='ocrx_word' id='word_1_700' title='bbox 1613 4645 1712 4714; x_wconf 86' lang='grc' dir='ltr'>τὴν</span> <span class='ocrx_word' id='word_1_701' title='bbox 1733 4643 1942 4697; x_wconf 74' lang='grc' dir='ltr'>εἰκόναο</span> 
     </span>
    </p>
   </div>
   <div class='ocr_carea' id='block_1_95' title="bbox 349 4733 1945 4804">
    <p class='ocr_par' dir='ltr' id='par_1_95' title="bbox 349 4733 1945 4804">
     <span class='ocr_line' id='line_1_95' title="bbox 349 4733 1945 4804; baseline -0.001 -15"><span class='ocrx_word' id='word_1_702' title='bbox 349 4736 451 4790; x_wconf 69' lang='grc' dir='ltr'><strong>καὶ</strong></span> <span class='ocrx_word' id='word_1_703' title='bbox 493 4736 543 4787; x_wconf 73' lang='lat' dir='ltr'><strong>oi</strong></span> <span class='ocrx_word' id='word_1_704' title='bbox 600 4733 887 4803; x_wconf 79' lang='grc' dir='ltr'>νικηφόροι</span> <span class='ocrx_word' id='word_1_705' title='bbox 943 4734 1221 4803; x_wconf 81' lang='grc' dir='ltr'>μάρτυρες</span> <span class='ocrx_word' id='word_1_706' title='bbox 1268 4733 1619 4802; x_wconf 82' lang='grc' dir='ltr'>παντοδαπῆς</span> <span class='ocrx_word' id='word_1_707' title='bbox 1666 4736 1945 4804; x_wconf 83' lang='grc' dir='ltr'>τιμωρίας</span> 
     </span>
    </p>
   </div>
   <div class='ocr_carea' id='block_1_96' title="bbox 349 4824 1946 4897">
    <p class='ocr_par' dir='ltr' id='par_1_96' title="bbox 349 4824 1946 4897">
     <span class='ocr_line' id='line_1_96' title="bbox 349 4824 1946 4897; baseline -0.003 -16"><span class='ocrx_word' id='word_1_708' title='bbox 349 4826 753 4897; x_wconf 83' lang='grc' dir='ltr'>ὑπομείναντες</span> <span class='ocrx_word' id='word_1_709' title='bbox 781 4826 916 4894; x_wconf 77' lang='grc' dir='ltr'>εἴδη.</span> <span class='ocrx_word' id='word_1_710' title='bbox 948 4825 1186 4887; x_wconf 74' lang='grc' dir='ltr'>Εἰκότως</span> <span class='ocrx_word' id='word_1_711' title='bbox 1207 4825 1261 4876; x_wconf 80' lang='grc' dir='ltr'><strong>δὲ</strong></span> <span class='ocrx_word' id='word_1_712' title='bbox 1285 4824 1456 4877; x_wconf 76' lang='grc' dir='ltr'>ταῦτα</span> <span class='ocrx_word' id='word_1_713' title='bbox 1485 4824 1589 4894; x_wconf 71' lang='grc' dir='ltr'><strong>ἔφη</strong></span> <span class='ocrx_word' id='word_1_714' title='bbox 1614 4827 1642 4877; x_wconf 88' lang='grc' dir='ltr'>ὁ</span> <span class='ocrx_word' id='word_1_715' title='bbox 1671 4826 1946 4895; x_wconf 87' lang='grc' dir='ltr'>μακάριος</span> 
     </span>
    </p>
   </div>
   <div class='ocr_carea' id='block_1_97' title="bbox 348 4915 1948 4985">
    <p class='ocr_par' dir='ltr' id='par_1_97' title="bbox 348 4915 1948 4985">
     <span class='ocr_line' id='line_1_97' title="bbox 348 4915 1948 4985; baseline -0.001 -13"><span class='ocrx_word' id='word_1_716' title='bbox 348 4917 537 4978; x_wconf 80' lang='grc' dir='ltr'>Δαϐὶδ,</span> <span class='ocrx_word' id='word_1_717' title='bbox 573 4916 879 4981; x_wconf 71' lang='grc' dir='ltr'>ἐξελασθεὶς</span> <span class='ocrx_word' id='word_1_718' title='bbox 915 4917 1014 4985; x_wconf 80' lang='grc' dir='ltr'><strong>μὲν</strong></span> <span class='ocrx_word' id='word_1_719' title='bbox 1045 4916 1151 4968; x_wconf 83' lang='grc' dir='ltr'><strong>ὑπὸ</strong></span> <span class='ocrx_word' id='word_1_720' title='bbox 1179 4915 1271 4969; x_wconf 79' lang='grc' dir='ltr'>τοῦ</span> <span class='ocrx_word' id='word_1_721' title='bbox 1307 4916 1499 4977; x_wconf 79' lang='grc' dir='ltr'>Σαοὺλ,</span> <span class='ocrx_word' id='word_1_722' title='bbox 1523 4916 1870 4985; x_wconf 81' lang='grc' dir='ltr'>Ἀλλοφύλοις</span> <span class='ocrx_word' id='word_1_723' title='bbox 1891 4917 1948 4970; x_wconf 78' lang='grc' dir='ltr'>δὲ</span> 
     </span>
    </p>
   </div>
   <div class='ocr_carea' id='block_1_98' title="bbox 349 5006 1944 5078">
    <p class='ocr_par' dir='ltr' id='par_1_98' title="bbox 349 5006 1944 5078">
     <span class='ocr_line' id='line_1_98' title="bbox 349 5006 1944 5078; baseline -0.002 -14"><span class='ocrx_word' id='word_1_724' title='bbox 349 5009 454 5065; x_wconf 64' lang='grc' dir='ltr'><strong>καὶ</strong></span> <span class='ocrx_word' id='word_1_725' title='bbox 467 5007 789 5061; x_wconf 78' lang='grc' dir='ltr'>δυσσεϐέσιν</span> <span class='ocrx_word' id='word_1_726' title='bbox 807 5006 1119 5078; x_wconf 84' lang='grc' dir='ltr'>ἀνθρώποις</span> <span class='ocrx_word' id='word_1_727' title='bbox 1143 5007 1452 5074; x_wconf 88' lang='grc' dir='ltr'>συνδιάγειν</span> <span class='ocrx_word' id='word_1_728' title='bbox 1473 5007 1944 5078; x_wconf 75' lang='grc' dir='ltr'>ἀναγκαζόμενος.</span> 
     </span>
    </p>
   </div>
   <div class='ocr_carea' id='block_1_99' title="bbox 366 5098 1951 5171">
    <p class='ocr_par' dir='ltr' id='par_1_99' title="bbox 366 5098 1951 5171">
     <span class='ocr_line' id='line_1_99' title="bbox 366 5098 1951 5171; baseline -0.001 -17"><span class='ocrx_word' id='word_1_729' title='bbox 366 5101 731 5170; x_wconf 84' lang='grc' dir='ltr'>Ἐκοινὼνησε</span> <span class='ocrx_word' id='word_1_730' title='bbox 758 5100 866 5171; x_wconf 76' lang='grc' dir='ltr'>γὰρ</span> <span class='ocrx_word' id='word_1_731' title='bbox 900 5100 966 5153; x_wconf 84' lang='grc' dir='ltr'><strong>ἂν</strong></span> <span class='ocrx_word' id='word_1_732' title='bbox 1012 5101 1109 5170; x_wconf 82' lang='grc' dir='ltr'><strong>τῆς</strong></span> <span class='ocrx_word' id='word_1_733' title='bbox 1144 5099 1423 5167; x_wconf 80' lang='grc' dir='ltr'>ἀσεϐείας,</span> <span class='ocrx_word' id='word_1_734' title='bbox 1454 5100 1503 5152; x_wconf 89' lang='grc' dir='ltr'><strong>εί</strong></span> <span class='ocrx_word' id='word_1_735' title='bbox 1540 5100 1616 5171; x_wconf 81' lang='grc' dir='ltr'>μὴ</span> <span class='ocrx_word' id='word_1_736' title='bbox 1641 5098 1750 5153; x_wconf 85' lang='grc' dir='ltr'><strong>τῶν</strong></span> <span class='ocrx_word' id='word_1_737' title='bbox 1785 5099 1951 5153; x_wconf 80' lang='grc' dir='ltr'>θείων</span> 
     </span>
    </p>
   </div>
   <div class='ocr_carea' id='block_1_100' title="bbox 351 5190 1386 5263">
    <p class='ocr_par' dir='ltr' id='par_1_100' title="bbox 351 5190 1386 5263">
     <span class='ocr_line' id='line_1_100' title="bbox 351 5190 1386 5263; baseline -0.002 -16"><span class='ocrx_word' id='word_1_738' title='bbox 351 5193 543 5263; x_wconf 79' lang='grc' dir='ltr'>νόμων</span> <span class='ocrx_word' id='word_1_739' title='bbox 568 5191 977 5263; x_wconf 77' lang='grc' dir='ltr'>συμπεριέφερε</span> <span class='ocrx_word' id='word_1_740' title='bbox 1004 5191 1104 5261; x_wconf 78' lang='grc' dir='ltr'>τὴν</span> <span class='ocrx_word' id='word_1_741' title='bbox 1132 5190 1386 5262; x_wconf 81' lang='grc' dir='ltr'>μελέτην.</span> 
     </span>
    </p>
   </div>
   <div class='ocr_carea' id='block_1_101' title="bbox 432 5407 1079 5479">
    <p class='ocr_par' dir='ltr' id='par_1_101' title="bbox 432 5407 1079 5479">
     <span class='ocr_line' id='line_1_101' title="bbox 432 5407 1079 5479; baseline 0.003 -14"><span class='ocrx_word' id='word_1_742' title='bbox 432 5423 459 5449; x_wconf 75' lang='grc' dir='ltr'><strong>τ</strong></span> <span class='ocrx_word' id='word_1_743' title='bbox 492 5410 642 5467; x_wconf 85' lang='lat' dir='ltr'><strong>Psal.</strong></span> <span class='ocrx_word' id='word_1_744' title='bbox 679 5427 905 5479; x_wconf 81' lang='lat' dir='ltr'><strong>chvm,</strong></span> <span class='ocrx_word' id='word_1_745' title='bbox 937 5412 991 5467; x_wconf 90' lang='lat'><strong>6.</strong></span> <span class='ocrx_word' id='word_1_746' title='bbox 1073 5407 1079 5413; x_wconf 82' lang='grc'><em>’</em></span> 
     </span>
    </p>
   </div>
   <div class='ocr_carea' id='block_1_102' title="bbox 2051 4633 3646 4708">
    <p class='ocr_par' dir='ltr' id='par_1_102' title="bbox 2051 4633 3646 4708">
     <span class='ocr_line' id='line_1_102' title="bbox 2051 4633 3646 4708; baseline -0.006 -15"><span class='ocrx_word' id='word_1_747' title='bbox 2051 4651 2162 4693; x_wconf 87' lang='lat' dir='ltr'><strong>tres</strong></span> <span class='ocrx_word' id='word_1_748' title='bbox 2188 4638 2265 4691; x_wconf 91' lang='lat' dir='ltr'><strong>illi</strong></span> <span class='ocrx_word' id='word_1_749' title='bbox 2294 4639 2390 4707; x_wconf 90' lang='lat' dir='ltr'><strong>qui</strong></span> <span class='ocrx_word' id='word_1_750' title='bbox 2444 4638 2741 4708; x_wconf 84' lang='lat' dir='ltr'><strong>imaginem</strong></span> <span class='ocrx_word' id='word_1_751' title='bbox 2767 4636 3019 4691; x_wconf 88' lang='lat' dir='ltr'><strong>venerari</strong></span> <span class='ocrx_word' id='word_1_752' title='bbox 3050 4636 3417 4705; x_wconf 82' lang='lat' dir='ltr'><strong>cogebantur,</strong></span> <span class='ocrx_word' id='word_1_753' title='bbox 3456 4633 3646 4687; x_wconf 84' lang='lat' dir='ltr'><strong>trium-</strong></span> 
     </span>
    </p>
   </div>
   <div class='ocr_carea' id='block_1_103' title="bbox 2049 4726 3647 4802">
    <p class='ocr_par' dir='ltr' id='par_1_103' title="bbox 2049 4726 3647 4802">
     <span class='ocr_line' id='line_1_103' title="bbox 2049 4726 3647 4802; baseline -0.005 -17"><span class='ocrx_word' id='word_1_754' title='bbox 2049 4731 2420 4802; x_wconf 88' lang='lat' dir='ltr'><strong>phatoresque</strong></span> <span class='ocrx_word' id='word_1_755' title='bbox 2447 4739 2739 4793; x_wconf 81' lang='lat' dir='ltr'><strong>martvres,</strong></span> <span class='ocrx_word' id='word_1_756' title='bbox 2772 4728 2866 4799; x_wconf 91' lang='lat' dir='ltr'><strong>qui</strong></span> <span class='ocrx_word' id='word_1_757' title='bbox 2899 4727 3086 4781; x_wconf 88' lang='lat' dir='ltr'><strong>omnia</strong></span> <span class='ocrx_word' id='word_1_758' title='bbox 3122 4726 3521 4795; x_wconf 88' lang='lat' dir='ltr'><strong>suppliciorum</strong></span> <span class='ocrx_word' id='word_1_759' title='bbox 3557 4741 3647 4793; x_wconf 79' lang='lat' dir='ltr'><strong>ge-</strong></span> 
     </span>
    </p>
   </div>
   <div class='ocr_carea' id='block_1_104' title="bbox 2049 4818 3646 4894">
    <p class='ocr_par' dir='ltr' id='par_1_104' title="bbox 2049 4818 3646 4894">
     <span class='ocr_line' id='line_1_104' title="bbox 2049 4818 3646 4894; baseline -0.006 -16"><span class='ocrx_word' id='word_1_760' title='bbox 2049 4840 2181 4880; x_wconf 88' lang='lat' dir='ltr'><strong>nera</strong></span> <span class='ocrx_word' id='word_1_761' title='bbox 2224 4824 2471 4894; x_wconf 85' lang='lat' dir='ltr'><strong>perpessi</strong></span> <span class='ocrx_word' id='word_1_762' title='bbox 2522 4831 2674 4878; x_wconf 88' lang='lat' dir='ltr'><strong>sunt.</strong></span> <span class='ocrx_word' id='word_1_763' title='bbox 2710 4822 2903 4876; x_wconf 88' lang='lat' dir='ltr'><strong>Merito</strong></span> <span class='ocrx_word' id='word_1_764' title='bbox 2937 4829 3120 4873; x_wconf 87' lang='lat' dir='ltr'><strong>autem</strong></span> <span class='ocrx_word' id='word_1_765' title='bbox 3170 4820 3288 4874; x_wconf 71' lang='lat' dir='ltr'><strong>haec</strong></span> <span class='ocrx_word' id='word_1_766' title='bbox 3331 4818 3410 4872; x_wconf 89' lang='lat' dir='ltr'><strong>ait</strong></span> <span class='ocrx_word' id='word_1_767' title='bbox 3452 4818 3646 4871; x_wconf 84' lang='lat' dir='ltr'><strong>beatus</strong></span> 
     </span>
    </p>
   </div>
   <div class='ocr_carea' id='block_1_105' title="bbox 2050 4910 3644 4982">
    <p class='ocr_par' dir='ltr' id='par_1_105' title="bbox 2050 4910 3644 4982">
     <span class='ocr_line' id='line_1_105' title="bbox 2050 4910 3644 4982; baseline -0.005 -14"><span class='ocrx_word' id='word_1_768' title='bbox 2050 4915 2245 4982; x_wconf 81' lang='lat' dir='ltr'><strong>David,</strong></span> <span class='ocrx_word' id='word_1_769' title='bbox 2292 4931 2418 4971; x_wconf 90' lang='lat' dir='ltr'><strong>cum</strong></span> <span class='ocrx_word' id='word_1_770' title='bbox 2465 4931 2495 4969; x_wconf 92' lang='lat' dir='ltr'><strong>a</strong></span> <span class='ocrx_word' id='word_1_771' title='bbox 2541 4915 2707 4968; x_wconf 87' lang='lat' dir='ltr'><strong>Saule</strong></span> <span class='ocrx_word' id='word_1_772' title='bbox 2745 4922 2976 4968; x_wconf 83' lang='lat' dir='ltr'><strong>exactus</strong></span> <span class='ocrx_word' id='word_1_773' title='bbox 3005 4920 3173 4975; x_wconf 83' lang='lat' dir='ltr'><strong>esset,</strong></span> <span class='ocrx_word' id='word_1_774' title='bbox 3222 4920 3279 4966; x_wconf 89' lang='lat' dir='ltr'><strong>et</strong></span> <span class='ocrx_word' id='word_1_775' title='bbox 3322 4926 3449 4965; x_wconf 89' lang='lat' dir='ltr'><strong>cum</strong></span> <span class='ocrx_word' id='word_1_776' title='bbox 3494 4910 3644 4962; x_wconf 80' lang='lat' dir='ltr'><strong>Allo-</strong></span> 
     </span>
    </p>
   </div>
   <div class='ocr_carea' id='block_1_106' title="bbox 2048 5001 3645 5079">
    <p class='ocr_par' dir='ltr' id='par_1_106' title="bbox 2048 5001 3645 5079">
     <span class='ocr_line' id='line_1_106' title="bbox 2048 5001 3645 5079; baseline -0.005 -18"><span class='ocrx_word' id='word_1_777' title='bbox 2048 5008 2230 5079; x_wconf 88' lang='lat' dir='ltr'><strong>phylis</strong></span> <span class='ocrx_word' id='word_1_778' title='bbox 2281 5023 2347 5062; x_wconf 85' lang='lat' dir='ltr'><strong>ac</strong></span> <span class='ocrx_word' id='word_1_779' title='bbox 2383 5006 2596 5078; x_wconf 65' lang='grc'><strong>1462</strong></span> <span class='ocrx_word' id='word_1_780' title='bbox 2629 5005 2816 5075; x_wconf 89' lang='lat' dir='ltr'><strong>impiis</strong></span> <span class='ocrx_word' id='word_1_781' title='bbox 2863 5004 3189 5059; x_wconf 89' lang='lat' dir='ltr'><strong>hominibus</strong></span> <span class='ocrx_word' id='word_1_782' title='bbox 3239 5002 3407 5058; x_wconf 85' lang='lat' dir='ltr'><strong>simul</strong></span> <span class='ocrx_word' id='word_1_783' title='bbox 3464 5001 3645 5053; x_wconf 80' lang='lat' dir='ltr'><strong>vivere</strong></span> 
     </span>
    </p>
   </div>
   <div class='ocr_carea' id='block_1_107' title="bbox 2047 5093 3639 5172">
    <p class='ocr_par' dir='ltr' id='par_1_107' title="bbox 2047 5093 3639 5172">
     <span class='ocr_line' id='line_1_107' title="bbox 2047 5093 3639 5172; baseline -0.008 -15"><span class='ocrx_word' id='word_1_784' title='bbox 2047 5111 2298 5157; x_wconf 90' lang='lat' dir='ltr'><strong>coactus.</strong></span> <span class='ocrx_word' id='word_1_785' title='bbox 2348 5101 2635 5172; x_wconf 88' lang='lat' dir='ltr'><strong>Particeps</strong></span> <span class='ocrx_word' id='word_1_786' title='bbox 2681 5102 2830 5155; x_wconf 89' lang='lat' dir='ltr'><strong>enim</strong></span> <span class='ocrx_word' id='word_1_787' title='bbox 2895 5099 3197 5170; x_wconf 88' lang='lat' dir='ltr'><strong>impietatis</strong></span> <span class='ocrx_word' id='word_1_788' title='bbox 3261 5097 3481 5158; x_wconf 83' lang='lat' dir='ltr'><strong>fuisset,</strong></span> <span class='ocrx_word' id='word_1_789' title='bbox 3530 5093 3639 5147; x_wconf 85' lang='lat' dir='ltr'><strong>nisi</strong></span> 
     </span>
    </p>
   </div>
   <div class='ocr_carea' id='block_1_108' title="bbox 2049 5186 3641 5262">
    <p class='ocr_par' dir='ltr' id='par_1_108' title="bbox 2049 5186 3641 5262">
     <span class='ocr_line' id='line_1_108' title="bbox 2049 5186 3641 5262; baseline -0.006 -15"><span class='ocrx_word' id='word_1_790' title='bbox 2049 5192 2365 5248; x_wconf 85' lang='lat' dir='ltr'><strong>divinarum</strong></span> <span class='ocrx_word' id='word_1_791' title='bbox 2407 5192 2589 5262; x_wconf 79' lang='lat' dir='ltr'><strong>legum</strong></span> <span class='ocrx_word' id='word_1_792' title='bbox 2630 5190 3047 5246; x_wconf 86' lang='lat' dir='ltr'><strong>meditationem</strong></span> <span class='ocrx_word' id='word_1_793' title='bbox 3092 5203 3282 5246; x_wconf 83' lang='lat' dir='ltr'><strong>secum</strong></span> <span class='ocrx_word' id='word_1_794' title='bbox 3339 5186 3641 5239; x_wconf 86' lang='lat' dir='ltr'><strong>circumtu-</strong></span> 
     </span>
    </p>
   </div>
   <div class='ocr_carea' id='block_1_109' title="bbox 2053 5281 2229 5338">
    <p class='ocr_par' dir='ltr' id='par_1_109' title="bbox 2053 5281 2229 5338">
     <span class='ocr_line' id='line_1_109' title="bbox 2053 5281 2229 5338; baseline 0.011 -2"><span class='ocrx_word' id='word_1_795' title='bbox 2053 5281 2229 5338; x_wconf 89' lang='lat' dir='ltr'><strong>lisset.</strong></span> 
     </span>
    </p>
   </div>
   <div class='ocr_carea' id='block_1_110' title="bbox 1468 5530 2517 5593">
    <p class='ocr_par' dir='ltr' id='par_1_110' title="bbox 1468 5530 2517 5593">
     <span class='ocr_line' id='line_1_110' title="bbox 1468 5530 2517 5593; baseline 0.002 -6"><span class='ocrx_word' id='word_1_796' title='bbox 1468 5530 1702 5589; x_wconf 77' lang='lat' dir='ltr'><strong>VARUE</strong></span> <span class='ocrx_word' id='word_1_797' title='bbox 1742 5534 2125 5593; x_wconf 79' lang='lat' dir='ltr'><strong>LECTIONES</strong></span> <span class='ocrx_word' id='word_1_798' title='bbox 2164 5535 2251 5591; x_wconf 89' lang='lat' dir='ltr'>ET</span> <span class='ocrx_word' id='word_1_799' title='bbox 2277 5534 2517 5590; x_wconf 68' lang='grc' dir='ltr'><strong>ΝΟΤΛΕ.</strong></span> 
     </span>
    </p>
   </div>
   <div class='ocr_carea' id='block_1_111' title="bbox 418 5719 1943 5856">
    <p class='ocr_par' dir='ltr' id='par_1_111' title="bbox 418 5719 1943 5856">
     <span class='ocr_line' id='line_1_111' title="bbox 418 5719 1941 5790; baseline 0 -17"><span class='ocrx_word' id='word_1_800' title='bbox 418 5727 466 5759; x_wconf 73' lang='grc' dir='ltr'>τ’</span> <span class='ocrx_word' id='word_1_801' title='bbox 501 5722 791 5790; x_wconf 73' lang='grc' dir='ltr'>Δόγμτιτα.</span> <span class='ocrx_word' id='word_1_802' title='bbox 838 5720 958 5774; x_wconf 74' lang='lat' dir='ltr'><strong>rod.</strong></span> <span class='ocrx_word' id='word_1_803' title='bbox 1015 5719 1329 5788; x_wconf 71' lang='grc' dir='ltr'>ἱσῖόματα,</span> <span class='ocrx_word' id='word_1_804' title='bbox 1378 5720 1614 5787; x_wconf 65' lang='lat' dir='ltr'><strong>ascripta</strong></span> <span class='ocrx_word' id='word_1_805' title='bbox 1664 5728 1843 5771; x_wconf 76' lang='lat' dir='ltr'><strong>tamen</strong></span> <span class='ocrx_word' id='word_1_806' title='bbox 1891 5722 1941 5773; x_wconf 83' lang='lat' dir='ltr'><strong>al</strong></span> 
     </span>
     <span class='ocr_line' id='line_1_112' title="bbox 418 5789 1943 5856; baseline 0.001 -14"><span class='ocrx_word' id='word_1_807' title='bbox 418 5792 487 5844; x_wconf 74' lang='lat' dir='ltr'><strong>id.</strong></span> <span class='ocrx_word' id='word_1_808' title='bbox 540 5792 563 5843; x_wconf 78' lang='lat' dir='ltr'><strong>l</strong></span> <span class='ocrx_word' id='word_1_809' title='bbox 616 5791 678 5843; x_wconf 81' lang='grc' dir='ltr'>τὸ</span> <span class='ocrx_word' id='word_1_810' title='bbox 714 5790 865 5843; x_wconf 80' lang='grc' dir='ltr'>αὐτό.</span> <span class='ocrx_word' id='word_1_811' title='bbox 971 5790 1017 5822; x_wconf 75' lang='grc'><strong>⁸⁸</strong></span> <span class='ocrx_word' id='word_1_812' title='bbox 1058 5791 1131 5844; x_wconf 82' lang='lat' dir='ltr'><strong>ib.</strong></span> <span class='ocrx_word' id='word_1_813' title='bbox 1171 5790 1435 5851; x_wconf 75' lang='grc' dir='ltr'>ἐκείνους.</span> <span class='ocrx_word' id='word_1_814' title='bbox 1539 5790 1587 5820; x_wconf 83' lang='grc'><strong>⁸⁸</strong></span> <span class='ocrx_word' id='word_1_815' title='bbox 1626 5789 1855 5856; x_wconf 83' lang='grc' dir='ltr'>Ἰησοῦ.</span> <span class='ocrx_word' id='word_1_816' title='bbox 1913 5794 1943 5843; x_wconf 78' lang='grc' dir='ltr'><strong><em>Δ</em></strong></span> 
     </span>
    </p>
   </div>
   <div class='ocr_carea' id='block_1_112' title="bbox 2045 5719 2866 5856">
    <p class='ocr_par' dir='ltr' id='par_1_112' title="bbox 2045 5721 2866 5852">
     <span class='ocr_line' id='line_1_113' title="bbox 2045 5721 2866 5779; baseline -0.005 -2"><span class='ocrx_word' id='word_1_817' title='bbox 2045 5725 2358 5779; x_wconf 71' lang='lat' dir='ltr'><strong>alectionc.</strong></span> <span class='ocrx_word' id='word_1_818' title='bbox 2437 5726 2483 5758; x_wconf 78' lang='grc' dir='ltr'><strong>⁸ο</strong></span> <span class='ocrx_word' id='word_1_819' title='bbox 2536 5726 2613 5779; x_wconf 83' lang='lat' dir='ltr'><strong>&#39;H.</strong></span> <span class='ocrx_word' id='word_1_820' title='bbox 2671 5723 2791 5779; x_wconf 87' lang='lat' dir='ltr'><strong>cod.</strong></span> <span class='ocrx_word' id='word_1_821' title='bbox 2846 5721 2866 5773; x_wconf 80' lang='grc' dir='ltr'><strong>Ι</strong></span> 
     </span>
     <span class='ocr_line' id='line_1_114' title="bbox 2045 5794 2866 5852; baseline -0.001 -4"><span class='ocrx_word' id='word_1_822' title='bbox 2045 5806 2099 5852; x_wconf 72' lang='lat' dir='ltr'><strong>st.</strong></span> <span class='ocrx_word' id='word_1_823' title='bbox 2137 5811 2166 5851; x_wconf 86' lang='lat' dir='ltr'><strong>a</strong></span> <span class='ocrx_word' id='word_1_824' title='bbox 2200 5796 2322 5851; x_wconf 85' lang='lat' dir='ltr'><strong>cod.</strong></span> <span class='ocrx_word' id='word_1_825' title='bbox 2369 5797 2422 5852; x_wconf 79' lang='grc' dir='ltr'><strong>Ι.</strong></span> <span class='ocrx_word' id='word_1_826' title='bbox 2500 5795 2546 5828; x_wconf 68' lang='grc'><strong>⁸⁸</strong></span> <span class='ocrx_word' id='word_1_827' title='bbox 2586 5794 2768 5849; x_wconf 70' lang='grc' dir='ltr'>Ετκει.</span> <span class='ocrx_word' id='word_1_828' title='bbox 2807 5807 2866 5847; x_wconf 89' lang='lat' dir='ltr'><strong>co</strong></span> 
     </span>
    </p>
   </div>
   <div class='ocr_carea' id='block_1_113' title="bbox 360 5790 1435 5851">
    <p class='ocr_par' dir='ltr' id='par_1_113' title="bbox 360 5790 1435 5851">
     <span class='ocr_line' id='line_1_115' title="bbox 360 5790 1435 5851; baseline -0.007 -4"><span class='ocrx_word' id='word_1_829' title='bbox 360 5792 487 5847; x_wconf 84' lang='lat' dir='ltr'><strong>cod.</strong></span> <span class='ocrx_word' id='word_1_830' title='bbox 540 5792 563 5843; x_wconf 79' lang='lat' dir='ltr'><strong>l</strong></span> <span class='ocrx_word' id='word_1_831' title='bbox 616 5791 678 5843; x_wconf 80' lang='grc' dir='ltr'>τὸ</span> <span class='ocrx_word' id='word_1_832' title='bbox 714 5790 865 5843; x_wconf 80' lang='grc' dir='ltr'>αὐτό.</span> <span class='ocrx_word' id='word_1_833' title='bbox 971 5790 1017 5822; x_wconf 83' lang='grc'><strong>⁸²</strong></span> <span class='ocrx_word' id='word_1_834' title='bbox 1058 5791 1131 5844; x_wconf 86' lang='lat' dir='ltr'><strong>ib.</strong></span> <span class='ocrx_word' id='word_1_835' title='bbox 1171 5790 1435 5851; x_wconf 75' lang='grc' dir='ltr'>ἐκείνους.</span> 
     </span>
    </p>
   </div>
   <div class='ocr_carea' id='block_1_114' title="bbox 2932 5712 3634 5790">
    <p class='ocr_par' dir='ltr' id='par_1_114' title="bbox 2932 5712 3634 5790">
     <span class='ocr_line' id='line_1_116' title="bbox 2932 5712 3634 5790; baseline -0.01 -18"><span class='ocrx_word' id='word_1_836' title='bbox 2932 5734 3117 5790; x_wconf 66' lang='lat' dir='ltr'><strong>prtem.</strong></span> <span class='ocrx_word' id='word_1_837' title='bbox 3154 5716 3291 5790; x_wconf 27' lang='grc' dir='ltr'>καίεη</span> <span class='ocrx_word' id='word_1_838' title='bbox 3436 5712 3634 5790; x_wconf 48' lang='grc' dir='ltr'>τοῦτα.</span> 
     </span>
    </p>
   </div>
   <div class='ocr_carea' id='block_1_115' title="bbox 2500 5782 3638 5857">
    <p class='ocr_par' dir='ltr' id='par_1_115' title="bbox 2500 5782 3638 5857">
     <span class='ocr_line' id='line_1_117' title="bbox 2500 5782 3638 5857; baseline -0.014 -7"><span class='ocrx_word' id='word_1_839' title='bbox 2500 5795 2546 5828; x_wconf 67' lang='grc'><strong>⁸⁸</strong></span> <span class='ocrx_word' id='word_1_840' title='bbox 2586 5794 2768 5849; x_wconf 68' lang='grc' dir='ltr'>Ετκει.</span> <span class='ocrx_word' id='word_1_841' title='bbox 2807 5782 2987 5847; x_wconf 57' lang='grc' dir='ltr'>εούίί</span> <span class='ocrx_word' id='word_1_842' title='bbox 3026 5789 3173 5857; x_wconf 83' lang='grc' dir='ltr'>ἥκει.</span> <span class='ocrx_word' id='word_1_843' title='bbox 3248 5787 3294 5820; x_wconf 77' lang='grc'><strong>⁸⁵</strong></span> <span class='ocrx_word' id='word_1_844' title='bbox 3339 5787 3415 5840; x_wconf 91' lang='grc' dir='ltr'>Ὀ.</span> <span class='ocrx_word' id='word_1_845' title='bbox 3448 5786 3521 5840; x_wconf 85' lang='lat' dir='ltr'><strong>ib.</strong></span> <span class='ocrx_word' id='word_1_846' title='bbox 3566 5782 3638 5836; x_wconf 82' lang='grc' dir='ltr'>εἰ.</span> 
     </span>
    </p>
   </div>
   <div class='ocr_carea' id='block_1_116' title="bbox 359 5858 2055 5932">
    <p class='ocr_par' dir='ltr' id='par_1_116' title="bbox 359 5858 2055 5932">
     <span class='ocr_line' id='line_1_118' title="bbox 359 5858 2055 5932; baseline 0.001 -17"><span class='ocrx_word' id='word_1_847' title='bbox 359 5861 409 5895; x_wconf 70' lang='grc'>⁸⁸</span> <span class='ocrx_word' id='word_1_848' title='bbox 447 5863 621 5932; x_wconf 82' lang='grc' dir='ltr'>Μοιχ.</span> <span class='ocrx_word' id='word_1_849' title='bbox 662 5862 735 5919; x_wconf 89' lang='lat' dir='ltr'><strong>ib.</strong></span> <span class='ocrx_word' id='word_1_850' title='bbox 772 5875 959 5931; x_wconf 69' lang='lat' dir='ltr'><strong>prtem.</strong></span> <span class='ocrx_word' id='word_1_851' title='bbox 983 5861 1095 5916; x_wconf 85' lang='grc' dir='ltr'>καί.</span> <span class='ocrx_word' id='word_1_852' title='bbox 1158 5861 1201 5893; x_wconf 83' lang='grc'><strong>⁸⁷</strong></span> <span class='ocrx_word' id='word_1_853' title='bbox 1240 5858 1505 5914; x_wconf 78' lang='grc' dir='ltr'>Ἐκεῖνοι.</span> <span class='ocrx_word' id='word_1_854' title='bbox 1548 5859 1620 5916; x_wconf 88' lang='lat' dir='ltr'><strong>ib.</strong></span> <span class='ocrx_word' id='word_1_855' title='bbox 1654 5876 1809 5929; x_wconf 87' lang='lat' dir='ltr'><strong>sequ.</strong></span> <span class='ocrx_word' id='word_1_856' title='bbox 1854 5862 2055 5926; x_wconf 79' lang='grc' dir='ltr'>παῖδες.</span> 
     </span>
    </p>
   </div>
  </div>
