4128 6426
372 402 510 468 1953

1693 409 1773 472 [Ν
1818 410 2028 473 PSAL.
2066 411 2332 475 CXVIII.

3516 410 3663 474 1854

364 525 480 577 νεῖν
504 520 672 576 αὑτὸν
694 521 1131 593 παρεσκεύαζεν,
1168 522 1306 578 ἀλλά
1327 523 1418 577 τὸν
1441 523 1745 594 εὐεργέτην
1762 525 1969 579 ἀνελεῖν

2077 526 2525 595 concupiscebat.
2564 525 2795 596 Magnus
2826 534 3009 582 autem
3046 524 3239 591 David,
3287 524 3429 579 inter
3456 525 3655 579 subdi-

365 609 658 681 ἐπεθύμει.
701 609 760 663 Ὀ
788 611 845 663 δὲ
875 610 1050 681 μέγας
1085 612 1265 674 Δαυϊδ,
1291 615 1401 674 τοῖς
1441 612 1704 682 ὑπηκόοις
1733 611 1814 665 ἔτι
1836 629 1962 666 συν-

364 710 726 780 τεταγμένος,
758 712 854 764 καὶ
881 711 1008 765 νέαν
1048 713 1196 781 ἄγων
1224 711 1322 783 τὴν
1362 711 1712 782 ήλικίαν,τὴν
1744 709 1961 779 φιλοσο-

367 793 501 862 φίαν
525 796 806 867 ἠγάπησε,
853 796 951 850 καὶ
999 796 1122 850 οὔτε
1151 796 1315 869 ἄρξαι
1337 796 1537 869 χειρῶν
1565 794 1767 849 ἀδίκων
1798 795 1959 864 ὴνέσ-

364 903 520 956 χετο,
543 884 670 939 οὔτε
690 888 817 952 τοὺς
841 886 1177 951 ἀδικοῦντας·
1193 888 1525 959 ἀμύνασθαι.

446 984 549 1048 pa’.
585 996 604 1029 ι
649 979 746 1032 Ἐκ
774 981 956 1045 πάσης
985 979 1109 1034 ὁδοῦ
1145 982 1390 1052 πονηρᾶς
1422 980 1675 1035 ἐκώλυσα
1703 982 1832 1045 τοὺς
1864 979 1964 1033 πό-

364 1074 468 1137 δας
500 1090 628 1143 μου,
649 1074 797 1137 ὃπως
829 1074 896 1128 ἂν
954 1075 1180 1143 φυλάξω
1228 1077 1353 1139 τοὺς
1388 1076 1584 1144 λόγους
1612 1093 1728 1130 σου.
1762 1095 1780 1126 ι
1822 1074 1961 1128 Οὔτε

365 1167 484 1237 γὰρ
509 1166 740 1220 δυνατὸν
769 1165 864 1220 δύο
891 1168 1033 1221 κατὰ
1064 1169 1260 1223 ταύτὸν
1315 1169 1521 1223 ὁδεύειν
1555 1170 1727 1232 ὀδοὺς,
1764 1169 1961 1222 ἀκολα-

369 1264 499 1327 σίας
535 1266 629 1319 καὶ
670 1266 1047 1336 σωφροσύνης,
1094 1266 1441 1337 δικαιοσύνης
1472 1267 1564 1320 καὶ
1595 1268 1827 1331 ἀδικίας·
1869 1269 1964 1321 ἀλ-

368 1354 443 1408 λά
465 1355 546 1408 δεῖ
570 1356 671 1419 τάς
686 1356 937 1418 ἐναντίας
952 1360 1168 1425 φυγεῖν,
1195 1357 1289 1410 καὶ
1305 1357 1404 1427 τὴν
1422 1358 1635 1410 εύθεῖαν
1657 1359 1702 1391 ⁸⁸
1720 1354 1957 1412 ὁδεῦσαι·

371 1447 518 1500 οὕτω
540 1448 648 1520 γὰρ
668 1444 782 1502 οἷόν
809 1466 871 1502 τε
884 1449 1133 1518 γίνεσθαι
1156 1447 1264 1500 τῶν
1288 1447 1449 1502 θείων
1488 1447 1734 1519 φύλακας
1763 1448 1958 1518 λόγων.

451 1623 552 1694 ρ6’.
587 1642 606 1675 ι
653 1623 789 1677 Ἀπὸ
819 1623 929 1677 τῶν
957 1625 1242 1698 κριμάτων
1269 1642 1361 1677 σου
1415 1624 1516 1677 οὐκ
1566 1623 1836 1690 ἐξέκλινα,
1878 1625 1962 1679 ὅτι

377 1712 446 1766 σὺ
482 1710 884 1784 ὲνομοθέτησάς
917 1729 986 1783 με
1018 1713 1085 1767 ⁵⁸.
1128 1731 1146 1765 ι
1179 1713 1247 1766 Σὲ
1277 1711 1387 1784 γὰρ
1413 1711 1624 1766 τούτων
1654 1714 1960 1784 ἐπιστάμε-

372 1821 469 1868 νος
501 1804 824 1877 νομοθέτην,
854 1804 995 1877 μετά
1029 1805 1211 1876 πάσης
1234 1804 1375 1859 αὐτὰ
1404 1803 1699 1868 διαθέσεως
1719 1805 1963 1876 ἠσπαζό-
1992 1847 1997 1851 ς

377 1914 511 1971 μην.

454 1989 555 2058 ργί.
596 2010 617 2042 ι
675 1989 764 2054 Ὠς
790 1989 1000 2061 γλυκέα
1031 1989 1109 2062 τῷ
1138 1989 1374 2063 λάρυγγί
1420 2007 1523 2060 μου
1555 1990 1624 2042 τά
1652 1989 1811 2059 λόγιά
1845 2007 1963 2054 σου,

376 2083 519 2154 ὑπὲρ
542 2083 666 2153 μέλι
685 2082 765 2153 τῷ
787 2082 1019 2152 στόματί
1085 2100 1210 2153 μου.
1244 2101 1262 2133 ι
1294 2083 1369 2136 Ού
1398 2084 1506 2153 γάρ
1549 2082 1724 2145 οὕτως
1779 2081 1965 2151 ἡδύνει

379 2195 486 2249 μου
520 2178 621 2249 τὴν
654 2177 748 2231 τοῦ
784 2176 1055 2246 στόματος
1080 2176 1339 2246 αἴσθησιν
1361 2176 1394 2244 ἡ
1432 2175 1715 2246 γλυκύτης
1740 2173 1833 2229 τοῦ
1866 2174 1965 2244 μέ-

372 2269 546 2336 λιτος,
576 2268 654 2335 ὡς
695 2268 979 2338 εὐφραίνει
1040 2285 1141 2338 μου
1191 2268 1290 2337 τὴν
1320 2267 1497 2339 ψυχὴν
1536 2269 1569 2337 ἡ
1603 2266 1713 2319 τῶν
1745 2267 1854 2320 σῶν
1881 2266 1969 2320 λο-

374 2357 513 2425 γίων
533 2356 756 2427 μελέτη.
788 2356 893 2409 Τὸν
904 2358 1014 2426 γὰρ
1042 2356 1316 2424 λάρυγγα
1343 2355 1613 2419 τέθεικεν,
1637 2355 1713 2418 ὡς
1733 2354 1967 2427 ὄργανον

375 2446 511 2500 ὄντα
533 2447 741 2519 φωνῆς’
765 2446 855 2500 διά
882 2448 1068 2517 φωνῆς
1087 2446 1143 2499 δέ
1165 2448 1199 2516 ἡ
1223 2446 1442 2518 μελέτη.
1460 2447 1680 2510 Τούτοις
1697 2446 1756 2501 δὲ
1773 2446 1969 2519 ἡψυχὴ

378 2539 702 2609 κεχρημένη
733 2538 837 2610 τὴν
862 2539 1114 2592 ἐντεῦθεν
1144 2538 1417 2606 ὠφέλειαν
1451 2538 1779 2609 καρποῦται.

454 2631 550 2701 ρδν.
588 2649 608 2682 ι
660 2632 795 2685 Ἀπὸ
827 2631 936 2686 τῶν
978 2631 1211 2685 ἐντολῶν
1262 2649 1355 2685 σου
1406 2632 1651 2702 συνῆκα·
1680 2632 1769 2685 διὰ
1810 2631 1970 2687 τοῦτο

378 2722 620 2795 ἐμίσησα
641 2725 825 2778 πᾶσαν
852 2722 970 2776 ὁδὸν
992 2721 1230 2786 ἀδικίας.
1265 2743 1283 2775 ι
1321 2724 1511 2787 Συνεὶς
1534 2722 1646 2794 γὰρ
1675 2723 1821 2777 τίσιν
1841 2724 1971 2793 ἀρέ-

379 2828 493 2886 σκῃ
511 2813 579 2878 ’⁷,
610 2814 976 2883 ἀπεστράφην
1023 2813 1241 2870 ἅπαντα
1269 2814 1370 2884 τῆς
1402 2818 1600 2879 κακίας
1628 2813 1701 2867 τὰ
1723 2814 1860 2883 εἴδη.

456 2997 553 3064 ρεν.
597 3010 618 3042 ι
663 2991 870 3063 Λύχνος
899 2995 1013 3057 τοῖς
1041 2990 1168 3049 ποσί
1187 3010 1290 3066 μου
1345 2994 1375 3048 δ
1415 2993 1581 3066 νόμος
1636 3012 1728 3048 σου
1759 2995 1827 3060 ⁸⁸,
1876 2994 1971 3050 καὶ

379 3082 498 3152 φῶς
516 3083 640 3147 ταῖς
670 3082 878 3154 τρίϐοις
930 3100 1055 3154 μου.
1082 3102 1103 3135 ι
1154 3085 1229 3138 Οὐ
1280 3084 1390 3155 γὰρ
1423 3085 1481 3139 ἐν
1508 3085 1691 3138 σκότει
1746 3085 1968 3156 βαδίζω,

380 3169 620 3228 οἷόντινι
649 3172 831 3245 λύχνῳ
869 3172 947 3244 τῷ
998 3173 1075 3245 σῷ
1121 3176 1497 3244 φωτιζόμενος
1549 3175 1725 3247 νόμην
1756 3176 1969 3231 Είδέναι

386 3264 576 3335 μέντοι
597 3263 727 3334 χρὴ,
752 3263 828 3326 ὡς
852 3264 881 3316 ὁ
912 3263 1010 3334 μέν
1035 3262 1200 3334 νόμος
1230 3265 1462 3333 λύχνος
1489 3264 1832 3335 ὠνόμασται,
1858 3267 1887 3319 ὁ
1913 3266 1971 3318 δὲ.

381 3353 575 3425 Σωτὴρ
602 3354 698 3407 καὶ
725 3352 931 3425 Κύριος
960 3353 1117 3425 ἡμῶν
1144 3352 1541 3423 δικαιοσύνης
1562 3356 1755 3425 ἣλιος.
1782 3357 1840 3410 '0
1873 3357 1973 3427 μὲν

382 3445 498 3517 γὰρ
531 3442 621 3499 οἷα
651 3445 716 3516 δὴ
740 3444 936 3516 λύχνος
980 3446 1143 3516 μόγις
1198 3446 1256 3499 ἒν
1310 3447 1662 3519 κατηύγασεν
1706 3448 1859 3514 ἔθνος
1889 3451 1959 3509 θ’,

383 3540 414 3591 ὁ
443 3537 503 3591 δὲ
536 3539 718 3591 πᾶσαν
740 3537 841 3608 τὴν
867 3537 1200 3608 οἰκουμένην
1240 3537 1529 3607 ἐφώτισεν.
1559 3540 1718 3595 Οὕτω
1765 3543 1863 3596 καλ⁵
1883 3545 1976 3599 τδν

386 3632 680 3685 θεσπέσιον
718 3630 976 3701 Ἰωάννην
1008 3630 1206 3701 λύχνον
1246 3634 1692 3704 προσηγόρευσεν
1718 3636 1747 3688 ὁ
1774 3637 1978 3691 Δεσπό-

385 3743 489 3796 της
519 3724 779 3796 Χριστὸς,
802 3724 883 3778 ἐτι
916 3725 1111 3787 νυκτὸς
1139 3722 1308 3795 οὔσης
1337 3726 1673 3792 ἐπιφανέντα
1698 3730 1811 3791 τοῖς
1848 3729 1980 3782 Ἰου-

385 3814 582 3879 δαίοις.
610 3815 849 3869 Ἔπειτα
873 3816 890 3847 ί
921 3814 979 3869 δὲ
1004 3814 1067 3869 τὸ
1098 3813 1214 3885 φῶς
1267 3814 1330 3868 τὸ
1368 3816 1652 3886 ἀληθινὸν,
1681 3818 1709 3871 δ
1747 3817 1976 3887 φωτίζει

389 3910 570 3965 πάντα
584 3909 876 3982 ἄνθρωπον
900 3909 1203 3980 ἐρχόμενον
1227 3910 1307 3974 είς
1319 3909 1410 3963 τὸν
1432 3910 1660 3981 κόσμον,
1678 3911 1972 3967 ἀνέτειλεν.

392 4004 504 4059 Καὶ
545 4003 672 4065 τοὺς
722 4002 902 4073 ἱεροὺς
952 4000 1290 4063 ἀποστόλους
1338 3999 1468 4070 φῶς
1508 4003 1974 4072 προσηγόρευσεν,

392 4095 468 4156 ὡς
491 4093 702 4147 ἐκείνου
765 4092 859 4146 τοῦ
924 4092 1102 4160 φωτὸς
1159 4092 1579 4160 μετειληφότας,
1632 4095 1726 4145 καὶ
1769 4094 1978 4158 πάντας

393 4183 723 4253 ἀνθρώπους
750 4184 1094 4251 φωτίσαντας
1117 4182 1204 4236 διὰ
1239 4186 1258 4214 ²
1291 4187 1390 4254 τῆς
1420 4184 1601 4237 αὐτῶν
1626 4184 1869 4255 διδαχῆς.

468 4281 581 4346 pg’.
610 4294 629 4325 ι
671 4275 1018 4345 ”Ωμοσα,καλ⁸
1076 4274 1279 4343 ἐστησα
1305 4275 1325 4306 ³
1374 4274 1469 4328 τοῦ
1506 4275 1849 4343 φυλάξασθαι
1911 4276 1980 4331 τὰ

394 4369 642 4439 κρίματα
692 4368 794 4439 τῆς
842 4365 1192 4438 δικαιοσύνης
1237 4384 1355 4422 σου.
1397 4387 1415 4418 ι
1456 4368 1571 4437 Τὴν
1605 4368 1835 4438 βεϐαίαν
1880 4369 1980 4439 τῆς

393 4459 575 4532 ψυχῆς
593 4459 775 4529 κρίσιν
808 4459 972 4530 ὅρκον
995 4457 1305 4527 ὠνόμασεν,
1340 4460 1533 4534 ἐπειδὴ
1561 4462 1708 4532 ὅρκῳ
1732 4461 1979 4532 βεϐαιού-

395 4569 487 4608 ται.
513 4550 621 4605 τῶν
654 4549 1001 4621 πραγμάτων
1031 4552 1097 4602 τὰ
1120 4548 1373 4605 πλεῖστα.

469 4639 571 4714 ρξ’.
608 4661 627 4692 ι
676 4638 1082 4709 Ἐταπεινώθην
1105 4638 1210 4703 ἕως
1241 4639 1470 4710 σφόδρα,
1489 4642 1687 4714 Κύριε,
1723 4642 1888 4711 ζῆσόν
1915 4661 1983 4716 με

395 4732 542 4787 κατά
570 4733 663 4785 τὸν
692 4731 850 4798 λόγον
897 4747 1016 4784 σου.
1056 4750 1075 4784 ι
1116 4732 1228 4801 Οὐχ
1282 4731 1471 4796 ἁπλῶς
1503 4732 1610 4804 ἔφη
1647 4734 1983 4789 τεταπεινῶ-

1992 1870 2038 1926 Β

2065 625 2153 670 tos
2182 618 2363 672 adhuc
2399 619 2611 680 vivens,
2665 628 2718 674 et
2744 618 3042 687 juvenilem
3080 626 3295 671 aetatem
3337 631 3527 686 agens,
3560 629 3656 684 pa-

2068 709 2307 763 tientiam
2352 710 2651 776 adamavit,
2674 719 2728 765 et
2751 726 2854 765 nec
2895 711 3046 780 prior
3078 709 3243 765 alicui
3279 709 3542 778 injuriam
3580 709 3658 761 in-

2064 800 2209 856 ferre
2251 803 2445 866 voluit,
2480 819 2656 873 neque
2689 803 2895 874 injuria
2925 800 3225 857 allicientes
3264 801 3483 856 ulcisci.

2141 977 2303 1035 Vens.
2338 980 2462 1034 101.
2513 999 2532 1032 ι
2577 980 2657 1036 Ab
2689 980 2842 1035 omni
2871 980 2961 1035 via
3010 979 3151 1035 mala
3197 978 3451 1049 prohibui
3490 979 3657 1047 pedes

2063 1085 2237 1133 meos,
2273 1080 2331 1125 ιιι
2354 1072 2665 1126 custodiam
2696 1071 2857 1127 verba
2890 1080 3006 1126 tua.
3060 1088 3079 1122 ι
3114 1069 3301 1140 Neque
3344 1071 3493 1125 enim
3539 1068 3657 1123 ﬁeri

2065 1171 2250 1232 potest
2283 1173 2343 1218 ut
2368 1164 2563 1219 eodem
2605 1173 2850 1234 tempore
2897 1164 3036 1219 duas
3068 1172 3353 1218 teneamus
3401 1162 3534 1228 vias,
3569 1161 3656 1215 in-

2066 1257 2427 1313 continentiae
2461 1266 2519 1312 et
2553 1257 2947 1328 temperantia},
2978 1255 3208 1326 justitite
3238 1265 3290 1310 et
3322 1254 3605 1323 injustitiae
3638 1272 3653 1307 :

2065 1348 2160 1402 sed
2208 1356 2426 1417 oportet
2473 1348 2785 1403 contrarias
2838 1345 3046 1418 fugere,
3077 1355 3130 1400 et
3186 1343 3401 1416 1m
3451 1352 3654 1398 rectam

2066 1439 2355 1495 ambulare
2387 1458 2401 1496 :
2439 1455 2565 1495 nam
2605 1440 2713 1495 hoc
2744 1448 2905 1510 pacto
2945 1438 3059 1493 ﬁeri
3087 1440 3293 1507 poterit
3352 1444 3413 1492 ut
3444 1436 3659 1492 divino-

2063 1546 2185 1586 rum
2219 1542 2615 1603 praeceptorum
2646 1531 2911 1588 custodes
2944 1530 3144 1586 simus.

2139 1622 2304 1680 Vens.
2340 1624 2464 1679 102.
2505 1641 2523 1676 ι
2570 1624 2611 1678 Α
2640 1622 2868 1693 judiciis
2906 1623 3017 1678 tuis
3049 1638 3163 1677 non
3209 1619 3505 1684 declinavi,
3531 1619 3661 1688 quia

2064 1724 2122 1769 tu
2166 1715 2339 1785 legem
2372 1714 2608 1785 posuisti
2642 1712 2801 1767 mihi.
2839 1731 2859 1765 ι
2894 1710 3031 1767 Cum
3065 1712 3213 1767 enim
3247 1719 3299 1764 te
3349 1710 3543 1764 barum
3569 1723 3654 1761 re-

2066 1820 2189 1860 rum
2212 1804 2582 1876 legislatorem
2609 1803 2880 1871 noverim,
2911 1817 3038 1857 cum
3069 1802 3219 1857 omni
3251 1801 3433 1857 studio
3463 1814 3527 1854 ea
3545 1814 3662 1853 am-

2069 1898 2264 1968 plexus
2292 1914 2438 1955 sum.

2141 1988 2308 2045 Vens.
2338 1989 2463 2044 103.
2499 2008 2518 2041 ι
2551 1987 2728 2055 Quam
2761 1987 2942 2043 dulcia
2979 1985 3237 2041 faucibus
3279 1985 3417 2041 meis
3444 1983 3661 2053 eloquia

2070 2093 2184 2146 tua,
2222 2098 2335 2153 prae
2355 2082 2518 2137 melle
2552 2081 2637 2136 ori
2664 2096 2806 2135 meo.
2838 2099 2857 2133 ι
2895 2079 3016 2135 Νοιι
3042 2079 3188 2135 enim
3224 2077 3400 2133 mellis
3432 2075 3665 2131 dulcedo

2068 2172 2182 2227 oris
2216 2172 2318 2225 mei
2348 2185 2574 2227 sensum
2619 2179 2771 2225 tanta
2807 2170 3102 2225 dulcedine
3146 2166 3448 2238 perfundit,
3493 2181 3660 2234 quam

2070 2265 2299 2311 tuorum
2331 2258 2686 2315 oraculorum
2731 2257 3016 2312 meditatio
3056 2272 3233 2311 meam
3269 2256 3507 2311 laetiﬁcat
3537 2256 3660 2309 atti-

2069 2364 2239 2404 mam.
2289 2349 2487 2405 Gultur
2530 2351 2674 2406 enim
2727 2350 2932 2421 posuit,
2966 2357 3227 2419 tanquam
3266 2350 3416 2404 vocis
3456 2349 3661 2402 instru-

2070 2451 2322 2496 mentum
2355 2461 2368 2496 :
2400 2458 2496 2511 per
2526 2457 2715 2496 vocem
2764 2456 2895 2494 vero
2929 2441 3218 2495 meditatio
3262 2439 3339 2493 lit.
3394 2438 3490 2494 His
3531 2453 3663 2493 vero

2071 2520 2256 2588 anima
2302 2542 2481 2597 utens,
2513 2535 2641 2589 hinc
2667 2534 2958 2588 utilitatem
2989 2533 3239 2602 percipit.

2142 2624 2163 2644 θ
2200 2622 2366 2677 Vens.
2397 2623 2521 2677 10-1.
2548 2642 2567 2676 ι
2598 2623 2700 2677 Per
2729 2623 2988 2677 mandata
3022 2630 3114 2676 tua
3148 2622 3454 2693 intelligens
3486 2621 3663 2675 factus

2070 2729 2193 2770 sum
2224 2731 2239 2767 :
2267 2724 2553 2783 propterea
2634 2714 2780 2769 odivi
2823 2730 3041 2769 onmem
3084 2715 3227 2768 viam
3263 2714 3592 2783 iniquitatis.
3634 2731 3654 2764 ο

2070 2805 2386 2875 lntelligens
2425 2807 2571 2860 enim
2608 2821 2733 2877 quae
2778 2807 2875 2860 tibi
2918 2807 3171 2877 placent,
3206 2815 3494 2863 aversatus
3538 2821 3663 2861 sum

2072 2911 2268 2952 omnes
2299 2897 2605 2967 iniquitatis
2644 2899 2875 2967 species.

2148 2988 2318 3044 Vens.
2367 2989 2492 3045 105.
2536 3009 2555 3041 ι
2614 2988 2866 3045 Lucerna
2913 2990 3144 3061 pedibus
3175 2991 3312 3046 meis
3348 2991 3432 3045 lex
3468 3000 3583 3056 tua,
3612 2999 3668 3047 et

2072 3082 2255 3137 lumen
2280 3082 2491 3138 semitis
2522 3082 2679 3139 meis.
2716 3102 2733 3135 ι
2776 3082 2893 3138 Non
2928 3084 3075 3138 enim
3110 3085 3164 3139 in
3199 3084 3437 3139 tenebris
3465 3085 3665 3139 ambu-

2076 3176 2151 3241 lo,
2206 3176 2373 3231 veluti
2435 3175 2672 3247 quadam
2727 3176 2972 3240 lucerna,
3032 3176 3151 3247 lege
3192 3184 3282 3231 tua
3331 3176 3666 3233 illustratus.

2074 3268 2368 3325 Sciendum
2396 3278 2482 3325 est
2538 3270 2707 3340 legem
2735 3269 2955 3339 quidem
2995 3268 3272 3323 lucernam
3325 3284 3449 3326 esse
3485 3269 3666 3322 nomi-

2076 3368 2289 3424 natam,
2336 3358 2676 3415 Salvatorem
2716 3376 2848 3414 vero
2883 3369 2936 3416 et
2971 3359 3267 3413 Dominum
3304 3369 3557 3414 nostrum
3578 3358 3672 3428 ju-

2077 3454 2244 3508 stitiw
2268 3453 2451 3507 solem.
2479 3452 2614 3507 Nam
2637 3454 2727 3508 illa
2759 3453 3003 3524 quidem,
3032 3461 3093 3506 ut
3121 3453 3365 3518 lucerna,
3392 3452 3481 3505 vix
3504 3466 3671 3506 unum

2081 3543 2411 3599 illuminavit
2445 3553 2659 3615 genth
2694 3561 2707 3597 :
2742 3545 2831 3598 hic
2870 3559 3000 3599 vero
3045 3552 3224 3599 totum
3265 3552 3533 3597 terrarum
3576 3559 3671 3595 or-

2079 3633 2202 3689 bem
2254 3636 2564 3691 illustravit.
2616 3636 2706 3689 Sic
2761 3636 3015 3690 divinum
3078 3635 3346 3690 Joannem
3401 3634 3671 3689 Dominus

2078 3725 2335 3783 Christus
2376 3729 2657 3782 lucernam
2706 3727 2957 3793 vocavit,
3007 3744 3127 3797 qua:
3157 3744 3280 3783 cum
3342 3728 3521 3784 adhuc
3560 3744 3672 3782 nox

2078 3831 2224 3875 esset
2253 3819 2458 3874 Judzeis
2487 3821 2745 3889 apparuit
2776 3839 2788 3874 :
2826 3831 3013 3890 postea
3045 3835 3199 3878 vero.
3240 3821 3333 3874 lux
3366 3836 3515 3883 vera,
3541 3836 3670 3890 qure

2080 3909 2353 3964 illuminat
2380 3926 2597 3964 omnem
2624 3912 2905 3965 hominem
2934 3911 3244 3964 venientem
3266 3911 3318 3963 in
3343 3911 3487 3964 hunc
3512 3926 3672 3964 mun-

2079 4002 2233 4062 dum,
2265 4002 2447 4056 illuxit
2482 4016 2530 4054 ι.
2570 4001 2637 4054 Ει
2661 4018 2850 4057 saeros
2874 4001 3151 4072 apostolos
3178 4001 3349 4054 lucem
3379 4000 3540 4054 etiam
3571 4016 3672 4069 ap-

2082 4092 2318 4162 p-llavit,
2359 4102 2616 4160 tanquam
2651 4092 2795 4146 illius
2832 4091 3075 4146 luminis
3111 4091 3428 4161 participes,
3458 4099 3510 4146 et
3550 4105 3673 4143 om-

2081 4199 2181 4237 nes
2210 4182 2462 4235 homines
2490 4181 2741 4236 doctrina
2774 4198 2871 4237 sua
2904 4183 3264 4237 illustrantes.

2161 4274 2327 4328 Vens.
2378 4274 2501 4329 106.
2543 4293 2561 4325 ι
2625 4273 2829 4341 luravi,
2871 4284 2924 4329 et
2952 4276 3117 4330 statui
3155 4274 3368 4349 1465
3401 4276 3676 4330 custodire

2078 4369 2283 4439 judicia
2337 4369 2564 4437 justitiue
2611 4378 2738 4422 tum.
2791 4388 2809 4421 ι
2860 4368 3103 4424 Firmum
3164 4369 3363 4423 animae
3405 4369 3675 4440 judicium

2081 4462 2464 4532 jusjurandum
2510 4464 2751 4527 vocavit,
2818 4450 3082 4533 quoniam
3116 4478 3205 4519 res
3263 4472 3324 4518 ut
3375 4463 3676 4533 plurimum

2011 4549 2056 4604 D
2080 4555 2449 4626 jurejurando
2481 4555 2936 4611 corroborantur.

2164 4644 2326 4701 Vens.
2370 4645 2491 4699 107.
2543 4664 2561 4696 ι
2604 4643 2939 4701 llumiliatus
2964 4662 3086 4701 sum
3120 4661 3536 4718 usquequaque,
3568 4647 3683 4703 Do-

2090 4740 2264 4806 mine,
2296 4739 2507 4795 vivitic'a
2564 4754 2653 4793 mc
2677 4741 2978 4793 secundum
3022 4740 3246 4795 verbum
3283 4750 3460 4796 tuum.
3504 4760 3523 4794 ι
3560 4740 3677 4795 Non

397 4824 548 4888 σθαι,
582 4822 723 4877 ἀλλά
747 4822 955 4893 σφόδρα
978 4823 1419 4877 τεταπεινῶσθαι
1441 4841 1455 4855 ο
1483 4827 1576 4878 καὶ
1606 4826 1781 4881 ταῦτα
1824 4827 1969 4899 βασι-

2090 4833 2485 4904 simpliciterse
2521 4832 2872 4887 humiliatum
2904 4847 3027 4889 esse
3062 4833 3228 4901 dixit,
3263 4834 3356 4889 sed
3385 4834 3680 4888 vehemen-

394 4916 522 4979 λεὺς
548 4913 626 4968 ῶν
673 4916 771 4967 καὶ
818 4914 1132 4987 προφήτης,
1198 4915 1294 4969 καὶ
1323 4915 1422 4987 τὴν
1460 4915 1570 4973 ἀπὸ
1622 4919 1719 4990 τῆς
1775 4919 1969 4989 ἀρετῆς

2089 4934 2172 4980 ter
2204 4925 2576 4989 humiliatum,
2611 4924 2774 4994 idque
2807 4940 2932 4980 cum
2974 4940 3070 4979 rex
3105 4934 3255 4982 esset
3288 4936 3342 4981 et
3388 4929 3677 4996 propheta,

396 5006 716 5081 παρρησίαν
745 5005 907 5077 ἔχων,
941 5008 1037 5061 καὶ
1066 5006 1286 5079 πλούτῳ
1344 5008 1556 5079 κομῶν,
1589 5011 1688 5063 καὶ
1746 5010 1858 5064 τῶν
1890 5028 1969 5064 πο

2086 5023 2145 5071 et
2182 5016 2442 5072 ﬁduciam
2478 5030 2509 5069 a
2538 5015 2739 5070 virtute
2772 5015 3024 5081 haberet,
3076 5024 3133 5072 et
3165 5017 3374 5072 divitiis
3414 5017 3688 5077 afflueret,

396 5099 604 5171 λεμιων
673 5098 952 5170 κρατῶνδ.
991 5099 1133 5153 Ἀλλ’
1183 5097 1309 5153 οὔτε
1360 5102 1426 5171 τῇ
1488 5101 1675 5169 σοφίᾳ,
1736 5100 1860 5155 οὔτε
1917 5105 1969 5174 τῇ

2089 5114 2144 5163 et
2175 5109 2364 5164 hostes
2397 5106 2660 5163 vinceret.
2687 5108 2792 5163 Sed
2837 5123 2941 5163 nec
2990 5108 3293 5179 sapientiae,
3333 5125 3434 5163 nec
3462 5108 3683 5162 fortitu-

397 5191 647 5263 ἀνδρείᾳ,
722 5190 850 5244 οὔτε
895 5192 965 5263 τῇ
1016 5190 1335 5263 δικαιοσύνῃ
1381 5190 1659 5264 θαρρῆσαι
1725 5193 1969 5264 ὴνέσχετι

2090 5199 2231 5266 dini,
2286 5216 2389 5257 nec
2433 5200 2667 5271 justitiaa
2707 5199 2873 5256 ﬁdere
2928 5201 3098 5255 voluit
3142 5216 3429 5271 unquam:
3461 5208 3519 5255 et
3566 5200 3684 5255 hac

400 5284 668 5338 πώποτε’
714 5284 819 5354 τῆς
866 5283 923 5337 δὲ
975 5282 1128 5347 θείας
1156 5282 1335 5338 ταῦτα
1377 5283 1602 5355 χάριτος
1632 5284 1969 5357 ὑπελάμϐανε

2090 5291 2293 5348 divinae
2334 5294 2527 5365 gratia:
2573 5294 2717 5348 dona
2766 5308 2888 5349 esse
2916 5294 3276 5366 Opinabatur.
3314 5292 3386 5370 Et
3414 5294 3580 5348 vitam
3612 5294 3683 5348 ab

476 5416 505 5445 ι
534 5401 695 5458 Joan.
727 5418 769 5466 ι,
796 5400 914 5458 5-8.

1499 5514 1732 5573 νΑιιιΑε
1775 5516 2165 5578 LECTIONES
2203 5523 2292 5578 ET
2321 5523 2560 5582 NOTAE.

473 5636 521 5714 τι
559 5635 726 5714 cod?!
761 5633 960 5714 θείαν..
1011 5634 1060 5714 f‘
1096 5631 1371 5714 ςΕγομοθ.
1395 5649 1490 5714 με.
1519 5632 1706 5714 {lem-1:
1738 5635 1969 5692 Docuisti

2072 5654 2112 5714 ε.
2154 5639 2200 5671 ⁸⁷
2223 5639 2521 5714 ξᾼρέο-κῃ.
2542 5641 2696 5697 Hanc
2723 5643 3008 5714 lectionem
3032 5645 3199 5699 codex
3228 5645 3249 5698 1
3294 5645 3684 5714 suppeditavit.

405 5706 565 5784 Prin;
593 5707 761 5760 editio
787 5703 1039 5784 _babebat
1057 5704 1334 5784 ’ἀρέσκεις
1410 5704 1476 5784 ’δέ
1509 5706 1582 5784 ΔὈ
1608 5707 1793 5784 θεόμορ’
1814 5723 1949 5784 οόιξἶ

2076 5710 2193 5784 ωδε
2223 5703 2390 5784 Verba
2430 5703 2544 5766 tua.
2622 5715 2666 5784 ἑξ
2707 5713 2970 5784 Κατηίύγ.
3004 5716 3200 5781 ἔθνος.
3237 5703 3452 5771 Βεείίη
3470 5716 3594 5769 cod.
3634 5726 3679 5771 I.

411 5778 434 5859 ξ
474 5778 745 5859 Ἔπειτα.
888 5773 1134 5859 screto-i1“
1171 5776 1199 5859 _'
1234 5773 1409 5827 Διὰσ-
1437 5773 1710 5858 διδαχῆς.
1747 5778 1853 5835 Des
1916 5780 1968 5834 ib

2129 5780 2149 5812 ³
2190 5781 2294 5836 Καὶ
2325 5781 2583 5851 ἕστησα.
2625 5782 2812 5839 llcbr.:
2852 5773 2934 5839 Εἰ
2972 5773 3300 5855 conﬁrmabo
3329 5802 3377 5843 ε.
3411 5784 3683 5855 pt'mstabo

413 5844 588 5919 (quod
614 5845 844 5916 juravi).
962 5845 987 5877 ⁸
1014 5845 1136 5900 cod.
1165 5844 1187 5899 1
1223 5844 1609 5915 κατακρατῶν.
