4128 6420
482 406 503 474 i
516 412 618 477 8.55

1474 411 1965 476 THEODORETI
1999 410 2340 472 EPISCOPI
2379 411 2748 473 CYRENSIS

3605 417 3746 482 1856

475 543 543 582 eo
587 527 682 596 qui
715 542 834 582 eam
869 528 998 581 dare
1053 535 1230 595 potest
1282 525 1607 596 elliagitans,
1654 542 1762 581 non
1805 526 2049 582 absolute

2161 524 2331 594 δῶρα.
2367 526 2474 579 Καὶ
2506 525 2651 596 ζωὴν
2689 526 2747 580 δὲ
2796 525 2966 580 αἰτῶν
3020 525 3248 582 δοῦναι⁶
3281 528 3604 602 δυνάμενον,
3640 537 3742 587 οἰκ

477 623 630 689 petit,
657 622 749 674 sed
783 621 1010 674 rationis
1033 629 1360 690 compotem,
1390 631 1443 674 ct
1468 621 1568 692 legi
1605 630 2051 686 consentancam,

476 723 530 765 et
561 729 588 765 ιι
618 713 802 768 divina
847 716 960 782 lege
995 716 1348 770 illustratum.

550 806 712 861 Vens.
755 809 871 862 108.
910 829 929 860 ι
970 809 1284 864 Voluntaria
1309 811 1422 866 oris
1449 811 1552 865 mei
1571 821 1796 880 accepta
1827 811 2050 874 habeas,

479 897 725 961 Domine,
763 910 814 953 et
844 902 1049 968 judicia
1079 911 1169 954 tua
1201 903 1334 956 doce
1369 918 1472 956 me.
1539 922 1556 954 ι
1591 901 1798 956 Divina:
1833 903 2052 972 quidem

477 992 622 1060 leges
660 992 891 1060 plurima
942 994 1161 1048 virtutis
1209 993 1382 1047 oiiicia
1422 993 1636 1064 jubent,
1695 994 1876 1064 aliqua
1924 1009 2054 1048 vero

477 1083 730 1135 voluntas
770 1084 1037 1152 adjungit.
1095 1083 1186 1137 Sic
1225 1085 1390 1138 etiam
1423 1100 1488 1138 ex
1541 1085 1827 1140 sacriﬁciis
1871 1082 2053 1153 aliqua

477 1191 540 1228 ex
572 1175 706 1243 legis
740 1176 1080 1244 prmscripto,
1122 1177 1226 1230 alia
1263 1193 1390 1231 vero
1421 1193 1450 1230 a
1487 1178 1766 1230 voluntate
1823 1175 2040 1244 prolici-

472 1269 794 1323 scebantur.
824 1269 957 1323 Nam
1003 1270 1151 1324 illius
1195 1270 1416 1338 quidem
1466 1269 1680 1337 generis
1718 1278 1874 1322 erant
1933 1285 2055 1339 qua:

472 1373 572 1428 pro
606 1371 830 1428 peccato
856 1372 909 1415 et
943 1361 1164 1424 delicto,
1198 1371 1249 1415 et
1282 1377 1380 1430 pro
1406 1361 1808 1425 involuutariis,
1840 1361 1922 1414 lex
1969 1360 2052 1414 of-

475 1451 622 1505 ferre
674 1455 952 1522 prtecepit,
1009 1470 1131 1524 quae
1161 1464 1216 1508 et
1269 1454 1440 1507 veluti
1492 1454 1762 1523 quoidam
1810 1453 2049 1507 debitum

474 1547 902 1599 exsolve-bantur
942 1547 1092 1601 Deo:
1123 1563 1242 1616 qua:
1287 1562 1418 1600 vero
1467 1562 1529 1599 ex
1577 1547 1772 1600 mentis
1811 1546 2054 1600 liberali-

476 1650 586 1694 tate
634 1639 1036 1699 oll'crebautur,
1097 1655 1323 1693 munera
1372 1640 1681 1708 appellavit.
1740 1638 1831 1693 Sic
1889 1639 2050 1692 etiam

480 1746 629 1784 nunc
685 1731 1100 1800 temperantiam
1151 1740 1204 1784 et
1247 1731 1515 1795 justitiam
1571 1729 1870 1799 evangelici
1933 1745 2052 1784 ser-

2157 616 2428 686 ὰορίστως
2453 618 2616 683 αξτεῖ,
2647 617 2784 671 ἀλλά
2817 617 2917 689 τὴν
2942 619 3188 691 λογικὴν,
3229 621 3326 694 τὴν
3361 625 3609 696 ἔννομον,
3639 627 3742 698 τὴν

2156 707 2234 779 τῷ
2265 709 2395 780 θείῳ
2431 709 2582 781 νόμῳ
2618 711 3106 783 λαμπρυνομένην.

2229 801 2334 874 ρη’.
2379 822 2398 855 ι
2447 804 2528 856 Τὰ
2568 803 2791 857 ἑκούσια
2828 803 2923 856 τοῦ
2959 807 3228 876 στόματός
3285 825 3390 877 μου
3443 810 3742 884 εύδόκησον

2156 898 2242 963 δὴ,
2275 897 2470 968 Κύριε,
2501 899 2596 951 καὶ
2627 899 2693 952 τὰ
2727 889 2974 970 κρίματά
3028 914 3122 952 σου
3157 901 3370 967 δίδαξὸν
3417 923 3508 974 με.
3555 926 3576 959 ›
3617 909 3740 963 Τῶν

2156 985 2258 1054 τῆς
2283 985 2484 1054 ἀρετῆς
2507 987 2954 1057 κατορθωμάτων
2985 988 3056 1042 τὰ
3095 989 3330 1046 πλεῖστα
3363 995 3462 1063 μὲν
3499 998 3547 1049 οι
3599 997 3738 1052 θεῖοι

2162 1076 2318 1146 νόμοι
2341 1075 2757 1148 διαγορεύουσιν
2783 1097 2798 1110 ·
2828 1078 2946 1134 ἔνια
2979 1080 3035 1134 δὲ
3076 1083 3172 1134 καὶ
3203 1087 3236 1153 ἡ
3274 1083 3469 1158 γνώμη
3510 1089 3738 1156 προστί-

2158 1167 2334 1238 θησιν.
2363 1167 2520 1221 Οὕτω
2546 1169 2778 1222 καὶτῶν
2815 1171 3016 1224 θυσιῶν
3051 1173 3120 1226 τά
3165 1173 3266 1244 μὲν
3297 1176 3520 1244 νομικά.
3563 1177 3634 1232 τά
3681 1179 3741 1234 δὲ

2156 1261 2436 1330 γνωμικά.
2471 1261 2551 1314 Τὰ
2581 1262 2678 1330 μὲν
2710 1265 2818 1333 γὰρ
2845 1266 2972 1334 περὶ
3004 1267 3299 1335 ἁμαρτίας,
3337 1269 3434 1321 καὶ
3477 1271 3739 1342 πλημμε-

2155 1352 2323 1419 λείας,
2355 1354 2450 1405 καὶ
2471 1355 2598 1423 περὶ
2621 1355 2866 1423 ἀγνοίας,
2896 1359 2924 1410 ὁ
2945 1359 3116 1427 νόμος
3151 1359 3489 1430 προσφέρειν
3518 1363 3741 1417 ἐκέλευ-

2159 1465 2269 1514 σεν,
2295 1450 2389 1502 καὶ
2418 1449 2592 1502 ταῦτα
2625 1445 2738 1502 οἷόν
2765 1467 2813 1502 τι
2845 1450 3006 1521 χρέος
3034 1452 3318 1506 ἀπεδίδοτο
3366 1454 3444 1525 τῷ
3481 1455 3619 1526 Θεῷ.
3655 1457 3740 1511 Τά

2155 1541 2211 1594 δὲ
2234 1543 2300 1612 τῇ
2351 1542 2633 1614 φιλοτιμίᾳ
2676 1542 2778 1612 τῆς
2831 1543 3058 1615 γνώμης
3105 1547 3551 1618 προσφερόμενα,
3586 1548 3740 1620 δῶρα

2156 1633 2616 1704 προσηγόρευσεν.
2661 1635 2816 1689 Οὕτω
2867 1637 2960 1690 καὶ
3013 1637 3110 1691 νῦν
3145 1638 3245 1710 τὴν
3308 1640 3407 1710 μὲν
3445 1641 3740 1712 σωφροσύ-

2156 1744 2275 1796 νην,
2322 1728 2416 1780 atati.
2467 1727 2564 1798 τὴν
2612 1728 2985 1799 δικαιοσύνην,
3037 1733 3087 1784 ot
3150 1732 3498 1802 εὐαγγελικοὶ
3553 1737 3740 1806 διαγο-

478 1836 668 1874 moues
696 1821 711 1840 ⁵
760 1822 1121 1890 praecipiunt;
1168 1820 1450 1888 virginitas
1499 1835 1648 1878 vero,
1681 1829 1735 1873 et
1804 1827 1926 1889 post
1961 1835 2049 1873 nu-

2162 1821 2376 1891 ρεύουσι
2404 1820 2552 1888 λόγοι
2573 1836 2589 1852 ο
2622 1823 2892 1888 παρθενία
2921 1823 2996 1888 δὲ,
3027 1823 3121 1878 καὶ
3154 1826 3290 1895 μετὰ
3321 1826 3500 1897 γάμον
3535 1829 3740 1900 ἐγκρά-

478 1915 624 1984 ptias
647 1913 1010 1976 continentia,
1041 1923 1094 1966 et
1123 1921 1433 1982 paupertas,
1471 1922 1524 1966 ct
1554 1912 1795 1966 solitaria
1829 1911 1956 1978 vita,
1997 1919 2049 1966 et

477 2011 530 2062 in
586 2006 807 2061 deserto
857 2005 1240 2066 commoratio,
1293 2006 1496 2058 n‘reutis
1541 2022 1701 2073 opera
1753 2017 1896 2068 sunt,
1930 2019 2052 2074 quae

474 2103 646 2171 legem
691 2100 1107 2154 transeundum.
1134 2097 1286 2150 Talia
1316 2098 1477 2168 igitur
1498 2097 1768 2166 Propheta
1803 2097 2050 2151 volunta—

474 2196 558 2247 ria
615 2193 974 2261 nuncupavit.
1007 2191 1140 2257 Quae
1184 2190 1328 2244 enim
1387 2190 1522 2260 legis
1571 2191 1880 2244 necessitati
1941 2205 2048 2244 nou

475 2285 868 2353 subjiciuntur.
913 2283 1007 2338 sed
1043 2284 1145 2351 pia:
1169 2290 1224 2335 et
1252 2281 1521 2350 religiosa:
1553 2283 1750 2336 mentis
1772 2291 1898 2336 sunt
1932 2280 2052 2335 l'ru~

473 2387 618 2440 ctus,
663 2375 878 2448 1466
905 2375 1025 2444 iure
1066 2373 1375 2428 voluntaria
1408 2383 1696 2429 vocantur.

542 2467 709 2524 Vens.
751 2469 876 2521 109.
922 2485 942 2518 ι
983 2465 1176 2520 Anima
1229 2482 1345 2520 mea
1397 2466 1448 2520 iu
1483 2469 1737 2524 manibus
1769 2467 1874 2523 tuis
1907 2486 2052 2527 sem-

470 2579 590 2632 per,
619 2572 672 2616 et
705 2560 844 2631 legis
877 2569 984 2614 tuae
1025 2575 1132 2612 nou
1179 2574 1300 2614 sum
1354 2561 1578 2616 oblitus.
1619 2579 1638 2612 ι
1690 2561 1734 2614 Α
1763 2572 1852 2617 tua
1901 2565 2047 2619 enim

482 2653 824 2726 providentia
857 2651 1186 2717 custoditus,
1242 2661 1457 2706 tuarum
1510 2655 1686 2724 legum
1718 2655 2048 2710 oblivionem

467 2759 661 2830 abjeci.

539 2849 708 2906 Vens.
745 2850 860 2906 110.
903 2868 922 2900 ‹
962 2850 1270 2904 Posuerunt
1310 2855 1624 2918 peccatores
1653 2846 1907 2914 laqueum
1947 2843 2050 2897 mi-

471 2943 546 3006 ni,
579 2951 631 2996 et
663 2957 691 2994 a
736 2942 1012 2996 mandatis
1045 2940 1154 2995 tuis
1192 2956 1301 2994 non
1347 2939 1615 2993 aberravi.
1651 2958 1668 2989 ι
1707 2937 1904 2991 Multas
1960 2952 2052 2989 va-

471 3033 692 3102 riasmte
721 3043 774 3086 et
807 3033 1055 3087 homines
1086 3042 1138 3085 et
1171 3031 1446 3084 daemones
1489 3028 1714 3084 insidias
1750 3037 1938 3081 contra
1965 3039 2050 3080 me

467 3133 686 3179 struunt
715 3143 728 3178 :
755 3141 854 3195 ego
895 3141 1023 3178 vero
1071 3134 1289 3178 tuorum
1329 3123 1711 3177 mandatorum
1763 3120 1865 3175 iter
1901 3119 2046 3174 haud

468 3214 632 3269 fallax
673 3214 887 3268 decrevi
937 3215 1245 3268 instituere.

539 3303 708 3360 Vens.
743 3306 865 3358 111.
902 3324 919 3355 ι
959 3305 1285 3359 Haereditate
1319 3303 1582 3372 acquisivi
1616 3301 1930 3357 testimonia
1957 3309 2047 3354 tua

469 3399 526 3451 in
577 3405 880 3459 aeternum,
927 3395 1056 3465 quia
1093 3395 1387 3448 exsultatio
1436 3395 1618 3448 cordis
1667 3394 1967 3448 meisuut.
2023 3412 2042 3443 ι

469 3487 856 3544 Haereditatem
889 3488 1282 3556 sempiternam
1316 3493 1369 3538 et
1405 3494 1574 3539 tutam
1616 3495 1706 3539 tua
1741 3484 2048 3539 testimonia

469 3597 592 3638 esse
622 3583 872 3647 credens,
920 3583 989 3636 ob
1039 3580 1234 3634 horum
1286 3579 1688 3650 possessionem
1739 3579 1954 3634 exsulto
1999 3589 2050 3632 et

470 3677 642 3732 laetor.

541 3769 704 3825 Vens.
731 3769 854 3825 ηε.
883 3790 901 3824 ι
920 3771 1179 3826 inclinavi
1198 3785 1294 3824 cor
1315 3785 1494 3824 meum
1516 3769 1580 3824 ad
1601 3767 2053 3836 facieudasjusti-

473 3862 754 3917 ﬁcationes
785 3873 907 3919 tuas
933 3863 986 3918 in
1020 3873 1280 3918 teternum
1319 3871 1542 3931 propter
1574 3859 2044 3916 retributionem.»

469 3952 714 4010 Trutiua:
739 3955 916 4010 simile
945 3965 1031 4010 est
1048 3955 1244 4010 anima:
1261 3953 1572 4018 consilium,
1593 3968 1746 4007 mens
1765 3968 1912 4014 vero,
1930 3968 2048 4018 qua:

469 4045 629 4100 ducis
660 4046 780 4100 vice
808 4047 1074 4118 fungitur,
1118 4046 1380 4100 trutinam
1411 4053 1576 4100 tenet.
1633 4045 1689 4098 Si
1753 4045 1916 4110 igitur
1947 4044 2050 4112 piis

469 4137 898 4206 cogitationibus
920 4154 979 4193 se
1003 4138 1346 4208 applicuerit,
1375 4153 1598 4192 necesse
1618 4147 1701 4192 est
1729 4137 1796 4190 ad
1826 4136 2048 4189 meliora

471 4228 654 4284 lances
705 4245 952 4300 vergere.
1019 4230 1131 4288 Hoc
1153 4247 1212 4286 se
1269 4229 1468 4284 fecisse
1525 4231 1659 4284 dicit
1713 4228 1982 4298 Pmpheta
2031 4245 2045 4281 :

474 4336 494 4370 ε
535 4317 796 4374 lnclinavi
845 4337 942 4374 cor
973 4336 1153 4375 meum
1201 4321 1268 4375 ad
1324 4321 1600 4376 faciendas
1631 4319 2050 4388 juStilieatioues

467 4418 589 4466 tuas
621 4411 674 4465 in
725 4420 1014 4477 aeternum,
1043 4421 1262 4482 propter
1304 4414 1743 4468 retributionem.
1774 4429 1792 4461 ι
1835 4409 2048 4464 Etenim

2158 1930 2300 1977 τεια,
2327 1917 2418 1968 καὶ
2449 1914 2825 1986 ἀκτήμοσύνη,
2853 1915 2948 1969 καὶ
3015 1917 3260 1988 μονήρης
3289 1917 3424 1987 βίος,
3449 1921 3546 1974 καὶ
3589 1922 3623 1990 ή
3675 1923 3738 1974 ἐν

2153 2010 2384 2079 ἐρήμοις
2417 2008 2685 2079 διαγωγὴ.
2741 2009 2840 2078 τῆς
2877 2007 3104 2079 γνώμης
3157 2009 3316 2082 ἔργα,
3373 2011 3468 2064 τοῦ
3519 2013 3736 2082 νόμου⁶

2157 2099 2578 2170 ὑπερπηδῶντα.
2611 2100 2692 2153 Τά
2720 2100 2948 2154 τοιαῦτα
2973 2101 3153 2154 τοίνυν
3171 2101 3198 2153 ό
3237 2102 3539 2174 Προφήτης
3555 2103 3734 2159 ἑκού-

2154 2207 2260 2248 σια
2292 2192 2752 2262 προσηγόρευσεν.
2807 2192 2873 2244 Ἀ
2912 2191 3021 2261 γὰρ
3074 2191 3172 2262 οὐχ
3215 2192 3505 2246 ὑπόκειται
3549 2194 3737 2265 νόμων

2155 2285 2390 2358 ἀνάγκῃ,
2451 2283 2586 2336 ἀλλὰ
2631 2283 2877 2352 φιλοθέου
2922 2283 3150 2355 γνώμης
3201 2285 3439 2356 ὑπάρχει
3495 2286 3732 2357 καρπὸς,

2155 2377 2382 2440 εἰκότως
2415 2374 2640 2429 ἑκούσια
2673 2376 3133 2446 προσηγόρευται.

2229 2469 2330 2540 ρθ’.
2359 2487 2379 2520 ε
2426 2470 2490 2522 Ἦ
2510 2468 2654 2538 ψυχή
2691 2485 2792 2538 μου
2831 2469 2889 2520 ὲν
2915 2471 3035 2532 ταῖς
3072 2469 3231 2542 χερσί
3260 2486 3354 2524 σου
3384 2469 3474 2523 διὰ
3506 2469 3734 2539 παντὸς,

2154 2565 2249 2618 καὶ
2271 2563 2364 2616 τοῦ
2395 2563 2563 2632 νόμου
2601 2579 2692 2614 σου
2711 2562 2812 2614 οὐκ
2838 2562 3207 2633 ἐπελαθόμην.
3252 2580 3270 2613 ι
3322 2561 3460 2615 Ὑπὸ
3492 2562 3591 2632 τῆς
3629 2564 3735 2632 σῆς

2151 2653 2260 2724 γὰρ
2308 2654 2564 2724 προνοίας
2620 2651 3048 2722 φρουρούμενος,
3093 2650 3194 2718 τήν
3241 2648 3414 2720 λήθην
3463 2647 3574 2702 τῶν
3621 2647 3730 2700 σῶν

2151 2744 2390 2815 ὲξώρισα
2413 2744 2612 2811 νόμων.

2223 2844 2311 2908 ρι’.
2350 2857 2369 2889 ι
2403 2837 2630 2890 Ἕθεντο
2660 2833 2979 2906 ἁμαρτωλοὶ
3012 2833 3216 2900 παγίδα
3248 2851 3364 2904 μοι,
3391 2833 3485 2888 καὶ
3519 2835 3582 2888 ἐκ
3613 2832 3732 2890 τῶν

2145 2929 2378 2986 ἐντολῶν
2408 2948 2502 2983 σου
2534 2930 2635 2982 οὐκ
2670 2927 3000 2998 ἐπλανήθην.
3052 2945 3069 2976 ι
3117 2925 3327 2990 Πολλὰς
3376 2926 3473 2979 καὶ
3523 2942 3727 2982 παντφ

2148 3025 2324 3085 Bait-it;
2375 3022 2468 3076 καὶ
2525 3021 2803 3091 ἄνθρωποι
2850 3020 2944 3072 καὶ
2979 3018 3234 3088 δαίμονες
3289 3017 3588 3082 ἐπιϐουλάς
3635 3036 3730 3088 μοι

2149 3114 2466 3188 τορεύουσιν
2493 3129 2506 3142 ·
2560 3111 2670 3180 ἐγὼ
2713 3112 2770 3165 δὲ
2803 3111 2902 3182 τὴν
2934 3111 3147 3183 ἀπλανῆ
3185 3109 3296 3164 τῶν
3333 3109 3441 3163 σῶν
3495 3108 3732 3164 ἐντολῶν

2072 3197 2117 3254 C
2149 3206 2378 3278 πορείαν
2405 3204 2736 3276 προειλόμην
2769 3203 2997 3258 ὁδεύειν.

2221 3305 2344 3372 ρια’.
2380 3317 2398 3350 ι
2443 3297 2892 3367 Ἐκληρονόμησα
2936 3296 3004 3349 τὰ
3054 3293 3332 3366 μαρτύριά
3367 3311 3462 3347 σου
3514 3293 3593 3356 εἰς
3633 3291 3738 3348 τόν

2149 3393 2342 3457 αἰῶνα,
2399 3391 2482 3444 ὅτι
2528 3389 2842 3458 ἀγαλλίαμα
2912 3387 3012 3457 τῆς
3067 3385 3297 3458 καρδίας
3351 3384 3453 3456 μού
3507 3387 3670 3439 εἰσιν.
3705 3403 3726 3432 ι

2151 3483 2369 3553 Κλῆρον
2427 3481 2646 3536 αἰώνιόν
2695 3499 2754 3534 τε
2805 3481 2896 3534 mi.
2945 3479 3146 3533 ἄσυλον
3183 3477 3254 3532 τά
3303 3477 3583 3548 μαρτύριά
3635 3492 3732 3529 σου

2150 3573 2289 3630 εἶναι
2323 3573 2616 3638 πιστεύων,
2650 3573 2743 3626 ἐπὶ
2764 3576 2830 3644 τῇ
2867 3574 3060 3644 κτήσει
3083 3570 3290 3625 τούτων
3320 3567 3632 3640 ἀγάλλομαί
3671 3585 3733 3622 τε

2151 3668 2246 3721 καὶ
2274 3665 2661 3738 εύφραίνομαι.

2223 3759 2349 3830 pt6'.
2401 3776 2419 3809 ι
2463 3757 2691 3810 Ἔκλινα
2724 3753 2822 3826 τὴν
2861 3753 3088 3823 καρδίαν
3121 3769 3224 3822 μου
3273 3749 3368 3804 τοῦ
3412 3749 3638 3820 ποιῆσαι
3663 3750 3738 3802 τὰ

2151 3849 2497 3920 δικαιώματά
2525 3867 2617 3902 σου
2665 3851 2744 3912 είς
2793 3848 2882 3900 τὸν
2921 3846 3116 3910 αἰῶνα,
3167 3844 3236 3898 δι’
3264 3843 3595 3914 ἀντάμειψιν
3615 3842 3660 3896 ⁷.
3709 3859 3730 3894 ι

2151 3944 2404 4013 Τρυτάνῃ
2419 3941 2440 3972 ⁸
2467 3941 2611 3992 ἔοικε
2637 3940 2700 3992 τὺ
2721 3939 2818 4008 τῆς
2839 3937 3021 4009 ψυχῆς
3050 3935 3439 4007 βουλευτήριον
3457 3951 3470 3966 ⁶
3511 3934 3736 4004 κατέχει

2149 4035 2206 4086 δὲ
2236 4033 2330 4104 τὴν
2363 4031 2664 4102 τρυτάνην⁹
2697 4031 2866 4093 όνοῦς
3039 4029 3294 4100 μονεύειν
3344 4027 3546 4098 λαχών.
3600 4028 3736 4081 Ἐάν

2151 4123 2330 4178 τοίνυν
2359 4125 2471 4185 τοῖς
2513 4121 2767 4174 εὐσεϐέσι
2811 4121 3118 4192 προσθῆται
3155 4119 3470 4189 λογισμοῖς,
3517 4118 3732 4189 ἀνάγκη

2151 4214 2352 4268 κλίνειν
2389 4214 2481 4266 ἐπὶ
2502 4213 2570 4266 τὰ
2601 4212 2810 4283 ἀμείνω
2835 4211 2905 4264 τά
2947 4209 3106 4280 ζυγά.
3149 4210 3323 4264 Τοῦτο
3357 4207 3676 4280 δεδρακέναι
3705 4209 3736 4261 ὁ

2151 4306 2446 4376 Προφήτης
2477 4303 2639 4375 φησίν
2665 4319 2677 4332 ο
2724 4322 2742 4354 ι
2797 4302 3026 4356 Ἐκλινα
3065 4301 3164 4372 τὴν
3200 4301 3426 4372 καρδίαν
3471 4317 3596 4372 μου,
3634 4299 3733 4353 τοῦ

2153 4397 2375 4466 ποιῆσαι
2405 4395 2473 4450 τὰ
2507 4392 2856 4464 δικαιώματά
2887 4411 2982 4447 σου
3017 4395 3096 4453 εἰς
3129 4392 3220 4447 τὸν
3251 4392 3444 4453 αἰῶνα,
3499 4391 3566 4444 δι’
3605 4394 3735 4442 άντ-

467 4503 682 4558 lucrum
739 4503 885 4574 quod
929 4505 1058 4558 hinc
1084 4505 1288 4574 percipi
1319 4505 1478 4570 solet,
1505 4521 1629 4559 cum
1661 4503 1920 4568 viderem,
1961 4517 2048 4554 v0-

2153 4490 2398 4560 ἀμειψιν.
2437 4509 2455 4540 ι
2485 4487 2560 4540 Τὸ
2585 4486 2694 4556 γὰρ
2725 4486 2790 4539 ὲκ
2833 4483 3040 4538 τούτων
3085 4483 3354 4554 φυόμενον
3394 4481 3734 4552 θεασάμενος

467 4589 584 4644 lens
622 4590 904 4660 libensque
935 4608 1032 4659 pro
1065 4593 1149 4648 bis
1187 4594 1416 4648 sudores
1446 4592 1686 4661 suscepi.
1723 4590 1790 4645 Et
1846 4592 2049 4645 docens

2153 4579 2366 4648 κέρδος,
2397 4577 2684 4638 ἀσπασίως
2721 4574 2848 4636 τοὺς
2892 4573 3030 4644 ὑπὲρ
3078 4572 3285 4626 τούτων
3327 4568 3669 4639 ἀνεδεξάμην
3687 4567 3734 4600 ¹⁹

465 4680 749 4750 quomodo
782 4697 872 4736 res
902 4683 1117 4739 divinas
1146 4685 1394 4754 elegerit,
1433 4681 1716 4754 subjunxit
1749 4701 1763 4737 :

540 4853 711 4910 Vsus.
753 4854 876 4911 115.
937 4875 956 4908 ι
1003 4860 1221 4928 iniquos
1271 4860 1398 4914 odio
1451 4861 1654 4925 babui,
1703 4861 1871 4932 legem
1925 4880 2054 4919 vero

469 4957 616 5002 tuam
649 4947 842 5004 dilexi.
890 4969 909 5002 ι
949 4950 1326 5021 Cogitationes
1350 4955 1494 5008 enim
1528 4957 1594 5009 ad
1620 4954 2046 5028 delinquendum

468 5038 799 5112 instigantes
825 5042 1114 5113 abjiciens,
1145 5053 1293 5098 tuam
1323 5044 1493 5118 legem
1526 5049 1760 5119 praetuli.

543 5215 713 5273 Vitas.
749 5216 874 5273 114.
913 5235 932 5269 ι
970 5217 1201 5288 Adjutor
1231 5234 1410 5288 meus,
1465 5231 1517 5278 et
1561 5234 1848 5294 susceptor
1887 5237 2044 5280 meus

2153 4667 2405 4742 ἱδρῶτας.
2443 4666 2552 4720 Καὶ
2589 4664 2856 4718 διδάσκων
2890 4661 3100 4726 ὄπως¹¹
3140 4661 3210 4714 τά
3261 4659 3384 4713 θεῖα
3421 4657 3731 4730 προείλετο,

2149 4760 2420 4831 ἐπήγαγεο

2221 4857 2349 4923 ριγθ.
2397 4871 2416 4903 ι
2463 4847 2881 4922 Παρανόμους¹²
2921 4846 3181 4918 ἐμίσησα,
3225 4843 3318 4897 τὸν
3347 4843 3404 4896 δὲ
3435 4841 3601 4910 νόμον
3636 4858 3734 4894 σου

2153 4945 2436 5015 ἠγάπησα.
2470 4963 2488 4994 ι
2509 4941 2648 5006 Τοὺς
2671 4941 2715 4972 ¹³
2743 4939 2853 5010 γὰρ
2915 4937 3257 5010 παρανομεῖν
3301 4933 3736 5004 ὑποτιθεμένους

2155 5036 2592 5106 ἀποσεισάμενος
2656 5029 2982 5102 λογισμοὺς,
3045 5027 3138 5082 τὸν
3195 5027 3286 5080 σὸν
3347 5027 3736 5098 προτετίμηκα

2153 5129 2337 5182 νόμον.

2379 5238 2398 5272 ‹
2437 5215 2641 5288 Βοηθός
2658 5213 2704 5246 ’⁸
2726 5229 2852 5286 μου,
2872 5211 2968 5266 καὶ
2987 5208 3338 5282 ἀντιλήπτωρ
3370 5225 3472 5279 μου
3496 5201 3626 5272 εἵη,
3653 5205 3736 5271 είς

1579 5426 1812 5485 VARI!!!
1853 5426 2234 5485 LECTIONES
2265 5422 2356 5480 ΕΤ
2381 5419 2616 5478 ΝΟΤΑΕ.

543 5582 568 5656 ε
599 5579 841 5658 Aqui-at.
875 5581 946 5636 ib.
995 5600 1164 5658 prtem
1210 5629 1224 5658 .
1259 5587 1372 5658 τόν.
1451 5589 1472 5620 ⁸
1501 5588 1574 5645 ib.
1607 5591 1734 5652 τοὺς
1790 5589 2008 5658 νόμους.

475 5649 568 5706 '55.
661 5650 686 5682 ⁸
718 5653 883 5717 Τρυτ.
913 5649 1034 5710 cod.
1079 5658 1099 5711 1
1131 5657 1306 5717 τούτῳ
1331 5657 1416 5711 ἄν.

477 5717 696 5796 Ιέθῒιζ,
723 5709 1104 5796 inconstantes,
1169 5709 1216 5781 ξι.
1244 5709 1414 5796 “huc:
1445 5737 1499 5782 et

478 5854 604 5911 add.
640 5855 727 5911 σύ.

2115 5590 2135 5622 '
2166 5588 2245 5642 Δι’
2274 5583 2490 5668 srvie-
2550 5580 2718 5668 Flet!-
2747 5589 2862 5668 ε’-Ρν
2899 5580 2954 5668 δη

1519 5657 1878 5730 ’ΠΤρυτΛὺζ
1951 5661 2176 5730 ἀρετήν.
2284 5657 2330 5688 ³⁸

1560 5728 1688 5782 illuc
1743 5728 2004 5798 vagantes
2057 5728 2262 5784 animo.

477 5786 642 5868 Gut-ti.
757 5807 807 5849 ο.
837 5809 890 5864 p.
933 5795 1060 5853 475.
1089 5786 1100 5796 ’
1139 5797 1182 5830 ³⁸
1210 5795 1438 5866 Βοηθὸς
1469 5829 1539 5840 -
1603 5786 2008 5856 ἀντι.ῑ.”ιιοὺι·.
2043 5817 2049 5853 :

2153 5797 2380 5868 efugium
2409 5786 2588 5848 meant
2637 5806 2686 5848 et
2749 5786 2960 5862 clypcus
3029 5807 3196 5846 meus.

3016 5581 3175 5662 ﬁnem
3225 5596 3436 5662 usque,_
3469 5587 3546 5662 ut
3585 5593 3731 5632 vers.

2406 5650 2486 5729 il);
2534 5650 2836 5729 ἐδεξάμην.
2945 5653 2986 5684 ¹¹
3179 5650 3314 5729 πῶς.
3371 5650 3438 5729 ἰ*
3494 5651 3724 5729 "apag.

2361 5725 2407 5757 ³³
2445 5721 2598 5790 Τοὺς
2651 5719 2719 5762 -έ
2759 5719 2968 5790 νόμον.
3023 5720 3319 5775 Athanasio
3371 5721 3483 5773 bare
3544 5719 3733 5772 tribuit

2361 5811 2380 5844 ιι
2409 5809 2580 5844 meum.
2637 5806 2686 5844 et
2749 5792 2960 5844 ctuncus
3029 5807 3196 5844 meus.
3300 5792 3342 5824 ¹⁵
3386 5785 3476 5844 EI.
3541 5785 3726 5842 cod.i
