4128 6420
365 329 503 396 1857

1699 324 1723 384 Ι
1735 325 1780 384 Χ
1810 323 2018 383 PSAL.
2054 321 2319 383 CXVIII.

3505 320 3649 387 1338

361 448 492 510 τοὺς
516 446 710 512 λόγους
748 460 837 496 σου
869 443 1173 513 ὲπήλπισα.
1206 460 1224 494 ι
1272 440 1347 494 υύ
1383 441 1507 510 δίχα
1551 438 1609 492 δὲ
1641 438 1801 492 τοῦτο
1848 438 1950 508 τῆς

2078 457 2115 495 :s
2144 447 2223 502 tu,
2260 450 2313 493 et
2346 438 2398 492 in
2436 438 2604 494 verbo
2634 446 2726 492 tuo
2758 452 2909 508 spem
2943 438 3123 509 posui.
3178 457 3199 492 ι
3236 437 3352 495 lloc
3378 455 3507 495 vero
3532 455 3641 496 non

364 539 468 609 σῆς
510 536 764 607 βοηθείας
790 533 1155 602 κατώρθωσα,
1194 533 1329 584 ἀλλὰ
1359 532 1457 601 τῆς
1484 532 1583 601 σῆς
1638 530 1952 593 ἀπολαύσας

365 629 564 699 ῥοπῆς,
594 628 687 678 καὶ
711 629 777 695 τῇ
813 628 878 695 σῇ
904 624 1078 676 ἐλπίδι
1106 624 1459 693 τρεφόμενος.

444 725 563 790 ριε’.
614 737 632 768 ι
688 717 1007 769 Ἐκκλίνατε
1058 715 1153 767 ἀπ’
1194 713 1827 785 ὲμοῦ,πονηρευόμενοι,
1863 716 1957 767 καὶ

365 811 718 881 ἑξερευνήσω
744 810 786 839 ¹⁰
827 807 924 869 τὰς
961 807 1180 869 ἐντολὰς
1208 806 1301 858 τοῦ
1343 806 1477 857 Θεοῦ
1516 824 1640 876 μου.
1676 825 1692 856 ι
1749 806 1953 867 Ταῦτα,

368 906 530 972 φησὶ,
555 905 651 955 καὶ
675 904 788 965 τοῖς
816 900 1043 963 ἀτόποις
1074 900 1262 967 ἔλεγον
1284 897 1594 967 λογισμοῖς,
1630 899 1724 950 καί
1752 901 1864 960 τοῖς
1892 897 1958 950 τὰ

368 996 557 1066 φαῦλα
615 992 1011 1062 συμὸουλεύειν
1081 990 1480 1061 ἐπιχειροῦσιν,
1522 990 1607 1042 ὅτι
1681 989 1959 1060 μηδεμίαν

372 1106 468 1159 μοι
521 1087 777 1157 τοιαύτην
800 1086 840 1119 ι’
888 1083 1214 1137 ὑποτίθεσθε
1268 1081 1617 1152 συμϐουλήν·
1673 1080 1796 1150 ἐμοὶ
1852 1078 1963 1150 γὰρ

372 1179 588 1233 acati"
628 1176 726 1240 τὰς
799 1175 950 1237 θείας
1009 1172 1228 1235 ἐντολὰς
1277 1173 1615 1242 προαιρετέα
1658 1169 1794 1242 ζωή.
1852 1171 1965 1241 Οὐχ

372 1270 568 1333 ἁπλῶς
616 1269 675 1321 δὲ
725 1256 952 1330 ταύταις
1010 1263 1384 1334 ἀκολουθήσω,
1422 1263 1561 1316 ἀλλὰ
1614 1263 1751 1333 μετὰ
1782 1263 1964 1332 πάσης

373 1364 546 1424 αὐτὰς
572 1359 858 1430 ἀκριϐείας
877 1359 1258 1428 ἀνερευνήσω·
1296 1354 1437 1407 ὥστε
1467 1354 1634 1423 μηδέν
1659 1371 1725 1422 με
1755 1352 1966 1404 τούτων

373 1455 579 1519 λαθεῖν,
634 1452 768 1506 ἀλλὰ
835 1451 1014 1504 πάντα
1070 1447 1383 1520 πληρῶσαι,
1438 1448 1539 1500 ὅσα
1597 1446 1709 1498 τῶν
1743 1446 1880 1498 ὅλων
1938 1446 1967 1497 ὁ

375 1546 584 1616 Κύριος
623 1542 948 1597 ἐνετείλατο.

450 1643 585 1709 ριςν.
627 1655 646 1687 ι
712 1631 1027 1687 Ἀντιλαὸοὖ
1068 1648 1168 1701 μου
1194 1630 1234 1663 ¹⁹
1286 1628 1431 1683 κατά
1462 1629 1522 1681 τὸ
1551 1626 1735 1696 λόγιόν
1757 1628 1804 1659 ¹⁰
1841 1644 1960 1690 σου,

378 1730 477 1784 καὶ
513 1727 677 1798 ζῆσόν
712 1727 865 1798 με¹¹,
916 1725 1010 1779 καὶ
1045 1723 1120 1796 μὴ
1171 1719 1540 1792 καταισχύνῃς
1593 1737 1661 1791 με
1710 1719 1820 1772 ἀπὸ
1868 1720 1967 1788 τῆς

2058 534 2265 601 absque
2296 541 2384 587 tua
2420 532 2632 604 1467
2671 549 2773 602 ope
2801 531 3023 602 perfeci,
3056 533 3149 586 sed
3186 547 3312 586 cum
3346 549 3442 589 aus
3469 543 3519 589 te
3543 535 3636 587 ad-

2051 626 2207 695 jutus
2236 641 2439 688 εδει-ιιι,
2470 637 2671 694 tuaque
2706 643 2801 695 spe
2834 628 3027 679 ali-rer.

2134 716 2295 770 Vens.
2336 718 2456 777 H5.
2501 737 2518 768 ι
2552 718 2828 772 Deelinate
2860 736 2886 770 ιι
2920 734 3026 783 me,
3066 718 3313 788 maligni,
3351 726 3403 768 et
3432 729 3646 773 scruta-

2058 808 2157 863 bor
2194 810 2447 862 mandata
2493 809 2584 862 Dei
2616 811 2740 864 mei.
2797 830 2814 861 ι
2854 810 2999 875 llaec,
3058 810 3254 879 inquit,
3295 818 3347 865 et
3388 810 3647 873 absurdis

2063 904 2197 956 meis
2228 903 2676 970 cogitationibus,
2726 913 2775 956 et
2829 905 2895 958 iis
2928 905 3020 971 qui
3068 921 3153 957 res
3194 904 3469 970 improbas
3512 903 3645 955 mihi

2066 990 2355 1042 consulere
2411 991 2776 1055 conabamur,
2818 991 3063 1045 dicebam
3099 1010 3112 1045 :
3152 991 3473 1060 Hujusmodi
3514 990 3647 1044 mihi

2065 1081 2358 1134 consilium
2395 1097 2700 1149 proponere
2729 1083 2982 1147 desinite,
3015 1088 3275 1153 quoniam
3310 1086 3416 1135 vita
3446 1099 3647 1136 Secun-

2066 1172 2196 1225 dum
2229 1172 2413 1224 di\ina
2447 1173 2704 1225 mandata
2738 1173 2958 1227 charior
2986 1175 3118 1226 mihi
3149 1177 3167 1196 ‘
3200 1184 3301 1228 est.
3353 1174 3469 1227 Non
3514 1176 3647 1228 sim-

2069 1261 2281 1330 pliciter
2332 1271 2512 1314 autem
2552 1262 2665 1316 haec
2702 1278 2923 1331 sequar,
2973 1264 3063 1316 sed
3097 1279 3222 1316 eum
3269 1266 3417 1317 omni
3463 1264 3646 1317 studio

2069 1355 2185 1422 ipsa
2219 1353 2492 1421 indagaho
2526 1370 2538 1404 :
2574 1365 2632 1407 ut
2673 1354 2809 1407 nihil
2838 1355 3030 1407 horum
3063 1372 3149 1407 me
3180 1356 3364 1418 lateat,
3397 1359 3489 1410 Sed
3526 1372 3646 1409 Oltl-

2070 1446 2160 1497 nia
2190 1444 2466 1512 perﬁciam
2501 1461 2623 1513 qua:
2671 1447 3048 1499 universorum
3079 1445 3339 1501 Dominus
3371 1447 3644 1516 ιιι-ωριιῃὶι.

2142 1622 2310 1678 Vens.
2351 1622 2471 1676 116.
2514 1641 2531 1673 ι
2593 1621 2821 1691 Suscipe
2882 1638 2969 1677 me
3020 1624 3320 1676 secundum
3373 1622 3651 1691 eloquium

2074 1720 2251 1776 tuum,
2279 1722 2332 1766 et
2367 1713 2579 1767 vix-ilico
2610 1729 2715 1778 me,
2749 1722 2803 1766 et
2852 1729 2959 1766 non
2994 1713 3302 1768 confundas
3331 1730 3415 1768 nte
3451 1715 3520 1767 ab
3564 1731 3657 1767 ex-

379 1818 712 1891 προσδοκίας
746 1834 871 1887 μου.
904 1835 924 1868 ι
961 1814 1163 1868 Τοῦτον
1191 1813 1373 1866 τοίνυν
1399 1812 1594 1883 ἔχοντα
1618 1811 1710 1864 τὸν
1760 1809 1962 1862 σκοπὸν

2078 1806 2407 1873 spectatione
2456 1819 2599 1857 mea.
2640 1822 2658 1854 ι
2717 1803 2872 1857 Hunc
2915 1803 3082 1873 igitur
3135 1820 3259 1859 eum
3312 1805 3654 1874 preposilum

378 1917 481 1984 τῆς
516 1913 615 1983 σῆς
655 1908 911 1980 προνοίας
940 1908 1198 1973 ἀξίωσον,
1251 1907 1341 1960 ἵνα
1378 1905 1454 1977 μὴ
1497 1904 1820 1976 διαμαρτὼν
1865 1903 1965 1972 τῆς

379 2003 595 2065 ἐλπίδος
628 2000 894 2071 αἰσχύνης
921 1998 1253 2070 ἀναπλησθῶ
1273 2013 1285 2023 ·
1322 1998 1384 2050 τὸ
1411 1997 1468 2050 δὲ
1498 1998 1706 2066 λόγιον
1732 1993 1969 2048 ἐνταῦθα

378 2096 482 2166 τὴν
515 2094 810 2163 ὑπόσχεσιν
837 2092 1012 2160 λέγει,
1052 2092 1173 2145 ἀντὶ
1204 2088 1322 2157 τοῦ,
1379 2088 1492 2159 Τὴν
1527 2086 1975 2157 ὲπαγγελθεῖσάν

384 2202 481 2258 μοι
511 2185 798 2256 παράσχου
831 2182 1133 2253 σωτηρίαν.

462 2276 586 2347 ριζ’.
631 2293 650 2326 ι
679 2274 959 2344 Βοήθησόν
983 2290 1096 2345 μοι,
1145 2273 1243 2326 καὶ
1281 2271 1631 2345 σωθήσομαι,
1663 2269 1761 2325 καὶ
1811 2271 1979 2342 μελε-

384 2368 602 2439 τήσω²¹
658 2368 716 2418 ὲν
768 2372 881 2430 τοῖς
928 2365 1270 2435 δικαιώμασί
1309 2382 1405 2418 σου
1449 2365 1765 2428 διαπαντός.
1802 2382 1821 2415 ι
1864 2363 1975 2417 Καὶ

381 2458 497 2530 γὰρ
526 2457 771 2528 τυχεῖν¹³
800 2457 900 2526 τῆς
936 2455 1211 2527 σωτηρίας
1260 2455 1369 2509 τῶν
1414 2454 1523 2508 σῶν
1581 2455 1975 2525 δικαιωμάτων

385 2549 491 2603 οὐκ
527 2548 814 2618 ἀμελήσω,
849 2546 987 2600 ἀλλὰ
1008 2546 1307 2610 διαπαντὸς
1349 2545 1446 2618 τὴν
1500 2545 1707 2599 τούτων
1740 2544 1976 2615 μελέτην

387 2641 710 2711 ποιήσομαι.
737 2639 1014 2707 Μελέτην
1029 2638 1084 2693 δὲ
1104 2638 1275 2707 λέγει,
1298 2636 1359 2691 οὐ
1380 2637 1481 2709 τὴν
1502 2639 1560 2691 ὲν
1579 2637 1758 2707 λόγοις
1790 2637 1974 2707 μόνον,

388 2732 531 2786 ἀλλά
566 2731 661 2785 καὶ
692 2731 790 2802 τὴν
820 2732 878 2783 ὲν
905 2730 1111 2801 ἔργοις.

464 2829 592 2894 ριη’.
632 2842 651 2874 ι
702 2821 1097 2887 Ἐξουδένωσας
1115 2824 1162 2853 ’⁵
1198 2821 1408 2885 πάντας
1430 2821 1557 2885 τοὺς
1605 2819 1978 2874 ἀποστατοῦν-

386 2932 492 2980 τας
554 2915 663 2970 ἀπὸ
691 2915 803 2968 τῶν
829 2914 1217 2985 δικαιωμάτων
1258 2932 1374 2980 σου,
1405 2914 1487 2967 ὅτι
1516 2913 1704 2967 ἄδικον
1733 2912 1794 2965 τὸ
1826 2911 1979 2965 ἐνθύ-

393 3025 560 3080 μημα
590 3006 771 3060 αὐτῶν
792 3007 859 3060 ’⁸.
906 3027 923 3057 ι
959 3007 1179 3078 Ταύτην
1228 3007 1286 3060 δὲ
1317 3007 1447 3076 περὶ
1490 3006 1588 3069 τὰς
1622 3006 1722 3068 σὰς
1755 3004 1978 3069 ἐντολὰς

2069 1897 2298 1951 habeam
2336 1896 2522 1962 linem,
2555 1906 2646 1950 tua
2677 1897 3020 1964 providentia
3062 1912 3147 1950 me
3180 1898 3428 1966 dignare,
3465 1914 3532 1951 ne
3558 1913 3655 1966 spe

2068 2002 2189 2040 mea
2242 1986 2472 2040 delusus
2521 1986 2788 2041 dedecore
2838 1988 3085 2057 implear.
3134 1987 3417 2058 Eloquium
3473 1989 3575 2042 hoc
3602 1989 3656 2042 in

2069 2077 2195 2132 loco
2259 2078 2683 2148 promissionem
2753 2078 2919 2145 dicit;
2973 2080 3131 2148 quasi
3183 2080 3376 2135 dicat:
3415 2078 3657 2134 Salutem

2071 2170 2206 2223 mihi
2239 2172 2568 2239 promissam
2614 2169 2838 2239 largire.

2148 2257 2319 2312 Vsus.
2356 2258 2477 2311 117.
2513 2258 2724 2329 Ailjuva
2756 2275 2860 2325 me,
2895 2267 2945 2312 et
2974 2259 3159 2313 salvus
3186 2274 3301 2323 ero,
3339 2268 3394 2314 et
3426 2262 3659 2315 medita-

2078 2348 2178 2401 bor
2220 2348 2645 2418 justifieationes
2702 2359 2822 2404 tuas
2882 2351 2935 2402 in
2993 2360 3334 2419 perpetuum.
3375 2370 3392 2402 ι
3449 2351 3657 2407 Etenim

2078 2450 2297 2495 tuarum
2325 2442 2785 2512 justilicatiouum
2814 2443 3048 2497 salutem
3074 2445 3333 2513 consequi
3378 2444 3663 2514 haudqua-

2077 2548 2242 2602 quam
2272 2532 2565 2601 negligam,
2600 2532 2690 2586 sed
2744 2548 2959 2601 semper
2993 2532 3090 2585 has
3129 2533 3452 2586 meditabor.
3489 2532 3662 2587 Μειίί⁴

2079 2626 2335 2678 tationem
2368 2639 2499 2678 vero
2533 2624 2684 2690 dicit,
2708 2638 2816 2677 non
2854 2624 2909 2677 in
2946 2623 3128 2678 verbis
3148 2625 3347 2690 solum,
3372 2627 3463 2679 sed
3496 2625 3661 2678 etiam

2079 2720 2132 2775 in
2166 2721 2446 2789 operibus.

2151 2813 2317 2867 Vens.
2364 2813 2486 2867 H8.
2524 2833 2542 2865 ι
2577 2810 2841 2882 Sprevisti
2870 2827 3063 2867 omnes
3089 2812 3428 2867 discedentes
3459 2827 3487 2865 a
3515 2810 3665 2880 judi-

2078 2905 2180 2960 ciis
2210 2904 2337 2970 tuis,
2378 2906 2507 2973 quia
2539 2906 2744 2974 iniusta
2773 2906 3038 2974 cogitatio
3068 2920 3282 2959 eorum.
3319 2923 3336 2955 ι
3371 2902 3523 2959 Hanc
3565 2920 3664 2958 au-

2080 2998 2693 3067 tempromptitudiuem
2717 3013 2843 3067 erga
2866 3008 2955 3051 tua
2986 2999 3236 3051 mandata
3272 2997 3504 3061 habebo,
3536 3012 3663 3049 cum

392 3100 586 3170 σχήσω
638 3098 739 3170 τὴν
784 3098 1124 3168 προθυμίαν,
1160 3097 1557 3161 ὲπονειδίστους
1602 3096 1697 3149 καὶ
1737 3114 1975 3164 καταγε-

2082 3087 2316 3143 infann-s
2355 3098 2408 3142 et
2446 3089 2707 3142 ridiculos
2762 3104 2883 3143 esse
2914 3088 3090 3144 factos
3119 3104 3214 3144 eos
3269 3090 3537 3154 noverim,
3568 3086 3666 3157 qui

390 3192 629 3255 λάστους
705 3192 1110 3264 γεγενημένους
1170 3192 1322 3260 τοὺς,
1376 3188 1582 3243 τούτων
1647 3188 1974 3259 παραϐάτας

393 3284 579 3348 εἰδώς.

473 3378 594 3447 ριθ⁸.
638 3394 656 3426 ι
699 3376 1154 3448 Παραὸαίνοντας
1182 3375 1516 3447 ἐλογισάμην
1534 3377 1578 3408 ³⁸
1604 3376 1815 3442 πάντας
1850 3375 1979 3439 τοὺς

390 3468 759 3541 ἁμαρτωλοὺς
781 3469 879 3537 τῆς
896 3469 997 3539 γῆς
1023 3485 1032 3493 ·
1053 3468 1140 3521 διὰ
1153 3468 1311 3521 τοῦτο
1327 3469 1588 3537 ἠγάπησα
1618 3469 1684 3521 τὰ
1700 3467 1983 3539 μαρτύριά

396 3579 518 3617 σου.
565 3579 583 3611 ι
629 3561 776 3614 Ἀντὶ
811 3559 903 3612 τοῦ
940 3559 1447 3627 παραϐαίνοντας,
1486 3562 1513 3612 ὁ
1554 3561 1654 3631 μὲν
1685 3560 1981 3613 Θεοδοτίων

392 3653 483 3715 είς
505 3651 688 3704 οὐδὲν
710 3651 753 3681 ⁸⁷
786 3651 1040 3720 εἴρηκενο
1074 3652 1102 3702 ὁ
1149 3649 1205 3701 δὲ.
1258 3650 1553 3719 Σύμμαχος
1587 3652 1875 3717 σκωρίαν.
1924 3652 1982 3703 Ὁ

393 3744 452 3798 δὲ
480 3743 776 3814 Προφήτης
799 3741 1126 3809 δεδήλωκεν,
1158 3741 1231 3803 ὡς
1265 3741 1566 3805 ὲξουθενῶν
1592 3745 1686 3794 καὶ
1714 3744 1878 3805 αὐτὸς
1904 3742 1982 3812 τῷ

396 3835 521 3905 Θεῷ
552 3835 951 3906 παραπλησίως
984 3835 1113 3896 τοὺς
1163 3833 1509 3903 παραϐάτας,
1550 3834 1730 3886 πᾶσαν
1778 3832 1983 3902 προθυ-

400 3929 536 4001 μίαν
561 3930 641 3991 είς
681 3927 778 3997 τὴν
830 3927 1183 3997 ἐκπλήρωσιν
1229 3926 1337 3977 τῶν
1369 3923 1529 3978 θείων
1567 3924 1765 3994 λογίων
1816 3942 1981 3995 προσ-

395 4021 636 4092 ήνεγκεν
657 4033 670 4048 ⁶
695 4016 791 4071 ἅτε
824 4016 889 4088 δὴ
942 4016 1041 4087 τὴν
1071 4017 1164 4087 τῆς
1188 4016 1533 4088 παρανομίας
1570 4016 1771 4089 ζημίαν
1805 4016 1981 4079 εἰδώς.

477 4208 577 4271 ρκ’.
612 4220 630 4252 ι
666 4198 1002 4271 Καθήλωσον
1025 4197 1071 4229 ’⁸
1098 4199 1163 4250 ὲκ
1194 4199 1284 4251 τοῦ
1320 4199 1487 4266 φόϐου
1520 4217 1613 4252 σου
1645 4200 1743 4264 τὰς
1776 4203 1984 4273 σάρκας

405 4308 542 4365 μοιν
580 4292 690 4346 ἀπὸ
727 4292 832 4362 γὰρ
866 4290 974 4342 τῶν
1027 4291 1316 4361 κριμάτων
1360 4308 1453 4343 σου
1490 4292 1788 4364 ἐφοϐήθην.
1851 4313 1868 4344 ι
1920 4294 1983 4346 Ἡ

398 4386 549 4455 ψυχή
579 4401 706 4455 μου,
739 4383 895 4453 φησὶ,
948 4383 1041 4435 τὸν
1083 4382 1178 4434 σὸν
1221 4383 1526 4453 περίκειται
1588 4383 1772 4453 φόϐον.
1843 4385 1984 4438 Ἀλλ’

2079 3198 2140 3234 ea
2177 3179 2475 3233 violabant.

2157 3377 2375 3450 1468
2398 3376 2564 3432 Vens.
2600 3376 2719 3431 H9.
2755 3396 2772 3428 ι
2814 3377 3245 3431 Praevaricantes
3278 3377 3519 3447 reputavi
3550 3394 3671 3431 om-

2085 3485 2181 3523 nes
2211 3482 2531 3538 peeeatores
2565 3480 2721 3522 terrae
2750 3485 2764 3521 :
2798 3468 2919 3523 ideo
2954 3468 3118 3521 dilexi
3150 3469 3459 3523 testimonia
3490 3476 3603 3523 tua.
3645 3487 3665 3521 ι

2093 3561 2199 3616 Pro
2228 3563 2635 3630 prcrraricantes
2661 3559 2968 3615 Theodotio
2990 3561 3127 3614 dixit
3161 3576 3256 3630 pro
3286 3561 3473 3623 nihilo,
3511 3559 3673 3633 Sym-

2086 3655 2315 3709 machus
2367 3664 2546 3708 autem
2584 3654 2831 3706 scoriam.
2868 3654 2984 3707 Hoc
3029 3663 3212 3706 autem
3264 3650 3532 3722 Propheta
3576 3656 3672 3708 de-

2086 3746 2337 3811 claravit,
2375 3745 2523 3814 quod
2582 3761 2679 3813 pro
2712 3744 2883 3798 nihilo
2935 3744 3143 3799 habens
3181 3745 3314 3814 ipse,
3370 3761 3479 3799 non
3511 3762 3673 3801 secus

2086 3854 2150 3892 ac
2180 3836 2346 3901 Deus,
2382 3835 2872 3904 transgredientes,
2918 3851 3136 3889 onmem
3183 3824 3669 3905 promptitndinem

2085 3929 2149 3982 ad
2185 3928 2500 3982 divinorum
2550 3925 2899 3980 oraculorum
2934 3926 3373 3979 observationem
3405 3926 3673 3980 adhibue-

2085 4022 2192 4084 rit;
2228 4019 2431 4089 quippe
2484 4018 2578 4088 qui
2624 4018 2896 4088 jacturam
2932 4026 3122 4073 nosset
3179 4033 3345 4088 quam
3383 4030 3669 4089 peccaturo

2086 4111 2265 4167 aﬂcrt.

2166 4204 2328 4260 Vens.
2364 4204 2490 4260 120.
2526 4223 2544 4255 ι
2582 4204 2802 4274 (lonlige
2857 4204 3053 4259 timore
3091 4214 3186 4258 tuo
3225 4219 3420 4260 carnes
3461 4218 3615 4258 meas
3652 4219 3667 4257 :

2089 4312 2120 4351 a
2148 4297 2372 4365 jucliriis
2408 4297 2554 4351 enim
2591 4297 2698 4350 tuis
2756 4296 2932 4351 timui.
2980 4316 2998 4349 ι
3039 4296 3239 4350 Anima
3280 4311 3421 4360 mea,
3465 4296 3562 4360 ait,
3606 4296 3674 4348 li-

2092 4406 2245 4444 more
2271 4400 2366 4443 tuo
2400 4389 2587 4442 induta
2622 4398 2724 4443 est.
2760 4388 2864 4443 Sed
2892 4389 3151 4458 quoniam
3186 4405 3385 4457 corpus
3424 4389 3476 4442 in
3533 4389 3677 4443 hanc

402 4480 596 4548 ἐπειδὴ
624 4479 684 4531 τὸ
724 4476 886 4547 σῶμα
912 4475 1367 4541 κατεξανίσταται
1384 4474 1608 4545 ταύτης,
1640 4478 1735 4528 καὶ
1766 4477 1833 4530 τὰ
1861 4478 1975 4531 τού-

2091 4481 2394 4551 cousurgit,
2425 4479 2656 4550 ejusque
2688 4480 2930 4533 membra
2966 4499 2979 4534 :
3009 4480 3239 4533 obsecro
3267 4489 3324 4534 ut
3354 4481 3544 4534 timore
3572 4480 3678 4534 hoc

400 4586 498 4622 του
534 4568 695 4638 μέλη,
730 4565 1040 4638 παρακαλῶ
1067 4564 1245 4633 τούτῳ
1279 4566 1669 4635 καθηλιυθῆναι
1706 4567 1782 4638 τῷ
1809 4569 1985 4639 φὸϐῳο

401 4658 545 4712 ὥστε
606 4656 748 4710 αὐτὰ
791 4658 965 4724 νεκρά
1012 4658 1079 4726 τῇ
1137 4655 1385 4724 ἁμαρτία
1430 4658 1720 4726 γενόμενα,
1767 4663 1832 4730 τῇ
1890 4662 1992 4729 τῆς

402 4750 587 4820 ψυχῆς
616 4748 937 4803 ἀκολουθεῖν
968 4746 1228 4817 ποδηγίᾳ.
1265 4745 1438 4798 Τοῦτο
1471 4747 1612 4800 ἔοικε
1649 4750 1724 4819 τῷ
1760 4752 1995 4805 ἀποστο-

401 4843 542 4912 λικῴ
566 4841 765 4911 ἐκείνῳ
791 4838 993 4911 ρητῷ,‹
1018 4839 1347 4907 Νεκρώσατε
1375 4836 1442 4889 τὰ
1465 4836 1601 4906 μέλη
1626 4839 1780 4908 ὑμῶν
1806 4841 1873 4892 τὰ
1901 4843 1995 4893 ἐπὶ

400 4936 503 5003 τῆς
534 4932 661 5002 γῆς,
696 4931 976 5003 πορνείαν,
1014 4927 1383 4998 ἀκαθαρσίαν,
1444 4927 1636 4990 πάθος,
1694 4931 1993 4999 ἐπιθυμίαν

403 5024 606 5094 κακὴν,
641 5023 736 5076 καὶ
788 5021 887 5091 τὴν
945 5018 1280 5084 πλεονεξίαν,
1325 5018 1446 5089 ἥτις
1505 5019 1654 5071 ἐστὶν
1709 5020 1991 5077 εἰδωλολα-

476 5215 506 5255 ϊ
549 5204 735 5261 Colos.
772 5217 854 5271 ιιι,
886 5202 942 5258 5.

2094 4573 2420 4643 conﬁgatur,
2460 4581 2520 4627 ιιι
2544 4573 2659 4642 ipsa
2700 4573 2944 4627 membra
2991 4584 3205 4625 mortua
3246 4580 3470 4642 peccato
3506 4571 3676 4639 facta,

2095 4667 2331 4719 animam
2366 4666 2560 4720 durem
2597 4674 2920 4735 sequantur.
2966 4664 3074 4717 lloc
3101 4676 3182 4718 eet
3221 4665 3400 4719 simile
3436 4666 3508 4719 illi
3542 4682 3676 4735 apo-

2052 4818 2057 4823 ,
2097 4758 2291 4813 stolico
2335 4758 2527 4812 dicto:
2571 4776 2589 4808 ι
2628 4757 2953 4812 Μοιιὶῐίοςιιο
2998 4759 3242 4812 membra
3296 4768 3500 4822 vestra,
3556 4776 3679 4830 quae

2099 4858 2228 4902 sunt
2253 4863 2416 4917 super
2444 4858 2612 4910 terra,
2644 4847 3089 4912 fornicationem,
3138 4848 3564 4913 immunditiem,
3622 4850 3683 4902 li-

2103 4938 2365 5003 bidinem,
2414 4939 2611 4992 malam
2661 4940 3207 5007 concupiscentiam,
3263 4950 3317 4994 et
3362 4942 3678 5005 avaritiam,

2099 5044 2220 5099 quae
2248 5038 2331 5084 est
2376 5029 2647 5084 idolorum
2698 5030 2932 5085 servitus
2959 5039 3009 5086 γ.
3066 5048 3085 5082 ι
3120 5030 3188 5086 Et
3215 5048 3407 5090 rursus
3439 5052 3451 5087 :
3487 5051 3504 5083 ι
3543 5032 3679 5087 Cum

1532 5312 1769 5368 VARUE
1810 5311 2193 5368 LECTIONES
2228 5313 2317 5368 ET
2348 5313 2581 5370 NOTAE.

479 5435 525 5468 ¹⁶
553 5433 749 5502 Ἐξερ.
787 5432 973 5494 [lebr.,
999 5434 1318 5487 custodiam.

410 5505 667 5561 Sustenta
694 5520 794 5558 me.

1398 5433 1442 5464 ¹⁷
1475 5433 1788 5499 Τοιαύτην.
1814 5432 1982 5485 ροά.1
2011 5432 2236 5501 ταύτην.

2315 5433 2557 5487 "Kurd.
2584 5434 2656 5509 ib.
2679 5450 2864 5503 prtem.
2887 5438 2941 5508 ἡ.
2976 5508 2979 5509 ν
3024 5438 3065 5471 ¹⁹
3104 5438 3311 5493 Ἀντιλ.
3334 5458 3472 5509 μου.
3493 5439 3684 5495 llebr.:

874 5504 920 5535 ¹⁰
950 5506 1190 5575 Aerior.
1230 5503 1383 5558 Hanc
1412 5504 1722 5575 lectionem.
1756 5518 1920 5571 quam
1947 5501 2143 5575 Noster
2170 5506 2227 5575 in_
2255 5501 2797 5575 Commentariosuo
2832 5501 3103 5575 sequitur,
3140 5501 3467 5564 auctoritate
3498 5512 3633 5564 rod.’
3658 5513 3683 5565 1

410 5575 822 5635 substituimus,
856 5588 955 5644 pro
986 5572 1156 5636 ἕλεος,
1190 5583 1249 5628 ιιι
1281 5574 1514 5628 habebat
1542 5572 1708 5627 editio
1729 5574 1908 5694 prior.

410 5647 458 5678 ”
483 5646 607 5694 end.
638 5646 659 5694 1
694 5643 894 5694 τυνὼν.
981 5643 1028 5674 ³⁵
1058 5641 1291 5694 Ἐὲόυδ.
1333 5641 1523 5694 llebr..
1559 5657 1722 5694 concu
1749 5641 1905 5694 casti.
1965 5640 1975 5670 ¹

2078 5571 2265 5639 Ζῆσόν
2281 5590 2376 5642 με.
2416 5574 2608 5638 Ilehr.,
2644 5578 2835 5629 vivam.
2865 5571 3151 5633 “Madet.
3171 5580 3360 5644 Hebr.,
3387 5582 3687 5648 respiciam.

2078 5641 2106 5693 ὸ
2142 5643 2266 5694 ἐνθ.
2309 5641 2529 5694 αὐτῶν.
2563 5644 2750 5694 He.er
2784 5646 2935 5694 dolus
2966 5663 3167 5694 eorum-
3205 5649 3416 5694 Svmm-
3446 5651 3687 5694 δολιόυης

1749 5659 1775 5694 ε

409 5647 458 5678 ’³
483 5646 607 5699 cod.
638 5646 661 5700 1
694 5641 894 5714 τυχών.
981 5643 1028 5714 ξ*
1058 5641 1523 5714 Ἐξουδε-Ιιοιιιη
1559 5657 1722 5714 εοηελα

1780 5641 1905 5718 asli.
1965 5640 1975 5670 ¹

2078 5641 2106 5693 ὀ
2142 5640 2532 5718 ἐνίζζᾳίιτῶνζ.
2563 5644 2750 5718 IIehr.,
2777 5646 2935 5718 dolus
2966 5663 3167 5701 eorum.
3205 5640 3416 5718 Symin.
3446 5640 3691 5718 δολιότης

412 5716 616 5787 αὐτῶν.
650 5715 707 5787 _’°
728 5706 948 5787 (iopas.
980 5706 1214 5787 ἐλογισ.
1275 5712 1467 5787 IIebr.,
1499 5706 1701 5787 (Sicut)
1747 5712 1951 5787 κονίας

2078 5712 2412 5787 sare_fe_cisti.
2433 5781 2468 5787 __
2491 5716 2533 5744 ’⁷
2562 5717 2665 5778 Εἰς
2689 5706 2894 5769 οὐδέν.
2931 5718 3005 5768 Ita
3029 5706 3409 5787 quoque-edit.
3439 5721 3500 5776 V.
3526 5706 3687 5775 (ἑοιιῖ

418 5784 618 5840 Menti.
648 5785 712 5841 in.
736 5782 963 5854 Ilexapl.
999 5785 1065 5839 ad
1100 5785 1158 5838 1ι.
1193 5783 1232 5838 ι.

1308 5784 1355 5815 ’⁸
1385 5780 1613 5852 Καθήλ.
1651 5780 1721 5823 -ὲ-
1748 5780 1975 5850 σάρκας

2078 5799 2149 5836 w.
2181 5781 2345 5837 Hebr.
2384 5799 2397 5836 :
2423 5781 2615 5839 Horret
2642 5801 2752 5853 pra;-
2777 5796 2917 5841 metu
2949 5780 3176 5843 tuioaro'
3198 5803 3336 5844 utea.
