4128 6416
486 344 624 413 18-59

1440 335 1932 400 THEODORETI
1973 333 2315 396 EPISCOPI
2352 332 2721 396 CYRENSIS

3638 324 3777 388 1860

482 466 709 519 Christo
760 459 927 519 simul
991 458 1296 517 cruciﬁxus
1341 472 1504 523 sum;
1562 455 1691 511 vivo
1743 463 1927 509 autem
1970 467 2082 508 non

2197 453 2367 522 τρεία.
2409 472 2428 504 ι
2474 450 2587 507 Καὶ
2624 450 2813 517 πάλιν,
2860 467 2879 501 ι
2920 447 3145 519 Χριστῷ
3187 446 3665 519 συνεσταύρωμαι,
3697 444 3782 510 ζῶ

487 530 870 627 ιιιιιρὶίιιειὶςο,
900 555 1032 609 vivit
1067 567 1197 607 vero
1232 552 1286 606 in
1317 566 1405 605 me
1439 549 1695 605 Christus
1725 557 1771 604 ⁸.
1807 567 1826 600 ι

562 645 729 699 Vsss.
768 645 865 698 121
901 664 919 695 ι
959 642 1084 698 Feci
1114 641 1386 713 judicium
1421 649 1476 693 et
1502 639 1795 709 justitiam,
1830 653 1939 694 non
1972 648 2085 693 tra-

487 744 585 795 das
620 754 705 791 me
745 737 1217 790 calumniantibus
1251 749 1363 788 me.
1401 752 1419 783 ι
1458 735 1477 754 ⁴
1515 730 1685 794 Tuas,
1727 732 1925 801 inquit,
1959 745 2083 791 cum

488 829 644 897 sequi
682 826 1024 881 decreverim
1078 826 1247 892 leges,
1299 838 1368 877 ne
1414 821 1671 876 hostibus
1706 823 1886 892 praeda
1936 822 2083 876 liam.

489 919 624 982 Quis
656 932 788 971 vero
815 932 965 971 nttnc
996 916 1195 969 animae
1234 924 1438 967 tantam
1472 913 1762 980 puritatem
1793 912 1980 975 habet,
2028 919 2087 965 ut

488 1026 615 1064 cum
653 1010 853 1064 ﬁducia
879 1009 965 1063 bis
996 1008 1180 1062 verbis
1224 1006 1450 1060 utatur?
1492 1005 1706 1059 Similia
1748 1004 1901 1058 hisce
1949 1002 2089 1057 dixit

489 1106 654 1160 etiam
685 1104 906 1159 divinus
931 1101 1233 1171 Apostolus
1268 1118 1281 1153 :
1321 1117 1339 1149 ι
1380 1097 1515 1150 Nam
1547 1096 1723 1166 gloria
1750 1104 1941 1149 nostra
1973 1095 2089 1149 haec

489 1208 593 1265 est,
627 1197 1007 1254 testimonium
1024 1191 1380 1250 conscientia:
1406 1189 1730 1245 nostras-1'.
1771 1206 1790 1241 ι

567 1380 732 1435 Vens.
785 1376 910 1433 122.
951 1395 970 1428 ι
1036 1374 1268 1444 Suscipe
1318 1386 1538 1428 servum
1592 1380 1747 1426 tuum
1785 1368 2000 1442 1469
2035 1371 2088 1425 in

489 1475 722 1529 bonum.
759 1490 776 1523 ι
819 1467 1213 1541 Symmachus,
1242 1465 1433 1534 Recipe
1461 1481 1542 1518 me
1573 1465 1626 1517 in
1658 1463 1854 1517 bonum
1884 1478 2090 1516 servum

494 1578 666 1621 tuum.
696 1564 895 1634 Aquila
949 1571 1131 1616 autem
1161 1569 1214 1615 et
1243 1558 1569 1620 Theodotio,
1603 1556 1741 1610 Fide
1770 1556 1897 1626 jube
1931 1570 1951 1608 :
1988 1558 2091 1609 hoc

491 1662 578 1707 cst
615 1668 628 1705 :
660 1651 858 1706 Verum
911 1650 1053 1717 dico,
1099 1665 1206 1703 non
1267 1648 1535 1713 mentior,
1579 1647 1738 1702 crede
1783 1662 1945 1699 servo
1997 1654 2092 1699 tuo

494 1745 855 1817 promittenti.
897 1744 1014 1812 ipse
1053 1750 1174 1797 esto
1204 1756 1442 1812 sponsor
1493 1756 1628 1794 mea:
1660 1738 2073 1808 promissionis,

494 1839 757 1907 quoniam
791 1846 912 1890 tuas
939 1835 1163 1902 implere
1197 1833 1346 1903 leges
1381 1831 1635 1887 studebo.
1666 1848 1686 1881 ι
1723 1828 1840 1884 Non
1872 1831 2082 1884 calutn-
2119 1826 2159 1880 Β

495 1929 718 1984 nicntur
757 1944 843 1982 me
870 1926 1113 1997 superbi.
1157 1944 1177 1977 ι
1211 1924 1420 1979 Acerba
1455 1937 1538 1977 res
1567 1931 1651 1977 est
1698 1921 1994 1984 calumnia,
2022 1920 2091 1974 li-

493 2029 580 2076 cet
632 2034 888 2090 magnam
942 2018 1249 2073 mercedem
1298 2016 1353 2069 in
1406 2030 1464 2070 se
1505 2014 1722 2068 habeat.
1766 2012 1820 2067 In
1861 2014 2003 2067 hanc
2036 2021 2092 2068 et

493 2111 842 2167 admirabilis
873 2110 1067 2165 incidit
1109 2106 1335 2177 Joseph,
1367 2114 1422 2162 et
1466 2106 1561 2161 alii
1606 2104 1902 2159 innumeri.
1929 2100 2093 2159 lubet

496 2217 683 2261 autem
723 2206 887 2259 etiam
950 2204 1217 2258 Dominus
1254 2208 1313 2257 ut
1347 2215 1573 2256 oremus
1621 2215 1689 2254 ne
1732 2201 2000 2254 intremus
2035 2199 2091 2253 in

499 2300 878 2355 tentationem.
914 2294 1063 2350 Nihil
1107 2296 1276 2364 igitur
1305 2295 1607 2349 absurdum
1642 2290 1917 2362 Propheta
1938 2290 2088 2357 fecit,

497 2412 629 2450 cum
664 2396 768 2450 hoc
809 2401 1038 2465 peteret.
1077 2391 1359 2461 Siquidem
1392 2389 1771 2459 arrogantium
1801 2396 1857 2443 et
1896 2394 2093 2457 potens

498 2490 635 2545 tium
672 2488 961 2542 hominum
1006 2483 1285 2540 calumnia
1329 2482 1491 2552 longe
1528 2480 1779 2535 acerbior
1801 2489 1905 2536 est.
1942 2479 2093 2550 lnju-

496 2583 649 2637 stitia
678 2581 825 2635 enim
875 2594 1001 2633 cum
1036 2575 1283 2647 potentia
1313 2576 1610 2646 conjuncta
1640 2570 1907 2641 majorem
1928 2570 2093 2627 ellieit

497 2672 820 2745 perniciem.

574 2849 738 2903 Vens.
782 2844 907 2900 123.
962 2862 981 2896 ι
1019 2842 1180 2899 Oculi
1230 2838 1338 2895 mei
1386 2837 1708 2896 defecerunt
1756 2835 1809 2891 in
1867 2833 2095 2891 salutari

503 2950 621 3005 tuo,
647 2950 701 2993 et
730 2939 784 2992 in
817 2938 1039 3007 eloquio
1088 2934 1323 3006 justitiaa
1375 2943 1501 2987 tuae.
1539 2951 1558 2983 ι
1601 2931 1816 2985 llursus
1862 2928 1949 2983 hic
1984 2927 2095 2981 elo-

507 3032 693 3099 quium
735 3029 1161 3098 promissionem
1197 3033 1374 3079 vocat.
1405 3021 1702 3085 Continue,
1746 3019 1950 3089 inquit,
1990 3027 2098 3074 ate

2185 544 2244 599 δὲ
2271 544 2375 598 οὐκ
2403 543 2486 599 ἔτι
2521 543 2658 612 ἐγὼ,
2690 542 2757 614 ζῇ
2791 541 2849 594 δὲ
2878 542 2936 594 ὲν
2958 541 3085 612 ἐμοὶ
3113 538 3369 611 Χριστός.
3417 556 3437 591 ι

2261 643 2405 708 ρκα’.
2443 656 2464 689 ι
2518 636 2783 707 Ἐποίησα
2810 637 2985 705 κρῖμα
3011 634 3108 687 καὶ
3137 631 3512 702 δικαιοσύνην,
3560 629 3636 702 μὴ
3663 646 3777 683 πα-

2190 731 2366 805 ραδῷς
2399 748 2466 801 με
2488 731 2606 794 τοῖς
2636 729 2891 783 ἀδικοῦσί
2926 745 3017 799 με.
3056 746 3075 780 ι
3110 728 3236 791 Τοῖς
3263 728 3398 789 σοῖς,
3427 725 3618 796 φησὶν,
3644 726 3782 777 ἀκο-

2186 827 2399 880 λουθεῖν
2430 825 2795 898 προελόμενος
2825 823 3033 894 νόμοις,
3073 820 3150 893 μὴ
3181 821 3436 892 γένωμαι
3489 823 3602 883 τοῖς
3645 818 3780 871 δυσ-

2194 919 2412 991 μενέσιν
2443 918 2740 981 εὐάλωτος.
2780 917 2879 980 Τίς
2912 916 2970 969 δὲ
3001 914 3097 967 νῦν
3145 913 3261 984 ἔχει
3288 912 3561 983 τοσαύτης
3596 911 3783 981 ψυχῆς

2188 1008 2562 1080 καθαρότητα,
2581 1006 2721 1060 ὥστε
2739 1006 2838 1060 σὺν
2860 1004 3151 1077 παρρησίᾳ
3174 1003 3442 1065 τοιούτοις
3463 1004 3785 1075 χρήσασθαι

2191 1102 2401 1172 λόγοις;
2455 1101 2681 1165 Τούτοις
2740 1100 2839 1171 μέν
2874 1118 2956 1154 τοι
3013 1098 3111 1153 καὶ
3160 1100 3189 1151 ὁ
3239 1096 3384 1161 θεῖος
3450 1097 3787 1158 Ἀπόστολος

2190 1194 2503 1266 προσόμοια
2537 1194 2786 1266 εἴρηκεν,
2830 1212 2849 1245 ι
2893 1192 2963 1246 Ἦ
2985 1191 3096 1263 γὰρ
3121 1190 3392 1262 καύχησις
3439 1188 3602 1261 ἡμῶν
3636 1186 3783 1259 αὕτη

2191 1288 2331 1354 ἐστὶ,
2369 1287 2431 1341 τὸ
2461 1287 2767 1360 μαρτύριον
2787 1286 2894 1357 τῆς
2921 1284 3282 1357 συνειδήσεως
3310 1283 3491 1356 ἡμῶν.

2267 1379 2404 1451 ρκβὀ
2441 1397 2460 1430 ι
2519 1378 2780 1445 Ἐκδεξαι
2809 1379 2900 1431 τὸν
2928 1376 3116 1430 δοῦλόν
3144 1394 3241 1428 σου
3278 1377 3323 1409 ’⁸
3367 1376 3450 1439 είς
3486 1374 3713 1445 ἀγαθόν.
3755 1394 3776 1427 ι

2203 1472 2262 1525 '0
2279 1472 2322 1504 ³⁸
2359 1471 2417 1525 δὲ
2451 1471 2772 1542 Σύμμαχος,
2837 1468 3148 1534 Ἀνάδεξαι
3161 1484 3241 1538 με
3268 1470 3358 1534 είς
3397 1466 3632 1538 ἀγαθὸν
3671 1465 3787 1520 τὸν

2192 1562 2422 1617 δοῦλόν
2437 1579 2577 1618 σου.
2622 1561 2681 1615 Ὀ
2712 1562 2770 1615 δὲ
2835 1559 3093 1626 Ἀκύλας,
3129 1561 3284 1615 καὶὸ
3314 1559 3634 1622 Θεοδοτίων,
3682 1560 3784 1628 ἐγ-

2191 1655 2417 1725 γύησαι
2444 1669 2460 1686 ο
2495 1655 2617 1707 ἀντὶ
2657 1653 2777 1718 τοῦ,
2840 1652 3175 1725 Ἀληθεύων,
3214 1652 3277 1705 οὑ
3335 1649 3630 1722 ψεύδομαι,
3684 1653 3785 1704 πί·

2197 1763 2423 1800 στευσον
2454 1746 2815 1817 ὐποσχομένῳ
2836 1744 2913 1815 τῷ
2940 1743 3114 1816 δούλῳ
3144 1761 3240 1798 σου
3266 1744 3460 1807 ἀὐτὸς
3502 1742 3785 1812 ἐγγυητὴς

2191 1838 2353 1910 γενοῦ
2380 1838 2483 1909 τῆς
2505 1836 2647 1909 ἐμῆς
2679 1837 3058 1907 ὑποσχέσεως,
3081 1836 3164 1890 ὅτι
3184 1852 3278 1889 σου
3299 1833 3589 1906 πληρῶσαι
3621 1851 3790 1886 σπου·

2193 1928 2342 1983 δάσω
2370 1929 2497 1992 τοὺς
2539 1927 2767 2000 νόμους.
2802 1945 2823 1978 ι
2861 1927 2954 1997 Μὴ
3019 1924 3603 1996 συκοφαντησὰτωσάν
3641 1940 3708 1994 με
3735 1923 3785 1956 ³⁸

2195 2020 2560 2090 ὑπερήφανοι.
2602 2035 2621 2068 ι
2666 2016 2942 2085 Ἀλγεινδν
2979 2016 3014 2088 ἡ
3045 2014 3405 2085 συκοφαντία,
3461 2014 3565 2067 κᾶν
3604 2014 3787 2083 μέγαν

2193 2111 2297 2185 ἔχῃ
2330 2110 2544 2182 μισθόν.
2578 2108 2769 2180 Ταύτῃ
2796 2109 2894 2164 καὶ
2925 2111 2954 2162 ὁ
3002 2108 3309 2179 θαυμάσιος
3354 2109 3786 2177 περιπέπτωκεν

2208 2205 2432 2276 Ἰωσὴφ,
2462 2203 2558 2257 καὶ
2589 2202 2769 2275 ἕτεροι
2797 2203 2841 2235 ³⁸
2869 2201 3079 2272 μυρίοι.
3114 2198 3565 2272 Παρακελεύεται
3598 2196 3654 2250 δὲ
3687 2197 3788 2250 καὶ

2196 2298 2226 2351 δ
2242 2297 2451 2369 Κύριος
2482 2294 2741 2369 εὔχεσθαι
2772 2294 2847 2367 μὴ
2868 2294 3135 2348 εἰσελθεῖν
3159 2294 3238 2357 είς
3258 2292 3590 2363 πειρασμόν.
3612 2291 3787 2343 Οὐδὲν

2196 2386 2289 2444 οῦν
2338 2389 2566 2453 ἀπεικὸς
2617 2389 2738 2442 οὐδὲ
2791 2387 2820 2439 ὁ
2876 2387 3176 2458 Προφήτης
3232 2384 3525 2454 πεποίηκε,
3577 2382 3788 2452 ταύτην

2197 2482 2429 2553 αἰτήσας
2467 2480 2568 2553 τὴν
2599 2480 2839 2552 αἴτησιν.
2876 2478 3258 2551 Διαφερόντως
3290 2478 3400 2548 γὰρ
3446 2479 3481 2547 ἡ
3508 2474 3618 2529 τῶν
3654 2475 3791 2529 ἀλα-

2198 2572 2370 2638 ζόνων
2392 2571 2489 2628 καὶ
2510 2572 2755 2625 δυνατῶν
2781 2571 3124 2640 συκοφαντία
3154 2568 3539 2641 χαλεπωτέρα.
3567 2566 3789 2622 Ἀδικία

2197 2667 2310 2739 γὰρ
2337 2665 2725 2737 προσλαϐοῦσα
2775 2663 2876 2735 τὴν
2923 2662 3246 2717 δυναστείαν
3276 2660 3503 2733 μείζονα
3553 2658 3652 2732 τὴν
3679 2655 3791 2713 λώ-

2198 2760 2303 2831 ϐην
2334 2758 2380 2791 ”
2403 2756 2722 2830 ἐργάζεται.

2273 2855 2413 2921 ρκτ.
2452 2867 2471 2901 ι
2508 2849 2572 2902 Ol
2599 2846 2870 2918 ὀφθαλμοί
2899 2863 3001 2917 μου
3025 2843 3275 2911 ἐξέλιπον
3303 2844 3384 2908 είς
3422 2842 3482 2897 τὸ
3518 2842 3792 2914 σωτήριόν

2202 2959 2319 3006 σου,
2355 2943 2452 2995 καὶ
2482 2942 2563 3004 εἰς
2597 2941 2657 2994 τὸ
2686 2939 2868 3010 λόγιον
2890 2938 2991 3008 τῆς
3019 2936 3373 3008 δικαιοσύνης
3406 2954 3520 2993 σου.
3560 2953 3579 2986 ι
3616 2933 3793 2989 Πάλιν

2199 3032 2438 3088 ἐνταῦθα
2487 3033 2698 3103 ,λόγιον
2747 3032 2847 3103 τὴν
2898 3031 3193 3101 ὑπόσχεσιν
3258 3028 3435 3082 καλεῖ.
3487 3026 3790 3098 Διηνεκῶς,

510 3125 744 3176 salutem
773 3126 1056 3189 exspecto,
1088 3125 1142 3172 et
1172 3113 1586 3186 pollicitationis
1623 3114 1788 3166 linem
1817 3111 2094 3164 desidero.

2201 3126 2359 3198 φησὶ,
2401 3125 2500 3197 τὴν
2545 3123 2699 3196 παρὰ
2738 3122 2834 3176 σοῦ
2869 3123 3148 3193 σωτηρίαν
3191 3119 3511 3192 προσμένω,
3549 3117 3645 3171 καὶ
3687 3116 3796 3188 τῆς

507 3214 700 3269 Posuit
740 3224 925 3267 autem
972 3212 1315 3281 defecerunt,
1367 3217 1425 3261 ut
1453 3208 1732 3259 intensum
1783 3202 2094 3258 ostenderet

2201 3218 2552 3290 ὑποσχέσεως
2604 3216 2864 3287 ἀναμένω
2893 3216 2955 3269 τὺ
2981 3213 3157 3277 τέλος.
3191 3212 3265 3266 Τὸ
3293 3211 3351 3265 δὲ
3377 3209 3668 3276 ἐξέλιπον
3703 3208 3798 3262 τὲ-

512 3309 866 3365 desiderium.

581 3506 749 3562 Vsns.
793 3504 919 3559 124.
960 3521 978 3554 ι
1016 3499 1125 3555 Fac
1150 3514 1275 3553 cum
1323 3510 1481 3553 servo
1515 3504 1608 3549 tuo
1652 3492 1955 3550 secundum
1993 3490 2097 3545 mi-

2203 3312 2375 3377 θεικε,
2403 3311 2504 3381 τὴν
2533 3309 2941 3379 ἐπιτεταμένην
2977 3304 3277 3376 ἐπιθυμίαν
3305 3302 3500 3375 δηλῶν.

2282 3490 2414 3562 ρκδ’.
2446 3509 2465 3543 ι
2491 3489 2724 3558 Ποίησον
2758 3485 2898 3556 μετὰ
2924 3484 3018 3539 τοῦ
3047 3484 3236 3538 δούλου
3274 3500 3367 3537 σου
3401 3480 3624 3537 κατὰτὸ
3645 3479 3800 3546 ἔλεός

506 3597 867 3655 sericordiam
902 3606 1074 3658 tuam,
1100 3588 1595 3661 ctjustillcationes
1617 3595 1736 3641 tuas
1770 3585 1908 3640 doce
1936 3600 2041 3638 me.
2070 3601 2089 3635 ι

2206 3606 2323 3653 σου,
2356 3585 2452 3639 καὶ
2480 3583 2550 3637 τὰ
2574 3579 2923 3652 δικαιώματά
2950 3596 3044 3633 σου
3072 3576 3285 3642 δίδαξόν
3317 3593 3408 3647 με.
3451 3597 3470 3627 ι
3521 3575 3579 3628 Ὁ
3601 3574 3801 3629 τοσαύο

506 3693 698 3748 Tantae
748 3689 965 3745 virtutis
996 3685 1284 3758 operarius
1335 3690 1477 3745 orat,
1526 3690 1587 3735 ut
1647 3678 2086 3733 misericordiam

2203 3695 2304 3747 της
2348 3677 2552 3749 ἀρετῆς
2603 3674 2844 3746 ἐργάτης
2890 3671 3074 3734 ἐλέους
3118 3672 3306 3741 τυχεῖν
3362 3665 3525 3734 ἀξιοῖ,
3578 3667 3677 3720 xui.
3707 3666 3800 3721 διὰ

508 3791 907 3851 consequatur,
944 3787 997 3833 et
1023 3792 1120 3848 per
1155 3775 1302 3829 illam
1332 3772 1466 3843 petit
1504 3771 1737 3827 salutem
1775 3787 1788 3823 :
1820 3784 1921 3824 nec
1953 3782 2094 3823 mer-

2202 3770 2397 3828 τούτου
2433 3768 2711 3840 σωτηρίας
2738 3764 3049 3821 ἀπολαῦσαι
3092 3763 3255 3816 αίτεῖ.
3291 3761 3405 3815 Καὶ
3442 3760 3544 3813 οὐκ
3572 3760 3801 3813 άπαιτεῖ

508 3874 695 3931 cedem
730 3870 928 3943 poscit,
955 3868 1053 3924 sed
1091 3864 1485 3935 benignitatem
1515 3859 1791 3931 implorat.

2209 3862 2425 3935 μισθὸν,
2449 3858 2589 3914 ἀλλὰ
2619 3855 3037 3929 φιλανθρωπίαν
3067 3853 3233 3907 αἰτεῖ.

2228 4084 2231 4087 λ
2281 4041 2415 4109 ρκε’.
2467 4052 2486 4086 ι
2516 4031 2715 4093 Δοῦλός
2764 4028 2859 4083 σού
2905 4031 3024 4099 εἰμι
3070 4026 3203 4097 ἐγὼ,
3258 4022 3536 4079 συνέτισόν
3575 4039 3665 4094 με,
3699 4020 3798 4075 καὶ

506 4149 807 4211 tellectum,
847 4153 908 4199 ut
945 4142 1119 4199 sciam
1155 4136 1473 4195 testimonia
1511 4143 1622 4188 tua.
1670 4150 1691 4184 ι
1745 4130 1949 4187 Omnes
1974 4129 2094 4200 qui-

2206 4128 2491 4198 γνώσομαι
2516 4125 2587 4179 τὰ
2617 4120 2898 4195 μαρτύριά
2930 4136 3048 4173 σου.
3076 4137 3095 4171 ι
3129 4118 3339 4180 Πάντες
3379 4116 3481 4187 μὲν
3513 4113 3799 4185 ἄνθρωποι

506 4243 631 4298 dem
663 4239 913 4295 homines
956 4245 1151 4290 natura
1182 4239 1313 4288 sunt
1348 4228 1495 4285 servi
1548 4226 1665 4294 Dei,
1701 4225 1898 4281 all‘ectu
1943 4238 2094 4289 vero,

2208 4220 2369 4290 φύσει
2389 4217 2566 4272 δοῦλοι
2587 4215 2748 4280 Θεοῦ,
2770 4212 3009 4265 διαθέσει
3043 4210 3100 4264 δὲ
3117 4210 3167 4263 οἱ
3186 4208 3280 4262 τοῦ
3298 4206 3435 4261 Θεοῦ
3466 4206 3568 4277 τὴν
3596 4205 3801 4258 δεσπο-

507 4334 605 4405 qui
648 4328 1021 4387 libentissime
1065 4324 1161 4380 Dei
1213 4320 1506 4392 imperium
1556 4318 1859 4388 elegerunt.
1890 4312 2094 4367 Harum

2209 4313 2361 4367 τείαν
2393 4310 2681 4371 ἀσπασίως
2716 4304 3055 4377 αἱρούμενοι.
3092 4301 3312 4372 Ταύτης
3341 4298 3416 4353 ὢν
3444 4299 3542 4370 τῆς
3576 4314 3799 4368 συμμο-

508 4390 642 4495 ergo
673 4420 913 4493 partium
944 4433 1070 4473 cum
1125 4416 1197 4471 sit
1239 4412 1536 4482 Propheta,
1572 4423 1633 4463 se
1663 4408 1840 4477 ipsum
1880 4419 2094 4460 servum

2214 4404 2337 4475 ρίας
2360 4404 2390 4456 ὁ
2418 4399 2718 4473 Προφήτης
2749 4394 2935 4449 δοῦλον
2969 4393 3163 4448 ἑαυτὸν
3194 4390 3488 4460 ὀνομάζει,
3523 4390 3619 4442 καὶ
3667 4404 3800 4439 συν-

511 4478 781 4580 no‘inir'iat,
815 4525 872 4572 et
895 4524 956 4570 ut
990 4508 1285 4584 prudentia
1319 4510 1558 4564 donetur
1603 4503 1882 4567 obsecrat,
1919 4512 1981 4555 ut
2005 4498 2094 4555 Dei

2208 4496 2378 4557 ἑσεως
2406 4490 2705 4560 ἀξιωθῆναι
2739 4488 3085 4559 παρακαλεῖ,
3113 4484 3257 4538 ὥστε
3289 4482 3495 4552 γνῶναι
3528 4479 3621 4533 τοῦ
3655 4478 3798 4532 Θεοῦ

514 4609 831 4665 testimonia
859 4582 1021 4661 sciat.

2204 4584 2277 4639 τὰ
2309 4582 2609 4655 μαρτύρια.

492 4658 1011 4773 ἠῖἱάδῄὶίειιε.
1054 4694 1180 4750 126.
1222 4713 1241 4747 ι
1282 4690 1532 4761 Tempus
1559 4684 1799 4744 faciendi
1846 4682 2094 4749 Domino,

2281 4673 2431 4747 pxg’.
2471 4690 2491 4724 ι
2535 4669 2744 4742 Καιρδς
2768 4667 2863 4723 τοῦ
2895 4665 3120 4735 ποιῆσαι
3158 4662 3235 4735 τῷ
3266 4661 3491 4733 Κυρίῳ,
3519 4658 3802 4714 διεσκέδα-

2379 4764 2394 4773 -
2510 4762 2523 4773 .
2881 4758 2941 4773 η.
3045 4756 3058 4773 ,
3108 4771 3166 4773 η
3228 4751 3443 4773 “Mn”,
3482 4750 3571 4773 ___,
3611 4749 3798 4773 “1"”

589 4749 632 4771 ι
751 4749 802 4770 ν
1427 4749 1443 4761 .

512 4749 925 4861 dissipaverunt
953 4789 1128 4859 legem
1156 4797 1329 4841 tuam.
1364 4803 1382 4836 ι
1421 4781 1589 4846 Deus,
1614 4778 1712 4850 qui
1752 4775 1937 4832 omnia
1967 4788 2094 4844 pon‘

2210 4782 2310 4820 σαν
2346 4764 2438 4818 τὸν
2466 4762 2633 4833 νόμον
2668 4776 2787 4814 σου.
2818 4778 2837 4812 ι
2881 4758 2944 4811 '0
2991 4756 3172 4810 πάντα
3220 4751 3447 4822 σταθμῷ
3482 4750 3576 4806 καὶ
3609 4749 3802 4821 μέτρῳ

515 4844 752 4937 dere‘et
799 4844 1057 4932 mensurva
1116 4875 1408 4944 gubernat,
1454 4844 1582 4926 l'ertV
1617 4844 1842 4938 (iuidem
1892 4863 2094 4918 diutius

2211 4855 2569 4932 πρυτανεύων
2615 4855 2748 4918 Θεὸς
2782 4855 2941 4923 φέρει
2978 4850 3078 4920 μὲν
3125 4847 3220 4900 ἐπὶ
3275 4845 3531 4898 πλεῖστον
3563 4844 3674 4897 τῶν
3705 4844 3804 4896 ἀν-

515 4978 745 5044 peccata
770 4967 1056 5023 hominum
1090 4984 1103 5021 ι
1139 4981 1263 5021 cum
1289 4978 1420 5019 vero
1448 4961 1772 5033 pravitatem
1800 4973 1864 5012 ex
1896 4956 2094 5026 patien-

2214 4951 2448 5024 θρώπων
2480 4948 2581 5013 τὰς
2636 4945 2947 5018 άμαρτίας’
2977 4944 3106 4996 ὅταν
3144 4940 3199 4992 δὲ
3232 4938 3565 5005 αὐξηθεῖσαν
3616 4935 3703 5007 ἴδη
3731 4938 3797 5007 τῇ

518 5024 590 5120 lia
623 5073 841 5119 auctam
870 5059 1094 5123 viderit,
1125 5069 1256 5114 tunc
1283 5072 1503 5129 poenam
1530 5055 1755 5125 irrogat.
1796 5050 1911 5105 lloc
1942 5049 2094 5120 igitur

2216 5038 2575 5112 μακροθυμίᾳ.
2618 5038 2719 5107 τὴν
2770 5031 3074 5103 πονηρίαν,
3109 5028 3231 5082 τότε
3262 5026 3361 5098 τὴν
3395 5024 3670 5096 τιμωρίαν
3703 5027 3800 5078 £1:-

574 4052 901 4114 Vsas.125.
946 4069 967 4104 ι
1001 4049 1208 4106 Servus
1246 4057 1375 4101 tuus
1401 4058 1525 4100 sum
1563 4056 1688 4112 ego,
1732 4038 1802 4095 da
1834 4037 1969 4092 mihi
2018 4038 2102 4092 in-

519 5170 576 5215 et
613 5158 718 5212 hoc
767 5157 821 5210 in
867 5155 990 5211 loco
1040 5154 1116 5206 ait
1143 5171 1156 5207 :
1183 5151 1425 5220 Tempus
1465 5155 1552 5202 est
1599 5142 1968 5213 consurgendi
2000 5144 2017 5161 “
2049 5138 2107 5192 in

524 5250 793 5305 auxilium
849 5261 1037 5302 eorum
1074 5243 1169 5314 qui
1193 5242 1394 5321 injuria
1420 5238 1599 5293 allecti
1620 5243 1769 5300 sunt,
1790 5249 1823 5288 o
1851 5230 2110 5296 Domine;

522 5355 854 5413 magnopere
885 5338 1031 5393 enim
1060 5346 1209 5391 tuam
1236 5335 1409 5403 legem
1445 5330 1632 5384 hostes
1680 5325 2098 5383 conculcarunt.

595 5489 621 5520 ι
650 5477 831 5536 Galat.
860 5495 922 5543 ιι,
952 5474 1042 5530 20.
1122 5470 1214 5516 εισι»
1241 5469 1286 5524 ll
1314 5469 1445 5525 Cor.
1475 5481 1516 5533 ι,
1545 5465 1634 5521 12.

2214 5130 2361 5196 άγει.
2395 5125 2568 5179 Τοῦτο
2582 5123 2764 5176 τοίνυν
2796 5120 2893 5176 καὶ
2926 5116 3167 5172 ἐνταῦθά
3187 5133 3353 5187 φησι.
3373 5114 3583 5187 Καιρὸς
3615 5114 3801 5169 διανα-

2219 5223 2413 5291 στῆναι
2452 5219 2533 5281 είς
2585 5214 2912 5285 ἐπικουρίαν
2928 5211 3038 5265 τῶν
3055 5208 3453 5280 ἀδικουμένων,
3468 5201 3515 5262 ὦ
3530 5207 3801 5260 Δέσποτα*

2214 5312 2414 5384 κομιδῆ
2441 5310 2553 5381 γάρ
2579 5324 2677 5361 σου
2705 5308 2798 5360 τὸν
2826 5305 2991 5374 νόμον
3030 5301 3315 5372 ὲπάτησαν
3341 5302 3397 5354 οἱ
3422 5298 3694 5373 πολέμιοι.

1646 5594 1887 5655 VARle
1926 5589 2317 5652 LECTIONES
2354 5585 2443 5641 ΕΤ
2478 5578 2715 5640 NOTAE.

600 5727 646 5761 υ
681 5723 963 5787 ’Ἐκδεξαι
1013 5722 1123 5775 τὸν
1166 5717 1395 5787 δοῦλόν·
1443 5709 2094 5787 σου.ΔΗθι›ι·ιεδΡ⁰⁷ἔξί⁸.]

2231 5719 2403 5787 εει·υο-
2436 5711 2544 5787 ιιιο.

2658 5696 2705 5728 ³ο
2739 5694 2801 5748 Ὃ
2826 5724 2898 5736 --
2925 5691 3152 5746 δοῦλόν
3183 5683 3321 5744 ὰου.
3355 5685 3479 5742 Des.
3514 5686 3569 5740 in
3596 5683 3721 5742 cod.
3756 5688 3812 5743 1.

602 5756 642 5761 ’“”’
758 5756 789 5777 ιι
902 5756 937 5776 α
1016 5756 1107 5775 ιυι
1166 5756 1377 5773 νυιννουν
1443 5756 1579 5768 υνν-
1612 5756 1745 5765 --ν-ι-
1765 5756 1802 5765 -υ
1826 5756 1860 5765 ν
1903 5756 2030 5764 vn..-

535 5792 578 5826 ³¹
601 5756 963 5864 Mh‘EJJSe."
978 5808 1075 5862 με.
1106 5790 1293 5845 llebr.:
1327 5785 1410 5841 Ne
1439 5783 1740 5853 opprimant
1771 5756 1892 5836 me.r
1946 5782 1990 5814 “
2023 5756 2094 5835 'E'

2198 5756 2277 5832 οὶῖ
2291 5756 2428 5831 cod.
2454 5773 2481 5825 1
2512 5768 2638 5826 add.
2675 5766 2754 5821 δέ.
2829 5763 2875 5797 ιε
2902 5762 3133 5831 Αὼδην.
3166 5762 3288 5824 cod,
3323 5760 3349 5815 ι
3381 5756 3631 5828 γνώμην.
