4128 6430
396 350 527 417 1861

1695 348 1777 408 ΙΝ
1830 346 2037 409 PSAL.
2076 340 2357 412 'CXVIII.

3534 354 3673 422 1862

458 465 606 537 pxC'.
647 481 669 518 ι
703 462 804 519 Διὰ
833 462 993 519 τοῦτο
1028 462 1294 534 ¹Ιιγάπτισα
1327 461 1426 528 τὰς
1468 461 1689 524 ἐντολάς
1718 478 1813 514 σου
1838 458 1981 530 ὑπὲρ

2154 457 2324 516 Vens.
2359 459 2482 515 127.
2525 477 2545 513 ι
2585 458 2711 516 ldco
2744 459 2909 518 dilexi
2928 462 3196 520 mandata
3246 472 3341 522 tua
3375 477 3544 536 super
3575 477 3676 517 au-

390 558 623 633 χρυσίον
674 559 770 613 καὶ
816 555 1103 623 τοπάζιον.
1143 575 1162 609 ι
1203 557 1435 610 Ἐκεῖνοι
1482 555 1583 627 μὲν
1609 550 1703 609 οὖν
1729 552 1824 608 τοῦ
1886 550 1981 606 σοῦ

390 650 815 723 κατεφρόνησαν
843 649 1036 720 νόμου.
1064 647 1206 716 Ἐγὼ
1231 647 1287 702 δὲ
1317 646 1777 719 ἀξιεραστοτέρας
1819 643 1985 716 ἠγοῦ-

394 761 498 816 μαι
527 744 627 809 τὰς
655 743 755 808 σὰς
786 741 1008 805 ἐντολὰς
1041 741 1264 812 χρυσίου
1310 743 1407 794 καὶ
1430 740 1595 794 λίθων
1648 737 1979 794 πολυτελῶν.

390 833 515 889 Τῶν
543 835 655 906 γὰρ
684 833 886 905 τιμίων
927 832 1090 887 λίθων
1134 831 1437 899 τοπὰζῖοςο
1469 832 1578 886 ἀπὸ
1618 831 1677 885 δὲ
1723 830 1816 885 τοῦ
1860 831 1981 893 ἑνὸς

392 926 787 996 παρεδήλωσεν
827 924 1096 986 ἅπαντας.
1147 923 1308 987 Εἰκὸς
1354 923 1413 976 δὲ
1462 924 1583 976 κατ’
1633 923 1844 976 ἐκεῖνον
1889 921 1981 975 τὸν

394 1019 588 1090 καιρὸν
616 1017 810 1070 τοῦτον
839 1015 1212 1087 προτιμᾶσθαι
1241 1016 1353 1070 τῶν
1381 1016 1580 1071 ἄλλων.

467 1108 610 1180 ρκη’.
650 1127 672 1161 ι
699 1108 798 1162 Διά
827 1108 988 1162 τοῦτο
1021 1108 1160 1179 πρὸς
1177 1108 1223 1141 ³⁵
1266 1109 1449 1172 πάσας
1490 1108 1586 1172 τὰς
1624 1106 1847 1170 ἐντολάς
1884 1123 1981 1160 σου

388 1194 795 1273 κατωρθούμην
816 1216 831 1231 ·
862 1203 1042 1254 πᾶσαν
1072 1200 1190 1254 ὁδὸν
1220 1201 1403 1256 ἄδικον
1436 1199 1698 1269 ἐμίσησα.
1734 1218 1753 1251 ι
1791 1199 1849 1252 'O
1874 1200 1983 1269 γὰρ

388 1296 561 1358 πόθος
586 1293 685 1364 τὴν
716 1293 1031 1366 προθυμίαν
1056 1291 1384 1366 ἐργάζεται·
1419 1294 1453 1362 ἡ
1484 1293 1542 1346 δὲ
1572 1291 1851 1363 προθυμία
1881 1293 1982 1361 τὴν

392 1387 496 1458 μὲν
527 1387 746 1443 εὐθεῖαν
771 1390 1063 1457 παραινεῖν
1088 1388 1206 1442 ὁδὸν
1239 1385 1645 1458 παρεσκεύαζε,
1672 1386 1773 1457 τὴν
1795 1385 1853 1438 δὲ
1881 1387 1983 1457 τῆς

390 1476 612 1539 ἀδικίας
642 1477 983 1548 ἐμυσάττετο
1004 1475 1213 1547 τρίϐον.

466 1563 604 1637 ρκθ¹.
639 1585 658 1619 ι
692 1566 999 1637 Θαυμαστὰ
1029 1565 1098 1619 τὰ
1126 1566 1403 1639 μαρτύριά
1430 1582 1559 1620 σουο
1588 1565 1678 1620 διὰ
1702 1563 1861 1618 τοῦτο
1891 1562 1980 1629 EE-

389 1658 665 1730 ηρεύνησε
684 1657 731 1690 ³⁸
761 1658 998 1713 causa.“
1030 1660 1063 1731 ή
1092 1659 1238 1731 ψυχή
1286 1676 1412 1731 μου.
1456 1678 1474 1712 ι
1520 1658 1768 1725 Ἐδειξεν
1804 1658 1895 1722 ὡς,
1917 1657 1981 1710 οὐ

392 1751 574 1822 μάτην
599 1749 803 1803 τούτων
828 1750 1069 1822 ἠράσθη.
1112 1750 1445 1819 Ἀξιάγαστα
1466 1750 1595 1820 γὰρ,
1627 1751 1814 1820 φησὶν,
1839 1749 1977 1813 ἐστὶ,

389 1844 490 1896 καὶ
521 1843 683 1898 ίκανὰ
714 1843 1047 1911 καταθέλξαι
1067 1883 1083 1910 ,
1120 1844 1215 1897 καὶ
1239 1847 1319 1907 είς
1348 1844 1527 1915 ἔρωτα
1553 1844 1821 1915 διεγεῖραι
1851 1841 1979 1907 τοὺς

387 1935 635 1989 κατιδεῖν
675 1935 1035 2005 δυναμένους.
1083 1938 1196 1991 Καὶ
1234 1937 1399 1991 πόθεν
1430 1937 1638 1991 τούτων
1660 1937 1703 1969 ³⁷
1731 1936 1979 2007 κατέμα-

389 2024 487 2089 θες
520 2026 728 2097 ἀρετήν
749 2042 765 2092 ;

463 2119 567 2190 ρλ’.
631 2136 651 2170 ι
699 2118 762 2172 'H
804 2117 1043 2192 δήλωσις
1094 2120 1206 2175 τῶν
1259 2120 1436 2191 λόγων
1484 2138 1581 2176 σου
1630 2122 1845 2193 φωτιεῖ,
1883 2121 1981 2174 καὶ

388 2213 633 2266 συνετιεῖ
659 2212 892 2284 νηπίους
911 2213 977 2268 ³⁸.
1020 2231 1041 2265 ι
1077 2212 1169 2284 Τῷ
1200 2212 1279 2284 σῷ
1303 2253 1317 2277 ,
1353 2214 1511 2285 φησὶ,
1561 2212 1983 2284 καταυγαζόμε-

386 2321 481 2367 νος
509 2305 651 2373 φωτὶ
685 2304 895 2376 ταύτην
927 2305 1200 2377 ἐδεξάμην
1239 2305 1341 2376 τὴν
1370 2305 1604 2375 γνῶσινο
1635 2306 1730 2360 καὶ
1768 2305 1980 2369 πάντας

384 2395 446 2449 δὲ
468 2397 596 2459 τοὺς
626 2395 818 2467 ἀγνοίᾳ
846 2397 1273 2468 κατεχομένους,
1297 2399 1392 2451 καὶ
1422 2397 1682 2469 βρέφεσιν
1705 2399 1977 2464 ἐοικότας,

385 2489 415 2540 6
440 2487 532 2552 ab;
561 2487 725 2559 νόμος
757 2488 1029 2552 συνέσεως
1054 2490 1310 2562 ὲμφορεῖ.

465 2580 601 2650 pla}.
646 2599 665 2632 ι
700 2580 775 2633 Τὸ
806 2580 985 2652 στόμα
1019 2599 1125 2652 μου
1154 2579 1369 2654 ῆνοιξα,
1412 2583 1507 2637 καὶ
1537 2583 1767 2637 εῖλκυσα
1810 2583 1980 2638 πνεῦ-

389 2689 469 2743 μα
487 2673 556 2736 ³³,
596 2673 677 2727 ὅτι
706 2672 806 2736 τὰς
837 2673 1060 2740 ἐντολάς
1101 2691 1196 2729 σου
1243 2675 1567 2731 ὲπεπόθουν.
1607 2696 1626 2731 ι
1666 2678 1864 2747 Στόμα
1891 2678 1979 2731 ὲν-

383 2762 567 2817 ταῦθα
598 2762 758 2817 καλεῖ
778 2765 878 2835 τῆς
908 2765 1152 2829 διανοίας
1179 2764 1278 2838 τὴν
1325 2765 1658 2838 προθυμίαν.
1687 2765 1839 2837 Αὕτη
1867 2765 1982 2836 γάρ

385 2854 537 2908 ἕλκει
569 2853 671 2926 τὴν
687 2854 849 2926 χάριν
877 2853 972 2908 τοῦ
1006 2855 1337 2927 πνεύματος.
1370 2858 1481 2911 Καὶ
1508 2857 1617 2929 γὰρ
1653 2856 1700 2890 ⁴⁰
1740 2856 1979 2928 ἅλλαχοῦ

385 2960 558 3016 φησι*
596 2963 614 2996 ι
651 2944 931 2999 Πλάτυνον
958 2944 1021 2998 τὸ
1058 2943 1234 3015 στόμα
1274 2960 1394 3009 σου,
1444 2945 1537 2999 καὶ
1571 2944 1851 3017 πληρὼσω
1875 2944 1978 2998 αύ-

384 3036 468 3090 τό.
503 3055 522 3089 ι
572 3037 684 3088 Καὶ
711 3037 739 3089 6
772 3035 919 3100 θεῖος
983 3035 1311 3099 Ἀπὸστολος
1357 3038 1416 3091 ὲν
1452 3037 1760 3101 ἀνοίξειτοῦ
1775 3037 1976 3107 στόμα-

2083 565 2201 605 rum
2238 562 2290 607 et
2313 552 2613 623 topazium.
2657 571 2679 606 ι
2722 553 2806 609 llli
2831 554 3050 626 quidem
3099 566 3252 612 tuam
3300 559 3674 628 despexerunt

2083 641 2258 713 legem
2308 661 2323 697 :
2364 657 2466 715 ego
2508 659 2640 698 vero
2679 651 2771 699 tua
2818 648 3076 701 mandata
3109 662 3246 703 auro
3287 647 3673 718 lapidibusque

2081 735 2341 804 pretiosis
2372 735 2698 793 amabiliora
2728 739 2892 794 duco.
2933 738 3196 807 Topazius
3227 741 3374 795 enim
3407 740 3547 810 lapis
3584 748 3672 795 est

2080 830 2380 898 pretiosus,
2412 844 2506 899 per
2530 845 2700 885 unum
2735 841 2917 886 autem
2944 846 3139 888 omnes
3170 832 3519 904 signiﬁcavit.
3553 831 3670 886 Cae-

2085 928 2259 975 terum
2310 919 2610 975 verisimile
2659 931 2746 976 est
2820 921 2915 976 illa
2968 930 3296 994 tempestate
3347 924 3495 979 hunc
3544 923 3671 979 aliis

2082 1011 2368 1080 praelatum
2406 1010 2598 1067 fuisse.

2156 1108 2324 1163 Vens.
2368 1109 2493 1164 128.
2536 1128 2554 1161 ι
2605 1108 2901 1180 Propterea
2935 1112 3001 1164 ad
3042 1113 3224 1167 omnia
3266 1113 3520 1167 mandata
3572 1121 3664 1167 tua

2082 1200 2383 1271 dirigebar,
2417 1216 2636 1255 omnem
2662 1202 2809 1255 viam
2843 1203 3088 1273 iniquam
3122 1205 3249 1258 odio
3270 1205 3460 1259 habui.
3504 1223 3523 1256 ι
3559 1203 3664 1258 De-

2083 1292 2348 1348 siderium
2373 1294 2517 1346 enim
2537 1293 2702 1347 animi
2728 1296 3213 1365 promptitudinem
3235 1297 3398 1352 cllicit
3428 1316 3442 1352 :
3473 1312 3657 1367 prout—

2082 1383 2299 1454 ptitudo
2335 1400 2465 1439 vero
2497 1385 2665 1439 animi
2701 1384 2939 1440 faciebat
2986 1396 3047 1440 ut
3068 1397 3270 1442 rectam
3299 1389 3440 1443 viam
3462 1390 3660 1444 suade-

2082 1486 2185 1538 ret,
2214 1488 2270 1532 et
2303 1478 2588 1548 iniustitia:
2628 1478 2881 1533 semitam
2918 1479 3045 1533 odio
3086 1478 3331 1534 haberet.

2153 1570 2321 1625 Vens.
2358 1570 2481 1625 l29.
2519 1590 2538 1623 ι
2569 1571 2850 1625 Mirabilia
2881 1571 3195 1625 testimonia
3223 1580 3338 1637 tua,
3363 1571 3485 1626 ideo
3510 1585 3668 1626 scru-

2084 1672 2196 1719 tata
2234 1672 2317 1719 est
2351 1678 2415 1717 ea
2447 1666 2632 1717 anima
2667 1679 2811 1717 mea.
2847 1681 2867 1713 ι
2930 1661 3185 1718 Ostendit
3228 1680 3287 1719 se
3330 1679 3436 1718 non
3466 1663 3671 1718 frustra

2085 1756 2282 1811 horum
2312 1756 2625 1811 studiosum
2662 1755 2856 1811 fuisse.
2886 1754 3267 1811 Admiratione
3314 1757 3463 1810 enim
3504 1755 3670 1823 digna

2081 1857 2231 1914 sunt,
2264 1848 2362 1914 ait,
2394 1856 2449 1903 et
2479 1863 2603 1918 quae
2630 1849 2849 1919 possint
2885 1849 3221 1914 demulcere,
3251 1857 3304 1903 et
3338 1848 3393 1903 in
3421 1862 3670 1902 amorem

2080 1941 2323 1997 excitare
2353 1956 2449 1997 eos
2484 1941 2579 2012 qui
2612 1957 2676 1996 ea
2712 1943 3030 2013 perspicere
3065 1942 3266 1997 valent.
3298 1939 3366 1995 Et
3393 1941 3670 1995 undenam

2082 2032 2286 2088 horum
2322 2033 2583 2088 virtutem
2607 2033 2793 2090 nosti?

2153 2123 2323 2180 Vens.
2369 2123 2494 2180 150.
2536 2144 2557 2178 ι
2589 2124 2897 2181 Declaratio
2934 2140 3250 2182 sermonum
3280 2132 3499 2180 tuorum
3536 2123 3665 2177 illu-

2084 2217 2284 2282 minat,
2337 2226 2393 2272 et
2424 2218 2763 2272 intellectum
2797 2217 2891 2271 dat
2915 2216 3181 2287 parvulis.
3223 2234 3242 2267 ι
3277 2211 3418 2280 Tuo,
3462 2214 3664 2285 inquit,

2082 2308 2292 2364 lumine
2344 2308 2652 2365 illustratus
2712 2308 2853 2363 hanc
2896 2307 3185 2363 sctentiam
3229 2307 3432 2376 accepi,
3485 2315 3541 2360 et
3576 2315 3672 2359 tua

2082 2399 2171 2455 lex
2194 2401 2491 2470 prudentia
2522 2401 2720 2471 implet
2748 2416 2939 2457 omnes
2989 2400 3082 2472 qui
3113 2399 3420 2473 ignorantia
3442 2399 3670 2466 detenti,

2081 2502 2135 2549 et
2164 2493 2340 2547 instar
2380 2492 2672 2548 infantium
2701 2504 2853 2549 sunt.

2157 2583 2323 2640 Vens.
2358 2586 2479 2640 131.
2517 2603 2536 2636 ι
2568 2585 2640 2641 Os
2671 2599 2854 2641 meum
2880 2586 3095 2655 aperui,
3124 2584 3335 2657 1471
3383 2592 3437 2640 et
3469 2582 3670 2640 attraxi

2084 2676 2363 2747 spiritum,
2402 2677 2530 2746 quia
2558 2677 2816 2732 mandata
2847 2686 2940 2731 tua
2966 2677 3370 2733 desiderabam.
3406 2694 3426 2730 ι
3464 2677 3541 2734 Os
3566 2677 3673 2732 hoc

2082 2767 2137 2822 in
2172 2769 2294 2822 loco
2323 2776 2488 2822 vocat
2516 2768 2717 2822 mentis
2747 2767 3114 2823 alacritatem.
3151 2768 3279 2823 Haec
3317 2768 3467 2823 enim
3508 2767 3677 2838 spiri-

2082 2870 2174 2916 tus
2212 2861 2444 2931 gratiam
2495 2860 2740 2914 attrahit.
2779 2859 2995 2915 Etenim
3039 2859 3170 2914 alibi
3204 2860 3339 2916 dicit
3376 2878 3391 2914 :
3428 2878 3447 2911 ι
3493 2859 3675 2915 Dilata

2080 2971 2143 3010 os
2173 2962 2352 3015 tuum,
2380 2962 2435 3007 et
2472 2952 2715 3023 implebo
2746 2952 2877 3007 illud
2909 2963 2956 3010 θ.
3003 2972 3022 3005 ι
3061 2954 3130 3008 Et
3175 2952 3399 3009 divinus
3439 2953 3677 3023 Aposto—

2082 3048 2169 3101 lus
2244 3054 2504 3115 precatur
2550 3053 2612 3100 ut
2657 3045 2882 3100 verbum
2941 3045 3045 3100 sibi
3091 3046 3253 3099 detur
3295 3047 3349 3099 in
3393 3046 3679 3115 apertione

382 3143 481 3190 τος
507 3127 664 3196 λόγον
697 3125 922 3199 δοθῆναι
953 3128 1320 3198 παρεκάλεσε.
1353 3129 1465 3181 Καὶ
1500 3128 1663 3188 αὐτὸς
1694 3127 1752 3181 δὲ
1785 3129 1813 3181 6
1842 3129 1982 3198 Προ-

2089 3138 2205 3191 oris
2230 3133 2282 3190 ἀ.
2321 3136 2464 3190 Idem
2503 3150 2635 3191 vero
2677 3136 2947 3206 PrOpheta
2986 3136 3040 3189 in
3077 3135 3188 3190 alio
3218 3135 3474 3205 psalmo:
3512 3157 3532 3188 ι
3571 3137 3679 3190 Do-

386 3219 570 3289 φήτης
600 3222 657 3272 ἐν
682 3217 852 3289 ἑτέρῳ
889 3216 995 3290 ἔφη
1027 3217 1261 3289 ψαλμῷ·
1302 3238 1319 3269 ι
1360 3217 1563 3289 Κύριος
1609 3218 1773 3271 δώσει
1826 3220 1978 3288 ῥῆμα

385 3314 502 3375 τοῖς
532 3309 1047 3382 εύαγγελιζομένοις
1081 3310 1316 3381 δυνάμει
1340 3310 1530 3382 πολλῇ.
1569 3329 1587 3362 ι
1618 3310 1852 3364 Ἰ¹οῦτο¹⁸¹
1885 3312 1980 3365 acati.

388 3403 629 3459 ἐνταῦθα
664 3404 768 3475 ἔφη
794 3447 810 3472 ,
848 3423 864 3456 ι
902 3405 977 3458 Τὸ
1005 3404 1184 3474 στόμα
1221 3422 1323 3475 μου
1351 3405 1541 3474 ἧνοιξα
1566 3446 1580 3468 ,
1627 3405 1723 3458 καὶ
1752 3405 1980 3459 εἴλκυσα

387 3498 635 3568 πνεῦμα,
665 3498 748 3550 ὃτι
775 3496 876 3560 τὰς
904 3497 1123 3560 ἐντολάς
1157 3514 1251 3550 σου
1292 3497 1621 3553 ὲπεπόθουν.
1664 3518 1684 3550 ι
1718 3496 1981 3569 Γλιχόμε-

388 3590 482 3644 νόν
538 3606 605 3660 με
654 3589 761 3660 γὰρ
796 3588 907 3642 τῶν
939 3589 1049 3642 σῶν
1104 3589 1339 3642 ἐντολῶν
1376 3590 1710 3661 θεασάμενος
1743 3590 1845 3660 τῆς
1879 3591 1981 3661 σῆς

389 3683 635 3752 ἠξίωσας
664 3683 909 3754 χάριτος.

465 3772 601 3844 ρλβ’.
672 3789 692 3824 ι
765 3773 1086 3843 Ἐπίὸλεψον
1130 3772 1221 3826 ἐπ’
1276 3773 1396 3845 ἐμὲ,
1440 3774 1534 3828 καὶ
1584 3773 1808 3846 ἐλέησόν
1862 3793 1932 3846 με
1961 3815 1977 3842 ,

391 3865 539 3920 κατὰ
568 3864 615 3898 ἠ
650 3864 714 3917 τὸ
748 3866 925 3936 κρῖμα
959 3864 1072 3919 τῶν
1116 3864 1457 3933 ἀγαπώντων
1498 3867 1557 3919 τὸ
1587 3865 1766 3937 ὄνομά
1796 3884 1912 3920 σου.
1953 3885 1974 3919 ι

389 3958 508 4027 Τῆς
535 3957 689 4021 θείας
717 3958 1009 4028 εὐμενείας
1073 3958 1314 4011 ίκετεύει
1372 3961 1583 4029 τυχεῖν,
1626 3959 1725 4029 οὐχ
1765 3956 1976 4025 ἁπλῶς,

388 4050 507 4104 ἀλλ’
534 4048 610 4113 ὡς
639 4048 860 4113 εἴωθας,
877 4050 1035 4120 φησι,
1056 4052 1170 4114 τοῖς
1195 4050 1451 4120 άγαπῶσί
1494 4069 1554 4105 σε
1588 4052 1854 4125 παρέχειν
1888 4052 1979 4106 τὸν

393 4143 567 4196 ἔλεον.
599 4142 772 4195 Τοῦτο
801 4142 917 4213 γὰρ
947 4138 1090 4207 εἷπε,
1133 4161 1151 4195 t
1213 4146 1370 4198 Κατὰ
1398 4145 1459 4198 τὸ
1498 4148 1673 4218 κρῖμα
1703 4145 1813 4199 τῶν
1843 4145 1980 4214 ἁγα-

391 4233 624 4286 πὼντων
658 4231 721 4286 τὸ
739 4231 913 4301 ὄνομα
947 4249 1042 4285 σου
1063 4247 1080 4263 ⁸
1121 4252 1140 4286 ι
1175 4233 1299 4287 ἀντὶ
1329 4234 1446 4303 τοῦ,
1478 4235 1588 4306 Τῆς
1626 4236 1744 4307 ἴσης
1771 4235 1980 4300 τούτοις

390 4325 705 4382 ἀπολαῦσαι
737 4325 922 4395 ψήφου
951 4325 1282 4398 παρακαλῶ.
1328 4386 1337 4397 ,

468 4416 606 4486 ρλγ’.
651 4435 669 4468 ι
739 4415 824 4469 Τὰ
866 4414 1185 4488 διαδήματα
1214 4437 1316 4489 μου
1372 4419 1707 4474 κατεύθυνον
1744 4423 1887 4477 *α’-τά
1919 4423 1981 4476 τὺ

392 4508 573 4576 λόγιόν
596 4525 691 4562 σου
715 4524 730 4539 ·
766 4508 862 4562 καὶ⁵
907 4508 982 4580 μὴ
1028 4515 1520 4582 κατακυριευσάτω
1550 4531 1651 4584 μου
1680 4518 1829 4569 πᾶσα
1851 4516 1980 4569 ἀνο-

395 4602 517 4672 μία.
552 4621 569 4651 ν
628 4599 817 4671 Ἡμῶν
871 4600 981 4672 γὰρ
1012 4602 1472 4672 προεκφερόντων
1514 4604 1613 4673 τὴν
1645 4606 1980 4675 προθυμίαν,

393 4694 490 4747 καὶ
510 4692 646 4745 Θεοῦ
682 4693 1020 4765 παρέχοντος
1045 4694 1143 4765 τὴν
1181 4695 1455 4766 βοήθειαν,
1499 4698 1593 4750 καὶ
1626 4697 1721 4769 τὴν
1750 4699 1979 4769 πορείαν

390 4786 739 4853 εὐθύνοντος,
774 4786 967 4858 χώραν
1023 4787 1122 4840 οὐκ
1154 4786 1269 4858 ἔχει
1299 4788 1395 4857 τῆς
1426 4789 1703 4859 ἁμαρτίας
1748 4792 1781 4862 ἡ
1817 4791 1977 4844 δυνα-

392 4876 570 4931 στεία.
828 4886 833 4887 ⁷

465 4968 598 5040 ρλδ’.
638 4986 656 5019 ι
691 4967 982 5041 Λύτρωσαί
1016 4987 1082 5038 με
1120 4968 1227 5022 ἀπὸ
1259 4969 1621 5037 συκοφαντίας
1648 4969 1976 5042 ἀνθρώπων,

392 5061 492 5116 καὶ
556 5059 781 5130 φυλάξω
829 5059 930 5124 τὰς
965 5061 1188 5126 ἐντολάς
1237 5077 1356 5116 σου.
1402 5080 1421 5114 ι
1459 5062 1567 5116 Καὶ
1620 5061 1650 5116 ό
1700 5063 1981 5135 Δεσπότης

390 5151 631 5223 Χριστὸς
692 5153 822 5217 τοὺς
872 5151 1301 5220 ὀνειδιζομένους
1360 5155 1455 5209 καὶ
1512 5154 1980 5225 συκοφαντιζομέ-

2014 4467 2062 4525 Ι)

2084 3231 2266 3286 minus
2312 3229 2466 3284 dabit
2495 3230 2722 3285 verbum
2761 3230 3265 3300 evangelizantibus
3295 3229 3501 3284 virtute
3533 3230 3679 3283 mul-

2082 3330 2134 3377 ta
2176 3332 2223 3376 ε,
2268 3340 2285 3372 ι
2325 3320 2462 3375 lllud
2495 3322 2663 3376 etiam
2710 3321 2813 3376 hoc
2855 3320 3062 3376 inloco
3102 3320 3258 3387 dicit,
3301 3338 3320 3371 ι
3365 3318 3441 3375 Os
3491 3336 3676 3375 meum

2083 3416 2297 3488 aperui,
2346 3424 2401 3471 et
2433 3414 2633 3469 attraxi
2666 3414 2944 3484 spiritum,
2980 3413 3245 3484 quoniam
3293 3413 3549 3467 mandata
3586 3421 3679 3467 tua

2083 3504 2488 3562 desiderabant.
2552 3522 2572 3555 ι
2621 3502 2761 3557 Cum
2813 3501 2962 3557 enim
3015 3509 3240 3557 tuorum
3294 3502 3679 3557 mandatorum

2084 3597 2360 3655 desiderio
2391 3613 2477 3652 me
2504 3596 2678 3651 teneri
2713 3595 2974 3661 vidisses,
3003 3602 3098 3649 tua
3143 3595 3319 3664 gratia
3353 3610 3442 3649 me
3470 3594 3671 3667 digna-

2087 3699 2175 3743 tus
2208 3705 2290 3743 es.

2154 3779 2321 3835 Vens.
2360 3777 2486 3833 152.
2542 3796 2563 3829 ι
2602 3776 2836 3847 Respice
2876 3775 2945 3831 ad
2996 3791 3106 3842 me,
3147 3785 3203 3831 et
3244 3776 3510 3833 miserere
3551 3779 3677 3842 mei,

2083 3869 2384 3926 secundum
2403 3866 2671 3939 judicium
2695 3866 3041 3937 diligentium
3069 3880 3269 3921 nomen
3294 3876 3471 3923 tuum.
3500 3886 3518 3918 ›
3547 3867 3682 3922 Orat

2082 3972 2143 4017 ut
2165 3962 2409 4017 divinam
2438 3968 2814 4029 consequatur
2845 3958 3307 4024 benevolentiam,
3333 3973 3441 4014 non
3467 3959 3682 4030 simpli-

2082 4056 2240 4120 citer,
2272 4053 2367 4109 sed
2404 4061 2465 4107 ut
2496 4052 2853 4121 diligentibus
2881 4059 2957 4118 te,
2997 4049 3200 4121 inquit,
3236 4051 3677 4106 misericordiam

2085 4148 2331 4218 praebere
2363 4144 2530 4202 soles.
2563 4143 2683 4200 Hoc
2715 4143 2861 4199 enim
2894 4142 3037 4198 dixit
3075 4160 3089 4196 :
3121 4161 3141 4195 ι
3180 4141 3492 4199 Secundum
3529 4144 3681 4215 judi-

2083 4241 2230 4297 cium
2258 4237 2606 4309 diligentium
2641 4250 2841 4291 nomen
2871 4236 3087 4300 ‘tuum,
3116 4253 3136 4287 ι
3169 4234 3328 4305 quasi
3356 4235 3543 4290 dicat:
3573 4233 3684 4290 Oh-

2088 4348 2248 4389 secro
2308 4340 2367 4386 ut
2394 4328 2661 4400 aqualem
2697 4329 2783 4384 his
2815 4329 3143 4384 sententiam
3169 4337 3464 4398 reportent.

2162 4422 2332 4478 Vsus.
2364 4423 2486 4478 155.
2529 4440 2548 4473 ι
2586 4419 2824 4478 Gressus
2853 4435 3007 4477 meos
3022 4420 3197 4490 dirige
3229 4419 3532 4475 secundum
3563 4419 3682 4475 elo-

2089 4514 2280 4586 quium
2322 4522 2502 4578 tuttm,
2551 4520 2606 4568 et
2642 4527 2711 4567 ne
2743 4512 3060 4567 dominetur
3119 4512 3174 4566 in
3209 4527 3297 4567 me
3330 4512 3440 4567 ulla
3473 4512 3679 4585 iniqui-

2090 4615 2197 4661 tas.
2245 4624 2263 4656 »
2299 4603 2474 4659 Nobis
2505 4603 2654 4659 enim
2702 4601 3184 4674 promptitudinem
3238 4603 3680 4673 praeferentibus,

2087 4707 2141 4751 et
2169 4697 2280 4750 Deo
2323 4710 2482 4766 opem
2517 4692 2749 4761 ferente,
2786 4702 2950 4764 atque
2980 4693 3124 4748 viam
3150 4694 3439 4765 dirigentc,
3470 4710 3679 4767 peccati

2090 4791 2173 4847 vis
2203 4801 2259 4846 et
2288 4789 2538 4863 tyrannis
2561 4787 2991 4859 haudquaquam
3023 4787 3202 4843 locum
3236 4788 3420 4844 habet.

2114 5028 2121 5035 ,
2160 4970 2330 5028 Vens.
2357 4970 2481 5025 154.
2517 4988 2537 5021 ι
2571 4969 2797 5024 Redime
2819 4983 2908 5024 me
2927 4984 2958 5023 a
2988 4967 3268 5024 columnia
3293 4969 3601 5036 hominum,
3622 4976 3695 5026 ut”

2090 5065 2399 5122 custodiam
2450 5063 2710 5118 mandata
2766 5071 2884 5118 tua.
2935 5081 2956 5115 ›
3006 5061 3074 5118 Ει
3105 5060 3371 5119 Dominus
3423 5062 3680 5119 Christus

2091 5156 2405 5230 opprobriis
2426 5166 2478 5214 et
2502 5155 2795 5214 calumniis
2812 5156 3040 5214 aﬂ'ectos
3065 5156 3257 5214 beatos
3283 5164 3340 5212 et
3366 5154 3553 5213 felices
3576 5170 3675 5212 vo-

475 5325 666 5384 cPsal.
693 5341 862 5394 Lux,
901 5327 989 5383 10.
1027 5326 1054 5366 ιι
1080 5326 1280 5399 Ephes.
1312 5345 1390 5397 vt,
1425 5328 1513 5386 l9.
1559 5341 1585 5370 ο
1615 5328 1762 5388 Psal.
1801 5344 1972 5403 uvn,
2004 5334 2098 5392 ll.

1532 5465 1779 5524 VARUS
1815 5468 2206 5533 LECTIONES
2239 5466 2328 5522 ΕΤ
2361 5462 2577 5523 ΝΟΤᾸΕ

463 5592 1016 5665 ³⁸Πρὸς-τριατωρᾷ.
1047 5587 1239 5665 Helm:
1271 5590 1467 5665 Omnia
1500 5593 1757 5665 mandata
1783 5602 1895 5657 tua,
1920 5597 2122 5661 omnia,
2139 5596 2377 5665 inquam,
2410 5600 2553 5665 recta
2554 5592 2777 5665 judico.
2802 5591 2846 5627 ³³
2875 5592 3074 5665 Ἐξηρ.
3101 5590 3307 5646 ταῦτα.
3330 5588 3516 5665 Hebr):
3530 5589 3684 5665 ροιι.

386 5661 683 5735 cert-utea.
732 5661 930 5735 'chod.
961 5661 994 5735 l
1025 5661 1187 5735 αύτά,
1214 5664 1560 5735 ρτωηιίεεον
1590 5664 1778 5735 ὲφελκί.
1808 5683 1932 5735 qua:
1960 5682 1982 5721 ε

2084 5682 2179 5722 ἐο.
2211 5661 2396 5720 lectio.
2474 5664 2519 5735 ⁸7

2596 5665 2808 5718 ούτων.
2840 5664 2957 5718 cod.
2986 5660 3021 5716 l'
3044 5665 3369 5732 ριἰεῐηπήν.
3439 5660 3485 5732 f3
3518 5663 3678 5732 Nnar.

394 5733 897 5803 Hebr.,simplices.
959 5732 1194 5803 "Eax.
1217 5730 1685 5803 krsﬁuaJlebr;
1719 5733 1789 5788 Et
1815 5730 1982 5790 (iniret:

2109 5753 2157 5792 s.
2183 5736 2411 5790 inhiavi.
2492 5733 2700 5801 Μ⁵Γάρ.
2732 5733 2850 5789 cod.
2889 5734 2911 5784 l
2947 5730 3074 5788 add.
3105 5732 3225 5789 καί.
3280 5730 3323 5765 ⁸ί¹
3355 5730 3555 5787 Τοῦτο.
3594 5730 3672 5787 ib.

394 5806 645 5875 sequitur
675 5800 751 5858 δέ.
792 5802 839 5835 ⁸³
870 5800 1091 5858 Κατὰ-
1129 5803 1317 5874 ὄνομά
1346 5800 1485 5860 σου.
1530 5803 1718 5861 Helm:
1747 5804 1859 5863 Pro
1896 5823 1979 5862 mo

2084 5820 2159 5863 'uo
2187 5823 2309 5878 erga
2334 5821 2421 5861 eos
2452 5804 2546 5875 qui
2570 5800 2751 5860 amant
2786 5819 2971 5858 nomen
3013 5814 3180 5858 tuum.
