4128 6420
498 336 652 401 1863

1485 329 1978 391 THEODORETI
2017 328 2360 390 EPISCOPI
2393 328 2760 391 CYRENSIS

3632 327 3653 393 1
3666 329 3773 394 864

492 453 641 511 cavit
672 469 686 505 :
727 449 824 508 sed
858 463 1019 505 orare
1038 446 1204 503 etiam
1231 444 1417 516 jussit,
1457 460 1527 499 ne
1555 445 1762 499 intrent
1793 445 1850 499 in
1900 450 2077 498 tenta-

2186 459 2306 507 νους
2339 443 2387 475 ⁸⁸
2438 443 2718 513 ζηλωτοὺς
2776 442 2871 497 καὶ
2934 442 3243 515 μακαρίους
3295 444 3588 500 ἐκάλεσεν·
3631 449 3775 503 ἀλλὰ

496 547 721 599 tionem.
760 544 1039 598 Consonat
1091 540 1255 609 igitur
1301 537 1636 607 evangelicis
1683 550 1906 606 quoque
1945 534 2081 606 legi-

496 639 599 693 bus
634 638 918 705 Propheta:
946 632 1157 705 1472
1192 630 1451 700 precatio.

568 814 733 869 Vsus.
766 814 889 867 155.
922 831 940 862 ι
967 808 1184 863 Faciem
1208 816 1357 860 tuam
1383 804 1628 859 illumina
1667 819 1828 872 super
1861 817 2079 857 servum

496 916 669 967 tuum,
707 913 763 957 et
793 903 924 955 doce
959 915 1043 953 me
1069 897 1495 969 justilicationes
1533 902 1676 948 tuas.
1722 912 1741 944 ι
1778 893 1918 947 Deus
1954 892 2078 961 qui-

495 1000 616 1052 dem
656 997 1012 1062 incorporeus
1058 1002 1163 1055 csl,
1205 999 1261 1043 et
1295 989 1551 1056 simplex,
1584 996 1638 1039 et
1665 985 2084 1055 compositionis

495 1104 727 1159 expers:
772 1086 864 1140 sed
909 1094 1170 1152 tanquam
1201 1080 1267 1135 de
1322 1096 1382 1134 re
1422 1093 1710 1147 corporea,
1762 1087 1814 1130 et
1844 1079 2083 1131 crassius

495 1180 679 1233 divina
706 1176 996 1246 Scriptura
1022 1176 1088 1228 de
1119 1174 1237 1242 ipso
1276 1171 1541 1239 loquitur,
1571 1169 1853 1222 hominum
1890 1180 2081 1221 natura

495 1285 782 1327 sermones
835 1268 1091 1321 metiens.
1137 1264 1483 1332 Quapropter
1532 1276 1627 1330 per
1678 1261 1874 1313 divinae
1929 1260 2082 1313 faciei

493 1361 1050 1420 demonstrationem,
1104 1355 1412 1425 intelligere
1462 1352 1724 1405 debemus
1775 1366 1954 1403 rerum
1990 1350 2084 1403 tri-

492 1458 659 1510 stium
704 1453 887 1515 tinent,
917 1459 970 1504 et
1002 1450 1270 1502 bonorum
1299 1445 1659 1513 largitionem.

564 1544 736 1601 Vens.
774 1543 897 1598 156.
939 1561 957 1593 ι
997 1540 1193 1594 Exitus
1244 1552 1510 1607 aquarum
1562 1536 1901 1589 deduxerunt
1939 1533 2082 1588 oculi

493 1640 626 1705 mei,
659 1639 788 1707 quia
830 1650 936 1689 non
970 1631 1240 1688 custodiri
1283 1631 1453 1698 legem
1494 1637 1665 1681 tuam.
1705 1646 1724 1679 ι
1762 1624 1887 1681 Ηωο
1918 1627 2081 1681 etiam

494 1740 579 1786 est
607 1732 690 1785 lex
723 1727 1024 1798 apostolica
1056 1743 1070 1779 :
1118 1742 1136 1775 ι
1177 1722 1232 1777 Si
1265 1724 1415 1776 enim
1447 1735 1615 1774 unum
1651 1720 1954 1773 membrum
1988 1733 2083 1786 pa-

496 1826 653 1888 titur,
686 1822 848 1877 simul
888 1820 1192 1889 patiuntur,
1234 1815 1434 1884 inquit,
1460 1812 1644 1866 omnia
1691 1812 1935 1866 membra
1963 1809 2007 1863 τ.
2056 1828 2075 1861 ι

494 1915 876 1985 Ειιιηςθιὶοειηι
905 1912 1070 1981 igitur
1098 1909 1487 1981 perfectionem
1514 1906 1785 1975 Pr0pheta
1808 1914 2087 1959 consecta-

494 2016 611 2069 tur,
647 2004 881 2058 aliorum
917 2000 1238 2070 iniquitates
1276 1998 1593 2067 deplorans.
1621 1996 1894 2050 (la-terum
1926 2010 2085 2064 aqua-

494 2113 612 2152 rum
634 2096 808 2151 exitus
836 2094 1202 2163 lacrymarum
1231 2089 1644 2145 multitudinem
1669 2087 1880 2141 voravit
1909 2105 1922 2140 :
1956 2102 2090 2155 qua-

492 2187 539 2242 si
569 2188 716 2242 dicat
751 2200 764 2236 :
806 2183 1082 2238 Fluminis
1122 2183 1299 2237 instar
1339 2182 1613 2251 lacrymas
1659 2177 2081 2249 prolundebam,

490 2295 616 2334 cum
650 2277 937 2332 hominum
968 2275 1172 2329 scelera
1202 2272 1607 2342 conspicerem.

560 2370 732 2430 Vens.
767 2369 893 2431 157,
930 2367 1052 2422 158.
1092 2386 1110 2418 ι
1147 2364 1340 2421 Justus
1389 2381 1473 2427 es,
1510 2364 1759 2426 Domine,
1790 2369 1845 2416 et
1874 2368 2081 2416 rectum

486 2465 752 2536 judicium
790 2471 965 2517 tuum.
1016 2458 1284 2513 Mandasti
1332 2458 1480 2527 justa
1510 2465 1562 2511 et
1614 2454 1909 2509 admodum
1954 2468 2083 2508 vera

491 2556 805 2613 testimonia
852 2562 968 2608 tua.
1012 2570 1031 2604 ι
1071 2550 1228 2606 Juste
1268 2549 1453 2605 omnia
1496 2550 1791 2617 gubernas,
1830 2544 2080 2613 Domine,

490 2658 545 2703 et
579 2647 864 2703 hominum
897 2659 1084 2699 curam
1112 2658 1328 2713 gerens,
1363 2648 1415 2694 et
1436 2638 1667 2710 justitize
1693 2637 1933 2692 cultores
1960 2635 2083 2690 red-

491 2740 622 2795 dere
643 2738 858 2793 volens.
885 2736 954 2790 Et
999 2735 1175 2805 legem
1208 2731 1428 2797 dedisti,
1461 2739 1517 2785 et
1549 2727 2082 2799 transgredientibus

494 2831 715 2887 testaris
772 2844 910 2900 quas
939 2841 1135 2899 pcenas
1166 2823 1349 2879 daturi
1379 2823 1511 2887 sint,
1543 2829 1598 2876 et
1642 2817 2083 2876 custodientibus

491 2922 637 2977 bona
679 2920 902 2991 praemia
938 2915 1244 2989 promittis,
1273 2922 1327 2968 et
1354 2912 1613 2983 operibus
1644 2910 1917 2981 promissa
1946 2923 2082 2964 con-

491 3016 701 3068 ﬁrmas.
764 3010 878 3067 Hoc
952 3010 1101 3065 enim
1157 3007 1363 3063 iudicat
1418 3003 1543 3060 :Et
1599 3003 1884 3056 admodum
1935 3016 2079 3055 vera.

561 3281 732 3338 Vens.
772 3280 896 3336 159.
942 3277 1247 3333 Tabescere
1287 3290 1374 3330 me
1421 3273 1548 3329 fecit
1594 3273 1744 3327 zelus
1776 3283 1924 3338 tuus,
1960 3271 2087 3341 quia

442 3360 459 3377 ’
493 3378 649 3433 obliti
692 3383 822 3429 sunt
867 3371 1154 3426 verborum
1189 3380 1412 3424 tuorum
1448 3365 1657 3421 inimici
1693 3364 1854 3418 mei.»
1900 3363 1963 3415 Et
1991 3366 2092 3417 ho-

494 3469 674 3524 mines
710 3465 897 3533 inique
923 3460 1169 3517 viventes
1198 3458 1471 3527 Propheta
1503 3454 1769 3523 deplorat,
1800 3451 2009 3523 1473
2037 3461 2090 3506 et

495 3560 864 3632 iegislatorem
909 3553 1215 3624 neglectum
1257 3562 1509 3613 cernens,
1557 3548 1708 3617 juste
1753 3547 2091 3615 indignatur.

495 3653 597 3707 llic
631 3657 648 3674 "
672 3650 822 3704 zelus
852 3647 1179 3702 Phineasum
1211 3640 1445 3697 summis
1466 3639 1724 3694 laudibus
1753 3638 1969 3692 extulit.
1993 3634 2092 3691 Hic

495 3758 754 3814 magnum
771 3739 949 3795 Eliam
975 3737 1244 3793 celebrem
1263 3734 1412 3789 fecit.
1437 3731 1552 3787 Hoc
1577 3732 1739 3786 etiam
1755 3731 1873 3786 zelo
1891 3745 2091 3785 accen-

496 3852 591 3891 sus
610 3834 975 3903 triumphator
1001 3829 1311 3899 Stephanus
1346 3824 1664 3880 Judaaorum
1699 3822 1980 3893 perlidiam
2006 3835 2093 3875 re-

495 3930 733 3998 darguit.
753 3925 911 3981 Hunc
942 3925 996 3978 in
1016 3938 1074 3978 se
1092 3922 1211 3992 ipso
1227 3919 1447 3973 divinus
1468 3916 1670 3972 Paulus
1693 3914 2091 3971 circumlerens

495 4019 835 4076 exclamabat
883 4016 1114 4070 dicens:
1144 4030 1163 4063 ι
1219 4010 1355 4076 Quis
1398 4008 1731 4074 inﬁrmatur,
1763 4016 1816 4062 et
1842 4022 1942 4076 ego
1980 4018 2089 4059 non

497 4107 782 4164 inlirmor?
813 4107 939 4176 quis
978 4102 1409 4164 scandalizatur,
1442 4108 1496 4153 et
1538 4114 1638 4169 ego
1672 4112 1781 4152 non
1810 4114 1944 4151 uror
1964 4097 2024 4150 l5?
2063 4116 2083 4148 ι

496 4202 564 4257 l-Jt
589 4202 780 4254 beatus
806 4198 982 4252 Lucas
1022 4195 1089 4249 de
1112 4195 1233 4264 ipso
1268 4193 1421 4258 aith,
1470 4206 1596 4246 cum
1647 4191 1876 4245 Athenis
1921 4195 2087 4247 esset.

497 4298 836 4346 coarctatum
880 4288 1052 4343 fuisse
1082 4286 1334 4354 spiritum
1372 4283 1515 4352 ejus,
1561 4297 1686 4336 cum
1720 4284 1924 4336 Vltlt‘l't'l
1954 4279 2089 4332 civi-

497 4392 663 4438 tatem
697 4381 973 4436 idolorum
1007 4376 1178 4432 cultui
1202 4375 1367 4449 _valde
1396 4373 1658 4428 deditam.

566 4549 892 4618 VEBSCHO.
921 4579 939 4609 ‹
973 4556 1203 4628 Ignitum
1226 4550 1500 4621 eloquium
1529 4557 1685 4603 tuum
1707 4546 2080 4607 vehementer,

494 4665 553 4708 et
578 4670 772 4710 servus
793 4662 918 4706 tuus
941 4649 1133 4703 dilexit
1154 4645 1307 4700 illud.
1336 4663 1354 4696 ι
1386 4642 1680 4702 Probatus,
1708 4639 1804 4703 ait,
1831 4648 1886 4692 et
1912 4650 2080 4707 purus

500 4757 626 4800 tuus
661 4750 863 4806 sermo,
895 4750 949 4795 et
996 4741 1065 4793 ab
1103 4737 1252 4791 omni
1296 4733 1720 4805 reprehensione
1768 4733 1901 4785 liber
1934 4746 1948 4781 :
1981 4743 2081 4797 ego

501 4847 629 4888 vero
659 4830 871 4885 ardenti
904 4829 1079 4898 ipsius
1105 4841 1293 4881 amore
1326 4834 1538 4878 teneor.

573 5010 740 5065 Vens.
775 5009 901 5065 Ml.
944 5026 962 5057 ι
1002 5003 1457 5059 Adolescentulus
1508 5018 1631 5058 sum
1680 5016 1800 5070 ego,
1848 5006 1903 5052 et
1949 5013 2083 5052 con-

500 5098 767 5170 temptus,
820 5094 1280 5166 justiﬁcationum
1345 5102 1562 5147 tuarum
1625 5106 1736 5145 non
1787 5104 1907 5144 sum
1938 5088 2081 5144 obli-

501 5206 608 5249 tus.
661 5211 680 5245 ι
733 5190 967 5257 Quando
1028 5186 1171 5242 Deus
1218 5187 1405 5241 divino
1443 5184 1684 5239 Samueli
1733 5182 1904 5253 jussit
1947 5181 1964 5221 ί
2021 5188 2082 5234 ιιι

566 5304 586 5346 ῐ
616 5304 788 5360 lCor.
821 5320 918 5369 xu,
947 5303 1038 5357 26.

1143 5303 1168 5341 ε
1195 5299 1239 5355 ιι
1262 5298 1391 5365 Cor,
1424 5313 1501 5365 ιι,
1531 5298 1623 5352 29.
1712 5296 1742 5336 ιι
1783 5299 1905 5351 Act.
1937 5311 2070 5359 xvn,
2102 5294 2192 5350 l6.

2183 535 2278 588 καὶ
2337 534 2599 601 εὔξασθαι
2648 535 3009 607 παρεγγύησε
3055 537 3130 609 μὴ
3165 538 3429 592 εἰσελθεῖν
3452 542 3537 604 εἰς
3568 558 3772 611 πειραο

2185 626 2344 695 σμόν.
2406 628 2706 697 Συμϐαίνει
2764 629 2945 683 τοίνυν
3000 632 3114 692 τοῖς
3151 631 3532 699 εὐαγγελικοῖς
3581 634 3775 704 νόμοις

2182 721 2277 772 καὶ
2300 720 2391 772 τοῦ
2435 723 2477 773 Π
2488 723 2722 791 ροφήτου
2752 724 2784 790 ἠ
2816 723 3118 792 προσευχή.

2258 811 2383 879 ρλε’.
2420 829 2438 861 ι
2480 813 2554 864 Τὸ
2588 813 2878 882 πρόσωπόν
2906 832 2998 866 σου
3025 814 3294 883 ἐπίφανον
3338 817 3434 870 ἐπὶ
3462 816 3551 870 τὸν
3583 819 3774 873 δοῦλόν

2187 919 2305 966 σου,
2336 904 2432 955 καὶ
2463 902 2673 969 δίδαξὸν
2710 922 2777 973 με
2806 906 2874 957 τὰ
2915 906 3268 977 δικαιώματά
3301 917 3419 965 oon.
3456 929 3474 962 ι
3514 910 3774 983 Ἀσὼμα-

2182 1011 2274 1046 τον
2303 995 2402 1064 μὲν
2420 995 2479 1046 τὸ
2499 995 2673 1060 Θεῖον,
2701 998 2796 1050 καὶ
2818 997 3043 1062 ἁπλοῦν,
3069 1000 3162 1051 καὶ
3185 1000 3502 1056 ἀσύνθετον.
3518 1004 3776 1073 Σωματι-

2185 1084 2322 1136 κὼτε
2333 1102 2422 1155 ρον
2452 1087 2510 1139 δὲ
2541 1087 2635 1139 καὶ
2666 1087 3024 1159 παχύτερονὴ
3061 1089 3180 1143 θεία
3209 1092 3402 1162 Γραφὴ
3442 1096 3571 1166 περὶ
3603 1095 3772 1149 αὑτοῦ

2183 1177 2516 1246 διαλέγεται,
2568 1182 2635 1249 τῇ
2670 1180 2832 1246 φύσει
2880 1184 2943 1252 τῇ
2986 1183 3093 1234 τῶν
3125 1183 3434 1254 ἀνθρώπων
3486 1188 3775 1259 μετροῦσα

2183 1270 2310 1331 τοὺς
2368 1270 2582 1338 λόγους.
2641 1272 2945 1343 Τοιγαροῦν
2993 1274 3087 1326 τοῦ
3124 1275 3267 1328 θείου
3322 1278 3617 1347 προσώπου
3671 1281 3775 1348 τὴν

2185 1361 2507 1429 ἐπιφάνειαν
2538 1363 2758 1433 νοητέον
2789 1363 2890 1430 τὴν
2939 1364 3092 1417 λύσιν
3149 1366 3259 1418 τῶν
3325 1368 3611 1439 λυπηρῶν,
3675 1373 3774 1425 καὶ

2182 1451 2282 1522 τὴν
2312 1452 2419 1504 τῶν
2452 1454 2676 1522 ἀγαθῶν
2696 1455 2986 1525 χορηγίαν.

2257 1542 2399 1615 ρλς’.
2435 1561 2453 1594 ι
2485 1544 2765 1609 Διεξόδους
2789 1544 2836 1577 ’⁵³
2866 1546 3073 1600 ὑδάτων
3115 1548 3418 1602 κατέδυσαν
3475 1553 3525 1603 oi
3565 1552 3771 1620 ὀφθαλ-

2188 1634 2278 1705 μοί
2303 1652 2427 1705 μου,
2459 1637 2581 1688 ἐπεὶ
2614 1637 2718 1691 ούκ
2748 1637 2990 1706 ἐφύλαξα
3016 1638 3059 1669 ⁸⁸
3090 1639 3181 1692 τὸν
3210 1639 3375 1710 νόμον
3407 1658 3523 1697 σου.
3565 1660 3584 1693 ι
3605 1644 3768 1698 Ἀπο-

2187 1728 2433 1790 στολικὸς
2462 1733 2556 1781 καὶ
2587 1723 2740 1793 οὗτος
2769 1732 2797 1783 6
2820 1730 3005 1800 νόμος,
3045 1748 3063 1780 ι
3105 1732 3170 1785 Ei
3198 1733 3308 1801 γὰρ
3340 1735 3549 1806 πάσχῃ,
3577 1753 3650 1807 φη
3662 1738 3771 1803 σ’ίν,

2186 1818 2243 1871 ἓν
2269 1818 2446 1889 μέλος,
2476 1820 2809 1890 συμπάσχει,
2841 1822 2976 1891 φησὶ
3008 1822 3074 1887 ⁸⁸,
3107 1824 3283 1877 πάντα
3310 1825 3378 1878 τὰ
3407 1826 3569 1896 μέλη.
3608 1846 3627 1879 ι
3658 1830 3774 1899 Τὴν

2185 1910 2545 1982 εὐαγγελικὴν
2578 1912 2757 1966 τοίνυν
2801 1915 2830 1966 6
2872 1914 3164 1985 Προφήτης
3197 1916 3524 1986 μετέρχεται
3571 1918 3779 1974 τελειό-

2185 2019 2347 2072 τητα,
2411 2002 2511 2066 τὰς
2566 2003 2675 2058 τῶν
2726 2003 2903 2057 ἄλλων
2954 2007 3303 2076 παρανομίας
3336 2008 3772 2080 ὀλοφυρόμενος.

2184 2094 2503 2162 Διεξόὸους
2554 2095 2613 2149 δὲ
2672 2096 2914 2151 ὑδάτων
2969 2097 3032 2150 τὸ
3081 2098 3288 2168 πλῆθος
3340 2100 3450 2152 τῶν
3511 2101 3775 2174 δακρύων

2185 2185 2467 2250 ἐκάλεσεν,
2499 2186 2622 2241 ἀντὶ
2644 2185 2762 2250 τοῦ,
2796 2186 3110 2257 Κρουνηδόν
3143 2188 3343 2259 ἕτερον
3367 2188 3411 2221 ⁸⁷
3437 2191 3506 2244 τὰ
3532 2192 3769 2263 δάκρυα,

2182 2275 2283 2340 τὰς
2303 2276 2411 2330 τῶν
2440 2276 2746 2349 ἀνθρώπων
2776 2278 3129 2349 παρανομίας
3150 2278 3446 2348 θεώμενος.

2260 2365 2390 2437 ρλξ,
2409 2364 2547 2438 pm.
2568 2386 2587 2419 ι
2610 2368 2828 2433 Δίκαιος
2849 2364 2919 2437 εἷ,
2936 2370 3238 2442 Κύριε,κα”ί
3272 2373 3453 2437 εὐθεῖς
3480 2376 3534 2428 ai
3557 2374 3773 2445 κρίσεις

2185 2478 2302 2517 σου.
2353 2462 2638 2516 Ἔνετείλω
2669 2461 3022 2532 δικαιοσύνην
3073 2464 3141 2517 τὰ
3176 2464 3459 2536 μαρτύριά
3505 2483 3621 2532 σου,
3672 2468 3772 2521 καὶ

2183 2553 2438 2625 ἀλήθειαν
2498 2553 2723 2625 σφόδρα.
2785 2573 2805 2606 ι
2863 2555 3098 2620 Δικαίως
3159 2556 3379 2611 ἅπαντα
3435 2558 3663 2622 διέπεις,
3723 2554 3772 2613 ὧ

2183 2647 2455 2711 Δέσποτα,
2508 2647 2601 2700 καὶ
2643 2647 2753 2699 τῶν
2805 2645 3111 2717 ἀνθρώπων
3156 2648 3478 2719 κηδόμενος,
3537 2651 3632 2702 καὶ
3682 2649 3772 2704 δι-

2184 2737 2485 2809 καιοσύνης
2517 2739 2757 2809 ὲργάτας
2782 2739 3065 2810 ἀποφῆναι
3090 2738 3435 2809 βουλόμενος.
3471 2742 3581 2794 Καὶ
3604 2742 3774 2811 νόμον

2184 2829 2426 2897 ἔδωκας,
2509 2831 2605 2883 καὶ
2668 2830 3019 2905 διαμαρτύρῃ
3085 2831 3213 2894 τοὺς
3294 2832 3773 2904 παραϐαίνοντας,

2182 2923 2374 2986 ὁποίας
2395 2922 2608 2976 τίσουσι
2656 2922 2835 2989 δίκας,
2874 2923 2966 2977 καὶ
3000 2925 3237 2995 ὑπισχνῇ
3285 2928 3400 2988 τοῖς
3442 2927 3774 2995 φυλάττουσι

2184 3014 2285 3077 τὰς
2348 3014 2559 3081 ἀγαθὰς
2597 3013 2919 3078 ἀντιδόσεις,
2954 3014 3048 3067 καὶ
3105 3014 3342 3084 βεϐαιοῖς
3399 3016 3495 3079 τὰς
3529 3019 3776 3085 ἐπαγγε-

2109 3126 2153 3185 c
2188 3104 2309 3169 λίας
2356 3107 2470 3168 τοῖς
2536 3104 2740 3176 ἔργοις.
2793 3103 2968 3159 Τοῦτο
2990 3106 3097 3176 γὰρ
3154 3104 3305 3176 δηλοῖ
3324 3106 3394 3166 ,τὸ
3455 3106 3778 3175 ’Μήθειαν

2191 3197 2451 3267 σφόδρα.

2264 3291 2399 3362 ρλϐ’.
2433 3308 2452 3341 ‹
2503 3290 2757 3361 Ἐξέτηξέ
2789 3306 2857 3361 με
2884 3293 2913 3344 ὁ
2942 3290 3105 3361 ζῆλός
3128 3308 3220 3344 σου
3243 3291 3310 3357 ⁸⁸,
3336 3293 3419 3345 ὅτι
3449 3292 3779 3349 ἐπελάθοντο

2191 3380 2302 3434 τῶν
2330 3380 2504 3448 λόγων
2543 3398 2637 3435 σου
2667 3384 2717 3434 οἱ
2746 3381 2933 3453 ἐχθροί
2958 3397 3083 3451 μου.
3129 3399 3150 3433 ι
3184 3382 3295 3434 Καὶ
3354 3382 3486 3446 τοὺς
3539 3398 3781 3456 παριιινο⁴

2197 3471 2296 3541 μία
2325 3470 2604 3535 συζῶντας
2644 3473 2673 3523 6
2702 3472 2997 3541 Προφήτης
3031 3471 3241 3541 θρηνεῖ,
3276 3471 3373 3524 καὶ
3401 3472 3783 3543 καταφρονού-

2196 3579 2355 3633 μενον
2377 3562 2520 3633 ὁρῶν
2546 3563 2637 3616 τὸν
2651 3562 2971 3635 νομοθέτην,
2995 3563 3219 3626 ἐνδίκως
3243 3564 3571 3631 ἀγανακτεῖ.
3608 3560 3783 3632 Οὗτος

2189 3655 2218 3707 6
2252 3653 2420 3724 ζῆλος
2449 3655 2545 3708 τὸν
2574 3657 2765 3718 Φινεὲς
2824 3655 3190 3727 ἀνεκήρυξεν.
3220 3649 3391 3718 Οὗτος
3446 3653 3543 3713 ,τὸν
3601 3657 3781 3725 μέγαν

2208 3746 2396 3800 Ἠλίαν
2427 3747 2673 3818 ἀοίδιμον
2735 3746 3053 3801 ἀπετέλεσε.
3104 3747 3292 3818 Τούτῳ
3328 3745 3782 3818 πυρπολούμενος

2194 3836 2277 3909 [θ’
2313 3838 2342 3890 6
2369 3837 2702 3910 καλλίνικος]
2737 3838 3009 3906 Στέφανος
3058 3837 3159 3909 τὴν
3214 3837 3485 3890 Ἰουδαίων
3513 3838 3781 3891 ἀπιστίαν

2192 3929 2464 4000 διήλεγξε.
2515 3930 2716 3983 Τοῦτον
2759 3932 2816 3983 ὲν
2856 3930 3034 4000 ἑαυτῷ
3083 3929 3402 4000 περιφέρων
3429 3931 3457 3982 6
3488 3930 3782 3993 θεσπέσιος

2194 4020 2411 4083 Παῦλος
2444 4020 2573 4073 ἐϐόα
2605 4021 2802 4089 λέγων,
2842 4038 2861 4071 ι
2901 4022 2998 4083 Τίς
3029 4019 3266 4085 ἀσθενεῖ,
3296 4020 3391 4072 καὶ
3404 4020 3505 4073 οὐκ
3526 4019 3775 4086 ἀσθενῶς

2192 4111 2276 4175 τίς
2298 4112 2738 4178 σκανδαλίζεται,
2787 4114 2881 4164 καὶ
2907 4113 3009 4165 οὐκ
3042 4110 3152 4180 ἐγὼ
3193 4111 3477 4182 πυροῦμαι
3503 4128 3519 4177 ;
3551 4129 3569 4162 ι
3610 4113 3723 4165 Καὶ
3750 4114 3780 4166 6

2197 4206 2469 4277 μακάριος
2513 4206 2569 4259 δὲ
2631 4207 2845 4270 Λουκᾶς
2904 4205 3033 4275 περὶ
3090 4205 3259 4259 αὑτοῦ
3310 4220 3516 4273 φησιν,
3571 4205 3649 4267 ὡς
3711 4207 3775 4257 ὲν

2205 4299 2459 4368 Ἀθήναις
2492 4299 2768 4368 συνείχετο
2804 4298 2865 4351 τὸ
2892 4298 3111 4367 πνεῦμα
3149 4296 3315 4350 αὐτοῦ
3365 4298 3423 4349 ὲν
3463 4296 3612 4365 αὐτῷ
3648 4296 3782 4350 θεω-

2194 4391 2379 4461 ροῦντι
2417 4390 2742 4444 κατείδωλον
2784 4388 2950 4444 οὖσαν
2979 4389 3079 4460 τὴν
3118 4389 3297 4443 πόλιν.

2264 4554 2374 4618 ρμθ.
2417 4566 2435 4598 ι
2478 4546 2882 4616 Πεπυρωμένον
2916 4544 2975 4596 τὸ
3013 4545 3195 4606 λόγιόν
3238 4561 3333 4598 σου
3383 4545 3611 4615 σφόδρα,
3680 4544 3782 4596 καὶ

2189 4637 2216 4689 6
2249 4634 2434 4698 δοῦλός
2465 4652 2557 4688 σου
2580 4634 2870 4704 ἠγάπησεν
2905 4633 3058 4686 αὐτό.
3087 4651 3105 4682 ι
3144 4632 3399 4702 Δόκιμος,
3430 4632 3621 4700 φησὶν,
3658 4633 3781 4684 ἐστὶ

2190 4729 2284 4781 καὶ
2315 4725 2604 4795 ἁκίϐδηλος
2633 4726 2660 4776 ὁ
2703 4724 2792 4788 σὸς
2820 4724 3001 4792 λόγος,
3035 4722 3130 4776 καὶ
3169 4721 3363 4792 μώμου
3389 4721 3589 4783 παντὸς
3622 4721 3781 4773 ἐλεύ-

2190 4819 2387 4890 θεροςο
2418 4817 2530 4884 ἐγὼ
2565 4817 2624 4869 δὲ
2675 4819 2806 4884 περὶ
2865 4814 3055 4869 τοῦτον
3118 4812 3320 4885 θερμὸν
3380 4813 3489 4884 ἔχω
3545 4812 3607 4866 τὸ
3654 4812 3780 4881 φίλ-

2188 4929 2317 4984 τρον
2346 4913 2412 4965 ⁸ο.

2264 5009 2413 5074 ρμα¹.
2443 5020 2462 5053 ι
2497 5000 2786 5071 Νεώτερος
2836 4997 2948 5066 ἐγώ
2980 4998 3117 5068 εἰμι,
3164 4996 3260 5049 καὶ
3318 4994 3775 5065 ὲξουδενωμένος,

2187 5093 2259 5146 τὰ
2307 5091 2659 5163 δικαιώματά
2686 5106 2782 5143 σου
2814 5090 2916 5142 οὐκ
2945 5087 3315 5159 ὲπελαθόμην⁶
3354 5108 3372 5140 ι
3444 5086 3642 5140 Ἡνίκα
3701 5086 3779 5157 τῷ

2189 5182 2319 5255 θείῳ
2352 5183 2609 5254 Σαμουὴλ
2649 5179 3046 5253 παρηγγύησεν
3072 5180 3101 5232 6
3138 5180 3270 5244 Θεὸς
3296 5180 3392 5234 ἕνα
3430 5179 3537 5234 τῶν
3568 5180 3781 5233 παίδων

2298 5308 2315 5335 ι
2357 5293 2372 5347 1
2408 5293 2542 5364 Reg.
2570 5308 2682 5359 xw,
2712 5292 2856 5347 i-i5.

1612 5413 1854 5470 VARUE
1884 5410 2274 5468 LECTIONES
2312 5411 2399 5465 ΕΤ
2427 5408 2659 5467 NOTAE.

576 5514 625 5549 “
648 5512 771 5571 cod.
810 5516 831 5568 Ι
877 5512 1440 5584 συκοφαντουμένους.
1507 5512 1552 5545 ἰδ
1573 5512 1891 5584 Διεξόδους
1913 5541 1985 5551 -
2014 5511 2084 5579 ὀφ

2191 5528 2330 5584 μοι).
2384 5508 2531 5563 Hebr
2563 5526 2576 5561 :
2604 5506 3016 5584 Rivi_aqu_arum
3066 5505 3441 5584 descenderunt
3484 5516 3549 5584 ea:
3608 5502 3781 5584 oculis

498 5588 648 5639 meis.
692 5584 800 5638 Pro
828 5581 1132 5638 κατέδυσαν
1170 5581 1294 5639 cod.
1329 5581 1452 5638 Vat.
1487 5584 1647 5636 habet
1705 5581 2039 5650 κατέϐησαν,
2072 5599 2084 5633 ι

2186 5581 2474 5642 renderunt,

672 5655 872 5722 p.656,
905 5655 1035 5708 edit.
1064 5653 1265 5709 Bened.
1301 5654 1442 5707 ltlcm
1474 5653 1600 5721 legit
1628 5652 1694 5704 δι’
1730 5652 1943 5717 ἐξόδους
1976 5667 2073 5718 pro
2098 5650 2388 5722 διεξόδους.

501 5664 544 5711 ι.
576 5655 640 5719 ll,

502 5737 647 5776 runt.
676 5721 685 5722 7
720 5721 768 5754 “
796 5724 974 5789 Φησι.
1008 5725 1178 5777 Abest
1206 5741 1236 5777 a
1295 5722 1418 5777 cod.
1461 5723 1510 5775 i.
1614 5723 1658 5752 "
1690 5722 1764 5774 ib.
1800 5721 2080 5789 ἐφέροντο.

2523 5592 2686 5647 quam
2740 5571 3030 5647 lectionem
3087 5576 3351 5647 sequitur
3385 5573 3576 5627 Ambr.
3634 5571 3777 5647 Opp.

2467 5649 2510 5681 “’
2539 5643 2660 5703 cod.
2698 5647 2852 5700 Alex.
2904 5643 3199 5713 ἐφύλαξαν.
3257 5643 3424 5698 Hebr.
3476 5643 3783 5697 custodire-

2185 5713 2231 5752 ⁸⁸
2276 5720 2329 5772 '0
2361 5717 2536 5786 ζ’ἦλός
2570 5733 2708 5773 σου.
2750 5715 2928 5784 Ιηιρὶιτ.
2966 5716 3108 5770 zelus
3145 5732 3310 5770 meus.
3421 5715 3464 5747 δ’
3494 5713 3535 5766 Ε
3561 5714 3686 5768 cod.
3724 5714 3777 5769 Ι.

510 5792 557 5825 ⁸⁸
591 5792 668 5846 Τὸ
703 5792 975 5860 φίλτρον.
998 5793 1123 5848 cod.
1149 5793 1175 5846 1
1204 5793 1297 5847 τὸν
1324 5791 1508 5858 ζῆλον,
1531 5791 1761 5860 ascripta
1791 5800 1974 5845 tamen
2031 5789 2084 5845 le

2186 5804 2269 5846 me
2302 5791 2490 5844 altera.
