4128 6446
378 348 514 420 1865

1692 340 1768 404 IN
1804 343 2007 403 ΓΒΗ..
2054 339 2321 400 CXVIII.

3494 327 3642 393 1866

372 470 469 523 τοῦ
521 469 722 523 Ἰεσσαὶ
758 466 983 539 βασιλέα
1016 463 1418 537 χειροτονῆσαι,
1454 462 1580 524 τοὺς
1637 461 1736 530 μὲν
1763 459 1955 519 ἄλλους

2083 469 2231 507 mum
2269 468 2332 508 cx
2367 451 2490 507 ﬁliis
2520 449 2672 506 Iesse
2703 463 2882 521 regem
2905 458 3142 511 crearet,
3177 446 3317 503 alios
3349 446 3569 517 quidem
3595 455 3648 500 et

371 564 469 616 καὶ
500 560 685 635 ῥώμῃ.
725 560 819 615 καὶ
854 558 1107 629 δυνάμει.
1138 556 1233 610 καὶ
1265 555 1452 609 κάλλει
1487 552 1737 623 σώματος
1795 567 1956 603 7.5m-

379 653 701 725 σμημένους
756 651 1167 721 ἀπεδοκίμασεν
1194 648 1463 711 ἅπαντας,
1499 646 1662 717 ἤρετο
1708 643 1763 696 δὲ
1790 642 1885 695 τοῦ
1916 643 1955 675 ⁸¹

389 743 591 798 Ἰεσσαὶ
618 744 667 796 εί
700 741 1009 795 ἐκλελοίπει
1046 740 1095 773 ⁸¹
1123 740 1191 795 τά
1251 738 1547 809 παιδάρια’
1582 735 1677 789 τοῦ
1711 734 1767 787 δὲ
1809 736 1957 805 εἰρηο

383 838 543 901 κότος
569 837 639 900 ⁸⁸,
676 833 1067 904 ὑπολελεῖφθαι
1111 833 1400 904 μειράκιον
1444 829 1699 901 σμικρὸν,
1758 828 1787 880 ὃ
1844 843 1964 878 ποι-

380 926 569 998 μαίνει
597 926 667 980 τὰ
713 927 965 995 ποίμνια,
1025 925 1119 978 καὶ
1171 915 1638 993 ὡς’-ἀνάρμοστον
1691 919 1961 992 βασιλείᾳ,

378 1015 672 1069 ἐκέλευσεν
710 1017 737 1068 6
782 1016 1067 1085 προφήτης
1106 1012 1303 1066 τοῦτον
1352 1012 1623 1083 ἀχθῆναι,
1669 1011 1763 1063 καὶ
1814 1011 1963 1081 ἔχρι-

381 1123 477 1161 σεν
507 1106 842 1176 ἀφικόμενον
894 1107 1260 1176 παραχρῆμα.
1297 1103 1517 1175 Ταύτης
1578 1103 1814 1157 ἐνταῦθα
1867 1103 1965 1173 τῆς

381 1196 602 1266 δωρεᾶς
641 1198 670 1248 6
701 1197 997 1266 Προφήτης
1026 1195 1299 1267 ἐμνήσθη.
1343 1195 1438 1247 καὶ
1467 1194 1623 1263 φησί·
1685 1193 1797 1245 Καὶ
1846 1192 1966 1246 νέον

379 1287 514 1340 ὄντα
567 1304 659 1357 με,
688 1287 782 1339 καὶ
815 1289 927 1348 τοῖς
953 1284 1346 1354 γεγεννηκὸσιν
1398 1283 1588 1353 εὐτελῆ
1621 1280 1964 1352 νομισθέντα,

384 1376 452 1428 σὺ
474 1374 748 1444 τοσαύτης
785 1374 1027 1445 ἠξίωσας
1054 1374 1296 1444 χάριτος,
1329 1373 1425 1425 καὶ
1487 1374 1776 1444 προφήτην
1830 1372 1968 1441 ὁμοῦ

379 1465 480 1518 καὶ
508 1464 735 1535 βασιλέα
774 1464 1087 1534 πεποίηκας
1113 1481 1129 1495 ο
1158 1458 1220 1518 οὗ
1245 1462 1308 1533 δὴ
1329 1465 1492 1534 χάριν
1526 1464 1622 1518 σὺν
1661 1464 1811 1538 πάσῃ
1836 1480 1970 1537 προ-

381 1554 563 1626 θυμίᾳ
595 1555 666 1609 τὰ
691 1556 759 1609 σὰ
787 1556 1083 1624 φυλάττειν
1111 1556 1335 1626 ἐφίεμαι
1362 1553 1730 1626 δικαιώματα.

458 1645 605 1718 ρμβ’.
646 1665 666 1699 ι
715 1647 778 1701 Ἦ
800 1646 1116 1719 δικαιοσύνη
1145 1664 1241 1700 σου
1266 1646 1579 1719 δικαιοσύνη
1607 1648 1689 1712 είς
1717 1647 1807 1702 τὸν
1835 1647 1970 1702 αἰῶ-

382 1755 476 1803 να,
511 1738 609 1792 καὶ
633 1739 663 1791 6
684 1736 852 1807 νόμος
876 1754 974 1791 σου
1007 1737 1264 1809 ἀλήθεια.
1307 1755 1327 1789 ι
1371 1736 1432 1790 '0
1462 1738 1573 1801 τοῖς
1605 1736 1970 1807 ἀνθρωπίνοις

2066 545 2283 610 rubore,
2320 552 2374 597 et
2414 541 2679 612 potentia,
2714 550 2768 595 et
2792 540 3043 610 corporis
3074 538 3488 610 pulchritudine
3516 551 3653 605 pra.-

2063 635 2207 689 ditos
2273 648 2467 688 omnes
2532 632 2833 702 prasteriit;
2904 639 3257 701 percontatus
3310 639 3393 683 est
3468 637 3650 682 autem

2062 726 2237 792 Jesse,
2273 741 2342 781 an
2391 726 2590 796 reliqui
2641 712 2776 779 nulli
2827 734 3012 780 essent
3053 724 3170 789 ﬁlii,
3219 724 3330 793 ipse
3379 736 3519 777 vero.
3561 734 3652 774 re-

2065 817 2286 888 spondit
2341 832 2569 887 parrum
2604 831 2832 886 puerum
2863 817 3133 886 reliquum
3169 831 3309 881 esse,
3342 816 3434 885 qui
3461 830 3652 885 greges

2068 918 2333 979 pasceret,
2362 919 2525 980 atque
2548 911 2613 963 ad
2656 925 2878 979 regnum
2905 909 3398 964 administrandum
3436 909 3654 977 ineptus

2066 1010 2233 1053 esset.
2255 986 2530 1068 Propheta
2570 1008 2752 1053 autem
2800 999 2948 1053 hunc
2988 999 3053 1052 ad
3086 1014 3143 1053 se
3164 998 3361 1052 adduci
3386 999 3573 1068 jussit,
3600 1009 3656 1053 et

2072 1104 2193 1143 cum
2219 1088 2477 1154 venisset,
2498 1088 2643 1142 illico
2664 1090 2837 1143 unxit.
2866 1088 3043 1157 Hujus
3071 1088 3317 1142 muneris
3336 1089 3437 1142 hoc
3458 1089 3510 1141 in
3531 1088 3656 1143 loco

2075 1177 2344 1250 Propheta
2380 1181 2653 1245 meminit,
2686 1188 2740 1235 et
2766 1180 2841 1233 ait
2886 1197 2900 1233 :
2940 1180 3002 1233 Et
3046 1195 3171 1235 cum
3201 1179 3421 1249 juvenis
3449 1194 3653 1244 essent,

2073 1284 2236 1342 atque
2276 1287 2305 1325 a
2338 1272 2678 1342 genitoribus
2723 1272 2950 1326 minime
3005 1272 3236 1326 idoneus
3271 1271 3486 1325 habitus
3522 1270 3657 1324 fuis-

2073 1381 2212 1432 sem,
2247 1374 2397 1421 tanta
2427 1368 2599 1438 gratia
2626 1383 2711 1421 me
2738 1366 2992 1437 dignatus
3015 1382 3096 1430 cs,
3126 1381 3190 1422 ac
3222 1366 3543 1436 prophetam
3576 1367 3654 1419 si-

2074 1453 2188 1509 mul
2227 1463 2281 1510 et
2334 1472 2518 1526 regem
2571 1470 2656 1512 me
2694 1455 2872 1512 fecisti
2916 1474 2930 1510 :
2982 1462 3314 1525 quapropter
3346 1471 3471 1509 cum
3506 1471 3657 1509 omn.

2073 1548 2355 1603 alacritate
2390 1557 2484 1604 tua
2517 1550 2775 1604 mandata
2805 1548 3088 1604 custodire
3118 1542 3391 1602 desidero.

2147 1638 2312 1697 Vens.
2351 1641 2473 1695 142.
2512 1661 2531 1693 ι
2563 1630 2783 1697 .lustitia
2814 1638 3030 1714 1474
3063 1651 3152 1694 tua
3179 1641 3393 1711 justitia
3422 1641 3475 1694 in
3507 1651 3664 1696 mter-

2076 1749 2231 1800 num,
2257 1741 2311 1789 et
2342 1733 2427 1788 lex
2460 1742 2550 1788 tua
2575 1733 2798 1788 veritas.
2840 1753 2858 1784 ι
2896 1733 2999 1798 Qui
3033 1732 3292 1788 humanis
3322 1733 3535 1804 legibus
3562 1735 3663 1788 ob-

383 1826 578 1898 νόμοις
609 1825 932 1897 πειθόμενος
965 1827 1087 1881 ούδέ
1113 1824 1258 1881 κατά
1303 1825 1397 1881 τὸν
1431 1826 1677 1898 παρόντα
1729 1824 1845 1896 βίον
1872 1826 1973 1896 τῆς

2083 1839 2364 1903 temperat,
2400 1846 2501 1886 nec
2533 1830 2586 1884 in
2618 1829 2873 1901 praesenti
2908 1828 3016 1884 vita
3046 1843 3076 1881 a
3129 1828 3441 1899 legislatore
3484 1830 3665 1883 ιιυιιο-

385 1918 543 1990 παρὰ
569 1916 682 1971 τῶν
706 1916 1153 1987 νομοθετούντων
1190 1917 1458 1972 ἀπολαύει
1478 1919 1647 1987 τιμῆς
1671 1933 1686 1948 ο
1704 1918 1733 1970 6
1757 1915 1815 1971 δέ
1851 1919 1972 1982 ταῖς

2083 1941 2191 1981 rem
2226 1924 2588 1994 consequitur
2622 1940 2636 1977 :
2671 1921 2765 1993 qui
2796 1931 2979 1976 autem
3012 1920 3197 1975 divina
3226 1921 3476 1990 sequitur
3507 1937 3666 1976 man-

386 2008 565 2073 θείαις
580 2007 891 2063 ἀκολουθῶν
917 2008 1183 2075 ἐντολαῖς,
1208 2010 1398 2081 μισθὸν
1414 2008 1648 2080 ἐχειτῶν
1670 2009 1848 2062 πόνων
1876 2010 1974 2080 τὴν

2083 2017 2226 2082 data,
2272 2017 2523 2073 laborum
2578 2014 2887 2070 mercedem
2943 2013 3109 2068 habet
3160 2015 3327 2067 vitam
3381 2021 3496 2067 :ete.
3516 2028 3664 2069 nam.

383 2101 539 2174 ζωὴν
562 2100 661 2172 τὴν
700 2099 945 2156 αἰώνιον.
977 2102 1089 2156 Καὶ
1115 2101 1167 2155 οί
1198 2102 1355 2172 νόμοι
1389 2101 1450 2155 δέ
1476 2103 1525 2155 οί
1553 2101 1887 2173 ἁνθρώπειοι
1912 2102 1973 2154 ού

388 2195 617 2259 πάντως
666 2194 870 2258 πάντες
909 2194 971 2248 τὸ
1012 2193 1223 2248 δίκαιον
1270 2194 1489 2265 έχουσι·
1522 2195 1552 2248 6
1599 2193 1657 2247 δέ
1706 2194 1800 2247 τοῦ
1838 2194 1974 2248 Θεοῦ

387 2288 558 2359 νόμος
612 2286 844 2359 ἀληθείᾳ
894 2286 1301 2359 λαμπρύνεται.
1336 2287 1578 2352 Εἰκότως
1623 2287 1807 2341 τοίνυν
1848 2287 1974 2361 ἔφη·

393 2399 417 2434 ε
477 2379 543 2434 Ἦ
590 2379 907 2450 δικαιοσύνη
950 2395 1043 2433 σου
1106 2378 1425 2449 δικαιοσύνη
1486 2381 1569 2444 είς
1617 2380 1708 2434 τὸν
1761 2381 1933 2434 αίῶνα
1961 2420 1976 2447 ,

388 2475 492 2529 καὶ
519 2475 549 2529 6
576 2474 740 2544 νόμος
782 2490 876 2527 σου
904 2472 1157 2545 ἀλήθεια.
1193 2492 1213 2525 ι

469 2571 617 2635 ρμγ’.
657 2583 676 2615 ι
708 2563 933 2635 Θλίψεις
966 2565 1064 2618 καὶ
1097 2563 1338 2633 ἀνάγκαι
1357 2564 1592 2636 εὖροσὼι
1613 2574 1704 2636 με.
1736 2583 1755 2616 ι
1794 2565 1981 2620 Ταῦτα

391 2658 507 2730 γὰρ
540 2657 895 2724 συνέζευκται
920 2661 1036 2723 τοῖς
1064 2660 1326 2730 ἐρασταῖς
1358 2657 1406 2691 ³⁸
1433 2657 1536 2729 τῆς
1567 2658 1796 2729 ἀρετῆς.
1862 2676 1882 2708 ‹
1914 2660 1980 2713 Δί

392 2749 612 2804 ἐντολαί
644 2767 740 2804 σου
774 2750 974 2821 μελέτη
1004 2766 1127 2820 μου.
1172 2768 1191 2802 ι
1240 2750 1337 2803 Ἐκ
1362 2751 1464 2819 τῆς
1510 2748 1622 2820 γὰρ
1658 2747 1869 2802 τούτων
1910 2749 1983 2802 δι-

390 2842 700 2907 δασκαλίας
719 2842 818 2915 τὴν
846 2842 1072 2915 ἀνδρίαν
1105 2841 1380 2914 μανθάνω,
1411 2841 1505 2895 καὶ
1535 2840 1690 2912 φέρω
1714 2841 1982 2911 γενναίως

391 2936 468 2989 τὰ
493 2933 738 3007 λυπηρά.

477 3025 619 3096 ρμδ’.
667 3042 686 3076 ι
714 3024 1047 3094 Δικαιοσύνη
1073 3023 1142 3077 τὰ
1194 3023 1472 3095 μαρτύριά
1498 3041 1593 3079 σου
1623 3025 1705 3088 είς
1732 3022 1824 3076 τὸν
1846 3020 1983 3075 αίῶ-

396 3135 487 3173 να.
520 3135 540 3169 ι
611 3117 758 3170 Ἀντὶ
800 3115 920 3179 τοῦ,
986 3115 1228 3188 Πρόξενα
1250 3115 1358 3169 τῶν
1384 3115 1620 3169 αἰωνίων
1663 3113 1813 3168 ἐστὶν
1842 3114 1980 3181 ἀγα-

397 3212 535 3267 θῶν.
570 3226 590 3263 ι
631 3210 917 3275 Συνέτισόν
951 3226 1045 3280 με,
1081 3211 1175 3262 καὶ
1202 3208 1460 3279 ζήσομαι.
1490 3226 1509 3259 ι
1565 3207 1703 3261 Ὑπὸ
1734 3205 1828 3261 σοῦ
1875 3207 1981 3276 γὰρ

399 3304 774 3374 φωτιζόμενος
797 3302 899 3372 τῆς
924 3300 1162 3371 ἀληθοῦς
1191 3300 1336 3372 ζωῆς
1365 3297 1750 3368 ἀπολαύσομαι
1770 3298 1839 3353 ⁸⁸.

478 3401 626 3464 ρμε⁹.
653 3414 673 3447 ‹
721 3393 1029 3465 Ἐκέκραξα
1062 3395 1119 3445 ἐν
1156 3394 1255 3465 ὅλῃ
1285 3392 1482 3463 καρδίᾳ
1515 3408 1641 3462 μου,
1676 3390 1988 3443 ἐπάκουσόν

405 3507 535 3562 μου,
562 3488 763 3558 Κύριε,
787 3489 857 3541 τά
883 3486 1236 3557 δικαιώματά
1271 3502 1368 3539 σου
1394 3484 1704 3556 ἐκζητήσω.
1746 3502 1764 3535 ι
1802 3486 1991 3552 Κραυ-

401 3581 526 3652 Thr
558 3581 722 3635 πάλιν
750 3578 850 3647 τὴν
885 3578 986 3648 τῆς
1018 3578 1203 3647 ψυχῆς
1268 3576 1584 3648 προθυμίαν
1641 3573 1839 3628 καλεῖ·
1901 3574 1992 3627 διὰ

402 3671 568 3726 τοῦτο
598 3670 959 3742 προστέθεικε
999 3671 1060 3723 τὸ
1094 3670 1168 3723 ἐν
1197 3668 1312 3737 ὅλῃ
1368 3667 1583 3735 καρδίᾳ
1642 3664 1783 3735 μου.
1833 3664 1992 3718 Οὕτω

403 3765 507 3818 καὶ
536 3764 741 3835 Μωσῆς
780 3763 911 3816 ἐϐόα
952 3763 1124 3832 σιγῶν
1144 3779 1159 3796 ο
1224 3760 1318 3814 καὶ
1367 3757 1794 3830 προσευχομένῳ
1850 3756 1993 3810 κατά

409 3854 657 3909 διάνοιαν
691 3857 720 3909 6
749 3854 884 3918 Θεὸς
915 3852 1044 3922 ἐφη.
1084 3872 1103 3906 ι
1136 3852 1201 3905 Τί
1234 3851 1365 3923 βοᾷς
1409 3849 1546 3921 πρὸς
1576 3848 1714 3917 ἐμάς
1752 3867 1773 3898 ³

483 3953 641 4018 ρμςδ.
683 3964 703 3997 ι
754 3946 1063 4016 Ἐκέκραξά
1101 3962 1206 4011 σοι,
1246 3942 1422 3997 σῶσόν
1481 3959 1569 4012 με,
1624 3940 1720 3993 καὶ
1769 3937 1992 4009 φυλάξω

404 4038 479 4093 τὰ
510 4037 792 4109 μαρτύριά
820 4055 934 4091 σου.
974 4055 993 4089 ι
1036 4036 1196 4105 Παρὰ
1246 4034 1339 4088 σοῦ
1398 4033 1508 4103 γὰρ
1563 4031 1662 4101 τὴν
1718 4032 1996 4101 σωτηρίαν

405 4130 723 4202 δεχόμενος,
754 4128 930 4199 φύλαξ
961 4128 1070 4182 τῶν
1099 4128 1208 4182 σῶν
1237 4126 1543 4197 γενήσομαι
1579 4125 1777 4193 νόμων.

485 4219 631 4290 ρμξ.
667 4237 686 4269 ί
726 4217 1058 4288 Προέφθασα
1082 4218 1140 4269 ἐν
1157 4214 1338 4285 ἀωρίᾳ
1369 4213 1438 4276 ⁵⁸,
1470 4211 1565 4265 καὶ
1583 4208 1882 4279 ἐκέκραξα,
1906 4207 1987 4269 εις

408 4310 541 4372 τοὺς
564 4308 758 4378 λόγους
785 4326 879 4362 σου
905 4308 1208 4377 ὲπήλπισα.
1249 4325 1267 4358 ι
1307 4303 1570 4363 Βασιλεὺς
1595 4300 1673 4353 ὢν
1707 4300 1737 4353 6
1776 4298 1996 4370 Προφή-

408 4418 536 4472 της,
577 4402 671 4454 καὶ
700 4400 927 4470 μυρίαις
952 4398 1201 4469 φροντίσι
1239 4393 1729 4467 περικλυζόμενος,
1760 4390 1859 4444 καὶ
1901 4406 1999 4442 πο-

411 4493 676 4561 λεμικοὺς
709 4491 848 4560 πρὸς
897 4493 1126 4552 ταύταις
1179 4486 1608 4556 ἀναδεδεγμένος
1650 4483 1888 4552 ἀγῶνας,
1937 4482 2000 4535 οὐ

415 4584 581 4654 μόνον
628 4582 845 4653 ἡμέρας
873 4577 1313 4649 ύπολαμπούσης
1335 4576 1413 4647 τῷ
1435 4575 1558 4645 Θεῷ
1602 4576 1703 4637 τὰς
1762 4573 2003 4637 ἱκετείας

412 4674 763 4744 προσέφερεν
793 4689 808 4705 ·
837 4673 975 4728 ἀλλὰ
1030 4670 1125 4725 καὶ
1152 4669 1428 4741 μεσούσης
1453 4668 1674 4731 νυκτὸς,
1712 4667 1817 4720 οὐκ
1869 4667 2003 4719 ἀνα-

419 4767 601 4836 μένων
648 4765 748 4830 τὰς
778 4763 889 4819 τῶν
932 4761 1310 4833 ἀλεκτρυόνων
1368 4759 1529 4830 ᾠδάς.
1585 4755 1773 4819 Οὕτως
1818 4755 2005 4809 ἐπόθει

410 4858 507 4909 τὸν
542 4854 884 4926 πεποιηκότα
914 4853 1072 4920 Θεὸν,
1105 4851 1249 4906 οὕτω
1277 4848 1579 4921 προθύμως
1632 4847 1733 4916 τὴν
1793 4844 2006 4898 ἐκεῖθεν

411 4946 539 5019 ᾔτει
581 4944 860 5016 βοήθειαν.

490 5044 644 5110 ρμηὀ
682 5056 702 5088 ι
742 5035 1106 5109 Προέφθασαν
1155 5036 1204 5088 οἱ
1257 5032 1527 5103 ὀφθαλμοί
1580 5048 1681 5101 μου
1729 5030 1866 5101 πρὸς
1910 5029 2004 5100 δρ-

417 5130 552 5200 θρον
593 5130 664 5193 ⁵⁷,
694 5127 792 5181 τοῦ
824 5128 1057 5198 μελετᾷν
1095 5129 1163 5179 τὰ
1186 5126 1349 5193 λόγιά
1394 5140 1507 5181 σου.
1551 5141 1568 5173 ι
1615 5122 1690 5173 Ού
1735 5120 1895 5190 μόνον
1950 5120 2007 5173 δέ

415 5222 568 5276 κατά
598 5219 691 5274 τὴν
712 5219 807 5272 τοῦ
836 5219 1085 5287 γλυκέως
1112 5217 1285 5272 ὕπνου
1326 5216 1541 5285 καιρὸν,
1576 5213 1715 5268 ἀλλὰ
1743 5212 1837 5265 καὶ
1856 5211 2007 5281 παρὰ

411 5312 511 5369 τὸν
545 5311 763 5382 ὄρθρον,
792 5310 901 5364 τῶν
932 5308 1092 5363 θείων
1113 5310 1294 5380 νόμων
1332 5307 1629 5377 ἐπεποίητο
1659 5307 1705 5339 ⁸⁸
1749 5305 2003 5375 μελέτην.

458 5475 476 5518 1
552 5465 729 5522 Exod.
768 5483 880 5531 xw,
918 5466 1002 5521 15.

2074 2107 2249 2162 Porro
2291 2108 2545 2162 humana:
2587 2108 2733 2176 leges
2774 2120 2882 2159 non
2926 2104 3153 2160 omnino
3183 2119 3375 2160 omnes
3407 2105 3669 2175 aequitate

2078 2210 2133 2255 et
2162 2201 2375 2270 justitia
2408 2200 2667 2254 nituntur
2708 2218 2723 2253 :
2759 2207 2815 2252 at
2848 2195 2940 2251 Dei
2971 2197 3055 2270 lex
3104 2197 3337 2252 veritate
3390 2196 3664 2266 splendet.

2078 2264 2208 2346 Iure
2248 2292 2415 2363 igitur
2464 2290 2689 2362 inquit:
2729 2307 2746 2340 ι
2784 2264 3131 2342 διιειίιίιιίυο
3157 2286 3375 2356 justitia
3421 2264 3474 2343 in
3507 2299 3666 2342 atter-

2082 2404 2235 2451 num,
2260 2397 2313 2442 et
2345 2380 2427 2443 lex
2460 2393 2554 2441 tua
2579 2385 2805 2441 veritas.
2847 2402 2867 2434 ι

2156 2572 2321 2629 Vnus.
2363 2564 2484 2627 M3.
2550 2591 2569 2623 ι
2606 2562 2912 2626 Tribulatio
2954 2577 3008 2626 et
3038 2569 3306 2638 angustia:
3342 2568 3671 2623 invenerunt

2086 2680 2192 2719 me.
2232 2685 2250 2717 ι
2282 2663 2405 2719 "me
2427 2663 2649 2718 virtutis
2675 2662 2954 2717 studiosos
2981 2660 3335 2716 comitantur.
3370 2677 3388 2710 ι
3416 2657 3669 2715 Mandata

2085 2761 2174 2806 tua
2206 2760 2335 2805 sunt
2371 2751 2655 2805 meditatio
2684 2765 2827 2803 mra.
2865 2766 2883 2801 ι
2928 2738 3064 2803 Nam
3098 2763 3165 2804 ex
3197 2748 3393 2803 horum
3420 2749 3672 2804 doctrina

2085 2841 2463 2899 fortitudinem
2486 2843 2664 2909 disco,
2696 2841 3040 2911 virilitcrque
3079 2840 3262 2896 tristia
3290 2839 3427 2896 fero.

2156 3021 2324 3079 Vens.
2372 3023 2557 3079 “43¢
2591 3014 2747 3079 Justa
2779 3032 2908 3078 sum
2942 3023 3252 3080 testimonia
3296 3032 3386 3079 tua
3420 3024 3472 3079 in
3512 3033 3673 3082 mter-

2086 3132 2240 3171 num.
2278 3136 2297 3169 ι
2351 3115 2467 3172 Hoc
2494 3124 2579 3172 est
2615 3134 2627 3170 :
2666 3112 2899 3173 Faciunt
2934 3125 2995 3171 ut
3030 3126 3235 3171 a-tcrna
3268 3132 3675 3188 consequamur

2087 3207 2251 3263 bona.
2298 3226 2317 3259 ι
2350 3208 2688 3264 lntellectmn
2718 3209 2784 3262 da
2814 3208 2973 3272 mihi,
3004 3206 3058 3263 et
3085 3207 3286 3263 vittam.
3317 3227 3335 3260 ι
3366 3209 3412 3263 Α
3439 3217 3489 3264 ιο
3526 3211 3674 3265 enim

2089 3299 2420 3360 illustratus,
2451 3315 2638 3354 veram
2665 3300 2831 3354 vitam
2857 3300 3153 3371 adipiscar.

2161 3390 2329 3447 Vsus.
2358 3393 2484 3447 H5.
2514 3411 2531 3443 ι
2566 3393 2805 3447 Clamari
2842 3401 2955 3447 toto
2990 3393 3157 3448 corde
3176 3409 3317 3458 meo,
3338 3394 3538 3449 exaudi
3569 3411 3677 3455 me,

2094 3482 2365 3537 Domine:
2406 3483 2831 3554 iustificationes
2866 3494 2988 3540 tuas
3040 3486 3341 3556 requiram.
3389 3505 3408 3536 ι
3461 3487 3681 3539 Clamo-

2093 3592 2203 3630 rem
2236 3591 2428 3632 rursus
2456 3578 2652 3631 animze
2677 3577 3013 3631 alacritatem
3047 3588 3203 3633 vocat
3229 3598 3243 3632 :
3279 3589 3560 3650 propterea
3586 3596 3684 3650 ap-

2093 3669 2277 3737 posuit
2313 3677 2422 3721 tato
2475 3669 2632 3721 corde
2668 3684 2802 3721 meo.
2855 3667 2945 3722 Sic
2980 3669 3142 3723 etiam
3178 3668 3359 3726 Moses
3409 3673 3677 3726 clamabat

2094 3769 2301 3822 tacens,
2333 3766 2387 3812 et
2423 3759 2473 3812 ei
2505 3768 2686 3814 mente
2716 3761 2892 3815 oranti
2930 3759 3075 3815 Deus
3108 3761 3243 3814 dixit
3280 3779 3293 3813 :
3330 3782 3349 3813 ι
3387 3761 3529 3828 Quid
3566 3764 3681 3818 cla-

2097 3849 2306 3902 masad
2341 3847 2564 3903 meih

2169 3938 2337 3995 Vens.
2376 3940 2493 3995 146.
2545 3960 2563 3993 ε
2598 3941 2845 3997 Clamavi
2886 3945 2953 3997 ad
3004 3951 3076 4006 te,
3113 3943 3325 3999 salvum
3360 3962 3446 3999 me
3483 3944 3590 4011 fac,
3626 3955 3686 4001 ut

2096 4031 2407 4085 custodiam
2443 4032 2706 4088 mandata
2741 4042 2854 4086 tua.
2890 4052 2909 4083 ι
2939 4034 2981 4086 Α
3013 4042 3063 4087 ιο
3103 4031 3251 4089 enim
3283 4036 3513 4090 salutem
3551 4053 3675 4090 con-

2098 4134 2344 4189 secutus,
2380 4133 2598 4179 tuarum
2630 4126 2808 4195 legum
2845 4137 3032 4182 custos
3053 4139 3171 4181 ero.

2171 4214 2338 4270 Vens.
2375 4216 2500 4271 M7.
2548 4235 2567 4268 ι
2608 4215 2853 4271 Prteveni
2907 4217 2961 4270 in
3012 4216 3425 4281 immaturitate,
3475 4230 3528 4274 et
3573 4220 3689 4272 cla-

2102 4306 2271 4369 mavi,
2307 4306 2434 4376 quia
2466 4306 2520 4360 in
2558 4306 2751 4381 pverbis
2797 4306 2908 4361 tttis
2940 4316 3091 4377 spem
3126 4307 3305 4378 posui.
3348 4328 3367 4361 ι
3416 4307 3687 4377 Propheta

2102 4413 2227 4453 cum
2263 4413 2353 4453 rex
2397 4407 2569 4465 esset,
2603 4408 2657 4453 et
2701 4400 3007 4455 innumeris
3049 4399 3199 4455 curis
3234 4401 3688 4465 circumdaretur,

2035 4511 2078 4568 ο
2107 4500 2162 4547 et
2204 4501 2467 4563 praetcrea
2506 4492 2722 4565 1475
2759 4494 2953 4549 bellica
2992 4495 3293 4549 certamina
3332 4496 3691 4564 suscepisset.

2107 4599 2212 4639 non
2239 4585 2403 4640 modo
2437 4584 2787 4640 illucescente
2812 4586 2899 4640 die
2930 4585 3040 4640 Deo
3072 4601 3259 4655 preces
3286 4585 3566 4652 offerebat,
3600 4603 3696 4642 ve-

2106 4691 2226 4730 rum
2264 4676 2425 4730 etiam
2484 4677 2536 4730 in
2589 4678 2766 4731 noctis
2820 4676 3000 4733 medio
3036 4678 3311 4748 gallorum
3358 4688 3556 4734 cantus
3586 4696 3694 4733 nou

2107 4776 2458 4837 exspectans.
2511 4767 2662 4822 Adeo
2715 4762 2911 4823 Deum.
2946 4779 3249 4825 creatorem
3325 4770 3694 4833 desiderabat,

2109 4856 2247 4912 adeo
2276 4866 2526 4929 prompte
2548 4874 2704 4928 opem
2730 4858 2881 4915 illinc
2911 4861 3261 4932 elliagitabat.

2181 5030 2349 5085 Vsus.
2387 5031 2506 5085 148.
2538 5051 2556 5083 ι
2594 5031 2979 5088 Przevenerunt
3021 5034 3164 5089 oculi
3200 5036 3306 5089 mei
3336 5046 3388 5089 te
3417 5035 3520 5091 sub
3551 5035 3696 5089 dila-

2111 5123 2255 5188 culo,
2282 5133 2342 5177 ut
2376 5125 2673 5179 meditarer
2696 5126 2917 5197 eloquia
2956 5134 3070 5181 tua.
3110 5147 3127 5178 ι
3162 5125 3279 5181 Non
3308 5129 3483 5182 solum
3514 5139 3697 5181 autem

2111 5214 2413 5269 dulcissimi
2463 5218 2641 5270 somni
2678 5225 2943 5288 tempore,
2972 5220 3065 5273 sed
3111 5220 3283 5289 prima
3320 5234 3538 5289 quoque
3577 5218 3701 5272 luce

2112 5305 2326 5360 divinas
2354 5306 2719 5362 meditabatur
2746 5307 2914 5381 leges.
2942 5307 3053 5363 Nos
3087 5325 3211 5362 vero
3247 5324 3536 5377 pauperes,
3560 5308 3703 5362 etab

1516 5550 1756 5608 νΑιιιΑε
1795 5533 2316 5608 ιλεοτιοΝεεἘτ
2354 5548 2584 5605 Nom.

509 5699 555 5733 ⁸¹
592 5697 725 5751 Τοῦ.
757 5698 831 5751 il).
879 5696 993 5749 τόν.

1098 5697 1142 5772 ξι
1176 5696 1245 5772 ib.
1278 5694 1580 5772 ἐκλέλοιπε.
1631 5694 1704 5772 λεδ
1736 5691 1808 5746 ib.
1839 5691 1982 5744 εἰπόν

2083 5732 2103 5772 _.
2126 5689 2231 5772 ηδξ
2269 5687 2616 5772 Ἐίρείονταῗρζ
2641 5690 2714 5772 il).
2750 5689 3029 5772 ἐργάταις.
3088 5690 3150 5772 _'.'
3172 5691 3294 5772 cod.
3328 5691 3370 5772 l_
3390 5688 3704 5772 ἀπολαύσω.

420 5760 470 5793 ⁵⁸
503 5769 606 5824 Ἐν
625 5769 829 5837 ἀωρίᾳ.
864 5765 1053 5831 Helm,
1095 5767 1295 5847 injpso
1330 5765 1586 5819 diluculo.
1629 5762 1750 5833 Syr.
1796 5778 1967 5814 omne.

2083 5760 2273 5828 ’Πρὸς
2303 5760 2537 5828 ὄρθρον.
2570 5761 2736 5817 Hebr.
2780 5759 3008 5830 uigilias.
3086 5759 3133 5793 ⁸⁸
3178 5760 3299 5817 cod.
3348 5761 3373 5814 Ι
3418 5760 3706 5829 πεποίηιο.

629 5866 901 5926 ΡΑτιιοῑ..
950 5865 1066 5923 Gn.
1107 5863 1362 5924 LXXX.

3302 5856 3380 5915 59
