4128 6418
497 370 631 437 1867
1460 364 1950 427 THEODORETI
2004 363 2342 425 EPISCOPI
2386 328 2753 428 ornansrs
3655 367 3802 435 1868

492 506 645 544 munt
697 502 831 544 cura
882 485 1058 551 liberi,
1092 484 1146 539 in
1191 481 1398 539 lectulo
1451 491 1842 552 pernoctamus
1880 479 1988 532 huc
2036 488 2090 531 et

2205 478 2401 548 Ἡμεῖς
2435 480 2490 532 δὲ
2543 480 2703 550 πενίᾳ
2762 481 3059 547 συζῶντες,
3105 482 3200 536 καὶ
3269 482 3451 552 πάσης
3507 480 3800 554 φροντίδος

496 583 624 638 illuc
664 596 764 636 nos
803 580 1133 644 volutantes,
1171 592 1350 648 neque
1381 575 1663 632 exoriente
1698 574 1786 629 die
1819 572 2090 627 bonorum

2195 572 2637 644 ἀπηλλαγμένοι,
2680 575 2773 627 ἐπὶ
2805 575 2905 642 τῆς
2936 574 3130 647 κλίνης
3159 573 3663 646 διανυκτερεύομεν
3691 592 3802 626 κα-

495 673 742 746 largitori
774 675 1038 746 hymnum
1067 671 1375 729 oﬂerimus.

563 853 731 911 Vsus.
766 854 888 910 149.
927 871 944 905 ι
975 851 1182 908 Vocem
1213 863 1393 907 meam
1424 847 1555 903 audi
1583 846 1887 902 secundum
1923 845 2092 901 mise-

495 947 790 1003 ricordiam
841 956 1016 1010 tuam,
1048 943 1302 1006 Domine,
1349 950 1405 997 et
1466 939 1774 995 secundum
1819 937 2093 1008 judicium

494 1049 652 1096 tuum
695 1038 912 1093 vivilica
947 1050 1057 1091 me.
1098 1052 1117 1087 ι
1155 1032 1259 1102 Qui
1289 1040 1371 1088 tot
1393 1033 1673 1102 tantisque
1703 1029 1864 1084 bonis
1898 1027 2092 1091 amuit,

492 1133 934 1190 misericordiam
961 1140 1022 1186 ut
1050 1138 1431 1201 consequatur
1456 1127 1711 1182 obsecrat
1741 1143 1756 1179 :
1789 1133 1842 1180 et
1867 1139 1976 1178 non
2005 1123 2096 1178 ab-

491 1229 668 1284 .s'ulutc
723 1225 1163 1282 misericordiam
1215 1223 1478 1294 postulat,
1535 1219 1633 1275 sed
1688 1218 1848 1289 juxta
1901 1217 2092 1272 utilem

491 1322 848 1376 sententiam.
1115 1326 1120 1331 '

565 1411 730 1469 Vnus.
780 1412 904 1466 150.
942 1429 961 1463 ι
1009 1408 1542 1480 ApprOpitiquaruttt
1575 1412 1968 1478 persequentes
2006 1416 2094 1458 me

491 1505 797 1576 iniquitati,
828 1519 856 1558 a
903 1504 1019 1572 lege
1069 1510 1253 1556 autem
1291 1509 1380 1554 tua
1432 1500 1591 1570 longe
1634 1498 1829 1553 remoti
1875 1506 2028 1553 sunt.
2067 1515 2086 1548 ι

492 1597 680 1668 Longe
719 1595 866 1650 enim
899 1609 930 1648 a
958 1593 1162 1648 divinis
1192 1591 1403 1663 legibus
1431 1590 1654 1657 absunt,
1684 1589 1776 1660 qui
1798 1588 1947 1658 justo
1979 1585 2096 1641 bel-

493 1693 606 1746 lum
657 1687 860 1746 inferre
897 1695 1193 1742 conantur.
1239 1702 1258 1736 ι
1292 1683 1396 1751 Qui
1427 1683 1572 1738 enim
1607 1698 1704 1737 vos
1739 1680 1968 1752 spernit,
2004 1682 2092 1734 iu-

493 1784 634 1855 quit,
668 1795 776 1836 non
823 1794 919 1836 vos
960 1777 1190 1848 spernit,
1228 1777 1326 1832 sed
1372 1790 1499 1830 eum
1531 1773 1627 1844 qui
1673 1773 1827 1828 misit
1858 1787 1955 1828 vos
1980 1769 2028 1824 ¹ι.
2064 1789 2084 1822 ι

2193 664 2537 736 λινδούμενοι
2559 667 2648 732 ⁵⁸⁸,
2683 668 2778 721 καὶ
2817 669 2939 722 οὐδὲ
2973 669 3288 739 ἀρχομένης
3328 667 3548 740 ἡμέρας
3575 666 3656 736 τῷ
3704 667 3798 720 δο-

2193 757 2322 828 τῆρι
2356 758 2466 812 τῶν
2486 758 2712 826 ἀγαθῶν
2737 760 2830 812 τὸν
2870 759 3041 831 ῦμνον
3091 759 3504 832 προσφέρομεν.
3723 804 3728 808 .

2270 845 2416 916 ρμθ’.
2458 865 2476 897 ι
2517 845 2630 918 Τῆς
2677 849 2863 920 φωνῆς
2895 866 2997 919 μου
3032 849 3292 914 ἄκουσον,
3318 848 3517 920 Κύριε,
3559 848 3706 904 κατά
3733 847 3801 902 τὸ

2194 933 2347 998 ἔλεός
2386 953 2504 1003 σου,
2539 938 2682 993 κατά
2715 939 2777 992 τδ
2817 939 2998 1010 κρῖμά
3025 956 3120 992 σου
3152 940 3198 973 ⁵⁸
3227 939 3396 1010 ζῆσόν
3425 957 3518 1010 με.
3557 958 3576 992 ι
3611 939 3672 994 '0
3707 955 3799 991 το-
3843 981 3846 984 .

2197 1027 2409 1092 σούτοις
2454 1029 2644 1101 κομῶν
2701 1029 2930 1100 ἀγαθοῖς
2973 1031 3124 1086 ἐλέου
3164 1034 3350 1102 τυχεῖν
3379 1032 3539 1096 ἀξιοῖ,
3568 1033 3664 1086 καὶ
3693 1033 3804 1085 οὐκ
3847 1023 3854 1045 ³

2195 1120 2466 1192 ἀορίστως
2491 1123 2637 1176 αἰτεῖ
2691 1123 2785 1175 τὸν
2828 1122 2981 1178 ἔλεον
3013 1141 3028 1156 ·
3059 1124 3197 1178 ἀλλὰ
3227 1123 3373 1178 κατά
3395 1123 3497 1196 τήν
3531 1125 3803 1194 ὀνησιφό-

2198 1229 2290 1284 ρον
2312 1213 2516 1285 ψῆφον.

2271 1408 2369 1474 ρν¹.
2407 1421 2425 1453 ι
2457 1403 2854 1478 Προσήγγισαν
2881 1404 2932 1457 oi
2955 1402 3388 1468 καταδιώκοντές
3416 1422 3483 1475 με
3503 1405 3704 1476 ἀνομίᾳ
3723 1405 3796 1470 ’ὀ

2194 1493 2305 1548 ἀπὸ
2341 1493 2400 1548 δὲ
2430 1495 2528 1548 τοῦ
2559 1496 2730 1566 νόμου
2776 1512 2873 1549 σου
2913 1496 3360 1568 ἐμακρύνθησαν.
3403 1517 3422 1550 ›
3457 1498 3655 1570 Πόρῤω
3685 1500 3799 1571 γὰρ

2193 1586 2306 1640 τῶν
2331 1585 2496 1640 θείων
2525 1589 2708 1658 νόμων
2733 1588 2873 1641 εἰσὶν
2901 1588 2951 1641 οί
2981 1586 3058 1658 τῷ
3078 1587 3277 1659 δικαίῳ
3318 1589 3656 1659 πειρώμενοι
3692 1608 3797 1643 τῖο-

2192 1676 2403 1749 λεμεῖν.
2443 1695 2464 1731 ι
2509 1677 2568 1731 '0
2587 1679 2800 1732 ἀθετῶν
2820 1679 2929 1752 γὰρ
2959 1680 3129 1752 ὑμᾶς,
3157 1682 3347 1750 φησὶν,
3373 1682 3474 1751 οὐχ
3495 1683 3639 1752 ὑμᾶς
3659 1681 3796 1736 ἀθε-

2193 1773 2298 1838 τεῖ,
2358 1771 2498 1827 ἀλλά
2547 1772 2639 1828 τὸν
2679 1772 3085 1828 ἀποστείλαντα
3149 1774 3317 1843 ὑμᾶς.
3358 1793 3377 1826 ι
3412 1774 3617 1837 Καίει
3669 1775 3796 1845 Ἐχ-

494 1831 594 1931 Plit:
619 1872 918 1930 «inimicus
946 1885 1044 1928 ero
1075 1869 1321 1926 inimicis
1351 1868 1482 1935 tuis,
1526 1877 1582 1924 et
1613 1866 1948 1923 adversabor
1989 1863 2090 1919 ad-

2197 1831 2414 1938 θρεύσω
2437 1868 2551 1930 τοῖς
2580 1865 2802 1939 ἐχθροῖς
2833 1883 2953 1934 σου,
3001 1867 3098 1922 καὶ
3129 1831 3513 1939 ἁλτικείσομαι
3550 1835 3664 1931 τοῖς
3693 1831 3800 1921 0:-

495 1966 845 2025 versantibus
879 1964 981 2021 tibi
1007 1960 1054 2019 ι.
1089 1982 1111 2018 ι

562 2053 732 2111 Vna.
769 2054 893 2110 151.
936 2073 956 2108 ι
983 2051 1164 2126 Prope
1193 2067 1254 2110 es
1285 2060 1370 2118 tu,
1402 2050 1652 2114 Domine.
1687 2059 1743 2107 et
1766 2063 1960 2106 omnes
1988 2047 2093 2106 via:

494 2159 600 2205 tua:
623 2149 877 2204 veritas.»
907 2147 1124 2215 Cernis,
1149 2147 1248 2212 ait,
1280 2146 1488 2211 omnia,
1516 2145 1768 2200 Domine.
1799 2141 1918 2199 Non
1942 2142 2090 2198 enim

491 2259 522 2300 a
557 2241 722 2298 nobis
758 2238 1066 2308 recessisti,
1109 2238 1205 2296 sed
1245 2247 1420 2294 totum
1455 2247 1729 2294 terrarum
1762 2236 1953 2291 orbem
1989 2236 2089 2290 im-

492 2335 631 2405 ples,
680 2339 738 2388 et
787 2330 1016 2386 veritate
1045 2332 1252 2384 ‘utens
1302 2326 1554 2382 universa
1597 2326 1924 2382 moderaris.
1975 2324 2092 2382 Hoc

490 2425 659 2482 etiam
719 2423 839 2495 ipse
890 2422 1038 2478 Deus
1096 2416 1316 2493 1476
1351 2435 1450 2491 per
1505 2419 1827 2490 prophetam
1880 2419 2014 2474 dicit
2069 2435 2086 2474 :

497 2536 519 2571 σ
577 2517 723 2573 Deus
759 2513 1210 2586 appropinquans
1242 2527 1344 2584 ego
1375 2529 1522 2578 sum,
1569 2527 1680 2568 non
1723 2518 1908 2566 autem
1945 2511 2090 2568 Deus

492 2611 655 2681 longe
679 2617 928 2664 remotus
951 2613 1014 2662 ⁸.
1047 2603 1116 2660 Et
1151 2606 1345 2661 beatus
1385 2603 1590 2660 Paulus
1619 2623 1633 2658 :
1684 2621 1702 2654 ι
1745 2603 1801 2658 ln
1833 2603 1974 2675 ipso,
2007 2603 2090 2658 in-

492 2705 631 2776 quit,
663 2701 921 2770 vivimus,
951 2707 1007 2756 et
1033 2713 1341 2764 movemur,
1365 2708 1419 2753 et
1443 2712 1636 2753 sumus
1657 2705 1707 2752 ¹.
1744 2716 1764 2750 ι

569 2793 732 2851 Vsus.
781 2791 906 2849 152.
951 2809 972 2845 ι
1014 2791 1174 2848 lnitio
1219 2791 1450 2864 cognovi
1498 2805 1528 2846 e
1580 2790 1908 2846 testimoniis
1952 2790 2086 2856 luis,

492 2888 641 2959 quod
681 2887 736 2942 in
767 2893 1036 2941 aeternum
1068 2881 1389 2939 fundaveris
1424 2898 1510 2937 ea.
1549 2901 1569 2934 ι
1621 2881 1943 2936 Testimouia
1972 2897 2086 2938 cce-

437 2973 440 2976 ’
493 2983 606 3037 lum
629 2990 682 3035 et
708 2989 910 3036 terram
942 2988 1247 3048 nuncupat.
1278 2997 1296 3029 ι
1328 2976 1695 3039 Descendens,
1727 2976 1923 3046 inquit,
1952 2992 2086 3031 con-

495 3084 698 3128 testarc
746 3087 848 3127 eos
893 3086 988 3142 per
1021 3071 1223 3126 cmlum
1255 3086 1318 3124 ac
1351 3078 1552 3126 terram
1607 3076 1654 3124 °.
1705 3090 1723 3120 ι
1775 3070 1984 3126 Idcirco
2033 3079 2089 3124 et

493 3164 674 3222 Moses
727 3179 961 3236 magnus
1009 3163 1282 3219 canticum
1327 3163 1621 3219 exordiens
1666 3164 1809 3219 fatur

495 3259 676 3324 tende,
699 3259 925 3322 caelum,
958 3265 1012 3312 ct
1044 3257 1257 3325 loquar,
1289 3265 1342 3308 et
1383 3257 1569 3309 audiat
1605 3266 1746 3310 terra
1783 3258 1945 3310 verba
1976 3259 2090 3313 oris

495 3351 601 3406 mei
625 3360 674 3404 Ρ.
708 3372 726 3402 ι
764 3349 822 3404 lu
856 3351 938 3404 his
967 3361 1147 3403 autem
1181 3350 1438 3403 continue
1471 3347 1562 3402 Dei
1600 3350 1941 3418 providentia
1971 3366 2091 3404 cer-

498 3444 649 3500 nitur
685 3461 699 3498 :
738 3458 862 3497 cum
897 3442 1070 3496 multo
1105 3440 1252 3495 cuitu
1277 3440 1470 3493 ordine
1504 3443 1687 3495 omnia
1726 3445 2086 3512 progrediun-

497 3548 609 3592 tur.
649 3535 807 3601 lline,
839 3535 937 3597 ait,
973 3532 1284 3588 certissime
1334 3533 1597 3602 cognovi,
1643 3544 1694 3587 te
1740 3551 1906 3604 prope
1941 3551 2088 3602 esse,

497 3637 660 3698 atque
688 3627 756 3681 iis
786 3641 910 3697 quae
940 3627 1078 3679 linut
1115 3625 1402 3688 interesse,
1439 3641 1536 3680 nec
1571 3628 1868 3698 quidquam
1897 3644 2089 3684 eorum

497 3737 619 3791 qua:
657 3729 922 3791 geruntur
955 3728 1006 3773 te
1035 3717 1226 3772 latere.

568 3811 735 3868 Vnus.
784 3813 910 3868 155.
973 3831 991 3864 ι
1029 3809 1165 3868 Vide
1207 3815 1569 3870 humilitatem
1616 3831 1816 3882 meam,
1859 3824 1914 3870 et
1938 3815 2089 3886 eripe

499 3921 604 3971 me,
645 3905 772 3976 quia
809 3905 944 3976 legis
977 3914 1086 3961 tua:
1119 3921 1228 3962 non
1260 3922 1384 3962 sum
1415 3908 1642 3964 oblitus.
1680 3926 1699 3959 ι
1736 3937 1807 3948 --
1839 3925 1857 3958 ‹
1890 3906 1996 3974 Qui
2027 3923 2088 3964 se

498 3999 892 4067 humiliaverit,
936 4000 1289 4069 exaltabitur,
1341 4021 1359 4054 ι
1394 4004 1696 4059 secundum
1738 4003 1955 4059 Domini
1985 4018 2085 4059 vo-

495 4107 611 4146 cem
633 4102 684 4147 (ι.
708 4091 804 4147 Et:
832 4113 849 4144 ι
875 4091 1025 4148 Beati
1045 4107 1312 4164 pauperes
1329 4096 1546 4164 spiritu,
1565 4097 1824 4166 quoniam
1841 4098 2083 4168 ipsorum

493 4190 576 4235 est
604 4198 832 4251 regnum
854 4183 1116 4238 cmlorum
1137 4193 1184 4237 τ.
1214 4203 1232 4236 ι
1258 4183 1369 4239 Hac
1393 4187 1556 4240 etiam
1579 4178 1800 4241 divinus
1822 4189 2085 4257 propheta

495 4273 634 4328 alias
662 4273 897 4329 virtutes
919 4275 1224 4342 decoravit,
1249 4288 1304 4332 et
1327 4277 1469 4333 hanc
1489 4279 1812 4345 obtendens,
1837 4279 2083 4335 divinum

497 4366 762 4421 auxilium
795 4370 1086 4438 promittit.

570 4522 734 4580 Vsus.
790 4526 909 4580 154.
955 4547 974 4580 ι
1011 4525 1204 4584 Judica
1243 4527 1512 4600 judicium
1549 4545 1752 4595 meum,
1783 4540 1839 4587 et
1882 4533 2089 4592 redime
2119 4531 2166 4589 D

497 4632 608 4680 me,
638 4627 860 4688 propter
891 4623 1170 4690 eloquium
1206 4631 1360 4677 tuum
1399 4623 1610 4680 viviﬁca
1649 4641 1757 4681 me.
1798 4645 1816 4678 ι
1852 4625 1927 4683 De
1957 4643 2088 4698 pro--

435 4761 442 4766 .
497 4712 855 4768 missionibus
881 4714 1171 4768 Dominum
1205 4716 1488 4783 admonet,
1517 4728 1570 4773 et
1606 4718 1674 4772 ab
1710 4718 1828 4789 ipso
1851 4721 2084 4776 salutetn

495 4804 664 4872 petit,
735 4815 1101 4877 precaturque
1173 4817 1234 4862 ut
1291 4808 1466 4878 ipsius
1533 4818 1585 4864 et
1644 4811 2105 4870 adversariorum

495 4910 715 4950 causam
746 4899 1036 4968 disceptet.

565 4987 732 5045 Vsus.
765 4991 887 5045 155.
927 5009 945 5044 ι
981 4989 1162 5061 Longe
1190 5012 1219 5048 a
1247 4997 1626 5064 peccatoribus
1653 5000 1822 5066 salus,
1847 5003 1973 5073 quia
1991 5004 2082 5076 juo

565 5170 590 5208 ιι
620 5168 747 5225 Luc.
783 5186 838 5236 x,
881 5171 967 5242 15.
1081 5172 1296 5230 1Exod.
1335 5194 1492 5242 xxnt,
1523 5184 1617 5240 ‘29..

493 5253 662 5304 xxxu,
698 5242 745 5296 1.
863 5250 891 5290 ιι
927 5241 1059 5300 Luc.
1096 5261 1202 5313 xlv,
1244 5250 1329 5302 ll.
1445 5241 1696 5313 tillatth.
1734 5241 1868 5326 ν,ί5.

1722 5200 1758 5226 π·
1785 5188 1990 5249 Jercm.
2036 5208 2196 5260 xxm,
2231 5200 2322 5258 25,

2191 1958 2528 2032 τικειμένοις
2559 1976 2666 2016 σοι.
2706 1979 2726 2013 ι

2265 2051 2403 2124 ρνα’.
2438 2072 2458 2107 ι
2519 2053 2722 2124 Ἐγγὺς
2761 2047 2814 2108 εἰ
2841 2053 2931 2120 σὺ,
2957 2053 3159 2126 Κύριε,
3191 2052 3292 2108 καὶ
3316 2055 3495 2110 πᾶσαι
3522 2053 3582 2107 αί
3605 2053 3717 2108 ὁδοί
3745 2053 3797 2086 ⁸³

2192 2161 2288 2199 σου
2326 2142 2580 2216 ἀλήθεια.
2611 2163 2631 2198 ι
2671 2144 2862 2216 Ὁρᾷς,
2904 2147 3091 2216 φησὶν,
3128 2144 3369 2209 ᾶπαντα,
3405 2144 3614 2217 Κύριε·
3649 2146 3697 2177 ⁸³
3728 2147 3796 2198 οὐ

2191 2235 2302 2308 γὰρ
2327 2237 2671 2308 ἀφέστηκας,
2693 2237 2832 2291 ἀλλὰ
2876 2238 2978 2310 τήν
3015 2237 3348 2308 οἰκουμένην
3393 2237 3646 2308 πληροῖς,
3694 2239 3796 2292 καὶ

2191 2329 2426 2403 ἀληθείᾳ
2487 2330 2776 2404 χρώμενος
2832 2331 3197 2403 πρυτανεύεις
3247 2333 3348 2403 τὴν
3385 2337 3586 2386 κτίσιν.
3618 2333 3798 2386 Τοῦτο

2187 2411 2286 2478 καὶ
2313 2423 2478 2487 αὐτὸς
2505 2427 2534 2478 ὁ
2557 2425 2690 2490 Θεὸς
2720 2425 2810 2479 διὰ
2830 2425 2925 2479 τοῦ
2958 2423 3244 2496 προφήτου
3273 2425 3443 2496 φησί·
3483 2445 3501 2478 ι
3533 2425 3669 2490 Θεὸς
3697 2428 3794 2494 ἐγ-

2190 2516 2363 2585 γίζων
2389 2515 2502 2586 ἐγώ
2533 2519 2672 2588 εἰμι,
2715 2520 2810 2573 καὶ
2849 2519 2910 2572 ού
2936 2518 3069 2581 Θεὸς
3101 2517 3407 2589 πόρρωθεν.
3445 2537 3464 2569 ι
3497 2519 3654 2572 Καὶό
3686 2536 3798 2588 μα-

2191 2608 2382 2679 κάριος
2443 2607 2681 2676 Παῦλος,
2735 2627 2754 2660 ι
2813 2610 2902 2662 Ἐν
2942 2609 3095 2678 αὐτῷ
3126 2649 3142 2675 ,
3181 2611 3338 2680 φησι,
3374 2609 3564 2681 ζῶμεν
3593 2609 3661 2674 ⁸³,
3696 2611 3795 2664 καὶ

2191 2701 2516 2771 κινούμεθα,
2552 2704 2649 2756 καὶ
2687 2702 2875 2772 ἐσμέν.
2923 2721 2941 2754 ι

2267 2794 2402 2867 ρνβ’.
2442 2813 2462 2847 ι
2502 2797 2641 2851 Κατ’
2691 2798 2866 2869 ἀρχὰς
2897 2798 2943 2829 ⁸⁸
3001 2797 3175 2867 ἔγνων
3213 2799 3278 2852 ἐκ
3327 2797 3438 2850 τῶν
3471 2795 3797 2868 μαρτυρίων

2190 2904 2310 2954 σου,
2349 2889 2432 2941 ὅτι
2459 2889 2538 2948 είς
2562 2887 2654 2942 τὸν
2687 2889 2862 2942 αίῶνα
2911 2889 3283 2960 ἐθεμελίωσας
3336 2890 3496 2944 αύτά.
3563 2907 3580 2940 ι
3625 2892 3794 2955 Mup-

2187 2983 2363 3052 τύρια
2393 2983 2550 3036 καλεῖ
2587 2983 2679 3036 τὸν
2704 2983 2960 3054 οὐρανὸν,
3010 2983 3106 3036 καὶ
3154 2982 3253 3054 τήν
3281 2983 3406 3053 γῆν.
3445 3001 3463 3033 ι
3500 2981 3792 3043 Καταὸὰς,

2189 3074 2328 3146 φησὶ
2354 3076 2419 3137 ⁸³,
2434 3075 2776 3146 δεαμὰρτυρε
2803 3075 2987 3138 αὐτοῖς
3011 3075 3102 3128 τὸν
3124 3075 3374 3146 οὐρανὸν,
3395 3074 3488 3126 καὶ
3509 3071 3606 3143 τὴν
3624 3073 3789 3141 γῆν.»

1863 3183 1874 3218 :
1920 3181 1938 3214 ι
1990 3164 2086 3218 At-
2116 3189 2158 3245 ο
2193 3166 2293 3219 Διὰ
2320 3165 2481 3218 τοῦτο
2506 3166 2599 3218 καὶ
2633 3165 2838 3235 Μωσῆς
2877 3167 2905 3218 ὁ
2949 3165 3122 3235 μέγας
3161 3165 3261 3236 τῆς
3303 3164 3446 3235 ᾠδῆς
3481 3163 3793 3234 ἀρχόμενος

2194 3259 2300 3328 ἐςη
2328 3275 2342 3288 ο
2386 3277 2404 3309 ι
2438 3259 2706 3330 Πρόσεχε,
2740 3258 2938 3328 ούρανέ
2959 3297 2973 3322 ,
3007 3258 3102 3311 καὶ
3135 3259 3388 3328 λαλήσω·
3427 3258 3519 3311 καὶ
3540 3257 3795 3312 ἀκουέτω

2193 3350 2268 3420 γῆ
2304 3353 2528 3422 ῥήματα
2553 3353 2619 3405 ἐκ
2652 3351 2923 3420 στόματός
2982 3367 3103 3419 μου.
3143 3370 3161 3404 ι
3209 3351 3298 3404 Ἐν
3329 3350 3386 3403 δὲ
3423 3351 3634 3412 τούτοις
3655 3351 3792 3419 ὁρᾶ-

2191 3461 2285 3498 ται
2320 3443 2592 3513 διηνεκῶς
2633 3445 2667 3513 ή
2695 3444 2790 3496 τοῦ
2815 3442 2953 3496 Θεοῦ
2978 3444 3208 3514 πρόνοια
3230 3459 3245 3474 ·
3283 3443 3425 3513 μετὰ
3452 3441 3655 3512 πολλῆς
3676 3441 3793 3510 γὰρ

2190 3534 2590 3601 ὁδεύειτάξεως
2607 3535 2851 3590 ἅπαντα.
2883 3536 3186 3601 Ἐντεῦθεν,
3211 3539 3396 3607 φησὶν,
3415 3536 3589 3606 ἔγνων
3623 3539 3793 3606 ἀκρι-

2199 3629 2334 3694 ϐῶς,
2365 3627 2444 3694 ὼς
2477 3630 2646 3697 ἐγγὺς
2685 3624 2737 3683 εἴ
2768 3630 2834 3683 σὺ
2863 3631 2930 3694 ⁸⁵,
2967 3630 3063 3683 καὶ
3094 3631 3260 3700 παρεῖ
3293 3631 3407 3692 τοῖς
3453 3631 3789 3700 γινομένοις,

2191 3723 2288 3775 καὶ
2311 3721 2569 3777 λανθάνει
2605 3739 2666 3776 σε
2696 3723 2807 3777 τῶν
2837 3723 3184 3793 πραγμάτων
3214 3722 3389 3775 οὐδέν.

2263 3814 2400 3888 ρνγ.
2433 3834 2453 3867 ι
2495 3815 2602 3870 Ἴδε
2653 3815 2756 3886 τὴν
2809 3815 3149 3869 ταπείνωσίν
3185 3832 3313 3885 μου,
3345 3815 3440 3868 καὶ
3469 3813 3656 3880 ἐξελοῦ
3692 3833 3786 3886 με,

2187 3907 2270 3962 ὅτι
2299 3907 2395 3961 τοῦ
2426 3907 2595 3978 νόμου
2613 3924 2708 3962 σου
2728 3909 2830 3962 οὐκ
2858 3907 3228 3979 ἐπελαθόμην.
3257 3927 3276 3960 ι
3295 3938 3365 3950 -—
3385 3927 3403 3960 ι
3427 3907 3486 3960 ’0
3507 3909 3790 3963 ταπεινῶν

2188 3999 2382 4056 ἐαυτὸν
2407 3999 2780 4072 ὑψωθήσεται,
2822 4020 2840 4052 ι
2879 4001 3024 4054 κατά
3052 4000 3153 4072 τὴν
3195 4001 3294 4054 τοῦ
3321 4001 3533 4070 Κυρίου
3575 4003 3786 4071 φωνήν.

2188 4094 2301 4148 Καί
2337 4109 2353 4127 ο
2394 4112 2414 4145 c
2460 4095 2743 4166 Μακάριοι
2773 4095 2824 4148 οἱ
2869 4095 3080 4164 ’πτωχοὶ⁵
3127 4093 3206 4164 τῷ
3243 4091 3540 4165 πνεύματι,
3571 4094 3658 4148 ὅτι
3688 4096 3791 4148 αύ-

2186 4187 2296 4242 τῶν
2324 4188 2526 4258 ἐστινὴ
2573 4186 2828 4258 βασιλεία
2867 4186 2978 4240 τῶν
3014 4187 3288 4258 οὐρανῶν.
3337 4205 3355 4238 ι
3388 4186 3578 4260 Ταύτῃ
3618 4188 3715 4239 καὶ
3741 4189 3787 4219 ⁶⁷

2189 4281 2218 4332 δ
2243 4278 2390 4343 θεῖος
2415 4279 2713 4350 Προφήτης
2741 4277 2842 4342 τὰς
2866 4278 3036 4342 ἄλλας
3073 4279 3384 4350 ἐκόσμησεν
3414 4279 3618 4350 ἀρετάς
3645 4297 3660 4311 ο
3689 4281 3789 4333 καὶ

2187 4373 2393 4444 ταύτην
2451 4372 2850 4444 προϊσχόμενος
2913 4374 3016 4444 τήν
3068 4373 3222 4428 θείαν
3274 4373 3600 4444 ἐπαγγέλλει
3655 4373 3788 4444 βοή-

2190 4466 2364 4521 θειαν.
3122 4473 3124 4476 ’

2264 4557 2392 4626 ρνδ’.
2436 4573 2456 4608 ι
2492 4558 2694 4627 Κρῖνον
2721 4555 2820 4628 τὴν
2869 4557 3051 4630 κρίσιν
3100 4575 3224 4628 μου,
3249 4559 3345 4612 καὶ
3367 4557 3645 4630 λύτρωσαί
3672 4575 3742 4627 με
3775 4576 3784 4588 -

2187 4647 2277 4702 διὰ
2305 4649 2398 4702 τὸν
2427 4649 2586 4716 λόγον
2620 4666 2714 4702 σου
2745 4649 2914 4719 ζῆσόν
2961 4668 3050 4720 με.
3090 4670 3108 4702 ι
3147 4651 3270 4704 Τῶν
3308 4651 3658 4721 ὑποσχέσεων
3694 4650 3789 4703 τὸν

2189 4742 2474 4812 Δεσπότην
2511 4744 2946 4813 ἀναμιμνήσκει,
2994 4744 3088 4797 καὶ
3119 4745 3251 4815 παρ’
3275 4743 3441 4797 αὑτοῦ
3468 4743 3566 4814 τὴν
3608 4761 3791 4812 σωτη-

2192 4835 2319 4904 ρίαν
2347 4837 2514 4902 αἰτεῖ,
2547 4835 2642 4888 καὶ
2667 4837 2851 4906 κρῖναι
2883 4835 3033 4907 αὐτῷ
3075 4836 3173 4890 καὶ
3197 4837 3310 4898 τοῖς
3333 4835 3659 4906 δυσμενέσιν
3690 4838 3790 4890 ἀν-

2185 4924 2404 4980 τισολεῐ.

2269 5025 2396 5087 ρνεν.
2445 5038 2464 5071 ε
2509 5021 2748 5092 Μακράν
2783 5019 2894 5074 ἀπὸ
2925 5019 3274 5092 ἁμαρτωλῶν
3309 5021 3576 5091 σωτηρία,
3604 5021 3688 5076 ὅτι
3715 5021 3786 5076 τὰ

2428 5215 2454 5242 ιι
2487 5205 2604 5260 Act.
2646 5219 2782 5270 xvn,
2813 5203 2903 5260 28.
2982 5205 3008 5236 °
3042 5203 3214 5260 Exod.
3241 5203 3472 5272 ιιχ,21.
3552 5213 3580 5254 Ρ
3619 5202 3782 5259 Deut.

1559 5368 1794 5429 VAlll/E
1841 5378 2234 5439 LECTIONES
2279 5382 2366 5437 ET
2408 5381 2646 5439 NOTIE.

569 5469 635 5546 _'_"
794 5471 1218 5546 κυλινδούμενοι.

1295 5481 1343 5514 ⁸9
1379 5487 1636 5568 Icaria}?
1665 5490 1841 5568 κρῖ]ιὰ
1875 5508 2012 5568 σου.
2052 5494 2090 5548 ll

2188 5513 2215 5550 ι.
2253 5496 2358 5552 Pro
2397 5513 2540 5552 more
2574 5508 2684 5552 tuo.
2763 5497 2921 5554 Conf.
2956 5515 3096 5554 vers.
3133 5499 3358 5554 132.1ta
3391 5513 3612 5568 quoque
3637 5514 3785 5558 vers.

493 5541 740 5639 1
888 5541 1202 5639 ξιξιιτεαξζχιε
1248 5541 2090 5639 ἀγομίςι.11ιέ1›ι·.’βρξὶιῇιῆἦᾷτῶ

2188 5580 2221 5620 tt
2261 5578 2544 5639 sectatores
2587 5569 2822 5623 sceleris.
2870 5568 2995 5639 Syr.
3045 5571 3210 5639 Appr.
3265 5541 3627 5639 perscienter-es
3671 5572 3782 5624 ini-

491 5612 1221 5710 qtri‘tg‘tial.‘§ﬁdintcrprletes
1241 5612 1444 5710 “Graeci
1489 5638 1680 5682 omnes

2188 5653 2207 5691 ε
2259 5638 2407 5695 llicr.
2486 5639 2528 5670 ⁶¹
2587 5639 2753 5694 Ὀδοι.
2790 5625 2982 5695 σοι1ί1
3038 5612 3548 5710 ἐν’τξλαὶῖοεονὶρια
3597 5651 3786 5698 tamen

492 5684 659 5765 altera
718 5683 1182 5765 lectione.__ﬂ_eltr.
1223 5695 1425 5765 putuit:
1471 5709 1739 5765 iprmcepta
1771 5683 1881 5754 Tua.

493 5750 695 5873 5????
730 5755 894 5840 φησει,
947 5754 1006 5834 ,⁸⁸
1045 5759 1182 5838 “('7'
1204 5761 1414 5844 ἀρχάς.
1467 5750 1626 5819 ΙἸεΙιΓ.
1649 5750 1804 5822 ’.ιάηὶ
1827 5750 2049 5840 pridem.

615 5829 764 5873 avtn
796 5839 913 5873 και-
948 5823 1020 5873 Ib.
1047 5825 1133 5873 δια
1162 5845 1362 5873 ταυτην.-

615 5823 764 5888 αύΐῃ
796 5825 913 5877 καί.
947 5823 1020 5876 ib.
1047 5825 1133 5876 διὰ
1162 5823 1383 5900 ταύτης,

1973 5707 2016 5734 θ’
2050 5707 2245 5775 Κύριε.
2279 5713 2398 5762 cod.
2429 5710 2451 5763 1
2492 5711 2762 5764 Δέσποτα.
2878 5713 2922 5742 ⁸³

2961 5713 3139 5781 Φησὶ,
3181 5711 3385 5780 ζῶμεν.
3429 5712 3547 5766 cod.
3597 5713 3621 5764 1
3670 5712 3785 5782 γὰρ

2127 5779 2171 5809 ⁸³
2203 5780 2380 5846 simul.
2425 5781 2548 5834 cod.
2589 5783 2604 5835 l
2635 5795 2826 5850 praem.
2863 5782 2992 5853 γάρ.
3035 5779 3111 5812 “⁶⁶
3135 5779 3259 5836 Σύ(
3285 5783 3456 5838 Abest
3489 5796 3520 5836 a
3556 5782 3678 5836 cod.
3726 5779 3780 5839 1⁷.
