4128 6434
351 409 498 480 18-69

1674 411 1758 475 IN
1797 411 2004 475 PSAL.
2054 413 2315 477 CXVIII.

3487 420 3624 488 1870

349 519 706 592 δικαιιῖιματά
747 537 842 576 σου
887 519 987 575 οὐκ
1027 521 1382 595 ἐξεζήτησαν.
1419 541 1437 574 ι
1467 523 1581 594 Τῆς
1633 524 1788 595 παρὰ
1820 525 1942 591 σοῦ,

2064 527 2404 587 ηἰῐὶοειιίοιιεε
2448 539 2572 588 tuas
2600 546 2708 586 non
2749 533 3185 603 exquisiverunt.
3232 551 3250 585 ι
3288 532 3502 600 Salute,
3538 536 3622 589 in-
3668 536 3676 542 “

353 614 517 686 φησί,
541 613 818 685 σωτηρίας
843 615 888 648 ⁸⁸
911 617 1055 686 σφᾶς
1096 617 1297 680 αὐτοὺς
1345 618 1653 689 ἐστέρησαν
1687 620 1737 672 οἰ
1763 637 1942 688 παρα-

2045 620 2184 687 quit,
2215 636 2338 691 quas
2365 637 2395 676 a
2443 631 2495 679 te
2528 623 2796 693 procedit,
2851 624 3037 695 inique
3082 625 3330 682 viventes
3365 642 3425 681 se
3479 627 3630 696 ipsos

353 704 526 776 νομίᾳ
555 703 848 769 συζῶντες,
893 705 969 776 μὴ
1023 703 1380 778 βουληθέντες
1430 707 1770 777 καταμαθεῖν
1819 706 1943 760 τίνα

2064 713 2348 783 )rivarunt,
2375 716 2625 773 nolentes
2662 716 2876 774 discere
2905 734 3028 789 qua:
3073 717 3255 774 facere
3294 719 3626 790 prtem-pisti.

356 796 630 868 πράττειν
665 796 960 868 ὲνομοθέτη
968 813 1086 861 σας.

434 894 576 960 ρνςθ.
620 906 640 939 ι
687 889 750 941 Οἱ
777 887 1058 957 οἰκτιρμοί
1107 906 1201 943 σου
1248 888 1680 964 πολλοί,Κύριε,
1713 890 1857 945 κατὰ
1885 890 1945 945 τὸ

355 980 539 1050 κρῖμά
565 997 658 1034 σου
681 979 845 1050 ζῆσόν
879 997 966 1050 με.
1005 999 1024 1032 ι
1066 979 1242 1046 Πολὺς
1289 983 1390 1052 τῆς
1419 982 1518 1053 σῆς
1567 983 1612 1016 θ’
1645 983 1947 1054 φιλανθρω-

357 1073 502 1135 πίας
535 1075 562 1125 ὁ
595 1072 829 1136 πλοῦτος
855 1089 868 1102 ’
900 1072 1086 1127 δικαία
1114 1091 1208 1126 σου
1227 1077 1260 1145 ἡ
1297 1074 1498 1144 ψῆφος.
1523 1075 1635 1147 Τὴν
1660 1075 1769 1128 ἀπὸ
1821 1073 1948 1128 τού-

354 1182 474 1220 των
509 1166 787 1236 σωτηρίαν
814 1165 972 1220 αἰτῶ.

442 1258 576 1330 ρνςν.
613 1277 632 1309 ι
666 1258 863 1311 Πολλοὶ
913 1261 963 1312 οἰ
1014 1259 1374 1325 ὲκδιὼκοντές
1415 1260 1632 1333 με,⁷καὶ
1671 1259 1950 1324 θλίϐοντες

359 1368 466 1423 με·
501 1351 564 1402 ἐκ
614 1350 724 1402 τῶν
785 1351 1104 1422 μαρτυρίων
1151 1368 1247 1406 σου
1293 1353 1394 1407 οὐκ
1436 1352 1709 1420 ἐξέκλινα.
1741 1371 1760 1404 ›
1814 1352 1951 1408 Οὐδὲ

359 1443 614 1506 πολλαῖς,
649 1443 805 1512 φησί,
866 1443 1405 1514 περιστοιχιζόμενος
1454 1446 1783 1515 συμφοραῖς,
1841 1443 1950 1498 τῶν

360 1537 475 1590 ὑπὸ
502 1535 595 1588 σοῦ
625 1534 1142 1605 νενομοθετημένων
1176 1536 1485 1609 ἠνεσχόμην
1510 1555 1564 1590 τι
1607 1537 1947 1608 παραϐῆναι.

363 1629 483 1682 Kal.
511 1628 607 1680 τοῦ
640 1627 858 1698 ψαλμοῦ
888 1628 989 1699 τὴν
1015 1627 1275 1682 ὑπόθεσιν
1307 1629 1590 1700 εἰρηκότες
1619 1629 1852 1700 ἔφαμεν,
1877 1629 1952 1693 ὡς

361 1721 550 1774 πάντα
590 1718 619 1769 ὁ
662 1719 804 1782 θεῖος
839 1717 1004 1770 Δαϐὶδ
1040 1718 1110 1770 τὰ
1141 1718 1530 1788 συμϐεϐηκότα
1551 1718 1701 1788 αὐτῷ
1737 1720 1794 1771 ἐν
1817 1718 1952 1788 τῷδε

365 1815 648 1885 συνήγαγε
675 1812 752 1883 τῷ
779 1810 980 1883 ψαλμῷ
1006 1827 1020 1841 ⁸
1055 1812 1149 1864 καί
1181 1812 1263 1865 ὅτι
1299 1811 1368 1864 τὰ
1396 1811 1496 1882 μὲν
1543 1812 1805 1882 ἁρμόττει
1839 1813 1953 1874 τοῖς

2116 881 2286 940 Vens.
2346 883 2468 940 156.
2510 903 2529 937 ι
2567 884 2952 941 Misericordia:
2984 895 3091 942 tua:
3122 887 3328 952 multm,
3375 887 3625 947 Domine.

2050 975 2261 1048 1677
2312 978 2612 1033 secundum
2651 978 2922 1049 judicium
2963 988 3117 1034 tuum
3181 981 3393 1036 viviﬁca
3449 997 3557 1034 me.
3604 1000 3623 1030 ι

2047 1066 2227 1121 Multae
2253 1077 2379 1122 sunt
2424 1069 2778 1140 benignitatis
2815 1079 2922 1126 tua:
2965 1071 3189 1139 divitim,
3226 1073 3374 1142 justa
3410 1083 3496 1128 est
3538 1082 3630 1126 tua

2048 1160 2341 1224 sententia,
2373 1160 2626 1215 ﬂuentem
2657 1163 2726 1215 ab
2753 1163 2838 1219 Itis
2866 1166 3094 1220 salutem
3122 1167 3373 1237 efﬂagito.

2125 1250 2290 1305 Vens.
2337 1237 2460 1310 157.
2515 1273 2532 1305 ι
2579 1253 2728 1308 Multi
2787 1265 2914 1309 sunt
2952 1256 3043 1326 qui
3087 1269 3493 1330 persequuntur
3542 1276 3630 1316 me

2050 1352 2104 1397 et
2129 1344 2393 1399 tribulant
2428 1361 2536 1410 me,
2561 1361 2590 1401 a
2629 1347 2957 1403 testimoniis
2989 1350 3096 1404 tuis
3135 1367 3246 1405 non
3281 1353 3570 1408 declinari.
3606 1373 3625 1406 ι

2050 1432 2183 1498 Nec,
2223 1437 2420 1507 inquit,
2459 1453 2584 1493 cum
2632 1439 2820 1495 multis
2858 1441 3261 1498 calamitatibus
3293 1443 3506 1500 cinctus
3548 1461 3637 1501 cs-

2053 1542 2191 1594 scm,
2223 1529 2426 1598 aliquid
2460 1545 2654 1586 eorum
2703 1547 2826 1601 qua:
2856 1547 2887 1586 a
2928 1541 2980 1588 te
3009 1533 3219 1588 sancito
3253 1534 3425 1600 fuere,
3455 1544 3637 1589 trans-

2053 1621 2202 1689 gredi
2230 1621 2399 1676 volui.
2424 1622 2561 1678 Cum
2583 1633 2969 1693 argumentum
2998 1627 3191 1694 psalmi
3218 1642 3639 1697 exponet-emus,

2055 1712 2414 1779 asseruimus,
2453 1715 2636 1768 omnia
2671 1715 2916 1770 divinum
2956 1715 3214 1773 Davidem
3263 1735 3385 1788 qua:
3417 1720 3518 1773 sibi
3551 1735 3643 1773 ac-

2056 1803 2308 1858 ciderunt
2365 1806 2420 1859 in
2471 1805 2574 1861 hoc
2622 1808 2836 1875 psalmo
2871 1810 3253 1878 congessisse:
3302 1819 3356 1863 ct
3395 1811 3498 1864 alia
3535 1812 3643 1866 illis

364 1907 478 1960 ὑπὸ
498 1906 590 1960 τοῦ
609 1905 783 1959 Σαοὺλ
807 1921 1114 1974 προγεγενη
1123 1905 1304 1974 μένοις
1326 1903 1476 1975 αὐτῷ
1503 1904 1790 1975 λυπηροῖς·
1809 1904 1878 1957 τὰ
1899 1904 1955 1957 δὲ

2064 1895 2371 1960 convenire,
2412 1912 2534 1966 quae
2567 1913 2594 1950 a
2630 1897 2794 1953 Saule
2821 1899 2925 1968 ipsi
2958 1901 3142 1970 gravia
3188 1910 3241 1956 et
3275 1903 3474 1956 acerba
3506 1916 3642 1956 con-

363 2000 486 2060 τοῖς
516 1996 622 2048 ὑπὸ
676 1994 773 2048 τοῦ
810 1993 1193 2066 Ἀϐεσσαλώμ.
1241 1994 1425 2048 Ταῦτα
1467 1995 1652 2066 μέντοι
1691 1995 1849 2066 δῆλον
1881 1996 1957 2060 ὡς

364 2088 480 2143 ὐπὸ
504 2086 596 2141 τοῦ
626 2087 801 2140 Σαοὺλ
823 2087 1159 2159 διωκόμενος
1186 2086 1379 2159 είρηκε
1399 2087 1470 2141 ⁷⁸.
1501 2085 1819 2158 Τηνικαῢτα
1847 2087 1957 2161 γὰρ

360 2185 475 2256 τῆς
507 2183 786 2256 ἁμαρτίας
814 2185 1148 2256 ἀπείραστος
1168 2182 1256 2258 ἦν.

449 2374 584 2440 ρνη’.
632 2387 651 2420 ι
679 2363 834 2420 Εἶδον
866 2366 1260 2430 ἀσυνετοῦντας
1285 2367 1350 2434 ⁷¹,
1393 2368 1488 2422 καὶ
1525 2368 1865 2441 ἐξετηκόμην
1887 2371 1956 2437 τι⁹

364 2462 452 2515 ὅτι
483 2459 555 2514 τὰ
585 2458 744 2528 λόγιά
785 2475 880 2512 σου
920 2459 1021 2512 οὐκ
1049 2458 1408 2530 ἐφυλάξαντο.
1437 2478 1456 2512 ι
1499 2453 1686 2524 Οὕτως
1718 2464 1745 2515 ὁ
1775 2461 1959 2534 μακά-

369 2569 492 2626 ριος
535 2551 748 2616 Παῦλος
783 2549 1075 2615 Ἰουδαίους
1105 2551 1150 2583 ⁷⁸
1190 2551 1464 2622 ὠδύρετο·
1521 2551 1696 2616 οὕτως
1732 2554 1901 2620 αὐτὸς
1929 2557 1959 2610 ὁ

366 2644 658 2715 Δεσπότης
717 2643 816 2714 τὴν
877 2642 1234 2715 Ἰερουσαλὴμ
1271 2643 1586 2717 ὠλοφύρετο
1613 2662 1624 2672 ·
1692 2646 1869 2712 οὕτως
1930 2648 1960 2702 ό

370 2738 520 2801 θεῖος
578 2735 852 2808 Ἱερεμίας
903 2734 1004 2806 τὴν
1060 2734 1156 2790 τοῦ
1208 2735 1340 2791 λαοῦ
1389 2739 1741 2810 παρανομίαν
1792 2740 1960 2813 ἐθρή-

366 2845 562 2902 νησεν.

451 2921 586 2991 ρνθ’.
623 2938 642 2972 ι
670 2919 779 2973 Ἴδε
812 2919 896 2974 ὅτι
927 2918 1026 2984 τὰς
1056 2920 1276 2986 ἐντολάς
1316 2939 1411 2975 σου
1446 2923 1734 2994 ἠγάπησα,
1763 2923 1960 2996 Κύριε,

372 3012 436 3065 ἐν
474 3009 553 3082 τῷ
581 3009 722 3064 ἐλέει
767 3026 860 3062 σου
896 3010 1062 3084 ζῆσόν
1098 3026 1190 3080 με.
1233 3029 1254 3063 ι
1292 3011 1541 3084 Συνεχῶς
1574 3012 1826 3079 ἐντολῶν,
1868 3016 1965 3069 καὶ

372 3104 582 3174 νόμων,
606 3104 704 3158 καὶ
723 3103 1111 3173 δικαιωμάτων
1134 3094 1489 3174 μνημονεύει,
1505 3107 1961 3179 καϊμαρτυριῶν,

373 3195 489 3250 τῶν
513 3193 644 3265 περὶ
673 3193 849 3249 ταῦτα
875 3193 1042 3248 πόθον
1070 3193 1311 3259 δεικνύς.

451 3369 548 3441 ρξ’.
579 3389 598 3422 ι
625 3369 799 3441 Ἀρχὴ
816 3371 925 3425 τῶν
941 3357 1117 3438 λόγων
1136 3388 1231 3426 σου
1253 3371 1504 3443 ἀλήθεια,
1520 3371 1616 3427 καὶ
1631 3373 1712 3438 εἰς
1732 3373 1824 3428 τόν
1840 3373 1972 3429 αίῶ-

376 3483 446 3518 να
480 3467 658 3518 πάντα
692 3466 760 3518 τὰ
800 3465 1045 3535 κρίματα
1070 3466 1166 3533 τῆς
1189 3465 1539 3537 δικαιοσύνης
1571 3484 1686 3522 σου.
1725 3486 1746 3520 ι
1777 3467 1974 3537 Ἀψευ-

377 3559 495 3619 δεῖς
521 3556 567 3587 τί
598 3556 742 3626 ἔχεις
766 3557 863 3619 τὰς
896 3557 1222 3626 ὑποσχέσεις
1246 3575 1261 3590 ·
1289 3559 1519 3632 ἀληθείᾳ
1545 3559 1644 3624 τὰς
1679 3561 1781 3626 σὰς
1808 3564 1853 3596 ⁷⁵
1876 3565 1973 3617 ὲπ-

380 3645 648 3715 αγγελίας
674 3648 923 3716 κοσμεῖς,
950 3644 1096 3716 ἔργῳ
1121 3646 1360 3716 βεϐαιοῖς
1392 3647 1521 3711 τοὺς
1544 3647 1591 3680 ⁷⁸
1617 3648 1830 3715 λόγους.
1853 3651 1974 3717 Ἁρ-

380 3739 510 3810 χὴν
537 3739 595 3792 δὲ
620 3739 820 3806 λόγων
846 3739 1003 3791 καλεῖ
1027 3738 1124 3802 τὰς
1159 3739 1295 3809 πρὸς
1325 3739 1415 3793 τὸν
1448 3739 1699 3810 Ἀϐραὰμ
1728 3741 1972 3810 ἐπαγγε-

380 3829 530 3892 λίας.
574 3827 666 3892 Ἐξ
701 3828 911 3880 ἐκείνου
960 3829 1068 3898 γὰρ
1109 3830 1170 3882 τὸ
1211 3827 1478 3883 Ἰουδαίων
1519 3829 1750 3901 συνέστη
1793 3831 1967 3900 γένος.

397 3922 541 3975 Ἀλλ’
567 3920 854 3990 ἐπλήρωσε
878 3919 980 3983 τὰς
1009 3919 1349 3990 ὑποσχέσεις,
1375 3919 1470 3974 καὶ
1498 3918 1704 3993 ηὔξησε
1733 3923 1826 3975 τὸν
1847 3921 1972 3976 λαὸν

378 4013 522 4066 ὡσεὶ
560 4011 631 4064 τὰ
666 4013 842 4080 ἄστρα
883 4011 976 4064 τοῦ
1019 4011 1247 4081 ούρανοῦ
1296 4011 1375 4082 τῷ
1417 4011 1633 4083 πλήθει,
1665 4013 1762 4066 καὶ
1794 4014 1853 4067 ἔν
1895 4014 1973 4085 τῷ

384 4104 669 4172 σπέρματι
707 4102 874 4154 αὐτοῦ
903 4104 946 4133 ⁷⁷
977 4103 1250 4174 ηὐλόγησε
1311 4104 1454 4158 κατὰ
1496 4105 1596 4170 τὰς
1636 4105 1973 4175 ἐπαγγελίας

381 4199 566 4250 πάντα
608 4198 675 4249 τὰ
722 4195 873 4266 ἔθνη.
921 4195 1092 4250 Τοῦτο
1136 4196 1244 4269 γὰρ
1285 4197 1670 4270 παρεδήλωσεν
1711 4198 1972 4271 apum"

388 4310 408 4341 ι
447 4292 538 4353 Εἰς
576 4290 666 4341 τὸν
697 4288 872 4342 αἰῶνα
917 4289 1097 4343 πάντα
1123 4290 1189 4343 τὰ
1222 4290 1468 4362 κρίματα
1499 4290 1600 4360 τῆς
1624 4290 1974 4361 δικαιοσύνης

383 4399 502 4435 σου.
543 4400 562 4432 ι
603 4381 900 4453 Προφήτης
927 4381 1036 4451 γὰρ
1066 4381 1142 4434 ὢν
1163 4379 1310 4452 ἑώρα
1337 4381 1434 4436 τοῦ
1466 4381 1704 4455 Χριστοῦ
1741 4382 1806 4436 τὺ
1838 4381 1974 4458 αἰών

380 4489 499 4545 νιον
540 4457 765 4543 κράτος.
806 4472 898 4525 Διὸ
934 4473 1028 4526 καὶ
1063 4472 1294 4545 ἀληθείᾳ
1326 4472 1432 4545 ἐφη
1468 4474 1850 4546 κεκοσμῆσθαι
1873 4457 1974 4546 τὴν

379 4563 494 4617 τῶν
525 4563 689 4617 θείων
720 4563 920 4634 λογίων
950 4565 1152 4636 ἀρχήν.

457 4654 593 4727 ρξαῆ
626 4675 644 4706 ι
674 4657 973 4726 ’Ἄρχοντες
1017 4655 1352 4721 κατεδίωξὰν
1380 4674 1447 4728 με
1476 4657 1708 4730 δωρεὰν,
1739 4661 1835 4716 καὶ
1864 4660 1975 4716 ἀπὸ

378 4747 492 4800 τῶν
521 4745 698 4814 λόγων
727 4763 820 4799 σου
847 4747 1147 4800 ὲδειλίασεν
1185 4748 1220 4818 ἡ
1259 4748 1458 4819 καρδία
1496 4767 1620 4820 μου.
1651 4769 1671 4803 ι
1704 4753 1846 4817 Τοὺς
1876 4770 1968 4806 πον

377 4834 710 4904 λεμοῦντας,
743 4838 902 4906 φησί,
932 4838 1027 4890 καὶ
1051 4835 1352 4901 διώκοντας
1383 4839 1484 4892 οὐκ
1512 4841 1811 4913 ἐφοϐήθην,
1843 4844 1972 4908 τοὺς

377 4927 438 4980 δὲ
466 4930 594 4991 σοὺς
623 4927 806 4982 ἔδεισα
831 4928 1050 4998 νόμους.
1081 4928 1172 4981 Διὸ
1200 4929 1296 4983 καὶ
1327 4929 1661 4986 καθεύδοντα
1685 4933 1778 4986 τὸν
1811 4935 1971 4989 πολέ-

380 5034 509 5087 μιον
565 5016 764 5086 εὑρὼν,
822 5019 1032 5072 ἀνελεῖν
1081 5020 1182 5073 οὐκ
1240 5020 1544 5092 ὲτολμήθην
1569 5024 1613 5056 ⁷⁸
1640 5042 1655 5057 ο
1716 5026 1811 5078 καὶ
1876 5026 1967 5082 τὸν

378 5106 723 5176 πατραλοίαν
746 5107 801 5160 δὲ
833 5107 1040 5162 ἐκεῖνον
1061 5109 1157 5163 καὶ
1187 5111 1435 5183 μυσαρὸν
1460 5114 1630 5167 παῖδα
1657 5115 1974 5188 οἰκτείρων,

378 5197 591 5266 ἔλεγον·
637 5216 656 5250 ι
685 5198 983 5253 Φείσασθαί
1025 5217 1119 5270 μοι
1146 5201 1239 5254 τοῦ
1271 5203 1579 5275 παιδαρίου.
1614 5224 1632 5255 ι

451 5349 472 5376 ⁸
509 5338 548 5394 Il
572 5340 706 5411 Reg.
737 5355 891 5406 xvm,
921 5341 975 5395 5.

2061 1986 2333 2058 tigerunt;
2371 1989 2479 2044 alia
2537 2005 2668 2046 vero
2709 1991 2777 2046 iis
2827 2007 2952 2060 quae
2990 1993 3059 2047 ab
3091 1993 3388 2048 Absalomo
3430 2002 3644 2064 patrata

2058 2089 2207 2136 sunt.
2235 2080 2464 2137 Constat
2497 2092 2681 2138 autem
2736 2083 2854 2139 haec
2879 2099 3027 2151 eum,
3059 2101 3182 2139 cum
3214 2101 3244 2140 a
3271 2084 3435 2140 Saule
3459 2100 3646 2155 perse-

2059 2173 2336 2230 cntionem
2381 2179 2397 2195 '
2427 2186 2729 2246 pateretur,
2786 2177 3170 2248 deprecantem
3218 2179 3444 2234 dixisse.
3487 2178 3644 2234 Tunc

2057 2265 2203 2320 enim
2232 2267 2438 2335 peccati
2469 2283 2664 2337 expers
2690 2279 2827 2322 erat.

2134 2354 2301 2412 Vens.
2359 2357 2482 2412 158.
2527 2378 2545 2410 ι
2586 2357 2705 2414 Vidi
2748 2360 3142 2429 imprudentes,
3179 2371 3232 2415 et
3271 2362 3642 2426 tabescebam,

2059 2448 2187 2517 quia
2217 2449 2432 2519 eloquia
2471 2459 2560 2503 tua
2597 2466 2705 2505 non
2747 2451 3186 2508 custodiverunt.
3236 2472 3254 2506 ι
3310 2456 3402 2509 Sic
3450 2456 3646 2511 beatus

2058 2540 2264 2597 Paulus
2309 2539 2550 2604 Judmos.
2600 2542 2684 2598 sic
2738 2542 2855 2612 ipse
2911 2543 3176 2601 Dominus
3211 2544 3645 2618 Hierosolymam

2060 2634 2381 2705 dcplorabat
2415 2653 2430 2689 :
2477 2636 2559 2692 sic
2592 2635 2816 2692 divinus
2857 2635 3124 2695 Jeremias
3163 2640 3348 2710 populi
3387 2641 3650 2711 iniquitas

2056 2734 2169 2783 tem
2210 2725 2635 2784 lamentabatur.

2136 2909 2302 2967 Vens.
2349 2910 2474 2966 159.
2508 2930 2527 2964 ι
2573 2908 2706 2966 Vide
2740 2912 3004 2981 quoniam
3045 2913 3300 2968 mandata
3337 2922 3427 2969 tua
3457 2915 3651 2982 dilexi,

2063 2999 2316 3068 Domine,
2347 3001 2401 3056 in
2439 3001 2820 3058 misericordia
2864 3011 2957 3058 tua
2999 3003 3214 3060 vivilica
3261 3023 3366 3061 me.
3409 3029 3424 3060 ι
3460 3008 3653 3064 Conti-

2066 3107 2175 3147 nue
2211 3093 2620 3158 mandatorum,
2669 3101 2722 3148 et
2763 3093 2964 3165 legum,
2995 3104 3051 3150 et
3087 3096 3565 3167 jnstilicationum,
3599 3112 3654 3156 ct

2069 3183 2512 3240 testimoniorum
2555 3186 2889 3242 mentionem
2930 3186 3083 3252 facit,
3127 3189 3460 3246 desiderium
3513 3191 3651 3249 isto-

1991 3245 2038 3308 c
2071 3287 2193 3327 rum
2220 3288 2333 3344 prae
2361 3289 2420 3330 se
2442 3273 2645 3331 ferens.

2137 3364 2306 3422 Vens.
2339 3365 2465 3421 160.
2502 3386 2520 3419 ι
2561 3367 2902 3441 Principium
2939 3371 3229 3426 verborum
3265 3385 3482 3430 tuorum
3513 3377 3657 3432 veri-

2074 3467 2181 3523 tas,
2217 3468 2273 3515 et
2303 3459 2361 3514 in
2404 3468 2672 3515 atternum
2705 3463 2892 3516 omnia
2931 3463 3138 3532 judicia
3183 3464 3412 3533 iustitiae
3437 3473 3655 3527 tuamA

2074 3550 2361 3607 mendacio
2395 3553 2604 3609 alienas
2642 3555 3067 3623 pollicitationes
3108 3557 3298 3624 habes,
3332 3570 3383 3614 et
3431 3561 3658 3616 veritate

2073 3642 2345 3712 promissa
2393 3658 2580 3710 ornas,
2631 3659 2800 3713 reque
2847 3660 3128 3700 sermones
3163 3657 3286 3703 tuos
3337 3653 3654 3707 conlirmas.

2073 3731 2407 3803 Principium
2461 3743 2646 3789 autem
2701 3736 2976 3789 uerborum
3031 3747 3188 3792 vocat
3240 3729 3658 3808 pollicitationes

2073 3823 2308 3880 Abrahae
2341 3824 2533 3884 factas.
2567 3826 2646 3880 Ex
2681 3828 2773 3881 illo
2801 3831 2948 3883 enim
2977 3829 3193 3901 1478
3215 3832 3527 3887 Iudaeorum
3563 3852 3657 3904 ge-

2074 3931 2179 3972 nus
2205 3919 2466 3973 constitit.
2518 3918 2624 3974 Sed
2659 3920 2907 3990 implevit
2948 3924 3240 3993 promissa,
3282 3933 3336 3980 et
3376 3928 3530 3980 auxit
3559 3943 3657 3996 po-

2073 4012 2284 4080 pulum,
2321 4011 2465 4067 sicut
2494 4013 2684 4069 stellas
2721 4015 2843 4070 cmli
2878 4016 3245 4080 multitudine,
3276 4027 3330 4072 et
3365 4019 3416 4071 in
3450 4023 3659 4073 semine

2075 4101 2195 4171 ejus
2221 4103 2518 4157 secundum
2550 4105 2946 4173 promissiones
2973 4108 3232 4162 omnibus
3279 4110 3532 4179 gentibus
3567 4110 3658 4162 bc-

2076 4193 2301 4248 nedixit.
2330 4192 2445 4248 Hoc
2477 4189 2622 4250 enim
2656 4196 2935 4261 indicavit,
2967 4199 3156 4255 dicens
3192 4215 3206 4254 :
3244 4219 3263 4250 ι
3307 4202 3362 4254 1η
3393 4210 3656 4255 aeternum

2075 4287 2258 4343 omnia
2294 4274 2499 4359 judicia
2527 4290 2756 4361 iustitia.-
2795 4300 2921 4347 tuae.
2961 4311 2978 4344 ι
3013 4292 3150 4348 Cum
3175 4295 3320 4347 ettim
3359 4305 3500 4348 esset
3527 4311 3659 4365 pro-

2076 4379 2264 4449 pheta,
2296 4383 2665 4452 prospiciebat
2694 4385 3088 4454 sempiternum
3113 4385 3316 4441 Christi
3342 4389 3657 4457 imperium.

2077 4469 2284 4527 Idcirco
2320 4481 2374 4528 et
2416 4475 2646 4531 veritate
2696 4476 2774 4530 ait
2821 4475 3137 4532 decoratum
3173 4493 3296 4533 esse
3347 4479 3658 4534 divinorum

2005 4585 2050 4641 ι)
2078 4580 2395 4621 sermonum
2430 4569 2782 4640 principium.

2153 4655 2318 4714 Vens.
2350 4659 2470 4714 161.
2503 4678 2522 4711 ι
2564 4660 2842 4731 Principes
2867 4661 3137 4731 persecuti
3168 4669 3297 4717 sunt
3321 4677 3405 4717 me
3433 4671 3658 4727 temere,

2073 4760 2129 4805 et
2153 4765 2183 4804 a
2215 4752 2395 4807 verbis
2421 4754 2531 4809 tuis
2555 4754 2749 4809 metuit
2775 4767 2872 4809 cor
2903 4769 3108 4809 meum.
3151 4773 3170 4805 ι
3214 4751 3430 4822 Hostes,
3459 4757 3659 4826 inquit,

2072 4852 2126 4896 et
2167 4858 2558 4913 persequentes
2593 4862 2679 4901 me
2713 4847 2939 4901 minime
2979 4846 3164 4908 timui,
3199 4853 3326 4901 tuas
3358 4863 3488 4902 vero
3516 4848 3661 4918 leges

2073 4934 2280 4989 veritus
2317 4950 2463 4989 sum.
2527 4932 2677 4990 Unde
2709 4952 2833 4992 cum
2861 4938 3220 4992 dormientem
3255 4939 3468 4994 hostem
3514 4941 3662 4994 inve-

2074 5025 2324 5091 nissem,’
2349 5041 2552 5083 necare
2590 5043 2762 5084 ausus
2805 5046 2913 5084 non
2954 5047 3100 5097 sum,
3130 5043 3182 5087 et
3217 5033 3543 5102 parricidam
3595 5033 3661 5086 il-

2075 5117 2188 5182 lum
2222 5128 2275 5174 et
2312 5118 2572 5174 infestum
2609 5122 2779 5177 lilium
2822 5125 3116 5181 miseratus
3149 5126 3394 5182 dicebam
3423 5143 3436 5157 ο
3470 5142 3489 5176 ι
3522 5122 3658 5177 Par-

2075 5210 2182 5266 cite
2211 5212 2341 5266 mihi
2368 5213 2597 5283 puerulo
2622 5222 2668 5269 ³.
2710 5233 2728 5264 ι

452 5461 481 5472 ..
1472 5430 1709 5489 VARIIE
1748 5434 1963 5491 LECTI‘

2064 5438 2140 5493 ES
2189 5438 2278 5493 ET
2307 5439 2542 5498 ΝΟΤΔΕ.

451 5545 690 5630 σῗιῷησὶ
715 5560 934 5630 σιιξῖηρ.
971 5547 1045 5630 ib.
1092 5546 1521 5630 φιλανθρωπίαῇ
1591 5549 1636 5582 ⁶⁹
1675 5550 1820 5617 Σῆς.
1855 5551 1963 5630 ρος

2064 5570 2073 5606 I
2110 5553 2233 5630 cod.
2267 5557 2318 5630 ε.
2394 5556 2440 5588 "°
2470 5558 2710 5630 Εῖρηκε.
2740 5559 2863 5614 cati.
2895 5559 2920 5613 ί
2966 5573 3154 5630 prgam.
3195 5559 3651 5630 προσευχόμενος.

464 5617 756 5700 ’Ἀσνιίνει
784 5615 948 5670 Hebr.
985 5615 1451 5700 Prwvarijtoreg.
1483 5615 1789 5700 'Symm_._eti
1815 5623 1960 5678 edita

2074 5615 2713 5700 _dt03_'co§v-.a;.‘l{eliqui
2752 5615 3199 5700 dsuvosr'oﬁvtag.
3243 5615 3323 5660 ’τ’
3357 5615 3650 5695 Κὲὶίέξεξξ

377 5687 549 5772 iit-bc.
579 5685 648 5772 ξι
671 5696 942 5772 aven-nitus
977 5704 1114 5772 iant.
1194 5685 1622 5772 τξςζουδαιόὺς.
1649 5692 1821 5772 ζιλιι-(ξεί
1848 5709 1874 5744 a
1901 5708 1963 5772 eo

2068 5695 2118 5748 ι.
2195 5695 2250 5772 τι,
2279 5685 2583 5772 nos-been
2618 5685 2686 5772 __'—
2711 5700 2850 5772 τοὺς
2879 5699 3120 5772 λόγους.
3154 5685 3279 5754 ἱιερρ
3309 5700 3484 5772 desid.
3508 5685 3654 5772 apud

378 5756 549 5838 gurd.
585 5757 622 5809 l.
654 5773 790 5838 cup.
978 5756 1307 5838 Ιιριὶμυιιιξίή
1339 5769 1574 5815 exstant.
1649 5763 1694 5793 ⁷³
1723 5762 1862 5830 Σάς.
1888 5763 1963 5818 Ab

2086 5780 2115 5819 a
2151 5764 2275 5820 cod.
2310 5756 2361 5819 1Ῐ
2440 5769 2485 5800 ⁷⁸
2523 5756 2686 5834 Τούς.
2719 5756 2842 5825 cod:
2877 5770 2898 5822 1
2932 5756 3119 5838 prtem.
3151 5785 3268 5826 σου.
3346 5771 3391 5807 ⁷⁷
3429 5756 3654 5831 Δὺὲοῦ.

381 5827 458 5882 ib.
498 5841 682 5895 prxm.
707 5826 784 5880 δέ.
861 5827 906 5860 ⁷⁸
935 5829 1055 5883 cod.
1088 5827 1109 5879 1
1139 5827 1437 5896 ἐτόλμησα.
