4128 6412
537 410 680 475 4871

1499 401 1994 464 TIIEODORETI
2063 400 2398 460 El’ISCLlPI
2463 405 2833 464 (IYHENSIS

3676 404 3818 470 1372

619 525 782 580 Vens.
814 521 936 578 162.
979 542 996 574 ι
1031 521 1281 577 Lmtabor
1311 535 1413 593 ego
1443 519 1509 576 de
1547 521 1784 592 eloquiis
1813 521 1943 585 tuis,
1983 520 2128 575 sicut

2306 519 2435 589 ρξβ’.
2480 539 2497 572 t
2524 520 2957 589 Ἀγαλλιάσσμαι
2986 519 3096 589 ἐγὼ
3123 521 3215 574 ἐπὶ
3244 522 3312 576 τὰ
3340 522 3498 590 λόγιὰ
3534 541 3650 588 σου,
3682 525 3758 586 ὡς
3792 527 3822 580 ὁ

546 619 638 683 qui
663 616 871 672 invenit
891 615 1066 686 spolia
1095 615 1288 670 multa.
1317 634 1334 667 ι
1367 615 1507 680 Quia
1530 614 1771 668 hostium
1798 627 2132 683 persequen-

550 724 684 763 i.um
717 709 1051 763 mentionem
1085 707 1232 771 fecit,
1289 707 1410 774 jure
1444 717 1498 762 et.
1527 707 1828 776 spoliorum
1861 704 2131 760 meminit.

546 798 686 852 Didt
728 808 909 852 autem
943 815 956 852 :
991 797 1054 851 Et
1079 797 1126 851 si
1163 797 1491 852 occidissem
1523 811 1712 851 omnes
1741 795 1888 860 illos,
1915 803 1968 848 et
1998 810 2136 864 prae-

545 891 706 946 datus
730 876 906 946 esseni
938 905 1282 961 quaacunque
1309 889 1482 960 spolia
1521 889 1780 960 colligere
1805 888 2131 958 potuissem,

547 999 656 1038 non
691 983 770 1038 sic
806 982 1019 1038 laetatus
1061 997 1266 1046 essem,
1315 981 1461 1036 sicut
1509 979 1619 1035 tuis
1661 979 1874 1049 legibus
1915 977 2136 1050 gavisus

548 1091 790 1222 missus.
820 1166 946 1222 165.
989 1183 1010 1217 ε
1046 1163 1392 1233 lniquitatem
1431 1162 1560 1216 odio
1590 1161 1753 1216 habui
1785 1170 1840 1215 et
1863 1160 2139 1215 abomina-

547 1268 638 1314 tus
667 1273 814 1324 sum,
845 1258 1018 1327 legem
1052 1264 1234 1311 autem
1290 1264 1440 1308 tuam
1489 1252 1676 1307 dilexi.
1709 1271 1728 1302 ι
1761 1249 1941 1305 Verus
1973 1248 2136 1304 etiam

545 1360 629 1406 est
658 1352 748 1405 hic
790 1361 992 1405 sermo.
1027 1348 1131 1414 Qui
1170 1347 1316 1401 enim
1364 1345 1754 1400 ardentissimo
1794 1343 1978 1399 studio
2011 1356 2137 1414 erga

544 1442 764 1496 divinas
796 1455 886 1495 res
915 1438 1142 1493 allectus
1172 1445 1280 1500 est,
1309 1435 1588 1491 contraria
1626 1435 1752 1489 odio
1778 1433 1960 1488 habet.

617 1531 786 1586 Vens.
822 1530 944 1584 164.
989 1547 1008 1581 ι
1049 1527 1262 1598 Septies
1305 1528 1358 1581 in
1389 1528 1478 1581 die
1505 1525 1718 1580 laudem
1749 1525 1862 1579 dixi
1895 1525 2013 1591 tibi,
2053 1540 2140 1578 su-

549 1640 644 1694 per
677 1623 889 1693 judicia
926 1622 1155 1692 justitize
1186 1629 1310 1674 tuae.
1344 1637 1362 1670 ι
1396 1621 1411 1640 ³
1439 1619 1698 1674 Nonnulli
1739 1619 1927 1687 septies
1969 1619 2140 1672 inter-

548 1714 740 1782 pretati
776 1721 907 1767 sunt
949 1711 1259 1780 swpissime.
1294 1707 1409 1764 ΙΙοο
1439 1720 1644 1771 autem,
1671 1717 1725 1763 et
1756 1708 1910 1775 illud,
1939 1707 2140 1762 arden-

542 1819 657 1856 tem
688 1817 930 1856 amorem
981 1800 1265 1872 Propheta:
1321 1800 1662 1854 demonstrat
1701 1817 1715 1855 :
1755 1799 1956 1856 divina:
1991 1799 2138 1852 enim

547 1893 728 1948 laudis
756 1893 981 1948 satietas
1023 1892 1450 1960 haudquaquam
1485 1890 1662 1960 ipsum
1695 1889 1965 1960 capiebat.

620 1985 787 2039 Vens.
815 1983 936 2039 165.
963 2003 980 2034 ι
1007 1982 1115 2037 Pax
1147 1983 1316 2036 multa
1336 1990 1420 2037 est
1439 1980 1790 2051 diligentibus
1821 1979 2039 2051 1479
2057 1992 2145 2034 no-

549 2093 671 2132 men
693 2083 871 2141 tuum,
900 2086 952 2129 et
987 2091 1093 2129 non
1127 2084 1211 2129 est
1238 2075 1343 2128 illis
1373 2074 1712 2128 scandalum.
1764 2090 1782 2124 ι
1818 2071 1919 2138 Qui
1957 2071 2141 2124 divino

547 2185 736 2225 amore
781 2170 1034 2240 ﬂagrant,
1073 2177 1129 2223 et
1161 2182 1351 2238 pacem
1405 2181 1532 2221 cum
1577 2166 1697 2234 ipso
1733 2181 1826 2234 per
1857 2164 2143 2218 observan-

549 2261 679 2314 tiam
716 2259 1102 2314 mandatorum
1145 2257 1449 2328 possident,
1500 2257 1626 2312 licet
1657 2257 1725 2310 ab
1755 2255 2012 2309 omnibus
2040 2254 2140 2308 ho-

546 2351 787 2407 minibus
815 2348 1166 2412 infestentur,
1198 2348 1470 2418 placidam
1507 2348 1822 2417 transigunt
1855 2348 2040 2405 vitam.
2075 2346 2139 2400 Et

551 2444 706 2498 testis
746 2451 832 2498 est
863 2442 1087 2496 divinus
1121 2439 1327 2494 Paulus
1374 2439 1618 2495 clamans
1665 2455 1676 2490 :
1721 2458 1738 2488 ‹
1773 2436 1830 2491 In
1879 2437 2136 2492 omnibus

549 2535 964 2592 tribulationem
1025 2536 1288 2604 patimur,
1346 2532 1440 2588 sed
1478 2546 1586 2585 non
1642 2532 1893 2602 angustia
1943 2530 2138 2600 premi-

542 2639 708 2691 mur;
733 2639 981 2696 egemus,
1015 2623 1110 2678 sed
1142 2638 1248 2677 non
1280 2622 1671 2684 destituimur;
1701 2620 2135 2690 persecutionem

542 2712 812 2782 patimur,
855 2710 950 2764 sed
995 2724 1105 2763 non
1175 2709 1640 2778 derelinquimur;
1694 2709 2002 2778 dejicimur,
2039 2708 2136 2764 sed

546 2819 659 2856 non
691 2800 936 2870 perimus
971 2799 1017 2852 ⁸.
1052 2817 1072 2852 ι
1107 2797 1174 2853 Ει
1204 2797 1489 2864 Dominus,
1533 2813 1657 2852 cum
1689 2813 1879 2852 sacros
1909 2810 2136 2868 aposto-

549 2895 650 2954 los.
692 2893 837 2947 sicut
865 2906 997 2946 oves
1037 2890 1090 2944 in
1133 2891 1314 2945 medio
1346 2891 1622 2959 luporum,
1665 2889 1719 2942 in
1761 2898 1935 2943 totum
1971 2898 2137 2943 terra-

547 3002 671 3040 rum
701 2986 887 3041 orbem
919 2985 1160 3041 mitteret
1185 2997 1235 3050 ιι,
1262 2985 1400 3040 dixit
1430 2985 1509 3040 eis
1538 3003 1552 3040 :
1592 3001 1611 3036 ι
1640 2984 1836 3040 Pacem
1864 3001 2038 3040 meam
2063 2985 2134 3040 do

548 3080 725 3143 vobis,
767 3093 956 3148 pacem
989 3093 1167 3133 meam
1208 3079 1461 3148 relinquo
1495 3078 1650 3133 vobis
1680 3086 1727 3130 ν.
1775 3096 1794 3128 ι

625 3169 787 3226 Vsus.
833 3171 956 3226 166.
997 3189 1015 3222 ι
1060 3170 1460 3239 Exspectabam
1511 3170 1750 3226 salutare
1791 3179 1967 3230 tuum,
2023 3170 2130 3224 Do-

551 3264 720 3329 mine,
754 3272 809 3318 el
845 3263 1106 3316 mandata
1139 3271 1229 3316 tua
1271 3261 1460 3315 dilexi.
1504 3280 1521 3311 ι
1575 3259 1762 3330 Neque
1806 3260 2135 3314 calamitati—

547 3356 654 3409 bus
701 3355 941 3417 cinctus,
997 3353 1200 3407 bonam
1257 3352 1433 3420 abjeci
1483 3366 1657 3419 spem,
1714 3349 1807 3405 sed
1861 3361 2008 3404 tuam
2045 3347 2144 3405 sa-

552 3444 720 3497 lutem
781 3449 1107 3510 exspectare
1157 3455 1266 3495 non
1317 3439 1538 3505 destiti,
1602 3448 1698 3494 tua
1746 3441 2000 3494 mandata
2057 3455 2145 3494 son

551 3549 748 3605 quens.

628 3625 794 3682 Vens.
839 3625 967 3692 167,
1005 3625 1130 3681 168.
1171 3645 1190 3678 t
1225 3626 1537 3681 Custodivit
1585 3626 1769 3680 anima
1823 3642 1940 3681 mea
1991 3625 2141 3680 testi-

553 3719 740 3773 monia
768 3727 886 3784 tua,
923 3727 977 3772 et
1001 3718 1195 3773 dilexit
1229 3714 1292 3773 ea
1325 3720 1698 3775 vehementer.
1734 3719 1959 3773 Servavi
1984 3733 2140 3772 mau-

553 3813 678 3868 data
715 3821 828 3876 tua,
865 3821 917 3866 et
947 3812 1264 3866 testimonia
1314 3822 1428 3875 tua,
1461 3811 1590 3882 quia
1631 3827 1823 3866 omnes
1873 3812 1971 3866 via:
2005 3825 2138 3864 mete

554 3903 606 3957 in
657 3912 956 3972 conspectu
1008 3909 1104 3956 tuo
1153 3910 1303 3967 sunt,
1365 3917 1400 3957 ο
1453 3901 1702 3957 Domine.
1741 3921 1760 3951 ι
1798 3901 1935 3955 Cum
1987 3902 2135 3955 enim

552 3996 833 4051 novissem
895 4004 946 4050 te
978 3995 1162 4049 omnia
1195 3995 1537 4065 conspicere,
1573 4004 1626 4049 et
1669 4010 1757 4048 me
1805 3996 1988 4049 vivere
2033 3994 2135 4049 sub

551 4099 606 4144 te
638 4097 971 4158 spectatore,
1008 4102 1117 4143 non
1155 4087 1318 4141 modo
1351 4096 1442 4141 tua
1477 4089 1729 4141 mandata
1773 4087 1996 4155 perfeci,
2039 4101 2134 4140 ve-

551 4196 672 4235 rum
703 4181 868 4235 etiam
899 4194 1025 4234 eum
1054 4178 1304 4250 ﬂagranti
1339 4178 1524 4234 studio
1556 4179 1662 4232 hoc
1695 4177 1818 4231 feci.

625 4270 788 4326 Vsus.
839 4271 964 4326 169.
1007 4289 1026 4322 ι
1075 4270 1497 4340 Appropinquet
1539 4269 1856 4337 deprecatio
1909 4284 2030 4323 mea
2077 4269 2130 4322 in

555 4373 856 4434 conspectu
895 4373 1012 4429 tuo,
1053 4361 1323 4429 Domine;
1356 4364 1512 4430 juxta
1544 4362 1824 4431 eloquium
1878 4371 2030 4415 tuum
2063 4361 2132 4415 da

557 4457 696 4510 mihi
750 4456 1109 4510 intellectum.
1160 4473 1180 4507 ι
1237 4453 1434 4507 Totam
1497 4455 1942 4522 deprecationem
2005 4469 2129 4507 cum

2234 611 2506 682 εὑρίσκων
2539 613 2712 666 σκῦλα
2733 611 2925 666 πολλὰ.
2960 632 2979 664 ι
3023 613 3244 684 Ἐπειδὴ
3270 614 3550 686 πολεμίων
3583 617 3826 689 ἐμνημό-

2234 720 2393 756 νευσε
2427 703 2753 769 διωκόντων,
2787 704 3012 768 εἰκότως
3036 704 3129 758 καί
3157 705 3265 757 τῶν
3297 705 3510 760 σκύλων
3553 707 3651 779 τὴν
3682 709 3824 779 μνήο

2238 811 2347 865 μην
2375 797 2690 866 παρήγαγε.
2747 795 2912 866 Λέγει
2940 797 3017 860 δὲ,
3065 798 3146 850 ὅτι
3196 798 3415 862 Πάντας
3453 801 3502 852 εξ
3533 801 3578 832 τ’
3611 801 3826 854 ἀνεῖλον

2234 887 2502 952 ἐκείνους,
2529 888 2624 941 καὶ
2652 887 2958 952 σκυλεύσας
2993 889 3220 942 πλεῖστα
3250 890 3349 943 ὅσα
3377 891 3688 962 συνήγαγον
3721 891 3826 945 λά-

2237 996 2408 1050 φυρα,
2455 979 2556 1033 οὑκ
2604 980 2672 1034 ἂν
2721 979 2892 1045 οὓτως
2925 981 3266 1054 ηὐφράνθην,
3299 983 3378 1046 ὡς
3417 986 3528 1048 τοῖς
3565 987 3679 1048 σοῖς
3719 987 3827 1038 ἐπ-

2237 1070 2608 1142 αγαλλόμενος
2631 1073 2678 1103 ⁸ο
2710 1072 2916 1142 νόμοις.
3876 1055 3883 1076 ’

2312 1162 2447 1234 ρξγὀ
2481 1181 2499 1214 ι
2523 1164 2765 1217 Ἀδικίαν
2797 1165 3034 1235 ἐμίσησα
3069 1165 3162 1219 καὶ
3202 1165 3575 1236 ἐϐδελυξὰμην
3597 1184 3610 1197 ·
3643 1166 3736 1219 τὸν
3764 1167 3827 1221 δὲ

2237 1259 2402 1326 νόμον
2438 1271 2531 1308 σου
2563 1256 2852 1326 ἠγάπησα.
2891 1275 2909 1309 ι
2940 1256 3174 1328 Ἀληθὴς
3196 1259 3288 1312 καὶ
3308 1253 3462 1323 οὗτος
3491 1262 3520 1312 ὁ
3544 1258 3723 1327 λόγος.
3762 1259 3828 1311 '0

2235 1347 2346 1420 γὰρ
2382 1346 2600 1418 θερμῶς
2637 1348 2767 1419 περὶ
2807 1349 2873 1401 τὰ
2902 1347 3020 1402 θεῖα
3046 1350 3392 1421 διακείμενος
3421 1350 3685 1404 τάναντία
3720 1369 3828 1422 μυ-

2240 1439 2520 1492 σάττεται.

2313 1529 2438 1601 ρξδῖ
2474 1549 2492 1582 ι
2526 1531 2789 1594 Ἐπτάκις
2843 1533 2939 1602 τῆς
2989 1533 3201 1603 ἡμέρας
3250 1531 3419 1604 ᾔνεσά
3468 1549 3549 1599 σε,
3609 1533 3700 1586 ἐπὶ
3755 1534 3829 1588 τὰ

2238 1624 2485 1695 κρίματα
2538 1626 2638 1696 τῆς
2686 1625 3036 1697 δικαιοσύνης
3066 1642 3180 1680 σου,
3210 1645 3228 1678 ι
3270 1627 3428 1690 Τινὲς
3459 1626 3518 1680 τὸ
3552 1627 3830 1694 ἑπτάκις,

2239 1715 2593 1782 πλειστάκις
2634 1718 3010 1786 ἡρμήνευσαν.
3057 1717 3169 1770 Καὶ
3204 1717 3363 1770 τοῦτο
3397 1717 3454 1770 δέ
3487 1719 3712 1771 κάκεῖνο
3733 1717 3832 1769 τὸν

2241 1809 2444 1880 θερμὸν
2494 1809 2672 1881 ἔρωτα
2714 1809 2808 1862 τοῦ
2845 1810 3135 1881 Προφήτου
3167 1809 3319 1880 δηλοῖ
3342 1826 3354 1839 ο
3390 1809 3492 1880 τῆς
3527 1809 3635 1881 γὰρ
3668 1809 3832 1873 θείας

2245 1899 2522 1970 ὑμνῳδίας
2551 1901 2651 1954 οὐκ
2683 1901 2957 1972 ἐλάμϐανε
2990 1902 3174 1972 κόρον.

2317 1991 2445 2062 ρξε’.
2487 2011 2504 2044 t
2537 1992 2744 2063 Εἰρήνη
2772 1990 2943 2061 πολλὴ
2971 1994 3085 2055 τοῖς
3114 1992 3372 2060 ἀγαπῶσι
3395 1991 3486 2044 τδν
3510 1990 3677 2062 νόμον
3709 2007 3834 2053 σου,

2241 2084 2336 2138 καὶ
2371 2084 2472 2137 οὐκ
2503 2082 2651 2138 ἔστιν
2696 2084 2884 2147 αὐτοῖς
2917 2083 3231 2137 σκάνδαλον.
3263 2103 3283 2136 ι
3320 2085 3382 2137 Οἱ
3409 2082 3486 2153 τῷ
3529 2082 3658 2152 θείῳ
3692 2099 3840 2153 πυρ-

2249 2175 2566 2246 πολούμενοι
2593 2176 2825 2247 φίλτρῳ,
2859 2177 2952 2230 καὶ
2980 2178 3078 2246 τὴν
3114 2176 3251 2247 πρὸς
3286 2176 3450 2230 αὑτὸν
3483 2176 3708 2247 εἰρήνην
3740 2175 3839 2228 διὰ

2241 2268 2340 2338 τῆς
2369 2267 2479 2321 τῶν
2510 2268 2739 2322 ἐντολῶν
2783 2268 3199 2340 προσκτώμενοι
3251 2268 3522 2338 φυλακῆς,
3580 2267 3682 2321 κᾶν
3724 2267 3841 2320 ῡπδ

2240 2359 2459 2414 πάντων
2497 2358 2801 2430 ἀνθρώπων
2835 2359 3200 2430 πολεμῶνται,
3235 2358 3460 2428 θυμήρη
3489 2357 3622 2421 ζῶσι
3659 2356 3834 2428 ζωήν.

2239 2451 2350 2506 Καὶ
2396 2451 2607 2523 μάρτυς
2653 2452 2680 2503 ὁ
2735 2451 3022 2516 θεσπέσιος
3053 2451 3266 2515 Παῦλος
3309 2453 3467 2522 βοῶν,
3499 2471 3519 2504 ς
3553 2451 3641 2503 Ἐν
3665 2452 3837 2504 παντὶ

2245 2539 2580 2611 θλιϐόμενοι,
2617 2541 2732 2594 ἀλλ’
2757 2543 2818 2596 οὐ
2851 2542 2893 2574 ⁸¹
2937 2543 3470 2615 στενοχωρούμενοιο
3515 2543 3836 2615 ἀπορούμε-

2237 2651 2340 2697 νοι,
2373 2634 2489 2686 ἀλλ’
2523 2633 2623 2687 οὐκ
2672 2633 3129 2706 ἐξαπορούμενοι·
3181 2635 3525 2706 διωκόμενοι,
3569 2636 3684 2689 ἀλλ’
3723 2637 3834 2690 οὐκ

2236 2727 2851 2798 ἐγκαταλιμπανὸμενοι
2873 2743 2889 2758 ⁸
2921 2728 3412 2799 καταϐαλλόμενοι,
3444 2729 3560 2783 ἀλλ’
3583 2730 3684 2784 οὐκ
3713 2730 3831 2784 ἀπο

2236 2819 2542 2888 ολλύμενοι.
2567 2840 2586 2872 ι
2614 2821 2723 2874 Καὶ
2742 2821 2770 2874 δ
2788 2821 2994 2892 Κύριος
3017 2820 3074 2873 δέ
3099 2822 3227 2885 τοὺς
3257 2822 3438 2892 ἰεροὺς
3463 2823 3826 2890 ἀποστόλους,

2235 2911 2310 2974 ὡς
2343 2910 2591 2982 πρόϐατα
2623 2912 2680 2962 ἐν
2715 2911 2867 2981 μέσῳ
2911 2909 3110 2976 λύκων,
3147 2912 3228 2973 εἰς
3269 2913 3451 2964 πᾶσαν
3465 2913 3829 2977 ,ἀποστείλας

2234 3001 2334 3074 τὴν
2392 3001 2743 3073 οἰκουμένην,
2796 3001 2902 3072 ἔφη
2947 2999 3086 3072 πρὸς
3115 3002 3348 3065 αὐτούς·
3391 3021 3410 3054 ι
3449 3001 3686 3075 Εἰρήνην
3723 3005 3829 3076 τὴν

2235 3093 2376 3162 ἐμὴν
2405 3092 2600 3162 δίδωμι
2639 3094 2790 3162 ὑμῖν,
2828 3093 3052 3164 εἰρήνην
3081 3091 3181 3162 τὴν
3211 3093 3353 3163 ἐμὴν
3384 3093 3590 3164 ἀφίημι
3612 3094 3766 3164 ὑμῖν.
3803 3114 3824 3147 ι

2311 3185 2451 3255 ρξςν.
2493 3201 2512 3236 ι
2553 3185 2908 3254 Προσεδόκων
2937 3184 2997 3238 τὸ
3031 3184 3299 3255 σωτήριόν
3351 3186 3687 3257 σου,Κύριε,
3730 3191 3835 3243 καὶ

2244 3277 2340 3340 τὰς
2370 3276 2592 3339 ἐντολάς
2632 3293 2727 3329 σου
2759 3277 3028 3348 ἠγάπησα
3052 3277 3119 3330 ⁸⁸.
3161 3276 3297 3330 Οὐδὲ
3331 3281 3638 3350 συμφοραῖς
3669 3298 3834 3351 περι·

2246 3369 2650 3438 στοιχιζόμενος
2697 3368 2954 3438 ἀπέκοψα
3003 3369 3102 3433 τάς
3137 3371 3515 3442 χρηστοτέρας
3559 3371 3831 3436 ἐλπίδας·

2241 3458 2378 3510 ἀλλὰ
2399 3459 2498 3530 τὴν
2530 3460 2629 3529 σὴν
2659 3459 2942 3528 ἀναμένων
2963 3459 3238 3514 διετέλεσα
3269 3461 3565 3533 σωτηρίαν,
3589 3464 3684 3518 καὶ
3702 3467 3832 3530 ταῖς

2246 3553 2369 3614 σαῖς
2405 3551 2673 3619 ἑπόμενος
2693 3549 2741 3582 ⁸³
2766 3551 3029 3616 ἐντολαῖς.

2315 3642 2445 3714 ρξξ,
2491 3643 2621 3714 ρξη’.
2671 3662 2690 3694 ‹
2725 3643 3024 3711 Ἐ’ρύλαξεν
3055 3647 3087 3716 ή
3120 3645 3266 3717 ψυχή
3313 3663 3413 3717 μου
3445 3645 3512 3699 τὰ
3544 3644 3835 3718 μαρτύριά

2243 3751 2358 3794 σου,
2414 3737 2509 3787 καὶ
2559 3736 2847 3804 ἠγάπησεν
2906 3735 3046 3790 αὑτά
3104 3738 3329 3806 σφόδρα.
3401 3737 3676 3803 Ἐφύλαξα
3733 3739 3833 3800 τὰς

2239 3824 2462 3888 ἐντολάς
2505 3842 2620 3889 σου,
2670 3826 2767 3879 καὶ
2812 3825 2883 3879 τὰ
2920 3827 3200 3898 μαρτύριά
3250 3845 3365 3891 σου,
3419 3829 3501 3882 ὅτι
3546 3831 3723 3885 πᾶσαι
3774 3831 3832 3883 αἰ

2238 3915 2347 3968 ὸδοξ
2373 3934 2472 3986 μου
2497 3917 2744 3970 ἐναντίον
2765 3934 2880 3980 σου,
2899 3919 3090 3990 Κύριε.
3123 3939 3140 3971 ι
3174 3920 3346 3983 Εἰδὼς
3366 3921 3476 3993 γὰρ
3504 3921 3578 3984 ὡς
3607 3921 3832 3976 ἅπαντα

2239 4009 2463 4078 ἐφορᾷς,
2499 4009 2575 4071 ὡς
2606 4010 2710 4062 ὑπὸ
2747 4012 2829 4064 σοὶ
2875 4011 3042 4083 θεατῇ
3070 4013 3515 4084 πολιτευόμενος,
3547 4014 3607 4066 ού
3663 4013 3829 4084 μόνον

2237 4098 2535 4169 ἐπλήρωσά
2567 4117 2660 4152 σου
2702 4099 2801 4163 τὰς
2839 4101 3079 4167 ἐντολὰς,
3111 4102 3249 4156 ἀλλά
3287 4103 3385 4158 καὶ
3427 4103 3565 4174 μετά
3613 4103 3828 4176 θερμῆς

2237 4189 2397 4243 τοῦτο
2431 4190 2669 4260 δέδρακα
2699 4191 3013 4254 διαθέσεως.

2308 4279 2438 4350 ρξθν.
2471 4300 2488 4332 t
2513 4281 2815 4348 Ἑγγισάτω
2845 4284 2876 4353 ὴ
2913 4282 3098 4353 δέησίς
3135 4300 3238 4354 μου
3280 4283 3512 4340 ἐνώπιόν
3555 4305 3672 4348 σου,
3709 4288 3828 4341 K6-

2237 4387 2343 4440 ριε,
2380 4372 2522 4424 κατὰ
2569 4371 2630 4423 τὸ
2677 4371 2860 4440 λόγιόν
2910 4389 3002 4426 σου
3041 4375 3320 4448 συνέτισόν
3367 4394 3456 4448 με.
3493 4397 3510 4428 ι
3563 4379 3752 4433 Πᾶσαν
3776 4379 3830 4411 ⁸³

2232 4462 2332 4532 τὴν
2382 4463 2624 4515 ἰκετείαν
2669 4463 3077 4534 προσενεγκὼν,
3095 4445 3383 4521 ⁸ἀντιϐολεί
3424 4469 3684 4540 δεχθῆναι
3730 4475 3831 4528 καὶ

559 4546 898 4630 protulisset,
933 4554 1055 4600 orat
1085 4553 1143 4598 ttt
1173 4559 1366 4614 preces
1397 4545 1777 4610 admittantur,
1823 4553 1878 4598 et
1908 4543 2133 4597 minime

2240 4553 2314 4624 μὴ
2339 4553 2750 4624 ἀπορῤιφθῆναι
2775 4555 2873 4626 τὴν
2902 4556 3086 4627 δέησιν
3110 4572 3124 4587 ⁶
3151 4559 3247 4611 καὶ
3270 4562 3584 4630 παρακαλεί
3606 4562 3831 4619 σύνεσιν

559 4620 898 4706 rejiciantur.
952 4636 1016 4691 Et
1055 4649 1331 4707 precatur,
1380 4646 1438 4691 ut
1481 4636 1826 4706 prudentiam
1880 4635 2132 4703 accipiat,

555 4745 663 4783 non
700 4729 1022 4796 humanam,
1059 4731 1155 4786 sed
1205 4730 1519 4785 divinorum
1560 4728 1914 4782 oraculorum
1957 4728 2137 4782 scien-

552 4819 708 4874 tiam.

630 4913 795 4967 Vens.
833 4898 956 4967 170.
1013 4930 1032 4964 ι
1069 4911 1243 4966 Intret
1295 4913 1590 4980 postulatio
1639 4911 1858 4983 1480
1908 4927 2028 4966 mea
2081 4912 2134 4964 in

553 5015 909 5075 conspectum
949 5017 1127 5072 tuum,
1185 5006 1458 5074 Domine;
1501 5009 1803 5064 secundum
1856 5007 2134 5084 eloquium

557 5104 709 5150 tuum
747 5099 904 5167 eripe
932 5114 1037 5152 mc.
1075 5115 1094 5148 ι
1129 5097 1552 5154 Postulationem
1593 5109 1752 5155 vocat
1800 5100 2136 5156 obsecratio-

632 5295 650 5332 ⁸
695 5291 736 5346 ll
769 5293 896 5347 Cor.
928 5309 999 5352 tv,
1025 5291 1079 5356 8,
1107 5291 1158 5346 9.

1245 5301 1270 5326 ιι
1312 5292 1503 5346 Matth.
1548 5307 1602 5353 x,
1642 5293 1726 5346 16.
1756 5302 1778 5329 ν’
1817 5291 1976 5346 Joan.
2012 5308 2122 5354 xlv,
2149 5291 2218 5344 Ἦ

2238 4645 2446 4708 λαϐεῖν,
2475 4648 2574 4700 οὐκ
2604 4649 2975 4720 ἀνθρωπίνην,
3009 4651 3146 4706 ἀλλά
3177 4652 3287 4706 τῶν
3317 4653 3476 4707 θείων
3503 4655 3702 4724 λογίων
3728 4659 3831 4732 τὴν

2239 4753 2463 4804 γνωσιν.

2314 4923 2406 4986 ρο⁹.
2450 4935 2468 4966 ι
2511 4914 2754 4968 Εἰσέλθοι
2781 4916 2829 4949 ⁸⁵
2871 4916 2935 4969 τὸ
2977 4915 3199 4986 ἀξίωμά
3256 4935 3358 4987 μου
3416 4918 3650 4976 ἐνώπιόν
3707 4943 3824 4990 σου,

2245 5007 2418 5076 Κύριε
2441 5007 2507 5039 ⁸⁸⁸
2542 5007 2684 5060 κατά
2717 5006 2779 5058 τὸ
2813 5005 2992 5074 λόγιόν
3040 5023 3134 5060 σου
3181 5008 3340 5079 ῥῦσαί
3371 5028 3458 5082 με.
3499 5030 3519 5063 ι
3565 5015 3825 5086 Ἀξίωμα

2243 5100 2343 5170 τὴν
2388 5099 2626 5152 ἱκετείαν
2654 5097 2812 5150 καλεῖ
2833 5114 2846 5129 ο
2877 5097 3035 5154 τοῦτο
3061 5100 3169 5171 γὰρ
3204 5102 3297 5154 καὶ
3327 5104 3475 5174 παρά
3501 5109 3613 5169 τοῖς
3646 5109 3825 5172 ἀλλοις

1643 5491 1874 5544 νΛῐὶΙΑΞ
1919 5488 2308 5544 [.ECTIONES
2354 5491 2441 5544 ET
2472 5491 2712 5547 ΝΟΤΑΞ.

626 5660 667 5689 ’³
692 5669 1115 5747 El._Des._ibid.
1445 5669 1838 5747 ἐπαγάλλομαι.

1953 5672 1992 5701 ⁸¹
2028 5673 2110 5723 Οὐ
2141 5702 2206 5712 -—-
2239 5673 2398 5726 ἀλλ’.
2446 5674 2570 5726 Des.
2609 5673 2660 5723 in
2707 5669 2832 5724 cod.
2876 5671 2921 5724 Ι.

3026 5672 3070 5704 δ’
3111 5671 3440 5740 Ἠγάπησα.
3500 5673 3664 5729 Hebr.
3704 5676 3836 5743 feci.

558 5723 819 5811 aA'_cod.ri
853 5723 1108 5811 εἱπόμην.
1186 5742 1229 5772 εδ
1258 5723 1473 5797 Πᾶσαι*
1499 5723 1830 5809 -’γνώὲιν.
1869 5738 1993 5795 Des.
2025 5741 2077 5795 in
2111 5757 2136 5795 c

2246 5723 2354 5794 Ὦ
2387 5723 2739 5794 efﬁgiatae;
2765 5771 2829 5780 —
2852 5723 3041 5808 ῥῦσαί
3063 5723 3161 5811 μζ
3178 5723 3474 5797 ’ὑιὲέῗίιὲἰέι
3502 5723 3597 5774 Ἶέ
3623 5723 3841 5811 ML}:

558 5803 722 5861 Abest
749 5824 776 5860 a
813 5816 959 5861 textu
983 5803 1168 5864 'llcbr.
