4128 6432
379 351 524 422 Ῑθῖ3

1753 361 1835 423 ΙΝ
1864 362 2076 422 PSAL.
2111 361 2319 422 CXIX.
2983 381 3014 410 ο

3534 357 3675 420 1874

377 465 540 546 κῦρον
597 473 988 547 ιρμηνευταῖς.
1059 476 1355 549 Διαφὸροις
1424 478 1611 546 μέντοι
1680 480 1969 553 χρώμενος

2080 494 2204 535 nem
2237 496 2252 534 :
2289 479 2396 534 hoc
2435 475 2585 533 enim
2639 474 2786 547 apud
2818 474 2959 531 alios
3003 473 3170 532 etiam
3219 472 3550 545 interpretes
3586 474 3677 529 iu-

374 563 584 637 λύγοις,
609 568 704 623 τὸν
734 570 1014 642 Δεσπότην
1043 570 1385 642 μειλίσσεται
1409 573 1477 627 ⁸⁷.

331 727 339 761 ³
455 752 590 815 ροα⁹.
631 765 652 800 ι
686 746 1094 818 Ἐξερεύξαιντο
1132 751 1205 805 τὰ
1246 751 1401 823 χείλη
1453 769 1558 823 μου
1608 751 1801 823 ὕμνον,
1847 753 1976 809 ὅταν

371 837 597 911 διδάξῃς
618 856 688 911 με
711 841 781 895 τὰ
796 840 1148 913 δικαιώματά
1169 860 1286 898 σου.
1322 864 1340 899 ι
1373 844 1730 916 Κατάλληλος
1751 847 1785 916 ή
1802 846 1974 918 ἐριδγή

375 931 445 1000 τῇ
476 932 655 1003 τροφῇ
684 948 699 962 ο
743 931 816 986 τὰ
858 932 970 1005 γὰρ
1014 933 1106 999 σὰ,
1142 935 1300 1008 φησι,
1340 935 1628 1007 μανθάνων
1652 935 1701 969 ⁸⁸
1751 937 1971 990 δικαιὼ-

379 1040 555 1093 ματα,
595 1025 681 1077 σοι
706 1024 786 1095 τῷ
808 1025 917 1080 τῶν
940 1026 1201 1083 τοιούτων
1230 1027 1540 1101 διδασκάλῳ
1569 1028 1851 1100 προσοίσω
1875 1029 1977 1098 τὴν

376 1115 682 1187 ὑμνῳδίαν.

455 1208 589 1280 ροβ’.
619 1228 641 1262 ι
676 1210 984 1280 Φθέγξαιτο
1015 1214 1049 1285 ἡ
1082 1213 1309 1284 γλῶσσά
1341 1231 1443 1283 μου
1484 1215 1555 1269 τὰ
1581 1213 1740 1284 λόγιά
1754 1232 1873 1280 σου,
1893 1215 1978 1271 ὅτι

376 1301 556 1355 πᾶσαι
601 1303 658 1356 αί
711 1303 925 1359 ἐντολαί
975 1320 1073 1359 σου
1129 1306 1467 1378 δικαιοσύνη.
1511 1327 1530 1361 ι
1597 1307 1691 1373 Et;
1743 1306 1978 1380 μελίτην

372 1393 490 1447 τῶν
528 1394 642 1448 σῶν
687 1396 887 1466 λογίων
935 1397 1036 1470 τὴν
1078 1398 1330 1469 γλῶτταν
1376 1401 1678 1472 ἁφιερώσω
1699 1403 1771 1469 ⁸³,
1821 1401 1978 1466 είδὼς

375 1486 532 1560 πάσῃ
564 1503 661 1541 σου
692 1487 1015 1563 δικαιοσύνῃ
1050 1492 1484 1565 κεκοσμημένας
1520 1493 1621 1560 τὰς
1657 1494 1901 1559 ἐντολάς.

458 1670 595 1741 ρογ⁰.
626 1690 646 1723 ι
683 1672 935 1729 Γενέσθω
969 1675 1003 1748 ή
1028 1677 1148 1750 χείρ
1177 1694 1273 1732 σου
1304 1677 1399 1733 τοῦ
1433 1680 1608 1734 σῶσαί
1632 1698 1723 1752 με,
1757 1682 1841 1736 ὅτι
1868 1681 1973 1747 τὰς

379 1763 608 1828 ἐντολάς
670 1781 767 1819 σου
822 1766 1188 1840 ήρετισάμην.
1226 1788 1245 1821 ι
1314 1770 1374 1823 '0
1398 1772 1447 1805 "
1516 1772 1618 1843 μὲν
1674 1773 1974 1845 Σύμμαχος

2078 571 2223 626 veni.
2282 569 2529 627 Diversis
2578 569 2746 641 igitur
2786 569 2971 626 verbis
3026 578 3189 625 utens
3233 567 3534 623 Dominum
3574 566 3676 622 de-

2077 664 2302 719 mulcet.

2150 752 2317 810 Vens.
2352 754 2477 810 171.
2519 772 2539 807 ι
2578 753 2844 811 Eructeut
2874 754 3019 811 labia
3063 769 3185 810 mea
3221 754 3513 826 hymnum,
3544 766 3674 808 eum

2078 846 2335 903 docueris
2382 863 2471 904 me
2518 847 2951 918 iustiﬁcationes
3000 856 3149 904 luas.
3204 865 3224 900 ι
3285 846 3499 903 Ructus
3545 846 3674 903 cibo

2078 949 2485 998 consentaneus
2513 950 2617 998 est.
2639 939 2791 997 Tuas
2818 940 2991 1007 enim,
3015 939 3218 1011 inquit,
3241 938 3673 1011 iustiﬁcationes

2078 1035 2330 1100 edoctus,
2368 1034 2468 1090 tibi
2503 1034 2825 1105 huiusmodi
2867 1048 3056 1091 rerum
3086 1033 3412 1105 praeceptori
3439 1033 3675 1105 hymno-

2079 1139 2202 1179 rum
2236 1124 2567 1180 cantilenam
2599 1124 2850 1180 offeram.
3694 1119 3701 1154 τ

2153 1218 2172 1237 '
2203 1212 2370 1269 Vsus.
2407 1213 2534 1269 172.
2587 1233 2606 1266 ι
2651 1213 2980 1270 Pronuntiet
3027 1213 3214 1284 lingua
3269 1227 3391 1268 mea
3450 1211 3671 1283 eloquia

2078 1316 2194 1374 tua,
2229 1307 2356 1379 quia
2386 1308 2574 1363 omnia
2604 1308 2862 1363 mandata
2894 1315 2988 1362 tua
3032 1308 3266 1378 aequitas
3313 1314 3462 1361 sunt.
3494 1322 3514 1356 ι
3557 1303 3672 1360 Me-

2078 1400 2329 1455 ditationi
2364 1409 2588 1456 tuorum
2623 1400 2980 1456 oraculorum
3020 1399 3266 1472 linguam
3306 1400 3668 1465 consecraba,

2078 1509 2203 1549 cum
2237 1493 2409 1549 sciam
2459 1504 2549 1549 tua
2607 1493 2865 1549 mandata
2934 1493 3088 1549 omni
3144 1493 3358 1565 iustitia
3404 1502 3671 1549 exornata

2077 1600 2221 1641 esse.

2150 1676 2315 1733 Vens.
2350 1680 2473 1735 175.
2510 1698 2530 1732 ι
2571 1680 2655 1735 Sit
2700 1695 2900 1737 manus
2950 1688 3045 1736 tua
3092 1678 3360 1752 (parata)
3392 1688 3452 1735 ut
3497 1677 3674 1735 salvet

2079 1786 2201 1834 me,
2252 1772 2519 1841 quoniam
2576 1771 2838 1827 mandata
2885 1782 2979 1828 tua
3028 1772 3190 1843 elegi.
3230 1790 3250 1824 ι
3303 1770 3673 1843 Symmachus

376 1855 655 1924 εἱλόμην,
704 1859 733 1910 6
777 1856 835 1911 δέ
865 1857 1103 1924 Ἀκύλας
1132 1860 1228 1914 καὶ
1256 1860 1552 1917 Θεοδοτίων
1597 1863 1977 1934 ἐξελεξάμην

2080 1864 2297 1935 quidem
2352 1864 2542 1931 malui,
2603 1866 2804 1938 Aquila
2836 1881 2967 1921 vero
3017 1875 3073 1921 et
3111 1864 3457 1921 Theodotiou
3511 1861 3674 1934 selegi

377 1947 661 2018 εἰρήκασι.
702 1947 881 2017 Χεῖρα
953 1949 1011 2004 δὲ
1057 1950 1215 2006 καλεί
1276 1953 1377 2024 τὴν
1433 1952 1586 2008 θείαν
1636 1953 1926 2027 ἐνέργειαν
1955 1994 1971 2021 ,

377 2037 473 2107 ὑφ’
507 2030 576 2109 ἦς
604 2038 882 2095 ἀντιϐολεῖ
905 2041 1007 2113 τῆς
1039 2040 1196 2108 Θείας
1251 2043 1530 2116 σωτηρίας
1551 2048 1759 2118 τυχεῖν.

454 2216 582 2286 ροδ’.
630 2237 650 2271 ι
688 2219 1045 2293 Ἐπεπόθησα
1088 2222 1150 2276 τδ
1184 2222 1457 2297 σωτήριόν
1504 2241 1622 2286 σου.
1649 2226 1849 2299 Κύριε,
1882 2229 1977 2284 καὶ

376 2309 409 2361 6
441 2310 608 2380 νόμος
664 2329 759 2367 σου
813 2314 1018 2386 μελέτη
1053 2332 1157 2386 μου
1202 2316 1340 2371 ἐστί.
1384 2335 1403 2370 ι
1447 2318 1782 2392 Ἱμείρομαι,
1815 2323 1974 2393 φησι,

378 2402 536 2473 παρὰ
556 2404 602 2436 ’⁸
631 2404 728 2459 σοῦ
760 2407 1037 2479 σωτηρίας
1062 2410 1269 2480 τυχεῖν,
1304 2409 1397 2464 τὸν
1430 2410 1523 2465 σὸν
1544 2411 1712 2482 νόμον
1744 2413 1977 2486 μελέτην

378 2492 526 2562 ἔχων
559 2494 835 2567 ἐνδελεχῆ.

454 2592 584 2656 ροε’.
629 2605 649 2638 ι
684 2587 923 2661 Ζήσεται
956 2591 991 2663 ή
1023 2590 1171 2664 ψυχή
1204 2610 1331 2665 μου,
1367 2594 1464 2648 καὶ
1501 2596 1708 2651 αίνέσει
1761 2614 1845 2663 σε,
1879 2599 1977 2655 καὶ

379 2674 451 2728 τὶ
494 2677 743 2748 κρίματα
786 2696 883 2733 σου
929 2680 1193 2753 βοηθήσει
1237 2699 1353 2752 μοι.
1389 2703 1408 2737 ι
1465 2682 1598 2740 Οἶδα
1643 2687 1702 2742 δὲ
1740 2689 1818 2753 ῶς
1876 2691 1977 2763 οὐχ

379 2766 783 2840 ἁμαρτήσομαι
814 2770 916 2843 τῆς
944 2771 1186 2841 ἐλπίδος,
1213 2775 1354 2830 ἀλλὰ
1381 2779 1481 2850 τῆς
1503 2779 1741 2851 ἀληθοῦς
1759 2781 1805 2814 ⁹²
1829 2780 1979 2853 ζωῆς

379 2858 538 2930 παρὰ
571 2857 668 2913 σοῦ
695 2862 980 2936 τεύξομαι,
1029 2867 1127 2920 καὶ
1170 2869 1373 2924 αίνέσω
1407 2887 1466 2923 σε
1496 2871 1591 2926 τὸν
1627 2872 1835 2948 δοτῆρα
1869 2875 1978 2931 τῶν

380 2949 628 3019 ἀγαθῶν.

456 3051 601 3114 ρος¹.
629 3064 649 3098 ι
674 3045 1021 3124 Ἐπλανήθην
1036 3051 1114 3117 ὡς
1134 3054 1411 3125 πρόϐατον
1430 3056 1733 3124 ἀπολωλός.
1760 3079 1780 3113 ι
1803 3061 1981 3118 Τοῦτο

381 3134 483 3187 καὶ
503 3134 580 3207 τῷ
598 3137 859 3213 Προφήτῃ
887 3141 1069 3211 λέγειν
1091 3145 1230 3215 μετὰ
1251 3145 1348 3219 τὴν
1374 3148 1654 3224 ἁμαρτίαν
1675 3151 1973 3224 ἥρμοττεν,

384 3227 483 3281 καὶ
523 3228 670 3302 πάσῃ
705 3234 773 3304 τῇ
816 3233 928 3288 τῶν
959 3236 1269 3307 ἀνθρώπων
1307 3217 1568 3309 -φύσειῖσ
1603 3217 1849 3316 Ζήτησον
1879 3217 1973 3302 τὸν

382 3318 574 3374 δοῦλόν
615 3339 733 3391 σου,
775 3325 859 3380 ὅτι
890 3327 991 3393 τὰς
1021 3329 1242 3396 ἐντολάς
1275 3348 1372 3386 σου
1414 3333 1518 3387 ούκ
1549 3335 1922 3410 ἐπελαθόμην.
1948 3357 1968 3391 ι

385 3412 454 3466 Εἰ
486 3414 596 3485 γὰρ
635 3416 731 3470 καὶ
760 3419 978 3494 παρέϐη
1025 3423 1202 3490 τινὰς,
1249 3424 1388 3479 ἀλλὰ
1436 3425 1607 3500 λήθην
1638 3427 1846 3484 τούτων
1878 3432 1981 3487 οὐκ

386 3503 614 3569 ἐδέξατο
665 3510 930 3582 παντελῆ.
981 3512 1136 3568 Ἀλλὰ
1184 3515 1397 3589 ταύτην
1455 3518 1556 3586 μὲν
1612 3523 1641 3575 6
1676 3523 1974 3596 Προφήτης

386 3600 758 3671 προσενήνοχε
786 3602 887 3673 τὴν
919 3604 1089 3677 εὐχήν
1117 3622 1132 3640 ο
1161 3609 1431 3682 τετύχηκε
1458 3612 1517 3666 δὲ
1559 3615 1712 3670 πᾶσα
1749 3616 1858 3670 τῶν
1888 3618 1983 3674 ἀν-

388 3686 629 3781 θρώπων
671 3694 705 3765 ή
754 3692 918 3763 φύσις
951 3698 1051 3769 τῆς
1090 3703 1391 3773 σωτηρίας.
1443 3706 1689 3776 Ἔδραμε
1713 3709 1761 3741 ⁹³
1802 3709 1913 3781 γὰρ
1948 3711 1978 3763 6

388 3780 560 3846 καλὸς
606 3784 815 3858 ποιμὴν
858 3789 953 3842 ἐπὶ
1005 3790 1066 3844 τὸ
1114 3791 1468 3865 πλανώμενον
1521 3797 1821 3869 πρόϐατον,
1882 3780 1982 3855 καὶ

388 3874 701 3945 περιελθὼν
742 3878 812 3932 τὰ
851 3879 954 3952 ὅρη
1016 3882 1114 3937 καὶ
1157 3884 1285 3949 τοὺς
1316 3885 1542 3956 βουνούς
1572 3903 1587 3919 ·
1616 3890 1771 3961 παρὰ
1800 3888 1976 3944 ταῦτα

387 3965 500 4038 γὰρ
519 3966 792 4025 ἐπλανᾶτο
818 3970 1083 4046 λατρεῦον
1113 3978 1229 4042 τοῖς
1252 3976 1505 4049 δαίμοσιν
1535 3993 1550 4010 ⁸
1585 3974 1734 4051 εὗρε,
1761 3983 1857 4037 καὶ
1888 3983 1983 4037 ἐπὶ

386 4056 500 4109 τῶν
556 4058 725 4130 ὤμων
767 4063 1121 4135 ἐπανήγαγεν
1149 4083 1165 4100 ο
1213 4068 1308 4122 καὶ
1355 4069 1641 4142 εὐφράνθη
1690 4072 1780 4127 ἐπ’
1831 4073 1982 4145 αὐτῷ

393 4149 599 4221 μᾶλλον
625 4153 658 4226 ἢ
688 4157 782 4210 ἐπὶ
806 4159 920 4221 τοῖς
935 4160 1295 4233 ἐννενήκοντα
1318 4163 1477 4217 ἐννέα
1510 4166 1627 4230 τοῖς
1663 4165 1739 4238 μὴ
1767 4166 1981 4221 πεπλα-

389 4245 651 4317 νημένοις
670 4249 738 4305 ⁹⁵.
787 4249 979 4323 Ἡμεῖς
1003 4252 1060 4307 δὲ
1093 4253 1190 4309 τοῦ
1216 4254 1440 4326 ψαλμοῦ
1470 4258 1573 4329 τὴν
1600 4258 1899 4331 ἑρμηνείαν
1925 4262 1984 4315 ἐν

390 4340 680 4413 κεφαλαίῳ
750 4346 1115 4416 ποιησάμενοι
1147 4388 1162 4411 ,
1216 4349 1653 4422 παρακαλοῦμεν
1699 4351 1829 4416 τοὺς
1891 4355 1985 4407 ἐν-

388 4430 788 4500 τυγχάνοντας,
836 4435 913 4505 μὴ
967 4437 1307 4508 ἁρκεσθῆναι
1363 4441 1478 4503 τοῖς
1543 4440 1982 4512 γεγραμμένοις,

397 4523 537 4593 μηδέ
560 4524 784 4596 νομίσαι
810 4527 972 4597 μόνον
987 4527 1034 4560 ⁸⁸
1062 4527 1239 4583 ταῦτα
1263 4528 1343 4602 τῷ
1363 4532 1630 4607 Προφήτῃ
1654 4532 1983 4604 προσήκειν·

390 4613 513 4669 ἀλλ’
549 4614 782 4671 ἕκαστον
823 4617 925 4691 τὴν
976 4619 1290 4691 πρόσφορον
1339 4623 1405 4677 ἐκ
1448 4622 1658 4678 τούτων
1708 4623 1985 4694 ὠφέλειαν

393 4704 627 4774 λαϐεῖν,
687 4710 782 4764 καὶ
834 4713 1133 4782 φάρμακον
1198 4712 1561 4788 ἀλεξητήριον
1606 4717 1721 4781 τοῖς
1760 4717 1986 4782 οἰκείοις

394 4801 812 4857 κατασκευάσαι
845 4803 1187 4876 παθήμασιν.

707 4917 974 4975 EPMHN.
1013 4919 1152 4974 ΤΟΥ
1185 4917 1313 4977 ΡΙΘ⁹
1343 4921 1668 4979 ΨΑΛΜΟΥ.
1809 4955 1817 4965 ο

468 5014 541 5064 α’.
588 5009 745 5082 ιᾭδὴ
772 5009 883 5066 τῶν
917 5012 1271 5085 ἀναϐαθμῶν.
1311 5032 1333 5068 ι
1382 5013 1441 5067 '0
1484 5012 1781 5068 Θεοδοτίων
1822 5008 1991 5085 ᾆσμα

394 5102 522 5169 τῶν
543 5102 919 5159 ἀναϐάσεωνο
946 5107 977 5159 6
1013 5105 1073 5160 δὲ
1088 5104 1388 5177 Σύμμαχος
1418 5103 1517 5159 καὶ
1543 5106 1574 5159 6
1602 5102 1861 5172 Ἀκύλας,
1895 5105 1986 5170 είς

439 5299 471 5330 ³
504 5304 696 5364 Matth.
738 5322 893 5372 xvm,
934 5306 1022 5373 12,
1068 5307 1156 5364 15.

2076 1958 2417 2028 interpretati
2471 1966 2623 2016 sunt.
2665 1960 2890 2015 Manum
2954 1970 3138 2016 autem
3207 1967 3368 2015 vocat
3425 1956 3671 2013 divinam

2076 2049 2210 2114 vim,
2258 2065 2356 2121 per
2393 2067 2559 2121 quam
2614 2052 2869 2107 obsecrat
2905 2058 2968 2108 ut
3012 2050 3258 2107 divinam
3296 2056 3673 2120 consequatur

2078 2159 2261 2215 opem.

2154 2236 2319 2293 Vens.
2358 2238 2479 2295 ι’]ι.
2519 2259 2538 2292 ι
2574 2238 2879 2311 Concupivi
2914 2239 3162 2295 salutare
3196 2246 3376 2305 tuum,
3412 2234 3668 2301 Domine,

2079 2339 2132 2385 et
2162 2330 2247 2386 lex
2290 2341 2380 2386 tua
2413 2331 2697 2388 meditatio
2728 2346 2848 2387 mea
2878 2339 2985 2385 est.
3016 2348 3035 2382 ι
3080 2328 3366 2393 Desidere,
3408 2328 3506 2394 ait,
3542 2343 3574 2384 a
3616 2336 3673 2383 te

2081 2422 2313 2479 salutem
2340 2424 2592 2496 adipisci,
2621 2423 2881 2479 continue
2907 2429 3055 2478 tuam
3083 2421 3257 2493 legem
3290 2419 3587 2475 meditans.

2152 2600 2317 2656 Vsus.
2353 2600 2477 2656 l75.
2513 2620 2531 2653 ι
2569 2599 2728 2657 Vivet
2776 2598 2958 2655 anima
3010 2614 3126 2654 mea
3149 2638 3165 2666 ,
3206 2607 3261 2653 et
3306 2595 3557 2659 laudabit
3591 2602 3668 2663 te,

2081 2703 2137 2748 et
2180 2693 2389 2764 iudicia
2435 2703 2529 2749 tua
2575 2694 2918 2765 adiuvabunt
2969 2706 3079 2746 me.
3118 2710 3137 2744 ι
3184 2689 3359 2745 Porro
3405 2687 3530 2744 novi
3582 2701 3672 2742 me

2083 2783 2508 2854 haudquaquam
2548 2800 2647 2855 spe
2687 2783 3090 2849 frustrandum,
3136 2781 3232 2838 sed
3265 2793 3450 2837 veram
3497 2777 3673 2832 vitam

2083 2893 2114 2933 a
2147 2888 2201 2934 te
2226 2887 2680 2945 consecuturum,
2705 2886 2761 2934 et
2803 2887 2857 2933 te
2883 2877 3160 2933 bonorum
3204 2871 3525 2944 largitorem
3552 2869 3674 2926 lau-

2082 2970 2342 3027 daturum
2386 2985 2530 3028 esse.

2154 3058 2320 3117 Vsus.
2374 3059 2500 3117 176.
2550 3078 2571 3112 ι
2608 3058 2801 3115 Erravi
2856 3059 3002 3116 sicut
3050 3057 3172 3116 ovis
3237 3071 3361 3129 quae
3405 3054 3591 3127 periit.
3646 3071 3667 3106 ι

2004 3160 2052 3268 c
2087 3154 2206 3214 Hoc
2231 3165 2287 3259 et
2312 3154 2603 3268 fropheta:
2628 3154 2813 3211 dicere
2837 3160 2961 3225 post
2986 3159 3281 3268 peccatum
3307 3147 3670 3268 congruebat,

2083 3256 2140 3303 et
2182 3247 2278 3303 toti
2318 3245 2607 3303 hominum
2657 3254 2889 3301 naturae.
2932 3261 2951 3295 ι
2986 3244 3181 3311 Quaere
3219 3253 3442 3298 servum
3489 3245 3670 3299 tuum.

2084 3339 2216 3411 quia
2261 3337 2651 3393 mandatorum
2692 3341 2919 3389 tuorum
2958 3331 3173 3405 1481,
3207 3345 3318 3386 non
3360 3344 3485 3386 sum
3533 3325 3676 3382 obli-

2086 3438 2198 3485 tus.
2240 3446 2259 3480 ι
2296 3426 2414 3483 Etsi
2446 3426 2595 3483 enim
2627 3424 2813 3496 aliqua
2843 3423 3102 3478 mandata
3141 3430 3530 3492 transgressus
3566 3422 3674 3482 est,

2086 3530 2271 3577 tamen
2302 3520 2504 3576 horum
2531 3517 2863 3575 oblivionem
2892 3514 3113 3587 penitus
3142 3528 3253 3569 non
3286 3509 3531 3566 admisit.
3564 3506 3672 3563 Sed

2086 3614 2190 3670 has
2205 3613 2426 3685 quidem
2454 3627 2647 3684 preces
2668 3609 2944 3681 Propheta
2971 3606 3242 3679 proludit,
3270 3615 3326 3661 et
3348 3614 3472 3659 tota
3493 3600 3681 3657 homi-

2087 3720 2221 3760 num
2270 3713 2468 3759 natura
2510 3702 2748 3759 salutem
2802 3710 3101 3757 consecuta
3155 3705 3275 3753 est-
3311 3696 3445 3750 Nam
3496 3694 3678 3749 bonus

2085 3801 2275 3865 pastor
2307 3793 2376 3848 ad
2410 3791 2689 3862 palantem
2720 3803 2881 3845 ovem
2911 3785 3180 3850 cucurrit,
3216 3792 3272 3840 et
3302 3798 3428 3838 cum
3454 3793 3673 3837 montes

2085 3894 2141 3940 et
2180 3884 2351 3941 colles
2398 3883 2666 3941 obivisset
2695 3881 2789 3954 (in
2836 3880 2926 3936 his
2973 3878 3119 3935 enim
3154 3875 3433 3931 daemones
3483 3871 3675 3928 colens

2085 3976 2361 4049 errabat).
2394 3975 2625 4042 invenit,
2651 3983 2706 4030 et
2732 3988 2899 4049 super
2934 3969 3180 4027 humeris
3210 3966 3448 4034 reduxit,
3482 3973 3536 4020 et
3560 3978 3679 4017 ma-

2086 4070 2171 4141 gis
2199 4068 2271 4125 ob
2309 4070 2485 4141 ipsam
2516 4067 2732 4123 laetatus
2767 4074 2874 4133 est,
2919 4079 3085 4135 quam
3122 4060 3194 4116 ob
3226 4056 3529 4129 nonaginta
3574 4069 3676 4110 no-

2086 4178 2210 4221 vem
2237 4177 2352 4219 non
2380 4171 2642 4234 vagantes
2658 4168 2707 4215 κ.
2727 4156 2839 4215 Nos
2860 4166 3043 4214 autem
3062 4152 3450 4225 explanatione
3473 4147 3675 4220 psalmi

2088 4255 2405 4313 summatim
2447 4264 2725 4325 pertexta,
2765 4252 3005 4310 lectores
3066 4249 3420 4304 obsecramus
3454 4257 3524 4297 ne
3566 4238 3679 4296 sint

2089 4349 2333 4406 contenti
2381 4350 2550 4406 rebus
2595 4362 2627 4402 a
2670 4345 2834 4401 nobis
2881 4343 3127 4412 scriptis,
3169 4351 3348 4409 neque
3387 4340 3681 4389 autument

2091 4444 2208 4500 btet:
2246 4440 2535 4514 Prophetas
2587 4440 2691 4496 soli
2730 4450 3034 4508 congruere
3072 4452 3086 4489 :
3135 4431 3230 4487 sed
3292 4425 3681 4498 unusquisque

2092 4543 2459 4606 opportunam
2491 4532 2785 4588 utilitatem
2815 4544 2883 4584 ex
2917 4527 3070 4583 hisce
3122 4521 3409 4594 percipiat,
3463 4517 3680 4574 saluta-

2092 4644 2321 4700 remque
2369 4626 2694 4684 medicinam
2754 4638 2862 4695 qua
2902 4620 3123 4677 dolores
3164 4631 3298 4673 suos
3347 4611 3678 4685 propulset,

2093 4720 2310 4779 eﬂiciat.

2500 4913 2775 4972 ιΝΤΕιιΡ.
2805 4909 3059 4969 ΡδΑιιιι
3091 4905 3282 4965 CXIX.
3588 4984 3593 4993 Ι

2170 5010 2332 5067 Vens.
2371 5009 2424 5065 1.
2464 5027 2484 5061 ι
2522 5008 2810 5064 Canticum
2839 5003 3134 5076 graduum.
3166 5018 3187 5052 ι
3223 4994 3533 5052 Theodotio
3561 5007 3686 5047 car—

2095 5121 2213 5160 men
2241 5118 2579 5170 ascensuum,
2618 5098 2988 5172 Symmachus
3023 5103 3078 5153 et
3110 5092 3309 5164 Aquila
3342 5091 3397 5146 in
3429 5100 3684 5143 ascensus

1515 5419 1750 5477 VARIAE
1787 5418 2170 5476 LECTIONES
2209 5417 2296 5473 ET
2342 5415 2584 5473 NOTAE.

474 5536 519 5570 ⁸⁷
553 5536 676 5593 cod.
701 5535 726 5589 i
749 5535 1179 5606 ἐκμειλίσσεται.
1217 5535 1310 5606 ﬂ”,
1341 5535 1473 5591 ibid.
1516 5532 1726 5606 μαθών.
1803 5535 1977 5606 "cod

2092 5533 2394 5606 ἀφιέρωσα.
2470 5530 2519 5564 ⁹⁰
2556 5529 2622 5582 '0
2652 5526 2975 5606 —-_tv_zsir.
3010 5524 3090 5606 ab
3124 5520 3210 5577 his
3243 5533 3440 5606 parum
3467 5517 3688 5606 diversa

400 5614 537 5665 sunt
583 5621 707 5679 qua:
729 5606 894 5679 βοτά.
930 5607 1069 5679 με.

403 5679 429 5735 ι
476 5675 670 5748 prtem.
700 5677 822 5747 τῆς.
896 5678 943 5710 θ’
984 5675 1188 5748 fama.
1226 5675 1349 5748 Des.
1387 5675 1523 5748 ibid.
1596 5675 1645 5707 οι
1682 5676 1943 5748 Ἑδραμε

1118 5586 1178 5676 ᾖς
1208 5586 1670 5676 διεζῖῙιξόέιὸτό
1687 5586 1694 5588 “
1712 5586 1977 5662 ιι-ιιηιιῐζὶ

2082 5586 2173 5660 δεῖ.
2202 5586 2241 5658 ίὶ
2274 5602 2413 5676 Aug.
2450 5615 2650 5676 praem.
2687 5599 2750 5676 τὸ
2804 5586 3287 5676 ᾔρετισάμηνέηθι
3319 5586 3686 5676 god.

1964 5656 2036 5716 ξ
2056 5656 2325 5730 Eam».
2359 5656 2486 5727 Thuc
2509 5670 2653 5742 apud
2677 5656 2855 5726 Certi?
2885 5668 2922 5723 l.
2955 5680 3003 5721 c.
3135 5661 3256 5719 5l6.
3289 5656 3454 5716 etiam
3506 5656 3686 5716 'l‘heo-
3764 5688 3774 5703 ι

402 5744 546 5806 doi'o
584 5744 904 5806 tribuuntur
956 5746 1003 5780 ’δ
1026 5744 1151 5804 cod.
1196 5748 1219 5801 l
1254 5745 1631 5818 πλανηθείσιν.
1711 5747 1757 5779 ⁸³
1792 5744 1978 5802 Μόνος

2080 5748 2217 5804 ιιιρει
2251 5761 2281 5801 a
2310 5745 2433 5801 cod.
2476 5744 2524 5797 l.
