4128 6432
536 344 677 415 ἱ875
1194 370 1219 397 ο
1514 348 2010 411 THEODORE’I‘I
2059 348 2106 409 E

2208 348 2404 411 SCOPI
2444 348 2816 410 CYRENSIS
3666 345 3815 415 1876

530 466 836 513 verterunt.
868 458 1116 515 Indicant
1143 461 1363 529 quidem
1395 478 1679 529 ascensus,
1722 464 1837 519 sive
1877 462 2103 534 gradus,

2208 466 2316 530 τὰς
2344 464 2693 530 ἀναϐάσεις.
2731 462 2981 534 Δηλοῦσι
3005 461 3189 534 μέντοι
3227 463 3286 517 αι
3334 461 3651 527 ἀναϐάσεις,
3688 463 3723 533 ἢ
3760 463 3819 517 ot

530 548 731 616 captivi
788 551 974 620 populi
1026 567 1058 606 e
1104 551 1381 625 Babylmte
1424 558 1439 575 '
1485 555 1745 610 reditum.
1798 553 2110 610 Pracvidens

2216 555 2564 625 ἀναϐαθμοὶ,
2612 556 2709 610 τοῦ
2757 554 3307 627 αἰχμαλωτευθέντος
3361 556 3495 611 λαοῦ
3550 557 3654 628 τὴν
3700 557 3816 613 ἀπὸ

529 642 677 695 enim
714 642 891 710 gratia
928 642 1166 715 Spiritus
1198 647 1373 701 sancti
1418 658 1475 702 et
1507 646 1904 717 captivitatem,
1938 657 1994 703 et
2025 648 2110 702 fu-

2216 648 2540 712 Βαὸυλῶνος
2586 649 2869 703 ἐπάνοδον.
2929 647 3222 720 Προειδυϊα
3267 648 3377 719 γὰρ
3420 650 3455 720 ή
3505 649 3670 720 χάρις
3713 649 3813 703 τοῦ

531 740 708 788 turam
742 734 1074 800 libertatem,
1122 746 1179 793 et
1226 741 1371 794 hanc
1396 750 1454 795 et
1496 740 1642 795 illam
1672 740 1947 812 prmdixit,
1989 740 2110 796 illo-

2215 741 2559 813 Πνεῦματος,
2592 743 2689 796 καὶ
2718 743 2822 813 τὴν
2850 740 3253 812 αίχμαλωσίαν,
3286 741 3384 795 καὶ
3408 743 3511 812 τὴν
3539 740 3813 811 ἐσομένην

528 839 651 879 rum
707 826 997 881 utilitatem
1054 844 1379 897 procurans,
1409 840 1466 886 et
1510 831 1671 887 nobis
1717 831 1845 887 hinc
1897 831 2111 887 lucrum

528 916 784 974 alie-rens.
821 918 1020 976 Verum
1056 938 1163 976 non
1189 923 1381 979 eadem
1411 925 1644 995 quilibet
1675 941 1705 980 e
1736 926 1963 996 psalmis
1990 941 2115 994 gra-

524 1009 691 1064 duum
729 1011 1058 1068 vaticinatur
1088 1032 1104 1068 :
1140 1016 1236 1072 sed
1275 1017 1418 1073 alius
1446 1018 1793 1074 calamitates
1828 1033 1953 1088 quae
2004 1019 2112 1073 Ba-

524 1101 722 1173 bylone
767 1104 902 1173 ipsis
931 1108 1283 1175 accidernnt,
1338 1111 1480 1165 alius
1508 1112 1690 1165 laetum
1729 1110 1940 1166 reditus
1966 1126 2113 1165 nun-

525 1194 681 1256 tium,
732 1194 946 1267 1482
987 1197 1129 1254 alius
1162 1209 1472 1271 perceptam
1517 1201 1572 1256 in
1603 1201 1801 1255 itinere
1840 1200 2109 1267 latitiam,

523 1294 577 1340 el
622 1285 764 1341 alius
794 1287 929 1341 bella
972 1306 1097 1359 qua:
1140 1303 1261 1358 post
1298 1292 1676 1347 reversionem
1728 1300 1881 1362 gesta
1932 1291 2107 1356 fuere.

524 1374 666 1433 alius
698 1378 887 1447 templi
921 1379 1400 1436 instaurationem.
1451 1382 1515 1437 Et
1562 1382 1801 1438 varietas
1840 1381 2109 1438 vaticina-

524 1466 695 1521 tionis
729 1468 1040 1523 satietatem
1091 1470 1423 1541 hymnorum
1456 1482 1656 1528 cantus
1694 1474 1891 1542 abigit.
1927 1471 2111 1528 Unus-

522 1555 758 1623 quisque
810 1566 994 1612 autem
1050 1562 1387 1630 psalmorum
1437 1563 1669 1618 istorum
1721 1562 1991 1618 formatus
2023 1571 2108 1619 est

521 1662 590 1701 ex
624 1663 858 1716 persona
890 1661 1231 1718 sanctorum,
1272 1671 1508 1724 quorum
1541 1671 1603 1711 ea
1635 1663 1964 1726 tenrpcstate
1987 1663 2108 1711 erat

521 1738 750 1795 chorus.
798 1741 925 1797 Illos
965 1745 1112 1799 enim
1159 1748 1517 1817 propheticus
1559 1762 1745 1803 sermo
1785 1749 2105 1817 supradicta

521 1829 770 1888 dicentes
798 1831 1026 1889 inducit.
1054 1835 1273 1893 Primus
1302 1838 1521 1908 quidem
1554 1840 1845 1909 graduum,
1876 1849 1933 1894 et
1956 1838 2105 1892 cala-

521 1923 761 1990 mitates,
814 1936 868 1981 et
918 1928 1160 1983 divinam
1211 1930 1647 1986 benevolentiam
1698 1942 1906 1986 narrat.
1967 1949 1986 1983 ι
2024 1929 2110 1985 Ad

521 2012 814 2070 Dominum
872 2033 997 2074 cum
1051 2020 1346 2076 tribularer
1396 2022 1670 2088 clamavi,
1718 2033 1774 2077 et
1824 2021 2112 2078 exaudivit

521 2121 635 2160 me.
673 2125 693 2159 ι
736 2107 1039 2165 Exordium
1090 2113 1348 2170 mteroris
1397 2113 1867 2184 magnitudinem,
1914 2123 1971 2168 et
2017 2112 2106 2167 di-

518 2198 664 2253 vina:
692 2198 1049 2271 benignitatis
1088 2219 1377 2260 excessum
1410 2205 1617 2260 docuit.
1663 2204 1903 2260 Maerens
1934 2204 2103 2270 enim,

521 2290 644 2355 ait,
697 2292 991 2348 Dominmn
1045 2296 1240 2362 oravi,
1301 2297 1854 2367 benevolentiamque
1909 2311 2107 2352 conse-

519 2391 685 2436 cutus
719 2399 865 2440 sum.
924 2384 1132 2443 Deinde
1178 2396 1371 2443 narrat
1423 2389 1628 2460 quibus
1671 2389 1855 2444 verbis
1897 2388 2107 2443 orando

520 2486 657 2529 usus
700 2474 791 2530 sit.

594 2590 760 2649 Vens.
790 2593 847 2648 2.
893 2612 912 2646 ι
946 2594 1199 2662 Domine,
1249 2596 1420 2653 libera
1456 2596 1695 2652 animam
1731 2611 1908 2652 meam
1952 2612 1982 2650 a
2027 2595 2106 2651 la-

521 2682 633 2738 biis
666 2684 875 2756 iniquis
904 2697 960 2742 et
1006 2703 1038 2743 a
1065 2688 1254 2759 lingua
1294 2690 1505 2745 dolosa.
1539 2706 1558 2740 ι
1599 2687 1863 2752 Obsecro,
1907 2687 2012 2753 ait,
2049 2695 2110 2742 ut

522 2776 595 2832 ab
623 2776 830 2847 injuste
855 2779 1267 2847 insidiantibus,
1288 2781 1609 2851 dolosisque
1630 2779 1914 2836 fraudibus
1941 2789 2107 2836 uten-

521 2864 672 2922 tibus
704 2881 792 2921 me
820 2868 1040 2925 liberes.
1066 2868 1229 2926 Tales
1259 2880 1421 2925 erant
1442 2870 1478 2924 li
1501 2871 1595 2941 qui
1616 2871 1689 2925 ob
1732 2869 2105 2939 precationem

522 2955 752 3028 laqueos
784 2958 993 3016 Danieli
1031 2971 1353 3032 posuerunt,
1403 2963 1584 3018 acerbi
1631 2972 1978 3018 accusatores
2006 2974 2107 3018 eo-

521 3062 645 3105 rum
678 3051 773 3121 qui
805 3068 931 3108 cum
965 3052 1180 3109 Anania
1207 3065 1385 3111 erant.

2212 834 2555 906 ἐλευθερίαν,
2606 833 2905 889 καὶταῦτα
2939 836 3171 889 κάκεῖνα
3213 833 3568 905 προείρηκε·
3613 833 3812 886 κάκεί-

2214 945 2322 982 νων
2358 926 2630 996 ὠφέλειαν
2679 928 3105 996 μηχανιιιμένη,,
3138 925 3236 979 καὶ
3271 926 3407 996 ἡμῖν
3447 925 3511 977 τὸ
3553 924 3819 977 ἐντεῦθεν
3922 976 3939 997 χ

2213 1017 2604 1090 προσφέρουσα
2650 1016 2865 1087 κέρδος.
2896 1018 2975 1073 Οὐ
3019 1018 3087 1072 τὰ
3130 1016 3374 1071 αὑτέιδὲ
3415 1016 3650 1078 ἕκαστος
3692 1017 3811 1071 τῶν

2211 1107 2420 1164 ἀναϐαθ
2429 1107 2546 1179 μῶν
2578 1108 2958 1180 προθεσπίζει,
2979 1107 3117 1161 ἀλλὰ
3145 1110 3173 1161 6
3192 1108 3290 1178 μὲν
3322 1106 3422 1169 τὰς
3443 1110 3502 1160 ἐν
3523 1107 3813 1167 Βαϐυλῶνι

2213 1200 2519 1273 συμφορὰς,
2538 1202 2567 1255 ό
2584 1200 2657 1254 -δὲ
2685 1200 2787 1271 τῆς
2808 1199 3073 1254 ἐπανόδου
3103 1200 3174 1254 τὰ
3201 1200 3528 1269 εὐαγγέλια⁸
3559 1202 3588 1254 6
3617 1201 3674 1253 δὲ
3706 1201 3810 1271 τὴν

2209 1292 2354 1347 κατά
2389 1292 2488 1365 τὴν
2518 1292 2641 1349 ὁδὸν
2672 1292 3017 1363 εὐφροσύνην
3046 1308 3063 1324 ·
3097 1291 3256 1355 ἀλλος
3306 1292 3437 1355 τοὺς
3504 1292 3646 1361 μετὰ
3702 1292 3811 1362 τὴν

2209 1382 2469 1438 ὲπάνοδον
2482 1381 2889 1452 γεγενημένους
2908 1381 3206 1451 πολέμους·
3222 1381 3416 1452 ἕτερος
3438 1380 3532 1435 τοῦ
3558 1380 3687 1435 ναοῦ
3702 1381 3808 1451 τὴν

2208 1475 2522 1546 οἰκοδομήν.
2550 1475 2659 1528 Καὶ
2688 1475 2751 1527 τὸ
2775 1473 3021 1527 ποικίλον
3052 1475 3155 1544 τῆς
3193 1472 3545 1544 προφητείας
3574 1471 3809 1537 ἐξελαύ-

2208 1585 2289 1621 νει
2331 1567 2429 1635 τῆς
2481 1564 2750 1636 μελῳδίας
2801 1563 2893 1617 τὸν
2939 1564 3123 1636 κόρον.
3157 1565 3431 1628 ’Ἕκαστος
3483 1564 3539 1618 δὲ
3590 1565 3805 1618 τούτων

2207 1656 2611 1727 ἐσχημάτισται
2628 1655 2738 1708 τῶν
2764 1654 2997 1726 ψαλμῶν
3012 1656 3095 1718 είς
3113 1653 3215 1707 τὸν
3235 1654 3344 1707 τῶν
3364 1653 3675 1725 τηνικαῦτα
3703 1671 3771 1722 γε
3784 1682 3803 1696 ο

2207 1747 2523 1817 γενημένων
2546 1746 2717 1814 ἁγίων
2744 1747 2928 1817 χορόν.
2952 1745 3227 1809 ῗΕκείνους
3260 1744 3371 1815 γάρ
3399 1747 3428 1798 6
3457 1745 3805 1817 προφητικὺς

2209 1838 2422 1906 είσάγει
2434 1837 2592 1906 λόγος
2607 1836 2675 1890 τὰ
2700 1835 3039 1908 προκείμενα
3050 1834 3336 1906 λέγοντας.
3355 1835 3415 1889 '0
3432 1836 3619 1905 μέντοι
3644 1835 3806 1907 πρῶ-

2209 1945 2299 1997 τος
2317 1928 2425 1981 τῶν
2442 1928 2650 1983 ἀνοιδαο
2659 1927 2797 1997 μῶν,
2824 1926 2922 1982 καὶ
2944 1926 3043 1993 τὰς
3060 1926 3351 1999 συμφορὰς
3371 1925 3674 1998 ἐξηγεῖται,
3700 1927 3806 1980 καὶ

2207 2020 2306 2092 τὴν
2333 2020 2483 2089 θείαν
2512 2021 2824 2092 εὐμένειαν.
2856 2037 2877 2071 ι
2901 2018 3044 2091 Πρὸς
3067 2017 3273 2089 Κύριον
3311 2018 3482 2089 ὲν.τῷ
3511 2016 3805 2083 θλίϐεσθαι

2211 2130 2279 2184 με
2308 2113 2616 2183 ἐκέκραξα,
2648 2113 2743 2167 καὶ
2770 2111 3059 2183 είσήκουσέ
3102 2128 3227 2182 μου.
3262 2129 3282 2163 ι
3327 2111 3439 2163 Καὶ
3467 2109 3529 2163 τὸ
3564 2096 3803 2179 μέγεθος

2207 2204 2306 2274 ἰῆς
2344 2203 2499 2267 ἀνίας
2528 2202 2747 2268 ἐδίδαξε.
2763 2203 2824 2255 τὸ
2856 2202 3178 2274 προοίμιον,
3209 2202 3308 2256 καὶ
3349 2201 3463 2272 τὴν
3490 2203 3591 2267 τῆς
3636 2200 3802 2264 θείας

2209 2296 2622 2369 φιλανθρωπίας
2651 2294 2982 2367 ὑπερβολήν.
3012 2295 3340 2365 ’Δνιὼμενος
3374 2293 3504 2362 γὰρ,
3534 2291 3705 2362 φησὶν
3726 2290 3800 2354 ’⁵.

2206 2389 2433 2461 ἐδεήθην
2458 2387 2552 2441 τοῦ
2582 2386 2878 2452 Δεσπότου,
2900 2386 2999 2441 καὶ
3024 2372 3135 2457 τῆς
3150 2384 3440 2454 εὐμενείας
3461 2378 3797 2453 ἀπήλαυσα-

2207 2476 2326 2535 εῖτα
2350 2479 2501 2549 λέγει
2528 2480 2627 2533 καὶ
2656 2477 2800 2531 τίσιν
2828 2477 3101 2548 ἐχρήσατο
3125 2475 3309 2545 λόγοις
3336 2472 3615 2545 δεόμενος.
3803 2486 3807 2490 '

2279 2593 2344 2663 β’.
2385 2610 2413 2646 ι’
2440 2591 2634 2663 Κύριε,
2691 2589 2852 2662 ῥῦσαι
2901 2588 3000 2660 τὴν
3028 2587 3221 2659 ψυχήν
3264 2603 3368 2658 μου
3400 2586 3510 2640 ἀπὺ
3548 2583 3802 2655 »χειλέων

2206 2684 2435 2749 ἀδίκων,
2473 2684 2567 2737 καὶ
2602 2681 2719 2737 ἀπὸ
2746 2680 2999 2751 γλώσσης
3027 2679 3229 2739 δολίας.
3263 2698 3282 2730 ι
3318 2677 3605 2743 ιἸκετεύω,
3635 2677 3801 2747 φησι,

2205 2775 2315 2830 τῶν
2347 2774 2550 2839 ἀδίκως
2580 2772 3047 2829 ἐπιϐουλευόντων
3088 2772 3189 2829 καὶ
3221 2770 3467 2843 δολεραῖς
3506 2770 3800 2840 κεχρημέ-

2206 2884 2314 2922 νων
2356 2867 2595 2931 ἀπάταις
2629 2864 3034 2936 ἀπαλλαγῆναι.
3066 2861 3315 2917 τοιοῦτοι
3334 2862 3383 2919 ’τ
3417 2857 3563 2933 ἦσαν
3588 2862 3726 2930 περὶ
3749 2861 3810 2894 ³⁸

2207 2960 2307 3032 τῆς
2352 2959 2517 3029 εὐχῆς
2558 2957 2744 3023 πάγας
2771 2956 2851 3029 τῷ
2881 2954 3082 3027 Δανιὴλ
3124 2953 3454 3018 τεθεικότες.
3501 2953 3553 3007 οἱ
3588 2953 3807 3023 πικραὶ

2204 3050 2317 3106 ⁴ι;ὸ’›ν
2347 3050 2489 3104 κατὰ
2512 3049 2603 3104 τδν
2634 3048 2891 3103 Ἀνανίαν
2916 3048 3261 3118 κατήγοροι(
3398 3047 3405 3053 ’
3549 3072 3555 3080 ·
3632 3064 3638 3069 '

594 3162 761 3219 Vens.
787 3164 843 3230 '5,
875 3163 929 3218 4.
960 3184 979 3218 ι
1015 3164 1156 3233 Quid
1186 3166 1349 3223 detur
1368 3166 1606 3233 tlbi,aut
1638 3165 1770 3238 quid
1798 3173 2107 3237 apponatur

2280 3160 2354 3229 γ’,
2376 3157 2441 3216 δ’.
2470 3177 2492 3212 ι
2521 3159 2588 3213 Τί
2615 3158 2794 3230 δοθείη
2833 3176 2937 3219 σοι,
2958 3156 3056 3212 καὶ
3096 3156 3150 3211 τί
3185 3154 3509 3227 προστεθείη
3538 3170 3622 3208 σοι
3654 3154 3802 3235 πρὸς

519 3255 622 3313 tibi
668 3258 735 3312 ad
775 3258 1015 3327 linguam
1050 3259 1339 3314 dolosam?
1383 3259 1606 3332 Sagitta:
1639 3258 1877 3330 potentis
1908 3268 2105 3323 aeuta',

520 3365 649 3405 cum
683 3351 1020 3406 carbonibus
1055 3352 1427 3407 desolaloriis.
1459 3371 1479 3407 ι
1516 3350 1701 3408 Gratia
1737 3349 1969 3421 spiritus
2001 3349 2110 3405 hoc

520 3438 579 3491 in
607 3437 729 3492 loco
759 3447 1055 3495 maerentes
1083 3441 1427 3507 censolatur,
1456 3449 1513 3496 et
1541 3440 1745 3510 justam
1776 3439 2107 3494 sententiam

521 3531 939 3601 pronuntiatam
979 3531 1033 3586 in
1068 3546 1167 3588 eos
1212 3533 1307 3602 qui
1360 3532 1503 3589 dolis
1545 3541 1796 3598 utuntur,
1834 3531 1999 3587 tacite
2026 3531 2110 3585 in-

521 3621 664 3676 nuit.
710 3619 847 3676 Nam
896 3630 1158 3691 potentem
1206 3623 1429 3694 quidem
1499 3622 1883 3679 universorum
1920 3621 2104 3677 Deum

521 3720 712 3768 vocat:
758 3714 986 3784 sagittas
1042 3730 1171 3772 vero
1199 3717 1447 3784 potentis,
1481 3716 1876 3788 suppliciorum
1914 3714 2109 3771 ce‘lerio

523 3809 716 3869 tatem,
773 3817 872 3873 per
905 3805 1285 3875 metaphoram
1336 3806 1560 3877 petitam
1613 3821 1643 3860 ιι
1699 3805 1935 3877 sagittis,
1983 3817 2109 3875 quae

523 3894 873 3962 emittuntur,
906 3906 960 3951 et
986 3895 1148 3954 facile
1172 3912 1355 3954 aerem
1390 3907 1596 3953 secant.
1634 3896 1900 3953 Carbones
1922 3907 2105 3953 autem

522 3990 877 4047 desolatorios
913 3999 1073 4048 vocat
1119 3990 1371 4062 supplicii
1414 3989 1629 4063 1483
1669 3990 2104 4056 vehementiam,

522 4093 579 4139 et
629 4084 1125 4155 consumptionem,
1183 4092 1238 4138 et
1301 4083 1720 4138 desolationem.
1779 4081 2106 4152 Huiusmodi

521 4174 667 4229 enim
691 4183 777 4232 est
811 4185 1006 4229 natura
1032 4176 1176 4246 ignis
1206 4193 1221 4229 :
1253 4173 1411 4245 quasi
1431 4174 1580 4229 dicat
1603 4194 1615 4228 :
1637 4172 1716 4229 Ne
1738 4174 1985 4228 animum
2008 4174 2107 4228 de—

524 4265 798 4337 spondeas
832 4269 900 4323 ab
936 4267 1121 4339 iniqua
1155 4267 1341 4338 lingua
1379 4280 1697 4336 percussus,
1732 4273 1923 4337 parata
1956 4264 2104 4320 enim

525 4369 655 4414 sunt
688 4360 955 4430 supplicia
990 4375 1021 4414 a
1058 4360 1211 4428 justo
1238 4358 1428 4429 judice
1456 4358 1683 4423 emissa,
1728 4356 1854 4428 quae
1883 4359 2109 4427 sagitta-

2211 3252 2465 3322 γλῶσσαν
2485 3251 2671 3306 δολίαν
2686 3269 2702 3318 ;
2717 3249 2802 3304 Τά
2823 3249 2953 3321 βέλη
2973 3247 3067 3302 τοῦ
3088 3247 3317 3302 δυνατοῦ
3332 3248 3505 3317 ὴκονη
3514 3246 3672 3315 μένα,
3696 3247 3804 3300 σὺν

2210 3344 2326 3405 τοῖς
2347 3338 2578 3411 ἄνθραξι
2597 3341 2712 3402 τοῖς
2739 3339 3028 3411 ἑρημικοίς
3052 3338 3121 3390 ⁸⁸.
3151 3355 3171 3390 ι
3214 3336 3281 3390 Ἢ
3305 3336 3467 3407 χάρις
3489 3335 3584 3389 τοῦ
3620 3335 3805 3389 [1νεύ-

2212 3446 2381 3506 ματος
2413 3431 2648 3486 ἐνταῦθα
2666 3431 2795 3493 τοὺς
2820 3428 3167 3501 ἀθυμοῦντας
3195 3429 3549 3501 ψυχαγωγεῖ,
3573 3428 3669 3481 καὶ
3695 3427 3804 3498 τὴν

2207 3524 2423 3579 δικαίαν
2448 3522 2630 3594 ψῆφον
2657 3515 3037 3576 ὑποδείκνυσιν
3084 3521 3466 3593 ἐκφερομένην
3490 3521 3658 3575 “me:
3684 3520 3804 3574 τῶν

2209 3611 2565 3684 κεχρημένων
2584 3609 2664 3682 τῷ
2678 3609 2840 3681 δόλῳ.
2859 3609 3132 3665 Δυνατὼρ
3152 3605 3252 3680 μὲν
3272 3609 3384 3681 γὰρ
3404 3608 3565 3665 καλεῖ
3574 3609 3671 3662 τὸν
3685 3608 3803 3661 τῶν

2207 3704 2343 3758 δλων
2359 3703 2514 3756 Θεόψ
2527 3701 2687 3770 ,βέλη
2703 3700 2762 3755 δὲ
2777 3700 3179 3767 durata},st
3192 3699 3477 3772 τιμωριῶν
3492 3696 3599 3771 τὴν
3606 3699 3806 3771 ὀξύτη-

2208 3812 2279 3849 τα
2298 3811 2315 3827 ο
2341 3795 2408 3848 ὲκ
2426 3795 2740 3865 μεταφορᾶς
2764 3793 2876 3847 τῶν
2897 3791 3201 3862 ἐφιεμένων
3222 3794 3237 3824 ¹
3259 3790 3453 3863 βελῶν,
3476 3791 3575 3844 κατ
3597 3790 3814 3862 ῥᾳδίως

2209 3887 2301 3942 τὸν
2322 3888 2461 3957 ἀέρα
2482 3886 3151 3957 τιμνόντων.Ἄι⁶θρακιις
3172 3883 3231 3937 δὲ
3248 3883 3589 3953 ἐρημικοὺς,
3611 3887 3675 3935 το
3696 3885 3805 3953 τῆς

2208 3979 2481 4050 τιμωρίας
2525 3977 2755 4050 σφοδρόν
2788 3994 2873 4041 τε,
2900 3977 2997 4030 καὶ
3029 3975 3421 4045 δαπανητικδν,
3455 3975 3551 4029 καὶ
3590 3978 3803 4047 ἐρημο-

2208 4070 2381 4125 ποιόν.
2400 4068 2637 4140 Τοιαύτη
2667 4068 2778 4140 γὰρ
2808 4065 2903 4121 τοῦ
2927 4067 3100 4139 πυρὸς
3120 4068 3154 4138 ἡ
3172 4066 3372 4135 φύσις*
3397 4065 3528 4119 ἀντὶ
3550 4063 3669 4128 τοῦ,
3706 4065 3801 4131 Μὴ

2190 4170 2195 4173 “
2208 4161 2411 4233 ἀθύμει
2425 4160 2531 4215 ὑπό
2545 4160 2644 4230 τῆς
2656 4160 2845 4214 ἀδίκου
2860 4158 3104 4229 γλώττης
3122 4156 3643 4228 βαλλόμενος-εὐτρε
3650 4156 3803 4218 ’κεῖς’

2208 4250 2320 4322 γὰρ
2354 4251 2411 4303 αί
2450 4249 2600 4320 παρά
2626 4248 2720 4302 τοῦ
2747 4248 2961 4303 δικαίου
3002 4245 3195 4320 κριτοῦ
3228 4247 3586 4317 πεμπόμεναι
3620 4261 3802 4315 τιμωο

2215 4339 2351 4411 ρίαι,
2389 4338 2485 4392 καὶ
2509 4336 2680 4407 βελῶν
2712 4334 2970 4411 ὀξρτητα,
3002 4335 3097 4391 καὶ
3118 4333 3415 4406 ἀνθράκων
3446 4331 3804 4405 ὲρημοποιῶν

524 4468 644 4505 rum
685 4428 1046 4518 celeritatem,
1083 4460 1138 4507 ct
1166 4428 1467 4507 carbonum
1499 4449 1958 4506 desolatoriorum
1994 4450 2103 4517 vim

2214 4432 2550 4504 μιμούμεναι
2581 4428 2680 4501 τὴν
2710 4430 3015 4499 ἐνέργειαν.

525 4542 826 4596 itllilalttnr.

596 4658 614 4674 ‘
646 4652 810 4711 Vens.
846 4654 900 4710 5.
940 4673 958 4705 ι
999 4652 1114 4712 lleu
1151 4650 1319 4707 mibi!
1349 4654 1478 4723 quia
1501 4651 1772 4707 incolatus
1796 4665 1951 4706 meus
1979 4664 2104 4720 pro-

526 4744 780 4813 longutus
809 4752 912 4799 est.
949 4762 967 4796 ι
1001 4742 1149 4810 llaec,
1179 4743 1277 4809 ait,
1314 4742 1562 4798 dicebam
1611 4756 1804 4812 preces
1844 4740 2104 4806 fundens,

525 4845 579 4888 et
608 4851 732 4888 eum
766 4836 865 4890 bas
900 4836 1169 4905 benignus
1206 4835 1539 4899 exaudisset,
1590 4835 1851 4889 misertus
1878 4841 1981 4888 est.
2010 4831 2108 4886 In-

527 4926 760 4979 colatnm
798 4936 980 4982 autem
1026 4935 1204 4994 vocat,
1257 4927 1310 4982 iu
1358 4927 1536 4982 aliena
1597 4934 1743 4981 terra
1786 4925 2103 4981 stationem.

528 5015 885 5088 Septuaginta
914 5016 1114 5088 quippe
1147 5034 1418 5073 annorum
1454 5027 1674 5088 tempus
1700 5018 1825 5088 jure
1857 5018 2109 5072 nomina-

529 5120 619 5164 tur
647 5110 992 5166 diuturnum.
1027 5110 1257 5168 Tantam
1302 5111 1447 5168 enim
1481 5111 1776 5183 perlectam
1816 5111 2104 5167 hominum

527 5201 695 5256 vitam
745 5198 1020 5275 Propheta
1067 5200 1203 5258 dicit
1245 5215 1388 5257 esse.
1447 5218 1468 5252 ι
1506 5197 1634 5256 Dies
1674 5200 1844 5266 enim,
1895 5200 2105 5271 inquit;

2287 4659 2345 4707 ε’.
2388 4670 2407 4704 ι
2442 4652 2511 4705 Οἵ
2550 4667 2662 4721 μοι,
2712 4650 2796 4704 ὅτι
2849 4652 2883 4721 ή
2938 4649 3202 4721 παροικία
3255 4640 3358 4720 μου
3415 4646 3797 4719 ἐμακρύνθη.»

2206 4742 2422 4806 Ταῦτα,
2470 4741 2655 4811 φησὶν,
2706 4740 2894 4809 ἔλεγον
2939 4738 3396 4809 προσευχόμενος,
3448 4737 3543 4791 καὶ
3593 4734 3803 4790 τούτων

2215 4833 2458 4898 ἀκούσας
2476 4834 2505 4887 6
2532 4832 2915 4904 φιλάνθρωπος
2936 4830 3194 4901 ᾤκτειρε,
3216 4830 3539 4898 παροικίαν
3557 4827 3616 4881 δὲ
3641 4827 3803 4880 καλεῖ

2213 4924 2314 4996 τὴν
2346 4925 2404 4977 ὲν
2433 4926 2500 4995 τῇ
2546 4922 2808 4995 ἀλλοτρίᾳ
2837 4923 3141 4994 διαγωγήν.
3185 4922 3244 4975 ’0
3286 4921 3343 4974 δὲ
3396 4918 3804 4988 ἑϐδομηκοστὺς

2200 5017 2407 5090 χρόνος
2446 5016 2659 5088 μακρὸς
2703 5011 2930 5078 εἰκότως
2975 5016 3288 5085 νενόμισται
3318 5030 3337 5045 ο
3382 5012 3658 5084 τοσαύτην
3690 5013 3800 5082 γὰρ

2214 5110 2315 5181 τὴν
2348 5106 2560 5163 τελείαν
2593 5108 2705 5161 τῶν
2738 5106 3045 5178 ἀνθρώπων
3077 5108 3107 5160 6
3137 5108 3431 5178 Προφήτης
3474 5104 3579 5175 ἔφη
3610 5105 3794 5176 ζωήν·

2223 5219 2244 5254 ι
2282 5201 2349 5255 Al
2390 5200 2595 5272 ἡμέραι
2624 5200 2754 5273 γὰρ,
2796 5200 2953 5270 φησὶ,
2989 5199 3100 5254 τῶν
3136 5201 3275 5254 ἐτῶν
3316 5199 3474 5272 ἡμῶν
3516 5201 3577 5253 ὲν
3614 5201 3799 5263 αὐτοῖς

1670 5445 1901 5501 νΑΒΙΛΕ
1941 5444 2324 5504 LECTIONES
2358 5443 2446 5499 ET
2486 5441 2724 5500 NOTz‘E.

598 5606 644 5639 “
671 5610 887 5672 Φησίν.
923 5608 1091 5664 Abest
1140 5626 1169 5663 a
1214 5608 1336 5663 cod.
1371 5608 1421 5661 1.
1501 5609 1547 5641 ⁸⁷
1586 5608 1849 5666 Τοιοῦτοι
1909 5613 2030 5667 cod.
2069 5613 2087 5667 I
2133 5606 2280 5666 οὗτοι
2308 5612 2386 5665 δέ.

531 5675 699 5751 llehr.
727 5677 1127 5751 Juniperorum,
1159 5696 1207 5733 s.
1236 5677 1594 5751 genistarum.
1634 5682 1775 5748 Aqu.
1808 5682 2177 5751 ἀρκευοῐναις.
2212 5684 2224 5713 ¹

2462 5609 2509 5642 ’⁸
2540 5609 2701 5676 Περί.

2751 5608 2824 5663 ib.
2868 5622 3061 5676 prmm.
3101 5610 3152 5661 οί
3182 5608 3300 5670 τάς.
3378 5609 3426 5642 ⁸⁸
3459 5608 3595 5674 τοῖς
3626 5620 3804 5677 amp.

2264 5682 2388 5737 eod.
2425 5680 2445 5734 l
2487 5676 2821 5747 ἀφιεμένων.

2901 5682 2921 5711 ³
2953 5678 3274 5747 [εὐτρεπεῖς
3324 5679 3477 5735 Hanc
3510 5679 3805 5739 lectionem

534 5747 791 5802 debemus
820 5746 945 5803 (οὐ.
998 5746 1433 5806 1.Ριὶοι⁷1υςιίο
1485 5759 1603 5804 erat
1652 5746 2104 5822 tangerem;

2208 5769 2302 5823 las.
2352 5749 2504 5815 .382,
2542 5746 2598 5804 ll.
2628 5750 2680 5803 8.
