4128 6416
367 336 504 404 1877

1754 341 1837 402 IN
1884 343 2090 404 PSAL.
2148 345 2319 406 CXX.

3506 349 3644 416 1878

357 443 734 520 ἐϐδομήκοντα
779 446 898 518 ἐτη.
931 466 950 500 ι
991 477 1061 488 —-
1111 465 1130 498 ι
1184 448 1598 521 Κατεσκήνωσα
1659 451 1802 520 μετὰ
1849 453 1957 505 τῶν

2062 469 2333 509 annorum
2383 461 2702 509 nostrorum
2753 454 2805 508 in
2843 454 2979 525 ipsis
3010 456 3352 528 sqttnaginla
3389 460 3517 514 anui
3541 469 3590 515 ιν.
3623 480 3643 513 ι

357 539 739 612 σκηνωμάτων
791 539 1004 611 Κηδάρ.
1059 559 1076 591 ι
1159 541 1219 594 ’0
1270 540 1470 610 Κηδὰρ
1539 541 1790 614 δεύτερος
1859 543 1954 596 τοῦ

367 633 602 703 Ἰσμαὴλ
642 633 777 698 υίὸς,
809 635 856 685 οί
906 633 964 686 δέ
1011 631 1199 686 τούτου
1231 633 1490 703 ἀπόγονοι
1530 635 1590 689 οὐ
1624 635 1817 707 πόρρω
1853 637 1956 709 τῆς

361 724 688 786 Βαϐυλῶνος
712 723 874 795 μέχρι
892 725 1135 795 τήμερον
1155 724 1515 794 ἐσκήνωνται.
1534 727 1754 799 Ἐπειδὴ
1772 727 1955 781 τοίνυν

359 818 572 872 ἄνωθεν
606 816 867 882 ἐναντίως
893 817 1216 890 διετέθησαν
1266 819 1406 890 πρὸς
1433 819 1698 892 ἀλλήλους
1723 837 1738 854 ο
1776 839 1794 872 ι
1826 821 1956 876 Ἔκ-

355 907 492 986 βαλε
523 910 654 982 γὰρ,
691 911 848 981 φησὶ,
879 911 979 981 τὴν
1007 912 1325 983 παιδίσκην,
1355 913 1450 966 καὶ
1475 913 1567 966 τὸν
1602 913 1717 966 υἱὸν
1740 912 1910 985 αὐτῆς
1935 929 1950 944 ο

355 1003 422 1056 οὗ
451 1003 560 1074 γὰρ
598 1003 675 1075 μὴ
721 1001 1110 1075 κληρονομήσῃ
1138 1006 1166 1058 6
1195 1004 1309 1068 υίὸς
1345 1004 1448 1072 τῆς
1483 1004 1777 1075 παιδίσκης
1815 1003 1956 1075 μετὰ

355 1093 456 1147 τοῦ
495 1093 614 1147 υἱοῦ
648 1111 751 1165 μου
795 1094 984 1148 Ἰσαάκ
1015 1111 1030 1125 ·
1063 1096 1293 1160 εἰκότως
1338 1097 1480 1164 σφᾶς
1520 1096 1718 1160 αὐτοὺς
1753 1095 1954 1164 ὀλοφύ-

363 1199 574 1256 ρονται,
605 1183 680 1248 ὡς
704 1186 802 1254 τῆς
834 1184 933 1256 μὲν
957 1185 1233 1256 προτέρας
1257 1185 1586 1250 ἐκπεσόντες
1615 1185 1952 1257 ἐλευθερίας,

279 1319 312 1340 ._
361 1279 538 1344 ἐγγὺς
577 1264 637 1330 δὲ
681 1277 789 1330 τῶν
827 1277 1146 1350 ήμιδούλων
1190 1271 1510 1348 διάγοντες,
1540 1277 1637 1333 καὶ
1679 1278 1954 1332 δουλεύειν

354 1361 798 1440 ἠναγκασμένοι.

430 1471 505 1529 ς’.
533 1483 552 1516 ι
573 1463 752 1520 Πολλά
765 1463 1099 1536 παρῴκησεν
1114 1466 1148 1536 ή
1170 1465 1316 1536 ψυχή
1337 1481 1461 1536 μου.
1487 1463 1764 1534 ιΜακρδς,
1793 1470 1953 1536 φησι,

305 1604 308 1606 .
353 1561 458 1629 τῆς
492 1559 787 1633 παροικίας
817 1561 845 1612 6
877 1553 1090 1630 χρόνος.
1141 1578 1159 1612 ι
1197 1558 1356 1613 Μετὰ
1381 1558 1492 1611 τῶν
1517 1559 1823 1630 μισούντων
1853 1559 1954 1630 τὴν

355 1649 582 1721 εἰρήνην
615 1649 766 1721 ήμην
797 1650 1075 1719 είρηνικός
1108 1665 1122 1681 ·
1159 1649 1287 1702 ὅταν
1318 1648 1542 1703 ἐλάλουν
1585 1638 1793 1716 αὐτοῖς,
1822 1653 1954 1704 ἐπο-

355 1739 561 1810 λέμουν
610 1757 678 1809 με
720 1739 930 1811 δωρεάν
946 1740 989 1794 ³.
1044 1759 1061 1790 ι
1101 1728 1367 1793 Ἐνταῦθα
1405 1739 1546 1810 μένδ
1585 1739 1950 1794 Βαϐυλωνίων

2058 577 2127 586 -
2177 564 2196 599 ‹
2236 545 2486 600 llabitavi
2542 562 2669 600 cum
2725 546 3105 604 habitantibus
3167 548 3366 604 Cedar.
3410 567 3430 603 ι
3474 548 3652 605 Cedar

2058 638 2332 692 secundus
2363 637 2614 694 lsmaelis
2645 638 2790 694 ﬁlius
2824 639 2926 695 fuit
2961 658 2975 696 :
3009 640 3214 708 posteri
3267 649 3452 696 autem
3487 642 3650 699 istius

2057 743 2165 783 non
2202 717 2364 800 longe
2409 731 2480 786 ab
2525 732 2662 786 urbe
2695 731 2989 804 Babylonis
3022 749 3198 804 usque
3226 733 3280 787 in
3318 733 3648 789 hodiernum

2057 819 2199 874 diem
2236 820 2504 878 habitant.
2533 822 2804 889 Quoniam
2833 824 3002 895 igitur
3024 840 3054 879 a
3085 825 3358 896 principio
3389 824 3648 882 infestam

2056 912 2227 966 vitam
2262 913 2494 969 invicem
2523 915 2797 971 ducebant
2825 934 2840 971 :
2880 936 2898 970 ι
2937 918 3088 989 Ejice
3117 920 3289 984 enim,
3320 918 3519 990 inquit,
3552 934 3650 972 an-

2056 1005 2239 1060 cillam
2283 1014 2338 1060 et
2383 1006 2556 1061 ﬁlium
2594 1009 2748 1080 ejus,
2787 1025 2896 1064 non
2943 1013 3049 1066 erit
3090 1011 3237 1066 enim
3281 1012 3456 1066 haeres
3504 1010 3649 1066 ﬁlius

2058 1097 2272 1153 ancillae
2328 1113 2456 1154 eum
2511 1099 2624 1156 ﬁlio
2671 1116 2795 1156 meo
2843 1101 2998 1157 Isaac
3041 1112 3096 1170 ις
3131 1121 3150 1154 ι
3187 1103 3388 1158 merito
3433 1101 3650 1171 seipse:

2059 1188 2366 1259 deplorant,
2397 1198 2457 1244 ut
2494 1192 2590 1262 qui
2632 1208 2699 1246 ex
2743 1192 2972 1262 pristina
3013 1193 3264 1250 libertate
3305 1192 3646 1258 exciderant,

2057 1287 2112 1336 et
2139 1295 2308 1351 prope
2345 1281 2676 1339 semiservos
2722 1283 3079 1351 habitabant,
3129 1291 3184 1340 et
3231 1284 3444 1341 servire
3484 1298 3648 1356 coge-

2057 1372 2282 1427 bantur.

2130 1463 2295 1521 Veas.
2343 1467 2398 1522 6.
2451 1485 2472 1520 ι
2511 1466 2632 1523 Jam
2670 1469 2764 1524 diu
2812 1469 2992 1525 incola
3046 1469 3150 1524 fuit
3199 1468 3384 1524 anima
3437 1481 3578 1524 mea.
3619 1485 3638 1520 ι

2056 1555 2324 1629 Longum,
2354 1558 2552 1629 inquit,
2577 1569 2662 1615 est
2690 1560 3156 1632 peregrinationis
3185 1569 3422 1631 tempus.
3456 1577 3474 1611 ι
3503 1556 3642 1614 Cum

2057 1648 2142 1704 his
2176 1652 2270 1718 qui
2309 1649 2546 1705 oderunt
2573 1667 2786 1721 pacem,
2823 1667 2976 1707 eram
3039 1652 3338 1722 paciﬁcus;
3374 1650 3421 1708 si
3457 1649 3648 1721 loque-

2058 1739 2156 1796 bar
2192 1757 2318 1797 cum
2371 1742 2501 1807 illis,
2543 1743 2941 1816 impugnabant
2989 1759 3078 1800 me
3114 1744 3307 1814 gratis.
3349 1761 3368 1796 ι
3423 1741 3540 1798 Hoc
3589 1742 3645 1795 in

359 1805 670 1904 μοχθηρίαν
691 1805 933 1886 διδάσκει
956 1847 970 1862 ο
996 1831 1150 1889 οὐδὲν
1178 1832 1306 1903 γὰρ,
1336 1805 1522 1902 φησὶν,
1548 1832 1768 1902 ἔχοντες
1791 1835 1952 1901 ἐγκαρ

2058 1835 2180 1889 loco
2228 1805 2657 1906 Babyloniorum
2698 1805 3042 1908 vpravitatem
3087 1805 3248 1892 dbcet
3280 1853 3295 1892 :
3329 1851 3458 1892 cum
3493 1833 3642 1890 enim

355 1926 471 2002 λεῖν
497 1923 877 1988 ἐπεϐούλευον,
907 1925 1000 1977 καὶ
1031 1927 1142 1988 τοῖς
1169 1925 1394 1996 εἰρήνην
1429 1924 1838 1996 ἀσπαζομένοις
1876 1925 1954 1990 ὡς

359 2011 651 2096 πολεμίοις
681 2017 989 2088 ἐχρήσαντο
1009 2053 1020 2067 .

681 2206 948 2263 ΕΡΜΗΝ.
990 2209 1126 2263 ΤΟΥ
1163 2209 1270 2263 ΡΚ¹
1311 2211 1635 2266 ΨΑΛΜΟΥ.

395 2351 398 2354 -
438 2320 604 2393 ιᾮδὴ
649 2322 758 2376 τῶν
805 2322 1162 2395 ἀναϐαθμῶν.
1206 2345 1225 2377 ι
1268 2326 1394 2390 Τοῖς
1436 2329 1496 2381 ἐν
1537 2327 1822 2384 Βαϐυλῶνι
1873 2329 1952 2384 ἔτι

356 2411 612 2492 διάγουσι
641 2415 737 2466 καὶ
770 2408 926 2478 οὗτος
954 2415 1268 2487 πρόσφορος
1293 2419 1320 2470 6
1349 2417 1586 2487 ψαλμός.

357 2495 376 2500 ’
435 2511 503 2560 α’.
547 2499 729 2578 «ἾΙρα
756 2508 882 2572 τοὺς
911 2506 1224 2578 ὀφθαλμούς
1255 2528 1358 2579 μου
1376 2514 1453 2575 είς
1471 2513 1538 2566 τὰ
1556 2512 1818 2586 δρη,ὅθεν
1835 2514 1954 2587 ἥξει

354 2599 396 2670 ,ἡ
433 2595 658 2670 βοήθειά
684 2615 810 2670 μου.
847 2619 865 2652 ι
919 2600 1057 2654 Ὑπὸ
1088 2601 1297 2656 πολλῶν
1332 2604 1423 2657 καὶ
1459 2605 1814 2661 παντοδαπῶν
1850 2624 1954 2660 πε-

363 2685 834 2761 ριστοιχιζόμενος
877 2693 1164 2762 ἀλγεινῶν,
1198 2696 1501 2749 πέιντοοενε⁵
1540 2700 1806 2769 περιῆγον
1827 2701 1955 2764 τοὺς

359 2781 699 2853 ὀφθαλμοὺς,
732 2784 1055 2856 ἐπικουρίας
1084 2786 1227 2850 τινὸς
1259 2787 1572 2843 ἀπολαῦσαι
1596 2790 1799 2844 ποθῶν.

355 2865 364 2874 ’
543 2895 562 2928 ι
617 2875 680 2929 Ἦ
712 2875 937 2947 βοήθειά
970 2895 1072 2949 μου
1113 2880 1264 2950 παρὰ
1309 2880 1538 2950 Κυρίου,
1567 2881 1662 2935 τοῦ
1693 2885 1954 2953 ποιήσαν-

360 2984 457 3032 τος
482 2968 578 3048 τὸν
622 2970 853 3040 οὐρανὸν
893 2971 989 3024 καὶ
1028 2971 1128 3042 τὴν
1177 2974 1302 3044 γῆν.
1336 2992 1357 3025 ι
1407 2973 1546 3027 Ἀλλ’
1589 2971 1708 3028 οῖδα
1750 2977 1826 3039 ὡς
1856 2977 1954 3029 ἀν-

362 3060 650 3145 θρωπίνης
683 3047 780 3134 μὲν
813 3063 1074 3134 οὐδεμιᾶς
1102 3067 1276 3136 ῥοπῆς
1302 3066 1620 3130 ἀπολαύσω,
1649 3067 1866 3140 ἀπόχρη
1895 3067 1953 3122 δέ

353 3169 462 3223 -μοι
488 3151 635 3233 ,μύνη
660 3145 756 3226 τοῦ
787 3154 923 3208 Θεοῦ
953 3157 986 3226 ή
1012 3156 1295 3226 εὐμένεια.
1324 3159 1434 3211 Καὶ
1465 3158 1679 3222 δεικνὺς
1698 3159 1798 3230 τῆς
1823 3157 1952 3230 βοη-
1980 3145 2021 3202 C

363 3228 607 3308 θείαςτδ
636 3245 862 3301 δυνατὸν
901 3249 1183 3317 ἐπήγαγεο
1217 3265 1236 3299 ι
1261 3247 1370 3301 Τοῦ
1403 3250 1731 3320 ποιήσαντος
1863 3228 1957 3303 ού-

363 3335 531 3408 ρανὸν
549 3337 643 3390 καὶ
657 3322 762 3410 ’τήν
789 3340 946 3408 γῆν.»
971 3339 1028 3392 Ὁ
1059 3339 1166 3411 γὰρ
1191 3337 1367 3394 ταῦτα
1390 3342 1796 3411 τεκτηνάμενος
1812 3341 1956 3413 λόγῳ

365 3428 560 3506 ἱκανδς
583 3430 888 3502 ἐπαρκέσαι
935 3429 1124 3502 κάμοί.
1172 3431 1456 3487 Ἐντεῦθεν
1505 3433 1691 3496 αὐτοῖς
1731 3433 1793 3486 τὸ
1824 3449 1958 3505 πρα-

363 3518 542 3576 κτέον,
558 3521 586 3573 6
601 3520 908 3594 Προφήτης
931 3521 1256 3594 ἐξηγεῖταιμ

351 3683 363 3695 ,
423 3618 586 3685 ,γ’κί
619 3613 713 3697 Μὴ
743 3613 858 3686 δῴη
880 3616 900 3648 ⁸
931 3619 1012 3680 είς
1042 3617 1208 3670 σάλον
1231 3618 1324 3672 τὸν
1354 3618 1493 3674 πόδα
1537 3635 1656 3686 σου,
1701 3619 1840 3691 μηδέ
1870 3637 1961 3675 νυ-

367 3702 544 3777 στάξῃ
572 3707 600 3759 6
644 3707 938 3776 φυλάσσων
981 3725 1062 3762 σε.
1099 3729 1118 3762 ι
1159 3711 1222 3764 Ei
1258 3710 1486 3781 μείνοις,
1522 3712 1682 3781 φησὶ,
1730 3712 1959 3783 βεϐαίαν

314 3829 319 3832 -
346 3796 622 3883 ’ἔχωννείς
656 3799 821 3854 αὑτὸν
850 3802 948 3872 τὴν
978 3801 1190 3865 ἐλπίδα,
1215 3803 1400 3874 πάσης
1434 3805 1567 3871 παρ’
1595 3805 1761 3858 αὐτοῦ
1792 3804 1958 3878 τεύξῃ

365 3888 720 3959 κηδεμονίας.
756 3891 830 3944 Τὸ
860 3892 1068 3963 μέντοι,
1107 3911 1126 3944 ι
1181 3894 1256 3947 Οὐ
1307 3894 1547 3969 νυστάξῃ
1595 3898 1625 3950 6
1667 3894 1958 3966 φυλάσσων

348 3997 455 4049 σε,
489 3998 509 4033 ο
547 3971 913 4064 ἀνθρωπίνως
959 3983 1227 4052 τέθεικεν,
1264 3987 1328 4040 ἐκ
1359 3989 1677 4059 μεταφορᾶς
1713 3989 1824 4042 τῶν
1865 3990 1959 4045 καὶ

339 4071 626 4160 ⁹ποίμνια,
658 4075 754 4142 καὶ
787 4077 1098 4147 στρατείας,
1118 4083 1215 4133 καὶ
1235 4079 1420 4145 πόλεις
1449 4082 1726 4154 ἐπιμελῶς
1753 4082 1960 4153 φυλατ-

277 4211 281 4215 .
351 4166 726 4234 ,τό-ιτωνξυτι
763 4171 871 4240 γὰρ
904 4172 1122 4244 ἀπαθὴς
1155 4175 1188 4246 ή
1220 4174 1339 4229 θεία
1366 4175 1547 4245 φύσις,
1579 4176 1670 4230 διὰ
1699 4177 1808 4231 τιῖιν
1835 4178 1960 4231 ἐπι-

345 4261 692 4342 φερομένων
726 4262 1016 4342 ἐδήλωσεν.

351 4488 356 4491 .
441 4439 484 4493 δ’
490 4479 505 4494 .
552 4460 572 4494 ι
619 4441 843 4499 Ἰδοὺλού
877 4445 1151 4512 νυστάξει,
1185 4447 1306 4501 ούδέ
1337 4448 1576 4503 ὑπνώσει
1606 4453 1635 4504 6
1666 4451 1958 4521 φυλάσσων

368 4531 463 4612 τὸν
505 4533 743 4606 Ἰσραήλ.
779 4553 799 4585 ι
847 4534 1012 4588 Φύσει
1046 4537 1145 4606 μὲν
1173 4537 1454 4609 ἄγρυπνος
1484 4543 1512 4594 6
1554 4542 1752 4612 φύλαξ,
1782 4544 1877 4597 σοῦ
1903 4546 1961 4599 δέ

371 4623 768 4699 σαλευομένου,
804 4626 899 4685 καὶ
932 4628 1096 4692 αὐτὸς
1123 4623 1235 4683 οἷόν
1257 4647 1381 4685 τινα
1413 4635 1723 4705 νυσταγμὸν
1753 4636 1961 4701 δέξεται

349 4711 470 4784 ιτὴν
507 4714 789 4784 ἀμέλειαν.
821 4717 934 4771 Οὐκ
961 4717 1042 4771 ἐτι
1072 4719 1183 4791 γάρ
1215 4737 1309 4773 σου
1346 4722 1646 4791 φροντίσει,
1684 4725 1822 4782 ἀλλά
1847 4731 1962 4792 τοῖς

370 4803 750 4884 ἐπιϐουλεύειν
781 4809 1190 4881 προῃρημένοις
1211 4813 1230 4843 ⁷
1263 4813 1587 4885 προήσεται.

445 4991 509 5041 ε’.
556 5003 576 5037 ι
618 4986 824 5068 ιςύριος
852 4989 1094 5068 ’φυλάξει
1130 5009 1211 5058 σε,
1250 4993 1452 5064 Κύριος
1489 4995 1668 5066 σκέπη
1701 4999 1829 5052 σοιε
1868 5000 1961 5054 ἐπὶ

373 5076 536 5145 χεῖρα
561 5075 743 5140 δεξιάν
777 5096 924 5134 σου.)
949 5081 1121 5136 Τοῦτο
1157 5085 1250 5137 καὶ
1281 5087 1340 5139 ἐν
1368 5084 1447 5156 τῷ
1487 5092 1549 5138 ιε’
1584 5086 1687 5158 ἔφη
1721 5087 1922 5162 ψαλμῷ
1943 5109 1956 5121 ο

382 5183 400 5212 ι
435 5163 794 5243 Προωρὼμην
820 5167 911 5221 τὸν
937 5168 1142 5241 Κύριον
1163 5170 1392 5227 ἐνώπιόν
1412 5190 1516 5244 μου
1534 5174 1621 5228 διὰ
1640 5177 1864 5244 παντὸς,
1879 5179 1962 5231 ὅτι

375 5255 444 5307 ἐκ
465 5254 656 5320 δεξιῶν
683 5273 787 5325 μου
813 5260 982 5325 ἐστὶν,
1015 5261 1102 5314 ἵνα
1131 5261 1206 5334 μὴ
1237 5263 1501 5319 σαλευθῶ.
1541 5285 1561 5318 ι
1590 5266 1702 5320 Καὶ
1721 5269 1958 5323 ἐνταῦθα

455 5433 485 5474 1
524 5423 673 5480 Psal.
710 5441 948 5516 Lxxxtx,
990 5428 1077 5484 lo.
1160 5439 1183 5468 ι
1221 5430 1358 5487 Gen.
1395 5448 1525 5500 χιιι,
1571 5433 1658 5488 -l0.

2055 1927 2213 1993 nihil,
2256 1928 2353 1993 ait,
2407 1928 2650 1998 objicere
2693 1939 2942 1999 possent,
3003 1928 3222 1984 insidiis
3273 1927 3551 1998 petebant,
3592 1934 3649 1981 et

2055 2017 2124 2072 iis
2157 2019 2250 2088 qui
2297 2034 2486 2090 pacem
2529 2019 3028 2090 amplectebantur,
3058 2019 3210 2075 velut
3237 2019 3492 2076 hostibus
3523 2023 3647 2072 ute-

2053 2109 2274 2166 bantur.

2333 2221 2550 2296 ιω
2585 2221 2858 2280 musae.
2903 2220 3155 2277 PSALMI
3194 2221 3360 2279 cxx.

2133 2354 2152 2388 ι
2186 2334 2475 2392 Canticum
2509 2336 2803 2407 graduum.
2846 2353 2866 2388 ι
2903 2333 3001 2392 His
3032 2335 3127 2406 qui
3155 2334 3430 2407 Babylone
3457 2336 3643 2394 adhuc

2055 2429 2328 2501 degebant
2355 2429 2525 2485 etiam
2562 2428 2653 2484 hic
2687 2427 2934 2499 psalmus
2961 2428 3242 2484 convenit.

2129 2519 2296 2576 Vens.
2331 2520 2384 2574 1.
2431 2540 2451 2572 ε
2492 2509 2694 2576 Levavi
2731 2520 2927 2575 oculos
2955 2534 3108 2575 meos
3132 2520 3200 2575 ad
3229 2528 3468 2584 montes,
3499 2519 3645 2576 unde

2054 2611 2237 2667 veniet
2266 2609 2532 2666 auxilium
2572 2610 2732 2666 mihi.
2761 2629 2781 2663 ι
2837 2610 2886 2666 Α
2933 2611 3128 2667 multis
3169 2609 3456 2680 variisque
3488 2611 3643 2667 cala-

2053 2702 2340 2758 mitatibus
2373 2703 2614 2771 cinctus,
2671 2702 2878 2773 ubique
2926 2702 3119 2759 oculos
3151 2701 3641 2770 circumferebant,

2056 2796 2295 2865 aliquam
2331 2811 2491 2867 opem
2523 2795 2793 2867 consequi
2825 2796 3173 2854 desiderans.

2128 2888 2294 2946 Vens.
2330 2891 2385 2944 2.
2423 2907 2443 2943 ι
2481 2890 2764 2945 Auxilium
2798 2905 2985 2946 meum
3023 2905 3054 2946 a
3087 2889 3348 2956 Domino,
3383 2889 3480 2961 qui
3513 2887 3646 2946 fecit

2055 2983 2256 3038 emlum
2289 2991 2344 3040 et
2375 2991 2598 3038 terram.
2625 3002 2646 3035 ι
2678 2981 2878 3039 Verum
2907 2983 3034 3041 novi
3087 2997 3176 3039 me
3201 2983 3417 3039 nullum
3448 2984 3646 3039 huma-

2057 3090 2189 3129 num
2227 3069 2497 3131 auxilium
2544 3075 2875 3146 adepturum
2921 3089 3088 3132 esse:
3119 3075 3326 3146 quippe
3373 3075 3510 3131 satis
3557 3081 3646 3131 est

2056 3165 2189 3219 mihi
2223 3165 2318 3220 Dei
2347 3165 2755 3222 benevolentia.
2794 3164 2858 3222 Et
2887 3166 3188 3222 ostendens
3219 3164 3412 3221 auxilii
3443 3173 3645 3236 poten-

2057 3256 2213 3316 tiam,
2249 3255 2489 3327 subjecit
2519 3273 2534 3313 :
2561 3251 2844 3319 «Quifecit
2882 3257 3086 3313 caelum
3128 3263 3184 3312 et
3216 3264 3444 3312 terram.
3480 3274 3500 3309 ›
3535 3254 3643 3323 Qui

2055 3349 2201 3406 enim
2237 3351 2407 3404 verbo
2445 3350 2560 3406 haec
2608 3349 2890 3416 condidit,
2931 3350 3067 3404 mihi
3097 3349 3266 3406 etiam
3304 3349 3450 3405 ferre
3485 3364 3644 3420 opem

2057 3450 2260 3512 potest.
2294 3439 2562 3513 Deinceps
2593 3442 2727 3514 quid
2755 3441 2892 3514 ipsis
2929 3439 3242 3499 faciendum
3274 3441 3346 3498 sit
3369 3440 3647 3511 PrOpheta

2057 3534 2432 3605 persequitur.

2129 3632 2146 3650 '
2185 3626 2350 3683 Vsus.
2383 3628 2438 3683 5.
2480 3646 2500 3681 ι
2535 3625 2664 3684 -Νοιι
2711 3626 2806 3682 det
2853 3626 2912 3682 in
2962 3625 3394 3684 commotionem
3453 3625 3647 3695 pedem

2061 3726 2238 3780 tuum,
2279 3731 2456 3787 neque
2485 3716 2750 3771 dormitet
2767 3717 2864 3786 qui
2891 3715 3134 3771 custodit
3157 3723 3230 3770 te.
3251 3735 3268 3767 ι
3306 3713 3366 3769 Si
3397 3715 3644 3779 steteris,

2059 3807 2260 3878 inquit,
2296 3807 2510 3862 ﬁrmam
2548 3806 2758 3862 habens
2806 3807 2863 3861 in
2914 3806 3036 3875 ipso
3085 3820 3264 3875 spem,
3307 3817 3530 3862 omnem
3577 3805 3649 3860 ab

2059 3899 2182 3968 ipso
2231 3912 2392 3969 opem
2441 3898 2820 3968 consequeris.
2870 3897 3006 3953 Illud
3051 3904 3261 3960 autem,
3301 3914 3322 3950 ι
3364 3894 3488 3950 Non
3519 3897 3648 3953 dor-

2059 3993 2215 4049 mitet
2244 3992 2340 4062 qui
2375 3989 2628 4048 custodit
2660 3997 2733 4057 te,
2775 4009 2794 4043 ι
2841 3990 3082 4045 humano
3117 4003 3274 4044 more
3307 3989 3515 4060 posuit,
3551 4003 3650 4059 per

2059 4083 2434 4152 metaphoram
2475 4081 2546 4136 ab
2603 4081 2712 4136 illis
2764 4080 3112 4150 desumptam
3141 4119 3158 4147 ,
3202 4078 3298 4150 qui
3357 4094 3556 4150 greges
3593 4089 3652 4136 et

2058 4175 2337 4232 exercitus
2374 4185 2428 4230 et
2473 4174 2727 4230 civitates
2771 4173 3063 4244 diligenter
3113 4173 3456 4228 custodiunt.
3509 4169 3648 4228 Nam

2061 4268 2304 4324 divinam
2339 4276 2592 4324 naturam
2639 4268 2994 4339 passionibus
3024 4267 3325 4323 obnoxiam
3361 4282 3473 4322 non
3503 4282 3648 4331 esse,

2062 4375 2159 4430 per
2191 4375 2254 4414 ea
2286 4373 2408 4431 quae
2437 4367 2748 4428 sequuntur
2778 4358 3100 4413 declaravit.
3282 4419 3294 4440 κ

2135 4447 2302 4504 Vens.
2343 4449 2398 4503 4.
2448 4467 2467 4499 ι
2507 4447 2648 4504 Ecce
2681 4463 2788 4503 non
2816 4447 3165 4514 dormitabit,
3201 4463 3381 4519 neque
3411 4447 3653 4502 dormiet

2064 4541 2157 4612 qui
2183 4539 2427 4596 custodit
2454 4538 2736 4594 lsraelem.
2771 4558 2790 4590 ι
2823 4537 3033 4593 Natura
3061 4540 3281 4610 quidem
3317 4540 3544 4610 pervigil
3569 4548 3654 4595 est

2063 4637 2254 4686 custos
2285 4645 2300 4683 :
2329 4638 2381 4685 te
2414 4637 2597 4683 autent
2631 4626 2970 4693 ﬁuctuante,'
3003 4637 3059 4683 et
3115 4629 3233 4699 ipse
3271 4629 3543 4685 incuriam
3585 4630 3654 4685 de

2066 4732 2119 4777 te
2161 4721 2322 4776 veluti
2377 4720 2669 4791 quemdam
2713 4735 2966 4774 somnum
3021 4719 3276 4789 accipiet.
3334 4719 3454 4775 Non
3504 4721 3650 4775 enim

2065 4811 2302 4880 amplius
2335 4809 2404 4865 de
2452 4818 2504 4865 te
2538 4824 2730 4864 curam
2768 4818 2936 4880 geret,
2990 4809 3086 4864 sed
3138 4810 3372 4867 insidias
3415 4813 3511 4867 tibi
3556 4827 3653 4867 ne-

2067 4915 2217 4957 ctere
2249 4901 2567 4957 volentibus
2608 4901 2910 4970 permittet.

2141 4992 2307 5048 Vens.
2339 4994 2395 5055 5.
2438 5013 2455 5044 ι
2499 4993 2767 5047 Dominu~
2796 4992 3071 5047 custodiet
3108 5002 3180 5060 te,
3218 4991 3486 5049 Dominus
3523 5007 3651 5063 pro-

2069 5088 2232 5142 tectio
2269 5095 2360 5140 tua
2413 5101 2582 5155 super
2634 5100 2857 5138 manum
2915 5084 3200 5139 dexteram
3255 5094 3426 5138 tuam.
3466 5103 3485 5135 ι
3541 5081 3654 5137 lloc

2067 5181 2234 5235 etiam
2273 5181 2327 5234 in
2362 5180 2578 5234 decimo
2607 5179 2802 5249 quinto
2843 5178 2989 5232 dixit
3024 5177 3239 5247 psalmo
3272 5195 3288 5232 :
3325 5196 3344 5226 ι
3381 5174 3655 5229 Ρτωνίιιε-

2069 5273 2193 5327 bzttn
2241 5271 2534 5327 Dominum
2571 5270 2626 5324 in
2660 5275 2962 5340 conspectu
2999 5283 3121 5323 meo
3160 5264 3374 5337 1485
3415 5288 3654 5342 semper,

1515 5545 1752 5602 VARI/E
1791 5547 2176 5605 LECTIONES
2221 5547 2310 5602 ΕΤ
2350 5545 2584 5603 NOTAE.

453 5655 476 5732 Ξ
503 5654 756 5732 Δωρεάις.
778 5654 1003 5732 Abesta
1024 5664 1174 5732 textu
1199 5656 1519 5732 ilebr.,nee
1540 5659 1680 5732 apud
1714 5660 1878 5732 a_linm
1899 5663 2252 5732 interpretem
2281 5663 2529 5719 Graecum
2552 5671 2750 5717 exstat.
2830 5657 3142 5732 fMér.cod_.
3180 5653 3350 5732 {vim
3429 5654 3451 5684 '
3480 5653 3602 5732 cod.
3629 5655 3647 5707 l

383 5726 638 5806 ςιάντρσε.
697 5726 736 5804 ς⁶
787 5723 930 5792 Δῴη.
966 5727 1038 5782 Ita
1081 5727 1184 5797 leg.
1218 5728 1272 5806 in
1315 5731 1446 5806 edit.
1483 5723 1696 5806 C_on_t_pl_.
1733 5728 1957 5806 Bec._lc

2058 5745 2179 5788 »ρει
2228 5735 2390 5806 διξιης.
2468 5736 2486 5765 ⁷
2535 5730 2992 5803 Προῃρημένοις.
3038 5728 3159 5784 cod.
3200 5725 3222 5776 1
3267 5724 3652 5795 πειρωμένοις.

385 5793 406 5823 ⁸
435 5797 560 5851 cod.
593 5795 615 5847 l
646 5799 772 5863 σου,
795 5811 923 5866 qua:
949 5807 1034 5853 est
1084 5793 1195 5854 rec.
1234 5797 1392 5854 lectio
1425 5800 1480 5853 h.
1518 5800 1551 5854 Ι.
1588 5793 1749 5855 Hebr.
1785 5803 1972 5856 umbra
2007 5815 2115 5860 tua.
