4128 6442
409 332 547 404 1881

1742 339 1825 401 IN
1860 340 2065 401 PSAL.
2103 340 2343 400 CXXII.

3544 338 3681 406 1382

406 447 620 519 συνήθη
645 446 993 522 λειτουργίαν
1029 448 1450 521 προσφέροντες.
1484 448 1658 503 Τοῦτο
1684 451 1866 505 τοίνυν
1889 453 1919 505 6
1943 452 1988 482 ἰ

2110 451 2183 505 iic
2213 451 2565 517 vaticinatur,
2604 449 2779 505 tribus
2811 450 3101 522 pristinam
3132 451 3484 507 concordiam
3523 469 3679 512 rece—

406 541 700 613 προφῇτης
743 539 977 594 ἐνταῦθα
1028 540 1410 611 προθεσπίζει,
1462 541 1546 595 ὅτι
1582 543 1640 595 αι
1685 543 1851 610 φυλαὶ
1895 542 1995 615 τὴν

406 631 688 702 προτέραν
709 631 968 700 ὁμόνοιαν
993 630 1388 701 ἀπολήψονται,
1417 632 1514 686 καὶ
1539 633 1620 696 εἰς
1661 632 1762 703 τὴν
1801 632 1998 704 Ἰερου-

407 723 598 795 σαλὴμ
624 723 1083 795 συνδραμοῦνται,
1116 724 1366 795 συνήθως
1403 724 1498 778 τὸν
1526 725 1660 779 Θεὸν
1689 726 1997 797 ἀνυμνοῦν-

404 833 524 879 τες.
564 816 908 883 Μαρτύριον
952 814 1008 869 δὲ
1050 815 1143 868 τὸν
1198 815 1345 869 θεῖον
1388 817 1620 870 ἐκάλεσε
1668 818 1855 887 νόμον,
1906 818 1998 871 τὸν

406 906 715 976 διαρρήδην
739 904 1032 958 κελεύοντα
1063 905 1380 977 συντρέχειν
1409 906 1501 958 τὸν
1546 906 1765 978 Ἰσραὴλ
1799 910 1878 971 εἰς
1906 908 1999 963 τὸν

405 998 604 1062 τόπον,
630 997 691 1049 ὃν
719 996 787 1049 ἂν
815 994 1104 1067 autenm
1133 995 1339 1067 Κύριος
1368 999 1396 1050 6
1425 997 1580 1062 Θεός.

484 1087 548 1143 ε’.
593 1107 613 1141 ι
661 1089 786 1143 Ὀτι
818 1089 939 1142 ἐκεῖ
968 1088 1233 1143 ἐκάθισαν
1260 1090 1443 1161 θρόνοι
1474 1092 1553 1155 είς
1580 1091 1787 1162 κρίσιν,
1819 1090 2001 1163 θρόνοι

408 1184 508 1236 ἐπὶ
530 1177 683 1236 οἷκον
708 1179 892 1235 Δαδῑδ.
933 1198 952 1231 ι
998 1180 1385 1255 Προθεσπισας
1419 1183 1489 1238 τὰ
1523 1182 1668 1249 θεία,
1697 1184 2002 1254 προθεσπί-

411 1274 501 1340 ζει
533 1274 733 1327 καὶτὰ
763 1271 1101 1344 ἀνθρώπεια.
1164 1273 1385 1345 Ἐπειδὴ
1430 1275 1538 1347 γὰρ
1588 1277 1647 1328 ἐν
1700 1275 2001 1347 Ἰεροσολύ-

416 1383 542 1439 μοις
568 1367 632 1419 οὐ
669 1365 830 1436 μόνον
858 1367 886 1419 6
911 1364 1055 1428 θεῖος
1082 1362 1411 1436 ᾠκοδομήθη
1446 1364 1601 1431 νεὼς,
1633 1365 1770 1420 ἀλλὰ
1806 1368 1901 1421 καὶ
1933 1368 2002 1421 τὰ

415 1457 673 1529 βασίλεια
692 1472 706 1487 ο
733 1457 827 1509 καὶ
859 1458 979 1509 ἐκεῖ
1005 1456 1330 1528 συνέτρεχον
1356 1457 1596 1521 ἅπαντες
1619 1458 1688 1511 τὰ
1715 1458 2002 1529 ἀμφισϐη-

411 1545 662 1615 τούμενα
696 1544 1031 1611 διαλύοντες,
1074 1546 1398 1614 ἀναγκαίως
1438 1548 1534 1600 καὶ
1569 1546 1727 1600 τοῦτο
1758 1550 2002 1619 προηγό-

419 1654 617 1709 ρευσεν
647 1639 677 1691 6
702 1637 992 1709 προφήτης
1013 1654 1028 1669 ’
1057 1638 1141 1691 ὅτι
1182 1638 1283 1692 οὐκ
1326 1639 1407 1702 είς
1450 1640 1551 1710 τήν
1595 1639 1915 1710 Σαμάρειαν
1945 1641 2000 1693 αἱ

414 1728 551 1782 δέκα
580 1726 747 1797 φυλαὶ
788 1726 1157 1799 δραμοῦνται·
1185 1727 1303 1781 ἀλλ’
1335 1728 1528 1800 ὥσπερ
1572 1731 1664 1783 ἐπὶ
1692 1729 1790 1784 τοῦ
1835 1730 2003 1785 Δαϐὶδ

2097 548 2288 608 pturas
2308 579 2323 604 ,
2363 538 2911 611 llierosolymamque
2952 557 3343 609 concursuras,
3370 543 3540 600 Deum
3569 547 3686 603 usi-

2098 639 2214 685 tato
2245 646 2403 686 more
2431 632 2743 688 laudantes.
2798 633 3181 689 Testimonium
3218 647 3402 692 autem
3438 638 3684 694 divinam

2098 724 2439 793 nuncupavit
2468 725 2663 796 legem,
2699 726 2880 795 palam
2926 728 3205 796 jubentem
3231 729 3260 769 δ
3313 739 3373 783 υι
3423 724 3589 785 ls'rael
3627 730 3685 786 in

2099 811 2280 869 locutu
2315 825 2635 881 concurrat,
2667 831 2830 886 quem
2874 818 3099 889 elegerit
3128 817 3395 876 Dominus
3430 818 3596 875 Deus.

2172 1086 2340 1143 Vens.
2374 1088 2429 1144 5.
2467 1107 2486 1142 ι
2527 1088 2668 1154 Quia
2705 1089 2778 1145 ibi
2829 1088 3092 1145 sederunt
3132 1092 3290 1148 sedes
3340 1092 3392 1147 itt
3438 1093 3685 1164 judicio,

2103 1180 2263 1235 sedes
2306 1195 2473 1249 super
2511 1183 2737 1235 domum
2794 1182 2985 1239 David.
3026 1204 3044 1235 ι
3097 1184 3292 1239 Divina
3330 1185 3684 1253 vaticinatus,

2102 1270 2270 1325 etiam
2314 1271 2558 1326 humana
2605 1274 2870 1342 praedicit.
2909 1272 3187 1340 Quoniam
3233 1276 3378 1329 enim
3426 1274 3687 1333 Hieroso-

2104 1361 2266 1432 lyma;
2320 1360 2534 1433 1487
2594 1379 2705 1419 non
2766 1365 2932 1421 modo
2982 1366 3230 1421 divinum
3272 1376 3518 1422 erectum
3569 1360 3688 1423 ei'at

2105 1455 2395 1523 templum,
2425 1471 2615 1511 verum
2648 1457 2815 1512 etiam
2865 1459 3013 1530 regia
3043 1460 3264 1523 domus,
3297 1470 3352 1516 et
3390 1476 3458 1516 eo
3495 1477 3690 1517 omnes

2102 1543 2481 1611 conﬂuebant,
2511 1545 2607 1616 qui
2654 1550 3065 1605 controversias
3112 1549 3367 1605 decidere
3413 1551 3690 1616 volebant,

2106 1638 2420 1694 necessario
2449 1638 2554 1695 hoc
2581 1640 2750 1695 etiam
2795 1641 3070 1712 Propheta
3102 1642 3376 1713 praedixit,
3404 1641 3522 1699 fore
3546 1652 3605 1699 ut
3633 1644 3688 1699 in

2108 1728 2415 1784 Samariam
2442 1730 2630 1786 decem
2683 1732 2858 1787 tribus
2910 1747 3020 1788 non
3061 1732 3364 1799 conﬂuant,
3400 1735 3497 1790 sed
3550 1735 3694 1791 sicut

416 1793 604 1873 ιῖικιιῖνο⁷
638 1817 788 1889 εἶχον
823 1793 1060 1883 ’ἀκλινὲς
1108 1793 1510 1890 δικαστήριον,-
1532 1820 1677 1875 οὕτω
1725 1822 1821 1875 καὶ
1859 1822 1999 1893 μετὰ

2110 1819 2324 1876 Davidis
2354 1829 2599 1890 tempore
2628 1820 2761 1876 illud
2797 1822 3080 1878 habebant
3112 1793 3395 1879 immobile
3428 1824 3690 1893 tribunal,

414 1910 520 1984 τήν
544 1909 804 1963 ἐπάνοδον
832 1911 950 1964 lusi
978 1908 1223 1973 ἅπαντες
1254 1908 1731 1983 ἁθροισθήσονται.

490 2000 567 2067 ς’.
612 2020 630 2054 ι
687 2001 1033 2072 Ἐρωτήσατε
1078 2000 1144 2072 δὴ
1186 2002 1255 2055 τὰ
1288 2002 1368 2066 εις
1410 2002 1633 2072 εἰρήνην
1661 2002 1760 2074 τὴν
1803 2002 2002 2072 Ἰερου-

419 2094 626 2167 σαλὴμ,
661 2098 757 2148 καὶ
802 2095 849 2128 ’⁸
899 2094 1128 2163 εὖθηνία
1173 2096 1292 2158 τοῖς
1344 2094 1602 2163 ἀγαπῶσι
1651 2112 1732 2148 σε.
1777 2114 1795 2147 ι
1850 2097 1910 2149 '0
1943 2093 2002 2148 δὲ

420 2187 724 2259 Σύμμαχος
753 2186 929 2252 οὕτως
948 2204 961 2218 ·
1007 2186 1388 2243 Ἀσπάσασθε
1416 2187 1534 2257 τὴν
1577 2187 2000 2255 Ἰερουσαλὴμ,

417 2280 845 2350 ἠρεμήσουσιν
876 2282 929 2333 οι
965 2277 1313 2348 drancis-ttig-
1345 2294 1439 2342 σε,
1469 2279 1591 2332 ἀντὶ
1613 2283 1731 2345 τοῦ,
1764 2280 2004 2351 Εἰρήνης

418 2370 831 2433 ἀπολαύσαντες
868 2368 1110 2439 βαθείας,
1147 2368 1478 2422 ἀσπάσασθε
1514 2370 1613 2439 τὴν
1660 2370 1873 2439 οἴκησιν
1906 2370 2006 2440 τῆς

430 2463 820 2535 Ἰερουσαλήμ.
864 2463 952 2515 Ἐν
980 2461 1130 2533 πάσῃ
1152 2462 1262 2533 γὰρ
1282 2462 1524 2533 θυμηδίᾳ
1550 2463 1600 2515 οἱ
1630 2461 1838 2534 ταύτην
1869 2463 2006 2531 ἁγα-

421 2556 634 2620 πῶντες
663 2544 990 2615 διᾶτελοῦσι.

493 2648 560 2713 ζ’.
604 2668 621 2699 ι
662 2646 912 2701 Γενέσθω
956 2646 1014 2699 δὲ
1044 2644 1090 2676 ⁸³
1117 2644 1310 2717 εἰρήνη
1339 2646 1398 2697 ἐν
1433 2644 1481 2676 ’⁵
1515 2647 1584 2716 τῇ
1631 2644 1859 2714 δυνάμει
1890 2663 2004 2712 σου,

419 2739 521 2793 καὶ
550 2738 781 2807 εὐθηνία
807 2739 867 2789 ἐν
901 2738 1021 2800 ταῖς
1051 2734 1431 2806 πυργοόἁρεσί
1468 2752 1583 2789 σου.
1626 2754 1645 2786 δ
1693 2737 1750 2791 '0
1776 2736 1833 2789 δὲ
1861 2736 2007 2805 Σύμ-

425 2844 603 2900 μαχος
640 2828 847 2892 οὕτως·
901 2828 1012 2895 Ετη
1056 2828 1264 2896 εἰρήνη
1309 2827 1381 2880 ἐν
1420 2825 1503 2892 τῷ
1539 2829 1833 2895 περιδέλῳ
1864 2842 2005 2890 σου,

419 2922 657 2991 ἡσυχία
704 2921 776 2974 ἐν
824 2919 949 2985 τοῖς
980 2920 1322 2984 βασιλείοις
1361 2933 1500 2972 σου.
1574 2919 1898 2989 Ἐπεύχεται
1947 2919 2007 2971 δὲ

421 3016 564 3085 αὐτῇ
587 3016 617 3067 6
646 3013 788 3076 θεῖος
817 3013 984 3066 Δαϐὶδ
1002 3013 1070 3065 τὰ
1095 3012 1300 3079 ἀγαθὰ,
1333 3011 1475 3065 ὥστε
1496 3012 1599 3065 καὶ
1626 3012 1754 3074 τοὺς
1787 3011 2008 3080 περιϐὁο

2103 1913 2187 1969 sic
2213 1913 2379 1967 etiam
2409 1921 2535 1983 post
2569 1912 2808 1967 reditum
2839 1912 2915 1968 ibi
2948 1927 3145 1969 omnes
3175 1916 3531 1969 conveniant.

2174 2003 2338 2059 Vsus.
2369 2002 2423 2057 6.
2472 2022 2493 2055 ι
2525 2002 2733 2074 Rogata
2770 2018 2895 2073 quae
2941 2003 3011 2058 ad
3059 2018 3253 2074 pacem
3301 2002 3695 2075 Hierosolyma:

2107 2093 2334 2161 faciunt,
2366 2104 2420 2150 et
2451 2094 2789 2149 abundantia
2817 2094 3179 2163 diligentibus
3207 2104 3279 2150 te.
3313 2112 3333 2147 ο
3375 2097 3393 2118 ‘
3438 2094 3695 2164 Symma-

2105 2188 2244 2243 chus
2292 2187 2415 2242 sic:
2455 2186 2853 2255 Amplectt'mt'ni
2901 2183 3332 2257 Hierosolymam
3358 2224 3375 2252 ,
3428 2188 3694 2256 quiescent

2103 2281 2195 2348 qui
2239 2278 2468 2349 diligunt
2500 2288 2584 2342 te;
2632 2278 2738 2332 hoc
2764 2287 2869 2345 est,
2901 2290 3027 2332 cum
3064 2276 3337 2347 profunda
3372 2293 3506 2349 pace
3537 2278 3692 2348 potiti

2105 2369 2319 2425 inet-itis
2340 2412 2356 2434 ,
2397 2368 2789 2439 Hierosolyma).
2820 2367 3217 2424 habitationem
3251 2369 3647 2439 amplectimini
3677 2385 3691 2421 :

2105 2461 2547 2532 quandoquidem
2581 2460 2638 2514 in
2670 2458 2820 2514 omni
2861 2458 3071 2526 laetitia,
3099 2460 3194 2531 qui
3240 2460 3383 2517 hanc
3423 2461 3692 2530 diligent,

2107 2554 2325 2622 degent.

2180 2641 2342 2697 Vens.
2377 2641 2429 2696 7.
2477 2659 2497 2693 ι
2521 2642 2607 2698 Sit
2636 2656 2739 2712 pax
2771 2641 2826 2698 in
2857 2642 3063 2699 virtute
3096 2651 3188 2698 tua
3211 2682 3226 2709 ,
3257 2651 3314 2699 et
3358 2644 3695 2698 abundantia

2108 2734 2162 2788 in
2196 2734 2440 2789 turribus
2475 2734 2605 2789 tuis.
2639 2751 2660 2785 ι
2696 2733 3065 2803 Symmachus
3091 2743 3277 2789 autem
3321 2734 3441 2790 sic:
3491 2734 3608 2788 Pax
3641 2735 3698 2788 in

2109 2822 2364 2877 meatibus
2392 2824 2500 2877 tuis
2525 2823 2616 2888 sit,
2645 2822 2809 2877 robur
2829 2823 2886 2876 in
2920 2823 3027 2877 tuis
3058 2825 3216 2895 regiis
3245 2826 3509 2879 dantibus.
3549 2825 3696 2877 Bona

2110 2925 2292 2969 autem
2339 2916 2444 2985 ipsi
2478 2926 2739 2986 precatur
2771 2914 2993 2971 divinus
3021 2915 3190 2971 David
3214 2957 3229 2983 ,
3264 2927 3323 2972 ut
3366 2925 3421 2971 et
3459 2917 3661 2972 mcenia
3684 2958 3700 2982 ,

2109 3016 2164 3060 et
2184 3005 2382 3062 domus
2407 3007 2571 3077 regiae
2594 3046 2611 3072 ,
2652 3016 2707 3062 et
2737 3006 3103 3063 habitationes
3136 2992 3262 3080 qua:
3292 3009 3343 3062 in
3392 3009 3510 3080 ipsa
3549 3017 3699 3074 sunt,

422 3106 576 3171 λους,
610 3105 705 3161 καὶ
733 3105 801 3159 τὰ
832 3104 1102 3176 βασίλεια,
1148 3103 1244 3159 καὶΙ
1271 3105 1369 3168 τὰς
1398 3104 1456 3156 ὲν
1483 3104 1620 3176 αὐτῇ
1663 3104 1865 3170 οἰκίας,
1896 3102 2007 3157 πά-

2110 3099 2259 3153 omni
2284 3113 2418 3170 pace
2446 3098 2728 3156 fruantur.

424 3216 532 3273 σης
562 3198 861 3254 ἀπολαύειν
893 3200 1139 3268 εἰρήνης.

492 3296 567 3361 η’,
606 3288 670 3344 θ’.
710 3306 731 3341 ι
778 3288 982 3342 Ἕνεκα
1011 3287 1120 3341 τῶν
1161 3286 1408 3355 ἀδελφῶν
1442 3303 1564 3358 μου,
1600 3286 1695 3341 καὶ
1727 3286 1835 3340 τῶν
1872 3283 2011 3357 πλη-

425 3381 545 3437 σίον
576 3396 677 3450 μου
724 3379 950 3434 ἐλάλουν
982 3379 1047 3447 δὴ
1091 3380 1315 3449 είρήνην
1345 3380 1474 3449 περὶ
1509 3376 1628 3433 σοῦ.
1672 3378 1881 3431 Ἕνεκα
1911 3377 2008 3431 τοῦ

425 3470 579 3524 οἴκου
643 3472 852 3541 Κυρίου
901 3468 995 3523 τοῦ
1047 3470 1184 3522 Θεοῦ
1237 3471 1417 3539 ἡμῶν.
1470 3468 1777 3539 ὲξεζήτησα
1828 3469 2013 3535 ἀγαθά

428 3578 538 3615 σοι.
577 3580 598 3613 ›
647 3560 833 3615 Ταῦτα
868 3560 947 3619 δὲ,
981 3562 1168 3629 φησὶν,
1202 3558 1509 3632 ἐπεύχομαι
1541 3577 1644 3625 σοι,
1691 3560 1793 3612 οὐκ
1846 3558 2014 3620 αὐτὸς

428 3654 490 3706 ὲν
543 3652 627 3705 σοὶ
673 3651 1124 3723 πολιτευόμενος’
1156 3651 1272 3715 πῶς
1314 3653 1422 3722 γὰρ
1463 3653 1491 3704 ὃ
1538 3668 1602 3720 γε
1652 3651 1760 3722 πρὸ
1813 3649 2012 3703 πολλοῦ

430 3743 627 3816 χρόνου
673 3744 770 3798 τοῦ
830 3743 947 3814 βίου
990 3744 1052 3796 τὸ
1099 3749 1275 3812 πέρας
1327 3741 1656 3812 δεξάμενοςς
1702 3741 1837 3794 ἀλλὰ
1886 3741 2015 3802 τοὺς

428 3834 740 3907 ὁμοφύλους
772 3836 1117 3906 ίμειρόμενος
1162 3835 1388 3906 εἰρήνης
1425 3836 1634 3903 τυχεῖν.
1683 3834 1780 3886 καὶ
1808 3832 1899 3885 τὸν
1929 3826 2012 3887 οἷ·

430 3944 529 3982 κον
559 3930 652 3982 τοῦ
691 3927 828 3983 Θεοῦ
878 3945 983 3998 μου
1023 3929 1122 3999 τήν
1151 3927 1424 3997 προτέραν
1468 3925 1831 3995 περιφάνειαν
1873 3923 2011 3977 ἀπο-

431 4019 622 4073 λαβεῖν
652 4020 967 4090 ἐφιέμενος.

727 4152 993 4207 ΕΡΜΗΝ.
1034 4150 1172 4204 ΤΟΥ
1210 4149 1362 4203 ΡΚΒ¹
1398 4145 1722 4202 ΨΛΛΜΟΥ.

520 4284 539 4316 ι
742 4263 851 4316 τῶν
888 4261 1242 4333 ἀναϐαθμῶν.
1296 4260 1409 4314 Καὶ
1436 4259 1482 4291 ³⁸
1528 4252 1683 4321 οὗτος
1728 4259 1757 4310 6
1803 4254 2020 4327 ψαλμὸς

440 4357 549 4411 τῶν
571 4355 875 4428 τηνικαῦτα
905 4356 1127 4409 δικαίων
1160 4355 1405 4407 δείκνυσι
1433 4351 1531 4422 τὴν
1573 4348 1874 4403 εὐσέϐειαν.

2184 3276 2350 3333 Vsus.
2379 3277 2443 3345 8,
2479 3278 2534 3333 9.
2564 3295 2585 3331 ι
2612 3277 2843 3349 Propter
2872 3277 3072 3335 fratres
3121 3293 3277 3336 meos
3309 3287 3363 3334 et
3413 3279 3702 3349 proximos

2115 3384 2298 3435 meos,
2334 3370 2601 3439 loquebar
2631 3384 2824 3441 pacem
2859 3368 2929 3425 de
2956 3379 3031 3426 te.
3072 3369 3301 3441 Propter
3330 3370 3555 3426 domum
3589 3369 3701 3425 Do-

2117 3462 2251 3516 mini
2282 3460 2377 3516 Dei
2417 3462 2628 3529 nostri,
2662 3462 2889 3532 quazsivi
2918 3462 3068 3520 bona
3102 3463 3222 3518 tibi.
3255 3481 3274 3515 ι
3315 3460 3443 3518 llaec
3482 3472 3694 3523 autem.

2117 3556 2316 3627 inquit,
2345 3556 2443 3612 tibi
2471 3571 2689 3628 precor,
2718 3572 2831 3613 non
2854 3572 2957 3629 ego
2980 3557 3097 3629 ipse
3126 3558 3182 3612 in
3214 3566 3267 3613 te
3290 3557 3533 3628 degens:
3562 3572 3701 3628 quo-

2118 3649 2281 3704 modo
2308 3650 2455 3705 enim
2488 3649 2618 3715 ille,
2655 3648 2748 3719 qui
2790 3648 2965 3703 multo
2992 3655 3119 3702 ante
3153 3650 3313 3701 linem
3355 3647 3480 3701 vita:
3518 3662 3709 3702 susce-

2117 3740 2219 3809 pit,
2254 3738 2371 3793 haec
2401 3739 2585 3794 dicere
2622 3737 2846 3809 potest?
2888 3736 2987 3793 sed
3018 3736 3341 3792 desiderans
3382 3746 3445 3792 ut
3496 3738 3707 3792 contri-

2116 3829 2272 3909 bules
2304 3843 2437 3899 pace
2457 3828 2729 3894 fruantur,
2780 3837 2837 3885 et
2860 3835 3129 3899 exoptans
3159 3836 3221 3884 ut
3248 3830 3445 3885 domus
3475 3826 3570 3884 Dei
3597 3829 3705 3883 mei

2119 3921 2410 3992 pristinum
2447 3921 2795 3992 splendorem
2826 3922 3080 3992 recipiat.

2370 4141 2589 4215 ηδε
2623 4124 2905 4197 INTEBP.
2944 4138 3199 4197 PSALMl
3240 4136 3457 4195 cxxu.

2200 4275 2218 4308 ι
2250 4255 2533 4312 Canticum
2559 4255 2848 4328 graduum.
2874 4273 2893 4306 ι
2938 4253 3008 4309 Et
3043 4254 3133 4310 hic
3162 4254 3413 4325 psalmus
3442 4252 3702 4323 pietatem

2117 4349 2395 4421 iustorum
2425 4348 2573 4405 illius
2599 4349 2863 4419 temporis
2889 4348 3151 4405 ostendit.

508 4446 578 4501 α’.
613 4467 631 4499 ι
670 4449 809 4519 Πρὸς
859 4449 918 4501 σὲ
962 4443 1073 4519 ἦρα
1102 4449 1230 4509 τοὺς
1258 4444 1577 4515 ὀφθαλμούς
1611 4460 1736 4514 μου,
1766 4440 1857 4493 τὸν
1889 4456 2007 4492 κατ-

2198 4440 2363 4498 Vsas.
2400 4442 2451 4496 t.
2494 4460 2513 4492 ι
2541 4441 2621 4497 Ad
2648 4450 2701 4497 te
2729 4441 2905 4497 levavi
2934 4441 3129 4497 oculos
3157 4453 3330 4506 meos,
3364 4438 3460 4509 qui
3493 4438 3710 4494 habitas

437 4541 695 4594 οικοῦντα
727 4543 784 4592 ἐν
813 4540 893 4610 τῷ
920 4538 1159 4611 οὐρανῷ.
1214 4557 1233 4589 ι
1273 4538 1465 4606 Πάςης
1512 4533 1863 4605 ἀνθρωπίνης
1890 4532 2021 4604 βοη-

439 4631 589 4693 θείας
612 4634 1058 4701 καταφρονὴσας,
1086 4629 1180 4699 τὴν
1206 4630 1326 4698 σήν,
1352 4622 1396 4681 ὦ
1426 4628 1696 4690 Δέσποτα,
1724 4623 2022 4697 προσμένω

444 4722 641 4795 ῥοπὴν,
684 4723 777 4775 καί
813 4724 915 4791 τῆς
969 4723 1067 4791 σῆς
1117 4718 1374 4791 προνοίας
1422 4718 1766 4789 ὲξήρτημαι·
1820 4716 1879 4769 σὲ
1915 4715 2024 4784 γὰρ

2128 4534 2183 4589 iu
2221 4533 2384 4589 coelo.
2416 4552 2435 4584 ι
2487 4531 2663 4588 Omne
2713 4532 3014 4588 humanum
3059 4531 3329 4588 auxilium
3390 4544 3491 4599 pro
3540 4530 3714 4584 nihilo

2131 4626 2362 4690 habens,
2394 4634 2543 4680 tuam
2562 4666 2579 4691 ,
2603 4640 2637 4680 ο
2664 4623 2933 4692 Dominel,
2958 4639 3116 4695 opem
3150 4631 3440 4693 exspecto,
3468 4630 3524 4677 et
3554 4636 3584 4675 a
3619 4630 3713 4676 tua

2131 4700 2470 4788 providentia
2513 4718 2757 4788 pendeo:
2808 4726 2861 4773 te
2904 4717 3055 4773 enim
3106 4715 3237 4771 novi
3283 4730 3408 4771 esse
3450 4715 3716 4771 caelorum

440 4811 559 4866 οἶδα
595 4815 874 4883 Δεσπότην
910 4813 1018 4865 τῶν
1049 4812 1315 4884 οὐρανῶν.
1348 4812 1643 4864 Κατοικεϊν
1677 4808 1734 4861 δὲ
1762 4808 1925 4860 αὐτὸν
1966 4809 2007 4860 ὲκ

2136 4806 2451 4862 Dominum.
2501 4806 2685 4877 Ipsum
2730 4816 2913 4863 autem
2971 4806 3029 4861 in
3074 4806 3232 4863 caelis
3273 4805 3518 4861 habitare
3552 4804 3716 4869 dicit,

442 4901 660 4974 οὐρανῴ
685 4901 811 4971 ἕρη,
842 4903 939 4972 οὐχ
971 4902 1046 4964 ὡς
1074 4901 1222 4971 τόπῳ
1256 4898 1760 4972 περιγραφόμενον,
1809 4897 1922 4949 ἀλλ’
1954 4897 2030 4960 ὼς

2131 4915 2237 4956 non
2281 4900 2427 4955 velut
2459 4898 2581 4955 loco
2608 4898 3126 4969 circumscriptum,
3173 4897 3267 4953 sed
3311 4896 3476 4953 veluti
3526 4896 3713 4950 laetan-

443 4995 536 5049 τὸν
565 4996 610 5026 ²⁶
646 4994 901 5063 ἁορέιτοις
934 4994 1199 5065 δυνάμεσι
1229 4996 1346 5057 ταῖς
1377 4994 1467 5046 τὸν
1497 4991 1727 5063 οὐρανὸν
1752 4989 2007 5043 οἰκούσαις

2135 5001 2240 5046 tem
2282 4992 2351 5047 de
2383 4991 2753 5047 invisibilibus
2803 4991 3172 5062 potestatibus
3215 5005 3339 5062 quae
3367 4989 3533 5045 caelos
3561 4987 3716 5041 inco-

447 5086 980 5156 ἐπευίρραινόμενον.

515 5268 548 5311 b
585 5266 743 5323 Deut.
789 5282 893 5333 xu,
935 5265 990 5321 5.

2137 5084 2277 5137 lunt.

1575 5360 1807 5416 VARIAS
1847 5360 2227 5418 LECTIONES
2271 5359 2359 5414 ET
2393 5354 2628 5414 NOTAE.

2100 5591 2147 5624 ιδ

524 5527 570 5559 ἰ
617 5524 693 5579 ’0.
723 5523 801 5579 ιι).
831 5522 1150 5593 [παρειλκαῇ
1224 5524 1270 5554 ³³
1299 5520 1409 5576 Kal
1446 5553 1515 5562 —
1542 5522 1723 5591 ἀγαπ.
1756 5538 1848 5576 σε.
1883 5522 2007 5576 ιηιοειι

524 5612 640 5643 nat.)
671 5597 720 5643 oi.
753 5594 1079 5643 ἀγαπῶ-ηις
1119 5607 1198 5643 σε.
1228 5593 1275 5624 ⁸³
1310 5592 1440 5643 llec.
1470 5593 1628 5643 lectio
1654 5593 1708 5643 h.
1742 5594 1779 5643 Ι.
1804 5602 1906 5643 est.
1934 5592 1998 5643 δή

2110 5519 2474 5643 muluillitate
2507 5518 2761 5586 fruantur
2797 5518 2887 5587 qui
2922 5527 3103 5569 amant
3132 5525 3199 5568 te.
3233 5513 3438 5585 Symm.
3477 5510 3719 5595 Ἦρεμήο

2110 5591 2147 5624 ιδ
2185 5592 2198 5613 '
2234 5589 2288 5643 ’ν
2315 5589 2586 5643 εὐθηνία.
2618 5587 2782 5642 Ηαιπ.
2815 5590 2869 5640 in
2909 5584 3228 5639 antcnmrali
3266 5594 3375 5643 tuo,
3412 5582 3719 5643 tranquilli-

455 5612 640 5652 σουσιδ
671 5597 720 5649 οἱ
753 5592 1079 5662 ἀγαπῶντες
1119 5607 1198 5645 σε.
1228 5593 1275 5624 ⁸³
1310 5592 1440 5662 llec.
1470 5593 1628 5662 lectio
1654 5593 1708 5646 h.
1742 5594 1779 5645 Ι.
1804 5602 1906 5655 est,
1934 5592 2024 5661 δή.

2250 5607 2288 5643 ν
2315 5582 2586 5656 εὐθηνῖςι.
2618 5587 2782 5642 Ηαιπ.
2809 5582 2869 5640 in
2909 5584 3228 5656 antenmrali
3266 5582 3375 5649 tuo,
3412 5582 3721 5656 tranquilli-

457 5680 565 5722 tus.
639 5667 685 5697 ³⁸
720 5652 826 5720 Κᾰ)
851 5652 1275 5718 “audaciam
1308 5661 1430 5733 llaec
1455 5661 1672 5733 Origeni
1727 5652 2007 5716 tribuuntn

2110 5663 2228 5733 ιριιιΙ
2268 5652 2464 5733 ,Ουιτιζμ
2489 5652 2692 5733 Ι.ξε.,ρ.
2729 5658 2852 5713 538.
2905 5655 2982 5710 lta
3020 5670 3238 5725 quoque
3264 5670 3327 5709 ea
3362 5670 3482 5725 qua:
3529 5652 3719 5707 ultima

460 5746 587 5800 sunt
639 5737 704 5791 ad
745 5738 889 5791 hunc
930 5733 1220 5806 psalmum,
1256 5732 1609 5805 ἀντίστρεψον
1635 5762 1704 5773 ——
1733 5733 2018 5802 συμφοράς

2119 5729 2167 5763 ’θ
2205 5731 2335 5785 Τόν.
2366 5729 2488 5784 cod.
2522 5730 2540 5782 l
2575 5731 2715 5793 ταῖς.
