  <div class='ocr_page' id='page_1' title='image "/cluster/home/n/w/nwhite01/storage/ocr_20150623/80:no.1/coo.31924054869817/949.png"; bbox 0 0 4128 6438; ppageno 0'>
   <div class='ocr_carea' id='block_1_1' title="bbox 508 312 649 378">
    <p class='ocr_par' dir='ltr' id='par_1_1' title="bbox 508 312 649 378">
     <span class='ocr_line' id='line_1_1' title="bbox 508 312 649 378; baseline 0 0"><span class='ocrx_word' id='word_1_1' title='bbox 508 312 649 378; x_wconf 77' lang='grc'><strong>1883</strong></span> 
     </span>
    </p>
   </div>
   <div class='ocr_carea' id='block_1_2' title="bbox 1525 311 2808 377">
    <p class='ocr_par' dir='ltr' id='par_1_2' title="bbox 1525 311 2808 377">
     <span class='ocr_line' id='line_1_2' title="bbox 1525 311 2808 377; baseline -0.002 -3"><span class='ocrx_word' id='word_1_2' title='bbox 1525 315 2019 377; x_wconf 79' lang='lat' dir='ltr'><strong>TIIEODORETI</strong></span> <span class='ocrx_word' id='word_1_3' title='bbox 2060 315 2399 376; x_wconf 84' lang='lat' dir='ltr'><strong>EPISCOPI</strong></span> <span class='ocrx_word' id='word_1_4' title='bbox 2437 311 2808 375; x_wconf 75' lang='lat' dir='ltr'><strong>CYRENSIS</strong></span> 
     </span>
    </p>
   </div>
   <div class='ocr_carea' id='block_1_3' title="bbox 3643 310 3802 380">
    <p class='ocr_par' dir='ltr' id='par_1_3' title="bbox 3643 310 3802 380">
     <span class='ocr_line' id='line_1_3' title="bbox 3643 310 3802 380; baseline -0.013 -1"><span class='ocrx_word' id='word_1_5' title='bbox 3643 310 3802 380; x_wconf 62' lang='lat'><strong>1881</strong></span> 
     </span>
    </p>
   </div>
   <div class='ocr_carea' id='block_1_4' title="bbox 583 425 2108 500">
    <p class='ocr_par' dir='ltr' id='par_1_4' title="bbox 583 427 2100 485">
     <span class='ocr_line' id='line_1_4' title="bbox 583 427 2100 485; baseline 0 -3"><span class='ocrx_word' id='word_1_6' title='bbox 583 427 749 483; x_wconf 75' lang='lat' dir='ltr'><strong>Vens.</strong></span> <span class='ocrx_word' id='word_1_7' title='bbox 789 428 846 484; x_wconf 73' lang='grc'>2.</span> <span class='ocrx_word' id='word_1_8' title='bbox 911 447 929 473; x_wconf 76' lang='grc' dir='ltr'><strong>ι</strong></span> <span class='ocrx_word' id='word_1_9' title='bbox 973 427 1111 483; x_wconf 83' lang='lat' dir='ltr'><strong>Ecce</strong></span> <span class='ocrx_word' id='word_1_10' title='bbox 1160 427 1303 484; x_wconf 86' lang='lat' dir='ltr'><strong>sicut</strong></span> <span class='ocrx_word' id='word_1_11' title='bbox 1354 427 1500 483; x_wconf 86' lang='lat' dir='ltr'><strong>oeuli</strong></span> <span class='ocrx_word' id='word_1_12' title='bbox 1545 445 1837 485; x_wconf 77' lang='lat' dir='ltr'><strong>servorum</strong></span> <span class='ocrx_word' id='word_1_13' title='bbox 1907 429 2100 485; x_wconf 92' lang='lat' dir='ltr'><strong>intenti</strong></span> 
     </span>
    </p>
   </div>
   <div class='ocr_carea' id='block_1_5' title="bbox 2205 425 3800 500">
    <p class='ocr_par' dir='ltr' id='par_1_5' title="bbox 2277 425 3800 500">
     <span class='ocr_line' id='line_1_5' title="bbox 2277 425 3800 500; baseline -0.001 -16"><span class='ocrx_word' id='word_1_14' title='bbox 2277 429 2342 500; x_wconf 85' lang='grc' dir='ltr'><strong>β’.</strong></span> <span class='ocrx_word' id='word_1_15' title='bbox 2384 448 2402 480; x_wconf 77' lang='grc' dir='ltr'><strong>ι</strong></span> <span class='ocrx_word' id='word_1_16' title='bbox 2459 428 2592 482; x_wconf 77' lang='grc' dir='ltr'>Ἰδοὺ</span> <span class='ocrx_word' id='word_1_17' title='bbox 2626 428 2701 491; x_wconf 78' lang='grc' dir='ltr'><strong>ὡς</strong></span> <span class='ocrx_word' id='word_1_18' title='bbox 2755 425 3029 495; x_wconf 64' lang='grc' dir='ltr'>ὀφθαλμοὶ</span> <span class='ocrx_word' id='word_1_19' title='bbox 3072 425 3280 481; x_wconf 78' lang='grc' dir='ltr'>δούλων</span> <span class='ocrx_word' id='word_1_20' title='bbox 3329 427 3648 499; x_wconf 78' lang='grc' dir='ltr'>είς-χεῖρας</span> <span class='ocrx_word' id='word_1_21' title='bbox 3689 428 3800 483; x_wconf 82' lang='grc' dir='ltr'><strong>τῶν</strong></span> 
     </span>
    </p>
   </div>
   <div class='ocr_carea' id='block_1_6' title="bbox 511 521 2092 589">
    <p class='ocr_par' dir='ltr' id='par_1_6' title="bbox 511 521 2092 589">
     <span class='ocr_line' id='line_1_6' title="bbox 511 521 2092 589; baseline 0.001 -13"><span class='ocrx_word' id='word_1_22' title='bbox 511 531 639 576; x_wconf 92' lang='lat' dir='ltr'><strong>sunt</strong></span> <span class='ocrx_word' id='word_1_23' title='bbox 687 521 741 575; x_wconf 92' lang='lat' dir='ltr'><strong>in</strong></span> <span class='ocrx_word' id='word_1_24' title='bbox 794 537 990 577; x_wconf 89' lang='lat' dir='ltr'><strong>manus</strong></span> <span class='ocrx_word' id='word_1_25' title='bbox 1035 522 1387 576; x_wconf 88' lang='lat' dir='ltr'><strong>dominorum</strong></span> <span class='ocrx_word' id='word_1_26' title='bbox 1431 538 1658 578; x_wconf 91' lang='lat' dir='ltr'><strong>suorum</strong></span> <span class='ocrx_word' id='word_1_27' title='bbox 1693 563 1710 589; x_wconf 95' lang='lat'><strong>,</strong></span> <span class='ocrx_word' id='word_1_28' title='bbox 1759 524 1906 581; x_wconf 91' lang='lat' dir='ltr'><strong>sicut</strong></span> <span class='ocrx_word' id='word_1_29' title='bbox 1948 525 2092 579; x_wconf 90' lang='lat' dir='ltr'><strong>oculi</strong></span> 
     </span>
    </p>
   </div>
   <div class='ocr_carea' id='block_1_7' title="bbox 511 611 2092 679">
    <p class='ocr_par' dir='ltr' id='par_1_7' title="bbox 511 611 2092 679">
     <span class='ocr_line' id='line_1_7' title="bbox 511 611 2092 679; baseline 0.003 -13"><span class='ocrx_word' id='word_1_30' title='bbox 511 612 724 667; x_wconf 67' lang='lat' dir='ltr'><strong>ancilla:</strong></span> <span class='ocrx_word' id='word_1_31' title='bbox 759 612 815 666; x_wconf 91' lang='lat' dir='ltr'><strong>in</strong></span> <span class='ocrx_word' id='word_1_32' title='bbox 847 629 1044 668; x_wconf 88' lang='lat' dir='ltr'><strong>manus</strong></span> <span class='ocrx_word' id='word_1_33' title='bbox 1076 611 1316 668; x_wconf 67' lang='lat' dir='ltr'><strong>domina:</strong></span> <span class='ocrx_word' id='word_1_34' title='bbox 1346 629 1492 679; x_wconf 67' lang='lat' dir='ltr'><strong>suae,</strong></span> <span class='ocrx_word' id='word_1_35' title='bbox 1541 614 1616 667; x_wconf 90' lang='lat' dir='ltr'><strong>ita</strong></span> <span class='ocrx_word' id='word_1_36' title='bbox 1652 614 1797 670; x_wconf 87' lang='lat' dir='ltr'><strong>oculi</strong></span> <span class='ocrx_word' id='word_1_37' title='bbox 1827 615 2006 672; x_wconf 79' lang='lat' dir='ltr'><strong>nostri</strong></span> <span class='ocrx_word' id='word_1_38' title='bbox 2039 616 2092 670; x_wconf 92' lang='lat' dir='ltr'><strong>in</strong></span> 
     </span>
    </p>
   </div>
   <div class='ocr_carea' id='block_1_8' title="bbox 513 703 2097 784">
    <p class='ocr_par' dir='ltr' id='par_1_8' title="bbox 513 703 2097 784">
     <span class='ocr_line' id='line_1_8' title="bbox 513 703 2097 784; baseline 0.004 -26"><span class='ocrx_word' id='word_1_39' title='bbox 513 703 804 759; x_wconf 89' lang='lat' dir='ltr'><strong>Dominum</strong></span> <span class='ocrx_word' id='word_1_40' title='bbox 855 704 1026 760; x_wconf 83' lang='lat' dir='ltr'><strong>Deum</strong></span> <span class='ocrx_word' id='word_1_41' title='bbox 1084 715 1336 760; x_wconf 91' lang='lat' dir='ltr'><strong>nostrum</strong></span> <span class='ocrx_word' id='word_1_42' title='bbox 1393 705 1630 784; x_wconf 85' lang='lat' dir='ltr'><strong>(intenti</strong></span> <span class='ocrx_word' id='word_1_43' title='bbox 1671 710 1899 779; x_wconf 71' lang='lat' dir='ltr'><strong>sunt).r</strong></span> <span class='ocrx_word' id='word_1_44' title='bbox 1942 706 2097 764; x_wconf 90' lang='lat' dir='ltr'><strong>Sicut</strong></span> 
     </span>
    </p>
   </div>
   <div class='ocr_carea' id='block_1_9' title="bbox 510 796 2096 874">
    <p class='ocr_par' dir='ltr' id='par_1_9' title="bbox 510 796 2096 874">
     <span class='ocr_line' id='line_1_9' title="bbox 510 796 2096 874; baseline 0.006 -26"><span class='ocrx_word' id='word_1_45' title='bbox 510 796 680 861; x_wconf 90' lang='lat' dir='ltr'><strong>enim,</strong></span> <span class='ocrx_word' id='word_1_46' title='bbox 713 797 910 868; x_wconf 77' lang='lat' dir='ltr'><strong>inquit,</strong></span> <span class='ocrx_word' id='word_1_47' title='bbox 953 797 1140 851; x_wconf 81' lang='lat' dir='ltr'><strong>famuli</strong></span> <span class='ocrx_word' id='word_1_48' title='bbox 1171 799 1239 852; x_wconf 87' lang='lat' dir='ltr'><strong>ad</strong></span> <span class='ocrx_word' id='word_1_49' title='bbox 1279 799 1632 859; x_wconf 72' lang='lat' dir='ltr'><strong>dom’nornm</strong></span> <span class='ocrx_word' id='word_1_50' title='bbox 1675 815 1870 856; x_wconf 90' lang='lat' dir='ltr'><strong>manus</strong></span> <span class='ocrx_word' id='word_1_51' title='bbox 1917 803 2096 874; x_wconf 89' lang='lat' dir='ltr'><strong>respi-</strong></span> 
     </span>
    </p>
   </div>
   <div class='ocr_carea' id='block_1_10' title="bbox 510 887 2092 963">
    <p class='ocr_par' dir='ltr' id='par_1_10' title="bbox 510 887 2092 963">
     <span class='ocr_line' id='line_1_10' title="bbox 510 887 2092 963; baseline 0.006 -23"><span class='ocrx_word' id='word_1_52' title='bbox 510 887 696 952; x_wconf 89' lang='lat' dir='ltr'><strong>ciunt,</strong></span> <span class='ocrx_word' id='word_1_53' title='bbox 732 898 916 956; x_wconf 84' lang='lat' dir='ltr'><strong>utpote</strong></span> <span class='ocrx_word' id='word_1_54' title='bbox 943 890 1036 958; x_wconf 85' lang='lat' dir='ltr'><strong>qui</strong></span> <span class='ocrx_word' id='word_1_55' title='bbox 1083 889 1204 943; x_wconf 63' lang='lat' dir='ltr'><strong>vitae</strong></span> <span class='ocrx_word' id='word_1_56' title='bbox 1243 901 1584 946; x_wconf 77' lang='lat' dir='ltr'><strong>commeatus</strong></span> <span class='ocrx_word' id='word_1_57' title='bbox 1619 891 1744 946; x_wconf 90' lang='lat' dir='ltr'><strong>inde</strong></span> <span class='ocrx_word' id='word_1_58' title='bbox 1775 892 2092 963; x_wconf 87' lang='lat' dir='ltr'><strong>accipiunt:</strong></span> 
     </span>
    </p>
   </div>
   <div class='ocr_carea' id='block_1_11' title="bbox 511 978 2097 1054">
    <p class='ocr_par' dir='ltr' id='par_1_11' title="bbox 511 978 2097 1054">
     <span class='ocr_line' id='line_1_11' title="bbox 511 978 2097 1054; baseline 0.006 -24"><span class='ocrx_word' id='word_1_59' title='bbox 511 978 592 1032; x_wconf 88' lang='lat' dir='ltr'><strong>sic</strong></span> <span class='ocrx_word' id='word_1_60' title='bbox 623 989 677 1033; x_wconf 91' lang='lat' dir='ltr'><strong>et</strong></span> <span class='ocrx_word' id='word_1_61' title='bbox 709 995 810 1034; x_wconf 92' lang='lat' dir='ltr'><strong>nos</strong></span> <span class='ocrx_word' id='word_1_62' title='bbox 839 1020 852 1042; x_wconf 90' lang='lat'><strong>,</strong></span> <span class='ocrx_word' id='word_1_63' title='bbox 887 979 1116 1035; x_wconf 81' lang='lat' dir='ltr'><strong>Domine</strong></span> <span class='ocrx_word' id='word_1_64' title='bbox 1137 1021 1151 1044; x_wconf 91' lang='lat'><strong>,</strong></span> <span class='ocrx_word' id='word_1_65' title='bbox 1183 996 1213 1034; x_wconf 91' lang='lat' dir='ltr'><strong>a</strong></span> <span class='ocrx_word' id='word_1_66' title='bbox 1250 990 1300 1036; x_wconf 89' lang='lat' dir='ltr'><strong>te</strong></span> <span class='ocrx_word' id='word_1_67' title='bbox 1335 981 1602 1036; x_wconf 91' lang='lat' dir='ltr'><strong>bonorum</strong></span> <span class='ocrx_word' id='word_1_68' title='bbox 1645 981 1883 1038; x_wconf 80' lang='lat' dir='ltr'><strong>fructum</strong></span> <span class='ocrx_word' id='word_1_69' title='bbox 1916 987 2097 1054; x_wconf 89' lang='lat' dir='ltr'><strong>perci-</strong></span> 
     </span>
    </p>
   </div>
   <div class='ocr_carea' id='block_1_12' title="bbox 510 1072 2098 1145">
    <p class='ocr_par' dir='ltr' id='par_1_12' title="bbox 510 1072 2098 1145">
     <span class='ocr_line' id='line_1_12' title="bbox 510 1072 2098 1145; baseline 0.003 -19"><span class='ocrx_word' id='word_1_70' title='bbox 510 1086 640 1141; x_wconf 83' lang='lat' dir='ltr'><strong>pere</strong></span> <span class='ocrx_word' id='word_1_71' title='bbox 674 1072 1074 1142; x_wconf 83' lang='lat' dir='ltr'><strong>praestolamnr.</strong></span> <span class='ocrx_word' id='word_1_72' title='bbox 1116 1073 1344 1128; x_wconf 71' lang='lat' dir='ltr'><strong>Ancilla:</strong></span> <span class='ocrx_word' id='word_1_73' title='bbox 1375 1073 1545 1143; x_wconf 81' lang='lat' dir='ltr'><strong>igitur</strong></span> <span class='ocrx_word' id='word_1_74' title='bbox 1586 1089 1694 1139; x_wconf 88' lang='lat' dir='ltr'><strong>non</strong></span> <span class='ocrx_word' id='word_1_75' title='bbox 1734 1089 1831 1145; x_wconf 89' lang='lat' dir='ltr'><strong>per</strong></span> <span class='ocrx_word' id='word_1_76' title='bbox 1862 1077 2098 1132; x_wconf 89' lang='lat' dir='ltr'><strong>tautolo-</strong></span> 
     </span>
    </p>
   </div>
   <div class='ocr_carea' id='block_1_13' title="bbox 509 1162 2094 1241">
    <p class='ocr_par' dir='ltr' id='par_1_13' title="bbox 509 1162 2094 1241">
     <span class='ocr_line' id='line_1_13' title="bbox 509 1162 2094 1241; baseline 0.006 -27"><span class='ocrx_word' id='word_1_77' title='bbox 509 1162 655 1231; x_wconf 83' lang='lat' dir='ltr'><strong>giam</strong></span> <span class='ocrx_word' id='word_1_78' title='bbox 686 1164 953 1227; x_wconf 78' lang='grc' dir='ltr'>ιηειιιὶιιὶι,</span> <span class='ocrx_word' id='word_1_79' title='bbox 977 1164 1073 1241; x_wconf 84' lang='lat' dir='ltr'><strong>sed</strong></span> <span class='ocrx_word' id='word_1_80' title='bbox 1105 1172 1164 1218; x_wconf 92' lang='lat' dir='ltr'><strong>ut</strong></span> <span class='ocrx_word' id='word_1_81' title='bbox 1194 1163 1425 1220; x_wconf 70' lang='lat' dir='ltr'><strong>allectus</strong></span> <span class='ocrx_word' id='word_1_82' title='bbox 1457 1166 1888 1234; x_wconf 78' lang='lat' dir='ltr'><strong>magnitudinem</strong></span> <span class='ocrx_word' id='word_1_83' title='bbox 1911 1176 2094 1223; x_wconf 86' lang='lat' dir='ltr'><strong>osten-</strong></span> 
     </span>
    </p>
   </div>
   <div class='ocr_carea' id='block_1_14' title="bbox 431 1255 2096 1332">
    <p class='ocr_par' dir='ltr' id='par_1_14' title="bbox 431 1255 2096 1332">
     <span class='ocr_line' id='line_1_14' title="bbox 431 1255 2096 1332; baseline 0.007 -27"><span class='ocrx_word' id='word_1_84' title='bbox 431 1300 438 1305; x_wconf 91' lang='lat'><strong>.</strong></span> <span class='ocrx_word' id='word_1_85' title='bbox 510 1255 684 1311; x_wconf 89' lang='lat' dir='ltr'><strong>deret.</strong></span> <span class='ocrx_word' id='word_1_86' title='bbox 721 1256 896 1327; x_wconf 81' lang='lat' dir='ltr'><strong>Magis</strong></span> <span class='ocrx_word' id='word_1_87' title='bbox 935 1259 1080 1311; x_wconf 90' lang='lat' dir='ltr'><strong>enim</strong></span> <span class='ocrx_word' id='word_1_88' title='bbox 1113 1259 1357 1323; x_wconf 79' lang='lat' dir='ltr'><strong>ancillae,</strong></span> <span class='ocrx_word' id='word_1_89' title='bbox 1404 1261 1421 1280; x_wconf 83' lang='lat'>&#39;</span> <span class='ocrx_word' id='word_1_90' title='bbox 1469 1275 1636 1330; x_wconf 87' lang='lat' dir='ltr'><strong>quam</strong></span> <span class='ocrx_word' id='word_1_91' title='bbox 1677 1262 1857 1328; x_wconf 81' lang='lat' dir='ltr'><strong>servi,</strong></span> <span class='ocrx_word' id='word_1_92' title='bbox 1894 1261 2096 1332; x_wconf 87' lang='lat' dir='ltr'><strong>quippe</strong></span> 
     </span>
    </p>
   </div>
   <div class='ocr_carea' id='block_1_15' title="bbox 510 1350 2094 1417">
    <p class='ocr_par' dir='ltr' id='par_1_15' title="bbox 510 1350 2094 1417">
     <span class='ocr_line' id='line_1_15' title="bbox 510 1350 2094 1417; baseline 0.005 -17"><span class='ocrx_word' id='word_1_93' title='bbox 510 1365 632 1417; x_wconf 74' lang='lat' dir='ltr'><strong>quae</strong></span> <span class='ocrx_word' id='word_1_94' title='bbox 662 1350 922 1403; x_wconf 79' lang='lat' dir='ltr'><strong>COIIlIlllle</strong></span> <span class='ocrx_word' id='word_1_95' title='bbox 950 1360 1241 1405; x_wconf 83' lang='lat' dir='ltr'><strong>versantur</strong></span> <span class='ocrx_word' id='word_1_96' title='bbox 1271 1351 1325 1405; x_wconf 92' lang='lat' dir='ltr'><strong>in</strong></span> <span class='ocrx_word' id='word_1_97' title='bbox 1355 1352 1627 1408; x_wconf 79' lang='lat' dir='ltr'><strong>cubiculis</strong></span> <span class='ocrx_word' id='word_1_98' title='bbox 1657 1367 1884 1408; x_wconf 90' lang='lat' dir='ltr'><strong>suarum</strong></span> <span class='ocrx_word' id='word_1_99' title='bbox 1912 1352 2094 1408; x_wconf 86' lang='lat' dir='ltr'><strong>domi-</strong></span> 
     </span>
    </p>
   </div>
   <div class='ocr_carea' id='block_1_16' title="bbox 511 1441 2093 1507">
    <p class='ocr_par' dir='ltr' id='par_1_16' title="bbox 511 1441 2093 1507">
     <span class='ocr_line' id='line_1_16' title="bbox 511 1441 2093 1507; baseline 0.006 -15"><span class='ocrx_word' id='word_1_100' title='bbox 511 1455 732 1505; x_wconf 86' lang='lat' dir='ltr'><strong>narum,</strong></span> <span class='ocrx_word' id='word_1_101' title='bbox 762 1442 829 1496; x_wconf 90' lang='lat' dir='ltr'><strong>ad</strong></span> <span class='ocrx_word' id='word_1_102' title='bbox 862 1443 962 1497; x_wconf 90' lang='lat' dir='ltr'><strong>has</strong></span> <span class='ocrx_word' id='word_1_103' title='bbox 995 1441 1278 1498; x_wconf 82' lang='lat' dir='ltr'><strong>attendere</strong></span> <span class='ocrx_word' id='word_1_104' title='bbox 1308 1443 1516 1507; x_wconf 85' lang='lat' dir='ltr'><strong>solent,</strong></span> <span class='ocrx_word' id='word_1_105' title='bbox 1546 1454 1602 1499; x_wconf 88' lang='lat' dir='ltr'><strong>et</strong></span> <span class='ocrx_word' id='word_1_106' title='bbox 1631 1459 1826 1500; x_wconf 86' lang='lat' dir='ltr'><strong>carum</strong></span> <span class='ocrx_word' id='word_1_107' title='bbox 1855 1444 2093 1501; x_wconf 90' lang='lat' dir='ltr'><strong>benevo-</strong></span> 
     </span>
    </p>
   </div>
   <div class='ocr_carea' id='block_1_17' title="bbox 513 1530 2088 1605">
    <p class='ocr_par' dir='ltr' id='par_1_17' title="bbox 513 1530 2088 1605">
     <span class='ocr_line' id='line_1_17' title="bbox 513 1530 2088 1605; baseline 0.004 -21"><span class='ocrx_word' id='word_1_108' title='bbox 513 1530 736 1585; x_wconf 86' lang='lat' dir='ltr'><strong>Ientiam</strong></span> <span class='ocrx_word' id='word_1_109' title='bbox 791 1545 1045 1602; x_wconf 80' lang='lat' dir='ltr'><strong>expetere</strong></span> <span class='ocrx_word' id='word_1_110' title='bbox 1083 1551 1098 1588; x_wconf 90' lang='lat'><strong>:</strong></span> <span class='ocrx_word' id='word_1_111' title='bbox 1161 1553 1182 1587; x_wconf 79' lang='grc' dir='ltr'><strong>ι</strong></span> <span class='ocrx_word' id='word_1_112' title='bbox 1218 1535 1402 1591; x_wconf 88' lang='lat' dir='ltr'><strong>Donec</strong></span> <span class='ocrx_word' id='word_1_113' title='bbox 1451 1536 1782 1605; x_wconf 80' lang='lat' dir='ltr'><strong>misereatur</strong></span> <span class='ocrx_word' id='word_1_114' title='bbox 1830 1537 2026 1593; x_wconf 83' lang='lat' dir='ltr'><strong>nostri.</strong></span> <span class='ocrx_word' id='word_1_115' title='bbox 2067 1557 2088 1590; x_wconf 74' lang='grc' dir='ltr'><strong>ι</strong></span> 
     </span>
    </p>
   </div>
   <div class='ocr_carea' id='block_1_18' title="bbox 514 1623 2094 1697">
    <p class='ocr_par' dir='ltr' id='par_1_18' title="bbox 514 1623 2094 1697">
     <span class='ocr_line' id='line_1_18' title="bbox 514 1623 2094 1697; baseline 0.007 -22"><span class='ocrx_word' id='word_1_116' title='bbox 514 1623 637 1675; x_wconf 80' lang='lat' dir='ltr'><strong>Non</strong></span> <span class='ocrx_word' id='word_1_117' title='bbox 671 1624 815 1677; x_wconf 83' lang='lat' dir='ltr'><strong>enim</strong></span> <span class='ocrx_word' id='word_1_118' title='bbox 849 1627 1169 1696; x_wconf 75' lang='lat' dir='ltr'><strong>praescripto</strong></span> <span class='ocrx_word' id='word_1_119' title='bbox 1197 1638 1438 1696; x_wconf 89' lang='lat' dir='ltr'><strong>tempore</strong></span> <span class='ocrx_word' id='word_1_120' title='bbox 1467 1643 1618 1697; x_wconf 69' lang='lat' dir='ltr'><strong>Spem</strong></span> <span class='ocrx_word' id='word_1_121' title='bbox 1647 1629 1964 1697; x_wconf 78' lang='lat' dir='ltr'><strong>deﬁnimus,</strong></span> <span class='ocrx_word' id='word_1_122' title='bbox 1995 1628 2094 1688; x_wconf 84' lang='lat' dir='ltr'><strong>sed</strong></span> 
     </span>
    </p>
   </div>
   <div class='ocr_carea' id='block_1_19' title="bbox 517 1717 1770 1783">
    <p class='ocr_par' dir='ltr' id='par_1_19' title="bbox 517 1717 1770 1783">
     <span class='ocr_line' id='line_1_19' title="bbox 517 1717 1770 1783; baseline 0.007 -17"><span class='ocrx_word' id='word_1_123' title='bbox 517 1724 922 1783; x_wconf 81' lang='lat' dir='ltr'><strong>exspectamus,</strong></span> <span class='ocrx_word' id='word_1_124' title='bbox 955 1717 1128 1774; x_wconf 87' lang='lat' dir='ltr'><strong>donec</strong></span> <span class='ocrx_word' id='word_1_125' title='bbox 1156 1718 1368 1773; x_wconf 81' lang='lat' dir='ltr'><strong>veniam</strong></span> <span class='ocrx_word' id='word_1_126' title='bbox 1402 1719 1770 1778; x_wconf 81' lang='lat' dir='ltr'><strong>obtineamus.</strong></span> 
     </span>
    </p>
   </div>
   <div class='ocr_carea' id='block_1_20' title="bbox 519 1889 2097 1965">
    <p class='ocr_par' dir='ltr' id='par_1_20' title="bbox 519 1889 2097 1965">
     <span class='ocr_line' id='line_1_20' title="bbox 519 1889 2097 1965; baseline 0.01 -22"><span class='ocrx_word' id='word_1_127' title='bbox 519 1914 530 1918; x_wconf 91' lang='lat'><strong>-</strong></span> <span class='ocrx_word' id='word_1_128' title='bbox 589 1889 758 1945; x_wconf 69' lang='lat' dir='ltr'><strong>Vens.</strong></span> <span class='ocrx_word' id='word_1_129' title='bbox 782 1894 832 1945; x_wconf 83' lang='grc'>5.</span> <span class='ocrx_word' id='word_1_130' title='bbox 855 1912 873 1942; x_wconf 77' lang='grc' dir='ltr'><strong>ι</strong></span> <span class='ocrx_word' id='word_1_131' title='bbox 903 1893 1155 1950; x_wconf 83' lang='lat' dir='ltr'><strong>Miserere</strong></span> <span class='ocrx_word' id='word_1_132' title='bbox 1184 1896 1382 1961; x_wconf 86' lang='lat' dir='ltr'><strong>nostri,</strong></span> <span class='ocrx_word' id='word_1_133' title='bbox 1422 1896 1673 1965; x_wconf 89' lang='lat' dir='ltr'><strong>Domine,</strong></span> <span class='ocrx_word' id='word_1_134' title='bbox 1710 1901 1970 1956; x_wconf 83' lang='lat' dir='ltr'><strong>miserere</strong></span> <span class='ocrx_word' id='word_1_135' title='bbox 1998 1917 2097 1956; x_wconf 88' lang='lat' dir='ltr'><strong>no-</strong></span> 
     </span>
    </p>
   </div>
   <div class='ocr_carea' id='block_1_21' title="bbox 521 1983 2103 2058">
    <p class='ocr_par' dir='ltr' id='par_1_21' title="bbox 521 1983 2103 2058">
     <span class='ocr_line' id='line_1_21' title="bbox 521 1983 2103 2058; baseline 0.007 -21"><span class='ocrx_word' id='word_1_136' title='bbox 521 1983 640 2037; x_wconf 80' lang='lat' dir='ltr'><strong>stri.</strong></span> <span class='ocrx_word' id='word_1_137' title='bbox 675 2003 694 2036; x_wconf 70' lang='grc' dir='ltr'><strong>ι</strong></span> <span class='ocrx_word' id='word_1_138' title='bbox 737 1983 1114 2055; x_wconf 67' lang='grc' dir='ltr'>ιιυιιιιιιιίεοιὶο</span> <span class='ocrx_word' id='word_1_139' title='bbox 1151 1988 1554 2058; x_wconf 84' lang='lat' dir='ltr'><strong>deprecationis</strong></span> <span class='ocrx_word' id='word_1_140' title='bbox 1594 1993 1834 2048; x_wconf 86' lang='lat' dir='ltr'><strong>studium</strong></span> <span class='ocrx_word' id='word_1_141' title='bbox 1873 1994 2103 2050; x_wconf 82' lang='lat' dir='ltr'><strong>demon-</strong></span> 
     </span>
    </p>
   </div>
   <div class='ocr_carea' id='block_1_22' title="bbox 519 2080 680 2125">
    <p class='ocr_par' dir='ltr' id='par_1_22' title="bbox 519 2080 680 2125">
     <span class='ocr_line' id='line_1_22' title="bbox 519 2080 680 2125; baseline 0.012 -2"><span class='ocrx_word' id='word_1_142' title='bbox 519 2080 680 2125; x_wconf 80' lang='lat' dir='ltr'><strong>strat.</strong></span> 
     </span>
    </p>
   </div>
   <div class='ocr_carea' id='block_1_23' title="bbox 597 2163 2100 2247">
    <p class='ocr_par' dir='ltr' id='par_1_23' title="bbox 597 2163 2100 2247">
     <span class='ocr_line' id='line_1_23' title="bbox 597 2163 2100 2247; baseline 0.011 -34"><span class='ocrx_word' id='word_1_143' title='bbox 597 2181 614 2213; x_wconf 85' lang='grc' dir='ltr'><strong>ι</strong></span> <span class='ocrx_word' id='word_1_144' title='bbox 647 2163 784 2229; x_wconf 82' lang='lat' dir='ltr'><strong>Quia</strong></span> <span class='ocrx_word' id='word_1_145' title='bbox 810 2165 966 2218; x_wconf 81' lang='lat' dir='ltr'><strong>valde</strong></span> <span class='ocrx_word' id='word_1_146' title='bbox 991 2166 1179 2235; x_wconf 87' lang='lat' dir='ltr'><strong>repleti</strong></span> <span class='ocrx_word' id='word_1_147' title='bbox 1210 2181 1405 2223; x_wconf 86' lang='lat' dir='ltr'><strong>sumus</strong></span> <span class='ocrx_word' id='word_1_148' title='bbox 1429 2179 1767 2240; x_wconf 89' lang='lat' dir='ltr'><strong>contemptu.</strong></span> <span class='ocrx_word' id='word_1_149' title='bbox 1801 2171 1993 2245; x_wconf 74' lang='grc' dir='ltr'>[νιιιε.</span> <span class='ocrx_word' id='word_1_150' title='bbox 2018 2176 2100 2247; x_wconf 63' lang='grc'><strong>4.]</strong></span> 
     </span>
    </p>
   </div>
   <div class='ocr_carea' id='block_1_24' title="bbox 521 2254 2105 2335">
    <p class='ocr_par' dir='ltr' id='par_1_24' title="bbox 521 2254 2105 2335">
     <span class='ocr_line' id='line_1_24' title="bbox 521 2254 2105 2335; baseline 0.01 -29"><span class='ocrx_word' id='word_1_151' title='bbox 521 2254 828 2310; x_wconf 80' lang='lat' dir='ltr'><strong>Admodum</strong></span> <span class='ocrx_word' id='word_1_152' title='bbox 859 2255 1062 2326; x_wconf 84' lang='lat' dir='ltr'><strong>repleta</strong></span> <span class='ocrx_word' id='word_1_153' title='bbox 1091 2268 1175 2314; x_wconf 87' lang='lat' dir='ltr'><strong>est</strong></span> <span class='ocrx_word' id='word_1_154' title='bbox 1205 2260 1385 2315; x_wconf 79' lang='lat' dir='ltr'><strong>anima</strong></span> <span class='ocrx_word' id='word_1_155' title='bbox 1419 2271 1632 2317; x_wconf 88' lang='lat' dir='ltr'><strong>nostra.</strong></span> <span class='ocrx_word' id='word_1_156' title='bbox 1673 2283 1692 2318; x_wconf 71' lang='grc' dir='ltr'><strong>ι</strong></span> <span class='ocrx_word' id='word_1_157' title='bbox 1731 2262 2105 2335; x_wconf 86' lang='lat' dir='ltr'><strong>Elllagitamus</strong></span> 
     </span>
    </p>
   </div>
   <div class='ocr_carea' id='block_1_25' title="bbox 525 2345 2103 2427">
    <p class='ocr_par' dir='ltr' id='par_1_25' title="bbox 525 2345 2103 2427">
     <span class='ocr_line' id='line_1_25' title="bbox 525 2345 2103 2427; baseline 0.009 -29"><span class='ocrx_word' id='word_1_158' title='bbox 525 2345 743 2417; x_wconf 65' lang='grc'><strong>1489</strong></span> <span class='ocrx_word' id='word_1_159' title='bbox 797 2358 1011 2414; x_wconf 87' lang='lat' dir='ltr'><strong>autem,</strong></span> <span class='ocrx_word' id='word_1_160' title='bbox 1043 2351 1155 2416; x_wconf 91' lang='lat' dir='ltr'><strong>ait,</strong></span> <span class='ocrx_word' id='word_1_161' title='bbox 1194 2351 1629 2408; x_wconf 85' lang='lat' dir='ltr'><strong>misericordiam</strong></span> <span class='ocrx_word' id='word_1_162' title='bbox 1651 2392 1667 2418; x_wconf 84' lang='lat'><strong>,</strong></span> <span class='ocrx_word' id='word_1_163' title='bbox 1697 2367 1806 2410; x_wconf 87' lang='lat' dir='ltr'><strong>non</strong></span> <span class='ocrx_word' id='word_1_164' title='bbox 1838 2364 2103 2427; x_wconf 83' lang='lat' dir='ltr'><strong>tanquam</strong></span> 
     </span>
    </p>
   </div>
   <div class='ocr_carea' id='block_1_26' title="bbox 521 2435 2102 2509">
    <p class='ocr_par' dir='ltr' id='par_1_26' title="bbox 521 2435 2102 2509">
     <span class='ocr_line' id='line_1_26' title="bbox 521 2435 2102 2509; baseline 0.007 -20"><span class='ocrx_word' id='word_1_165' title='bbox 521 2435 671 2505; x_wconf 82' lang='lat' dir='ltr'><strong>digni</strong></span> <span class='ocrx_word' id='word_1_166' title='bbox 702 2437 793 2500; x_wconf 86' lang='lat' dir='ltr'><strong>qui</strong></span> <span class='ocrx_word' id='word_1_167' title='bbox 823 2453 942 2490; x_wconf 88' lang='lat' dir='ltr'><strong>eam</strong></span> <span class='ocrx_word' id='word_1_168' title='bbox 978 2453 1417 2509; x_wconf 84' lang='lat' dir='ltr'><strong>consequamur,</strong></span> <span class='ocrx_word' id='word_1_169' title='bbox 1457 2443 1551 2497; x_wconf 87' lang='lat' dir='ltr'><strong>sed</strong></span> <span class='ocrx_word' id='word_1_170' title='bbox 1575 2443 1871 2498; x_wconf 89' lang='lat' dir='ltr'><strong>admodum</strong></span> <span class='ocrx_word' id='word_1_171' title='bbox 1901 2455 2102 2500; x_wconf 64' lang='lat' dir='ltr'><strong>contun</strong></span> 
     </span>
    </p>
   </div>
   <div class='ocr_carea' id='block_1_27' title="bbox 526 2525 2106 2599">
    <p class='ocr_par' dir='ltr' id='par_1_27' title="bbox 526 2525 2106 2599">
     <span class='ocr_line' id='line_1_27' title="bbox 526 2525 2106 2599; baseline 0.009 -22"><span class='ocrx_word' id='word_1_172' title='bbox 526 2525 738 2578; x_wconf 86' lang='lat' dir='ltr'><strong>meliusi</strong></span> <span class='ocrx_word' id='word_1_173' title='bbox 777 2525 926 2580; x_wconf 80' lang='lat' dir='ltr'><strong>facti.</strong></span> <span class='ocrx_word' id='word_1_174' title='bbox 969 2546 992 2578; x_wconf 83' lang='grc' dir='ltr'><strong>ι</strong></span> <span class='ocrx_word' id='word_1_175' title='bbox 1025 2525 1087 2596; x_wconf 66' lang='grc' dir='ltr'><strong>Ο,</strong></span> <span class='ocrx_word' id='word_1_176' title='bbox 1110 2529 1394 2598; x_wconf 75' lang='lat' dir='ltr'><strong>probi-ium</strong></span> <span class='ocrx_word' id='word_1_177' title='bbox 1425 2532 1854 2599; x_wconf 84' lang='lat' dir='ltr'><strong>abundantibus,</strong></span> <span class='ocrx_word' id='word_1_178' title='bbox 1881 2545 1934 2590; x_wconf 86' lang='lat' dir='ltr'><strong>et</strong></span> <span class='ocrx_word' id='word_1_179' title='bbox 1967 2551 2106 2591; x_wconf 84' lang='lat' dir='ltr'><strong>eon-</strong></span> 
     </span>
    </p>
   </div>
   <div class='ocr_carea' id='block_1_28' title="bbox 523 2620 2105 2692">
    <p class='ocr_par' dir='ltr' id='par_1_28' title="bbox 523 2620 2105 2692">
     <span class='ocr_line' id='line_1_28' title="bbox 523 2620 2105 2692; baseline 0.008 -22"><span class='ocrx_word' id='word_1_180' title='bbox 523 2625 762 2686; x_wconf 90' lang='lat' dir='ltr'><strong>temptus</strong></span> <span class='ocrx_word' id='word_1_181' title='bbox 790 2620 1063 2688; x_wconf 84' lang='lat' dir='ltr'><strong>superbis.</strong></span> <span class='ocrx_word' id='word_1_182' title='bbox 1099 2639 1118 2672; x_wconf 84' lang='grc'>›</span> <span class='ocrx_word' id='word_1_183' title='bbox 1159 2620 1525 2692; x_wconf 82' lang='lat' dir='ltr'><strong>Symmachus</strong></span> <span class='ocrx_word' id='word_1_184' title='bbox 1551 2625 1626 2679; x_wconf 89' lang='lat' dir='ltr'><strong>ita</strong></span> <span class='ocrx_word' id='word_1_185' title='bbox 1659 2627 1894 2682; x_wconf 79' lang='lat' dir='ltr'><strong>:Ant’ma</strong></span> <span class='ocrx_word' id='word_1_186' title='bbox 1918 2641 2105 2683; x_wconf 80' lang='lat' dir='ltr'><strong>nostra</strong></span> 
     </span>
    </p>
   </div>
   <div class='ocr_carea' id='block_1_29' title="bbox 520 2709 2106 2788">
    <p class='ocr_par' dir='ltr' id='par_1_29' title="bbox 520 2709 2106 2788">
     <span class='ocr_line' id='line_1_29' title="bbox 520 2709 2106 2788; baseline 0.009 -29"><span class='ocrx_word' id='word_1_187' title='bbox 520 2709 722 2761; x_wconf 74' lang='lat' dir='ltr'><strong>satiata</strong></span> <span class='ocrx_word' id='word_1_188' title='bbox 751 2721 828 2763; x_wconf 84' lang='lat' dir='ltr'><strong>est</strong></span> <span class='ocrx_word' id='word_1_189' title='bbox 852 2751 868 2775; x_wconf 95' lang='lat'><strong>,</strong></span> <span class='ocrx_word' id='word_1_190' title='bbox 913 2711 1310 2782; x_wconf 80' lang='lat' dir='ltr'><strong>obloquentibm</strong></span> <span class='ocrx_word' id='word_1_191' title='bbox 1342 2715 1424 2769; x_wconf 80' lang='lat' dir='ltr'><strong>his</strong></span> <span class='ocrx_word' id='word_1_192' title='bbox 1461 2716 1553 2784; x_wconf 78' lang='lat' dir='ltr'><strong>qui</strong></span> <span class='ocrx_word' id='word_1_193' title='bbox 1584 2715 1893 2783; x_wconf 81' lang='lat' dir='ltr'><strong>abundant,</strong></span> <span class='ocrx_word' id='word_1_194' title='bbox 1929 2720 2106 2788; x_wconf 70' lang='lat' dir='ltr'><strong>despi-</strong></span> 
     </span>
    </p>
   </div>
   <div class='ocr_carea' id='block_1_30' title="bbox 521 2799 2107 2876">
    <p class='ocr_par' dir='ltr' id='par_1_30' title="bbox 521 2799 2107 2876">
     <span class='ocr_line' id='line_1_30' title="bbox 521 2799 2107 2876; baseline 0.008 -24"><span class='ocrx_word' id='word_1_195' title='bbox 521 2799 778 2852; x_wconf 79' lang='lat' dir='ltr'><strong>cientibus</strong></span> <span class='ocrx_word' id='word_1_196' title='bbox 809 2801 1070 2869; x_wconf 78' lang='lat' dir='ltr'><strong>superbis.</strong></span> <span class='ocrx_word' id='word_1_197' title='bbox 1107 2802 1370 2872; x_wconf 88' lang='lat' dir='ltr'><strong>Superbis</strong></span> <span class='ocrx_word' id='word_1_198' title='bbox 1404 2806 1552 2860; x_wconf 88' lang='lat' dir='ltr'><strong>enim</strong></span> <span class='ocrx_word' id='word_1_199' title='bbox 1593 2805 1907 2876; x_wconf 75' lang='lat' dir='ltr'><strong>Babyloniis</strong></span> <span class='ocrx_word' id='word_1_200' title='bbox 1947 2809 2107 2865; x_wconf 88' lang='lat' dir='ltr'><strong>nobis</strong></span> 
     </span>
    </p>
   </div>
   <div class='ocr_carea' id='block_1_31' title="bbox 522 2891 2107 2964">
    <p class='ocr_par' dir='ltr' id='par_1_31' title="bbox 522 2891 2107 2964">
     <span class='ocr_line' id='line_1_31' title="bbox 522 2891 2107 2964; baseline 0.009 -21"><span class='ocrx_word' id='word_1_201' title='bbox 522 2891 935 2958; x_wconf 87' lang='lat' dir='ltr'><strong>insultantibus,</strong></span> <span class='ocrx_word' id='word_1_202' title='bbox 971 2901 1026 2948; x_wconf 90' lang='lat' dir='ltr'><strong>ct</strong></span> <span class='ocrx_word' id='word_1_203' title='bbox 1057 2897 1526 2964; x_wconf 70' lang='lat' dir='ltr'><strong>eXpI-obrantibus</strong></span> <span class='ocrx_word' id='word_1_204' title='bbox 1547 2937 1563 2963; x_wconf 85' lang='lat'><strong>,</strong></span> <span class='ocrx_word' id='word_1_205' title='bbox 1595 2914 1694 2955; x_wconf 92' lang='lat' dir='ltr'><strong>nos</strong></span> <span class='ocrx_word' id='word_1_206' title='bbox 1730 2902 1954 2956; x_wconf 88' lang='lat' dir='ltr'><strong>tristitia</strong></span> <span class='ocrx_word' id='word_1_207' title='bbox 1986 2901 2107 2957; x_wconf 76' lang='lat' dir='ltr'><strong>alii-</strong></span> 
     </span>
    </p>
   </div>
   <div class='ocr_carea' id='block_1_32' title="bbox 521 2982 2106 3065">
    <p class='ocr_par' dir='ltr' id='par_1_32' title="bbox 521 2982 2106 3065">
     <span class='ocr_line' id='line_1_32' title="bbox 521 2982 2106 3065; baseline 0.009 -29"><span class='ocrx_word' id='word_1_208' title='bbox 521 2982 721 3037; x_wconf 90' lang='lat' dir='ltr'><strong>cimur.</strong></span> <span class='ocrx_word' id='word_1_209' title='bbox 756 2985 1071 3040; x_wconf 86' lang='lat' dir='ltr'><strong>Secundum</strong></span> <span class='ocrx_word' id='word_1_210' title='bbox 1111 2987 1466 3059; x_wconf 78' lang='lat' dir='ltr'><strong>Septuaginta</strong></span> <span class='ocrx_word' id='word_1_211' title='bbox 1497 3006 1630 3045; x_wconf 91' lang='lat' dir='ltr'><strong>vero</strong></span> <span class='ocrx_word' id='word_1_212' title='bbox 1666 2993 1750 3048; x_wconf 90' lang='lat' dir='ltr'><strong>sie</strong></span> <span class='ocrx_word' id='word_1_213' title='bbox 1787 2993 2106 3065; x_wconf 78' lang='lat' dir='ltr'><strong>intelligen-</strong></span> 
     </span>
    </p>
   </div>
   <div class='ocr_carea' id='block_1_33' title="bbox 521 3073 2104 3149">
    <p class='ocr_par' dir='ltr' id='par_1_33' title="bbox 521 3073 2104 3149">
     <span class='ocr_line' id='line_1_33' title="bbox 521 3073 2104 3149; baseline 0.009 -21"><span class='ocrx_word' id='word_1_214' title='bbox 521 3073 652 3128; x_wconf 90' lang='lat' dir='ltr'><strong>dum</strong></span> <span class='ocrx_word' id='word_1_215' title='bbox 684 3085 768 3132; x_wconf 88' lang='lat' dir='ltr'><strong>est</strong></span> <span class='ocrx_word' id='word_1_216' title='bbox 796 3094 810 3129; x_wconf 76' lang='grc' dir='ltr'><strong>ε</strong></span> <span class='ocrx_word' id='word_1_217' title='bbox 855 3097 873 3130; x_wconf 83' lang='grc' dir='ltr'><strong>ι</strong></span> <span class='ocrx_word' id='word_1_218' title='bbox 911 3078 1280 3149; x_wconf 83' lang='lat' dir='ltr'><strong>Opprobrium</strong></span> <span class='ocrx_word' id='word_1_219' title='bbox 1313 3082 1744 3149; x_wconf 84' lang='lat' dir='ltr'><strong>abundantibus.</strong></span> <span class='ocrx_word' id='word_1_220' title='bbox 1773 3095 1828 3140; x_wconf 89' lang='lat' dir='ltr'><strong>et</strong></span> <span class='ocrx_word' id='word_1_221' title='bbox 1857 3096 2104 3142; x_wconf 82' lang='lat' dir='ltr'><strong>conteru—</strong></span> 
     </span>
    </p>
   </div>
   <div class='ocr_carea' id='block_1_34' title="bbox 521 3145 2180 3244">
    <p class='ocr_par' dir='ltr' id='par_1_34' title="bbox 521 3145 2180 3244">
     <span class='ocr_line' id='line_1_34' title="bbox 521 3145 2180 3244; baseline 0.011 -30"><span class='ocrx_word' id='word_1_222' title='bbox 521 3173 648 3232; x_wconf 84' lang='lat' dir='ltr'><strong>ptus</strong></span> <span class='ocrx_word' id='word_1_223' title='bbox 679 3145 1012 3234; x_wconf 31' lang='lat' dir='ltr'><strong>superbis;</strong></span> <span class='ocrx_word' id='word_1_224' title='bbox 1043 3167 1333 3235; x_wconf 80' lang='lat' dir='ltr'><strong>Convcrte,</strong></span> <span class='ocrx_word' id='word_1_225' title='bbox 1365 3173 1571 3244; x_wconf 90' lang='lat' dir='ltr'><strong>inquit,</strong></span> <span class='ocrx_word' id='word_1_226' title='bbox 1609 3145 1864 3240; x_wconf 85' lang='lat' dir='ltr'><strong>Domine,</strong></span> <span class='ocrx_word' id='word_1_227' title='bbox 1905 3193 2016 3242; x_wconf 88' lang='lat' dir='ltr'><strong>res,</strong></span> <span class='ocrx_word' id='word_1_228' title='bbox 2049 3186 2105 3232; x_wconf 91' lang='lat' dir='ltr'><strong>et</strong></span> <span class='ocrx_word' id='word_1_229' title='bbox 2133 3145 2180 3208; x_wconf 80' lang='lat' dir='ltr'>C</span> 
     </span>
    </p>
   </div>
   <div class='ocr_carea' id='block_1_35' title="bbox 522 3257 2108 3342">
    <p class='ocr_par' dir='ltr' id='par_1_35' title="bbox 522 3257 2108 3342">
     <span class='ocr_line' id='line_1_35' title="bbox 522 3257 2108 3342; baseline 0.009 -30"><span class='ocrx_word' id='word_1_230' title='bbox 522 3257 592 3313; x_wconf 89' lang='lat' dir='ltr'><strong>iis</strong></span> <span class='ocrx_word' id='word_1_231' title='bbox 637 3260 730 3328; x_wconf 90' lang='lat' dir='ltr'><strong>qui</strong></span> <span class='ocrx_word' id='word_1_232' title='bbox 775 3277 921 3315; x_wconf 89' lang='lat' dir='ltr'><strong>nunc</strong></span> <span class='ocrx_word' id='word_1_233' title='bbox 969 3262 1276 3320; x_wconf 83' lang='lat' dir='ltr'><strong>ell&#39;eruntur</strong></span> <span class='ocrx_word' id='word_1_234' title='bbox 1327 3276 1550 3337; x_wconf 87' lang='lat' dir='ltr'><strong>propter</strong></span> <span class='ocrx_word' id='word_1_235' title='bbox 1600 3267 1955 3338; x_wconf 78' lang='lat' dir='ltr'><strong>felicitatem,</strong></span> <span class='ocrx_word' id='word_1_236' title='bbox 1999 3287 2108 3342; x_wconf 88' lang='lat' dir='ltr'><strong>qua</strong></span> 
     </span>
    </p>
   </div>
   <div class='ocr_carea' id='block_1_36' title="bbox 522 3351 1820 3433">
    <p class='ocr_par' dir='ltr' id='par_1_36' title="bbox 522 3351 1820 3433">
     <span class='ocr_line' id='line_1_36' title="bbox 522 3351 1820 3433; baseline 0.008 -27"><span class='ocrx_word' id='word_1_237' title='bbox 522 3351 933 3421; x_wconf 77' lang='lat' dir='ltr'><strong>circumﬂuunt,</strong></span> <span class='ocrx_word' id='word_1_238' title='bbox 966 3367 1188 3412; x_wconf 88' lang='lat' dir='ltr'><strong>nostras</strong></span> <span class='ocrx_word' id='word_1_239' title='bbox 1230 3359 1578 3416; x_wconf 85' lang='lat' dir='ltr'><strong>calamitates</strong></span> <span class='ocrx_word' id='word_1_240' title='bbox 1615 3361 1820 3433; x_wconf 78' lang='lat' dir='ltr'><strong>irroga.</strong></span> 
     </span>
    </p>
   </div>
   <div class='ocr_carea' id='block_1_37' title="bbox 893 3571 1738 3666">
    <p class='ocr_par' dir='ltr' id='par_1_37' title="bbox 893 3571 1738 3666">
     <span class='ocr_line' id='line_1_37' title="bbox 893 3571 1738 3666; baseline 0.014 -39"><span class='ocrx_word' id='word_1_241' title='bbox 893 3572 1165 3632; x_wconf 81' lang='lat' dir='ltr'><strong>INTERP.</strong></span> <span class='ocrx_word' id='word_1_242' title='bbox 1187 3662 1190 3666; x_wconf 16' lang='lat' dir='ltr'><strong>I</strong></span> <span class='ocrx_word' id='word_1_243' title='bbox 1209 3578 1460 3637; x_wconf 65' lang='lat' dir='ltr'>PSALIII</span> <span class='ocrx_word' id='word_1_244' title='bbox 1499 3571 1738 3639; x_wconf 77' lang='lat' dir='ltr'>CXXIII.</span> 
     </span>
    </p>
   </div>
   <div class='ocr_carea' id='block_1_38' title="bbox 598 3705 2110 3786">
    <p class='ocr_par' dir='ltr' id='par_1_38' title="bbox 598 3705 2110 3786">
     <span class='ocr_line' id='line_1_38' title="bbox 598 3705 2110 3786; baseline 0.015 -26"><span class='ocrx_word' id='word_1_245' title='bbox 598 3705 767 3764; x_wconf 73' lang='lat' dir='ltr'><strong>Vens.</strong></span> <span class='ocrx_word' id='word_1_246' title='bbox 806 3710 859 3765; x_wconf 87' lang='lat' dir='ltr'><strong>I.</strong></span> <span class='ocrx_word' id='word_1_247' title='bbox 896 3729 914 3763; x_wconf 85' lang='grc' dir='ltr'><strong>ι</strong></span> <span class='ocrx_word' id='word_1_248' title='bbox 945 3710 1239 3769; x_wconf 84' lang='lat' dir='ltr'><strong>Canticum</strong></span> <span class='ocrx_word' id='word_1_249' title='bbox 1288 3718 1579 3786; x_wconf 84' lang='lat' dir='ltr'><strong>graduum.</strong></span> <span class='ocrx_word' id='word_1_250' title='bbox 1617 3739 1635 3774; x_wconf 74' lang='grc' dir='ltr'><strong>ι</strong></span> <span class='ocrx_word' id='word_1_251' title='bbox 1687 3721 1822 3779; x_wconf 83' lang='lat' dir='ltr'><strong>Post</strong></span> <span class='ocrx_word' id='word_1_252' title='bbox 1873 3725 2110 3782; x_wconf 87' lang='lat' dir='ltr'><strong>reditum</strong></span> 
     </span>
    </p>
   </div>
   <div class='ocr_carea' id='block_1_39' title="bbox 523 3799 2106 3878">
    <p class='ocr_par' dir='ltr' id='par_1_39' title="bbox 523 3799 2106 3878">
     <span class='ocr_line' id='line_1_39' title="bbox 523 3799 2106 3878; baseline 0.012 -22"><span class='ocrx_word' id='word_1_253' title='bbox 523 3815 556 3856; x_wconf 85' lang='lat' dir='ltr'><strong>e</strong></span> <span class='ocrx_word' id='word_1_254' title='bbox 587 3799 866 3872; x_wconf 87' lang='lat' dir='ltr'><strong>Babylone</strong></span> <span class='ocrx_word' id='word_1_255' title='bbox 886 3843 901 3868; x_wconf 97' lang='lat'><strong>,</strong></span> <span class='ocrx_word' id='word_1_256' title='bbox 931 3819 1128 3878; x_wconf 76' lang='lat' dir='ltr'><strong>oinnes</strong></span> <span class='ocrx_word' id='word_1_257' title='bbox 1170 3807 1388 3864; x_wconf 83' lang='lat' dir='ltr'><strong>ﬁnitimi</strong></span> <span class='ocrx_word' id='word_1_258' title='bbox 1409 3853 1422 3872; x_wconf 87' lang='lat'><strong>.</strong></span> <span class='ocrx_word' id='word_1_259' title='bbox 1449 3811 1767 3870; x_wconf 71' lang='lat' dir='ltr'><strong>Iudaeorum</strong></span> <span class='ocrx_word' id='word_1_260' title='bbox 1797 3817 2106 3874; x_wconf 89' lang='lat' dir='ltr'><strong>libertatem</strong></span> 
     </span>
    </p>
   </div>
   <div class='ocr_carea' id='block_1_40' title="bbox 525 3890 2109 3975">
    <p class='ocr_par' dir='ltr' id='par_1_40' title="bbox 525 3890 2109 3975">
     <span class='ocr_line' id='line_1_40' title="bbox 525 3890 2109 3975; baseline 0.013 -32"><span class='ocrx_word' id='word_1_261' title='bbox 525 3904 667 3960; x_wconf 68' lang='lat' dir='ltr'><strong>aegre</strong></span> <span class='ocrx_word' id='word_1_262' title='bbox 711 3890 990 3961; x_wconf 80' lang='lat' dir='ltr'><strong>ferentes,</strong></span> <span class='ocrx_word' id='word_1_263' title='bbox 1036 3901 1401 3955; x_wconf 86' lang='lat' dir='ltr'><strong>communiter</strong></span> <span class='ocrx_word' id='word_1_264' title='bbox 1453 3914 1646 3968; x_wconf 84' lang='lat' dir='ltr'><strong>contra</strong></span> <span class='ocrx_word' id='word_1_265' title='bbox 1700 3906 1851 3975; x_wconf 81' lang='lat' dir='ltr'><strong>ipsos</strong></span> <span class='ocrx_word' id='word_1_266' title='bbox 1905 3909 2109 3964; x_wconf 89' lang='lat' dir='ltr'><strong>bellum</strong></span> 
     </span>
    </p>
   </div>
   <div class='ocr_carea' id='block_1_41' title="bbox 526 3987 2114 4070">
    <p class='ocr_par' dir='ltr' id='par_1_41' title="bbox 526 3987 2114 4070">
     <span class='ocr_line' id='line_1_41' title="bbox 526 3987 2114 4070; baseline 0.013 -34"><span class='ocrx_word' id='word_1_267' title='bbox 526 3991 908 4051; x_wconf 82' lang='lat' dir='ltr'><strong>susceperunt,</strong></span> <span class='ocrx_word' id='word_1_268' title='bbox 930 3993 985 4040; x_wconf 91' lang='lat' dir='ltr'><strong>et</strong></span> <span class='ocrx_word' id='word_1_269' title='bbox 1008 3987 1270 4045; x_wconf 86' lang='lat' dir='ltr'><strong>barbaras</strong></span> <span class='ocrx_word' id='word_1_270' title='bbox 1293 4004 1482 4059; x_wconf 82' lang='lat' dir='ltr'><strong>gentes</strong></span> <span class='ocrx_word' id='word_1_271' title='bbox 1506 3994 1850 4064; x_wconf 74' lang='lat' dir='ltr'><strong>colligentes,</strong></span> <span class='ocrx_word' id='word_1_272' title='bbox 1876 3999 2114 4070; x_wconf 85' lang='lat' dir='ltr'><strong>conjun-</strong></span> 
     </span>
    </p>
   </div>
   <div class='ocr_carea' id='block_1_42' title="bbox 526 4071 2111 4156">
    <p class='ocr_par' dir='ltr' id='par_1_42' title="bbox 526 4071 2111 4156">
     <span class='ocr_line' id='line_1_42' title="bbox 526 4071 2111 4156; baseline 0.015 -32"><span class='ocrx_word' id='word_1_273' title='bbox 526 4071 628 4126; x_wconf 90' lang='lat' dir='ltr'><strong>ctis</strong></span> <span class='ocrx_word' id='word_1_274' title='bbox 653 4075 827 4144; x_wconf 84' lang='lat' dir='ltr'><strong>copiis</strong></span> <span class='ocrx_word' id='word_1_275' title='bbox 853 4076 1056 4132; x_wconf 91' lang='lat' dir='ltr'><strong>bellum</strong></span> <span class='ocrx_word' id='word_1_276' title='bbox 1089 4080 1197 4135; x_wconf 85' lang='lat' dir='ltr'><strong>illis</strong></span> <span class='ocrx_word' id='word_1_277' title='bbox 1229 4081 1552 4152; x_wconf 90' lang='lat' dir='ltr'><strong>intulerunt,</strong></span> <span class='ocrx_word' id='word_1_278' title='bbox 1587 4079 1875 4156; x_wconf 64' lang='lat' dir='ltr'><strong>sperantcs</strong></span> <span class='ocrx_word' id='word_1_279' title='bbox 1906 4089 2028 4147; x_wconf 84' lang='lat' dir='ltr'><strong>l&#39;ore</strong></span> <span class='ocrx_word' id='word_1_280' title='bbox 2053 4101 2111 4147; x_wconf 85' lang='lat' dir='ltr'><strong>ut</strong></span> 
     </span>
    </p>
   </div>
   <div class='ocr_carea' id='block_1_43' title="bbox 526 4175 2108 4240">
    <p class='ocr_par' dir='ltr' id='par_1_43' title="bbox 526 4175 2108 4240">
     <span class='ocr_line' id='line_1_43' title="bbox 526 4175 2108 4240; baseline 0.013 -21"><span class='ocrx_word' id='word_1_281' title='bbox 526 4179 718 4219; x_wconf 88' lang='lat' dir='ltr'><strong>eorum</strong></span> <span class='ocrx_word' id='word_1_282' title='bbox 765 4183 986 4239; x_wconf 90' lang='lat' dir='ltr'><strong>quoque</strong></span> <span class='ocrx_word' id='word_1_283' title='bbox 1027 4175 1350 4230; x_wconf 88' lang='lat' dir='ltr'><strong>memoriam</strong></span> <span class='ocrx_word' id='word_1_284' title='bbox 1392 4177 1640 4233; x_wconf 85' lang='lat' dir='ltr'><strong>delerent</strong></span> <span class='ocrx_word' id='word_1_285' title='bbox 1689 4198 1703 4234; x_wconf 90' lang='lat'><strong>:</strong></span> <span class='ocrx_word' id='word_1_286' title='bbox 1762 4183 1858 4237; x_wconf 88' lang='lat' dir='ltr'><strong>sed</strong></span> <span class='ocrx_word' id='word_1_287' title='bbox 1911 4199 2108 4240; x_wconf 89' lang='lat' dir='ltr'><strong>rursus</strong></span> 
     </span>
    </p>
   </div>
   <div class='ocr_carea' id='block_1_44' title="bbox 528 4257 2185 4341">
    <p class='ocr_par' dir='ltr' id='par_1_44' title="bbox 528 4257 2185 4341">
     <span class='ocr_line' id='line_1_44' title="bbox 528 4257 2185 4341; baseline 0.016 -34"><span class='ocrx_word' id='word_1_288' title='bbox 528 4257 912 4319; x_wconf 82' lang='lat' dir='ltr'><strong>universorum</strong></span> <span class='ocrx_word' id='word_1_289' title='bbox 943 4261 1092 4318; x_wconf 89' lang='lat' dir='ltr'><strong>Deus</strong></span> <span class='ocrx_word' id='word_1_290' title='bbox 1124 4265 1241 4320; x_wconf 88' lang='lat' dir='ltr'><strong>suis</strong></span> <span class='ocrx_word' id='word_1_291' title='bbox 1279 4268 1498 4336; x_wconf 85' lang='lat' dir='ltr'><strong>quidem</strong></span> <span class='ocrx_word' id='word_1_292' title='bbox 1535 4286 1692 4341; x_wconf 90' lang='lat' dir='ltr'><strong>opem</strong></span> <span class='ocrx_word' id='word_1_293' title='bbox 1729 4274 1889 4338; x_wconf 86' lang='lat' dir='ltr'><strong>tulit,</strong></span> <span class='ocrx_word' id='word_1_294' title='bbox 1920 4280 2112 4332; x_wconf 86' lang='lat' dir='ltr'><strong>omnes</strong></span> <span class='ocrx_word' id='word_1_295' title='bbox 2180 4270 2185 4276; x_wconf 77' lang='grc'><em>’</em></span> 
     </span>
    </p>
   </div>
   <div class='ocr_carea' id='block_1_45' title="bbox 529 4350 2115 4437">
    <p class='ocr_par' dir='ltr' id='par_1_45' title="bbox 529 4350 2115 4437">
     <span class='ocr_line' id='line_1_45' title="bbox 529 4350 2115 4437; baseline 0.016 -40"><span class='ocrx_word' id='word_1_296' title='bbox 529 4363 659 4402; x_wconf 86' lang='lat' dir='ltr'><strong>vero</strong></span> <span class='ocrx_word' id='word_1_297' title='bbox 691 4350 876 4406; x_wconf 84' lang='lat' dir='ltr'><strong>hostes</strong></span> <span class='ocrx_word' id='word_1_298' title='bbox 917 4353 1230 4410; x_wconf 84' lang='lat' dir='ltr'><strong>debellavit.</strong></span> <span class='ocrx_word' id='word_1_299' title='bbox 1294 4358 1410 4414; x_wconf 88' lang='lat' dir='ltr'><strong>lIoc</strong></span> <span class='ocrx_word' id='word_1_300' title='bbox 1452 4374 1637 4416; x_wconf 84' lang='lat' dir='ltr'><strong>autem</strong></span> <span class='ocrx_word' id='word_1_301' title='bbox 1694 4377 1951 4422; x_wconf 63' lang='lat' dir='ltr'><strong>aSscrunt</strong></span> <span class='ocrx_word' id='word_1_302' title='bbox 1997 4368 2115 4437; x_wconf 89' lang='lat' dir='ltr'><strong>plu—</strong></span> 
     </span>
    </p>
   </div>
   <div class='ocr_carea' id='block_1_46' title="bbox 2203 518 3800 594">
    <p class='ocr_par' dir='ltr' id='par_1_46' title="bbox 2203 518 3800 594">
     <span class='ocr_line' id='line_1_46' title="bbox 2203 518 3800 594; baseline 0.001 -20"><span class='ocrx_word' id='word_1_303' title='bbox 2203 522 2410 594; x_wconf 84' lang='grc' dir='ltr'>κυρίων</span> <span class='ocrx_word' id='word_1_304' title='bbox 2450 519 2654 583; x_wconf 78' lang='grc' dir='ltr'>αὐτῶν,</span> <span class='ocrx_word' id='word_1_305' title='bbox 2703 519 2779 583; x_wconf 85' lang='grc' dir='ltr'>ὡς</span> <span class='ocrx_word' id='word_1_306' title='bbox 2820 518 3093 589; x_wconf 72' lang='grc' dir='ltr'>ὀφθαλμοὶ</span> <span class='ocrx_word' id='word_1_307' title='bbox 3134 519 3429 590; x_wconf 71' lang='grc' dir='ltr'><strong>παιδίσκης</strong></span> <span class='ocrx_word' id='word_1_308' title='bbox 3483 521 3564 584; x_wconf 82' lang='grc' dir='ltr'><strong>εἰς</strong></span> <span class='ocrx_word' id='word_1_309' title='bbox 3606 524 3800 593; x_wconf 78' lang='grc' dir='ltr'>χεῖρας</span> 
     </span>
    </p>
   </div>
   <div class='ocr_carea' id='block_1_47' title="bbox 2200 610 3800 684">
    <p class='ocr_par' dir='ltr' id='par_1_47' title="bbox 2200 610 3800 684">
     <span class='ocr_line' id='line_1_47' title="bbox 2200 610 3800 684; baseline -0.001 -17"><span class='ocrx_word' id='word_1_310' title='bbox 2200 614 2300 683; x_wconf 83' lang='grc' dir='ltr'>τῆς</span> <span class='ocrx_word' id='word_1_311' title='bbox 2349 614 2551 684; x_wconf 83' lang='grc' dir='ltr'>κυρίας</span> <span class='ocrx_word' id='word_1_312' title='bbox 2596 611 2792 682; x_wconf 77' lang='grc' dir='ltr'>αὐτῆς,</span> <span class='ocrx_word' id='word_1_313' title='bbox 2823 610 3082 676; x_wconf 71' lang='grc' dir='ltr'>οὕτως·οί</span> <span class='ocrx_word' id='word_1_314' title='bbox 3131 611 3407 680; x_wconf 76' lang='grc' dir='ltr'>ὀφθαλμοὶ</span> <span class='ocrx_word' id='word_1_315' title='bbox 3452 613 3800 684; x_wconf 75' lang='grc' dir='ltr'>ἡμῶνκπρὸς</span> 
     </span>
    </p>
   </div>
   <div class='ocr_carea' id='block_1_48' title="bbox 2202 702 3796 777">
    <p class='ocr_par' dir='ltr' id='par_1_48' title="bbox 2202 702 3796 777">
     <span class='ocr_line' id='line_1_48' title="bbox 2202 702 3796 777; baseline 0.001 -17"><span class='ocrx_word' id='word_1_316' title='bbox 2202 707 2407 774; x_wconf 82' lang='grc' dir='ltr'><strong>Κύριον</strong></span> <span class='ocrx_word' id='word_1_317' title='bbox 2435 706 2529 759; x_wconf 78' lang='grc' dir='ltr'><strong>τὸν</strong></span> <span class='ocrx_word' id='word_1_318' title='bbox 2567 705 2703 759; x_wconf 85' lang='grc' dir='ltr'><strong>Θεὸν</strong></span> <span class='ocrx_word' id='word_1_319' title='bbox 2728 703 2910 774; x_wconf 81' lang='grc' dir='ltr'>ἡμῶν.</span> <span class='ocrx_word' id='word_1_320' title='bbox 2951 723 2971 756; x_wconf 70' lang='grc' dir='ltr'><strong>ι</strong></span> <span class='ocrx_word' id='word_1_321' title='bbox 3008 702 3278 774; x_wconf 79' lang='grc' dir='ltr'><strong>Καθάπερ</strong></span> <span class='ocrx_word' id='word_1_322' title='bbox 3311 703 3443 775; x_wconf 74' lang='grc' dir='ltr'>γὰρ,</span> <span class='ocrx_word' id='word_1_323' title='bbox 3489 707 3680 777; x_wconf 61' lang='grc' dir='ltr'>φησιν,</span> <span class='ocrx_word' id='word_1_324' title='bbox 3715 710 3796 762; x_wconf 80' lang='lat' dir='ltr'><strong>ot-</strong></span> 
     </span>
    </p>
   </div>
   <div class='ocr_carea' id='block_1_49' title="bbox 2201 795 3796 868">
    <p class='ocr_par' dir='ltr' id='par_1_49' title="bbox 2201 795 3796 868">
     <span class='ocr_line' id='line_1_49' title="bbox 2201 795 3796 868; baseline -0.003 -14"><span class='ocrx_word' id='word_1_325' title='bbox 2201 800 2361 854; x_wconf 83' lang='grc' dir='ltr'>κέται</span> <span class='ocrx_word' id='word_1_326' title='bbox 2410 799 2494 861; x_wconf 79' lang='grc' dir='ltr'><strong>εἰς</strong></span> <span class='ocrx_word' id='word_1_327' title='bbox 2545 796 2647 860; x_wconf 72' lang='grc' dir='ltr'><strong>τὰς</strong></span> <span class='ocrx_word' id='word_1_328' title='bbox 2696 797 2806 851; x_wconf 85' lang='grc' dir='ltr'><strong>τῶν</strong></span> <span class='ocrx_word' id='word_1_329' title='bbox 2835 795 3120 849; x_wconf 77' lang='grc' dir='ltr'>δεσποτῶν</span> <span class='ocrx_word' id='word_1_330' title='bbox 3166 795 3538 850; x_wconf 77' lang='grc' dir='ltr'>ἀποϐλέπουσι</span> <span class='ocrx_word' id='word_1_331' title='bbox 3581 799 3796 868; x_wconf 79' lang='grc' dir='ltr'>χεῖρας,</span> 
     </span>
    </p>
   </div>
   <div class='ocr_carea' id='block_1_50' title="bbox 2201 887 3796 961">
    <p class='ocr_par' dir='ltr' id='par_1_50' title="bbox 2201 887 3796 961">
     <span class='ocr_line' id='line_1_50' title="bbox 2201 887 3796 961; baseline -0.011 -9"><span class='ocrx_word' id='word_1_332' title='bbox 2201 891 2299 946; x_wconf 71' lang='grc' dir='ltr'>ἅτε</span> <span class='ocrx_word' id='word_1_333' title='bbox 2327 890 2392 961; x_wconf 83' lang='grc' dir='ltr'>δὴ</span> <span class='ocrx_word' id='word_1_334' title='bbox 2421 891 2519 954; x_wconf 73' lang='grc' dir='ltr'><strong>τὰς</strong></span> <span class='ocrx_word' id='word_1_335' title='bbox 2547 888 2803 960; x_wconf 71' lang='grc' dir='ltr'>ἀφορμὰς</span> <span class='ocrx_word' id='word_1_336' title='bbox 2824 887 3040 942; x_wconf 82' lang='grc' dir='ltr'>ἐκεῖθεν</span> <span class='ocrx_word' id='word_1_337' title='bbox 3065 888 3398 960; x_wconf 78' lang='grc' dir='ltr'>δρεπόμενοι</span> <span class='ocrx_word' id='word_1_338' title='bbox 3429 887 3525 941; x_wconf 83' lang='grc' dir='ltr'>τοῦ</span> <span class='ocrx_word' id='word_1_339' title='bbox 3558 888 3677 960; x_wconf 86' lang='grc' dir='ltr'>βίου</span> <span class='ocrx_word' id='word_1_340' title='bbox 3708 890 3756 921; x_wconf 74' lang='grc' dir='ltr'><strong>ιτ</strong></span> <span class='ocrx_word' id='word_1_341' title='bbox 3781 906 3796 920; x_wconf 89' lang='grc'><strong>·</strong></span> 
     </span>
    </p>
   </div>
   <div class='ocr_carea' id='block_1_51' title="bbox 2200 981 3796 1054">
    <p class='ocr_par' dir='ltr' id='par_1_51' title="bbox 2200 981 3796 1054">
     <span class='ocr_line' id='line_1_51' title="bbox 2200 981 3796 1054; baseline -0.001 -17"><span class='ocrx_word' id='word_1_342' title='bbox 2200 984 2344 1037; x_wconf 74' lang='grc' dir='ltr'>οὕτω</span> <span class='ocrx_word' id='word_1_343' title='bbox 2372 983 2467 1037; x_wconf 74' lang='grc' dir='ltr'>καὶ</span> <span class='ocrx_word' id='word_1_344' title='bbox 2492 985 2678 1054; x_wconf 79' lang='grc' dir='ltr'>ἡμεῖς,</span> <span class='ocrx_word' id='word_1_345' title='bbox 2705 981 3148 1052; x_wconf 77' lang='grc' dir='ltr'>Δέσποτα,παρὰ</span> <span class='ocrx_word' id='word_1_346' title='bbox 3168 981 3262 1035; x_wconf 82' lang='grc' dir='ltr'>σοῦ</span> <span class='ocrx_word' id='word_1_347' title='bbox 3283 981 3678 1053; x_wconf 80' lang='grc' dir='ltr'>προσμένομεν</span> <span class='ocrx_word' id='word_1_348' title='bbox 3702 982 3796 1037; x_wconf 83' lang='grc' dir='ltr'>λα-</span> 
     </span>
    </p>
   </div>
   <div class='ocr_carea' id='block_1_52' title="bbox 2190 1072 3798 1145">
    <p class='ocr_par' dir='ltr' id='par_1_52' title="bbox 2190 1072 3798 1145">
     <span class='ocr_line' id='line_1_52' title="bbox 2190 1072 3798 1145; baseline -0.001 -17"><span class='ocrx_word' id='word_1_349' title='bbox 2190 1075 2318 1128; x_wconf 81' lang='grc' dir='ltr'>-6εῖν</span> <span class='ocrx_word' id='word_1_350' title='bbox 2345 1074 2454 1128; x_wconf 90' lang='grc' dir='ltr'><strong>τῶν</strong></span> <span class='ocrx_word' id='word_1_351' title='bbox 2487 1074 2708 1143; x_wconf 79' lang='grc' dir='ltr'><strong>ἀγαθῶν</strong></span> <span class='ocrx_word' id='word_1_352' title='bbox 2743 1072 2841 1145; x_wconf 80' lang='grc' dir='ltr'>τὴν</span> <span class='ocrx_word' id='word_1_353' title='bbox 2871 1074 3195 1128; x_wconf 83' lang='grc' dir='ltr'>ἀπόλαυσιν.</span> <span class='ocrx_word' id='word_1_354' title='bbox 3227 1074 3341 1144; x_wconf 81' lang='grc' dir='ltr'>Τῆς</span> <span class='ocrx_word' id='word_1_355' title='bbox 3392 1074 3580 1143; x_wconf 77' lang='grc' dir='ltr'>μέντοι</span> <span class='ocrx_word' id='word_1_356' title='bbox 3606 1074 3798 1128; x_wconf 80' lang='grc' dir='ltr'>παιδί-</span> 
     </span>
    </p>
   </div>
   <div class='ocr_carea' id='block_1_53' title="bbox 2202 1163 3801 1236">
    <p class='ocr_par' dir='ltr' id='par_1_53' title="bbox 2202 1163 3801 1236">
     <span class='ocr_line' id='line_1_53' title="bbox 2202 1163 3801 1236; baseline -0.001 -17"><span class='ocrx_word' id='word_1_357' title='bbox 2202 1182 2344 1236; x_wconf 88' lang='grc' dir='ltr'>σκης</span> <span class='ocrx_word' id='word_1_358' title='bbox 2384 1167 2448 1220; x_wconf 83' lang='grc' dir='ltr'><strong>ού</strong></span> <span class='ocrx_word' id='word_1_359' title='bbox 2471 1163 2815 1234; x_wconf 79' lang='grc' dir='ltr'>-ταυτολογῶν</span> <span class='ocrx_word' id='word_1_360' title='bbox 2846 1164 3280 1236; x_wconf 78' lang='grc' dir='ltr'><strong>ἐμνημόνευσεν,</strong></span> <span class='ocrx_word' id='word_1_361' title='bbox 3308 1165 3448 1219; x_wconf 80' lang='grc' dir='ltr'>ἀλλὰ</span> <span class='ocrx_word' id='word_1_362' title='bbox 3483 1165 3586 1236; x_wconf 83' lang='grc' dir='ltr'>τῆς</span> <span class='ocrx_word' id='word_1_363' title='bbox 3611 1165 3801 1220; x_wconf 79' lang='grc' dir='ltr'>διαθέ-</span> 
     </span>
    </p>
   </div>
   <div class='ocr_carea' id='block_1_54' title="bbox 2203 1255 3801 1329">
    <p class='ocr_par' dir='ltr' id='par_1_54' title="bbox 2203 1255 3801 1329">
     <span class='ocr_line' id='line_1_54' title="bbox 2203 1255 3801 1329; baseline -0.001 -19"><span class='ocrx_word' id='word_1_364' title='bbox 2203 1272 2342 1320; x_wconf 87' lang='grc' dir='ltr'>σεως</span> <span class='ocrx_word' id='word_1_365' title='bbox 2381 1257 2597 1321; x_wconf 81' lang='grc' dir='ltr'>δεικνὺς</span> <span class='ocrx_word' id='word_1_366' title='bbox 2643 1256 2746 1329; x_wconf 76' lang='grc' dir='ltr'><strong>τὴν</strong></span> <span class='ocrx_word' id='word_1_367' title='bbox 2777 1257 3052 1311; x_wconf 80' lang='grc' dir='ltr'>ἐπίτασιν.</span> <span class='ocrx_word' id='word_1_368' title='bbox 3086 1255 3258 1310; x_wconf 79' lang='grc' dir='ltr'>Πλέον</span> <span class='ocrx_word' id='word_1_369' title='bbox 3289 1257 3399 1326; x_wconf 73' lang='grc' dir='ltr'>γὰρ</span> <span class='ocrx_word' id='word_1_370' title='bbox 3427 1256 3538 1310; x_wconf 91' lang='grc' dir='ltr'><strong>τῶν</strong></span> <span class='ocrx_word' id='word_1_371' title='bbox 3569 1255 3801 1310; x_wconf 80' lang='grc' dir='ltr'><strong>’παίδων</strong></span> 
     </span>
    </p>
   </div>
   <div class='ocr_carea' id='block_1_55' title="bbox 2199 1347 3798 1420">
    <p class='ocr_par' dir='ltr' id='par_1_55' title="bbox 2199 1347 3798 1420">
     <span class='ocr_line' id='line_1_55' title="bbox 2199 1347 3798 1420; baseline -0.001 -16"><span class='ocrx_word' id='word_1_372' title='bbox 2199 1351 2259 1404; x_wconf 81' lang='grc' dir='ltr'>αἱ</span> <span class='ocrx_word' id='word_1_373' title='bbox 2288 1350 2596 1413; x_wconf 77' lang='grc' dir='ltr'><strong>παιδίσκαι,</strong></span> <span class='ocrx_word' id='word_1_374' title='bbox 2625 1348 2723 1403; x_wconf 70' lang='grc' dir='ltr'>ἅτε</span> <span class='ocrx_word' id='word_1_375' title='bbox 2763 1349 2828 1420; x_wconf 82' lang='grc' dir='ltr'>δὴ</span> <span class='ocrx_word' id='word_1_376' title='bbox 2865 1351 2986 1413; x_wconf 81' lang='grc' dir='ltr'>ταῖς</span> <span class='ocrx_word' id='word_1_377' title='bbox 3029 1349 3344 1411; x_wconf 80' lang='grc' dir='ltr'>δεσποίναις</span> <span class='ocrx_word' id='word_1_378' title='bbox 3374 1351 3434 1402; x_wconf 79' lang='grc' dir='ltr'><strong>ἐν</strong></span> <span class='ocrx_word' id='word_1_379' title='bbox 3475 1351 3590 1412; x_wconf 87' lang='grc' dir='ltr'>τοῖς</span> <span class='ocrx_word' id='word_1_380' title='bbox 3621 1347 3798 1403; x_wconf 83' lang='grc' dir='ltr'>θαλά-</span> 
     </span>
    </p>
   </div>
   <div class='ocr_carea' id='block_1_56' title="bbox 2204 1438 3802 1514">
    <p class='ocr_par' dir='ltr' id='par_1_56' title="bbox 2204 1438 3802 1514">
     <span class='ocr_line' id='line_1_56' title="bbox 2204 1438 3802 1514; baseline -0.002 -18"><span class='ocrx_word' id='word_1_381' title='bbox 2204 1460 2327 1514; x_wconf 86' lang='grc' dir='ltr'>μοις</span> <span class='ocrx_word' id='word_1_382' title='bbox 2372 1442 2654 1507; x_wconf 80' lang='grc' dir='ltr'>συνοῦσαι,</span> <span class='ocrx_word' id='word_1_383' title='bbox 2699 1440 2965 1512; x_wconf 83' lang='grc' dir='ltr'>διηνεκῶς</span> <span class='ocrx_word' id='word_1_384' title='bbox 3003 1440 3299 1512; x_wconf 73' lang='grc' dir='ltr'>προσέχειν</span> <span class='ocrx_word' id='word_1_385' title='bbox 3327 1438 3373 1472; x_wconf 81' lang='grc'><strong>²⁸</strong></span> <span class='ocrx_word' id='word_1_386' title='bbox 3396 1438 3626 1504; x_wconf 79' lang='grc' dir='ltr'>ταύταις</span> <span class='ocrx_word' id='word_1_387' title='bbox 3667 1438 3802 1493; x_wconf 79' lang='grc' dir='ltr'>εἰώ-</span> 
     </span>
    </p>
   </div>
   <div class='ocr_carea' id='block_1_57' title="bbox 2201 1531 3798 1606">
    <p class='ocr_par' dir='ltr' id='par_1_57' title="bbox 2201 1531 3798 1606">
     <span class='ocr_line' id='line_1_57' title="bbox 2201 1531 3798 1606; baseline -0.001 -18"><span class='ocrx_word' id='word_1_388' title='bbox 2201 1533 2348 1594; x_wconf 83' lang='grc' dir='ltr'>θασι.</span> <span class='ocrx_word' id='word_1_389' title='bbox 2404 1536 2500 1589; x_wconf 78' lang='grc' dir='ltr'>καὶ</span> <span class='ocrx_word' id='word_1_390' title='bbox 2556 1534 2657 1606; x_wconf 77' lang='grc' dir='ltr'>τὴν</span> <span class='ocrx_word' id='word_1_391' title='bbox 2725 1535 2858 1606; x_wconf 81' lang='grc' dir='ltr'>παρ’</span> <span class='ocrx_word' id='word_1_392' title='bbox 2914 1533 3101 1596; x_wconf 80' lang='grc' dir='ltr'>αὐτῶν</span> <span class='ocrx_word' id='word_1_393' title='bbox 3155 1531 3417 1586; x_wconf 80' lang='grc' dir='ltr'>ποθοῦσιν</span> <span class='ocrx_word' id='word_1_394' title='bbox 3481 1531 3798 1602; x_wconf 76' lang='grc' dir='ltr'>εὐμένειαν.</span> 
     </span>
    </p>
   </div>
   <div class='ocr_carea' id='block_1_58' title="bbox 2205 1619 3803 1697">
    <p class='ocr_par' dir='ltr' id='par_1_58' title="bbox 2205 1619 3803 1697">
     <span class='ocr_line' id='line_1_58' title="bbox 2205 1619 3803 1697; baseline -0.003 -16"><span class='ocrx_word' id='word_1_395' title='bbox 2205 1644 2227 1680; x_wconf 76' lang='grc' dir='ltr'><strong>ι</strong></span> <span class='ocrx_word' id='word_1_396' title='bbox 2273 1627 2419 1690; x_wconf 84' lang='grc' dir='ltr'><strong>Ἕως</strong></span> <span class='ocrx_word' id='word_1_397' title='bbox 2447 1619 2508 1680; x_wconf 73' lang='grc' dir='ltr'><strong>οὗ</strong></span> <span class='ocrx_word' id='word_1_398' title='bbox 2538 1626 2881 1697; x_wconf 81' lang='grc' dir='ltr'>οίκτειρήσαι</span> <span class='ocrx_word' id='word_1_399' title='bbox 2908 1625 3080 1696; x_wconf 75' lang='grc' dir='ltr'>ἡμᾶς.</span> <span class='ocrx_word' id='word_1_400' title='bbox 3119 1643 3139 1678; x_wconf 74' lang='grc' dir='ltr'><strong>ι</strong></span> <span class='ocrx_word' id='word_1_401' title='bbox 3173 1623 3249 1678; x_wconf 82' lang='grc' dir='ltr'><strong>Οὐ</strong></span> <span class='ocrx_word' id='word_1_402' title='bbox 3289 1624 3442 1695; x_wconf 74' lang='grc' dir='ltr'>ρητῷ</span> <span class='ocrx_word' id='word_1_403' title='bbox 3471 1623 3583 1695; x_wconf 83' lang='grc' dir='ltr'><strong>γὰρ</strong></span> <span class='ocrx_word' id='word_1_404' title='bbox 3615 1624 3803 1696; x_wconf 81' lang='grc' dir='ltr'>χρόνῳ</span> 
     </span>
    </p>
   </div>
   <div class='ocr_carea' id='block_1_59' title="bbox 2199 1715 3804 1790">
    <p class='ocr_par' dir='ltr' id='par_1_59' title="bbox 2199 1715 3804 1790">
     <span class='ocr_line' id='line_1_59' title="bbox 2199 1715 3804 1790; baseline -0.003 -18"><span class='ocrx_word' id='word_1_405' title='bbox 2199 1719 2363 1790; x_wconf 83' lang='grc' dir='ltr'>τήνδε</span> <span class='ocrx_word' id='word_1_406' title='bbox 2403 1720 2502 1790; x_wconf 79' lang='grc' dir='ltr'>τὴν</span> <span class='ocrx_word' id='word_1_407' title='bbox 2533 1719 2724 1772; x_wconf 84' lang='grc' dir='ltr'>ἐλπίδα</span> <span class='ocrx_word' id='word_1_408' title='bbox 2767 1716 3160 1789; x_wconf 76' lang='grc' dir='ltr'>περιορίζομεν</span> <span class='ocrx_word' id='word_1_409' title='bbox 3181 1756 3196 1781; x_wconf 96' lang='grc'><strong>,</strong></span> <span class='ocrx_word' id='word_1_410' title='bbox 3223 1716 3381 1770; x_wconf 67' lang='grc' dir='ltr'>ἀλλὰ</span> <span class='ocrx_word' id='word_1_411' title='bbox 3409 1715 3804 1787; x_wconf 78' lang='grc' dir='ltr'>προσμένομεν</span> 
     </span>
    </p>
   </div>
   <div class='ocr_carea' id='block_1_60' title="bbox 2130 1797 3536 1882">
    <p class='ocr_par' dir='ltr' id='par_1_60' title="bbox 2130 1797 3536 1882">
     <span class='ocr_line' id='line_1_60' title="bbox 2130 1797 3536 1882; baseline -0.002 -16"><span class='ocrx_word' id='word_1_412' title='bbox 2130 1797 2173 1853; x_wconf 81' lang='grc' dir='ltr'><strong><em>Β</em></strong></span> <span class='ocrx_word' id='word_1_413' title='bbox 2201 1812 2320 1876; x_wconf 57' lang='grc' dir='ltr'>ἕως,</span> <span class='ocrx_word' id='word_1_414' title='bbox 2346 1813 2412 1866; x_wconf 83' lang='grc' dir='ltr'>ἂν</span> <span class='ocrx_word' id='word_1_415' title='bbox 2431 1810 2772 1882; x_wconf 72' lang='grc' dir='ltr'>’ἀξιωθῶμεν</span> <span class='ocrx_word' id='word_1_416' title='bbox 2808 1809 3048 1880; x_wconf 77' lang='grc' dir='ltr'>φειδοῦς.</span> <span class='ocrx_word' id='word_1_417' title='bbox 3533 1847 3536 1850; x_wconf 95' lang='grc'><strong><em>-</em></strong></span> 
     </span>
    </p>
   </div>
   <div class='ocr_carea' id='block_1_61' title="bbox 2274 1895 3805 1975">
    <p class='ocr_par' dir='ltr' id='par_1_61' title="bbox 2274 1895 3805 1975">
     <span class='ocr_line' id='line_1_61' title="bbox 2274 1895 3805 1975; baseline -0.005 -19"><span class='ocrx_word' id='word_1_418' title='bbox 2274 1911 2343 1972; x_wconf 85' lang='grc' dir='ltr'>γ’.</span> <span class='ocrx_word' id='word_1_419' title='bbox 2386 1922 2404 1955; x_wconf 76' lang='grc' dir='ltr'><strong>ι</strong></span> <span class='ocrx_word' id='word_1_420' title='bbox 2459 1904 2716 1975; x_wconf 81' lang='grc' dir='ltr'>Ἐλέησον</span> <span class='ocrx_word' id='word_1_421' title='bbox 2751 1901 3138 1972; x_wconf 80' lang='grc' dir='ltr'>ήμᾶς,Κύριε,</span> <span class='ocrx_word' id='word_1_422' title='bbox 3175 1899 3408 1966; x_wconf 69' lang='grc' dir='ltr'>ἐλέησον</span> <span class='ocrx_word' id='word_1_423' title='bbox 3458 1899 3626 1967; x_wconf 76' lang='grc' dir='ltr'>ἡμᾶς.</span> <span class='ocrx_word' id='word_1_424' title='bbox 3669 1915 3689 1949; x_wconf 76' lang='grc' dir='ltr'><strong>ι</strong></span> <span class='ocrx_word' id='word_1_425' title='bbox 3740 1895 3805 1949; x_wconf 85' lang='lat'><strong>&#39;0</strong></span> 
     </span>
    </p>
   </div>
   <div class='ocr_carea' id='block_1_62' title="bbox 2203 1991 3572 2066">
    <p class='ocr_par' dir='ltr' id='par_1_62' title="bbox 2203 1991 3572 2066">
     <span class='ocr_line' id='line_1_62' title="bbox 2203 1991 3572 2066; baseline -0.004 -18"><span class='ocrx_word' id='word_1_426' title='bbox 2203 1995 2604 2066; x_wconf 81' lang='grc' dir='ltr'>διπλασιασμὸς</span> <span class='ocrx_word' id='word_1_427' title='bbox 2634 1994 2788 2064; x_wconf 84' lang='grc' dir='ltr'>δηλοῖ</span> <span class='ocrx_word' id='word_1_428' title='bbox 2820 1993 2882 2046; x_wconf 83' lang='grc' dir='ltr'><strong>τὸ</strong></span> <span class='ocrx_word' id='word_1_429' title='bbox 2913 1991 3115 2061; x_wconf 84' lang='grc' dir='ltr'>θερμὸν</span> <span class='ocrx_word' id='word_1_430' title='bbox 3146 1991 3248 2061; x_wconf 83' lang='grc' dir='ltr'>τῆς</span> <span class='ocrx_word' id='word_1_431' title='bbox 3281 1991 3572 2062; x_wconf 73' lang='grc' dir='ltr'>αἰτήσεωςι</span> 
     </span>
    </p>
   </div>
   <div class='ocr_carea' id='block_1_63' title="bbox 2279 2175 3805 2261">
    <p class='ocr_par' dir='ltr' id='par_1_63' title="bbox 2279 2175 3805 2261">
     <span class='ocr_line' id='line_1_63' title="bbox 2279 2175 3805 2261; baseline -0.004 -15"><span class='ocrx_word' id='word_1_432' title='bbox 2279 2213 2298 2246; x_wconf 78' lang='grc' dir='ltr'><strong>ι</strong></span> <span class='ocrx_word' id='word_1_433' title='bbox 2326 2194 2450 2248; x_wconf 81' lang='grc' dir='ltr'>Ὀτι</span> <span class='ocrx_word' id='word_1_434' title='bbox 2490 2193 2720 2248; x_wconf 84' lang='grc' dir='ltr'>ἐπιπολὺ</span> <span class='ocrx_word' id='word_1_435' title='bbox 2747 2190 3100 2261; x_wconf 83' lang='grc' dir='ltr'>ἐπλήσθημεν</span> <span class='ocrx_word' id='word_1_436' title='bbox 3121 2175 3546 2255; x_wconf 65' lang='grc' dir='ltr'>ἐξουδενώσεως.</span> <span class='ocrx_word' id='word_1_437' title='bbox 3565 2186 3631 2260; x_wconf 87' lang='grc' dir='ltr'><strong>[δ’</strong></span> <span class='ocrx_word' id='word_1_438' title='bbox 3641 2185 3654 2260; x_wconf 73' lang='grc'><strong>1</strong></span> <span class='ocrx_word' id='word_1_439' title='bbox 3677 2188 3805 2240; x_wconf 75' lang='grc' dir='ltr'>Ἐπὶ</span> 
     </span>
    </p>
   </div>
   <div class='ocr_carea' id='block_1_64' title="bbox 2203 2281 3804 2365">
    <p class='ocr_par' dir='ltr' id='par_1_64' title="bbox 2203 2281 3804 2365">
     <span class='ocr_line' id='line_1_64' title="bbox 2203 2281 3804 2365; baseline -0.004 -25"><span class='ocrx_word' id='word_1_440' title='bbox 2203 2288 2388 2340; x_wconf 88' lang='grc' dir='ltr'>πλεῖον</span> <span class='ocrx_word' id='word_1_441' title='bbox 2407 2285 2654 2357; x_wconf 87' lang='grc' dir='ltr'>ἐπλήσθη</span> <span class='ocrx_word' id='word_1_442' title='bbox 2692 2284 2899 2356; x_wconf 75' lang='grc' dir='ltr'>ἡψυχὴ</span> <span class='ocrx_word' id='word_1_443' title='bbox 2930 2284 3113 2365; x_wconf 83' lang='grc' dir='ltr'>ἡμῶν.</span> <span class='ocrx_word' id='word_1_444' title='bbox 3153 2302 3172 2335; x_wconf 75' lang='grc' dir='ltr'><strong>ι</strong></span> <span class='ocrx_word' id='word_1_445' title='bbox 3211 2281 3484 2351; x_wconf 84' lang='grc' dir='ltr'>Δίτοῦμεν</span> <span class='ocrx_word' id='word_1_446' title='bbox 3523 2281 3604 2344; x_wconf 83' lang='grc' dir='ltr'>δὲ,</span> <span class='ocrx_word' id='word_1_447' title='bbox 3638 2281 3804 2351; x_wconf 74' lang='grc' dir='ltr'>φησὶ,</span> 
     </span>
    </p>
   </div>
   <div class='ocr_carea' id='block_1_65' title="bbox 2201 2373 3808 2451">
    <p class='ocr_par' dir='ltr' id='par_1_65' title="bbox 2201 2373 3808 2451">
     <span class='ocr_line' id='line_1_65' title="bbox 2201 2373 3808 2451; baseline -0.006 -18"><span class='ocrx_word' id='word_1_448' title='bbox 2201 2382 2294 2433; x_wconf 84' lang='grc' dir='ltr'><strong>τὸν</strong></span> <span class='ocrx_word' id='word_1_449' title='bbox 2325 2379 2495 2445; x_wconf 78' lang='grc' dir='ltr'>ἔλεον,</span> <span class='ocrx_word' id='word_1_450' title='bbox 2520 2381 2618 2451; x_wconf 82' lang='grc' dir='ltr'>οὐχ</span> <span class='ocrx_word' id='word_1_451' title='bbox 2637 2378 2713 2442; x_wconf 83' lang='grc' dir='ltr'><strong>ῶς</strong></span> <span class='ocrx_word' id='word_1_452' title='bbox 2731 2376 2871 2442; x_wconf 84' lang='grc' dir='ltr'>ἄξιοι</span> <span class='ocrx_word' id='word_1_453' title='bbox 2888 2380 3082 2430; x_wconf 89' lang='grc' dir='ltr'>τούτου</span> <span class='ocrx_word' id='word_1_454' title='bbox 3100 2378 3316 2446; x_wconf 67' lang='grc' dir='ltr'>τυχεῖν,</span> <span class='ocrx_word' id='word_1_455' title='bbox 3334 2374 3451 2428; x_wconf 82' lang='grc' dir='ltr'>ἀλλ’</span> <span class='ocrx_word' id='word_1_456' title='bbox 3479 2373 3557 2436; x_wconf 84' lang='grc' dir='ltr'>ὡς</span> <span class='ocrx_word' id='word_1_457' title='bbox 3587 2375 3808 2426; x_wconf 78' lang='grc' dir='ltr'>ἐπονείο</span> 
     </span>
    </p>
   </div>
   <div class='ocr_carea' id='block_1_66' title="bbox 2203 2455 3802 2542">
    <p class='ocr_par' dir='ltr' id='par_1_66' title="bbox 2203 2455 3802 2542">
     <span class='ocr_line' id='line_1_66' title="bbox 2203 2455 3802 2542; baseline -0.004 -15"><span class='ocrx_word' id='word_1_458' title='bbox 2203 2473 2373 2527; x_wconf 88' lang='grc' dir='ltr'>διστοι</span> <span class='ocrx_word' id='word_1_459' title='bbox 2417 2473 2542 2526; x_wconf 83' lang='grc' dir='ltr'>λίαν</span> <span class='ocrx_word' id='word_1_460' title='bbox 2570 2470 2880 2542; x_wconf 84' lang='grc' dir='ltr'>γενόμενοι.</span> <span class='ocrx_word' id='word_1_461' title='bbox 2915 2487 2952 2522; x_wconf 75' lang='grc' dir='ltr'><strong>ι.</strong></span> <span class='ocrx_word' id='word_1_462' title='bbox 2973 2469 3278 2532; x_wconf 82' lang='grc' dir='ltr'>Τὸ-ὸνειδος</span> <span class='ocrx_word' id='word_1_463' title='bbox 3315 2455 3454 2532; x_wconf 79' lang='grc' dir='ltr'>τοῖς</span> <span class='ocrx_word' id='word_1_464' title='bbox 3483 2466 3802 2537; x_wconf 73' lang='grc' dir='ltr'>εὐθηνοῦσι,</span> 
     </span>
    </p>
   </div>
   <div class='ocr_carea' id='block_1_67' title="bbox 2205 2557 3808 2638">
    <p class='ocr_par' dir='ltr' id='par_1_67' title="bbox 2205 2557 3808 2638">
     <span class='ocr_line' id='line_1_67' title="bbox 2205 2557 3808 2638; baseline -0.006 -19"><span class='ocrx_word' id='word_1_465' title='bbox 2205 2566 2298 2619; x_wconf 77' lang='grc' dir='ltr'>καὶ</span> <span class='ocrx_word' id='word_1_466' title='bbox 2342 2567 2376 2636; x_wconf 85' lang='grc' dir='ltr'>ή</span> <span class='ocrx_word' id='word_1_467' title='bbox 2409 2563 2757 2630; x_wconf 74' lang='grc' dir='ltr'>ἐξουδένωσις</span> <span class='ocrx_word' id='word_1_468' title='bbox 2790 2564 2906 2624; x_wconf 83' lang='grc' dir='ltr'>τοῖς</span> <span class='ocrx_word' id='word_1_469' title='bbox 2937 2561 3337 2632; x_wconf 83' lang='grc' dir='ltr'>ὑπερηφάνοις.</span> <span class='ocrx_word' id='word_1_470' title='bbox 3379 2578 3398 2612; x_wconf 69' lang='grc' dir='ltr'><strong>ι</strong></span> <span class='ocrx_word' id='word_1_471' title='bbox 3447 2559 3517 2638; x_wconf 21' lang='lat'><strong>&#39;0&#39;</strong></span> <span class='ocrx_word' id='word_1_472' title='bbox 3549 2559 3605 2612; x_wconf 79' lang='grc' dir='ltr'>δὲ</span> <span class='ocrx_word' id='word_1_473' title='bbox 3653 2557 3808 2627; x_wconf 82' lang='grc' dir='ltr'>Σύμ-</span> 
     </span>
    </p>
   </div>
   <div class='ocr_carea' id='block_1_68' title="bbox 2207 2643 3804 2734">
    <p class='ocr_par' dir='ltr' id='par_1_68' title="bbox 2207 2643 3804 2734">
     <span class='ocr_line' id='line_1_68' title="bbox 2207 2643 3804 2734; baseline -0.004 -27"><span class='ocrx_word' id='word_1_474' title='bbox 2207 2671 2381 2725; x_wconf 88' lang='grc' dir='ltr'>μαχος</span> <span class='ocrx_word' id='word_1_475' title='bbox 2417 2643 2613 2717; x_wconf 73' lang='grc' dir='ltr'>οὕτως,</span> <span class='ocrx_word' id='word_1_476' title='bbox 2657 2650 3025 2734; x_wconf 77' lang='grc' dir='ltr'>Ἐχρρτάσθη</span> <span class='ocrx_word' id='word_1_477' title='bbox 3070 2650 3109 2717; x_wconf 74' lang='grc' dir='ltr'><strong>ἡ</strong></span> <span class='ocrx_word' id='word_1_478' title='bbox 3158 2649 3332 2718; x_wconf 69' lang='grc' dir='ltr'><strong>ψυχὴ</strong></span> <span class='ocrx_word' id='word_1_479' title='bbox 3379 2645 3804 2717; x_wconf 70' lang='grc' dir='ltr'><strong>ἡμῶνὲπὲιλα-</strong></span> 
     </span>
    </p>
   </div>
   <div class='ocr_carea' id='block_1_69' title="bbox 2203 2737 3807 2812">
    <p class='ocr_par' dir='ltr' id='par_1_69' title="bbox 2203 2737 3807 2812">
     <span class='ocr_line' id='line_1_69' title="bbox 2203 2737 3807 2812; baseline -0.005 -13"><span class='ocrx_word' id='word_1_480' title='bbox 2203 2745 2478 2800; x_wconf 76' lang='grc' dir='ltr'>λούντων</span> <span class='ocrx_word' id='word_1_481' title='bbox 2515 2742 2634 2797; x_wconf 79' lang='grc' dir='ltr'><strong>τῶν</strong></span> <span class='ocrx_word' id='word_1_482' title='bbox 2671 2739 3641 2812; x_wconf 63' lang='grc' dir='ltr'>εὐθηνούντωνζἐξεύτελιζόντων</span> <span class='ocrx_word' id='word_1_483' title='bbox 3681 2737 3807 2792; x_wconf 82' lang='grc' dir='ltr'>τῶν</span> 
     </span>
    </p>
   </div>
   <div class='ocr_carea' id='block_1_70' title="bbox 2205 2833 3808 2915">
    <p class='ocr_par' dir='ltr' id='par_1_70' title="bbox 2205 2833 3808 2915">
     <span class='ocr_line' id='line_1_70' title="bbox 2205 2833 3808 2915; baseline -0.006 -21"><span class='ocrx_word' id='word_1_484' title='bbox 2205 2835 2624 2907; x_wconf 68' lang='grc' dir='ltr'>ὑπερηφάνων.</span> <span class='ocrx_word' id='word_1_485' title='bbox 2664 2835 2788 2888; x_wconf 89' lang='grc' dir='ltr'>Τῶν</span> <span class='ocrx_word' id='word_1_486' title='bbox 2819 2835 2930 2905; x_wconf 81' lang='grc' dir='ltr'>γὰρ</span> <span class='ocrx_word' id='word_1_487' title='bbox 2963 2834 3244 2915; x_wconf 77' lang='grc' dir='ltr'>ἀλαζόνων</span> <span class='ocrx_word' id='word_1_488' title='bbox 3280 2833 3644 2887; x_wconf 78' lang='grc' dir='ltr'>Βαϐυλωνίων</span> <span class='ocrx_word' id='word_1_489' title='bbox 3679 2833 3808 2885; x_wconf 86' lang='grc' dir='ltr'>ἐπι-</span> 
     </span>
    </p>
   </div>
   <div class='ocr_carea' id='block_1_71' title="bbox 2204 2919 3809 2996">
    <p class='ocr_par' dir='ltr' id='par_1_71' title="bbox 2204 2919 3809 2996">
     <span class='ocr_line' id='line_1_71' title="bbox 2204 2919 3809 2996; baseline -0.004 -16"><span class='ocrx_word' id='word_1_490' title='bbox 2204 2925 2564 2991; x_wconf 78' lang='grc' dir='ltr'>τωθαζόντων</span> <span class='ocrx_word' id='word_1_491' title='bbox 2595 2927 2750 2996; x_wconf 78' lang='grc' dir='ltr'>ἡμῖν,</span> <span class='ocrx_word' id='word_1_492' title='bbox 2769 2925 2863 2979; x_wconf 73' lang='grc' dir='ltr'>καὶ</span> <span class='ocrx_word' id='word_1_493' title='bbox 2889 2926 3045 2978; x_wconf 87' lang='grc' dir='ltr'>ἐπικε</span> <span class='ocrx_word' id='word_1_494' title='bbox 3056 2923 3423 2994; x_wconf 86' lang='grc' dir='ltr'>ρτομούντων,</span> <span class='ocrx_word' id='word_1_495' title='bbox 3451 2924 3613 2993; x_wconf 78' lang='grc' dir='ltr'>ἡμεῖς</span> <span class='ocrx_word' id='word_1_496' title='bbox 3637 2919 3809 2975; x_wconf 82' lang='grc' dir='ltr'>ἀνιώ-</span> 
     </span>
    </p>
   </div>
   <div class='ocr_carea' id='block_1_72' title="bbox 2189 3013 3806 3089">
    <p class='ocr_par' dir='ltr' id='par_1_72' title="bbox 2189 3013 3806 3089">
     <span class='ocr_line' id='line_1_72' title="bbox 2189 3013 3806 3089; baseline -0.002 -19"><span class='ocrx_word' id='word_1_497' title='bbox 2189 3017 2373 3089; x_wconf 83' lang='grc' dir='ltr'>μεθα.</span> <span class='ocrx_word' id='word_1_498' title='bbox 2420 3017 2579 3072; x_wconf 78' lang='grc' dir='ltr'>Κατὰ</span> <span class='ocrx_word' id='word_1_499' title='bbox 2621 3018 2680 3071; x_wconf 82' lang='grc' dir='ltr'>δὲ</span> <span class='ocrx_word' id='word_1_500' title='bbox 2719 3017 2847 3080; x_wconf 73' lang='grc' dir='ltr'>τοὺς</span> <span class='ocrx_word' id='word_1_501' title='bbox 2908 3014 3315 3086; x_wconf 78' lang='grc' dir='ltr'>Ἐσδομήκοντα</span> <span class='ocrx_word' id='word_1_502' title='bbox 3356 3013 3500 3068; x_wconf 77' lang='grc' dir='ltr'>οὕτω</span> <span class='ocrx_word' id='word_1_503' title='bbox 3541 3014 3806 3085; x_wconf 83' lang='grc' dir='ltr'>νοητέον·</span> 
     </span>
    </p>
   </div>
   <div class='ocr_carea' id='block_1_73' title="bbox 2215 3103 3810 3177">
    <p class='ocr_par' dir='ltr' id='par_1_73' title="bbox 2215 3103 3810 3177">
     <span class='ocr_line' id='line_1_73' title="bbox 2215 3103 3810 3177; baseline -0.001 -17"><span class='ocrx_word' id='word_1_504' title='bbox 2215 3126 2234 3160; x_wconf 70' lang='grc' dir='ltr'><em>ς</em></span> <span class='ocrx_word' id='word_1_505' title='bbox 2272 3109 2346 3161; x_wconf 90' lang='grc' dir='ltr'>Τὸ</span> <span class='ocrx_word' id='word_1_506' title='bbox 2373 3107 2582 3172; x_wconf 67' lang='grc' dir='ltr'>ὄνειδος</span> <span class='ocrx_word' id='word_1_507' title='bbox 2617 3104 3079 3177; x_wconf 63' lang='grc' dir='ltr'>τοῖςηεύθηνοῢσι,</span> <span class='ocrx_word' id='word_1_508' title='bbox 3110 3105 3206 3158; x_wconf 56' lang='grc' dir='ltr'><strong>καὶ⁵</strong></span> <span class='ocrx_word' id='word_1_509' title='bbox 3236 3106 3270 3175; x_wconf 87' lang='grc' dir='ltr'><strong>ἡ</strong></span> <span class='ocrx_word' id='word_1_510' title='bbox 3308 3103 3656 3168; x_wconf 81' lang='grc' dir='ltr'>ἐξουδένωσις</span> <span class='ocrx_word' id='word_1_511' title='bbox 3693 3105 3810 3168; x_wconf 73' lang='grc' dir='ltr'>τοῖς</span> 
     </span>
    </p>
   </div>
   <div class='ocr_carea' id='block_1_74' title="bbox 2213 3189 3808 3273">
    <p class='ocr_par' dir='ltr' id='par_1_74' title="bbox 2213 3189 3808 3273">
     <span class='ocr_line' id='line_1_74' title="bbox 2213 3189 3808 3273; baseline -0.004 -18"><span class='ocrx_word' id='word_1_512' title='bbox 2213 3201 2606 3273; x_wconf 78' lang='grc' dir='ltr'>ὑπερηφάνοις.</span> <span class='ocrx_word' id='word_1_513' title='bbox 2669 3189 2687 3252; x_wconf 68' lang='grc' dir='ltr'><strong>ι</strong></span> <span class='ocrx_word' id='word_1_514' title='bbox 2749 3196 3158 3269; x_wconf 72' lang='grc' dir='ltr'>Ἀντίστρεψον,</span> <span class='ocrx_word' id='word_1_515' title='bbox 3193 3197 3350 3267; x_wconf 65' lang='grc' dir='ltr'>φησι,</span> <span class='ocrx_word' id='word_1_516' title='bbox 3379 3195 3808 3268; x_wconf 66' lang='grc' dir='ltr'>τὰλπρὰγματα,</span> 
     </span>
    </p>
   </div>
   <div class='ocr_carea' id='block_1_75' title="bbox 2210 3275 3806 3358">
    <p class='ocr_par' dir='ltr' id='par_1_75' title="bbox 2210 3275 3806 3358">
     <span class='ocr_line' id='line_1_75' title="bbox 2210 3275 3806 3358; baseline -0.003 -15"><span class='ocrx_word' id='word_1_517' title='bbox 2210 3291 2480 3357; x_wconf 81' lang='grc' dir='ltr'>Δέσποτα,</span> <span class='ocrx_word' id='word_1_518' title='bbox 2509 3291 2602 3342; x_wconf 73' lang='grc' dir='ltr'>καὶ</span> <span class='ocrx_word' id='word_1_519' title='bbox 2637 3290 2749 3352; x_wconf 87' lang='grc' dir='ltr'>τοῖς</span> <span class='ocrx_word' id='word_1_520' title='bbox 2774 3275 3264 3358; x_wconf 73' lang='grc' dir='ltr'>ἀλαζονευομένοις</span> <span class='ocrx_word' id='word_1_521' title='bbox 3291 3279 3409 3352; x_wconf 80' lang='grc' dir='ltr'>νῦν,</span> <span class='ocrx_word' id='word_1_522' title='bbox 3442 3287 3511 3340; x_wconf 82' lang='grc' dir='ltr'><strong>δι’</strong></span> <span class='ocrx_word' id='word_1_523' title='bbox 3541 3275 3610 3358; x_wconf 67' lang='grc' dir='ltr'>ἢν</span> <span class='ocrx_word' id='word_1_524' title='bbox 3643 3285 3806 3355; x_wconf 84' lang='grc' dir='ltr'>περί-</span> 
     </span>
    </p>
   </div>
   <div class='ocr_carea' id='block_1_76' title="bbox 2211 3377 3808 3452">
    <p class='ocr_par' dir='ltr' id='par_1_76' title="bbox 2211 3377 3808 3452">
     <span class='ocr_line' id='line_1_76' title="bbox 2211 3377 3808 3452; baseline -0.004 -16"><span class='ocrx_word' id='word_1_525' title='bbox 2211 3381 2783 3452; x_wconf 69' lang='grc' dir='ltr'>κέινταιεύκληρίαν,</span> <span class='ocrx_word' id='word_1_526' title='bbox 2845 3379 2947 3444; x_wconf 75' lang='grc' dir='ltr'><strong>τὰς</strong></span> <span class='ocrx_word' id='word_1_527' title='bbox 2997 3378 3279 3450; x_wconf 79' lang='grc' dir='ltr'>ἡμετέρας</span> <span class='ocrx_word' id='word_1_528' title='bbox 3343 3377 3597 3446; x_wconf 79' lang='grc' dir='ltr'>ἐπάγαγε</span> <span class='ocrx_word' id='word_1_529' title='bbox 3663 3393 3808 3448; x_wconf 85' lang='grc' dir='ltr'>συμ-</span> 
     </span>
    </p>
   </div>
   <div class='ocr_carea' id='block_1_77' title="bbox 2189 3465 3060 3554">
    <p class='ocr_par' dir='ltr' id='par_1_77' title="bbox 2189 3465 3060 3554">
     <span class='ocr_line' id='line_1_77' title="bbox 2189 3465 3060 3554; baseline 0.008 -9"><span class='ocrx_word' id='word_1_530' title='bbox 2189 3474 2407 3546; x_wconf 74' lang='grc' dir='ltr'>φοράς·</span> <span class='ocrx_word' id='word_1_531' title='bbox 2603 3465 2635 3531; x_wconf 70' lang='grc' dir='ltr'><strong>ἶ</strong></span> <span class='ocrx_word' id='word_1_532' title='bbox 2713 3505 2716 3508; x_wconf 92' lang='grc'>·</span> <span class='ocrx_word' id='word_1_533' title='bbox 2802 3492 2871 3554; x_wconf 84' lang='grc'><strong>·,</strong></span> 
     </span>
    </p>
   </div>
   <div class='ocr_carea' id='block_1_78' title="bbox 2515 3603 3483 3662">
    <p class='ocr_par' dir='ltr' id='par_1_78' title="bbox 2515 3603 3483 3662">
     <span class='ocr_line' id='line_1_78' title="bbox 2515 3603 3483 3662; baseline 0 -1"><span class='ocrx_word' id='word_1_534' title='bbox 2515 3606 2758 3662; x_wconf 85' lang='lat' dir='ltr'><strong>EPMHN</strong></span> <span class='ocrx_word' id='word_1_535' title='bbox 2796 3606 2840 3660; x_wconf 89' lang='grc' dir='ltr'>Τ</span> <span class='ocrx_word' id='word_1_536' title='bbox 2844 3606 2936 3660; x_wconf 85' lang='grc' dir='ltr'>ΟΥ</span> <span class='ocrx_word' id='word_1_537' title='bbox 2973 3606 3123 3660; x_wconf 81' lang='lat' dir='ltr'><strong>PKI&quot;</strong></span> <span class='ocrx_word' id='word_1_538' title='bbox 3155 3603 3483 3661; x_wconf 75' lang='grc' dir='ltr'><strong>ΨΑΛΜΟΥ.</strong></span> 
     </span>
    </p>
   </div>
   <div class='ocr_carea' id='block_1_79' title="bbox 2283 3735 3812 3811">
    <p class='ocr_par' dir='ltr' id='par_1_79' title="bbox 2283 3735 3812 3811">
     <span class='ocr_line' id='line_1_79' title="bbox 2283 3735 3812 3811; baseline -0.004 -17"><span class='ocrx_word' id='word_1_539' title='bbox 2283 3747 2352 3796; x_wconf 84' lang='grc' dir='ltr'>α’.</span> <span class='ocrx_word' id='word_1_540' title='bbox 2391 3758 2412 3793; x_wconf 78' lang='grc' dir='ltr'><strong>ι</strong></span> <span class='ocrx_word' id='word_1_541' title='bbox 2465 3738 2587 3811; x_wconf 76' lang='grc' dir='ltr'><strong>ᾨδὴ</strong></span> <span class='ocrx_word' id='word_1_542' title='bbox 2609 3738 2722 3792; x_wconf 85' lang='grc' dir='ltr'><strong>τῶν</strong></span> <span class='ocrx_word' id='word_1_543' title='bbox 2767 3737 3103 3808; x_wconf 77' lang='grc' dir='ltr'>ἀναϐαθμῶν</span> <span class='ocrx_word' id='word_1_544' title='bbox 3137 3737 3204 3790; x_wconf 78' lang='grc'><strong>⁸⁵.</strong></span> <span class='ocrx_word' id='word_1_545' title='bbox 3239 3755 3261 3790; x_wconf 75' lang='grc' dir='ltr'><strong>ι</strong></span> <span class='ocrx_word' id='word_1_546' title='bbox 3295 3735 3589 3806; x_wconf 75' lang='grc' dir='ltr'>Μετὰτὴν</span> <span class='ocrx_word' id='word_1_547' title='bbox 3619 3735 3667 3767; x_wconf 83' lang='grc'><strong><em>³⁸</em></strong></span> <span class='ocrx_word' id='word_1_548' title='bbox 3698 3735 3812 3790; x_wconf 81' lang='grc' dir='ltr'>ἀπὸ</span> 
     </span>
    </p>
   </div>
   <div class='ocr_carea' id='block_1_80' title="bbox 2213 3825 3810 3901">
    <p class='ocr_par' dir='ltr' id='par_1_80' title="bbox 2213 3825 3810 3901">
     <span class='ocr_line' id='line_1_80' title="bbox 2213 3825 3810 3901; baseline -0.003 -16"><span class='ocrx_word' id='word_1_549' title='bbox 2213 3828 2530 3893; x_wconf 77' lang='grc' dir='ltr'>Βαϐυλῶνος</span> <span class='ocrx_word' id='word_1_550' title='bbox 2569 3828 2852 3895; x_wconf 78' lang='grc' dir='ltr'>ἐπάνοδον,</span> <span class='ocrx_word' id='word_1_551' title='bbox 2875 3827 3116 3889; x_wconf 76' lang='grc' dir='ltr'>ἅπαντες</span> <span class='ocrx_word' id='word_1_552' title='bbox 3148 3829 3201 3882; x_wconf 85' lang='lat' dir='ltr'><strong>ot</strong></span> <span class='ocrx_word' id='word_1_553' title='bbox 3249 3825 3642 3901; x_wconf 79' lang='grc' dir='ltr'>πλησιόχωροι,</span> <span class='ocrx_word' id='word_1_554' title='bbox 3679 3827 3810 3880; x_wconf 85' lang='grc' dir='ltr'>δυσ-</span> 
     </span>
    </p>
   </div>
   <div class='ocr_carea' id='block_1_81' title="bbox 2213 3918 3808 3997">
    <p class='ocr_par' dir='ltr' id='par_1_81' title="bbox 2213 3918 3808 3997">
     <span class='ocr_line' id='line_1_81' title="bbox 2213 3918 3808 3997; baseline -0.004 -20"><span class='ocrx_word' id='word_1_555' title='bbox 2213 3924 2542 3997; x_wconf 80' lang='grc' dir='ltr'>χεράναντες</span> <span class='ocrx_word' id='word_1_556' title='bbox 2579 3923 2677 3992; x_wconf 81' lang='grc' dir='ltr'>τὴν</span> <span class='ocrx_word' id='word_1_557' title='bbox 2713 3921 2823 3975; x_wconf 85' lang='grc' dir='ltr'><strong>τῶν</strong></span> <span class='ocrx_word' id='word_1_558' title='bbox 2857 3920 3127 3974; x_wconf 81' lang='grc' dir='ltr'>Ἰουδαίων</span> <span class='ocrx_word' id='word_1_559' title='bbox 3151 3919 3489 3989; x_wconf 81' lang='grc' dir='ltr'>ἐλευθερίαν,</span> <span class='ocrx_word' id='word_1_560' title='bbox 3530 3920 3681 3988; x_wconf 80' lang='grc' dir='ltr'>κοινῇ</span> <span class='ocrx_word' id='word_1_561' title='bbox 3715 3918 3808 3972; x_wconf 77' lang='grc' dir='ltr'><strong>τὸν</strong></span> 
     </span>
    </p>
   </div>
   <div class='ocr_carea' id='block_1_82' title="bbox 2214 4009 3806 4088">
    <p class='ocr_par' dir='ltr' id='par_1_82' title="bbox 2214 4009 3806 4088">
     <span class='ocr_line' id='line_1_82' title="bbox 2214 4009 3806 4088; baseline -0.005 -18"><span class='ocrx_word' id='word_1_562' title='bbox 2214 4016 2350 4088; x_wconf 87' lang='grc' dir='ltr'>πρὸς</span> <span class='ocrx_word' id='word_1_563' title='bbox 2379 4015 2578 4077; x_wconf 78' lang='grc' dir='ltr'>αὐτοὺς</span> <span class='ocrx_word' id='word_1_564' title='bbox 2608 4013 2932 4080; x_wconf 76' lang='grc' dir='ltr'>ἀνεδέξαντο</span> <span class='ocrx_word' id='word_1_565' title='bbox 2971 4012 3230 4084; x_wconf 81' lang='grc' dir='ltr'>πόλεμον,</span> <span class='ocrx_word' id='word_1_566' title='bbox 3265 4011 3361 4066; x_wconf 76' lang='grc' dir='ltr'>καὶ</span> <span class='ocrx_word' id='word_1_567' title='bbox 3392 4009 3650 4081; x_wconf 74' lang='grc' dir='ltr'>βάρϐαρα</span> <span class='ocrx_word' id='word_1_568' title='bbox 3675 4009 3806 4080; x_wconf 76' lang='grc' dir='ltr'>ἔθνη</span> 
     </span>
    </p>
   </div>
   <div class='ocr_carea' id='block_1_83' title="bbox 2214 4104 3804 4176">
    <p class='ocr_par' dir='ltr' id='par_1_83' title="bbox 2214 4104 3804 4176">
     <span class='ocr_line' id='line_1_83' title="bbox 2214 4104 3804 4176; baseline -0.007 -11"><span class='ocrx_word' id='word_1_569' title='bbox 2214 4106 2639 4176; x_wconf 79' lang='grc' dir='ltr'>συναγαγόντες,</span> <span class='ocrx_word' id='word_1_570' title='bbox 2688 4107 2830 4160; x_wconf 73' lang='grc' dir='ltr'>κατὰ</span> <span class='ocrx_word' id='word_1_571' title='bbox 2867 4106 3066 4160; x_wconf 85' lang='grc' dir='ltr'>ταυτὸν</span> <span class='ocrx_word' id='word_1_572' title='bbox 3098 4105 3286 4169; x_wconf 79' lang='grc' dir='ltr'>αὐτοῖς</span> <span class='ocrx_word' id='word_1_573' title='bbox 3330 4104 3804 4175; x_wconf 76' lang='grc' dir='ltr'>ἐπεστράτευσαν,</span> 
     </span>
    </p>
   </div>
   <div class='ocr_carea' id='block_1_84' title="bbox 2213 4181 3806 4269">
    <p class='ocr_par' dir='ltr' id='par_1_84' title="bbox 2213 4181 3806 4269">
     <span class='ocr_line' id='line_1_84' title="bbox 2213 4181 3806 4269; baseline -0.006 -16"><span class='ocrx_word' id='word_1_574' title='bbox 2213 4181 2537 4262; x_wconf 77' lang='grc' dir='ltr'>ἐλπίσαντες</span> <span class='ocrx_word' id='word_1_575' title='bbox 2579 4199 2672 4252; x_wconf 73' lang='grc' dir='ltr'>καὶ</span> <span class='ocrx_word' id='word_1_576' title='bbox 2700 4198 2872 4269; x_wconf 68' lang='grc' dir='ltr'>αυτὴν</span> <span class='ocrx_word' id='word_1_577' title='bbox 2915 4184 3097 4251; x_wconf 83' lang='grc' dir='ltr'>αύτῶν</span> <span class='ocrx_word' id='word_1_578' title='bbox 3140 4195 3508 4250; x_wconf 76' lang='grc' dir='ltr'>κατασϐέσειν</span> <span class='ocrx_word' id='word_1_579' title='bbox 3535 4195 3632 4262; x_wconf 78' lang='grc' dir='ltr'>τὴν</span> <span class='ocrx_word' id='word_1_580' title='bbox 3662 4195 3806 4264; x_wconf 84' lang='grc' dir='ltr'>μνή-</span> 
     </span>
    </p>
   </div>
   <div class='ocr_carea' id='block_1_85' title="bbox 2217 4279 3808 4368">
    <p class='ocr_par' dir='ltr' id='par_1_85' title="bbox 2217 4279 3808 4368">
     <span class='ocr_line' id='line_1_85' title="bbox 2217 4279 3808 4368; baseline -0.003 -27"><span class='ocrx_word' id='word_1_581' title='bbox 2217 4305 2348 4360; x_wconf 88' lang='grc' dir='ltr'>μην.</span> <span class='ocrx_word' id='word_1_582' title='bbox 2394 4287 2557 4342; x_wconf 78' lang='grc' dir='ltr'>Ἀλλὰ</span> <span class='ocrx_word' id='word_1_583' title='bbox 2589 4288 2749 4341; x_wconf 71' lang='grc' dir='ltr'>πάλιν</span> <span class='ocrx_word' id='word_1_584' title='bbox 2778 4289 2805 4340; x_wconf 87' lang='grc' dir='ltr'>ὁ</span> <span class='ocrx_word' id='word_1_585' title='bbox 2830 4289 2938 4342; x_wconf 90' lang='grc' dir='ltr'><strong>τῶν</strong></span> <span class='ocrx_word' id='word_1_586' title='bbox 2963 4289 3100 4342; x_wconf 84' lang='grc' dir='ltr'>ὅλων</span> <span class='ocrx_word' id='word_1_587' title='bbox 3145 4289 3279 4353; x_wconf 85' lang='grc' dir='ltr'>Θεὸς</span> <span class='ocrx_word' id='word_1_588' title='bbox 3307 4291 3421 4352; x_wconf 78' lang='grc' dir='ltr'>τοῖς</span> <span class='ocrx_word' id='word_1_589' title='bbox 3454 4287 3552 4358; x_wconf 88' lang='grc' dir='ltr'><strong>μέν</strong></span> <span class='ocrx_word' id='word_1_590' title='bbox 3582 4279 3808 4368; x_wconf 73' lang='grc' dir='ltr'>οἰκείοις</span> 
     </span>
    </p>
   </div>
   <div class='ocr_carea' id='block_1_86' title="bbox 2216 4375 3808 4450">
    <p class='ocr_par' dir='ltr' id='par_1_86' title="bbox 2216 4375 3808 4450">
     <span class='ocr_line' id='line_1_86' title="bbox 2216 4375 3808 4450; baseline -0.003 -19"><span class='ocrx_word' id='word_1_591' title='bbox 2216 4379 2516 4450; x_wconf 84' lang='grc' dir='ltr'>ἐπήρκεσε,</span> <span class='ocrx_word' id='word_1_592' title='bbox 2561 4381 2690 4441; x_wconf 76' lang='grc' dir='ltr'>τοὺς</span> <span class='ocrx_word' id='word_1_593' title='bbox 2735 4378 2792 4432; x_wconf 88' lang='grc' dir='ltr'><strong>δέ</strong></span> <span class='ocrx_word' id='word_1_594' title='bbox 2842 4378 3136 4449; x_wconf 84' lang='grc' dir='ltr'>πολεμίους</span> <span class='ocrx_word' id='word_1_595' title='bbox 3188 4377 3581 4448; x_wconf 80' lang='grc' dir='ltr'>κατηκόντισεν</span> <span class='ocrx_word' id='word_1_596' title='bbox 3629 4375 3808 4428; x_wconf 78' lang='grc' dir='ltr'>ᾶπαν-</span> 
     </span>
    </p>
   </div>
   <div class='ocr_carea' id='block_1_87' title="bbox 527 4438 2108 4543">
    <p class='ocr_par' dir='ltr' id='par_1_87' title="bbox 527 4438 2108 4524">
     <span class='ocr_line' id='line_1_87' title="bbox 527 4438 2108 4524; baseline 0.015 -33"><span class='ocrx_word' id='word_1_597' title='bbox 527 4438 652 4493; x_wconf 89' lang='lat' dir='ltr'><strong>rimi</strong></span> <span class='ocrx_word' id='word_1_598' title='bbox 693 4444 970 4512; x_wconf 79' lang='lat' dir='ltr'><strong>propheta:</strong></span> <span class='ocrx_word' id='word_1_599' title='bbox 993 4483 1008 4508; x_wconf 91' lang='lat'><strong>,</strong></span> <span class='ocrx_word' id='word_1_600' title='bbox 1041 4455 1095 4500; x_wconf 88' lang='lat' dir='ltr'><strong>et</strong></span> <span class='ocrx_word' id='word_1_601' title='bbox 1124 4445 1277 4512; x_wconf 84' lang='lat' dir='ltr'><strong>Joel,</strong></span> <span class='ocrx_word' id='word_1_602' title='bbox 1312 4462 1365 4505; x_wconf 89' lang='lat' dir='ltr'><strong>et</strong></span> <span class='ocrx_word' id='word_1_603' title='bbox 1397 4451 1686 4519; x_wconf 78' lang='lat' dir='ltr'><strong>Ezechiel,</strong></span> <span class='ocrx_word' id='word_1_604' title='bbox 1727 4467 1781 4512; x_wconf 91' lang='lat' dir='ltr'><strong>et</strong></span> <span class='ocrx_word' id='word_1_605' title='bbox 1821 4457 2074 4514; x_wconf 67' lang='lat' dir='ltr'><strong>Michaeas</strong></span> <span class='ocrx_word' id='word_1_606' title='bbox 2095 4500 2108 4524; x_wconf 83' lang='lat'><strong>,</strong></span> 
     </span>
    </p>
   </div>
   <div class='ocr_carea' id='block_1_88' title="bbox 2205 4438 3806 4543">
    <p class='ocr_par' dir='ltr' id='par_1_88' title="bbox 2216 4438 3806 4543">
     <span class='ocr_line' id='line_1_88' title="bbox 2216 4438 3806 4543; baseline -0.003 -20"><span class='ocrx_word' id='word_1_607' title='bbox 2216 4438 2342 4533; x_wconf 58' lang='grc' dir='ltr'>ταέί</span> <span class='ocrx_word' id='word_1_608' title='bbox 2385 4438 2620 4538; x_wconf 73' lang='grc' dir='ltr'>Λέγουσι</span> <span class='ocrx_word' id='word_1_609' title='bbox 2653 4438 2711 4523; x_wconf 77' lang='grc' dir='ltr'>δὲ</span> <span class='ocrx_word' id='word_1_610' title='bbox 2757 4469 2929 4525; x_wconf 80' lang='grc' dir='ltr'>ταῦτα</span> <span class='ocrx_word' id='word_1_611' title='bbox 2957 4438 3066 4525; x_wconf 48' lang='grc' dir='ltr'>τ’ῶν</span> <span class='ocrx_word' id='word_1_612' title='bbox 3107 4438 3405 4543; x_wconf 74' lang='grc' dir='ltr'>προφητῶν</span> <span class='ocrx_word' id='word_1_613' title='bbox 3450 4469 3498 4521; x_wconf 85' lang='lat' dir='ltr'><strong>oi</strong></span> <span class='ocrx_word' id='word_1_614' title='bbox 3548 4465 3806 4532; x_wconf 81' lang='grc' dir='ltr'>πλείους,</span> 
     </span>
    </p>
   </div>
   <div class='ocr_carea' id='block_1_89' title="bbox 527 4528 2108 4631">
    <p class='ocr_par' dir='ltr' id='par_1_89' title="bbox 527 4528 2107 4608">
     <span class='ocr_line' id='line_1_89' title="bbox 527 4528 2107 4608; baseline 0.017 -28"><span class='ocrx_word' id='word_1_615' title='bbox 527 4539 582 4581; x_wconf 89' lang='lat' dir='ltr'><strong>ct</strong></span> <span class='ocrx_word' id='word_1_616' title='bbox 609 4528 906 4588; x_wconf 86' lang='lat' dir='ltr'><strong>Zacharias</strong></span> <span class='ocrx_word' id='word_1_617' title='bbox 927 4574 942 4600; x_wconf 96' lang='lat'><strong>,</strong></span> <span class='ocrx_word' id='word_1_618' title='bbox 977 4545 1029 4590; x_wconf 89' lang='lat' dir='ltr'><strong>et</strong></span> <span class='ocrx_word' id='word_1_619' title='bbox 1061 4539 1154 4592; x_wconf 87' lang='lat' dir='ltr'><strong>alii</strong></span> <span class='ocrx_word' id='word_1_620' title='bbox 1187 4549 1385 4608; x_wconf 66' lang='lat' dir='ltr'><strong>praeter</strong></span> <span class='ocrx_word' id='word_1_621' title='bbox 1417 4544 1518 4600; x_wconf 89' lang='lat' dir='ltr'><strong>hos</strong></span> <span class='ocrx_word' id='word_1_622' title='bbox 1555 4547 1736 4602; x_wconf 87' lang='lat' dir='ltr'><strong>multi.</strong></span> <span class='ocrx_word' id='word_1_623' title='bbox 1779 4548 1905 4605; x_wconf 70' lang='lat' dir='ltr'><strong>I-ltee</strong></span> <span class='ocrx_word' id='word_1_624' title='bbox 1942 4552 2107 4606; x_wconf 84' lang='lat' dir='ltr'><strong>etiam</strong></span> 
     </span>
    </p>
   </div>
   <div class='ocr_carea' id='block_1_90' title="bbox 2205 4528 3810 4631">
    <p class='ocr_par' dir='ltr' id='par_1_90' title="bbox 2217 4528 3810 4631">
     <span class='ocr_line' id='line_1_90' title="bbox 2217 4528 3810 4631; baseline -0.001 -18"><span class='ocrx_word' id='word_1_625' title='bbox 2217 4528 2314 4613; x_wconf 64' lang='lat' dir='ltr'><strong>atati.</strong></span> <span class='ocrx_word' id='word_1_626' title='bbox 2367 4528 2544 4630; x_wconf 62' lang='grc' dir='ltr'>Ἰωηλ,</span> <span class='ocrx_word' id='word_1_627' title='bbox 2582 4559 2676 4612; x_wconf 78' lang='grc' dir='ltr'>καὶ</span> <span class='ocrx_word' id='word_1_628' title='bbox 2715 4557 2996 4631; x_wconf 76' lang='grc' dir='ltr'>Ἰεζεκιὴλ,</span> <span class='ocrx_word' id='word_1_629' title='bbox 3041 4528 3446 4630; x_wconf 35' lang='grc' dir='ltr'>καὶθλάιέαίας,</span> <span class='ocrx_word' id='word_1_630' title='bbox 3497 4559 3594 4613; x_wconf 81' lang='grc' dir='ltr'><strong>καὶ</strong></span> <span class='ocrx_word' id='word_1_631' title='bbox 3629 4528 3810 4630; x_wconf 50' lang='grc' dir='ltr'><strong>Ζοιχαζ</strong></span> 
     </span>
    </p>
   </div>
   <div class='ocr_carea' id='block_1_91' title="bbox 529 4619 1668 4694">
    <p class='ocr_par' dir='ltr' id='par_1_91' title="bbox 529 4619 1668 4694">
     <span class='ocr_line' id='line_1_91' title="bbox 529 4619 1668 4694; baseline 0.019 -22"><span class='ocrx_word' id='word_1_632' title='bbox 529 4619 634 4680; x_wconf 82' lang='lat' dir='ltr'><strong>hoc</strong></span> <span class='ocrx_word' id='word_1_633' title='bbox 659 4623 712 4675; x_wconf 86' lang='lat' dir='ltr'><strong>in</strong></span> <span class='ocrx_word' id='word_1_634' title='bbox 744 4623 866 4680; x_wconf 89' lang='lat' dir='ltr'><strong>loco</strong></span> <span class='ocrx_word' id='word_1_635' title='bbox 887 4627 1221 4686; x_wconf 82' lang='lat' dir='ltr'><strong>vaticinatur</strong></span> <span class='ocrx_word' id='word_1_636' title='bbox 1249 4633 1448 4691; x_wconf 86' lang='lat' dir='ltr'><strong>beatus</strong></span> <span class='ocrx_word' id='word_1_637' title='bbox 1477 4637 1668 4694; x_wconf 86' lang='lat' dir='ltr'><strong>David.</strong></span> 
     </span>
    </p>
   </div>
   <div class='ocr_carea' id='block_1_92' title="bbox 604 4815 2111 4896">
    <p class='ocr_par' dir='ltr' id='par_1_92' title="bbox 604 4815 2111 4896">
     <span class='ocr_line' id='line_1_92' title="bbox 604 4815 2111 4896; baseline 0.017 -29"><span class='ocrx_word' id='word_1_638' title='bbox 604 4833 624 4867; x_wconf 80' lang='grc' dir='ltr'><strong>ι</strong></span> <span class='ocrx_word' id='word_1_639' title='bbox 661 4815 778 4875; x_wconf 84' lang='lat' dir='ltr'><strong>Nisi</strong></span> <span class='ocrx_word' id='word_1_640' title='bbox 816 4820 1080 4881; x_wconf 89' lang='lat' dir='ltr'><strong>Dominus</strong></span> <span class='ocrx_word' id='word_1_641' title='bbox 1120 4827 1317 4884; x_wconf 77' lang='lat' dir='ltr'><strong>fuisset</strong></span> <span class='ocrx_word' id='word_1_642' title='bbox 1360 4845 1485 4886; x_wconf 89' lang='lat' dir='ltr'><strong>cum</strong></span> <span class='ocrx_word' id='word_1_643' title='bbox 1526 4833 1690 4889; x_wconf 84' lang='lat' dir='ltr'><strong>nobis</strong></span> <span class='ocrx_word' id='word_1_644' title='bbox 1715 4873 1730 4896; x_wconf 84' lang='lat'><strong>.</strong></span> <span class='ocrx_word' id='word_1_645' title='bbox 1775 4835 1924 4891; x_wconf 86' lang='lat' dir='ltr'><strong>dicat</strong></span> <span class='ocrx_word' id='word_1_646' title='bbox 1963 4851 2111 4893; x_wconf 90' lang='lat' dir='ltr'><strong>nunc</strong></span> 
     </span>
    </p>
   </div>
   <div class='ocr_carea' id='block_1_93' title="bbox 526 4905 2110 4994">
    <p class='ocr_par' dir='ltr' id='par_1_93' title="bbox 526 4905 2110 4994">
     <span class='ocr_line' id='line_1_93' title="bbox 526 4905 2110 4994; baseline 0.015 -31"><span class='ocrx_word' id='word_1_647' title='bbox 526 4905 715 4966; x_wconf 88' lang='lat' dir='ltr'><strong>Israel.</strong></span> <span class='ocrx_word' id='word_1_648' title='bbox 758 4912 947 4986; x_wconf 72' lang='lat' dir='ltr'><strong>[Vr-ms.</strong></span> <span class='ocrx_word' id='word_1_649' title='bbox 982 4919 1038 4986; x_wconf 76' lang='lat'><strong>2,</strong></span> <span class='ocrx_word' id='word_1_650' title='bbox 1076 4920 1155 4994; x_wconf 78' lang='grc'><strong>5.]</strong></span> <span class='ocrx_word' id='word_1_651' title='bbox 1190 4921 1302 4978; x_wconf 89' lang='lat' dir='ltr'><strong>Nisi</strong></span> <span class='ocrx_word' id='word_1_652' title='bbox 1339 4923 1602 4982; x_wconf 90' lang='lat' dir='ltr'><strong>Dominus</strong></span> <span class='ocrx_word' id='word_1_653' title='bbox 1630 4929 1828 4984; x_wconf 59' lang='lat' dir='ltr'><strong>fuisst&#39;t</strong></span> <span class='ocrx_word' id='word_1_654' title='bbox 1859 4944 1980 4983; x_wconf 88' lang='lat' dir='ltr'><strong>eum</strong></span> <span class='ocrx_word' id='word_1_655' title='bbox 2013 4945 2110 4986; x_wconf 83' lang='lat' dir='ltr'><strong>no-</strong></span> 
     </span>
    </p>
   </div>
   <div class='ocr_carea' id='block_1_94' title="bbox 529 4999 2112 5081">
    <p class='ocr_par' dir='ltr' id='par_1_94' title="bbox 529 4999 2112 5081">
     <span class='ocr_line' id='line_1_94' title="bbox 529 4999 2112 5081; baseline 0.015 -27"><span class='ocrx_word' id='word_1_656' title='bbox 529 4999 650 5065; x_wconf 85' lang='lat' dir='ltr'><strong>bis,</strong></span> <span class='ocrx_word' id='word_1_657' title='bbox 685 5021 812 5058; x_wconf 88' lang='lat' dir='ltr'><strong>cum</strong></span> <span class='ocrx_word' id='word_1_658' title='bbox 841 5021 1200 5081; x_wconf 77' lang='lat' dir='ltr'><strong>exsurgerent</strong></span> <span class='ocrx_word' id='word_1_659' title='bbox 1233 5016 1482 5074; x_wconf 77' lang='lat' dir='ltr'><strong>homines</strong></span> <span class='ocrx_word' id='word_1_660' title='bbox 1515 5020 1566 5072; x_wconf 93' lang='lat' dir='ltr'><strong>in</strong></span> <span class='ocrx_word' id='word_1_661' title='bbox 1600 5035 1720 5074; x_wconf 88' lang='lat' dir='ltr'><strong>nos.</strong></span> <span class='ocrx_word' id='word_1_662' title='bbox 1765 5020 1926 5076; x_wconf 83' lang='lat' dir='ltr'><strong>Forte</strong></span> <span class='ocrx_word' id='word_1_663' title='bbox 1958 5022 2112 5078; x_wconf 87' lang='lat' dir='ltr'><strong>vivos</strong></span> 
     </span>
    </p>
   </div>
   <div class='ocr_carea' id='block_1_95' title="bbox 531 5096 2111 5183">
    <p class='ocr_par' dir='ltr' id='par_1_95' title="bbox 531 5096 2111 5183">
     <span class='ocr_line' id='line_1_95' title="bbox 531 5096 2111 5183; baseline 0.011 -31"><span class='ocrx_word' id='word_1_664' title='bbox 531 5096 950 5168; x_wconf 84' lang='lat' dir='ltr'><strong>tleglutivissent</strong></span> <span class='ocrx_word' id='word_1_665' title='bbox 977 5120 1094 5161; x_wconf 87' lang='lat' dir='ltr'><strong>nos.</strong></span> <span class='ocrx_word' id='word_1_666' title='bbox 1129 5126 1147 5159; x_wconf 80' lang='grc' dir='ltr'><strong>ι</strong></span> <span class='ocrx_word' id='word_1_667' title='bbox 1192 5107 1390 5177; x_wconf 85' lang='lat' dir='ltr'><strong>Nolite,</strong></span> <span class='ocrx_word' id='word_1_668' title='bbox 1431 5111 1648 5182; x_wconf 64' lang='lat'><strong>1490</strong></span> <span class='ocrx_word' id='word_1_669' title='bbox 1677 5113 1878 5183; x_wconf 90' lang='lat' dir='ltr'><strong>inquit,</strong></span> <span class='ocrx_word' id='word_1_670' title='bbox 1911 5123 2111 5170; x_wconf 71' lang='lat' dir='ltr'><strong>vestra!</strong></span> 
     </span>
    </p>
   </div>
   <div class='ocr_carea' id='block_1_96' title="bbox 533 5192 2110 5277">
    <p class='ocr_par' dir='ltr' id='par_1_96' title="bbox 533 5192 2110 5277">
     <span class='ocr_line' id='line_1_96' title="bbox 533 5192 2110 5277; baseline 0.015 -38"><span class='ocrx_word' id='word_1_671' title='bbox 533 5193 787 5261; x_wconf 78' lang='lat' dir='ltr'><strong>potentia:</strong></span> <span class='ocrx_word' id='word_1_672' title='bbox 813 5194 1100 5255; x_wconf 88' lang='lat' dir='ltr'><strong>victoriam</strong></span> <span class='ocrx_word' id='word_1_673' title='bbox 1149 5203 1166 5224; x_wconf 82' lang='lat'><strong><em>‘</em></strong></span> <span class='ocrx_word' id='word_1_674' title='bbox 1211 5192 1526 5268; x_wconf 53' lang='lat' dir='ltr'><strong>ascribere}</strong></span> <span class='ocrx_word' id='word_1_675' title='bbox 1574 5202 1720 5261; x_wconf 88' lang='lat' dir='ltr'><strong>Deus</strong></span> <span class='ocrx_word' id='word_1_676' title='bbox 1750 5206 1900 5262; x_wconf 89' lang='lat' dir='ltr'><strong>enim</strong></span> <span class='ocrx_word' id='word_1_677' title='bbox 1943 5207 2110 5277; x_wconf 85' lang='lat' dir='ltr'><strong>hujus</strong></span> 
     </span>
    </p>
   </div>
   <div class='ocr_carea' id='block_1_97' title="bbox 2219 4646 3804 4720">
    <p class='ocr_par' dir='ltr' id='par_1_97' title="bbox 2219 4646 3804 4720">
     <span class='ocr_line' id='line_1_97' title="bbox 2219 4646 3804 4720; baseline 0.003 -20"><span class='ocrx_word' id='word_1_678' title='bbox 2219 4647 2364 4720; x_wconf 86' lang='grc' dir='ltr'>ρίας,</span> <span class='ocrx_word' id='word_1_679' title='bbox 2402 4647 2497 4701; x_wconf 75' lang='grc' dir='ltr'>καὶ</span> <span class='ocrx_word' id='word_1_680' title='bbox 2530 4646 2710 4720; x_wconf 74' lang='grc' dir='ltr'>ἕτεροι</span> <span class='ocrx_word' id='word_1_681' title='bbox 2743 4649 2880 4720; x_wconf 83' lang='grc' dir='ltr'>πρὸς</span> <span class='ocrx_word' id='word_1_682' title='bbox 2909 4649 3120 4714; x_wconf 85' lang='grc' dir='ltr'>τούτοις</span> <span class='ocrx_word' id='word_1_683' title='bbox 3153 4650 3358 4706; x_wconf 83' lang='grc' dir='ltr'>πολλοί.</span> <span class='ocrx_word' id='word_1_684' title='bbox 3412 4647 3601 4704; x_wconf 80' lang='grc' dir='ltr'>Ταῦτα</span> <span class='ocrx_word' id='word_1_685' title='bbox 3632 4650 3729 4704; x_wconf 70' lang='grc' dir='ltr'>καὶ</span> <span class='ocrx_word' id='word_1_686' title='bbox 3776 4652 3804 4704; x_wconf 83' lang='grc' dir='ltr'><strong><em>ὁ</em></strong></span> 
     </span>
    </p>
   </div>
   <div class='ocr_carea' id='block_1_98' title="bbox 2221 4738 3376 4812">
    <p class='ocr_par' dir='ltr' id='par_1_98' title="bbox 2221 4738 3376 4812">
     <span class='ocr_line' id='line_1_98' title="bbox 2221 4738 3376 4812; baseline 0.003 -21"><span class='ocrx_word' id='word_1_687' title='bbox 2221 4738 2490 4810; x_wconf 85' lang='grc' dir='ltr'>μακάριος</span> <span class='ocrx_word' id='word_1_688' title='bbox 2523 4738 2759 4793; x_wconf 82' lang='grc' dir='ltr'>ἐνταῦθα</span> <span class='ocrx_word' id='word_1_689' title='bbox 2794 4740 3154 4812; x_wconf 79' lang='grc' dir='ltr'>προθεσπίζει</span> <span class='ocrx_word' id='word_1_690' title='bbox 3188 4740 3376 4795; x_wconf 78' lang='grc' dir='ltr'>Δαϐίδ.</span> 
     </span>
    </p>
   </div>
   <div class='ocr_carea' id='block_1_99' title="bbox 2181 4839 3808 4927">
    <p class='ocr_par' dir='ltr' id='par_1_99' title="bbox 2181 4839 3808 4927">
     <span class='ocr_line' id='line_1_99' title="bbox 2181 4839 3808 4927; baseline 0.002 -24"><span class='ocrx_word' id='word_1_691' title='bbox 2181 4839 2186 4844; x_wconf 80' lang='grc'><em>’</em></span> <span class='ocrx_word' id='word_1_692' title='bbox 2301 4870 2319 4903; x_wconf 77' lang='grc' dir='ltr'><strong>ι</strong></span> <span class='ocrx_word' id='word_1_693' title='bbox 2354 4850 2417 4904; x_wconf 87' lang='lat' dir='ltr'><strong>Et</strong></span> <span class='ocrx_word' id='word_1_694' title='bbox 2445 4849 2520 4924; x_wconf 82' lang='grc' dir='ltr'>μὴ</span> <span class='ocrx_word' id='word_1_695' title='bbox 2549 4851 2632 4905; x_wconf 84' lang='grc' dir='ltr'>ὅτι</span> <span class='ocrx_word' id='word_1_696' title='bbox 2667 4845 2978 4924; x_wconf 72' lang='grc' dir='ltr'>Κύριοςῆν</span> <span class='ocrx_word' id='word_1_697' title='bbox 3023 4855 3082 4908; x_wconf 84' lang='grc' dir='ltr'><strong>ἐν</strong></span> <span class='ocrx_word' id='word_1_698' title='bbox 3127 4841 3284 4925; x_wconf 78' lang='grc' dir='ltr'>ἡμῖν,</span> <span class='ocrx_word' id='word_1_699' title='bbox 3315 4853 3526 4908; x_wconf 81' lang='grc' dir='ltr'>ειπάτω</span> <span class='ocrx_word' id='word_1_700' title='bbox 3572 4851 3638 4927; x_wconf 84' lang='grc' dir='ltr'>δὴ</span> <span class='ocrx_word' id='word_1_701' title='bbox 3701 4850 3808 4907; x_wconf 82' lang='grc' dir='ltr'><strong>Ἰσ-</strong></span> 
     </span>
    </p>
   </div>
   <div class='ocr_carea' id='block_1_100' title="bbox 2218 4934 3807 5017">
    <p class='ocr_par' dir='ltr' id='par_1_100' title="bbox 2218 4934 3807 5017">
     <span class='ocr_line' id='line_1_100' title="bbox 2218 4934 3807 5017; baseline 0.002 -22"><span class='ocrx_word' id='word_1_702' title='bbox 2218 4942 2378 5015; x_wconf 83' lang='grc' dir='ltr'>ραήλ.</span> <span class='ocrx_word' id='word_1_703' title='bbox 2413 4942 2505 5015; x_wconf 85' lang='grc' dir='ltr'>[β’,</span> <span class='ocrx_word' id='word_1_704' title='bbox 2533 4941 2630 5015; x_wconf 81' lang='grc' dir='ltr'>γ’.]</span> <span class='ocrx_word' id='word_1_705' title='bbox 2667 4944 2729 4996; x_wconf 77' lang='grc' dir='ltr'><strong>ΕΞ</strong></span> <span class='ocrx_word' id='word_1_706' title='bbox 2761 4942 2835 5016; x_wconf 80' lang='grc' dir='ltr'>μὴ</span> <span class='ocrx_word' id='word_1_707' title='bbox 2876 4945 2958 4998; x_wconf 83' lang='grc' dir='ltr'>ὅτι</span> <span class='ocrx_word' id='word_1_708' title='bbox 3005 4944 3214 5017; x_wconf 76' lang='grc' dir='ltr'>Κύριος</span> <span class='ocrx_word' id='word_1_709' title='bbox 3254 4934 3323 5017; x_wconf 73' lang='grc' dir='ltr'>ἦν</span> <span class='ocrx_word' id='word_1_710' title='bbox 3352 4947 3422 5008; x_wconf 37' lang='grc' dir='ltr'><strong>,ἐν</strong></span> <span class='ocrx_word' id='word_1_711' title='bbox 3451 4945 3704 5016; x_wconf 61' lang='grc' dir='ltr'>ήμῖν,,ἐν</span> <span class='ocrx_word' id='word_1_712' title='bbox 3734 4941 3807 5013; x_wconf 73' lang='grc' dir='ltr'><strong>τῷ</strong></span> 
     </span>
    </p>
   </div>
   <div class='ocr_carea' id='block_1_101' title="bbox 2210 5033 3806 5117">
    <p class='ocr_par' dir='ltr' id='par_1_101' title="bbox 2210 5033 3806 5117">
     <span class='ocr_line' id='line_1_101' title="bbox 2210 5033 3806 5117; baseline 0 -31"><span class='ocrx_word' id='word_1_713' title='bbox 2210 5034 2588 5104; x_wconf 83' lang='grc' dir='ltr'>ἐπαναστῆναι</span> <span class='ocrx_word' id='word_1_714' title='bbox 2628 5033 2953 5106; x_wconf 82' lang='grc' dir='ltr'>ἀνθρώπους</span> <span class='ocrx_word' id='word_1_715' title='bbox 2980 5037 3068 5105; x_wconf 79' lang='grc' dir='ltr'>ἐφ’</span> <span class='ocrx_word' id='word_1_716' title='bbox 3103 5037 3272 5117; x_wconf 78' lang='grc' dir='ltr'>ἡμᾶς.</span> <span class='ocrx_word' id='word_1_717' title='bbox 3309 5037 3454 5116; x_wconf 73' lang='grc' dir='ltr'>Ἄρα</span> <span class='ocrx_word' id='word_1_718' title='bbox 3487 5035 3700 5102; x_wconf 76' lang='grc' dir='ltr'>ζῶντας</span> <span class='ocrx_word' id='word_1_719' title='bbox 3737 5037 3806 5117; x_wconf 68' lang='grc' dir='ltr'>ᾷν</span> 
     </span>
    </p>
   </div>
   <div class='ocr_carea' id='block_1_102' title="bbox 2213 5113 3804 5200">
    <p class='ocr_par' dir='ltr' id='par_1_102' title="bbox 2213 5113 3804 5200">
     <span class='ocr_line' id='line_1_102' title="bbox 2213 5113 3804 5200; baseline -0.001 -19"><span class='ocrx_word' id='word_1_720' title='bbox 2213 5126 2471 5181; x_wconf 82' lang='grc' dir='ltr'>κατέπιον</span> <span class='ocrx_word' id='word_1_721' title='bbox 2503 5127 2673 5196; x_wconf 81' lang='grc' dir='ltr'>ἡμᾶς.</span> <span class='ocrx_word' id='word_1_722' title='bbox 2729 5144 2750 5178; x_wconf 74' lang='grc' dir='ltr'><strong>ι</strong></span> <span class='ocrx_word' id='word_1_723' title='bbox 2789 5128 2881 5198; x_wconf 84' lang='grc' dir='ltr'><strong>Μὴ</strong></span> <span class='ocrx_word' id='word_1_724' title='bbox 2928 5130 2995 5198; x_wconf 84' lang='grc' dir='ltr'>τῇ</span> <span class='ocrx_word' id='word_1_725' title='bbox 3028 5115 3294 5200; x_wconf 68' lang='grc' dir='ltr'>σφετέρᾳ,</span> <span class='ocrx_word' id='word_1_726' title='bbox 3317 5113 3319 5116; x_wconf 39' lang='grc'><em>’</em></span> <span class='ocrx_word' id='word_1_727' title='bbox 3345 5128 3532 5200; x_wconf 67' lang='grc' dir='ltr'>φησιν,</span> <span class='ocrx_word' id='word_1_728' title='bbox 3567 5113 3804 5199; x_wconf 78' lang='grc' dir='ltr'>ἐπιγρά-</span> 
     </span>
    </p>
   </div>
   <div class='ocr_carea' id='block_1_103' title="bbox 2211 5215 3804 5291">
    <p class='ocr_par' dir='ltr' id='par_1_103' title="bbox 2211 5215 3804 5291">
     <span class='ocr_line' id='line_1_103' title="bbox 2211 5215 3804 5291; baseline 0.001 -21"><span class='ocrx_word' id='word_1_729' title='bbox 2211 5216 2351 5289; x_wconf 77' lang='grc' dir='ltr'>ψητε</span> <span class='ocrx_word' id='word_1_730' title='bbox 2377 5215 2604 5288; x_wconf 78' lang='grc' dir='ltr'>δυνάμει</span> <span class='ocrx_word' id='word_1_731' title='bbox 2627 5215 2729 5288; x_wconf 82' lang='grc' dir='ltr'>τὴν</span> <span class='ocrx_word' id='word_1_732' title='bbox 2761 5216 2939 5290; x_wconf 87' lang='grc' dir='ltr'>νίκην,</span> <span class='ocrx_word' id='word_1_733' title='bbox 2970 5217 3104 5283; x_wconf 73' lang='grc' dir='ltr'>Θεὸς</span> <span class='ocrx_word' id='word_1_734' title='bbox 3133 5219 3242 5290; x_wconf 82' lang='grc' dir='ltr'><strong>γὰρ</strong></span> <span class='ocrx_word' id='word_1_735' title='bbox 3264 5218 3471 5291; x_wconf 84' lang='grc' dir='ltr'>ταύτης</span> <span class='ocrx_word' id='word_1_736' title='bbox 3502 5218 3804 5288; x_wconf 82' lang='grc' dir='ltr'>γεγένηται</span> 
     </span>
    </p>
   </div>
   <div class='ocr_carea' id='block_1_104' title="bbox 1651 5381 2713 5446">
    <p class='ocr_par' dir='ltr' id='par_1_104' title="bbox 1651 5381 2713 5446">
     <span class='ocr_line' id='line_1_104' title="bbox 1651 5381 2713 5446; baseline 0.012 -13"><span class='ocrx_word' id='word_1_737' title='bbox 1651 5381 1886 5439; x_wconf 75' lang='lat' dir='ltr'><strong>VARUE</strong></span> <span class='ocrx_word' id='word_1_738' title='bbox 1925 5384 2316 5446; x_wconf 84' lang='lat' dir='ltr'><strong>LECTIONES</strong></span> <span class='ocrx_word' id='word_1_739' title='bbox 2358 5389 2449 5445; x_wconf 86' lang='lat' dir='ltr'><strong>ET</strong></span> <span class='ocrx_word' id='word_1_740' title='bbox 2480 5389 2713 5446; x_wconf 61' lang='lat' dir='ltr'><strong>NOTJE.</strong></span> 
     </span>
    </p>
   </div>
   <div class='ocr_carea' id='block_1_105' title="bbox 601 5551 2108 5643">
    <p class='ocr_par' dir='ltr' id='par_1_105' title="bbox 601 5551 2108 5643">
     <span class='ocr_line' id='line_1_105' title="bbox 601 5551 2108 5643; baseline 0.009 -36"><span class='ocrx_word' id='word_1_741' title='bbox 601 5551 649 5586; x_wconf 73' lang='grc' dir='ltr'><strong>’τ</strong></span> <span class='ocrx_word' id='word_1_742' title='bbox 687 5553 806 5609; x_wconf 84' lang='grc' dir='ltr'><strong>Τοῦ</strong></span> <span class='ocrx_word' id='word_1_743' title='bbox 823 5556 990 5619; x_wconf 76' lang='grc' dir='ltr'>βίου.</span> <span class='ocrx_word' id='word_1_744' title='bbox 1045 5559 1103 5614; x_wconf 88' lang='lat' dir='ltr'><strong>In</strong></span> <span class='ocrx_word' id='word_1_745' title='bbox 1134 5559 1257 5643; x_wconf 72' lang='lat' dir='ltr'><strong>eod.</strong></span> <span class='ocrx_word' id='word_1_746' title='bbox 1293 5559 1317 5614; x_wconf 83' lang='lat' dir='ltr'><strong>I</strong></span> <span class='ocrx_word' id='word_1_747' title='bbox 1378 5559 1598 5631; x_wconf 85' lang='lat' dir='ltr'><strong>ponitur</strong></span> <span class='ocrx_word' id='word_1_748' title='bbox 1633 5575 1758 5620; x_wconf 88' lang='lat' dir='ltr'><strong>ante</strong></span> <span class='ocrx_word' id='word_1_749' title='bbox 1793 5567 1892 5632; x_wconf 73' lang='grc' dir='ltr'>τὰς</span> <span class='ocrx_word' id='word_1_750' title='bbox 1927 5601 2000 5611; x_wconf 90' lang='grc'><strong><em>-</em></strong></span> <span class='ocrx_word' id='word_1_751' title='bbox 2029 5570 2108 5636; x_wconf 77' lang='grc' dir='ltr'><strong>δρι</strong></span> 
     </span>
    </p>
   </div>
   <div class='ocr_carea' id='block_1_106' title="bbox 2205 5551 3808 5643">
    <p class='ocr_par' dir='ltr' id='par_1_106' title="bbox 2205 5572 3808 5643">
     <span class='ocr_line' id='line_1_106' title="bbox 2205 5572 3808 5643; baseline 0.003 -20"><span class='ocrx_word' id='word_1_752' title='bbox 2205 5587 2373 5641; x_wconf 82' lang='grc' dir='ltr'>μενοι.</span> <span class='ocrx_word' id='word_1_753' title='bbox 2449 5573 2497 5606; x_wconf 72' lang='grc'>³⁸</span> <span class='ocrx_word' id='word_1_754' title='bbox 2522 5575 2877 5643; x_wconf 82' lang='grc' dir='ltr'>Προσέχειν.</span> <span class='ocrx_word' id='word_1_755' title='bbox 2904 5574 3076 5632; x_wconf 83' lang='lat' dir='ltr'><strong>Abest</strong></span> <span class='ocrx_word' id='word_1_756' title='bbox 3103 5589 3134 5630; x_wconf 86' lang='lat' dir='ltr'><strong>a</strong></span> <span class='ocrx_word' id='word_1_757' title='bbox 3163 5576 3289 5632; x_wconf 89' lang='lat' dir='ltr'><strong>eod.</strong></span> <span class='ocrx_word' id='word_1_758' title='bbox 3321 5575 3373 5631; x_wconf 82' lang='lat' dir='ltr'><strong>I.</strong></span> <span class='ocrx_word' id='word_1_759' title='bbox 3449 5575 3496 5609; x_wconf 79' lang='lat'><strong>&quot;</strong></span> <span class='ocrx_word' id='word_1_760' title='bbox 3531 5576 3722 5634; x_wconf 76' lang='grc' dir='ltr'>Ἀναϐ.</span> <span class='ocrx_word' id='word_1_761' title='bbox 3751 5572 3808 5629; x_wconf 85' lang='lat' dir='ltr'><strong>In</strong></span> 
     </span>
    </p>
   </div>
   <div class='ocr_carea' id='block_1_107' title="bbox 534 5633 2108 5738">
    <p class='ocr_par' dir='ltr' id='par_1_107' title="bbox 534 5633 2108 5738">
     <span class='ocr_line' id='line_1_107' title="bbox 534 5633 2108 5738; baseline 0.01 -44"><span class='ocrx_word' id='word_1_762' title='bbox 534 5644 1068 5738; x_wconf 41' lang='lat' dir='ltr'><strong>Ite-rgtl-u‘hilebrghadd:</strong></span> <span class='ocrx_word' id='word_1_763' title='bbox 1317 5650 1595 5738; x_wconf 48' lang='lat' dir='ltr'><strong>l“‘</strong></span> <span class='ocrx_word' id='word_1_764' title='bbox 1621 5653 1733 5720; x_wconf 76' lang='grc' dir='ltr'>τὴν</span> <span class='ocrx_word' id='word_1_765' title='bbox 1762 5673 1813 5710; x_wconf 89' lang='grc' dir='ltr'><strong>κ.</strong></span> <span class='ocrx_word' id='word_1_766' title='bbox 2028 5633 2108 5738; x_wconf 69' lang='lat' dir='ltr'><strong>Ila</strong></span> 
     </span>
    </p>
   </div>
   <div class='ocr_carea' id='block_1_108' title="bbox 2205 5633 3810 5738">
    <p class='ocr_par' dir='ltr' id='par_1_108' title="bbox 2213 5662 3810 5738">
     <span class='ocr_line' id='line_1_108' title="bbox 2213 5662 3810 5738; baseline 0.006 -24"><span class='ocrx_word' id='word_1_767' title='bbox 2213 5668 2268 5715; x_wconf 85' lang='lat' dir='ltr'><strong>et</strong></span> <span class='ocrx_word' id='word_1_768' title='bbox 2329 5662 2432 5717; x_wconf 86' lang='lat' dir='ltr'><strong>aha</strong></span> <span class='ocrx_word' id='word_1_769' title='bbox 2468 5664 2637 5720; x_wconf 88' lang='lat' dir='ltr'><strong>multa</strong></span> <span class='ocrx_word' id='word_1_770' title='bbox 2668 5680 2735 5721; x_wconf 83' lang='lat' dir='ltr'><strong>ex</strong></span> <span class='ocrx_word' id='word_1_771' title='bbox 2777 5665 3185 5723; x_wconf 84' lang='lat' dir='ltr'><strong>Commentario</strong></span> <span class='ocrx_word' id='word_1_772' title='bbox 3222 5668 3288 5724; x_wconf 90' lang='lat' dir='ltr'><strong>ad</strong></span> <span class='ocrx_word' id='word_1_773' title='bbox 3334 5667 3481 5725; x_wconf 91' lang='lat' dir='ltr'><strong>hunc</strong></span> <span class='ocrx_word' id='word_1_774' title='bbox 3509 5667 3810 5738; x_wconf 85' lang='lat' dir='ltr'><strong>psalmum,</strong></span> 
     </span>
    </p>
   </div>
   <div class='ocr_carea' id='block_1_109' title="bbox 539 5707 2172 5800">
    <p class='ocr_par' dir='ltr' id='par_1_109' title="bbox 539 5707 2172 5800">
     <span class='ocr_line' id='line_1_109' title="bbox 539 5707 2172 5800; baseline 0.012 -39"><span class='ocrx_word' id='word_1_775' title='bbox 539 5707 759 5786; x_wconf 76' lang='lat' dir='ltr'><strong>Origeni</strong></span> <span class='ocrx_word' id='word_1_776' title='bbox 824 5716 1137 5774; x_wconf 82' lang='lat' dir='ltr'><strong>tribuuntur</strong></span> <span class='ocrx_word' id='word_1_777' title='bbox 1189 5719 1332 5788; x_wconf 54' lang='lat' dir='ltr'><strong>aliud</strong></span> <span class='ocrx_word' id='word_1_778' title='bbox 1391 5711 1617 5775; x_wconf 74' lang='lat' dir='ltr'><strong>Cord.l.</strong></span> <span class='ocrx_word' id='word_1_779' title='bbox 1656 5707 1703 5780; x_wconf 61' lang='grc' dir='ltr'>ἐ.</span> <span class='ocrx_word' id='word_1_780' title='bbox 1765 5707 1813 5798; x_wconf 68' lang='grc' dir='ltr'>ι).</span> 
     </span>
    </p>
   </div>
  </div>
