4128 6430
511 315 655 380 1887

1545 313 2039 374 TIIEODORETI
2094 312 2213 371 ΕΡ]
2226 310 2440 371 SCOPl
2494 308 2864 369 CYRENSIS

3661 295 3804 363 1888

508 427 903 500 Hierosolyma:
934 429 1079 500 logos
1106 431 1288 484 vivere
1311 435 1544 497 oportet.
1586 428 1658 483 lis
1704 428 1850 482 enim
1898 425 1992 496 qui
2024 426 2103 482 sic

2219 423 2577 496 Ἰερουσαλήμ
2612 421 2753 476 κατὰ
2776 423 2902 483 τοὺς
2934 418 3130 490 νόμους
3160 417 3260 488 τῆς
3305 413 3669 489 Ἰερουσαλὴμ
3705 430 3803 466 πο-

508 521 794 586 liabitaut,
828 533 883 576 et
914 522 1050 592 legis
1094 537 1261 592 scopo
1315 521 1730 591 obtemperant,
1785 521 2103 575 ﬁrmitatem

507 613 778 685 PrOpheta
810 614 1118 684 pollicetur.

582 785 746 840 Vsus.
782 773 843 839 ’2.
896 805 915 838 ‹
945 785 1159 840 Montes
1195 785 1249 839 in
1282 784 1515 839 circuitu
1546 783 1701 853 ejus,
1747 791 1802 836 et
1835 781 2104 836 Dominus

508 879 562 933 in
593 879 830 934 circuitu
875 879 1061 950 populi
1091 879 1200 934 sui.
1236 897 1254 930 ι
1298 878 1454 932 Sicut
1475 878 1622 931 enim
1653 884 1872 930 montes
1905 875 2106 930 civita-

506 981 616 1026 tem
645 971 912 1043 cingunt,
945 973 1026 1027 sic
1048 972 1234 1026 divina
1265 986 1398 1026 cura
1427 971 1575 1040 pium
1608 969 1788 1023 munit
1809 969 2100 1039 populum.

513 1081 533 1115 ι
571 1065 656 1118 Ab
704 1065 809 1118 hoc
855 1064 984 1118 inde
1029 1074 1270 1134 tempore
1302 1077 1477 1132 usque
1518 1062 1572 1116 in
1614 1061 1903 1116 saeculum.
1933 1078 1952 1110 ι
1987 1058 2106 1113 Non

507 1156 654 1212 enim
690 1157 1025 1228 temporaria
1070 1165 1156 1213 est
1203 1156 1389 1210 divina
1447 1154 1725 1226 potentia,
1761 1153 1859 1208 sed
1899 1152 2107 1217 sempi-

512 1260 673 1304 terna
703 1268 716 1304 :
752 1259 806 1305 et
840 1251 944 1304 hac
989 1250 1252 1321 dignatur
1281 1265 1377 1304 eos
1404 1249 1500 1318 qui
1539 1245 1755 1319 1492
1791 1246 1966 1317 ipsius
1990 1245 2108 1300 cul-

510 1352 626 1397 tum
657 1343 840 1413 magni
875 1342 1108 1397 faciunt.

579 1428 748 1485 Vsus.
782 1430 837 1483 5.
880 1447 898 1481 ι
933 1429 1077 1497 Quia
1122 1444 1232 1484 non
1279 1427 1557 1499 relinquet
1595 1426 1863 1482 Dominus
1893 1425 2104 1496 virgam

509 1529 868 1587 peccatorum
909 1533 1079 1588 super
1117 1527 1324 1575 sortem
1353 1519 1654 1589 justorum.
1687 1537 1707 1570 ι
1745 1516 1814 1572 Et
1848 1517 2107 1587 Assyrios

512 1611 721 1680 virgam
753 1611 954 1680 furoris
984 1625 1082 1680 per
1110 1609 1310 1666 Isaiam
1346 1611 1670 1681 prophetam
1706 1608 1976 1663 Dominus
2007 1623 2107 1679 ap-

514 1703 759 1775 pellavit.
799 1722 816 1755 ι
852 1701 945 1758 Va:
970 1704 1140 1767 enim,
1175 1704 1375 1774 inquit,
1400 1702 1644 1774 Assyriis
1674 1720 1687 1756 :
1723 1703 1874 1772 virga
1898 1700 2108 1757 furoris

2208 515 2521 568 λιτεύεσθαι
2549 516 2650 568 δεῖ.
2701 513 2826 575 Τοῖς
2878 511 2988 580 γὰρ
3017 509 3161 564 οὕτω
3208 508 3551 571 κατοικοῦσι,
3587 507 3684 559 καὶ
3724 503 3804 574 τῷ

2211 606 2401 676 σκοπῷ
2427 603 2521 658 τοῦ
2563 604 2730 674 νόμου
2765 601 3134 672 πειθομένοις,
3172 600 3232 654 τὸ
3262 598 3481 670 βέϐαιον
3519 602 3549 653 6
3588 596 3805 668 προφὴ-

2208 713 2308 767 της
2349 696 2642 765 ὑπέσχετο.

2281 789 2346 857 β’.
2389 807 2406 840 ι
2453 791 2592 858 Ὄρη
2625 786 2810 856 κύκλῳ
2839 786 3030 854 αὐτῆς,
3057 785 3151 839 καὶ
3189 788 3217 838 6
3243 785 3450 856 Κύριος
3486 784 3672 858 κύκλῳ
3706 787 3808 840 τοῦ

2207 881 2340 936 λαοῦ
2373 881 2567 935 αὑτοῦ.
2607 899 2626 932 ι
2664 880 2936 952 Καθάπερ
2966 881 3076 950 γὰρ
3111 877 3183 932 τά
3218 879 3319 950 ὅρη
3354 879 3453 950 τήν
3496 879 3656 933 πόλιν
3703 897 3807 933 κυ-

2208 975 2352 1039 κλοῖ,
2400 973 2574 1037 οὕτως
2628 975 2661 1044 ή
2715 972 2838 1026 Θεία
2890 973 3196 1043 κηδεμονία
3244 973 3338 1026 τὸν
3390 972 3592 1044 εὐσεϐῆ
3643 989 3838 1045 περι-⁸

2210 1068 2440 1138 φράττει
2473 1067 2624 1120 λαόν·
2663 1087 2681 1119 ι
2726 1066 2860 1119 Ἀπὸ
2884 1066 2980 1118 τοῦ
3015 1064 3134 1130 νῦν,
3167 1066 3260 1119 καὶ
3286 1065 3393 1128 ἕως
3413 1064 3504 1118 τοῦ
3532 1065 3750 1127 αἰῶνος.
3785 1084 3805 1116 ι

2210 1161 2285 1213 Οὐ
2320 1160 2427 1228 γὰρ
2460 1158 2797 1230 πρόσκαιρος
2831 1159 2865 1228 ἡ
2895 1157 2989 1210 τοῦ
3031 1156 3168 1210 Θεοῦ
3216 1156 3470 1225 δύναμις,
3519 1156 3636 1209 ἀλλ’
3675 1155 3812 1209 αίώ‹

2208 1266 2346 1313 νιος,
2406 1249 2502 1301 καὶ
2551 1249 2755 1317 ταύτης
2792 1247 2934 1312 ἀξιοῖ
2970 1249 3098 1311 τοὺς
3142 1245 3240 1318 τὴν
3293 1244 3594 1316 θεραπείαν
3638 1246 3811 1298 αὐτοῦ

2214 1359 2281 1394 πε
2292 1343 2345 1413 pi.
2380 1341 2579 1394 πολλοῦ
2621 1342 3010 1411 ποιουμένους,

2278 1440 2350 1501 γ’.
2398 1451 2416 1484 ι
2459 1433 2586 1487 Ὀτι
2634 1435 2736 1486 οὐκ
2792 1433 2997 1504 ἀφήσει
3048 1431 3256 1502 Κύριος
3305 1432 3406 1502 τὴν
3448 1431 3645 1502 ῥάϐδον
3699 1431 3815 1484 τῶν

2209 1521 2558 1594 ἁμαρτωλῶν
2612 1524 2706 1575 ἐπὶ
2748 1521 2840 1575 τὸν
2874 1522 3077 1592 κλῆρον
3115 1522 3225 1576 τῶν
3264 1521 3513 1576 δικαίων.
3550 1541 3568 1573 ι
3617 1523 3731 1575 Καὶ
3765 1525 3814 1554 ”

2209 1615 2339 1678 τοὺς
2388 1614 2717 1684 Ἀσσυρίους
2759 1613 2993 1684 ῥάϐδον
3041 1613 3238 1684 θυμοῦ
3276 1615 3365 1668 διὰ
3431 1616 3658 1669 Ἡσαΐου
3712 1615 3816 1669 τοῦ

2213 1707 2498 1778 προφήτου
2549 1707 3003 1778 προσηγόρευσεν
3048 1709 3076 1760 6
3123 1707 3276 1774 Θεὸς,
3317 1726 3336 1759 r
3377 1709 3515 1760 Οὐαὶ
3547 1708 3679 1780 γὰρ,
3715 1727 3820 1780 φη-

515 1800 622 1853 mci
651 1841 666 1864 ,
697 1809 750 1854 et
785 1800 877 1852 irae
907 1814 1040 1854 meae
1065 1839 1080 1864 ,
1129 1801 1183 1852 in
1231 1799 1490 1854 manibus
1519 1813 1736 1852 eorum.
1771 1795 2113 1867 Indignatio-

2219 1800 2323 1860 σὶν,
2367 1799 2705 1870 Ἀσσυρίοις,
2738 1801 2771 1870 ή
2805 1800 3002 1870 ῥάϐδος
3043 1800 3137 1852 τοῦ
3171 1799 3344 1870 θυμοῦ
3385 1818 3510 1871 μου,
3566 1803 3662 1854 καὶ
3712 1803 3820 1870 τῆς

516 1907 639 1946 nem
675 1907 848 1945 meam
894 1892 946 1946 in
990 1899 1206 1962 gentem
1249 1893 1494 1962 iniquam
1541 1891 1792 1953 mittam,
1826 1898 1882 1944 et
1921 1899 2112 1943 contra

517 1984 781 2054 pupulum
829 1998 1008 2037 meum
1064 1984 1341 2037 mandabo
1407 1991 1467 2038 ut
1511 1983 1688 2051 spolia
1748 1980 2010 2051 colligat,
2057 1989 2113 2033 et

517 2073 756 2143 prtedam
783 2084 828 2126 ο.
866 2094 884 2124 ι
921 2074 1034 2128 llec
1069 2081 1174 2135 est,
1209 2073 1374 2128 veluti
1407 2075 1648 2144 quadam
1683 2074 1836 2142 virga
1869 2071 2114 2143 Assyriis

516 2174 676 2218 utens
698 2206 712 2230 ,
741 2165 1222 2220 auimalversione
1254 2164 1452 2234 dignos
1481 2166 1714 2236 castigo.
1772 2165 1911 2219 Dicit
1945 2165 2115 2234 igitur

517 2259 682 2324 etiam
714 2257 802 2311 hic
831 2255 1126 2327 Propheta,
1158 2257 1304 2327 quod
1334 2257 1482 2327 justa
1516 2267 1676 2313 utens
1707 2259 1975 2312 sententia
2011 2258 2114 2314 Do-

517 2351 704 2406 minus
743 2351 1128 2405 universorum
1157 2390 1172 2414 ,
1209 2366 1318 2404 non
1353 2351 1730 2420 permissurus
1766 2351 1839 2405 sit
1869 2349 2112 2419 injusto-

521 2459 643 2496 rum
676 2447 884 2513 virgam
917 2444 1082 2498 metui
1106 2443 1383 2512 justorum
1416 2442 1608 2509 inﬂigi.
1645 2441 1852 2496 Deinde
1889 2457 2119 2497 causam

517 2536 716 2603 aperit.
763 2551 782 2584 ι
823 2531 892 2588 Ut
945 2549 1056 2587 non
1106 2533 1404 2589 extendant
1459 2533 1586 2604 justi
1640 2533 1707 2587 ad
1762 2521 2118 2602 iniquitatem

519 2642 718 2680 manus
760 2641 909 2680 snas.
942 2645 960 2677 ι
1001 2625 1080 2680 Ne
1112 2621 1440 2691 censentes,
1491 2626 1707 2696 inquit,
1750 2626 1973 2682 virtutis
2008 2635 2122 2680 stu-

523 2717 688 2781 diosi,
721 2719 839 2773 sine
866 2717 1062 2774 ordine
1087 2729 1140 2773 ct
1171 2720 1290 2774 sine
1316 2719 1714 2789 gubernatione
1745 2719 1931 2773 omnia
1958 2718 2112 2786 ferri,

520 2809 576 2863 in
604 2809 759 2879 pejus
785 2820 1032 2880 vergant,
1065 2820 1119 2865 et
1142 2811 1270 2866 hinc
1297 2812 1562 2865 damnum
1599 2819 1906 2880 reportent.

2215 1891 2387 1962 ὀργῆς
2437 1909 2563 1962 μου,
2602 1894 2659 1945 ὲν
2689 1894 2809 1956 ταῖς
2844 1893 3034 1962 χερσὶν
3081 1893 3282 1946 αὐτῶν.
3341 1893 3454 1962 Τὴν
3497 1893 3670 1964 ὀργήν
3709 1911 3819 1963 μου

2215 1984 2296 2046 είς
2348 1982 2502 2048 ἔθνος
2550 1984 2754 2053 ἄνομον
2804 1982 3126 2049 ἀποστελῶ,
3177 1984 3273 2038 καὶ
3313 1983 3393 2056 τῷ
3427 1984 3474 2016 ⁸ο
3525 1984 3645 2057 ἐμῷ
3697 1984 3820 2052 λαῷ

2219 2071 2474 2139 συντάξω
2509 2073 2735 2142 ποιῆσαι
2760 2072 2954 2140 σκῦλα,
2988 2073 3082 2126 καὶ
3111 2076 3418 2144 προνομήν.
3461 2093 3480 2126 ι
3522 2075 3669 2146 Ἀςιτὶ
3692 2075 3816 2141 τοῦ,

2217 2165 2487 2236 Καθάπερ
2537 2165 2645 2218 τινὶ
2688 2165 2872 2238 ῥάϐδῳ
2924 2168 3039 2229 τοῖς
3080 2165 3389 2237 Ἀσσυρίοις
3449 2169 3818 2239 κεχρημένος,

2219 2256 2346 2316 τοὺς
2379 2252 2563 2319 ἀξίους
2593 2255 2859 2310 παιδεύω.
2895 2256 3061 2325 Λέγει
3099 2256 3279 2310 τοίνυν
3314 2259 3342 2310 6
3381 2263 3670 2329 προφήτης
3721 2262 3822 2314 καὶ

2219 2347 2477 2410 ἐνταῦθα,
2513 2347 2596 2400 ὅτι
2649 2348 2840 2419 δικαίᾳ
2878 2349 3221 2420 κεχρημένος
3273 2349 3442 2420 ψήφῳ
3473 2351 3582 2403 τῶν
3617 2350 3757 2404 ὅλων
3791 2353 3821 2404 6

2223 2440 2453 2512 Κύριος,
2483 2441 2543 2493 οὺ
2581 2443 2933 2512 συγχωρήσει
2965 2441 3077 2493 τῶν
3109 2443 3444 2513 παρανόμων
3489 2442 3586 2512 τήν
3617 2443 3823 2513 ῥάϐδον

2222 2536 2287 2605 τῇ
2335 2533 2443 2585 τῶν
2495 2532 2720 2585 δικαίων
2766 2533 3132 2604 ἐπενεχθῆναι
3184 2535 3488 2604 συμμορίᾳ.
3537 2530 3669 2587 Εἶτα
3722 2535 3823 2588 καὶ

2224 2627 2322 2697 τὴν
2368 2629 2550 2680 αἰτίαν
2609 2626 2873 2680 διδάσκει.
2941 2646 2960 2678 ι
3015 2627 3203 2691 Ὅπως
3258 2628 3326 2680 ἂν
3369 2627 3446 2699 μὴ
3501 2627 3822 2682 ὲκτείνωσιν

2223 2722 2270 2774 οἱ
2298 2720 2499 2772 δίκαιοι
2531 2722 2589 2773 ὲν
2635 2720 2890 2790 ἀνομίαις
2939 2721 3129 2789 χεῖρας
3158 2718 3360 2773 αὐτῶν.
3413 2738 3432 2769 ι
3475 2719 3590 2772 Ἵνα
3631 2719 3708 2789 μὴ
3739 2737 3825 2773 νο-

2224 2813 2516 2881 μίσαντες,
2592 2812 2790 2882 φησιν,
2823 2812 2874 2864 οί
2938 2811 3034 2864 τοῦ
3092 2812 3462 2882 προσήκοντος
3515 2811 3821 2879 ἐπιμελού-

523 2921 676 2975 μενοι
722 2905 934 2959 ἄτακτα
983 2900 1124 2958 εῖναι
1179 2906 1357 2960 πάντα
1408 2905 1504 2958 καὶ
1549 2903 1940 2977 ἀκυϐέρνητα,
2012 2903 2254 2976 ρέψωσιν
2311 2905 2406 2958 ἐπὶ
2476 2906 2537 2958 τὸ
2611 2909 2831 2976 χεῖρον,
2899 2907 2995 2959 καὶ
3066 2904 3165 2976 τήν
3228 2902 3483 2957 ἐντεῦθεν
3543 2902 3821 2958 έλκύσωσι

523 2999 752 3072 βλάϐην.

594 3092 761 3148 Vsus.
785 3092 838 3146 4.
865 3110 883 3144 ι
907 3091 1160 3159 Benefac,
1178 3091 1428 3158 Domine,
1448 3093 1609 3148 bonis
1629 3105 1684 3148 et
1704 3092 1872 3148 rectis
1895 3093 2112 3148 corde.»

2292 3088 2358 3143 δ’.
2403 3107 2421 3138 ι
2459 3085 2781 3155 Ἀγάθυνον,
2807 3085 3003 3155 Κύριε,
3035 3087 3149 3148 τοῖς
3178 3085 3426 3153 ἀγαθοῖς,
3461 3084 3694 3147 καὶτοῖς
3729 3085 3823 3136 εὐ-

521 3186 658 3242 Cunt
683 3187 776 3240 Dei
798 3185 1071 3256 justitiam
1105 3186 1658 3258 ostendisset,justas
1680 3201 1872 3256 preces
1899 3185 2078 3240 fumiit
2103 3202 2114 3238 :

522 3279 820 3336 oratenim
872 3290 929 3333 ut
985 3279 1216 3348 aaqttalia
1259 3279 1482 3347 praemia
1518 3278 1645 3332 boni
1678 3285 2115 3346 consequantur.

527 3369 644 3424 Hoc
674 3371 839 3423 ctiam
881 3368 1144 3422 Dominus
1179 3369 1295 3422 ait:
1333 3387 1350 3419 ι
1390 3368 1505 3433 Qua
1529 3383 1792 3422 mensura
1823 3365 2116 3428 metimiui,

529 3463 728 3516 iterum
761 3459 1174 3514 mensurabitur
1204 3461 1361 3513 vobis
1384 3458 1434 3512 ἀ.
1476 3478 1494 3510 ι
1552 3458 1615 3512 Et
1653 3475 1666 3511 :
1715 3477 1733 3510 ι
1770 3457 1924 3511 Beati
1953 3456 2120 3510 mise-

529 3551 807 3615 ricordes,
842 3549 1105 3620 quoniam
1144 3548 1248 3618 ipsi
1295 3547 1730 3602 misericordiam
1774 3560 2122 3618 consequen-

532 3651 621 3696 tur
655 3652 700 3696 °.
737 3660 756 3693 ι

603 3737 623 3757 ‘
647 3731 815 3790 Vens.
850 3733 906 3787 ὃ.
953 3751 970 3783 ι
1005 3730 1350 3787 Deelinautes
1378 3739 1558 3787 autem
1599 3733 1667 3786 atl
1708 3731 1899 3788 dolosa
1931 3732 2120 3787 consi-

532 3826 602 3881 lia
637 3827 869 3881 abducet
898 3823 1160 3879 Dominus
1179 3840 1302 3877 cum
1325 3825 1685 3893 operantibus
1706 3824 2114 3895 iniquitatem.»

534 3923 728 3977 Dolosa
759 3921 985 3975 consilia
1023 3921 1220 3987 Aquila
1261 3920 1695 3988 complicationea
1728 3920 1915 3986 vertit,
1955 3919 2118 3991 Sym-

531 4014 760 4068 machus
795 4011 1156 4081 obliquitales,
1191 4008 1497 4065 Theodotio
1527 4027 1793 4078 perversa.
1834 4009 1982 4065 Nihil
2023 4025 2120 4065 au-

533 4115 638 4160 tem
673 4105 858 4176 injusti
892 4104 1050 4174 petiit
1074 4102 1347 4174 Propheta
1370 4142 1384 4166 ,
1430 4102 1524 4158 sed
1560 4111 1619 4156 ut
1649 4103 1779 4157 boni
1813 4101 1952 4157 bona
1987 4117 2122 4158 con-

530 4209 863 4270 sequantur,
903 4197 1114 4270 15.93
1154 4197 1248 4268 qui
1290 4210 1421 4251 vero
1483 4206 1688 4250 rectam
1738 4196 1882 4248 viam
1925 4194 2120 4249 dereli-

531 4299 792 4361 qucrunt,
820 4300 875 4344 et
898 4290 1330 4358 obligationibus
1359 4299 1410 4342 et
1443 4288 1822 4342 simultatibus
1852 4288 1932 4341 usi
1966 4295 2118 4353 sunt,

532 4395 922 4458 congruentem
959 4385 1121 4439 linem
1155 4385 1460 4438 inveniant.
1499 4403 1516 4434 ι
1545 4384 1654 4438 Pax
1685 4398 1850 4453 super
1878 4383 2068 4437 lsrael.
2095 4400 2114 4433 ›

2223 3178 2340 3232 θέσι
2373 3181 2439 3249 τῇ
2473 3177 2692 3248 καρδίᾳ.
2752 3197 2770 3228 ι
2815 3177 3005 3240 Δείξας
3057 3179 3152 3230 τοῦ
3202 3176 3340 3229 Θεοῦ
3380 3177 3441 3229 τὸ
3475 3176 3707 3244 δίκαιον,
3746 3176 3822 3229 δι·

2221 3269 2382 3322 καίαν
2433 3269 2668 3320 ποιεῖται
2702 3265 2800 3336 τὴν
2836 3265 3056 3337 δέησιν
3097 3265 3334 3319 ἱκετεύει
3373 3267 3482 3334 γὰρ
3525 3265 3635 3316 τῶν
3685 3265 3822 3318 ἴσων

2220 3363 2406 3429 τυχεῖν
2455 3360 2584 3421 τοὺς
2618 3359 2863 3426 ἀγαθοὺς
2904 3358 3252 3411 ἀντιδόσεων.
3299 3357 3472 3410 Τοῦτο
3530 3357 3588 3409 δὲ
3645 3357 3744 3410 καλ⁵
3791 3359 3821 3410 6

2222 3451 2424 3521 Κύριος
2457 3450 2586 3519 ἔφη·
2630 3469 2648 3502 ι
2695 3446 2766 3521 τῼ
2794 3451 2977 3520 μέτρῳ
3041 3452 3314 3520 μετρεῖτε,
3352 3448 3822 3520 ἀντιμετρηθήσε-

2221 3560 2311 3596 ται
2358 3546 2506 3613 ὐμῖν.
2546 3563 2564 3596 ι
2600 3543 2747 3596 Καί⁹
2784 3545 3062 3614 Μακάριοι
3093 3543 3142 3596 οί
3179 3543 3493 3613 ἐλεήμονες,
3535 3545 3619 3596 ὅτι
3660 3544 3820 3598 αὐτοὶ

2223 3635 2637 3707 ἐλεηθήσονται.
2687 3654 2706 3686 ι

2294 3735 2356 3783 ε’.
2409 3747 2427 3780 ι
2479 3729 2619 3792 Τοΰς
2655 3728 2712 3782 δὲ
2747 3727 3098 3792 ἐκκλίνοντας
3156 3728 3237 3790 είς
3286 3727 3385 3790 τὰς
3434 3727 3822 3799 στραγγαλιάς

2223 3820 2423 3887 ἀπάξει
2471 3819 2679 3892 Κύριος
2735 3819 2876 3890 μετά
2936 3820 3044 3874 τῶν
3093 3819 3486 3889 ἐργαζομένων
3541 3819 3645 3890 τὴν
3703 3821 3822 3872 άνο⁴

2225 3914 2376 3983 μίαν.
2424 3933 2442 3964 ι
2483 3915 2593 3978 Τὰς
2623 3912 3032 3982 στραγγαλιὰς
3074 3914 3104 3965 6
3151 3913 3248 3982 μὲν
3279 3912 3514 3975 Ἀκύλας
3566 3913 3822 3966 διαπλο-

2225 4006 2336 4072 κὰς
2367 4005 2710 4075 ἡρμήνευσε,
2749 4003 3152 4070 σκολιότητας
3179 4004 3237 4056 δὲ
3273 4004 3302 4055 6
3333 4003 3651 4075 Σύμμαχος,
3696 4007 3724 4057 6
3762 4004 3820 4058 δὲ

2223 4097 2516 4150 Θεοδοτίων
2561 4096 3025 4165 διεστραμμένα.
3056 4097 3265 4167 ’ᾙτησε
3303 4096 3486 4164 μέντοι
3514 4095 3668 4147 οὐδὲν
3703 4095 3821 4149 ἀδι-

2223 4205 2319 4241 κον
2340 4188 2368 4240 6
2389 4188 2687 4259 Προφήτης
2703 4205 2716 4219 ο
2738 4187 2873 4241 ἀλλὰ
2897 4187 3023 4250 τοὺς
3047 4189 3147 4257 μὲν
3174 4187 3414 4256 ἀγαθοὺς
3442 4186 3666 4255 ἀγαθῶν
3690 4190 3824 4240 ἀπο-

2221 4279 2445 4346 λαῦσαι,
2481 4282 2609 4344 τοὺς
2631 4281 2688 4334 δὲ
2719 4281 2816 4350 τὴν
2845 4280 2998 4334 θείαν
3031 4280 3074 4311 ⁸¹
3111 4282 3515 4344 καταλιπόντας
3552 4282 3698 4347 ὁδὸν,
3727 4283 3822 4334 καὶ

2226 4371 2621 4442 στραγγαλιαῖς
2661 4373 2758 4426 καὶ
2794 4373 3116 4435 διαπλοκαῖς
3154 4372 3552 4444 κεχρημένους,
3597 4373 3658 4423 τὸ
3696 4389 3822 4425 κατ-

535 4480 643 4534 illis
677 4490 860 4534 autem
898 4479 1177 4533 interitum
1211 4477 1641 4546 recipientibus,
1688 4476 1743 4529 hi
1787 4491 1922 4545 pace
1962 4474 2113 4544 potiti

2226 4464 2458 4534 ἀλλήλον
2492 4465 2647 4524 τέλος
2687 4465 2890 4537 εὑρεῖν.
2930 4482 2950 4515 ι
2989 4465 3193 4535 Εἰρήνη
3237 4467 3330 4516 ἐπὶ
3359 4464 3453 4516 τὸν
3508 4463 3752 4534 Ἰσραήλ.
3799 4485 3816 4514 ι

531 4579 680 4626 sunt.
742 4570 1040 4625 Sciendum
1085 4580 1167 4625 est
1211 4580 1394 4624 autem
1443 4569 1710 4624 Jacobum
1768 4569 1872 4624 hoc
1918 4583 2118 4623 nomen

533 4662 791 4730 adeptum
831 4677 976 4727 esse,
1017 4677 1140 4716 cum
1175 4661 1360 4715 divino
1389 4671 1691 4730 conspectu
1727 4660 1929 4730 dignus
1964 4660 2119 4714 habi-

535 4764 624 4808 tus
659 4751 1272 4822 fuisset.Cognomines
1327 4750 1496 4821 igitur
1559 4750 1724 4804 habet
1758 4765 1951 4804 omnes
2024 4749 2116 4819 qui

532 4845 753 4898 eosdem
789 4860 988 4911 mores,
1011 4853 1064 4898 et
1095 4845 1330 4898 animam
1349 4843 1629 4912 iidemque
1661 4859 1854 4913 puram
1891 4841 2114 4896 habent.

534 4936 650 4990 Non
687 4937 830 4992 cuitu
863 4951 1054 4992 omnes
1083 4937 1148 4992 de
1177 4937 1374 4992 lsracle
1409 4932 1667 4991 lsraelitae
1694 4945 1823 4990 sunt
1848 4974 1862 4999 ,
1891 4933 1986 4988 sed
2021 4933 2118 5003 qui

535 5029 750 5110 lsi-aclis
783 5032 1040 5102 pietatem
1073 5029 1501 5099 amplectuntur.

606 5371 630 5400 ε
667 5359 772 5416 lsa.
807 5376 860 5416 ιι.
894 5360 948 5423 5,
983 5359 1038 5414 6.
1117 5357 1140 5395 ἀ
1176 5356 1372 5411 Matth.
1409 5373 1517 5422 vn,
1553 5357 1608 5412 2.
1692 5371 1714 5397 ο
1745 5357 1939 5414 Matth.
1973 5377 2036 5427 ν,
2071 5359 2123 5414 7.

2224 4556 2485 4610 Ἐκείνων
2515 4556 2571 4608 δὲ
2600 4556 2912 4626 δεξαμένων
2946 4557 3037 4611 τὸν
3069 4555 3314 4626 ὄλεθρον,
3360 4548 3510 4609 οὗτοι
3540 4554 3639 4624 τῆς
3675 4556 3825 4624 είρή-

2225 4664 2322 4718 νης
2362 4644 2710 4714 ἀπήλαυσαν.
2750 4647 3024 4717 Προσήκει
3062 4647 3160 4717 μέν
3197 4664 3282 4699 τοι
3311 4646 3535 4711 εἰδέναι,
3577 4644 3655 4708 ὡς
3687 4646 3825 4699 ταύ-

2224 4755 2326 4808 της
2354 4736 2641 4807 ἀπήλαυσε
2673 4737 2774 4806 τῆς
2820 4737 3195 4808 προσηγορίας
3241 4738 3270 4789 6
3299 4736 3495 4790 Ἰακὼϐ
3526 4736 3626 4806 τῆς
3668 4735 3824 4799 θείας

2225 4830 2480 4896 ἀξιωθεὶς
2513 4829 2772 4899 θεωρίας.
2817 4830 3175 4898 Ὀμωνύμους
3205 4826 3498 4897 τοιγαροῦν
3527 4826 3643 4896 ἔχει
3695 4827 3822 4888 τοὺς

2225 4924 2589 4994 ὁμοτρόπους,
2647 4921 2745 4973 καὶ
2799 4920 3047 4992 καθαράν
3107 4921 3291 4974 πίστιν
3342 4921 3387 4951 ⁸³
3441 4919 3822 4989 κεκτημένους

2228 5017 2324 5069 καὶ
2349 5014 2394 5046 ⁸⁸
2442 5013 2643 5084 ψυχήν.
2680 5012 2754 5064 Οὐ
2803 5011 2912 5082 γὰρ
2955 5013 3157 5076 πάντες
3205 5013 3256 5064 οί
3310 5013 3368 5078 ἐξ
3419 5011 3641 5084 Ἰσραὴλ
3671 5004 3816 5065 οὗτοι

2226 5107 2466 5178 Ἰσραὴλ,
2513 5105 2702 5160 ἀλλ’οί
2732 5105 2825 5158 τοῦ
2866 5105 3088 5178 Ἰσραήλ
3127 5105 3503 5178 ἀσπαζόμενοι
3540 5103 3643 5176 τὴν
3673 5103 3819 5158 εὐσέ-

2231 5200 2407 5254 ϐειαν.

1651 5537 1884 5594 VARle
1929 5538 2320 5598 LECTIONES
2359 5541 2449 5596 ET
2503 5539 2735 5596 NOTAE.

609 5711 654 5735 "
694 5700 800 5757 Ital
848 5735 901 5746 -
928 5703 1192 5769 ﬁldé’nr.
1243 5703 1368 5758 "rec
1417 5701 1555 5771 apud
1613 5700 1774 5758 Cord.
1817 5705 1854 5759 l.
1900 5722 1950 5760 c.

2006 5721 2060 5774 p.
2101 5705 2224 5762 562.
2269 5707 2547 5774 ἀνωνυμεὶ
2583 5705 2935 5762 exhibentur.
3014 5705 3059 5738 ⁸ο
3105 5702 3206 5772 Τῷ.
3253 5701 3378 5760 cod.
3425 5702 3447 5758 1
3486 5716 3675 5774 praem.
3733 5705 3823 5766 iv,

542 5768 582 5800 “
613 5775 806 5829 Θείαν.
865 5775 989 5829 cod.
1035 5774 1053 5826 ί
1091 5768 1326 5830 ευθείαν.
1406 5768 1719 5828 δ”ΙΙίυ-τιν.
1781 5775 1852 5830 ib.
1891 5768 2113 5829 καῖ’πισ

2223 5819 2234 5830 .
2314 5778 2356 5809 ⁸³
2387 5768 2650 5833 Kdi.Des.
2685 5776 2816 5832 ibid.
