4128 6434
377 427 517 493 1889

660 545 932 600 EPMHN.
987 543 1127 597 ΤΟΥ
1162 543 1317 597 PKE'
1354 536 1677 597 ΨᾹΛΜΟΥ.

444 658 520 717 α’.
559 679 580 713 t
626 659 750 733 ’ῼδὴ
782 658 891 713 τῶν
921 656 1277 729 ἀναϐαθμῶν.
1324 675 1342 709 ι
1374 655 1658 714 ’Δπαντας
1703 648 1750 681 ⁸⁵
1807 645 1907 718 μὲν
1938 646 1968 698 ὁ

368 756 562 826 Κύρος
594 753 925 825 βασιλεύσας
955 749 1273 805 ἐπανελθεῖν
1316 747 1606 808 Ἰουδαίους
1641 737 1971 815 προσέταξε,

376 846 671 919 μοχθηρὰν
707 844 766 898 δὲ
813 844 864 898 οἰ
912 841 1135 906 πλείους
1180 839 1398 912 ἔχοντες
1447 837 1698 908 γνώμην,
1745 833 1838 888 καὶ
1888 832 1970 895 εἰς

374 940 598 995 ᾶπαντα
631 941 746 1002 τοῖς
777 936 944 999 θείοις
974 934 1367 997 ἀντιτείνοντες
1400 933 1611 1003 νόμοις,
1653 925 1970 982 ἐπανελθεῖν

372 1032 479 1086 οῦκ
522 1031 820 1102 ἠθέλησαν.
872 1029 1031 1082 Ὅσοι
1066 1026 1124 1081 δέ
1172 1026 1274 1097 τῆς
1309 1023 1643 1096 προγονικῆς
1688 1017 1970 1081 εὐσεϐείας

374 1122 768 1194 ἐπεμελοῦντο,
810 1121 906 1175 καὶ
953 1118 1056 1185 τῆς
1103 1116 1250 1171 κατὰ
1278 1117 1444 1187 νόμον
1486 1112 1745 1183 λατρείας
1776 1108 1974 1163 ἐπεθύ-

378 1234 543 1288 μουν,
598 1214 890 1285 ἀσπασίως
947 1212 1281 1280 ἐποιήσαντο
1324 1209 1424 1280 τὴν
1476 1205 1762 1261 ἐπάνοδον.
1813 1194 1974 1255 Οὗτοι

376 1309 563 1365 τοίνυν
614 1310 674 1362 ἐν
716 1306 855 1378 τῷδε
888 1306 967 1377 τῷ
1009 1303 1226 1376 Ψαλμῷ
1258 1303 1358 1374 τὴν
1402 1300 1614 1355 οἰκείαν
1654 1295 1973 1366 ἐλευθερίαν

375 1401 621 1474 δρῶντες
664 1399 1001 1470 γεγήθασιν·
1054 1395 1306 1468 εὔχονται
1354 1393 1413 1448 δὲ
1455 1391 1663 1462 ταύτης
1705 1388 1801 1444 καὶ
1846 1388 1975 1449 τοὺς

375 1490 692 1561 ὁμοφύλους
725 1490 931 1559 τυχεῖν.
973 1508 991 1542 ι
1043 1487 1133 1540 Ἐν
1165 1486 1246 1557 τῷ
1278 1482 1610 1554 ἐπιστρέψαι
1639 1480 1845 1552 Κύριον
1874 1478 1975 1550 τὴν

377 1570 767 1653 αἰχμαλωσίαν
798 1579 960 1645 Σιὼν,
992 1579 1337 1649 ἐγενήθημεν
1366 1575 1499 1629 ὡσεὶ
1540 1571 1975 1646 παρακεκλημέ-

379 1694 465 1732 νοι
510 1676 581 1730 ⁸⁸.
639 1694 659 1727 ι
711 1674 787 1728 Τὸ
837 1674 920 1740 ὡς
968 1674 1276 1735 ἐπιτάσεως
1329 1668 1565 1723 ἐνταῦθα
1613 1666 1973 1740 σημαντικόν.

379 1769 617 1839 Πολλῆς,
651 1768 841 1839 φησὶν,
871 1764 1274 1838 ἀπηλαύσαμεν
1300 1764 1347 1796 ⁵⁸
1383 1762 1676 1834 θυμηδίας,
1712 1759 1976 1821 λύσαντος

378 1858 479 1913 τοῦ
510 1858 648 1912 Θεοῦ
679 1859 782 1929 τῆς
811 1857 1088 1930 τιμωρίας
1110 1856 1203 1911 τὸν
1228 1858 1377 1928 ὅρον,
1402 1855 1498 1909 καὶ
1525 1853 1624 1925 τὴν
1652 1850 1973 1922 ἐλευθερίαν
2004 1883 2047 1941 Β

377 1957 495 2020 τοῖς
522 1951 897 2026 αἰχμαλώτοις
921 1951 1342 2022 δωρησαμένου.

456 2048 526 2119 β’.
560 2065 580 2099 ι
618 2045 757 2099 Τότε
785 2043 1035 2115 ἐπλήσθη
1065 2041 1245 2113 χαρᾶς
1273 2040 1318 2073 ⁸⁷
1348 2039 1410 2094 τὸ
1439 2039 1617 2111 στόμα
1665 2035 1847 2108 ἡμῶν,
1878 2033 1977 2088 καὶ

378 2141 417 2211 ἡ
448 2138 673 2208 γλῶσσα
698 2134 859 2208 ἡμῶν
896 2133 1298 2203 ἀγαλλιάσεως.
1340 2150 1362 2184 ι
1396 2130 1574 2195 Εὐθὺς
1600 2128 1712 2202 γὰρ
1743 2126 1849 2183 ὑπὸ
1877 2126 1978 2198 τῆς

379 2231 657 2303 θυμηδίας
686 2226 1037 2299 διαχυθέντες
1077 2226 1415 2296 ἐκινήσαμεν
1447 2224 1530 2287 εἰς
1558 2220 1837 2293 ὑμνῳδίαν
1879 2219 1980 2283 τὰς

380 2321 654 2391 γλώττας.
692 2317 803 2389 Τὴν
842 2315 954 2387 γὰρ
986 2315 1366 2385 dra/uiuam
1407 2314 1437 2366 ό
1476 2312 1581 2384 μέν
1626 2310 1860 2374 ’Δκύλας
1887 2310 1978 2364 ατο

380 2429 583 2479 γεσιν,
600 2411 698 2465 ὁδέ
713 2409 1016 2481 Σύμμαχος
1033 2407 1361 2477 εὐφημίαν,
1385 2405 1769 2478 ἡρμήνευσαν.
1802 2421 1820 2454 ς
1843 2401 1979 2457 Τότε

383 2502 608 2576 ἐροῦσιν
658 2502 717 2555 ἐν
768 2502 881 2564 τοῖς
938 2499 1172 2564 ἔθνεσιν,
1219 2495 1559 2566 Ἐμεγάλυνε
1618 2494 1825 2565 Κύριος
1883 2490 1979 2546 τοῦ

383 2595 615 2665 ποιῆσαι
646 2593 769 2663 μετ’
808 2590 1011 2646 αὐτῶν.
1054 2610 1074 2643 ι
1115 2588 1288 2644 Τοῦτο
1334 2587 1392 2641 δὲ
1421 2588 1569 2659 ἡμᾶς
1609 2584 1981 2656 πολυθρυλλή-

383 2705 515 2752 τους
548 2686 700 2757 παρὰ
732 2686 900 2740 πᾶσιν
948 2683 1251 2754 ἀπέφηνεν.
1300 2680 1578 2743 ’Ἅπαντες
1617 2679 1729 2751 γὰρ
1755 2677 1855 2749 τὴν
1883 2675 1979 2731 τοῦ

382 2777 530 2832 Θεοῦ
584 2775 994 2848 μεγαλουργίαν
1041 2771 1450 2844 θαυμάζουσιν,
1498 2774 1582 2827 ὅτι
1626 2772 1729 2842 τῆς
1773 2771 1981 2841 πικρᾶς

384 2871 541 2941 ἡμᾶς
592 2867 812 2940 ἐκείνης
860 2866 1110 2930 δουλείας
1139 2863 1421 2937 ἀπήλλαξε
1448 2879 1463 2894 ο
1496 2864 1591 2918 καὶ
1645 2863 1806 2933 ἡμεῖς
1838 2861 1981 2932 μέν..

385 2980 475 3016 τοι
512 2961 725 3033 βοῶμεν
748 2976 762 2989 ⁸

462 3053 536 3121 γ’.
577 3073 596 3106 ‹
649 3050 990 3122 Ἐμεγάλυνε
1024 3049 1227 3123 Κύριος
1257 3047 1355 3103 τοῦ
1393 3049 1619 3119 ποιῆσαι
1651 3045 1770 3117 μεθ’
1796 3044 1980 3116 ήμῶν,

390 3145 740 3215 ἐγενήθημεν
770 3141 1218 3213 εὐφραινόμενοι.
1262 3159 1282 3193 ι
1318 3142 1557 3193 Ἀτοπον
1587 3138 1696 3209 γὰρ
1724 3138 1853 3202 τοὺς
1884 3137 1984 3205 μὲν

389 3237 494 3308 τῆς
530 3236 684 3300 θείας
732 3235 982 3306 γνώσεως
1013 3233 1414 3303 ἐστερημένους
1443 3230 1542 3303 τὴν
1569 3231 1650 3294 εἰς
1696 3231 1845 3301 ἡμᾶς
1889 3245 1986 3296 γε-

391 3327 712 3398 γενημένην
754 3326 1058 3397 θαυμάζειν
1109 3324 1549 3392 φιλανθρωπίαν,
1578 3323 1730 3393 ⁴ἡμᾶς
1759 3321 1818 3375 δὲ
1859 3320 1988 3384 τοὺς

391 3420 498 3489 τῆς
524 3416 854 3489 εὐεργεσίας
880 3414 1255 3486 τετυχηκότας
1284 3412 1615 3484 ἀχαριστίαν
1643 3413 1842 3466 νοσεῖν.

469 3595 535 3648 δ’.
564 3612 583 3646 ι
632 3591 1014 3661 Ἐπίστρεψον,
1045 3590 1246 3662 Κύριε,
1276 3590 1377 3662 τὴν
1405 3587 1788 3661 αἰχμαλωσίαν
1808 3585 1986 3659 ἡμῶν,

393 3685 474 3750 ὡς
498 3683 838 3755 χειμάρρους
865 3684 924 3736 ἐν
953 3681 1029 3750 τῷ
1066 3682 1224 3752 νότῳ.
1266 3700 1283 3732 ι
1314 3674 1417 3733 Ὧν
1445 3679 1491 3711 ⁸⁸
1522 3679 1714 3749 ἔτυχον
1743 3676 1985 3747 ἀγαθῶν,

396 3777 500 3832 καλ⁸
530 3776 657 3839 τοὺς
691 3774 887 3838 ἄλλους
913 3772 1223 3844 ὁμοφύλους
1253 3771 1562 3826 ἀπολαῦσαι
1612 3768 1861 3837 ποθοῦσι,
1894 3768 1989 3822 καὶ

394 3869 494 3926 τὸν
546 3869 729 3926 κοινὸν
774 3866 1058 3933 Δεσπότην
1101 3864 1444 3921 ἀντιϐολοῦσι
1499 3862 1827 3935 μεταδοῦναι
1888 3861 1989 3932 τῆς

396 3961 718 4032 ἐλευθερίας
770 3957 1071 4025 κάκείνοις,
1123 3957 1267 4012 ὥστε
1314 3956 1650 4028 χειμάρρουν
1702 3951 2013 4025 μιμεῖσθαι,

397 4055 512 4108 τῶν
536 4051 874 4108 ἐπανιόντων
903 4051 965 4105 τὸ
995 4048 1221 4120 πλῆθος.
1244 4049 1439 4105 Νότον
1470 4047 1530 4102 δὲ
1576 4046 1677 4118 τὴν
1714 4046 1990 4116 Ἰερουσα-

397 4147 517 4218 λὴμ
551 4143 733 4200 καλῶν
762 4143 829 4209 δ’,
871 4140 982 4197 ἀπὸ
1006 4142 1109 4213 τῆς
1157 4141 1362 4205 θέσεως
1407 4139 1620 4194 τέθεικε
1667 4137 1767 4209 τὴν
1817 4152 1987 4209 προσ-

398 4235 667 4311 ηγορίανο
698 4233 874 4300 οὕτως
904 4233 1076 4305 αὐτὴν
1105 4232 1202 4287 καὶ
1230 4230 1509 4302 Ἰεζεκιὴλ,
1533 4230 1631 4283 καὶ
1673 4227 1991 4299 ’Δϐϐακοὺμ

399 4326 756 4401 ὀνομάζουσι.
810 4326 976 4397 Δηλοῖ
1022 4325 1081 4379 δὲ
1132 4324 1227 4379 καὶ
1260 4324 1448 4391 ἕτερον
1481 4324 1510 4377 ὁ
1549 4320 1731 4390 λόγος.
1777 4319 1836 4374 '0
1880 4318 1990 4391 γὰρ

400 4420 555 4484 νότος
589 4417 795 4488 ἄνεμος
824 4412 991 4486 ὑγρὸς
1019 4412 1119 4481 ὣν,
1146 4412 1325 4482 νεφῶν
1351 4410 1444 4466 τὸν
1471 4411 1610 4482 ἀέρα
1640 4409 1864 4481 πληροῖ,
1897 4408 1993 4464 καὶ

400 4512 647 4584 ὄμϐρους
678 4508 878 4577 ἐπάγει
906 4504 1168 4579 σφοδρούς
1188 4522 1205 4538 ο
1239 4505 1335 4559 καὶ
1361 4503 1551 4575 μέντοι
1585 4503 1681 4556 καὶ
1712 4501 1813 4574 τὴν
1837 4501 1992 4573 χιόνα

1720 419 1803 480 IN
1848 415 2077 475 'PSAL.
2121 411 2345 472 CXXV.

3522 413 3664 480 1890

2453 519 2726 576 INTERP.
2774 520 3030 577 PSALMI
3070 522 3285 582 CXXV.

2143 635 2307 692 Vens.
2338 636 2388 690 1.
2430 654 2448 687 ι
2491 637 2773 691 Canticum
2806 639 3098 706 graduum.
3147 659 3165 691 ι
3202 638 3408 698 Omnes
3437 645 3664 710 quidem

2070 727 2291 783 Judzeos
2318 729 2499 781 redire
2531 726 2708 799 Cyrus
2737 744 2827 781 rex
2863 729 3048 798 jussit,
3076 731 3295 799 plurimi
3323 742 3504 789 tamen
3540 753 3668 807 pra-

2075 837 2200 876 vam
2222 821 2486 875 habentes
2511 830 2771 886 mentem,
2796 830 2847 875 et
2867 822 2920 875 in
2947 823 3205 879 omnibus
3227 825 3430 881 divinis
3452 828 3668 898 legibus

2072 923 2480 982 repugnantes,
2531 910 2740 981 regredi
2781 913 3096 968 noluerunt.
3153 900 3436 986 Quotquot
3477 930 3659 976 autem

2070 1005 2229 1059 avita:
2275 1003 2499 1072 pictatis
2551 1019 2740 1058 curam
2794 1007 3096 1074 gerebant,
3146 1007 3395 1078 legisque
3449 1014 3662 1067 cultum

2074 1094 2491 1158 desiderabant,
2541 1095 2903 1151 libentissime
2936 1099 3242 1154 redierunt.
3277 1101 3340 1155 lli
3392 1103 3559 1172 igitur
3609 1104 3664 1158 in

2075 1187 2180 1241 huc
2204 1187 2414 1257 psalmo
2445 1203 2601 1241 suam
2647 1200 2933 1245 cernentes
2977 1190 3308 1256 libertatem,
3352 1200 3661 1258 exsultant,

2074 1292 2128 1335 et
2163 1289 2458 1351 precantur
2485 1296 2585 1351 pro
2608 1283 2900 1352 gentilibus
2926 1288 3063 1351 suis,
3091 1293 3151 1340 ut
3181 1289 3430 1341 eamdem
3459 1272 3664 1345 consc-

2076 1380 2338 1442 quantur.
2372 1390 2390 1423 ι
2428 1370 2565 1426 Cum
2604 1383 2951 1427 converteret
2987 1373 3253 1431 Dominus
3286 1379 3662 1444 captivitatem

2079 1463 2291 1530 Sionis,
2321 1462 2451 1519 facti
2488 1479 2683 1520 sumus
2714 1480 2976 1534 perquam
3013 1466 3306 1521 consolati.
3340 1487 3360 1519 ι
3388 1469 3524 1525 lllud
3542 1487 3665 1539 per-

2077 1571 2233 1625 quam
2284 1555 2769 1625 exaggeratiouem
2812 1557 2917 1610 hoc
2950 1557 3072 1611 loco
3093 1556 3386 1628 signiﬁcat.
3411 1558 3662 1626 Multam,

2076 1644 2277 1714 inquit,
2307 1645 2547 1699 laetitiam
2580 1647 2865 1701 consecuti
2899 1662 3126 1715 sumus,
3167 1664 3292 1703 cum
3321 1647 3468 1708 Deus
3499 1652 3663 1708 finem

2077 1736 2334 1807 supplicii
2397 1739 2669 1806 solveret,
2725 1749 2779 1794 et
2840 1740 3149 1797 libertatem
3212 1745 3451 1815 captivis
3504 1746 3669 1817 largi-

2077 1839 2247 1884 retur.

2150 2010 2318 2067 Vens.
2346 2011 2401 2066 2.
2447 2030 2465 2064 ι
2499 2010 2654 2069 Tunc
2670 2012 2941 2083 repletum
2964 2023 3049 2071 est
3065 2015 3272 2087 gaudio
3294 2031 3359 2073 os
3379 2027 3664 2088 nostrum,

2076 2113 2131 2161 ct
2154 2104 2341 2176 lingua
2377 2113 2567 2161 nostra
2622 2106 3013 2165 exsultatione.
3053 2126 3073 2159 ι
3112 2107 3332 2181 1494
3367 2108 3666 2181 Evestigio

2079 2197 2230 2254 enim
2256 2198 2539 2268 voluptate
2573 2197 2806 2269 perfusi,
2840 2198 3058 2270 linguas
3089 2200 3143 2254 in
3181 2200 3516 2271 hymnorum
3534 2218 3667 2258 can-

2078 2298 2195 2346 tum
2224 2286 2570 2361 impulimus.
2604 2288 3037 2345 Exsultationem
3067 2292 3213 2346 enim
3249 2293 3450 2362 Aquila
3472 2294 3667 2350 lauda-

2081 2385 2296 2448 tionem,
2313 2381 2678 2455 Symmachus
2701 2382 3124 2438 benedictione»:
3148 2382 3494 2454 interpretati
3514 2395 3664 2441 sunt.

2061 2494 2105 2549 ἰ
2146 2476 2302 2531 Tunc
2329 2476 2513 2532 dicent
2543 2478 2686 2531 inter
2723 2484 2952 2544 gentes,
3009 2475 3359 2546 Magniﬁcum
3399 2477 3668 2534 Dominus

2079 2589 2141 2629 se
2170 2572 2423 2642 przestitit
2449 2587 2577 2644 erga
2603 2588 2721 2627 eos.
2763 2591 2782 2623 ι
2827 2570 2945 2627 Hoc
2974 2587 3104 2626 vero
3151 2587 3256 2627 nos
3288 2574 3434 2644 apud
3472 2589 3670 2631 omnes

2080 2665 2477 2721 celeberrimos
2518 2664 2773 2720 reddidit.
2830 2663 3036 2720 Omnes
3070 2664 3219 2719 enim
3270 2664 3366 2719 Dei
3412 2664 3673 2736 magniﬁ-
3704 2714 3719 2719 -

2081 2760 2317 2816 centiam
2347 2758 2714 2825 admirantur,
2749 2760 2897 2828 quod
2945 2758 3014 2813 ab
3044 2758 3247 2814 acerba
3273 2758 3366 2815 illa
3405 2758 3672 2815 servitute

2082 2865 2185 2907 nos
2216 2850 2552 2907 liberaverit.
2592 2849 2702 2907 Nos
2734 2850 2922 2918 itaque
2949 2850 3291 2907 clamamus:

2154 3030 2324 3087 Vens.
2359 3029 2487 3085 53¢
2535 3027 2886 3100 Magnificum
2937 3043 2998 3086 se
3040 3029 3298 3100 praestitit
3349 3045 3481 3103 erga
3529 3047 3671 3104 nos;

2083 3121 2214 3179 facti
2249 3137 2444 3178 sumus
2506 3121 2776 3177 laetantes.
2812 3140 2832 3174 ι
2866 3121 3184 3178 Absurdum
3222 3123 3370 3178 enim
3409 3131 3493 3179 est
3537 3136 3597 3180 ut
3617 3125 3673 3180 bi

2012 3241 2055 3299 ο
2088 3216 2182 3287 qui
2221 3215 2405 3271 divina
2445 3214 2759 3286 cognitione
2819 3224 2953 3270 sunt
3001 3215 3219 3283 orbati,
3272 3216 3673 3286 benignitatem

2091 3308 2253 3363 nobis
2278 3305 2584 3362 exbibitam
2614 3305 2983 3373 admirentur,
3021 3321 3126 3362 nos
3154 3321 3310 3374 vero,
3343 3309 3439 3378 qui
3471 3310 3677 3366 benefi-

2089 3399 2174 3455 cia
2209 3398 2497 3455 consecuti
2537 3413 2766 3464 sumus,
2810 3398 3017 3470 ingrati
3064 3397 3237 3454 animi
3281 3400 3417 3455 vitio
3460 3400 3677 3458 labore-

2090 3508 2238 3548 mus.

2163 3583 2333 3640 Vsus.
2368 3584 2425 3641 4.
2471 3601 2491 3634 ι
2535 3582 2830 3649 Converte,
2852 3582 3110 3650 Domine,
3155 3585 3531 3655 captivitatem
3577 3603 3678 3644 no-

2092 3682 2289 3740 stram,
2320 3675 2469 3731 sicut
2502 3683 2774 3730 torrentes
2803 3675 2859 3729 in
2890 3683 3101 3731 austro.
3128 3695 3149 3729 ι
3177 3678 3311 3743 Quae
3331 3678 3473 3734 bona
3500 3681 3679 3755 adepti

2090 3773 2243 3830 sunt,
2272 3780 2337 3820 ea
2384 3773 2446 3819 ut
2480 3764 2574 3819 alii
2616 3764 2903 3835 gentilium
2951 3779 3183 3820 suorum
3227 3780 3676 3838 consequantur,

2090 3857 2444 3921 desiderant,
2470 3865 2528 3911 et
2557 3871 2911 3912 communem
2946 3855 3243 3912 Dominum
3275 3858 3571 3915 obsecrant
3619 3871 3680 3917 ut

2090 3948 2258 4004 etiam
2303 3948 2415 4005 illis
2465 3948 2777 4005 libertatem
2817 3949 3134 4031 impertiat,
3178 3959 3240 4009 ut
3282 3955 3675 4010 revertentium

2091 4040 2402 4111 frequentia
2448 4050 2749 4099 torrentem
2782 4043 3054 4099 imitetur.
3083 4045 3349 4100 Austrum
3378 4062 3509 4104 vero
3545 4047 3676 4105 Hie-

2091 4133 2428 4206 rosolymam
2463 4149 2690 4202 vocans,
2724 4135 3141 4206 appellationem
3175 4152 3206 4191 a
3235 4137 3345 4194 situ
3376 4139 3555 4209 petiit.
3588 4138 3680 4196 Sic

2094 4225 2269 4296 ipsam
2309 4235 2365 4280 et
2406 4224 2660 4282 Ezechiel
2708 4235 2765 4282 et
2806 4225 3068 4284 Habacuc
3121 4228 3434 4284 nominant.
3481 4227 3678 4286 Verum

2093 4319 2246 4374 aliud
2277 4317 2445 4374 etiam
2491 4333 2676 4375 sermo
2717 4319 3082 4376 demonstrat.
3115 4319 3255 4377 Cum
3299 4322 3450 4378 enim
3490 4331 3682 4378 auster

2093 4407 2358 4464 humidus
2390 4417 2588 4466 ventus
2620 4409 2727 4477 sit,
2762 4411 2984 4467 nebulis
3020 4424 3203 4467 aerem
3249 4412 3459 4483 implet,
3495 4421 3552 4469 et
3582 4428 3679 4469 ve-

2097 4501 2387 4556 hementes
2411 4499 2626 4573 pluvias
2650 4502 2883 4571 inducit,
2920 4512 3086 4574 atque
3113 4503 3282 4559 etiam
3325 4518 3456 4560 cum
3494 4504 3677 4561 nivem

399 4601 671 4673 πεφυκὼς
703 4598 967 4664 διαλύειν,
1002 4596 1311 4668 ἐμπίπλησι
1337 4594 1466 4659 τοὺς
1493 4593 1833 4665 χειμάρρους
1867 4591 1984 4646 ὑδά-

2096 4592 2410 4650 dissolvere
2435 4595 2632 4667 soleat,
2657 4595 2821 4666 aquis
2842 4604 3114 4652 torrentes
3136 4597 3348 4667 implet.
3369 4597 3464 4654 Sic
3485 4598 3678 4671 igitur,

398 4714 534 4751 των.
551 4689 1038 4763 Οῦτωτοιγαροῦν,
1076 4687 1233 4761 φησὶ,
1256 4687 1353 4741 καὶ
1379 4687 1507 4750 τοὺς
1536 4685 1843 4756 ἡμετέρους
1871 4685 1991 4753 ὁμο-

401 4788 607 4858 φύλους
664 4781 948 4854 πανταχοῦ
995 4777 1434 4851 διεσπαρμένους
1488 4777 1748 4830 κέλευσον
1801 4774 1991 4845 ἀθροι-

376 4881 623 4951 σθῆναι,
663 4877 761 4931 καὶ
813 4875 1121 4946 χειμάρρου
1175 4871 1333 4942 δίκην
1384 4868 1487 4939 τὴν
1547 4866 1775 4936 πορείαν
1831 4865 1991 4935 ποιή-

404 4974 631 5030 σασθαι.

477 5072 539 5118 ε’.
579 5083 598 5118 ι
640 5064 704 5117 Οἱ
743 5060 1063 5131 σπείροντες
1109 5057 1170 5111 ἐν
1220 5054 1507 5126 δάκρυσιν,
1557 5050 1617 5104 ἐν
1668 5049 1991 5117 ἀγαλλιάσει

404 5155 673 5228 θεριοῦσι.
720 5172 739 5205 ι
780 5153 855 5206 οὐ
891 5152 1070 5221 μάτην
1120 5148 1180 5202 δέ
1224 5146 1324 5210 τὰς
1375 5142 1614 5206 ἱκετείας
1664 5138 1992 5210 ποιούμεθα,

403 5249 547 5303 ἀλλὰ
593 5248 721 5309 τοὺς
767 5244 877 5298 τῶν
914 5241 1170 5312 δακρύων
1204 5238 1410 5301 εἰδότες
1457 5233 1729 5306 καρπούς.
1784 5235 1847 5285 Oi
1883 5231 1991 5301 γὰρ

406 5341 550 5415 μετά
585 5337 794 5392 τούτων
841 5335 910 5389 τά
954 5334 1249 5407 σπέρματα
1303 5328 1760 5390 κατασάλλοντες,
1792 5323 1989 5395 δαψιλῆ

401 5434 498 5489 τὸν
533 5430 748 5503 ἀμητόν
782 5426 1022 5500 ὁρῶντες
1055 5424 1463 5496 εὐφραίνονται.

2100 4683 2316 4755 inquit,
2369 4696 2594 4742 nostros
2638 4687 2870 4758 gentiles
2922 4687 3165 4757 undique
3211 4688 3513 4759 dissipatos
3548 4690 3683 4759 iube

2097 4778 2444 4849 congregari,
2473 4785 2529 4833 et
2560 4778 2820 4834 torrentis
2842 4779 3017 4835 instar
3045 4778 3152 4834 iter
3179 4778 3381 4836 facere.

2172 5049 2336 5104 Vens.
2379 5048 2432 5105 5.
2483 5068 2500 5100 ι
2549 5047 2649 5115 Qui
2704 5048 2984 5103 seminaut
3030 5064 3157 5103 cum
3203 5048 3461 5120 lacrymis
3494 5087 3509 5112 ,
3552 5062 3674 5103 cum

2100 5140 2469 5195 exsultatione
2496 5148 2728 5195 metent.
2766 5158 2785 5191 ι
2832 5140 2953 5195 Non
3003 5140 3205 5195 frustra
3257 5150 3439 5195 autem
3490 5153 3677 5208 preces

2103 5232 2408 5296 fundimus,
2431 5232 2526 5287 sed
2555 5231 2795 5287 scientes
2817 5232 3029 5303 1495
3052 5233 3417 5302 lacnymarum
3443 5230 3675 5287 fructus.

2099 5326 2203 5392 Qui
2243 5324 2390 5380 enim
2450 5338 2576 5377 eum
2628 5322 2716 5379 bis
2765 5329 2975 5379 semina
3029 5325 3280 5392 jaciunt,
3343 5321 3675 5377 uberrimam

2100 5429 2337 5470 messem
2377 5420 2669 5468 cernentes
2693 5412 2967 5468 laetantur.

1486 5556 1721 5613 VARUE
1760 5551 2143 5610 LECTIONES
2174 5551 2264 5607 ET
2304 5550 2537 5609 NOT/E.

480 5687 529 5720 “
559 5688 866 5750 Ἀπαντας
891 5711 963 5722 -
993 5677 1221 5748 τυχεῖν.
1280 5673 1500 5750 Origeni
1537 5674 1670 5750 _lt_aec
1726 5671 1942 5750 aliaque

2081 5682 2183 5750 um
2232 5677 2722 5750 qumus‘equnntur
2781 5667 2973 5750 tribuit
3025 5665 3223 5750 ραι-ᾳ..
3257 5666 3294 5720 Ι.
3358 5681 3408 5721 c.

3469 5681 3524 5737 p.
3570 5666 3681 5722 567

411 5736 902 5825 setiq.w‘“’w'00"si
932 5736 1260 5825 napdaex}.
1294 5736 1473 5825 Hebr.
1528 5742 1684 5825 §icut
1719 5736 1984 5825 εοηινξίαιιι

2340 5736 2921 5825 ’ἄλλοςοὲῌιηνευτὴς
2950 5778 2981 5825 ν,
3030 5736 3163 5825 ὡσεὶ
3206 5736 3677 5825 ἐνυπνιαζόμενοι».

412 5805 1152 5892 I3V'Krznlatiogailerfcmi.
1186 5818 1209 5869 1
1243 5815 1367 5892 ιιίίᾃ·
1404 5812 1693 5892 ἐντιῖλῦθᾳκ
1739 5812 1782 5842 Π
1813 5809 1984 5892 Καρ-(ᾖ

2092 5805 2255 5892 ἰιθίιιὶ
2303 5811 2438 5892 risu.
2517 5809 2561 5840 ‘8
2596 5805 3219 5892 ᾬκ-τοποιιήιῖασᾲαε.
3282 5805 3407 5862 Haec
3468 5805 3521 5862 et
3558 5822 3680 5875 qua:

413 5878 670 5967 prox—ima
694 5903 842 5959 sunt,
862 5878 955 5945 ’ού
987 5890 1167 5962 μάτην
1196 5916 1265 5929 ~—
1290 5886 1449 5955 εὐφρ.
1479 5884 1642 5939 Cord.
1682 5884 1717 5937 Ι.
1754 5897 1803 5938 e.
1828 5878 1901 5952 Ι).
1922 5881 1984 5935 75

2088 5880 2361 5950 ἀνωνυμΞί
2413 5879 2684 5949 apposuit.
2764 5878 2806 5909 ⁸⁵⁸
2833 5878 2954 5933 cod.
2989 5878 3013 5931 1
3047 5878 3222 5932 καλεῖ.
