4128 6418
530 385 658 449 i891

529 610 739 650 semina
768 609 887 649 sua.
921 593 1220 646 Venientes
1252 597 1435 643 autem
1459 588 1683 644 venient
1712 603 1837 642 cum
1865 587 2112 644 exsulta-

529 689 702 749 tione,
747 696 1028 754 portantes
1061 683 1376 754 manipulos
1418 697 1570 738 suos.
1603 699 1622 732 ι
1661 680 1904 737 Diversis
1929 680 2112 735 modis

525 781 775 833 eamdem
801 779 938 832 dixit
971 776 1328 842 sententiam,
1359 774 1624 831 varietate
1653 774 1918 831 doctrinae
1939 772 2114 844 majo-

529 887 644 928 rem
672 873 962 927 utilitatem
996 885 1322 941 procurans.

910 1095 1186 1152 INTERP.
1221 1093 1471 1150 PSALMI
1501 1092 1740 1150 CXXVI.

600 1210 766 1266 Vens.
799 1212 853 1265 l.
889 1229 906 1262 ι
948 1210 1236 1265 Canticum
1266 1208 1536 1279 graduum
1557 1207 1890 1262 Salomonis.
1929 1227 1946 1260 ›
1970 1207 2111 1264 Olim

526 1304 748 1370 quidem
774 1301 1035 1356 Salomon
1065 1302 1311 1356 divinum
1344 1300 1522 1354 erexit
1547 1301 1834 1368 templum.
1857 1302 1949 1355 sed
1981 1301 2113 1355 illud

526 1404 802 1462 a-qnatum
867 1395 988 1448 solo
1051 1409 1080 1446 a
1134 1391 1448 1462 Babyloniis
1499 1391 1803 1446 Zorobabel
1848 1393 2108 1448 restituit.

527 1483 684 1538 llunc
717 1486 916 1553 opinor
947 1481 1289 1538 Salomone»:
1327 1483 1624 1547 nominari,
1657 1497 1710 1538 et
1754 1493 2014 1553 tanquam
2044 1501 2108 1540 ex

529 1575 827 1628 Salomone
851 1590 1027 1644 genus
1060 1575 1375 1636 (lucentem,
1411 1584 1465 1628 et
1500 1585 1757 1644 tanquam
1785 1592 1924 1645 opus
1958 1574 2111 1628 Salo-

530 1667 713 1720 monis
744 1665 1166 1719 instaurantem.
1201 1662 1386 1732 Neque
1413 1665 1560 1717 enim
1594 1665 1906 1719 Salomonis
1935 1666 2108 1720 aedili-

529 1756 728 1808 cationi
758 1756 1009 1824 congruit
1039 1768 1224 1808 sermo
1252 1753 1549 1822 propheta),
1581 1756 1676 1808 sed
1708 1757 1757 1810 ei
1781 1771 1903 1822 qua:
1941 1772 1972 1810 a
2003 1755 2109 1810 Zo-

1453 374 1944 437 'fIIEODl)RETI
1987 375 2327 437 EPISCOPI
2367 377 2739 440 CYRENSIS

603 499 766 555 Vens.
797 499 849 554 6.
892 517 910 550 ι
946 497 1153 554 Ειιηιυε
1191 496 1363 558 ibant,
1406 503 1460 548 et
1507 494 1745 559 ﬂebant,
1788 503 2105 566 spargentes
2135 498 2178 556 Α

3672 396 3807 461 1892

2285 502 2362 560 ς’.
2411 517 2430 550 ι
2477 499 2848 572 Πορευόμενοι
2888 502 3235 576 ἐπορεύοντο,
3256 505 3350 558 καὶ
3386 505 3628 569 ἔκλαον.
3674 510 3798 562 ἔολ-

2211 588 2398 654 λοντες
2431 592 2500 644 τὰ
2534 592 2828 665 σπέρματα
2864 596 3046 650 αὐτῶν
3068 613 3081 626 ·
3134 599 3424 669 ἐρχόμενοι
3471 600 3529 654 δὲ
3579 601 3804 673 ἥξουσιν

2215 685 2274 736 ἐν
2309 684 2654 752 ἀγαλλιάσει,
2690 687 2942 760 αἴροντες
2963 690 3031 745 τά
3059 691 3355 761 δράγματα
3386 694 3586 748 αὐτῶν,
3625 713 3642 745 ι
3675 698 3807 752 Δια-

2215 773 2400 846 φόρως
2457 775 2556 846 τὴν
2610 778 2781 850 αὐτὴν
2832 779 3074 834 διάνοιαν
3135 782 3366 852 εἴρηκε.
3425 786 3490 853 τῇ
3556 785 3808 860 ποικιλίᾳ

2213 863 2314 934 τῆς
2330 864 2693 934 ,διδασκαλίας
2728 869 2952 925 πλείονα
2981 871 3081 944 τὴν
3111 872 3385 943 ὠφέλειαν
3411 878 3788 948 πραγματευὸ

2218 971 2398 1024 μενος.

2498 1092 2764 1148 ΕΡΜΗΝ.
2806 1093 2944 1148 ΤΟΥ
2981 1093 3150 1162 PKQ"
3189 1096 3518 1152 ΨΑΛΜΟΥ.

2284 1201 2354 1258 α’.
2390 1223 2408 1256 ι
2617 1204 2728 1258 τῶν
2758 1205 3096 1277 ἀναϐαθμῶν
3120 1207 3214 1260 τοῦ
3243 1209 3495 1278 Σολομὼν
3525 1207 3592 1263 ⁸⁸.
3640 1227 3658 1260 ι
3688 1211 3806 1263 Πά-

2213 1295 2301 1348 λαι
2338 1295 2380 1326 ⁸³
2418 1296 2516 1365 μὲν
2554 1295 2646 1348 τὸν
2677 1287 2822 1349 θεῖον
2856 1297 2991 1350 νεὼν
3037 1298 3293 1369 Σολομὼν
3320 1300 3666 1373 ᾠκοδόμησε,
3705 1321 3811 1356 κα-

2212 1387 2513 1442 ταλυθέντα
2550 1388 2596 1419 ⁸⁸
2642 1387 2699 1440 δὲ
2749 1388 2854 1442 ὑπὸ
2903 1389 3270 1444 Βαϐυλωνίων
3345 1394 3656 1459 Ζοροϐάϐελ
3705 1398 3807 1449 ἀν·-

2215 1479 2434 1549 έστησε.
2465 1479 2670 1534 Τοῦτον
2697 1477 2854 1552 οἶμαι
2883 1481 3242 1551 Σαίομῶντα
3290 1485 3679 1554 ὀνομάζεσθαι,
3710 1488 3808 1540 καὶ

2212 1571 2287 1634 ὡς
2322 1573 2386 1624 ὲκ
2418 1570 2767 1642 Σολομῶντος
2797 1571 2858 1624 τὸ
2887 1574 3044 1638 γένος
3079 1573 3415 1642 κατάγοντα.
3448 1577 3545 1628 καὶ
3588 1577 3663 1638 ὡς
3710 1577 3807 1628 Eo.

2211 1663 2489 1730 λομῶντος
2523 1664 2922 1734 ἀνανεούμενον
2955 1665 3138 1736 ἔργον.
3185 1667 3320 1720 Οὐδὲ
3367 1669 3475 1739 γάρ
3521 1673 3588 1739 τῇ
3641 1670 3809 1722 2010'-

2217 1756 2424 1827 μῶντος
2481 1755 2767 1827 οἰκοδομίᾳ
2814 1757 2842 1808 ὁ
2905 1757 3247 1828 προφητικὸς
3302 1760 3565 1829 ἁρμόττει
3621 1760 3807 1830 λόγος,

531 1848 786 1902 robabcle
818 1857 940 1917 post
964 1847 1198 1902 reditum
1232 1845 1372 1900 facta
1411 1845 1533 1899 fuit.
1567 1845 1724 1901 Tunc
1755 1849 1976 1917 quidem
2004 1851 2105 1919 ipsi

2215 1848 2348 1903 ἀλλὰ
2379 1852 2446 1920 τῇ
2476 1850 2615 1919 μετά
2647 1847 2746 1920 τὴν
2793 1848 3052 1902 ἐπάνοδον
3089 1849 3195 1903 ὑπὸ
3221 1849 3673 1921 τοῦ-Ζοροϐάϐελ
3703 1870 3807 1920 γε-

528 1939 945 1993 :i-dilicationem
985 1945 1304 1992 tentarunt:
1343 1939 1912 2006 probibebautautem
1946 1942 2110 1994 finiti-

531 2047 633 2084 ma:
663 2040 851 2099 gentes
887 2032 904 2049 ‘
935 2029 1196 2082 continue
1230 2037 1282 2081 et
1314 2027 1447 2098 ipsa:
1473 2029 1674 2082 bellum
1713 2029 2033 2095 inferentes,
2058 2041 2111 2086 et

528 2123 824 2177 Persarum
855 2136 1038 2190 regem
1081 2120 1134 2173 in
1178 2120 1326 2189 ipsos
1359 2122 1659 2176 irritantes.
1695 2115 1821 2176 Haec
1850 2137 1979 2176 vero
2013 2122 2110 2176 Es-

528 2219 640 2268 .tne
676 2211 906 2266 bistoria
930 2209 1277 2266 manifestius
1303 2211 1485 2266 docet.
1513 2205 1818 2267 Zdrobabel
1846 2213 2030 2280 igitur,
2059 2223 2112 2268 et

527 2303 696 2358 .Iosna
733 2304 878 2356 lilins
907 2302 1171 2355 Salatliicl
1200 2344 1214 2367 ,
1251 2314 1306 2356 et
1333 2303 1426 2372 qui
1461 2317 1586 2356 cum
1622 2303 1703 2358 eis
1744 2304 1944 2374 pietate
1972 2321 2111 2374 pra:-

524 2397 622 2448 diti
657 2405 857 2457 erant,
910 2395 1050 2448 banc
1103 2393 1296 2461 psalmi
1343 2395 1746 2449 institutionem
1803 2397 2108 2466 proferunt:

531 2506 551 2540 ι
593 2487 705 2541 Nisi
738 2486 1002 2540 Dominus
1035 2487 1388 2540 :edilicaverit
1423 2486 1673 2547 domum,
1705 2487 1758 2542 in
1797 2503 1998 2544 vanum
2030 2489 2114 2545 la.-

528 2579 866 2633 lioraverunt
895 2579 986 2646 qui
1014 2575 1289 2630 :edilicant
1313 2593 1456 2630 eam.
1489 2575 1605 2632 Nisi
1637 2577 1900 2634 Dominus
1923 2591 2114 2634 custo-

524 2670 690 2724 dicrit
722 2670 1022 2732 civitatem,
1061 2667 1268 2723 frustra
1306 2669 1497 2738 vigilat
1523 2669 1616 2738 qui
1643 2671 1887 2724 custodit
1915 2687 2058 2726 eam.
2088 2691 2106 2724 ι

527 2761 702 2818 Nemo
736 2777 913 2831 neque
938 2775 1004 2816 ex
1042 2761 1112 2816 iis
1135 2760 1229 2830 qui
1261 2761 1535 2815 aediﬁcant
1556 2803 1572 2827 ,
1611 2777 1786 2833 neque
1815 2779 1879 2818 ex
1923 2765 1991 2820 iis
2019 2765 2112 2834 qui

527 2851 873 2916 custodiunt,
907 2852 1130 2922 propria
1161 2852 1233 2905 sit
1266 2850 1440 2905 fretus
1473 2850 1689 2922 1496
1720 2856 1987 2922 potentia,
2020 2855 2114 2910 sed

527 2947 778 3000 divinum
816 2947 1072 3016 imploret
1099 2945 1394 2999 auxilium.
1423 2943 1534 2998 Iloc
1555 2949 1700 2999 enim
1723 2961 2111 3008 concurrente.

531 3048 829 3108 utrumque
859 3037 1020 3092 facile
1048 3047 1162 3091 est:
1198 3037 1641 3106 procrastiuante
1661 3049 1792 3093 vero
1861 3055 1928 3096 eo
1955 3041 2117 3096 auxi-

530 3130 688 3197 lium,
721 3143 922 3184 vanum
951 3137 1038 3185 est
1075 3127 1365 3182 hominum
1398 3130 1663 3184 studium.

607 3393 777 3449 Vens.
805 3394 862 3448 2.
894 3411 913 3444 ι
946 3391 1158 3447 Vanum
1193 3403 1278 3449 est
1307 3395 1466 3449 vobis
1493 3404 1621 3450 ante
1647 3395 1822 3450 lucem
1857 3413 2112 3468 surgere:

530 3489 747 3556 surgite
779 3494 1071 3555 postquam
1105 3485 1383 3550 sederitis,
1417 3488 1508 3556 qui
1548 3487 1895 3542 manducatis
1921 3505 2114 3557 panem

534 3577 770 3653 doloris.
811 3593 831 3626 ι
867 3574 1013 3630 Istud
1042 3574 1264 3644 surgite,
1297 3591 1405 3629 non
1447 3585 1535 3630 est
1564 3575 1973 3645 imperativum,
2019 3577 2117 3631 sed

531 3668 896 3723 infinitivum.
931 3667 1070 3722 Dicit
1089 3678 1274 3722 autem
1299 3668 1481 3721 omnia
1515 3683 1652 3722 vana
1683 3683 1822 3733 esse,
1852 3667 1965 3722 Deo
1998 3671 2116 3722 unl-

533 3774 820 3816 versm-um
851 3776 959 3813 non
989 3769 1376 3823 concurrente,
1413 3769 1466 3813 et
1487 3769 1624 3814 ante
1650 3760 1826 3814 lucem
1867 3775 2114 3830 surgere,

531 3865 584 3908 et
615 3853 921 3924 expergisci
952 3853 1024 3906 ob
1062 3853 1307 3908 civitatis
1334 3853 1594 3906 excubias
1621 3894 1634 3917 ,
1681 3861 1736 3907 et
1775 3852 1846 3905 ob
1877 3867 2118 3922 praesens

531 3945 843 4002 aedificium.
869 3948 1213 4012 Quapropter
1248 3941 1674 3996 commonefacit
1707 3956 1803 3995 cos
1836 3942 1928 4010 qni
1989 3955 2113 3994 cum

532 4038 726 4093 dolore
749 4048 972 4107 proliter
997 4037 1240 4090 hostium
1279 4036 1516 4105 impetus
1547 4049 1744 4104 panem
1797 4033 2115 4099 comedunt,

498 4135 504 4142 '
532 4141 595 4187 ut
619 4145 745 4198 spes
771 4129 822 4182 in
858 4129 968 4183 Deo
993 4128 1285 4183 colloceut.

611 4241 630 4274 ι
667 4222 802 4276 Cum
826 4218 1040 4274 dederit
1077 4220 1298 4274 dilectis
1338 4221 1458 4275 suis
1502 4233 1779 4274 somnum.
1809 4217 2002 4291 [Vens.
2037 4217 2116 4290 5.]

535 4314 676 4371 Ecce
705 4315 1000 4370 hereditas
1031 4313 1285 4380 Domini,
1313 4315 1442 4378 lilii,
1486 4329 1697 4368 merces
1738 4313 1948 4369 fructus
1986 4329 2121 4368 ven-

533 4407 655 4462 tris.
705 4424 725 4458 i
772 4404 1044 4461 Somnum
1101 4407 1205 4460 boc
1249 4407 1304 4460 in
1360 4407 1480 4461 loco
1540 4421 1640 4476 per
1698 4404 2116 4459 translationem

532 4499 776 4567 quietem
819 4497 1152 4567 appellavit:
1209 4489 1624 4566 qnietem‘vero
1673 4497 1838 4552 etiam
1888 4510 2117 4552 somnus

2213 1941 2514 2012 γενημένῃ.
2570 1939 2888 2010 Τηνικαῦτα
2939 1940 3041 2010 μὲν
3087 1941 3242 1995 αὐτοὶ
3294 1944 3601 2012 οἰκοδομεῖν
3653 1947 3811 2000 ἐπει-

2217 2032 2410 2102 ρῶντο,
2450 2030 2743 2084 διεκώλυον
2781 2029 2827 2062 ”
2859 2029 2916 2082 δὲ
2950 2030 2999 2082 oi
3046 2030 3469 2098 γειτονεύοντες,
3506 2033 3602 2086 καὶ
3649 2035 3810 2090 αὐτοὶ

2216 2119 2460 2190 συνεχῶς
2507 2120 2896 2190 πολεμοῦντες,
2930 2122 3026 2174 καὶ
3059 2121 3159 2194 τὴν
3198 2122 3242 2155 ⁸⁸
3291 2123 3519 2189 Περσῶν
3547 2127 3671 2178 κατ’
3702 2128 3808 2180 αὑ-

2213 2214 2324 2266 τῶν
2371 2213 2712 2285 ἐρεθίζοντες
2746 2214 2792 2246 ⁸³
2825 2212 3104 2282 βασιλείαν
3147 2215 3214 2268 ⁸⁸.
3267 2215 3374 2268 Καὶ
3401 2214 3577 2269 ταῦτα
3622 2220 3655 2289 ἡ
3707 2219 3807 2273 τοῦ

2219 2303 2431 2374 Ἔσδρα
2458 2302 2797 2374 σαφέστερον
2819 2303 3065 2356 διδάσκει
3097 2303 3306 2374 γραφή·
3341 2305 3391 2356 οἱ
3425 2305 3553 2374 περὶ
3585 2307 3678 2360 τὸν
3702 2311 3805 2364 Ζο-

2217 2394 2450 2468 ροϐάϐελ
2489 2394 2689 2456 τοίνυν,
2724 2394 2820 2447 καὶ
2879 2392 3085 2464 Ἰησοῦν
3114 2396 3206 2446 τὸν
3251 2393 3346 2447 τοῦ
3383 2395 3674 2465 Σαλαθιὴλ,
3711 2398 3809 2458 καὶ

2214 2489 2266 2542 οι
2302 2489 2420 2559 μετ’
2455 2487 2639 2541 αὒτῶν
2664 2487 2918 2558 εύσεὸείᾳ
2945 2487 3332 2556 κοσμούμενοι,
3368 2487 3524 2558 τήνδε
3553 2489 3653 2558 τὴν
3687 2492 3808 2543 εξσ-

2215 2582 2416 2652 ήγησιν
2449 2578 2821 2650 προσφέρουσι
2851 2577 2945 2631 τοῦ
2972 2577 3213 2648 ψαλμοῦο
3249 2595 3271 2630 ι
3328 2578 3455 2631 Ἐὰν
3487 2579 3560 2649 μὴ
3600 2579 3808 2648 Κύριος

2215 2672 2553 2744 οἰκοδομήσῃ
2591 2667 2760 2739 οἷκον,
2808 2672 2889 2734 εἰς
2936 2671 3114 2742 μάτην
3163 2671 3466 2724 ὲκοπίασαν
3501 2673 3550 2726 oi
3594 2672 3810 2726 οἰκοδο·
3906 2707 3916 2717 -

2220 2766 2468 2837 μοῦντες.
2517 2765 2643 2817 Ἐὰν
2676 2765 2751 2835 μὴ
2797 2764 3002 2835 Κύριος
3035 2762 3248 2835 φυλάξῃ
3282 2762 3458 2829 πόλιν,
3494 2764 3574 2826 είς
3625 2763 3813 2834 μάτην

2215 2857 2573 2929 ἡγρύπνησεν
2618 2858 2647 2909 ὁ
2679 2855 2994 2924 φυλάσσων.
3038 2872 3057 2905 ι
3107 2855 3316 2927 Μηδεὶς
3352 2855 3492 2926 μήτε
3525 2854 3634 2908 τῶν
3662 2857 3812 2909 οἰκο-

2217 2949 2548 3021 δομούντων,
2585 2949 2721 3019 μήτε
2751 2945 2860 2998 τῶν
2889 2945 3290 3015 φυλαττόντων,
3323 2948 3390 3016 τῇ
3428 2945 3608 3016 οἰκείᾳ
3641 2945 3812 3000 δυνά-

2221 3059 2312 3114 μει
2357 3039 2653 3112 θαρρείτω,
2685 3037 2825 3093 ἀλλὰ
2861 3037 2962 3110 τὴν
2991 3037 3146 3091 θείαν
3191 3036 3562 3090 ἑπικαλείσθω
3607 3041 3809 3109 ῥοπήν.

2219 3134 2439 3204 Ταύτης
2468 3134 2576 3204 γὰρ
2609 3119 2984 3202 συνεργούσης
3013 3131 3275 3201 ἑκάτερον
3309 3129 3493 3201 ῥᾴδιον
3512 3143 3527 3157 ·
3568 3130 3812 3190 ἀναϐαλο

2143 3224 2186 3281 C
2219 3226 2449 3297 λομίνου
2492 3225 2550 3277 δὲ
2583 3223 2678 3277 τοῦ
2721 3221 2860 3284 Θεοῦ
2891 3222 2994 3292 τὴν
3037 3221 3313 3292 βοήθειαν,
3346 3222 3576 3292 μάταιος
3622 3223 3654 3291 ἡ
3697 3223 3814 3286 τῶν

2220 3315 2528 3387 ἀνθρώπων
2560 3311 2791 3382 σπουδὴ.

2288 3408 2353 3476 β’.
2396 3425 2415 3456 ι
2460 3407 2554 3469 Εἰς
2595 3405 2774 3476 μάτην
2810 3404 2940 3472 ὑμῖν
2973 3403 3090 3456 ἐστι
3131 3400 3225 3456 τοῦ
3251 3402 3294 3433 ⁵⁷
3331 3402 3628 3474 ὁρθρίζειν,
3663 3404 3814 3470 ἐγεί-

2222 3496 2380 3567 ρεσθε
2407 3496 2546 3566 μετὰ
2580 3496 2641 3546 τὸ
2678 3492 2951 3562 καθῆσθαι
2980 3494 3045 3557 ⁵⁸,
3079 3493 3127 3544 οἱ
3168 3491 3441 3554 ἐσθίοντες
3486 3493 3653 3564 ἄρτον
3686 3494 3814 3546 ὀδύ-

2219 3605 2336 3658 νης.
2381 3607 2398 3637 ι
2435 3587 2508 3638 Τὸ
2537 3586 2841 3656 ἐγείρεσθε
2863 3587 2906 3617 '9
2937 3585 3040 3637 οὐκ
3070 3583 3186 3652 ἔστι
3221 3585 3649 3654 προστακτικὸν,
3672 3586 3816 3639 ἀλλὰ

2203 3679 2643 3748 ἀπαρέμφατον.
2681 3678 2845 3745 Λέγει
2868 3675 2924 3728 δὲ
2956 3678 3038 3728 ὃτι
3073 3677 3248 3728 πάντα
3283 3676 3512 3744 μάταια,
3540 3676 3635 3728 τοῦ
3671 3677 3815 3728 Θεοῦ

2219 3771 2330 3824 τῶν
2365 3771 2502 3824 ὅλων
2553 3769 2630 3840 μὴ
2678 3767 3088 3838 συνεργοῦντος,
3135 3768 3230 3820 καὶ
3266 3765 3327 3818 τὸ
3365 3766 3661 3836 ὀρθρίζειν,
3717 3769 3816 3820 καὶ

2216 3863 2279 3916 τὺ
2324 3861 2668 3925 ἀνίστασθαι,
2700 3863 2780 3924 εἰς
2819 3877 2879 3912 τε
2911 3857 3160 3929 φυλακὴν
3190 3858 3290 3928 τῆς
3335 3856 3564 3921 πόλεως,
3600 3858 3696 3910 καὶ
3731 3860 3814 3920 είς

2216 3957 2317 4027 τὴν
2348 3954 2726 4026 προκειμένην
2755 3952 3092 4020 οἰκοδομίαν.
3134 3950 3226 4003 Διὸ
3253 3951 3516 4017 παραινεῖ
3540 3951 3653 4010 τοῖς
3691 3949 3812 4020 μετ’

2217 4047 2411 4118 ὀδύνης
2465 4047 2556 4098 τὸν
2610 4044 2777 4114 ἄρτον
2827 4043 3067 4096 ἐσθίουσι
3115 4042 3203 4095 διά
3238 4041 3336 4104 τὰς
3367 4041 3478 4092 τῶν
3530 4039 3812 4110 πολεμίων

2217 4139 2644 4200 ἐπαναστάσεις,
2675 4136 2754 4198 είς
2781 4134 2875 4188 τὸν
2901 4133 3036 4188 Θεὸν
3064 4133 3163 4198 τὰς
3194 4133 3417 4196 ἐλπίδας
3447 4133 3612 4202 ἔχειν.

2295 4251 2314 4284 ι
2383 4232 2554 4283 Ὅταν
2611 4228 2688 4298 δῷ
2742 4227 2788 4259 ⁸⁸
2851 4228 2964 4289 τοῖς
3031 4227 3338 4296 ἀγαπητοῖς
3393 4223 3559 4276 αὑτοῦ
3618 4221 3810 4276 ὕπνον.

2220 4322 2342 4396 [γ’.]
2391 4321 2524 4376 Ἰδοὺ
2579 4321 2612 4389 ἡ
2669 4317 3009 4388 κληρονομία
3040 4318 3250 4387 Κυρίου
3301 4317 3428 4380 υἱοὶ,
3475 4313 3665 4384 μισθὸς
3715 4313 3812 4366 τοῦ

2219 4412 2435 4485 καρποῦ
2485 4412 2586 4481 τῆς
2629 4408 2885 4478 γαστρός.
2928 4426 2947 4459 ι
2999 4407 3212 4460 ’Ὕπνον
3261 4406 3497 4461 ἐνταῦθα
3533 4403 3814 4474 τροπικῶς

2218 4506 2317 4574 τὴν
2351 4502 2668 4556 ἀνάπαυσιν
2691 4498 2735 4530 ⁸⁸
2769 4496 3217 4569 προσηγόρευσεν
3236 4507 3250 4522 ⁸
3283 4493 3602 4548 ἀνάπαυλαν
3629 4491 3688 4544 δὲ
3715 4490 3815 4542 καὶ

536 4589 857 4645 hominibus
881 4590 1106 4658 praabct.
1140 4587 1251 4643 Deo
1283 4589 1470 4657 igitur,
1507 4588 1701 4657 inquit,
1732 4587 1956 4658 propria
1985 4601 2115 4641 cura

2221 4598 2250 4650 ὁ
2296 4595 2464 4658 ὕπνος
2507 4595 2622 4655 τοῖς
2653 4590 2964 4661 ἀνθρώποις
3008 4587 3259 4660 παρέχει.
3297 4587 3402 4640 Τοῦ
3436 4583 3573 4638 Θεοῦ
3607 4583 3812 4645 τοίνυν,

535 4696 638 4736 nos
669 4681 949 4749 dignante.
1001 4681 1188 4735 hostes
1229 4696 1493 4751 superare
1526 4683 1832 4750 poterimus
1854 4721 1870 4746 ,
1905 4688 1962 4734 et
2001 4679 2122 4734 sine

541 4773 726 4826 labore
754 4774 1026 4828 aediﬁcare
1047 4811 1062 4836 ,
1095 4785 1149 4828 et
1179 4783 1296 4828 tuto
1329 4775 1512 4828 vivere
1533 4815 1546 4838 ,
1583 4783 1639 4829 et
1668 4779 1788 4828 sine
1829 4787 1960 4829 cura
1993 4773 2122 4827 dor-

541 4865 701 4928 tnire,
736 4864 1212 4935 plurimorumque
1247 4866 1480 4919 filiorum
1514 4876 1698 4936 patres
1731 4882 1874 4931 esse,
1923 4881 2122 4920 secun-

538 4956 670 5010 dum
695 4956 935 5010 divinam
960 4956 1403 5024 promissionem
1433 4955 1690 5014 Promisit
1717 4959 1865 5012 enim
1914 4973 1973 5011 se
2023 4972 2122 5009 no-

538 5055 716 5102 strum
747 5063 923 5118 genus
956 5047 1231 5101 facturum
1286 5055 1431 5103 sicut
1475 5066 1701 5103 arenam
1747 5065 1870 5119 qum
1921 5058 2006 5103 est
2043 5049 2113 5102 ad

538 5140 693 5196 littus
727 5139 920 5196 maris.
962 5139 1099 5194 lllud
1134 5147 1191 5195 et
1217 5141 1318 5196 hoc
1351 5142 1472 5196 loco
1495 5142 1670 5196 dixit:
1706 5160 1724 5192 ι
1766 5140 1904 5196 Ecce
1937 5140 2117 5195 haere-

2224 4687 2382 4758 φησὶ,
2413 4686 2512 4755 τῆς
2539 4684 2748 4746 οἰκείας
2779 4679 3061 4745 ἀξιοῦντος
3083 4679 3433 4750 κηδεμονίας,
3465 4673 3815 4744 δυνησόμεθα

2223 4778 2332 4829 τῶν
2363 4773 2751 4844 πολεμούντων
2801 4770 3209 4840 περιγενέσθαι,
3235 4770 3329 4821 καὶ
3354 4767 3570 4825 ἀπόνως
3609 4763 3814 4816 οἰκοδοο

2228 4868 2424 4938 μῆσαι,
2479 4867 2572 4918 καὶ
2615 4865 2824 4932 διάγειν
2877 4861 3160 4932 ἀσφαλῶς,
3213 4860 3306 4914 καὶ
3355 4858 3480 4928 δίχα
3531 4853 3817 4926 φροντίδος

2227 4955 2531 5020 καθεύδειν,
2581 4955 2675 5007 καὶ
2712 4953 2973 5006 πλειόνων
3025 4952 3231 5004 παίδων
3279 4951 3534 5018 γενέσθαι
3577 4949 3816 5018 πατέρες

2225 5048 2367 5100 κατά
2400 5048 2498 5115 τὴν
2545 5045 2698 5098 θείαν
2732 5045 3046 5115 ὑπόσχεσιν.
3092 5044 3396 5111 ’Υπέσχετο
3424 5043 3532 5116 γάρ
3565 5043 3814 5112 ποιήσειν

2226 5139 2385 5208 ἡμῶν
2430 5137 2492 5189 τὸ
2525 5137 2704 5203 γένος,
2753 5139 2828 5200 ὼς
2874 5135 2972 5204 τὴν
3002 5135 3188 5204 ἄμμον
3219 5133 3318 5203 τὴν
3361 5132 3514 5204 παρά
3548 5133 3608 5186 τὸ
3637 5133 3814 5203 χεῖλος

1627 5331 1860 5387 νΑιιιιΕ
1903 5329 2288 5388 LECTIONES
2327 5330 2415 5387 ET
2448 5329 2682 5386 NOTAE.

609 5493 655 5528 "’
687 5490 795 5545 Τοῦ
842 5491 1068 5560 Σολοομ.
1109 5489 1279 5560 Abest
1306 5504 1334 5542 a
1371 5488 1497 5560 cod.

537 5628 725 5685 λυσαν.
803 5628 1028 5698 ⁸⁸Ὺήν.
1084 5630 1257 5681 cod.l
1298 5628 1441 5690 τούς.
1519 5629 2030 5697 δ’ίιι.ἐρεθίζοντας.

1693 5489 1736 5520 ⁸¹
1761 5489 1955 5544 Πάλαι
1990 5519 2049 5531 ι-
2075 5502 2303 5556 προσφ.
2354 5487 2462 5540 τοῦ
2512 5488 2721 5554 ψαλμο

535 5563 807 5634 psalmum
871 5557 1167 5630 pertinent,
1207 5558 1424 5628 Origeni
1474 5557 1662 5610 tribuit
1723 5562 1885 5612 (Iord.
1933 5563 1966 5611 I.
2004 5575 2050 5612 c.
2104 5576 2154 5624 ι).
2192 5559 2295 5610 576
2341 5573 2493 5625 seqq.

537 5635 725 5685 λυσαν.
803 5631 848 5661 ⁸⁸
886 5631 1028 5688 Τήν.
1084 5630 1257 5681 cod.l
1298 5628 1441 5688 τούς.
1519 5629 2030 5688 δ’ίιι.ἐρεθίζοντας.
2109 5627 2534 5688 ⁵⁶ἰιι.βασιλέας.

2725 5485 2782 5539 ῦ.
2840 5482 2965 5538 llzec
3021 5491 3077 5537 et
3135 5483 3306 5536 multa
3366 5497 3489 5550 quae
3539 5482 3604 5534 ad
3670 5482 3820 5536 hunc

2598 5551 2859 5608 "'i-od.l
2922 5553 3339 5611 καταλυθέντος.
3415 5553 3462 5583 ⁸³
3502 5553 3572 5604 ib.
3625 5551 3822 5604 διεκώ-

2614 5627 2657 5657 ⁵⁷
2693 5627 2824 5678 Τοῦ.
2862 5626 2983 5679 eod.
3032 5623 3150 5676 Vat.
3181 5622 3261 5675 τό.
3339 5623 3384 5653 ⁸⁸
3419 5623 3630 5691 Ἐγείρ.
3666 5622 3822 5690 μετὰ

539 5704 606 5753 τὸ
637 5705 768 5754 καθ.
796 5691 963 5754 Hebr.
993 5698 1348 5751 Tarduntibus
1379 5699 1572 5750 sedere.
1608 5691 1746 5766 Αιμί.
1803 5698 2115 5766 βραδυειοῦσι

2215 5691 2484 5766 ιθῆσθαιη
2518 5697 2583 5766 7“
2609 5695 2970 5766 Ἐγείρεσθε.
3007 5694 3078 5747 Ita
3119 5695 3223 5766 leg.
3259 5691 3311 5744 in
3354 5694 3493 5766 cod.
3517 5694 3624 5766 l_i_-t
3673 5692 3818 5766 apud

541 5771 706 5824 Cord.
740 5772 776 5822 l.
807 5786 856 5823 c.
888 5786 939 5838 p.
973 5769 1096 5822 577.
1123 5766 1278 5820 l’rior
1304 5767 1472 5822 editio
1503 5767 1734 5821 habebat
1764 5765 2095 5838 ἐγείρεσθαι.

2247 5765 2432 5820 ’Ὅταν
2462 5765 2562 5830 δῷ.
2605 5765 2772 5819 Hebr.
2823 5769 2899 5817 ita
2939 5766 3110 5816 dabit.

3187 5765 3228 5793 “
3260 5766 3380 5817 col.
3420 5765 3436 5815 l
3474 5761 3813 5816 ἀνάπαυλαν.
