4128 6420
527 381 668 451 1895

1491 377 1990 440 TIIEODORETI
2049 371 2395 433 EPISCOPI
2460 370 2832 432 CYRENSIS

3663 362 3803 430 1896

602 496 747 550 Vsus
805 493 861 547 2.
904 512 923 545 ι
966 493 1211 549 Labores
1250 507 1512 547 ntattuum
1549 502 1768 547 tuarum
1815 490 2116 545 manduca—

2292 484 2357 555 β’.
2422 504 2441 535 ι
2480 482 2622 546 Τοὺς
2674 481 2871 545 πόνους
2912 480 3021 535 τῶν
3052 478 3293 553 ’καρπῶν
3334 497 3429 536 σου
3474 478 3736 549 φάγεσαι.
3778 498 3796 530 ι

528 590 634 644 bis.
687 608 707 640 ι
758 590 776 608 ⁶
815 586 1225 659 Symmachus:
1285 584 1544 641 Laborem
1606 599 1861 639 manuum
1900 592 2117 635 tuarum

529 684 857 735 mandaram
880 695 900 734 :
930 687 992 734 ut
1019 679 1208 749 itaque
1246 687 1495 748 apertum
1526 675 1633 741 sit,
1674 677 1840 731 etiam
1884 673 2117 742 Septua-

528 775 678 844 ginta
701 773 1038 842 interpretes
1062 771 1311 843 καρποὺς
1344 784 1453 824 non
1483 767 1770 823 fructuum
1807 766 2120 836 perceptio-

530 881 656 919 nem
692 879 952 928 vocasse,
997 864 1091 919 sed
1133 876 1397 916 manuum
1444 868 1678 930 partem.
1733 858 1876 913 Dicit
1936 866 2118 911 autem

531 956 648 1011 fore
671 968 732 1010 ut
761 956 1032 1011 bonorum
1100 970 1222 1024 qua:
1254 968 1285 1008 a
1328 964 1382 1009 te
1423 951 1691 1007 seminata
1723 958 1874 1013 sunt,
1908 947 2119 1003 [ructus

530 1048 818 1116 decerpas.
873 1045 990 1101 Hoc
1032 1046 1198 1100 etiam
1242 1045 1438 1099 beatus
1470 1042 1547 1096 ait
1579 1040 1912 1111 Apostolus:
1953 1057 1971 1089 ι
2011 1037 2117 1104 Qui

531 1152 694 1206 parce
729 1135 990 1199 seminat,
1021 1149 1185 1205 parce
1219 1147 1440 1203 quoque
1464 1140 1652 1197 metet,
1683 1139 1739 1185 et
1763 1130 1857 1200 qui
1886 1130 2122 1183 seminat

532 1231 590 1284 in
651 1228 1158 1287 benedictionibus,
1226 1227 1281 1280 in
1354 1223 1832 1281 benedictionibus
1901 1234 2122 1291 quoque

534 1330 703 1375 metet
730 1322 781 1375 ιι.
819 1340 839 1372 ι
870 1348 943 1359 -
969 1338 989 1369 ι
1030 1318 1234 1372 Beatus
1274 1332 1358 1382 es,
1410 1325 1464 1370 et
1496 1316 1637 1371 bene
1664 1315 1760 1369 tibi
1788 1313 1912 1368 erit.
1940 1332 1959 1365 ι
2003 1310 2119 1368 Non

535 1413 682 1466 enim
709 1412 877 1466 verbo
909 1410 1031 1465 solo
1060 1408 1191 1465 felix
1229 1418 1285 1464 et
1324 1407 1556 1462 illustris
1583 1406 1727 1469 eris,
1768 1405 1863 1460 sed
1906 1418 1966 1458 re
2002 1404 2119 1472 ipsa

538 1503 853 1557 felicitatem
887 1501 1135 1554 habebis.

611 1593 782 1647 Vens.
811 1594 865 1647 5.
903 1610 921 1643 ι
954 1592 1108 1647 Uxor
1130 1600 1221 1645 tua
1252 1590 1396 1645 sicut
1426 1589 1552 1645 vitis
1580 1586 1870 1643 abundans
1892 1588 1947 1641 in
1983 1585 2120 1640 late-

542 1684 695 1736 ribus
744 1681 941 1735 domus
973 1689 1099 1734 tunc.
1127 1697 1145 1730 ι
1191 1676 1461 1743 Quoniam
1510 1675 1604 1730 illa
1645 1680 1970 1743 tempestate
2006 1670 2123 1725 haec

2232 578 2291 632 '0
2319 576 2368 610 ⁷⁸
2396 578 2456 631 δέ
2490 576 2562 629 Σύ
2572 592 2813 647 μμαχος,
2832 574 3036 629 Κόπον
3058 571 3276 643 χειρῶν
3296 589 3416 627 σου
3434 573 3656 627 ἐσθίων
3677 588 3693 603 ο
3725 569 3805 635 ὡς

2218 667 2362 724 εἶναι
2410 668 2594 739 δῆλον,
2649 669 2734 721 ὅτι
2765 666 2861 720 καὶ
2912 667 2962 720 οἱ
3000 665 3407 735 Ἐϐδορήκοντα
3449 666 3716 733 καρποὺς
3741 664 3805 716 οὐ

2220 764 2321 835 τὴν
2336 762 2680 834 ἐπικαρπίαν
2700 760 2994 824 ἐκάλεσαν,
3006 758 3143 813 ἀλλὰ
3158 759 3219 812 τὸ
3244 760 3433 830 μόριον
3451 760 3558 811 τῶν
3578 758 3803 828 χειρῶν.

2220 858 2388 927 Λέγει
2437 856 2514 920 δὲ,
2555 856 2638 909 ὅτι
2666 852 2790 906 Τῶν
2840 850 2947 908 ὐπδ
2990 851 3085 905 σοῦ
3146 850 3526 920 σπειρομένων
3580 846 3807 915 ἀγαθῶν

2220 953 2351 1015 τοὺς
2383 949 2633 1020 καρποὺς
2659 947 2977 1019 τρυγήσεις.
3006 944 3179 999 Τοῦτο
3207 944 3264 998 δὲ
3291 944 3386 997 καὶ
3411 945 3441 995 6
3471 942 3616 1005 θεῖος
3640 942 3812 994 Ἀπό-

2225 1043 2411 1107 στολος
2439 1042 2568 1112 ἔφη,
2588 1060 2607 1093 ι
2630 1042 2689 1094 '0
2707 1038 2950 1110 σπείρων
2974 1037 3334 1106 φειδομένως,
3354 1035 3691 1108 φειδομένως
3709 1037 3812 1087 καὶ

2222 1135 2429 1206 θερίσει
2457 1150 2469 1163 ·
2505 1133 2603 1187 καὶ
2630 1135 2659 1185 6
2696 1130 2936 1202 σπείρων
2978 1130 3068 1182 ἐπ’
3093 1129 3389 1197 εὐλογίαις,
3416 1128 3503 1180 ἐπ’
3527 1127 3812 1195 εὐλογίαις

2223 1228 2317 1280 καὶ
2348 1224 2577 1296 θερίσει.
2615 1242 2635 1275 ι
2667 1254 2736 1265 --
2761 1240 2780 1274 ι
2821 1219 3113 1290 Μακάριος
3130 1217 3181 1272 εἰ
3209 1219 3273 1274 σὺ
3291 1220 3359 1280 ⁷⁸.
3389 1219 3485 1271 καὶ
3514 1217 3694 1280 καλῶς
3721 1234 3809 1269 σοι

2222 1318 2397 1372 ἔσται.
2438 1335 2457 1368 ι
2502 1317 2580 1368 Οὐ
2627 1315 2735 1383 γὰρ
2762 1313 2909 1384 λόγῳ
2947 1313 3096 1384 μόνῳ
3124 1310 3221 1383 ἔσῃ
3250 1309 3493 1379 ζηλωτὸς
3514 1310 3606 1363 καὶ
3644 1302 3812 1380 περί-

2222 1411 2455 1474 ϐλεπτος
2481 1426 2496 1441 ·
2523 1408 2658 1463 ἀλλὰ
2690 1410 2786 1462 καλ
2820 1406 2967 1477 ἔργῳ
2988 1405 3130 1472 ἕξεις
3152 1407 3253 1477 τὴν
3275 1403 3591 1476 εὐκληρίαν.

2291 1589 2364 1658 γ’.
2424 1607 2444 1640 ι
2493 1587 2556 1641 Ἡ
2582 1587 2719 1658 γυνή
2756 1602 2878 1651 σου,
2899 1585 2975 1650 ὡς
3001 1583 3251 1657 ἄμπελος
3276 1583 3582 1655 εὐθηνοῦσα
3607 1584 3667 1637 ἐν
3692 1585 3809 1645 τοῖς

2222 1682 2433 1736 κλίτεσι
2475 1683 2580 1751 τῆς
2625 1678 2802 1744 οἰκίας
2851 1694 2970 1734 σου.
3008 1697 3028 1731 ι
3075 1676 3297 1748 Ἐπειδὴ
3323 1676 3448 1730 κατ’
3482 1678 3691 1729 ἐκεῖνον
3717 1675 3818 1727 τὸν

544 1774 777 1827 felicitas
825 1772 1190 1833 censebatur,
1248 1769 1541 1839 pollicetur
1591 1767 1728 1837 ipsis
1762 1764 2121 1836 propheticus

2232 1774 2419 1844 καιρὸν
2454 1772 2661 1842 ταύτην
2689 1770 2994 1843 εὐπραξίαν
3024 1770 3306 1841 ἐνόμιζον,
3334 1770 3679 1839 ὑπισχνεῖται
3709 1770 3817 1821 αὐ-

543 1877 727 1920 smno
757 1862 922 1917 etiam
965 1876 1195 1916 uxorum
1478 1836 1901 1922 fecunditatem,
1946 1863 2006 1910 ut
2025 1854 2123 1909 ilo-

2232 1836 2339 1929 ιοϊς
2365 1867 2395 1919 6
2437 1836 2735 1934 loyce-ml
2762 1836 3042 1933 γυναικῶν
3087 1836 3420 1933 εὐκαρπίαν,
3454 1836 3595 1913 ῶστε
3629 1860 3818 1929 ἀμπέ-

547 1957 793 2010 rentibus
822 1953 1021 2007 vitibus
1061 1960 1116 2007 et
1144 1950 1316 2006 botris
1347 1950 1563 2005 onustis
1596 1949 1795 2004 futura:
1821 1948 1933 2004 sint
1961 1946 2119 2003 simi-

547 2048 644 2101 les.
686 2065 702 2097 ι
740 2044 861 2099 Filii
907 2045 982 2099 tni
1027 2044 1170 2098 sicut
1208 2044 1440 2099 novella:
1481 2043 1756 2098 olivarum
1788 2041 1844 2096 in
1884 2041 2121 2096 circuitu

548 2154 747 2192 ιιιριιετιι
781 2144 905 2190 tuac.
948 2155 966 2189 ι
1004 2134 1181 2190 Etiam
1207 2137 1259 2189 in
1283 2134 1747 2206 quinquagesimo
1766 2132 1944 2203 primo
1980 2131 2125 2202 psal-

548 2244 637 2281 mu
663 2227 872 2296 justum
897 2226 1053 2280 olivae
1092 2224 1473 2295 comparavit:
1519 2243 1538 2276 ι
1578 2225 1692 2295 Ego
1719 2222 1896 2288 enim,
1921 2222 2123 2294 inquit,

547 2321 685 2373 sicut
709 2319 848 2372 oliva
880 2316 1233 2372 fructiferain
1261 2317 1425 2372 domo
1451 2316 1546 2371 Dei
1576 2314 1619 2371 ί.
1659 2336 1679 2367 ι
1709 2313 1776 2370 Ει
1810 2316 1898 2370 hic
1930 2315 2127 2370 timen-

550 2411 621 2464 tis
664 2409 949 2463 Dominum
983 2409 1127 2464 ﬁlios
1169 2409 1402 2464 novellis
1443 2408 1648 2479 plantis
1693 2407 1960 2462 olivarum
1987 2407 2127 2463 assi-

551 2504 781 2568 inilavit,
830 2513 1087 2572 tanquam
1130 2501 1349 2573 pietatis
1394 2499 1810 2569 irrigationcm,
1849 2499 2129 2567 tempesti-

552 2611 786 2666 vumqne
811 2595 1044 2650 fruetum
1071 2593 1328 2656 ferentes,
1346 2604 1399 2649 et
1418 2593 1606 2648 folium
1631 2590 1856 2647 minime
1869 2590 2129 2661 abjicien-

551 2696 652 2753 tes,
674 2687 978 2742 secundum
1015 2686 1312 2757 imaginem
1346 2685 1446 2739 viri
1472 2685 1567 2755 qul
1606 2684 1662 2739 in
1709 2682 1920 2753 psalmo
1950 2682 2131 2752 primo

551 2779 746 2832 beatus
769 2777 996 2831 dicitur.

627 2866 793 2923 Vsus.
818 2868 873 2924 4.
918 2888 935 2919 ι
966 2867 1102 2923 Ecce
1136 2867 1218 2922 s’e
1255 2868 1609 2924 benedicetur
1646 2867 1812 2923 homo
1854 2865 1946 2937 qui
1980 2866 2134 2921 timet

551 2960 868 3015 Dominum.
913 2979 931 3012 ι
978 2957 1114 3013 Nam
1143 2974 1359 3013 morum
1396 2970 1450 3014 et
1492 2974 1600 3012 non
1637 2958 1851 3029 generis
1884 2958 2026 3013 Deus
2049 2968 2134 3012 est

544 3050 848 3120 index.Sic
901 3050 1065 3106 etiam
1109 3048 1307 3105 Jobum
1345 3065 1410 3105 ex
1454 3048 1595 3105 Esau
1630 3064 1805 3121 genus
1844 3050 2134 3105 ducentem

551 3143 776 3199 coronis
825 3143 1084 3213 dignatus
1119 3153 1232 3211 est;
1277 3142 1357 3198 sic
1390 3143 1558 3196 etiam
1602 3142 2019 3198 Abimelechnm
2060 3142 2125 3196 ad

552 3236 836 3290 veritatem
863 3235 1124 3303 deduxit;
1158 3237 1238 3292 sic
1286 3235 1633 3300 eunuchum,
1678 3236 1763 3292 sic
1795 3235 2131 3301 Cornelium,

552 3329 633 3383 sic
651 3342 843 3382 omnes
867 3334 1076 3396 gentes.

626 3417 794 3473 Vnus.
851 3418 905 3472 ὅ.
954 3435 973 3469 ι
1014 3417 1308 3473 Benedicat
1352 3419 1451 3473 tibi
1509 3420 1778 3475 Dominus
1810 3435 1841 3475 e
1890 3420 2078 3476 Sionc.
2115 3443 2130 3469 ο

557 3506 873 3562 Secundum
899 3507 1220 3577 opinionem
1281 3523 1402 3578 quae
1429 3518 1562 3565 tunc
1588 3512 1957 3577 increbnerat,
1981 3512 2138 3567 locn-

556 3609 648 3652 tus
695 3609 799 3653 est.
842 3596 921 3653 lbi
954 3599 1101 3654 enim
1137 3600 1281 3656 Deus
1326 3601 1575 3657 habitare
1607 3602 1961 3657 censebatur.
2011 3620 2030 3654 ι
2073 3601 2140 3656 Et

556 3689 745 3746 videas
787 3689 1007 3757 bona,o
1051 3690 1453 3764 Hierosolyma,
1478 3695 1734 3751 omnibus
1782 3695 1977 3751 diebus
2014 3696 2141 3750 vita:

557 3789 685 3835 tua).
713 3799 733 3833 ι
760 3778 883 3836 Hoc
902 3782 1048 3837 enim
1083 3782 1266 3838 videre
1297 3784 1564 3840 sitiebant
1601 3786 1636 3840 ii
1675 3787 1768 3857 qui
1803 3803 1833 3843 e
1859 3767 2139 3859 Babylone

557 3874 794 3945 regressi
836 3872 1091 3939 fuerant,
1129 3874 1375 3933 civitatis
1412 3877 1768 3933 solitudinem
1824 3888 2136 3935 cernentes.

627 3964 794 4022 Vsus.
841 3966 898 4022 θ.
953 3983 975 4018 ι
1029 3964 1096 4020 Et
1135 3966 1326 4024 videas
1368 3967 1514 4025 tilios
1562 3969 1802 4025 tiliorum
1839 3979 2082 4026 tuorum.
2116 3990 2135 4023 ι

556 4056 748 4129 Magna
782 4058 955 4129 gratia
983 4059 1413 4116 existimabatur
1439 4061 1507 4116 ad
1535 4071 1835 4119 extremam
1857 4064 2142 4134 pervenire

498 4140 515 4154 ’
559 4157 920 4215 senectutem,
945 4149 1198 4220 illiusque
1228 4150 1468 4206 tiliorum
1506 4152 1718 4211 videre.
1748 4155 1940 4225 Itaque
1976 4154 2145 4211 bene-

557 4239 829 4295 dictiones
848 4240 995 4295 illius
1013 4242 1281 4311 temporis
1316 4242 1672 4312 opinionibus
1698 4245 2142 4302 accommodatas

557 4332 826 4403 assignat.
877 4332 1157 4388 Bonorum
1194 4347 1327 4389 vero
1377 4336 1779 4404 possessionem
1818 4316 2044 4393 ininime
2085 4337 2140 4393 in

562 4423 648 4478 bis
670 4423 832 4479 bonis
855 4425 1165 4481 consistere
1182 4425 1375 4480 beatus
1404 4423 1574 4482 Isaias
1597 4427 1815 4483 docuit:
1842 4448 1862 4480 ι
1892 4427 1969 4486 Ne
1996 4430 2143 4485 dicat

559 4517 848 4572 eunuchus
877 4534 892 4571 :
923 4518 1036 4588 Ego
1060 4534 1181 4574 sum
1216 4519 1425 4591 lignum
1452 4521 1691 4587 aridum,
1723 4521 1985 4591 quoniam
2026 4523 2143 4579 hac

562 4608 695 4664 dicit
717 4608 983 4666 Dominus
1010 4627 1024 4665 :
1048 4609 1334 4668 Euuncbis
1358 4613 1375 4635 ‘
1424 4612 1866 4671 custodientibus
1904 4614 2141 4672 Sabbata

563 4715 706 4766 mea,
724 4710 779 4756 et
797 4703 1126 4773 eligentibus
1149 4719 1272 4774 quae
1292 4719 1393 4775 ego
1410 4705 1554 4771 volo,
1580 4706 1722 4761 dabo
1748 4707 1881 4779 ipsis
1900 4708 1952 4762 in
1977 4708 2143 4763 domo

562 4805 685 4845 mea
722 4799 778 4846 et
823 4793 877 4846 in
920 4795 1128 4863 pariete
1168 4810 1290 4851 meo
1328 4795 1509 4852 locum
1552 4799 1793 4867 clarum,
1839 4810 1895 4856 et
1941 4815 2142 4857 nomen

566 4880 807 4949 bonum,
849 4885 1200 4953 praestantius
1246 4886 1462 4958 1500
1492 4887 1617 4946 llliis
1655 4900 1711 4945 et
1759 4891 2142 4949 ﬁliabnsm—

570 4989 588 5021 ι
628 4971 739 5027 Pax
773 4987 940 5045 super
970 4975 1160 5032 Israel.
1203 4996 1222 5029 ›
1258 4964 1475 5036 Rursus
1515 4982 1701 5039 lsraeli
1734 5001 1921 5056 pacem
1950 5003 2143 5057 preca-

566 5073 656 5117 tur
682 5083 695 5118 :
725 5080 853 5120 vera
887 5076 1068 5125 autem
1113 5085 1250 5140 pax,
1286 5089 1390 5143 pax
1424 5081 1508 5128 est
1547 5090 1671 5130 cum
1721 5077 1865 5134 Deo:
1904 5080 2143 5136 carnalis

564 5170 694 5211 vero
723 5157 908 5223 Israel,
935 5175 1057 5215 cum
1084 5177 1148 5217 ex
1186 5164 1276 5219 illa
1315 5166 1628 5233 excidisset,
1656 5170 1818 5224 etiam
1843 5171 1947 5225 alia
1979 5173 2143 5226 orba-

568 5256 654 5302 tus
678 5261 780 5305 est.

636 5402 665 5443 ιι
695 5402 738 5457 ll
774 5404 902 5461 Cor.
930 5423 1003 5470 ικ,
1038 5408 1089 5465 6.
1174 5411 1189 5449 ί
1229 5407 1371 5463 Psal.
1401 5426 1475 5472 l.l,
1506 5410 1558 5464 8.
1638 5413 1650 5461 i
1692 5414 1793 5470 lsa.
1836 5432 1944 5480 Lvt,
1976 5419 2030 5481 5,
2064 5419 2118 5474 5.

2222 1955 2337 2020 λοις
2386 1952 2836 2025 παραϐάλλεσθαι
2859 1952 3197 2024 τεθηλυίαις,
3225 1951 3322 2005 καὶ
3354 1949 3672 2023 βριθούσαις
3697 1952 3817 2014 τοῖς

2227 2049 2502 2122 βότρυσιν.
2550 2067 2571 2100 ι
2614 2046 2681 2100 Oi
2706 2045 2812 2100 υίοί
2848 2061 2965 2111 σου,
2996 2046 3076 2109 ὡς
3111 2045 3347 2112 νεόφυτα
3374 2042 3594 2107 ἐλαιῶν,
3625 2042 3820 2112 κύκλῳ

2225 2141 2325 2211 τῆς
2341 2138 2622 2210 τραπέζης
2642 2154 2759 2191 σου.
2786 2155 2807 2188 ι
2830 2138 2943 2191 Καὶ
2963 2136 3113 2208 ἐντῷ
3134 2132 3486 2205 πεντηκοστῷ
3502 2135 3596 2187 καὶ
3612 2134 3823 2204 πρώτῳ

2225 2228 2430 2301 ψαλμῷ
2471 2228 2563 2283 τὸν
2613 2228 2823 2282 δίκαιον
2849 2227 3008 2298 ἐλαία
3036 2225 3351 2298 παρέϐαλεν
3375 2241 3390 2255 ⁸
3439 2242 3459 2276 ι
3508 2222 3652 2291 Ἐγὼ
3679 2222 3821 2294 γὰρ,

2229 2317 2357 2388 ἔφη,
2374 2317 2510 2372 ὡσεὶ
2532 2317 2688 2371 ἐλαία
2721 2316 3081 2389 κατάκαρπος
3108 2319 3167 2371 ἐν
3194 2315 3274 2386 τῷ
3310 2316 3448 2387 οἴκῳ
3477 2313 3573 2368 τοῦ
3595 2314 3757 2367 Θεοῦ.
3794 2333 3815 2365 ι

2229 2412 2342 2466 Καὶ
2376 2409 2623 2483 ἐνταῦθα⁸
2644 2408 2740 2464 τοῦ
2786 2409 3126 2479 φοὸουμένου
3165 2409 3257 2461 τὸν
3290 2408 3498 2479 Κύριον
3523 2408 3654 2470 τοὺς
3687 2408 3824 2461 παῖ-

2229 2502 2326 2566 δας
2351 2501 2633 2571 νεοφύτοις
2674 2500 2873 2556 ἐλαιῶν
2911 2500 3239 2563 ἀπείκασεν,
3271 2500 3350 2561 ὡς
3381 2500 3482 2569 τῆς
3531 2496 3826 2559 εὐσεϐείας

2231 2596 2331 2665 τὴν
2359 2594 2585 2665 ἀρδείαν
2617 2594 2682 2657 ⁷⁸,
2715 2592 2810 2647 καὶ
2824 2592 2914 2646 τδν
2938 2592 3152 2664 καρπὸν
3182 2592 3274 2644 τὸν
3300 2591 3511 2662 ῶριμον
3531 2589 3823 2658 φέροντας.

2234 2689 2327 2742 καὶ
2376 2686 2438 2741 τὸ
2483 2686 2681 2756 φύλλον
2733 2685 2836 2739 οὐκ
2891 2684 3323 2751 ἀποϐάλλοντας,
3356 2682 3500 2737 κατὰ
3526 2683 3619 2736 τὸν
3646 2684 3704 2734 ἐν
3743 2684 3826 2754 τῷ

2235 2776 2438 2847 πρώτῳ
2475 2776 2677 2847 ψαλμῷ
2709 2774 3158 2847 μακαριζόμενον
3192 2775 3383 2847 ἄνδρα.

2303 2871 2364 2923 δ’.
2414 2890 2433 2921 ι
2486 2869 2618 2922 Ἰδοὺ
2656 2868 2833 2934 οὕτως
2863 2868 3296 2941 εὐλογηθήσεται
3325 2868 3632 2940 ἄνθρωπος,
3668 2872 3696 2922 6
3723 2886 3826 2939 φο-

2236 2961 2499 3032 ϐούμενος
2547 2961 2640 3014 τὸν
2672 2960 2900 3031 Κύριον.
2951 2979 2970 3011 ι
2997 2960 3214 3030 Τρόπου
3242 2964 3353 3031 γάρ
3387 2963 3415 3013 6
3448 2962 3607 3024 θεὸς,
3632 2962 3694 3014 οὐ
3726 2961 3827 3028 γέ-

2236 3072 2361 3117 νους
2405 3054 2621 3125 κριτής.
2677 3052 2833 3108 Οὕτω
2862 3053 2954 3107 τὸν
2997 3053 3115 3107 Ἰὼϐ
3148 3055 3210 3106 ἐκ
3239 3053 3332 3106 τοῦ
3374 3053 3544 3106 ’Πσαῦ
3579 3052 3639 3107 τὸ
3670 3054 3829 3122 γένος

2160 3175 2203 3234 C
2237 3148 2546 3215 κατάγοντα
2594 3148 2875 3215 στεφάνων
2914 3146 3148 3217 ἠξίωσεν
3177 3165 3188 3175 ·
3223 3144 3366 3199 οὕτω
3397 3146 3488 3200 τὸν
3532 3146 3830 3217 ’Λϐιμέλεχ

2240 3238 2376 3308 πρὸς
2424 3237 2522 3309 τὴν
2571 3236 2832 3308 ἀλήθειαν
2881 3236 3222 3309 ἐποδήγησεν
3272 3253 3286 3267 °
3318 3237 3462 3290 οὕτω
3506 3237 3598 3291 τὸν
3637 3237 3832 3291 εὐνοῦ-

2238 3345 2353 3399 χον,
2392 3329 2534 3382 οὕτω
2563 3327 2655 3382 τὸν
2691 3329 3017 3401 Κορνήλιον,
3048 3328 3190 3383 οὕτω
3217 3331 3396 3382 πάντα
3428 3329 3498 3381 τὰ
3529 3329 3676 3398 ἔθνη.

2310 3428 2372 3474 ε’.
2418 3441 2435 3472 ι
2477 3420 2779 3493 Εὐλογήσαι
2827 3439 2887 3475 σε
2930 3421 3133 3493 Κύριος
3180 3423 3245 3475 ἐκ
3285 3421 3445 3475 Σιών.
3485 3440 3503 3472 ι
3539 3422 3697 3477 Κατὰ
3726 3422 3833 3493 τὴν

2239 3513 2360 3564 τότε
2414 3512 2756 3581 κατέχουσαν
2823 3511 3004 3576 δόξαν.
3042 3511 3193 3563 Ἐκεῖ
3241 3511 3351 3582 γὰρ
3389 3511 3575 3564 ὀἰκεῖν
3626 3514 3655 3563 6
3693 3511 3833 3574 Θεὸς

2240 3605 2543 3674 νενόμιστο.
2599 3622 2616 3655 ι
2653 3604 2766 3657 Καὶ
2811 3602 2942 3666 ἴδοις
2970 3604 3038 3656 τὰ
3098 3602 3281 3670 ἀγαθὰ
3328 3603 3688 3674 Ἰερουσαλὴμ
3731 3604 3836 3658 πά-

2244 3712 2341 3760 σας
2391 3695 2491 3759 τὰς
2535 3695 2751 3767 ἡμέρας
2791 3696 2893 3766 τῆς
2936 3692 3084 3766 ζωῆς
3124 3711 3242 3749 σου.
3286 3712 3306 3746 ι
3354 3694 3529 3748 Τοῦτο
3559 3696 3668 3765 γὰρ
3699 3696 3835 3752 ἰδεῖν

2241 3786 2471 3840 ἐπόθουν
2503 3788 2546 3818 ⁷⁷
2593 3787 2643 3839 oi
2675 3789 2739 3840 ὲκ
2782 3785 3102 3850 Βασυλῶνος
3148 3785 3561 3855 ἐπανελθόντες,
3605 3789 3835 3861 καὶτῆς

2242 3879 2450 3942 πόλεως
2488 3877 2586 3948 τὴν
2612 3878 2853 3950 ἐρημίαν
2890 3878 3149 3948 ὁρῶντες.

2315 3977 2389 4035 ς’.
2445 3987 2464 4021 ι
2496 3970 2606 4023 Καὶ
2657 3969 2787 4033 ἴδοις
2832 3970 2984 4033 υἱοὺς
3029 3969 3141 4023 τῶν
3198 3969 3332 4023 υἱῶν
3371 3986 3489 4025 σου.
3525 3988 3544 4022 ι
3589 3970 3833 4038 Εὐλογία
3878 4000 3879 4003 η

2246 4060 2461 4133 μεγάλη
2489 4061 2775 4130 νενόμιστο
2798 4060 2879 4124 είς
2894 4062 3076 4133 γῆρας
3108 4060 3301 4115 ἐλάσαι
3326 4061 3490 4133 βαθὺ,
3513 4062 3610 4115 καὶ
3629 4062 3833 4126 παῖδας

2246 4155 2400 4209 ἰδεῖν.
2426 4151 2842 4223 Συμϐαινούσας
2884 4152 3064 4206 τοίνυν
3100 4155 3219 4217 ταῖς
3250 4152 3499 4224 γνώμαις
3526 4154 3701 4225 ὁρίζει
3728 4155 3833 4218 τὰς

2243 4247 2499 4316 εὐλογίας
2528 4260 2544 4277 ·
2576 4248 2659 4301 ὅτι
2680 4245 2737 4299 δὲ
2762 4247 2863 4300 οὐκ
2900 4247 2959 4297 ἐν
2984 4247 3196 4310 τούτοις
3219 4242 3330 4300 εῐδε
3354 4246 3463 4301 τῶν
3486 4248 3709 4316 ἀγαθῶν
3731 4249 3835 4318 τὴν

2244 4341 2457 4412 κτῆσιν,
2490 4342 2518 4393 6
2568 4340 2841 4410 μακάριος
2884 4338 3116 4403 Ἡσαΐας
3165 4339 3374 4405 ἐδίδαξε
3400 4356 3414 4371 ν
3451 4360 3467 4392 ι
3503 4341 3603 4410 Μὴ
3622 4338 3836 4407 λεγέτω

2243 4438 2272 4490 ὁ
2322 4434 2600 4503 εὐνοῦχος,
2626 4435 2707 4487 ὅτι
2750 4432 2893 4499 Ἐγώ
2924 4433 3039 4505 εἰμι
3068 4432 3225 4499 ξύλον
3252 4433 3438 4504 ξηρὸν,
3478 4433 3559 4513 ξτι
3592 4434 3720 4489 τάδε
3744 4433 3838 4488 λέ-

2172 4511 2219 4567 Ῐ)
2250 4543 2337 4595 γει
2384 4525 2592 4597 Κύριος
2618 4540 2632 4553 ·
2665 4525 2790 4578 Τοῖς
2819 4523 3099 4593 εὐνούχοις
3143 4526 3256 4587 τοῖς
3293 4511 3724 4594 φυλαττομένοις
3765 4526 3839 4579 τὰ

2250 4617 2508 4673 Σάϐϐατα
2539 4634 2661 4689 μου,
2696 4619 2789 4671 καὶ
2823 4616 3208 4688 ἐκλεγομένοις
3247 4616 3283 4672 ἃ
3322 4616 3435 4685 ἐγὼ
3474 4616 3636 4681 θέλω,
3677 4617 3841 4670 δώσω

2250 4710 2436 4774 αὐτοῖς
2482 4712 2540 4763 ὲν
2570 4708 2644 4779 τῷ
2672 4710 2808 4781 οἴκῳ
2840 4727 2966 4781 μου,
3002 4710 3095 4763 καὶ
3127 4712 3185 4763 ἐν
3212 4709 3289 4780 τῷ
3312 4708 3484 4780 τείχει
3509 4727 3635 4779 μου,
3669 4710 3842 4764 τόπον

2249 4800 2573 4872 ὀνομαστὸν,
2606 4800 2703 4854 καὶ
2731 4800 2902 4872 ὄνομα
2926 4801 3153 4868 ἀγαθὸν,
3181 4804 3430 4872 κρεῖττον
3460 4800 3592 4853 υἱῶν
3621 4800 3719 4854 καὶ
3745 4800 3845 4854 θυε-

2248 4893 2518 4965 γατέρων.
2544 4912 2561 4945 ι
2577 4922 2650 4936 —-
2668 4912 2685 4944 ι
2715 4894 2925 4964 Εἰρήνη
2948 4894 3040 4947 ἐπὶ
3060 4893 3150 4947 τὸν
3166 4892 3407 4963 Ἰσραήλ.
3432 4911 3450 4944 ι
3472 4892 3643 4947 Πάλιν
3666 4895 3840 4946 ἐπεύ-

2249 5000 2404 5056 χεται
2464 4983 2544 5055 τῷ
2605 4983 2824 5056 Ἰσραὴλ
2894 4985 3139 5055 εἰρήνην.
3208 4983 3438 5054 Ἀληθὴς
3502 4982 3559 5036 δέ
3642 4986 3836 5055 εἰρήνη

2250 5081 2284 5148 ἠ
2332 5078 2469 5148 πρὸς
2524 5078 2658 5131 Θεὸν
2736 5079 2946 5151 εἰρήνη.
3012 5078 3069 5132 ’0
3138 5077 3195 5131 δὲ
3276 5078 3537 5148 σαρκικύς
3617 5078 3839 5151 Ἰσραὴλ

2250 5168 2469 5239 ἐκείνης
2502 5166 2774 5233 ἐκπεσὼν,
2808 5168 2902 5223 καὶ
2931 5168 3030 5236 τῆς
3062 5168 3229 5239 ἄλλης
3264 5170 3579 5242 ἐστέρηται.

1643 5566 1878 5624 νΑιιιΑς
1908 5570 2300 5630 LECTIONES
2340 5573 2429 5628 ET
2467 5573 2700 5632 NOTAE.

640 5713 1003 5809 ‘—
1037 5723 1281 5809 (Zf‘p‘lgst‘.
1315 5720 1437 5809 llazc
1464 5720 1683 5809 Origeni
1716 5730 2033 5809 tribuuntur
2066 5748 2095 5785 a
2123 5739 2131 5779 ⁴

2235 5734 2469 5809 d._l.__c.
2498 5750 2552 5804 p.
2601 5734 2706 5809 585
2752 5752 2904 5809 seqq.
2981 5741 3029 5782 τι
3066 5742 3171 5795 Σύ.
3230 5742 3397 5799 Abest
3436 5761 3466 5799 a
3501 5747 3625 5801 cod.
3678 5750 3697 5802 l
3738 5758 3850 5803 eta

572 5789 718 5836 textu
756 5789 866 5840 τῶν
896 5789 969 5841 0¹.
1048 5792 1093 5823 ⁷ο
1135 5792 1423 5859 ’Λρδείιιν.
1479 5789 1652 5851 οοιῘ.1
1695 5799 1817 5857 add.
1854 5789 2131 5872 δεχομένοι

2280 5805 2324 5840 ⁷⁷
2354 5805 2430 5860 ih.
2458 5789 2781 5861 ἐπεπὸθουν.
