4128 6472
406 339 545 403 5897

691 448 957 503 ΕΡΜΗΝ.
1015 446 1154 500 ΤΟΥ
1189 444 1352 500 ΡΚΗ¹
1389 446 1710 499 ΨΑΛΜΟΥ.

478 552 549 598 α’.
588 562 607 594 ι
644 541 775 614 ’ῼδὴ
809 541 918 594 τῶν
951 540 1307 610 ἀναϐαθμῶν.
1348 560 1365 591 ι
1397 540 1507 593 Καὶ
1535 532 1690 603 οὗτος
1720 542 1747 593 6
1775 540 1989 611 ψαλμὸς

403 638 710 709 πρόρρησιν
764 633 877 705 ἔχει
911 633 1022 686 τῶν
1051 632 1193 704 μετὰ
1222 632 1322 704 τὴν
1354 633 1615 686 ἐπάνοδον
1642 635 1990 687 ἐπαναστάν-

403 748 512 784 των
539 726 822 790 Ἰουδαίοις
858 724 1029 779 ἐθνῶν
1061 743 1075 756 ·
1116 724 1209 779 καὶ
1248 725 1596 778 διδάσκονται
1627 723 1826 793 λέγειν.

477 909 777 970 Πλεονάκις
803 904 1149 977 ἐπολέμησάν
1175 922 1240 976 με
1263 906 1329 958 ὲκ
1346 904 1598 974 νεότητός
1636 921 1734 972 μου
1754 918 1768 933 ⁸
1786 906 1992 958 εἰπάτω

404 1004 468 1074 δὴ
492 1000 734 1073 Ἰσραήλ.
923 997 1220 1060 Πλεονάκις
1251 997 1597 1067 ἐπολέμησάν
1630 1015 1697 1066 με
1721 999 1787 1051 ὲκ
1818 997 1996 1066 νεότη-

404 1099 497 1159 τός
534 1111 667 1163 μου·
692 1096 787 1146 καὶ
831 1092 1055 1162 γάρούκ
1078 1089 1426 1160 ὴδυνήθησάν
1462 1107 1572 1161 μοι.
1616 1109 1633 1141 ι
1668 1089 1994 1156 Νεότητα⁷⁸

407 1187 566 1241 καλεῖ
597 1186 698 1255 τὴν
749 1187 808 1237 ὲν
862 1182 1127 1252 Αἰγύπτῳ
1186 1181 1488 1251 διαγωγὴν,
1522 1181 1616 1233 καὶ
1647 1180 1746 1251 τὴν
1784 1180 1995 1233 ἐκεῖθεν

410 1279 755 1347 ἀπαλλαγήν.
809 1277 920 1329 Καὶ
946 1274 1037 1327 τὸν
1089 1274 1388 1346 εὐεργέτην
1448 1273 1782 1342 ύμνῶν,τὰς
1843 1272 1994 1336 θείας

410 1368 801 1440 ἀπαριθμεῖται
821 1365 1071 1437 χάριτας,
1087 1364 1414 1417 ὅτιἈνωθεν
1432 1364 1524 1416 καὶ
1546 1364 1603 1428 ἐξ
1626 1365 1801 1435 ἀρχῆς
1816 1363 1997 1417 πολλοί

412 1478 503 1532 μοι
552 1461 837 1529 δυσμενεῖς
894 1457 1296 1526 ἐπανέστησαν,
1358 1457 1455 1509 καὶ
1513 1456 1878 1519 παντοδαποῖς
1928 1474 1997 1525 με

411 1551 730 1623 περιϐαλεῖν
788 1552 978 1611 κακοῖς
1026 1547 1403 1617 ἐπειράθησαν
1434 1564 1446 1575 ·
1502 1546 1591 1600 διὰ
1627 1547 1682 1600 δὲ
1713 1548 1815 1617 τῆς
1847 1547 1998 1611 θείας

408 1643 732 1712 ἐπικουρίας
785 1640 1042 1710 διέφυγον
1080 1639 1178 1701 τὰς
1224 1637 1448 1691 ἐκείνοιν
1488 1637 1799 1702 ἐπιϐουλάς.
1832 1638 1995 1708 Ἀλη-

410 1735 669 1804 θέστερον
700 1732 886 1805 μέντοι
926 1731 1102 1786 ταῦτα
1122 1728 1201 1801 τῷ
1227 1730 1333 1801 νέῳ
1350 1731 1610 1802 ἁρμόττει
1637 1730 1770 1800 λαῷ,
1797 1729 1997 1794 πολλὰς

1710 329 1790 390 IN
1826 333 2032 392 PSAL.
2071 333 2388 395 CXXVIII.

2025 457 2070 508 Λ

2421 445 2698 502 INTERP.
2752 449 3001 503 PSALMI
3069 449 3353 505 CXXVllI.
3572 446 3577 449 ⁷

2176 538 2340 595 Vens.
2379 542 2426 593 1.
2474 560 2491 592 ι
2524 540 2810 597 Canticum
2839 544 3133 614 graduum.
3171 565 3187 596 ι
3220 546 3397 601 Etiam
3418 546 3506 602 hic
3536 552 3680 617 psal-

2101 648 2225 688 mus
2265 634 2669 702 praedictionem
2739 636 2984 691 continet
3037 639 3101 691 de
3146 639 3401 707 gentibus
3456 656 3578 711 qua:
3626 643 3679 695 in

2099 722 2316 779 Judaaos
2389 732 2511 795 post
2572 725 2806 781 reditum
2887 727 3205 796 irruerunt;
3287 739 3341 784 ct
3413 730 3683 786 docentur

2101 819 2296 873 dicere.

2179 929 2197 961 ι
2248 910 2401 980 Smpe
2449 911 2913 982 impngnaverunt
2961 931 3045 969 mc
3105 932 3133 970 a
3186 918 3475 987 juvcntnte
3524 938 3679 975 mea:

2102 1004 2249 1058 dicat
2276 1004 2644 1062 nunc‘lsrael.
2692 1006 2883 1079 [Vens
2910 1007 2989 1080 2.]
3035 1010 3190 1079 Saepe
3226 1013 3686 1083 impugnaret-unt

2106 1114 2190 1152 me
2218 1115 2246 1150 a
2284 1099 2571 1167 juvcntnte
2604 1117 2722 1154 mea
2752 1120 2763 1154 :
2801 1102 3001 1156 etenim
3032 1119 3138 1157 non
3169 1106 3459 1160 valuerunt
3489 1116 3683 1162 contra

2104 1206 2211 1244 me.
2246 1210 2263 1241 ι
2290 1189 2627 1246 Iuventatem
2654 1205 2808 1248 vocat
2834 1197 3323 1252 commorationem
3344 1200 3398 1252 in
3423 1200 3682 1272 Egypt”,

2105 1293 2157 1337 et
2186 1300 2250 1338 ex
2296 1299 2357 1339 ca
2396 1284 2804 1340 liberationem.
2852 1282 2915 1342 Et
2943 1289 3194 1345 beneficii
3229 1301 3511 1346 auctorem
3546 1294 3687 1347 cele-

2106 1376 2296 1441 brans,
2329 1378 2544 1433 divinas
2580 1380 2784 1452 gratias
2815 1392 3124 1447 enumerat,
3150 1383 3358 1441 dicens.
3402 1385 3542 1440 Olim
3576 1398 3628 1442 ct
3656 1405 3685 1441 a

2107 1470 2381 1540 principio
2417 1472 2575 1525 multi
2619 1473 2828 1527 inimici
2875 1475 2928 1527 in
2966 1490 3051 1529 me
3079 1477 3377 1543 irruerunt,
3415 1490 3469 1533 et
3506 1481 3688 1536 omnis

2106 1563 2323 1633 generis
2372 1564 2529 1620 malis
2563 1582 2648 1620 me
2686 1568 2904 1637 cingere
2943 1570 3131 1623 conati
3172 1579 3329 1625 sunt:
3370 1586 3559 1625 verum
3595 1589 3690 1641 per

2106 1655 2352 1710 divinum
2376 1657 2642 1712 auxilium
2664 1659 2934 1714 declinari
2964 1662 3183 1716 illorum
3215 1663 3466 1719 insidias.
3492 1663 3690 1721 Verius

2109 1748 2280 1819 igitur
2332 1749 2449 1806 haec
2498 1766 2645 1805 novo
2692 1753 2896 1823 populo
2939 1765 3284 1826 congruunt,
3344 1758 3437 1827 qui
3490 1759 3692 1815 multos

414 1826 515 1897 μὲν
540 1825 823 1895 δεξαμένῳ
852 1822 1160 1894 προσϐολὰς
1185 1821 1486 1892 πολεμίων,
1519 1821 1740 1876 πάντων
1764 1821 1819 1874 δὲ
1842 1838 1999 1892 περι-

2113 1841 2325 1910 quidem
2354 1842 2595 1898 hostium
2621 1846 2859 1915 impetus
2891 1849 3191 1911 suStinuit,
3236 1850 3333 1905 sed
3369 1866 3563 1908 omnes
3595 1869 3691 1908 su-

410 1919 714 1989 γενομένῳ,
770 1917 863 1971 καὶ
892 1916 1017 1979 τοὺς
1048 1913 1346 1985 πολεμίους
1375 1914 1759 1985 προσκυνητάς
1786 1913 2002 1983 ἀποφή-

417 2026 590 2064 ναντι.

485 2099 554 2167 γ’.
608 2117 627 2151 r
673 2099 798 2152 Ἐπὶ
848 2099 942 2152 τὸν
998 2098 1168 2152 νῶτόν
1200 2100 1245 2133 ’⁷³
1285 2118 1389 2171 μου
1418 2099 1727 2152 ὲτέκταινον
1757 2100 1803 2150 οἱ
1834 2099 2004 2168 άμαρυ
2076 2126 2081 2131 ~

413 2191 575 2244 τωλοί
614 2189 682 2243 ⁸⁸.
723 2210 740 2241 ι
783 2189 839 2244 ’0
864 2190 920 2244 δὲ
956 2190 1192 2256 Ἀκύλας
1221 2192 1314 2246 καὶ
1345 2194 1373 2245 6
1400 2191 1712 2252 Θεοδοτίων,
1736 2187 2007 2258 ὴροτρία-

414 2283 933 2354 σαγὴρμήνευσαν.
964 2284 1125 2355 Δηλοῖ
1155 2284 1211 2337 δὲ
1239 2287 1268 2338 6
1287 2284 1445 2352 λόγος
1471 2282 1569 2345 τὰς
1603 2281 2007 2352 μάστιγας,καἰ

414 2375 516 2437 τὰς
544 2375 754 2440 αἰκίας,
786 2376 884 2439 τὰς
914 2377 1026 2436 τοῖς
1059 2374 1382 2445 νικηφόροις
1402 2374 1667 2443 μάρτυσιν
1694 2371 2006 2442 ἐπενεχθεί-

419 2483 519 2531 σας
574 2467 680 2520 ὑπὸ
710 2467 820 2519 τῶν
868 2465 1171 2522 δυσσεόῶν.
1222 2466 1411 2519 Ταῦτα
1448 2465 1504 2518 δὲ
1537 2466 1631 2518 καὶ
1677 2465 1724 2516 οἱ
1758 2463 1887 2535 περὶ
1915 2463 2007 2517 τὸν

422 2557 695 2627 μακάριον
728 2557 1027 2628 ὑπέμειναν
1054 2557 1278 2627 Δανιὴλ,
1321 2556 1415 2608 καὶ
1441 2555 1490 2607 οἱ
1523 2553 1820 2623 θαυμάσιοι
1849 2552 2008 2605 Ἀνα-

417 2649 562 2712 νίας,
605 2647 863 2719 Ἀζαρίας
911 2649 1006 2702 καὶ
1050 2648 1293 2718 Μισαὴλ,
1342 2647 1436 2700 καὶ
1487 2646 1580 2699 ἐπὶ
1625 2644 1904 2715 Ἀντιόχου
1956 2646 2006 2697 οἱ

422 2739 800 2795 Μακκαϐαῖοι.
836 2758 856 2793 ι
885 2732 1241 2811 Ἐμάκρυναν
1260 2739 1305 2771 ⁸ί
1340 2738 1437 2808 τὴν
1462 2739 1696 2808 ἀνομίαν
1740 2737 1940 2792 αὐτῶν.
1983 2758 2001 2791 ι

435 2832 494 2885 '0
522 2832 578 2884 δὲ
614 2830 851 2895 Ἀκύλας
898 2832 1232 2901 ὲμήκυναν,
1272 2829 1379 2883 ὁδὲ
1403 2828 1700 2901 Σύμμαχος
1739 2831 2009 2897 παρέτει-

417 2940 533 2977 var
560 2923 892 2989 κακοῦντες
913 2940 927 2955 υ
962 2924 1084 2976 ἀντὶ
1114 2921 1231 2986 τοῦ,
1258 2921 1587 2989 Ἐπέμειναν
1615 2920 1774 2992 μέχρι
1808 2919 2006 2973 πολλοῦ

424 3031 518 3086 μοι
549 3014 596 3046 ⁸⁸
647 3014 1038 3085 πολεμοῦντες,
1072 3016 1166 3069 καὶ
1204 3014 1304 3086 τὴν
1351 3014 1561 3067 οἰκείαν
1603 3014 1860 3079 αὔξοντες
1887 3014 2010 3068 ἀνο-

424 3122 579 3179 μιαν.

2107 1938 2339 2005 pcravit,
2378 1937 2675 2011 hostesque
2704 1943 2981 2013 supplices
3004 1944 3262 2001 reddidit.

2186 2092 2347 2151 Vnus.
2380 2094 2431 2152 3.
2471 2117 2489 2150 ι
2532 2098 2710 2169 Super
2755 2102 2923 2159 dorso
2965 2120 3086 2159 meo
3124 2105 3531 2164 fabricaverunt
3564 2126 3695 2180 pec-

2109 2198 2343 2244 catores.
2388 2210 2405 2242 ι
2442 2191 2637 2261 Aquila
2668 2204 2721 2249 et
2758 2193 3058 2250 Thcodotio
3092 2211 3378 2254 ararerunt
3421 2203 3696 2274 interpre-

2112 2282 2206 2335 tati
2245 2284 2835 2341 ιςιιιιι.1ηι1ἰιοῑιιιιιοιιι
2870 2303 3052 2343 sermo
3082 2286 3294 2360 ﬂagella
3339 2302 3391 2348 et
3433 2296 3696 2352 verbera-

2114 2370 2293 2427 tiones
2324 2374 2816 2444 triumphatoribus
2865 2381 3199 2449 martyribus
3230 2382 3298 2436 ab
3334 2383 3515 2453 impiis
3550 2386 3694 2441 infli-

2113 2473 2251 2519 ctas.
2307 2466 2433 2522 lla'c
2470 2483 2600 2522 vero
2649 2479 2701 2523 et
2740 2470 2932 2525 beatus
2964 2472 3175 2541 Daniel,
3231 2484 3287 2530 et
3340 2477 3696 2537 admirabiles

2111 2554 2375 2623 Ananias,
2419 2560 2647 2616 Azarias
2712 2572 2764 2618 ct
2794 2560 2978 2619 Misael
3007 2606 3021 2631 ,
3068 2578 3121 2621 et
3144 2568 3400 2625 Antiochi
3450 2580 3697 2642 tempore

2112 2643 2404 2702 Machabaei
2423 2651 2783 2719 pertulerunt.
2807 2671 2824 2703 ι
2850 2651 3324 2726 Prolongaverunt
3351 2661 3693 2731 iniquitatem

2111 2755 2291 2794 suam.
2322 2760 2337 2791 ι
2376 2742 2569 2812 Aquila
2608 2746 3011 2813 produxerunt,
3062 2749 3428 2821 Symmachus
3482 2754 3691 2826 1501

2111 2843 2486 2900 protraxerunt
2523 2838 2665 2891 malo
2702 2840 2980 2908 a/thientes
3005 2860 3024 2907 ;
3054 2842 3159 2898 hoc
3183 2855 3288 2912 est,
3315 2846 3523 2903 diutius
3562 2850 3696 2903 milti

2113 2926 2314 2980 bellum
2353 2928 2555 2984 inferte
2581 2972 2593 2995 ,
2641 2941 2691 2986 et
2743 2948 2899 2987 suam
2939 2935 3283 3006 iniquitatem
3318 2953 3521 3009 augere
3565 2957 3698 3011 per-

2113 3032 2452 3077 screrarunt.

495 3200 563 3256 δ’.
622 3220 640 3253 ι
676 3201 883 3271 Κύριος
901 3201 1113 3264 δίκαιος
1144 3203 1438 3272 συνέκοψεν
1495 3202 1728 3273 αὐχένας
1752 3203 1797 3235 ⁸³
1830 3203 2013 3275 ἁμαρ-

2188 3178 2356 3235 Vsns.
2402 3191 2457 3235 4.
2515 3201 2533 3231 ‹
2593 3183 2856 3239 Dominus
2909 3183 3097 3251 justus
3150 3187 3394 3241 concidit
3449 3190 3697 3243 cervices

419 3294 630 3350 τωλῶν.
671 3313 691 3345 ›
757 3294 901 3358 Τοὺς
940 3295 1225 3364 αὐχένας,
1277 3296 1548 3366 βρόχους
1594 3296 1624 3347 6
1653 3295 1889 3358 Ἀκύλας
1921 3294 2017 3348 καὶ

421 3386 722 3458 Σύμμαχος
771 3386 1135 3457 ἡρμήνευσαν
1170 3404 1184 3417 ⁸
1231 3390 1259 3441 6
1307 3387 1364 3440 δὲ
1412 3386 1712 3441 Θεοδοτίων
1745 3387 2013 3453 κλοιούςο

423 3482 604 3534 πάντα
649 3481 706 3533 δὲ
754 3479 954 3551 ἀληθῆ.
1024 3481 1135 3533 Καὶ
1180 3481 1290 3551 γὰρ
1323 3480 1419 3544 οὒς
1454 3478 1871 3534 κατεσκεύασαν
1902 3478 2018 3540 τοῖς

424 3571 605 3639 ἁγίοις
640 3570 889 3642 βρόχους,
940 3571 1250 3640 κατέκοψεν
1286 3573 1322 3624 -ὁ
1349 3571 1553 3623 τούτων
1592 3569 1746 3635 Θεὸς,
1776 3570 1871 3620 καὶ
1892 3567 2018 3630 τοὺς

422 3660 821 3733 περιταθέντας
867 3661 912 3692 ⁸⁵
940 3661 1132 3722 αὐτοῖς
1168 3660 1388 3723 κλοιοὺς
1420 3659 1736 3730 συνέτριψε,
1784 3660 1880 3711 καὶ
1916 3658 2017 3710 αύ-

422 3754 555 3815 τοὺς
598 3751 711 3805 τῶν
747 3750 1097 3822 ἁμαρτωλῶν
1127 3753 1256 3814 τοὺς
1287 3751 1525 3820 αὐχένας
1560 3748 1880 3818 συνέκοψεν.

498 3842 562 3897 ε’.
598 3860 616 3893 ι
647 3842 1113 3912 Δίσχυνθήτωσαν
1144 3842 1240 3894 καὶ
1273 3842 1795 3911 ἁποστραφήτωσαν
1821 3841 1902 3901 εἰς
1947 3839 2018 3890 τὰ

423 3936 605 3990 ὀπίσω
646 3935 850 3995 πάντες
898 3934 949 3986 οἱ
1003 3932 1295 4002 μισοῦντες
1352 3931 1511 3985 Σιών.
1548 3950 1567 3982 ι
1630 3931 2014 3999 Διαμάρτοιεν,

424 4027 586 4098 φησὶ,
631 4026 742 4080 τῶν
794 4025 1055 4095 πονηρῶν
1108 4023 1553 4095 ἐγχειρημάτων,
1585 4021 1682 4075 καὶ
1723 4023 2018 4092 τράποιντο

423 4121 507 4183 είς
538 4117 720 4188 φυγὴν
749 4118 800 4169 οἱ
833 4116 932 4187 τὴν
971 4114 1114 4169 Σιὼν
1141 4112 1532 4183 πολεμοῦντες.

498 4214 575 4274 ς’.
613 4209 680 4271 ξ’.
729 4227 746 4257 ι
780 4207 1179 4277 Γενηθήτωσαν
1211 4205 1347 4258 ὡσεὶ
1397 4206 1589 4275 χόρτος
1637 4202 1923 4272 δωμάτων,
1959 4203 2018 4266 ὃς

427 4297 537 4369 πρὸ
583 4297 682 4351 τοῦ
715 4297 1102 4365 ἐκσπασθῆναι
1138 4295 1437 4366 ἐξηράνθη.
1485 4297 1560 4347 (tu
1598 4295 1699 4347 οὑκ
1725 4293 2017 4366 ἐπλήρωσε

422 4391 526 4463 τὴν
554 4392 715 4462 χεῖρα
744 4388 916 4444 αὐτοῦ
946 4391 975 4441 6
1017 4388 1273 4457 θερίζων,
1310 4388 1406 4439 καὶ
1438 4386 1531 4438 τὸν
1564 4385 1767 4438 κόλπον
1794 4383 1961 4437 αὑτοῦ
1990 4387 2019 4438 6

422 4483 497 4536 τὰ
547 4483 849 4553 δράγματα
901 4478 1200 4546 συλλέγων.
1241 4496 1258 4529 ι
1314 4478 1470 4530 Ἔνια
1520 4478 1629 4530 τῶν
1663 4476 2018 4546 ἀντιγράφων

2116 3281 2484 3340 peccatorum.
2527 3291 2544 3323 ι
2577 3272 2810 3330 Cervices
2856 3277 3052 3345 Aquila
3100 3285 3150 3332 et
3192 3277 3559 3349 Symmachus
3600 3282 3700 3334 la—

2117 3378 2277 3432 queos
2300 3363 2584 3428 dixerunt,
2618 3367 2710 3421 sed
2736 3365 3043 3422 Theodotio
3066 3378 3276 3438 torques
3308 3371 3699 3439 interpretatus

2119 3464 2202 3508 est
2235 3473 2249 3506 :
2283 3456 2466 3510 omnia
2501 3469 2681 3511 autem
2725 3468 2855 3512 sunt
2879 3474 3025 3513 vera.
3060 3459 3269 3513 Etenim
3305 3477 3444 3531 quos
3474 3460 3701 3529 laqueos

2119 3547 2329 3601 sanctis
2366 3549 2499 3602 viris
2524 3557 2810 3616 pararunt,
2840 3550 2939 3604 hos
2973 3550 3188 3603 illorum
3218 3552 3360 3606 Deus
3386 3554 3402 3572 ⁶
3431 3552 3701 3614 contudit,

2118 3646 2174 3690 et
2220 3645 2447 3706 torques
2490 3638 2628 3706 ipsis
2664 3638 3093 3707 circumpositas
3133 3641 3413 3707 contrivit,
3460 3651 3513 3695 et
3552 3642 3704 3713 ipsas

2117 3736 2468 3796 peccatorum
2493 3729 2738 3783 cervices
2763 3729 3022 3784 concidit.

2191 3818 2360 3873 Vens.
2388 3819 2442 3873 5.
2484 3840 2502 3871 ι
2540 3821 2967 3876 Confundantur
2996 3832 3047 3877 et
3078 3836 3470 3880 convertantur
3493 3838 3704 3885 retror-

2118 3929 2241 3969 sum
2289 3928 2485 3968 omnes
2536 3915 2629 3984 qui
2677 3914 2916 3968 oderunt
2951 3915 3200 3972 Sionem.
3242 3935 3261 3967 ι
3308 3918 3351 3970 Α
3388 3920 3549 3975 malis
3587 3923 3705 3979 suis

2118 4006 2406 4062 conatibus
2434 4007 2713 4070 decidant,
2749 4009 2849 4071 ait,
2881 4016 2935 4062 et
2974 4009 3028 4061 in
3060 4008 3244 4080 fugam
3283 4021 3701 4083 convertantur,

2119 4097 2210 4168 qui
2252 4096 2406 4152 Sioni
2452 4098 2653 4153 bellum
2687 4088 2947 4154 inferunt.

2196 4185 2355 4242 Vens.
2389 4189 2443 4252 6,
2480 4187 2530 4240 7.
2577 4206 2595 4238 ι
2651 4188 2812 4243 Fiant
2839 4190 2981 4244 sicut
3005 4189 3192 4244 fenum
3232 4200 3522 4259 tectorum,
3555 4195 3706 4264 quod

2121 4280 2442 4350 priusquam
2493 4282 2762 4337 cvellatur
2817 4282 3057 4338 exaruit.
3113 4284 3235 4350 Quo
3298 4301 3405 4340 non
3459 4287 3705 4359 implevit

2122 4387 2345 4427 manum
2386 4388 2542 4427 suam
2571 4375 2665 4444 qui
2693 4374 2866 4441 metit,
2900 4383 2957 4430 et
2986 4376 3169 4431 sinum
3200 4393 3361 4433 suum
3396 4379 3491 4449 qui
3527 4382 3707 4435 mani-

2122 4468 2282 4537 pulos
2326 4467 2551 4538 colligit.
2595 4487 2614 4520 ι
2654 4466 2930 4524 Nonnulla
2978 4471 3315 4541 exemplaria
3355 4488 3464 4528 non
3502 4475 3709 4531 habent

422 4574 546 4640 οὐκ,
578 4571 989 4640 ἐξηρανθῆναι
1023 4570 1090 4632 ⁸⁵,
1120 4568 1258 4638 ἔχει,
1285 4568 1443 4633 ἀλλὰ,
1473 4566 1903 4634 ἐκσπωθῆναι
1922 4567 1971 4602 ⁸⁸
1996 4583 2009 4597 ·

2118 4575 2449 4625 exarescere,
2482 4561 2577 4615 sed
2615 4560 2787 4628 evelli,
2822 4563 2966 4632 quod
2997 4563 3163 4618 etiam
3192 4564 3247 4617 in
3284 4565 3561 4636 segetibus
3588 4566 3706 4624 fieri

422 4664 454 4718 ὃ
480 4665 578 4719 καὶ
609 4664 703 4717 ἐπὶ
740 4663 851 4717 τῶν
894 4663 1062 4732 λη’ἰων
1091 4660 1382 4730 γινόμενον
1419 4659 1638 4730 ὁρῶμεν
1671 4660 1779 4712 ἀεί.
1824 4660 2014 4723 οὐδεὶς

422 4758 537 4829 γὰρ
568 4756 737 4826 ὑγρὸν
760 4755 892 4810 ὄντα
922 4755 1015 4810 τὸν
1042 4754 1284 4823 ἄσταχυν
1315 4750 1557 4821 θερίζειν
1579 4752 1857 4821 ἀνέχεται,
1879 4751 2017 4805 ἀλλὰ

427 4850 584 4920 μένει
640 4846 1019 4916 πεπανθῆναι,
1067 4845 1165 4898 καὶ
1215 4843 1596 4913 διαυανοῆναι.
1639 4845 1735 4897 καὶ
1763 4845 1884 4896 τότε
1918 4845 2016 4914 τὴν

424 4938 706 5010 δρεπάνην
752 4939 977 5005 ἐπάγει.
1023 4937 1087 4990 Ἡ
1112 4936 1169 4989 δὲ
1199 4936 1294 4989 ἐπὶ
1333 4936 1442 4987 τῶν
1469 4936 1741 5005 δωμάτων
1769 4936 2014 5006 φυομένη

424 5030 559 5093 πόα,
607 5030 741 5100 πρὶν
784 5029 1089 5100 βλαστῆσαι
1121 5029 1361 5100 καρπὸν,
1406 5030 1472 5099 τῇ
1512 5026 1605 5080 τοῦ
1633 5027 1788 5097 ἡλίου
1823 5027 2015 5096 ξηραί-

425 5139 581 5175 νεται
637 5122 915 5193 προσϐολῇ
939 5137 953 5150 ο
987 5121 1202 5184 τούτοις
1240 5120 1351 5174 τῶν
1386 5119 1662 5189 πολεμίων
1703 5120 1803 5181 τὰς
1832 5121 2015 5188 ἐγχει-

428 5216 619 5284 ρήσεις
641 5214 1049 5283 ἁπεικασθῆναι
1083 5213 1419 5282 παρακαλεῖ,
1461 5212 1555 5265 καὶ
1579 5210 1805 5274 ταύταις
1834 5228 2013 5281 παρα-

424 5305 676 5378 πλησίως
704 5307 884 5379 ἄωρον
927 5305 1183 5371 δέξασθαι
1212 5304 1387 5368 τέλος.

2125 4669 2343 4723 semper
2376 4655 2679 4712 cernimus.
2717 4654 2888 4711 Nemo
2921 4655 3066 4712 enim
3109 4657 3319 4726 spicam
3351 4658 3535 4715 adhuc
3572 4661 3708 4717 viri-

2123 4748 2245 4801 dem
2292 4755 2497 4801 metere
2543 4747 2681 4810 vult,
2726 4748 2821 4803 sed
2860 4758 3144 4819 exspectat
3181 4757 3613 4819 utmaturescat,
3654 4762 3710 4809 et

2124 4850 2360 4905 arescat,
2397 4852 2454 4895 et
2480 4850 2611 4896 tunc
2640 4838 2837 4897 falcem
2873 4841 3141 4897 immittit.
3178 4841 3359 4899 Herba
3394 4859 3521 4899 vero
3543 4860 3709 4914 super

2123 4934 2320 4990 domos
2348 4943 2488 5003 orta,
2525 4944 2821 5003 antequam
2851 4933 3094 4989 fructum
3126 4936 3418 5006 producat,
3453 4937 3585 4993 solis
3610 4938 3709 4991 im-

2124 5035 2251 5096 petu
2280 5026 2505 5081 arescit.
2532 5025 2629 5081 His
2662 5026 2849 5082 herbis
2872 5034 2934 5081 ut
2965 5028 3207 5083 hostium
3236 5037 3468 5084 conatus
3497 5028 3708 5086 similes

2125 5120 2522 5188 sintprecatur,
2551 5126 2721 5188 utque
2741 5118 2936 5174 harum
2958 5118 3136 5175 instar
3161 5120 3514 5176 immaturum
3543 5120 3705 5175 tinem

2123 5211 2416 5280 accipiant.

1513 5450 1747 5505 νΑιιιΑε
1787 5446 2175 5504 LECTIONES
2219 5443 2305 5498 ET
2339 5442 2570 5499 NOTAE.

500 5561 548 5596 ⁷³
579 5561 849 5641 [Vagenni
883 5592 951 5641 -_-
971 5559 1580 5641 drfogarirawnﬂaltd‘
1616 5558 2019 5641 dissimiliasut

2117 5571 2241 5641 qua:
2278 5555 2405 5641 ‘sub
2439 5553 2593 5623 Orig.
2625 5554 2851 5641 nomine
2902 5550 3092 5641 attuli}.
3141 5550 3308 5641 and.
3347 5550 3383 5604 Ι.
3422 5549 3706 5641 c.

429 5650 587 5701 seqq.
664 5632 707 5663 ’⁷³
738 5623 861 5685 cod.
903 5632 926 5684 1
961 5629 1056 5683 τοῦ
1094 5623 1288 5686 νώτου.
1366 5632 1412 5664 ⁸ο
1456 5630 1840 5701 Ἐτέκταινυν
1870 5632 1923 5682 οι
1948 5630 2019 5697 ἀμ

2113 5623 2160 5681 τ“.
2196 5625 2362 5680 Hebr.
2401 5633 2976 5701 gravarentur-ator“.
3141 5623 3455 5701 Ἐμᾴκρμ-
3479 5623 3700 5701 aeger.

654 5772 702 5804 οδ
750 5774 815 5804 ἰα’

682 5776 702 5802 ⁵
750 5776 950 5839 Ἐξηρ.
1009 5776 1084 5828 ib.
1139 5776 1409 5841 ὲξανθῆτα

682 5866 960 5929 Ρηιιοι..
1000 5867 1119 5927 Gn.
1156 5866 1417 5927 LXXX.

429 5792 552 5838 τας.

429 5688 597 5758 ilelii'.
626 5701 1022 5765 Protongaruut
1062 5701 1234 5755 sulcos
1266 5702 1463 5755 suos."
1494 5705 1626 5755 Mor.
1671 5700 1836 5753 Abest
1874 5714 1903 5752 a
1936 5688 2019 5752 cur

2124 5737 2138 5751 .
2215 5695 2574 5765 ⁸³Αὺχένας.
2608 5695 2776 5750 Hebr.
2813 5694 2984 5763 funes.
3061 5691 3109 5725 ⁸⁵
3162 5688 3284 5748 end.
3335 5688 3705 5759 1περιτεθέν-

819 5720 823 5752 τ
864 5720 1022 5755 arum
1062 5720 1234 5755 sulcos
1266 5720 1463 5755 suos."
1494 5720 1626 5755 mor.
1671 5720 1836 5753 anesu.
1874 5720 1903 5752 ιι
1936 5720 2055 5752 cnu.
2090 5720 2138 5751 ι.
2215 5720 2405 5765 “’“Λύχ

819 5720 950 5839 gap.
1009 5772 1084 5828 ib.
1139 5772 1454 5841 ὲξανθῆται.
1523 5771 1923 5824 ⁸⁶Ὲκσπασθ.
1962 5769 2035 5825 ib.
2076 5784 2232 5838 sequ.
2271 5767 2406 5837 ἔχει.

3339 5855 3418 5915 60
