4128 6444
441 342 468 403 Ἰ
482 340 586 406 899

1391 328 1885 391 TIIEODORETI
1929 328 2272 390 EPISCOPI
2306 331 2680 391 CYRENSIS

3598 331 3731 397 1300

517 453 760 510 VmsJ.
797 472 816 505 ι
856 452 920 508 Et
951 467 1060 508 non
1086 453 1339 506 dixerunt
1369 450 1462 521 qui
1496 450 1852 519 praeteribant
1892 464 1904 498 :
1934 447 2031 501 Bc-

2206 454 2275 516 η’,
2304 466 2319 497 ι
2347 448 2457 501 Καὶ
2476 448 2577 499 οὐκ
2604 441 2758 499 εἶπον
2782 447 2829 498 οἱ
2856 443 3202 515 παράγοντες
3224 463 3238 477 ·
3262 443 3501 515 Εὐλογία
3524 445 3735 517 Κυρίου

446 546 695 602 nedictio
736 544 955 600 Domini
994 559 1161 615 super
1195 558 1315 607 vos,
1349 542 1740 597 benediximns
1780 540 1936 595 vobis
1978 540 2032 593 in

448 635 675 690 nomine
723 632 963 687 Domini.
1005 651 1023 684 ι
1071 631 1177 698 Qui
1226 632 1425 685 uberes
1474 638 1689 700 segetes
1729 629 2033 694 intuentur,

449 726 819 797 agricolarum
846 740 1037 782 curam
1062 725 1324 781 admirari
1357 724 1555 789 solent,
1576 732 1629 777 et
1646 731 2037 793 prtelerenntes

447 819 530 874 eis
557 817 914 885 benedicunt,
957 818 1170 889 1502
1211 818 1303 888 qui
1336 816 1464 872 talia
1495 823 1740 871 metunt:
1775 815 2038 885 colligen-

452 911 598 967 tibus
644 925 777 967 vero
831 909 1018 967 fenum
1070 926 1101 965 e
1157 910 1351 974 tectis,
1400 925 1563 964 nemo
1630 923 1876 979 unquam
1931 907 2040 965 tale

450 1001 733 1073 quidpiam
756 1000 915 1058 dixit.

832 1111 1109 1169 lNTERP.
1146 1113 1398 1169 PSALMI
1427 1110 1667 1168 CXXIX.

527 1228 693 1284 Vens.
727 1227 781 1284 i.
817 1246 836 1280 ι
876 1226 1167 1284 Canticum
1196 1226 1488 1297 graduum.
1534 1243 1554 1276 ι
1591 1221 1878 1279 Justorum
1907 1220 2043 1277 cho-

457 1333 553 1374 rus
581 1319 725 1373 hanc
754 1316 867 1374 Deo
911 1317 1285 1388 precationem
1326 1315 1488 1371 oll'ert
1525 1333 1539 1369 :
1583 1322 1817 1369 testatur
1858 1322 2042 1368 autem

454 1413 641 1469 ethoc
662 1412 863 1483 psalmi
893 1411 1202 1466 exordium.
1245 1430 1262 1461 ι
1295 1410 1372 1464 De
1403 1409 1688 1480 profundis
1722 1407 1950 1463 clamavi
1978 1406 2045 1461 ad

455 1514 529 1568 te,
572 1502 824 1558 Domine.
868 1520 887 1554 ι
938 1500 1055 1557 Hoc
1090 1510 1197 1565 est,
1239 1503 1307 1557 ab
1346 1502 1481 1568 imo,
1531 1509 1585 1557 et
1614 1519 1680 1556 ex
1713 1501 1833 1571 ipso
1878 1502 2045 1557 corde

458 1608 648 1663 preces
694 1592 889 1647 fundo.
934 1590 1044 1647 Eos
1082 1590 1227 1645 enim
1271 1590 1365 1661 qui
1414 1592 1545 1646 solis
1604 1591 1764 1645 labiis
1816 1599 2046 1645 utuntur

459 1685 661 1740 divina:
697 1683 916 1739 Littera:
946 1683 1332 1738 condemnant.
1380 1682 1448 1735 Et
1497 1699 1645 1737 nuiic
1695 1683 1919 1752 quidem
1969 1681 2046 1736 ait

2138 538 2225 608 ἐφ’
2259 540 2404 609 ὑμᾶς
2425 540 2496 602 ⁸⁷,
2526 538 2907 609 εὐλογήκαμεν
2936 539 2994 591 ὲν
3015 537 3245 608 ὀνόματι
3273 538 3538 609 Κυρίου.»
3575 539 3639 592 Oi
3661 539 3732 593 τὰ

2138 632 2401 701 κομῶντα
2451 630 2719 699 θεώμενοι
2777 628 2927 701 λήῖα,
2992 629 3300 700 θαυμάζειν
3354 628 3585 684 εἰώθασι
3632 629 3734 701 τὴν

2139 722 2405 793 γεωργῶν
2454 722 2800 793 ἐπιμέλειαν.
2849 722 2947 776 καὶ
2993 720 3281 789 εὑλογοῦσι
3332 723 3625 792 παριόντες
3683 721 3733 754 ⁸⁸

2138 816 2269 878 τοὺς
2296 812 2366 867 τὰ
2410 812 2641 867 τοιαῦτα
2693 812 3179 885 θερίζοντας-τοῖς
3206 813 3266 866 δὲ
3308 812 3422 867 τῶν
3465 813 3734 885 δωμάτων

2140 908 2231 961 τὸν
2278 909 2473 978 χόρτον
2520 905 2897 977 συλλέγουσιν,
2943 906 3121 970 οὐδεὶς
3172 903 3388 960 τοιοῦτο
3438 907 3592 962 οὐδὲν
3632 908 3736 961 έπ-

2143 998 2447 1068 εφθέγξατο
2470 996 2516 1030 ⁸⁸
2547 995 2795 1051 πώποτε.

2462 1112 2733 1167 ΕΡΜΗΝ.
2752 1112 2890 1166 ΤΟΥ
2910 1111 3067 1166 ΡΚΘ¹
3088 1112 3412 1167 ΨᾹΛΜΟΥ.

2213 1234 2284 1282 α’,
2317 1246 2336 1278 ι
2377 1225 2502 1299 ᾯδὴ
2521 1225 2633 1279 τῶν
2660 1223 3019 1295 ἀναῦαθμῶν.
3050 1243 3070 1277 ι
3099 1224 3223 1278 Τῶν
3245 1227 3293 1259 ⁹⁰
3316 1226 3545 1280 δικαίων
3573 1227 3736 1297 χορὸς

2144 1322 2349 1391 ταύτην
2376 1319 2455 1391 τῷ
2485 1318 2608 1391 Θεῷ
2634 1319 2738 1389 τὴν
2787 1317 3025 1372 ἱκετείαν
3062 1319 3366 1391 προσφέρει
3397 1338 3410 1352 ·
3465 1323 3741 1393 μαρτυρεῖ

2145 1412 2201 1466 δὲ
2234 1412 2329 1467 καὶ
2358 1411 2493 1466 αὐτὸ
2514 1411 2608 1465 τοῦ
2638 1409 2858 1482 ψαλμοῦ
2894 1410 2954 1464 τὸ
2980 1411 3293 1481 προοίμιον.
3337 1431 3356 1464 ε
3399 1413 3493 1466 Ἐκ
3525 1412 3741 1484 βαθέων

2147 1501 2425 1574 ἐκέκραξά
2478 1520 2584 1569 σοι,
2603 1501 2800 1574 Κύριε.
2856 1520 2875 1554 ι
2920 1501 3068 1555 ’Δντὶ
3111 1502 3233 1568 τοῦ,
3259 1503 3522 1558 Κάτωθεν
3562 1504 3658 1559 καὶ
3677 1504 3740 1570 ἐξ

2146 1594 2319 1666 αὐτῆς
2374 1593 2477 1665 τῆς
2526 1593 2753 1665 καρδίας
2805 1594 3123 1666 ἀναπέμπω
3175 1594 3275 1665 τὴν
3322 1594 3582 1653 ἱκετείαν.
3616 1595 3742 1650 Τῶν

2148 1687 2259 1757 γὰρ
2288 1686 2471 1758 μόνοις
2514 1685 2872 1757 κεχρημένων
2894 1689 3007 1750 τοῖς
3033 1686 3315 1758 χείλεσινὴ
3340 1686 3460 1741 θεία
3504 1705 3743 1759 κατηγο-

459 1778 730 1849 propheta
771 1775 1039 1831 Jeremias
1085 1773 1195 1829 Dco
1241 1776 1662 1829 universorum:
1708 1794 1726 1827 ι
1762 1775 1940 1845 Prope
1984 1789 2045 1829 es

2152 1780 2236 1850 ρεῖ
2268 1779 2483 1850 Γραφή.
2511 1777 2622 1832 Καὶ
2662 1776 2759 1831 νῦν
2806 1778 2907 1849 μέν
2942 1795 3109 1850 φησιν
3149 1780 3177 1831 6
3230 1781 3522 1850 προφήτης
3586 1780 3745 1849 Ἱερε-

460 1870 546 1923 uri
578 1884 792 1935 eorum,
821 1877 876 1925 et
904 1868 1069 1939 longe
1095 1882 1125 1921 a
1160 1868 1385 1923 renibus
1407 1882 1597 1922 eorum
1623 1864 1649 1905 ιι
1670 1886 1719 1936 ;ι
1742 1884 1888 1923 nunc
1917 1881 2045 1922 vero

2154 1870 2284 1941 μίας
2300 1868 2439 1940 πρὸς
2466 1867 2558 1921 τὸν
2585 1867 2695 1920 τῶν
2711 1868 2847 1921 ὅλων
2874 1866 3007 1920 Θεόν
3028 1884 3043 1897 ·
3082 1887 3101 1920 ι
3149 1868 3348 1937 Ἐγγὺς
3384 1863 3434 1920 εἷ
3461 1869 3503 1899 ⁹¹
3534 1869 3743 1937 στόμα-

460 1961 608 2017 Deus
630 1961 746 2032 ipse
773 1976 871 2032 per
890 1960 1089 2015 lsaiam
1107 1959 1428 2029 prophetam
1454 1956 1674 2014 Judreos
1696 1957 2043 2020 criminatur,

461 2055 653 2110 dicens
690 2070 704 2108 :
757 2070 777 2104 ι
830 2050 933 2107 llic
961 2050 1199 2122 populus
1244 2049 1406 2106 labiis
1446 2064 1534 2105 me
1580 2050 1836 2114 honorat,
1882 2048 2049 2103 corde

463 2155 647 2201 autem
687 2145 849 2216 longe
893 2145 1052 2198 abest
1100 2157 1128 2195 a
1165 2156 1252 2197 me
1286 2139 1330 2194 ι.
1370 2160 1388 2193 ι
1424 2139 1623 2196 Verum
1662 2140 1754 2209 qui
1803 2139 1856 2193 in
1905 2152 2047 2209 pm:-

462 2238 638 2292 scntia
685 2244 1004 2308 precantur,
1035 2250 1101 2291 ex
1132 2234 1407 2306 profundo
1445 2234 1613 2290 corde
1648 2248 1841 2304 preces
1876 2233 2047 2288 emit-

464 2340 603 2387 tunt.

532 2505 703 2563 Vens.
735 2506 794 2561 2.
827 2525 847 2559 ι
888 2507 1152 2574 Domine,
1184 2504 1382 2562 e'xaudi
1418 2521 1605 2560 vocem
1637 2519 1850 2559 meam:
1887 2518 2051 2557 aures

465 2611 576 2656 tuae
618 2601 846 2656 intenta:
889 2601 1000 2657 sint
1044 2602 1098 2655 in
1146 2615 1336 2656 vocem
1385 2598 1794 2668 deprecationis
1830 2611 1982 2651 meat.
2025 2614 2044 2647 ι

464 2694 619 2751 Licet
650 2695 894 2749 humano
925 2709 1081 2749 more
1109 2694 1294 2750 verbis
1315 2707 1449 2748 usus
1481 2692 1570 2757 sit,
1601 2692 1615 2712 ⁶
1646 2704 1825 2744 tamen
1848 2689 2051 2744 divini-

464 2799 629 2845 tatem
662 2789 1040 2859 incorpoream
1082 2802 1206 2844 esse
1242 2788 1425 2842 novit:
1463 2786 1719 2840 audiendi
1760 2784 1905 2861 enim
1939 2785 2046 2838 vim

464 2882 631 2936 etiam
685 2880 906 2937 videndi
957 2881 1255 2951 potentiam
1302 2879 1616 2951 appellavit.
1670 2876 1855 2932 Nostri
1902 2877 2048 2931 enim

2150 1980 2242 2026 τος
2266 1961 2468 2026 αὐτῶν,
2494 1962 2589 2014 καὶ
2609 1961 2798 2032 πόρρω
2826 1960 2934 2012 ἀπὸ
2971 1958 3078 2012 τῶν
3107 1959 3325 2030 νεφρῶν
3341 1960 3521 2013 αὐτῶν
3550 1976 3564 1991 ·
3605 1980 3623 2012 ι
3644 1960 3747 2014 νῦν

2151 2051 2208 2106 δὲ
2225 2051 2385 2115 αὐτὸς
2413 2053 2441 2106 6
2466 2050 2598 2114 Θεὸς
2620 2050 2709 2104 διὰ
2758 2049 2979 2103 Ἡσαΐου
3006 2048 3103 2103 τοῦ
3139 2050 3422 2122 προφήτου
3472 2051 3746 2105 Ἰουδαίων

2154 2144 2455 2213 κατηγορεῖ
2478 2140 2675 2211 λέγων·
2705 2161 2722 2194 ι
2753 2137 2921 2205 Οὗτος
2950 2143 2977 2194 6
2995 2141 3119 2205 λαὸς
3142 2145 3250 2206 τοῖς
3273 2144 3747 2217 χείλεσίμετιμᾷ,

2154 2238 2220 2306 τῇ
2249 2235 2305 2289 δὲ
2322 2233 2521 2306 καρδίᾳ
2542 2233 2733 2307 πόρρω
2759 2233 2956 2304 ἀπέχει
2975 2233 3071 2287 ἀπ’
3100 2233 3260 2304 ἐμοῦ.
3300 2252 3320 2287 ο
3349 2235 3484 2289 Οίδὲ
3506 2236 3600 2290 νῦν
3626 2237 3748 2290 ίκε-

2153 2326 2404 2390 τεύοντες
2434 2326 2543 2380 ἀπὸ
2565 2326 2661 2378 τοῦ
2690 2325 2891 2396 βάθους
2916 2324 3020 2396 τῆς
3047 2325 3278 2397 καρδίας
3301 2325 3403 2398 τὴν
3422 2326 3589 2400 εὐχὴν
3618 2331 3752 2384 ἀνα-

2154 2419 2458 2489 πέμπουσι.

2228 2510 2292 2582 β’.
2337 2531 2355 2563 ι
2392 2512 2590 2584 Κύριε,
2628 2511 2954 2567 εἰσάκουσον
2979 2512 3082 2584 τῆς
3102 2513 3285 2584 φωνῆς
3321 2514 3752 2586 μου,γενηθήτω

2153 2605 2225 2659 τὰ
2249 2599 2367 2660 ὦτά
2394 2622 2492 2659 σου
2527 2605 2867 2677 προσέχοντα
2900 2605 2980 2668 είς
3015 2605 3115 2677 τὴν
3149 2604 3337 2677 φωνὴν
3369 2605 3470 2675 τῆς
3505 2605 3751 2675 δεήσεῶς

2162 2715 2288 2770 μου.
2334 2716 2353 2749 ι
2419 2698 2529 2751 Καὶ
2588 2697 2952 2769 ἀνθρωπίνως
3001 2698 3115 2761 τοῖς
3150 2696 3334 2766 λόγοις
3369 2697 3752 2769 χρησάμενος,

2159 2786 2270 2844 οῐδε
2319 2790 2382 2844 τὸ
2415 2790 2557 2843 θεῖον
2585 2788 2882 2858 ἀσώματον
2910 2806 2923 2819 ·
2960 2788 3060 2860 τὴν
3084 2789 3196 2861 γὰρ
3221 2790 3559 2861 ἀκουστικὴν
3590 2790 3752 2861 ἐνέρ-

2158 2898 2316 2949 γειαν
2374 2880 2470 2935 καὶ
2510 2879 2745 2951 ὀπτικην
2799 2880 3272 2952 προσηγόρευσεν.
3333 2879 3520 2952 Ἦμῶν
3555 2881 3670 2953 γὰρ
3698 2883 3753 2934 οἱ

463 2974 610 3029 oculi
639 2974 855 3029 videndi
891 2974 1001 3028 vim
1045 2974 1266 3035 habent,
1298 2984 1352 3028 et
1383 2974 1610 3027 auribus
1656 2970 1915 3026 audiendi
1966 2972 2046 3027 vis

2160 2967 2431 3044 ὀφθαλμοὶ
2481 2972 2580 3041 τὴν
2625 2972 2860 3043 ὀπτικὴν
2912 2972 3100 3044 έχουσι
3151 2972 3403 3043 δύναμιν.
3446 2972 3515 3027 τὰ
3547 2973 3602 3025 δὲ
3630 2968 3754 3027 ὦτα

465 3065 638 3118 indita
665 3076 769 3120 est.
804 3063 1163 3143 Deusautem
1194 3063 1251 3118 vi
1284 3063 1375 3117 illa
1400 3078 1509 3132 qua
1543 3062 1717 3127 audit,
1749 3061 1855 3116 hac
1886 3060 2046 3116 etiam

2158 3066 2264 3138 τὴν
2309 3066 2643 3137 ἀκουστικὴν
2681 3065 2963 3136 ἐνέργειαν
3010 3063 3336 3135 ἐπιστεύθη.
3383 3065 3441 3118 Ὁ
3469 3064 3528 3119 δὲ
3552 3064 3687 3129 Θεὸς

466 3155 633 3224 videt,
668 3163 723 3211 et
753 3171 862 3226 qua
900 3155 1069 3221 videt,
1102 3155 1205 3211 hac
1226 3158 1389 3210 etiam
1421 3154 1596 3209 audit.

2156 3159 2371 3227 ἀκούει,
2404 3158 2579 3233 ταύτῃ
2625 3157 2720 3212 καὶ
2752 3157 2964 3229 βλέπει,
2999 3159 3097 3211 καὶ
3201 3158 3412 3229 βλέπει,
3444 3158 3620 3232 ταύτῃ
3654 3160 3755 3213 καὶ

2159 3251 2375 3309 ἀκούει.

541 3337 707 3392 Vens.
738 3333 792 3387 3.
830 3351 847 3385 ι
887 3331 945 3388 Si
972 3332 1295 3404 iniquitates
1324 3333 1728 3397 observaveris,
1762 3329 2047 3385 Domine.»

466 3424 754 3482 Justorum
810 3425 1016 3481 chorus
1063 3425 1355 3480 Dominum
1411 3437 1686 3493 precatur,
1740 3439 1809 3480 ne
1861 3438 2055 3493 ptenas

468 3517 713 3588 peccatis
745 3517 1024 3572 metiatur.
1050 3517 1145 3572 Sic
1175 3518 1338 3572 etiam
1372 3517 1566 3572 beatus
1595 3515 1840 3573 Auanias
1864 3515 2053 3588 populi

468 3618 696 3680 peccata
752 3623 1004 3679 personae
1061 3623 1175 3664 suae
1230 3609 1504 3678 ascripsit.
1571 3627 1589 3660 ι
1641 3607 1894 3675 Domine,
1931 3609 2057 3679 quis

470 3701 813 3759 sustinebit?
861 3720 881 3753 ι
937 3701 1148 3773 1503
1204 3701 1266 3757 Si
1312 3702 1458 3756 enim
1505 3701 1738 3771 justitia‘.
1789 3701 2055 3757 trutinam

472 3808 622 3852 recte
649 3795 877 3863 tenebis,
913 3796 1040 3865 quis
1081 3805 1259 3865 potest
1292 3797 1623 3850 sententiam
1668 3795 1739 3850 ab
1771 3795 1871 3850 hac
1908 3795 2055 3850 irro-

471 3897 653 3961 gatam
686 3885 1001 3942 sustinere?
1028 3901 1255 3943 necesse
1283 3887 1533 3941 estenim
1555 3900 1747 3942 omnes
1771 3885 2054 3941 interitum

472 3980 675 4037 subire.

543 4163 713 4218 Vens.
746 4163 801 4218 4.
833 4181 852 4215 ι
889 4161 1028 4230 Quia
1055 4162 1205 4233 apud
1242 4170 1294 4215 te
1327 4162 1644 4231 propitiatio
1678 4171 1780 4217 est.
1820 4180 1840 4215 ι
1876 4160 2057 4217 Habes

471 4251 870 4323 benignitatem
913 4254 1146 4322 iustitiae
1185 4253 1560 4323 conjunct-am,
1610 4261 1665 4307 et
1712 4252 1813 4308 hac
1861 4255 2055 4323 magis,

471 4361 635 4415 quam
671 4346 788 4411 illa,
817 4346 894 4401 uti
924 4347 1091 4401 soles.
1136 4364 1155 4397 ι
1197 4344 1429 4416 Propter
1462 4360 1662 4400 nomen
1698 4353 1852 4400 tuum
1884 4347 2057 4400 susti-

2229 3348 2300 3411 7'.
2349 3360 2369 3394 ι
2417 3340 2544 3395 Ἐὰν
2583 3340 2816 3412 ἀνομίας
2869 3339 3272 3412 παρατηρήσῃς
3295 3340 3364 3402 θ’,
3390 3339 3583 3411 Κύριε.
3620 3358 3641 3393 ι
3690 3340 3756 3395 Ὁ

2159 3433 2269 3487 τῶν
2320 3432 2546 3487 δικαίων
2597 3434 2756 3504 χορὸς
2806 3430 3041 3485 ἱκετεύει
3084 3433 3176 3486 τδν
3205 3431 3412 3502 Κύριον
3446 3434 3492 3465 ⁸³
3528 3432 3601 3503 μὴ
3626 3437 3757 3495 ταῖς

2158 3522 2457 3596 ἁμαρτίαις
2485 3523 2758 3595 μετρῆσαι
2782 3522 2881 3586 τὰς
2906 3521 3202 3593 τιμωρίας.
3234 3521 3395 3577 Οὑτω
3423 3525 3518 3578 καὶ
3540 3526 3588 3577 οἱ
3625 3527 3759 3597 περὶ

2159 3613 2255 3667 τὸν
2287 3613 2559 3684 μακάριον
2598 3613 2849 3668 Ἀνανίαν
2879 3611 2973 3666 τοῦ
3001 3611 3133 3667 λαοῦ
3166 3611 3265 3676 τάς
3286 3614 3636 3685 παρανομίας
3671 3618 3759 3687 τῷ

2160 3702 2441 3775 προσώπῳ
2485 3702 2698 3759 ἑαυτῶν
2744 3702 3097 3774 περιέθεσαν.
3122 3722 3144 3756 ε
3176 3703 3374 3776 Κύριε,
3396 3705 3483 3768 τίς
3507 3706 3760 3777 ὑποστή-

2161 3814 2315 3851 σεται
2340 3813 2355 3865 ;
2381 3816 2401 3851 ι
2451 3796 2577 3851 Ἐὰν
2600 3798 2711 3868 γὰρ
2743 3796 2969 3860 δικαίως
2993 3797 3062 3850 τὰ
3088 3795 3189 3867 τῆς
3209 3798 3367 3867 δίκης
3399 3798 3683 3869 κατάσχῃς
3704 3800 3761 3833 ’⁸

2161 3889 2324 3960 ζυγὰ,
2364 3888 2451 3953 τίς
2496 3888 2680 3951 ἱκανὸς
2709 3887 2807 3959 τὴν
2852 3887 2958 3941 ὑπὸ
2991 3890 3197 3959 ταύτης
3229 3889 3608 3961 ἐκφερομένην
3638 3890 3755 3962 tm-

2161 4000 2263 4053 φον
2294 3983 2619 4052 ὑπενεγκεῖν
2650 3998 2667 4048 ;
2696 3981 2912 4052 ἀνάγκη
2962 3981 3072 4052 γὰρ
3115 3981 3323 4044 πάντας
3344 3981 3637 4051 ὑπομεῖναι
3659 3982 3758 4035 τὸν

2161 4077 2285 4130 δλεθ
2293 4093 2410 4147 ρον.

2230 4167 2295 4221 δ’.
2326 4186 2345 4219 ι
2368 4167 2493 4221 Ὅτι
2527 4165 2678 4236 παρὰ
2708 4167 2791 4218 σοὶ
2820 4166 2849 4218 6
2884 4163 3113 4235 ἱλασμός
3139 4165 3309 4218 ἐστιν.
3347 4182 3366 4216 ι
3401 4164 3589 4234 Ἔχεις
3622 4164 3753 4234 φιλ-

2162 4258 2478 4329 ανθρωπίαν
2510 4259 2574 4328 τῇ
2607 4255 2928 4328 δικαιοσύνῃ
2966 4254 3424 4326 συνεζευγμένην,
3448 4255 3544 4307 καὶ
3574 4254 3755 4327 ταύτῃ

2166 4349 2370 4422 μᾶλλον
2422 4347 2695 4417 πέφυκας,
2756 4347 2789 4417 ἢ
2833 4346 3020 4419 ἐκείνῃ
3079 4343 3408 4417 κεχρῆσθαι.
3460 4364 3481 4396 ι
3515 4343 3755 4398 Ἕνεκεν

473 4437 569 4492 nui
631 4447 728 4501 te,
773 4437 1054 4494 Domine:
1115 4439 1381 4495 sustinuit
1432 4438 1619 4492 anima
1676 4453 1798 4493 mea
1826 4439 2046 4493 verbum

2161 4442 2257 4496 τοῦ
2305 4440 2569 4512 ὀνόματός
2600 4457 2694 4493 σου
2725 4442 2771 4473 ⁸⁸
2803 4439 3079 4509 ὑπέμεινά
3109 4456 3188 4504 σε,
3221 4437 3419 4509 Κύριε,
3452 4438 3751 4508 ὑπέμεινεν

472 4520 665 4585 tuum.
695 4548 715 4583 ι
760 4529 867 4587 Pro
903 4546 1114 4596 nomen,
1155 4530 1351 4601 Aquila
1387 4539 1442 4585 et
1474 4528 1782 4586 Theodotio
1809 4532 2046 4585 timorem

2159 4534 2357 4606 ἡψυκή
2389 4550 2489 4604 μου
2512 4533 2593 4597 εἰς
2613 4532 2702 4585 τὸν
2726 4532 2886 4601 λόγον
2912 4547 3009 4584 σου
3024 4529 3091 4585 ’⁸.
3106 4548 3124 4581 ι
3148 4530 3291 4583 ’Δντὶ
3314 4528 3409 4582 τοῦ
3428 4529 3749 4595 ὀνόματος,

474 4632 777 4691 verterunt,
805 4625 1168 4697 Symmachus
1201 4636 1384 4682 autem
1419 4625 1606 4697 legem.
1635 4625 1904 4681 Caaterum
1936 4640 2046 4681 ser-

2159 4630 2188 4682 6
2225 4628 2323 4699 μὲν
2354 4623 2591 4687 Ἀκύλας
2632 4624 2729 4677 καὶ
2758 4626 2787 4677 6
2819 4621 3116 4676 Θεοδοτίων
3145 4621 3336 4691 φόϐον
3360 4620 3751 4692 ήρμήνευσαν,

474 4715 657 4771 monis
687 4731 885 4774 sensus
913 4727 1078 4790 patet.
1109 4718 1253 4774 Dicit
1275 4719 1454 4773 enim:
1482 4720 1633 4774 Hanc
1669 4727 1817 4774 tuam
1842 4718 2046 4774 bonita-

2158 4720 2186 4773 6
2237 4719 2296 4771 δὲ
2336 4716 2637 4787 Σύμμαχος
2682 4716 2892 4785 νόμον.
2920 4715 3070 4786 Δήλη
3114 4714 3172 4767 δὲ
3198 4714 3351 4784 ὅμως
3380 4711 3475 4766 τοῦ
3513 4711 3686 4782 ῥητοῦ
3715 4713 3754 4781 ἡ

475 4815 584 4863 tem
618 4810 800 4865 sciens
843 4813 992 4883 (nam
1035 4813 1204 4867 veluti
1246 4813 1364 4884 lege
1406 4813 1644 4882 quadam
1676 4810 2046 4867 misericordia

2157 4809 2391 4863 διάνοια.
2438 4806 2601 4875 Λέγει
2630 4805 2762 4875 γὰρ,
2799 4806 2881 4858 ὅτι
2923 4804 3142 4875 Ταύτην
3164 4803 3321 4868 εἰδώς
3363 4820 3458 4856 σου
3484 4802 3585 4874 τὴν
3608 4803 3753 4871 ἁγα-

474 4901 699 4973 uteris),
733 4904 1017 4959 meliorem
1040 4919 1193 4974 spem
1228 4920 1338 4960 non
1371 4904 1595 4974 abjicio,
1630 4905 1897 4959 honorum
1932 4918 2046 4972 pro-

2161 4902 2362 4971 θότητα
2385 4893 2515 4970 (οἷον
2563 4898 2674 4968 γάρ
2701 4913 2813 4950 τινι
2841 4898 2993 4967 νόμῳ
3016 4897 3289 4967 κέχρησαι
3317 4895 3395 4966 τῷ
3428 4892 3621 4965 ἐλέῳ),
3647 4892 3753 4955 τὰς

474 4993 796 5050 missionem
839 5004 1186 5066 exspectans.
1233 4996 1368 5053 Nam
1406 4997 1617 5053 verbum
1676 4998 1781 5052 hoc
1834 4998 1887 5050 in
1939 4998 2046 5052 locc

2160 4992 2533 5066 χρηστοτέρας
2555 4991 2779 5054 ἐλπίδας
2804 4992 2903 5044 οὐκ
2942 4988 3298 5061 ἀπαγορεύω,
3325 4987 3615 5058 ἀναμένων
3642 4985 3753 5040 τῶν

547 5170 575 5211 ιι
603 5170 807 5227 Jerem.
840 5186 932 5235 xu,
962 5170 1016 5224 2.
1103 5172 1120 5210 1
1152 5171 1257 5226 lsa.
1282 5188 1372 5235 xx,
1406 5172 1491 5224 l5.

1571 5325 1808 5379 VARI/[5
1863 5322 2250 5378 LECTIONES
2298 5322 2387 5376 ET
2424 5321 2654 5378 NOT/E.

547 5415 592 5448 ⁸⁷
631 5414 825 5486 ’Υμᾶς.
859 5414 1018 5470 Prior
1070 5415 1237 5470 editio
1298 5411 1533 5486 habebat
1590 5415 1770 5486 ἡμᾶς,
1830 5429 1994 5486 quam
2040 5412 2353 5486 lectionem,
2408 5428 2530 5486 qua:
2576 5412 2750 5486 unius
2796 5410 3429 5486 Altlince_lide__ni_titur,
3490 5422 3754 5486 numinu-

479 5475 714 5540 tavimus
738 5475 859 5540 cum
896 5494 1131 5555 recepta,
1165 5480 1493 5555 auctoritate
1554 5475 1764 5537 codicis
1812 5475 1873 5555 κί’.
1951 5484 1996 5555 is

2158 5524 2171 5536 .
2246 5484 2269 5536 1
2344 5475 2631 5552 παρόντες.
2708 5482 2753 5514 ⁸³
2790 5482 2949 5555 -ιῒοδ,Δ
3014 5484 3032 5535 1
3092 5480 3411 5555 ἐφθέγξατο..
3489 5479 3535 5511 ⁹⁶
3564 5475 3752 5555 ΔΤῶν.

477 5555 553 5611 ih.
590 5572 776 5624 praun.
806 5554 925 5609 "0;
971 5547 1033 5588 ⁹¹’
1061 5556 1149 5609 Εἰ.
1213 5554 1286 5606 ib.
1320 5550 1586 5624 sequitur
1629 5554 1691 5603 σὺ
1742 5554 1856 5607 τοῦ.
1896 5623 1900 5624 ν
1933 5554 1979 5583 θ’
2011 5571 2046 5606 ρι

2209 5555 2224 5606 1
2292 5547 2684 5624 παρατηρῄσῃ.
2759 5553 2807 5584 ’³
2870 5547 3246 5624 Κύριονᾙίιξς
3302 5551 3487 5624 Θεὸν..
3564 5547 3759 5624 “ilva-

478 5618 736 5693 τάσάῃς.
800 5626 920 5680 eod.
983 5628 1001 5678 l
1063 5625 1329 5693 ὑπόσχῃς.
1406 5620 1453 5651 ⁹⁵
1518 5621 1771 5693 ’Ἕνεκεν
1815 5623 1918 5675 τοῦ
1962 5624 2044 5693 ⁹όν

2152 5624 2267 5688 ιτός
2330 5618 2468 5676 σου.
2503 5618 2689 5676 ἸΙρὺῖκ
2745 5632 2801 5675 ut
2856 5618 3116 5693 timearis.
3160 5622 3401 5693 7"“Eic
3429 5618 3538 5671 τὸν
3563 5618 3758 5693 λόγοις

478 5678 852 5749 σοιῖἪώιν.
884 5695 945 5749 In
993 5696 1144 5749 verba
1190 5678 1305 5761 ejiis
1347 5705 1487 5757 spem
1528 5693 1697 5756 posui.
1742 5692 1844 5745 Sed
1901 5678 2098 5752 m‘m'tri
2129 5694 2193 5748 ad
2244 5678 2555 5763 proximum
2596 5708 2737 5747 vers.
2790 5692 3089 5745 retulerunt
3124 5692 3174 5743 οἱ
3220 5689 3302 5755 0',
3336 5678 3546 5744 mutata
3598 5678 3756 5743 verbi

482 5775 735 5827 persona.
