4128 6434
465 348 596 414 1901

1826 367 1911 427 ΙΝ
1941 368 2144 430 PSAL.
2185 371 2409 435 CXXX.

3613 391 3813 459 1902'

459 459 683 528 ἀγαθῶν
735 461 836 532 τὴν
890 461 1207 532 ὑπόσχεσιν.
1240 468 1435 535 Λόγον
1492 470 1598 541 γὰρ
1651 472 1896 529 ἐνταῦθα
1955 477 2018 546 τὴ

2123 520 2128 540 ,
2165 479 2363 535 bonam
2397 484 2819 550 promissionem
2855 490 3103 547 vocavit:
3137 492 3529 565 benigni-tatem
3563 514 3747 558 autem

457 549 679 621 ἀγαθὴν
728 551 1026 622 ὑπόσχεσιν
1079 554 1317 627 κέκληκε
1344 573 1358 586 ·
1394 557 1812 635 φιλανθρωπίαν
1839 566 1895 618 δὲ
1943 571 2018 621 τοῖ

2161 549 2557 642 penitentibus
2590 577 2869 645 pollicitus
2896 592 2999 636 est.

460 643 816 712 μετανοοῦσιν
850 645 1138 715 ὑπέσχετο.

527 742 589 788 ε’.
638 753 654 786 ι
695 735 1016 808 Ἤλπισενή
1045 737 1191 811 ψυχή
1230 759 1330 812 μου
1363 744 1458 798 ἐπὶ
1486 746 1579 799 τὸν
1605 747 1831 819 Κύριον,
1868 752 1977 805 ἀπὸ
2011 755 2054 786 ⁸⁷

457 826 705 898 φυλακῆς
739 829 954 896 πρωΐας
980 829 1144 901 μέχρι
1175 836 1392 898 νυκτός.
1436 855 1455 886 ι
1499 837 1647 890 ’Λντὶ
1685 841 1799 905 τοῦ,
1833 840 1922 895 διὰ
1945 844 2054 896 πά-

455 933 556 987 σης
591 917 809 989 ἡμέρας
834 935 850 949 ·
888 921 1137 989 φυλακὴ
1170 924 1279 995 γάρ
1312 927 1502 994 aptata
1533 930 1567 1000 ἡ
1610 929 1900 985 τελευταία
1933 931 2052 1003 ὥρα

449 1010 552 1080 τῆς
598 1011 795 1076 νυκτός
818 1028 836 1041 ·
870 1011 923 1066 οἱ
947 1012 1057 1084 γὰρ
1092 1014 1398 1071 τελευταῖοι
1424 1019 1671 1087 φύλακες
1705 1021 1874 1094 μέχρι
1905 1024 2053 1077 ὲκεί-

450 1118 544 1156 νου
575 1103 911 1172 φυλάττουσι
940 1103 1035 1160 τοῦ
1065 1107 1285 1180 καιροῦ.

522 1201 600 1260 ς’.
649 1212 668 1248 ι
708 1196 845 1251 Ἀπὸ
902 1196 1153 1271 φυλακῆς
1185 1202 1403 1273 ττρωῖας
1429 1204 1476 1237 ³⁸
1514 1204 1795 1261 ὲλπισάτω
1830 1208 2050 1281 Ἰσραὴλ

447 1286 542 1340 ἐπὶ
587 1287 679 1342 τὸν
723 1288 955 1360 Κύριον.
986 1308 1006 1342 ι
1053 1292 1168 1346 Οὑκ
1198 1294 1244 1327 ’⁸
1273 1295 1578 1367 ἀρκοῦνται
1608 1298 1662 1352 οί
1696 1298 1902 1355 δίκαιοι
1949 1303 2048 1373 μό-

444 1393 535 1429 νον
569 1378 587 1409 ‘
636 1378 739 1450 τῆς
776 1381 856 1444 είς
908 1379 1044 1436 Θεὸν
1079 1381 1294 1448 ἐλπίδος
1332 1383 1481 1456 ἔχειν
1505 1386 1600 1441 τὸν
1618 1387 1873 1455 πλοῦτον,
1904 1391 2047 1445 ἀλλά

443 1468 542 1521 καὶ
588 1471 717 1534 τοὺς
760 1471 958 1536 ἄλλους
1006 1471 1260 1539 ἅπαντας
1305 1476 1400 1529 ἐπὶ
1453 1477 1548 1548 τὴν
1599 1481 1794 1550 όμοίαν
1847 1482 2041 1552 κτῆσιν

443 1562 845 1633 προτρέπουσι,
906 1566 1004 1620 καὶ
1050 1567 1115 1619 τὺ
1173 1565 1427 1621 ἐντεῦθεν
1481 1570 1754 1641 φυόμενον
1810 1572 2035 1644 δηλοῦσι

441 1652 660 1725 κέρδος.

512 1744 583 1807 ζ’.
626 1761 645 1796 ι
683 1744 805 1798 Ὀτι
856 1745 1011 1817 παρά
1042 1745 1122 1817 τῷ
1161 1748 1356 1820 Κυρίῳ
1392 1748 1456 1803 τὸ
1494 1749 1663 1815 ἔλεος,
1708 1753 1807 1807 καὶ
1864 1740 2043 1824 πολλῆ

2231 757 2397 814 Vens.
2430 760 2482 814 5.
2529 779 2548 812 ι
2602 760 2859 832 Speravit
2908 765 3091 821 anima
3140 784 3261 823 mea
3310 771 3364 824 in
3416 771 3670 839 Domino,
3712 792 3743 829 a

2155 850 2404 903 custodia
2434 853 2700 907 matutina
2732 870 2909 925 usque
2925 858 2991 910 ad
3010 867 3248 914 noctem.
3275 880 3294 913 ι
3313 859 3483 928 Quasi
3511 864 3738 934 diceret,

2152 948 2269 995 toto
2296 941 2418 996 die:
2450 944 2898 1014 quandoquidem
2930 950 3192 1004 matutina
3223 954 3470 1008 custodia
3501 956 3740 1015 novissi-

2152 1050 2240 1089 ma
2288 1045 2373 1092 est
2411 1039 2589 1094 noctis
2635 1040 2774 1095 hora
2817 1060 2830 1096 :
2879 1046 3142 1112 posuemi
3188 1048 3337 1102 enim
3381 1049 3637 1109 custodes
3666 1051 3737 1107 ad

2150 1125 2285 1180 illud
2319 1143 2492 1198 usque
2521 1137 2739 1202 tempus
2764 1134 3056 1190 excubant.

2226 1218 2387 1274 Vsus.
2418 1220 2473 1275 6.
2512 1239 2534 1274 ι
2574 1222 2620 1276 Α
2655 1226 2906 1281 custodia
2932 1230 3203 1285 matutina
3240 1240 3425 1301 speret
3467 1233 3633 1290 Israel
3677 1235 3731 1289 in

2151 1303 2409 1364 Domino.
2453 1328 2472 1360 ι
2504 1307 2623 1365 Νοη
2667 1314 2912 1368 contenti
2953 1326 3083 1371 sunt
3117 1317 3255 1386 justi
3289 1319 3465 1379 solum
3507 1321 3731 1383 divitias

2147 1397 2260 1466 spei
2292 1399 2345 1452 in
2374 1398 2491 1456 Deo
2526 1402 2825 1460 collocatas
2852 1404 3080 1471 habere.
3116 1422 3305 1464 verum
3333 1412 3499 1467 etiam
3536 1426 3731 1469 sumes

2144 1489 2286 1546 alios
2337 1491 2405 1546 ad
2468 1494 2706 1550 similem
2762 1499 3175 1566 possessionem
3223 1501 3622 1571 adhortantur,
3674 1516 3730 1560 et

2144 1580 2385 1636 fructum
2414 1584 2508 1653 qui
2533 1584 2665 1640 hinc
2690 1587 2946 1656 provenit
2962 1588 3269 1649 declarant.

2215 1758 2373 1814 Vens.
2412 1762 2462 1815 7.
2500 1781 2518 1813 ι
2549 1761 2687 1829 Quia
2719 1766 2863 1834 apud
2892 1765 3187 1825 Dominum
3211 1780 3296 1826 est
3324 1772 3724 1835 misericordia.

439 1839 573 1909 παρ’
597 1837 746 1909 αὑτῷ
774 1838 1063 1910 λύτρωσις.
1096 1858 1114 1890 ι
1140 1838 1185 1912 [³
1198 1840 1603 1914 Φιλοικτίρμων
1631 1845 1741 1916 γὰρ
1776 1848 1875 1899 καὶ
1907 1845 2018 1915 φιλ-

2139 1860 2195 1905 et
2245 1853 2467 1921 copiosa
2527 1856 2672 1925 apud
2720 1872 2869 1921 eum,
2913 1861 3237 1933 redemptio.
3295 1884 3313 1917 ι
3371 1864 3727 1937 [Misericors

438 1929 727 1999 ἅνθρωπος
799 1933 829 1985 6
874 1932 1175 2001 Δεσπότης,
1240 1934 1334 1987 καὶ
1385 1937 1499 1998 τοίς
1565 1936 2029 2008 μεταμελομένοις

436 2022 674 2092 παρέχει
704 2022 807 2093 τὴν
838 2022 1163 2095 σωτηρίαν.]

508 2203 583 2276 η’.
626 2224 644 2257 ι
672 2204 784 2258 Καὶ
821 2205 987 2269 αὑτὸς
1012 2206 1354 2279 λυτρὼσεται
1380 2209 1472 2264 τὸν
1501 2210 1723 2282 Ἰσραὴλ
1747 2214 1810 2267 ἐκ
1832 2214 2026 2267 πασῶν

433 2297 544 2351 τῶν
591 2297 832 2368 ἀνομιῶν
872 2297 1063 2354 αὑτοῦ.
1104 2318 1123 2350 ι
1166 2300 1479 2374 Πρόρῤησιν
1518 2303 1547 2356 6
1586 2303 1743 2373 λόγος
1786 2307 1898 2376 ἔχει
1926 2308 2024 2379 τὴν

431 2387 575 2441 κατά
612 2387 707 2440 τὸν
765 2387 1069 2459 Δεσπότην.
1122 2390 1297 2455 Αὐτὸς
1355 2391 1470 2461 γάρ
1498 2393 1648 2447 ἐστιν
1679 2396 1902 2465 όάμνδς
1926 2398 2022 2452 τοῦ

429 2479 590 2547 Θεοῦ,
630 2481 658 2535 6
705 2480 878 2551 αἴρων
926 2481 1027 2553 τὴν
1061 2482 1340 2553 ἁμαρτίαν
1368 2483 1462 2539 τοῦ
1490 2486 1717 2556 κόσμου.
1745 2486 1904 2542 Οὕτω
1927 2488 2022 2544 καὶ

426 2573 626 2636 ὁθεῖος
688 2571 794 2642 ἔφη
851 2572 1097 2646 Γαϐριὴλ
1156 2575 1294 2646 πρὸς
1347 2577 1447 2648 τὴν
1498 2578 1662 2646 ἀγίαν
1694 2579 2015 2649 Παρθένον

432 2683 452 2714 ι
491 2663 636 2736 Τὲξῃ
662 2663 799 2730 υἱὸν,
848 2664 947 2718 καὶ
992 2664 1246 2731 καλέσεις
1269 2668 1330 2720 τὸ
1368 2667 1542 2738 ὄνομα
1578 2669 1745 2724 αὑτοῦ
1781 2671 2015 2742 Ἰησοῦν,

425 2754 510 2808 ὅτι
538 2755 702 2819 αὐτὸς
735 2754 903 2811 σώσει
939 2757 1033 2812 τὸν
1077 2757 1207 2813 λαὸν
1238 2758 1551 2829 αὑτοῦιάπὸ
1591 2761 1700 2815 τῶν
1730 2762 2017 2833 ἁμαρτιῶν

425 2847 627 2902 αὐτῶν.
671 2868 690 2900 ι

745 2962 1017 3017 ΕΡΜΗΝ.
1068 2964 1205 3017 ΤΟΥ
1230 2963 1336 3017 ΡΛ⁹
1368 2965 1693 3020 ΨΑΛΜΟΥ.

494 3081 565 3129 α’.
615 3093 636 3128 ι
668 3074 793 3147 ᾭδὴ
822 3076 931 3130 τῶν
991 3075 1330 3149 ἀναϐαθμῶν
1361 3080 1401 3133 ³.
1443 3098 1463 3131 ι
1497 3080 2013 3155 Ταπεινοφροσύνην

2143 1944 2357 2018 1505l
2385 1948 2531 2002 enim
2567 1959 2622 2004 et
2657 1952 2943 2011 hominum
2976 1959 3393 2014 amantissimus
3421 1970 3504 2014 est
3534 1957 3723 2016 Domi—

2137 2049 2265 2099 nus,
2302 2037 2483 2107 iisque
2539 2042 2635 2110 qui
2698 2045 3037 2112 pmnitentiae
3072 2047 3254 2104 locum
3295 2049 3451 2117 dant,
3486 2050 3721 2107 salutem

2136 2132 2409 2205 pra-stu]

2212 2222 2377 2279 Vens.
2412 2226 2467 2280 8.
2501 2246 2519 2279 ι
2561 2229 2630 2284 Et
2662 2230 2779 2301 ipse
2804 2232 3035 2289 redimet
3072 2233 3332 2290 Israelem
3360 2251 3429 2291 ex
3459 2236 3717 2292 omnibus

2132 2312 2521 2384 iniquitatibus
2545 2322 2685 2390 ejus.
2726 2343 2744 2375 ι
2786 2325 3243 2382 Vaticinationem
3265 2329 3446 2384 oratio
3469 2328 3718 2384 continet

2131 2406 2199 2462 de
2223 2406 2483 2466 Domino.
2512 2413 2634 2483 ipse
2663 2416 2807 2470 enim
2837 2426 2922 2473 est
2953 2434 3127 2491 agnus
3160 2420 3276 2486 Dei,
3305 2420 3399 2491 qui
3433 2421 3716 2492 tollitpec—

2129 2507 2251 2554 cata
2282 2504 2474 2559 mundi
2503 2515 2563 2558 ω.
2595 2506 2686 2562 Sic
2708 2510 2873 2564 etiam
2913 2512 3136 2569 divinus
3168 2513 3390 2570 Gabriel
3422 2515 3714 2571 sanctissi-

2129 2604 2232 2644 ma:
2254 2588 2462 2663 Virgini
2491 2596 2697 2667 inquit:
2720 2618 2738 2651 ι
2760 2600 2946 2658 Paries
2968 2603 3164 2671 ﬁlium,
3192 2615 3247 2660 et
3268 2608 3491 2662 vocabis
3514 2621 3713 2662 nomen

2126 2681 2247 2751 ejus
2290 2681 2472 2752 Jesus,
2515 2693 2777 2759 quoniam
2827 2694 2944 2764 ipse
2992 2696 3205 2754 salvum
3250 2698 3411 2755 faciet
3448 2700 3712 2771 populum

2125 2789 2285 2829 suum
2318 2792 2346 2831 a
2382 2783 2620 2848 peccatis
2652 2799 2844 2840 eorum
2874 2796 2922 2841 ιι.
2965 2806 2985 2839 ι

2481 2967 2495 2986 ⁸
2536 2963 2811 3023 INTERP.
2846 2968 3105 3026 PSALMI
3140 2973 3352 3030 CXXX.

2196 3071 2360 3130 Vens.
2403 3076 2455 3130 l.
2514 3096 2532 3128 ι
2593 3078 2881 3136 Canticum
2918 3085 3212 3154 graduum.
3275 3106 3296 3140 ι
3350 3088 3710 3160 Propheticus

419 3168 452 3221 6
490 3168 836 3239 προφητικὸς
869 3170 1190 3223 ὲκπαιδεύει
1216 3170 1395 3238 λόγος,
1424 3171 1522 3225 καὶ
1544 3172 1651 3224 τῶν
1666 3173 1874 3244 ταύτης
1892 3176 2018 3244 ερα-

2123 3180 2305 3221 sermo
2337 3167 2703 3225 humilitatem
2740 3173 2924 3243 docet,
2955 3187 3010 3232 et
3039 3178 3260 3235 illorum
3290 3184 3381 3253 qui
3412 3183 3552 3241 hanc
3580 3187 3706 3241 dili-

421 3258 568 3313 στῶν
606 3261 820 3328 εἰσάγει
857 3260 920 3313 τὸ
961 3261 1257 3332 πρόσωπον
1285 3263 1765 3333 προσευχομένων,
1803 3266 2014 3319 καὶτὸν

417 3353 557 3409 Θεὸν
596 3354 996 3426 λιπαρούντων.
1050 3373 1070 3407 ι
1111 3355 1316 3427 Κύριε,
1354 3357 1452 3427 οὑχ
1508 3356 1699 3429 ὑψώθη
1732 3361 1766 3429 ἡ
1813 3360 2014 3431 καρδία

423 3465 552 3521 μου.
594 3468 614 3501 ι
653 3450 766 3521 Τῆς
821 3450 1052 3521 καρδίας
1090 3450 1153 3504 τὸ
1184 3449 1321 3521 ὕψος
1366 3452 1427 3505 οὑ
1462 3452 1644 3522 μόνοις
1683 3457 1792 3518 τοῖς
1818 3454 2013 3509 δυσσε-

419 3539 592 3607 δύσιν,
611 3540 749 3594 ἀλλὰ
776 3542 1003 3604 καὶτοῖς
1024 3541 1207 3609 ἁγίοις
1240 3542 1594 3612 λυμαίνεται.
1629 3545 1740 3598 Καὶ
1768 3545 2013 3602 διδάσκει

415 3629 528 3684 τῶν
588 3630 1094 3702 Παραλειπομένων
1151 3633 1186 3702 ἡ
1229 3632 1445 3704 ἱστορία
1476 3634 1731 3706 περὶτοῦ
1763 3633 2011 3698 Ἐζεκίου

414 3720 514 3776 τοῦ
553 3722 818 3786 εὐσεϐοῦς
838 3722 1078 3790 λέγουσα
1109 3722 1403 3793 βασιλέως,
1451 3742 1472 3776 ι
1511 3725 1637 3778 Ὀτι
1665 3726 2008 3797 ἐταπεινώθη

413 3813 524 3867 ἀπὸ
548 3813 643 3868 τοῦ
662 3814 832 3884 ὕψους
857 3815 960 3883 τῆς
987 3815 1222 3883 καρδίας
1251 3814 1442 3870 αὑτοῦ.
1481 3834 1502 3869 ι
1541 3816 1641 3869 Διά
1664 3815 1827 3870 τοῦτο
1860 3818 1951 3871 καὶ
1977 3819 2008 3870 ὁ

411 3904 622 3978 Κύριος
648 3908 766 3970 τοῖς
789 3907 954 3978 ἱεροῖς
992 3905 1162 3960 αὑτοῦ
1201 3909 1463 3977 παραινεῖ
1490 3906 1763 3978 μαθηταῖς
1790 3907 1964 3977 λέγων
1985 3925 2002 3942 ⁶

415 4015 438 4049 ι
460 3998 576 4062 Πᾶς
604 4000 633 4052 6
657 3998 931 4051 ταπεινῶν
951 3998 1143 4052 ἑαυτὸν
1162 3997 1636 4069 ὑψωθήσεται,καὶ
1658 4001 1689 4053 6
1712 3999 1864 4069 ὑψῶν
1881 4001 2005 4054 ἑαυ-

402 4086 501 4141 τὸν
552 4086 1047 4158 ταπεινωθήσεται.
1084 4105 1103 4138 ι
1135 4118 1205 4128 -
1234 4106 1255 4140 ι
1289 4088 1426 4142 Οὐδὲ
1448 4089 1932 4161 ἐμετεωρίσθησαν
1950 4095 2000 4147 οἱ

403 4176 678 4248 ὀφθαλμοί
730 4195 855 4248 μου.
888 4196 910 4230 ι
954 4178 1119 4233 Ἴδιον
1156 4179 1266 4233 τῶν
1295 4180 1666 4253 ὑπερηφάνων
1690 4180 1790 4246 τὰς
1825 4182 2000 4254 ὀφρῦς

2117 3267 2271 3328 gunt,
2304 3276 2596 3329 personam
2620 3265 2853 3336 inducit,
2885 3285 2985 3325 ceu
3016 3276 3387 3342 precantium,
3419 3276 3709 3351 Deumque

2115 3353 2536 3413 obtestanlium.
2591 3377 2609 3411 ι
2654 3359 2909 3429 Domine,
2954 3380 3072 3425 non
3127 3375 3216 3422 est
3255 3369 3555 3426 exaltatum
3611 3388 3709 3429 eor

2117 3461 2322 3503 meum.
2346 3467 2364 3500 ι
2386 3448 2586 3506 Cordis
2606 3451 2837 3509 altitudo
2857 3471 2963 3511 non
2990 3458 3158 3514 modo
3183 3459 3402 3531 impios,
3420 3463 3518 3518 sed
3537 3464 3705 3519 etiam

2117 3537 2503 3595 sanctissimos
2554 3540 2705 3602 hedit
2743 3547 2912 3599 viros.
2958 3542 3027 3601 Et
3068 3547 3175 3603 hoc
3214 3549 3378 3606 docet
3418 3549 3704 3622 Paralipo-

2115 3643 2316 3683 menon
2351 3629 2602 3695 historia,
2627 3632 2694 3687 de
2722 3634 2816 3702 pio
2841 3651 2966 3704 rege
2993 3636 3226 3695 Ezechia
3258 3642 3478 3699 dicens:
3504 3662 3524 3695 ι
3553 3644 3702 3712 Quo-

2114 3718 2259 3772 niam
2301 3720 2627 3778 humiliatus
2660 3733 2744 3780 est
2791 3726 2864 3780 ab
2908 3727 3200 3785 altitudine
3239 3733 3420 3789 cordis
3447 3735 3533 3790 sui
3570 3737 3638 3792 ⁸³⁸.
3674 3757 3693 3789 ι

2111 3806 2407 3878 Propterea
2454 3811 2618 3867 etiam
2675 3815 2940 3873 Dominus
2982 3833 3174 3876 sacros
3219 3836 3352 3878 suos
3396 3824 3697 3896 discipulos

2107 3898 2434 3955 adhortatur
2468 3903 2658 3959 dicens
2691 3920 2706 3958 :
2746 3923 2767 3959 ι
2799 3905 3013 3975 Omnis,
3064 3912 3159 3981 qui
3201 3928 3261 3968 se
3301 3912 3691 3983 humiliaverit,

2105 3990 2455 4058 exaltabitur,
2504 4004 2557 4048 et
2600 3996 2695 4065 qui
2728 4012 2787 4052 se
2809 3999 3038 4065 exaltat,
3065 4000 3449 4058 humiliahitur
3485 4014 3527 4060 °.
3566 4024 3586 4059 ι
3624 4040 3695 4053 -

2110 4097 2128 4131 ι
2168 4081 2355 4152 Neque
2387 4084 2513 4139 elati
2550 4096 2680 4141 sunt
2710 4089 2855 4143 oculi
2892 4091 3020 4144 mei.
3053 4110 3071 4143 ι
3101 4090 3392 4162 Proprium
3426 4099 3721 4167 superbo-_

2104 4188 2225 4227 rum
2272 4184 2375 4241 est,
2430 4180 2722 4245 supercilia
2776 4181 3006 4251 erigere,
3041 4192 3097 4238 et
3132 4185 3336 4242 buccas
3380 4186 3593 4253 inﬂare,
3637 4198 3693 4243 et

402 4268 679 4339 ἐπαίρειν,
708 4270 807 4321 καὶ
826 4269 929 4340 τὴν
966 4269 1171 4339 γνάθον
1204 4271 1406 4343 φυσᾷν,
1438 4272 1538 4326 καὶ
1568 4273 1787 4327 πάντων
1823 4275 1998 4346 ὑπερς

2123 4281 2293 4323 ιιηηεε
2344 4268 2646 4339 deSpicere.
2694 4273 2799 4339 Qui
2845 4289 2979 4329 vero
3034 4275 3103 4330 ab
3156 4278 3256 4332 hoc
3318 4279 3511 4334 morbo
3560 4295 3691 4335 sunt

402 4364 648 4433 φρονεῖν.
702 4363 767 4416 Ol
815 4362 875 4416 δὲ
894 4362 992 4416 τοῦ
1045 4363 1255 4426 πάθους
1304 4365 1742 4437 ἀπηλλαγμένοι,
1795 4369 1895 4440 οὑχ
1919 4370 1997 4434 ὡς

2123 4358 2281 4425 iberi,
2326 4375 2434 4415 non
2473 4362 2576 4416 hoc
2619 4362 2822 4419 docent
2849 4364 3090 4436 iudicem
3122 4377 3379 4437 tanquam
3413 4373 3684 4438 nescium,

403 4452 708 4519 ἀγνοοῦντα
768 4451 1090 4506 διδάσκουσι
1131 4452 1294 4507 τοῦτο
1357 4454 1455 4508 τὸν
1497 4455 1714 4527 κριτὴν,
1770 4457 1888 4511 ἀλλ’
1918 4459 1995 4523 ὥς

2123 4450 2195 4505 ιοά
2235 4460 2499 4523 tanquam
2544 4453 2811 4511 scientem
2863 4456 2918 4511 in
2965 4459 3345 4514 testimonium
3393 4462 3683 4519 advocant.

402 4539 586 4596 εἰδότα
636 4540 897 4596 καλοῦσιν
950 4544 1032 4608 εἰς
1081 4544 1412 4616 μαρτυρίαν.
1457 4562 1476 4597 ι
1519 4548 1655 4601 Οὐδὲ
1687 4549 1993 4621 ἐπορεύθην

398 4631 462 4684 ὲν
495 4632 781 4702 μεγάλοις.
808 4651 828 4685 ι
871 4633 930 4687 Ὀ
955 4633 1014 4688 δὲ
1044 4634 1364 4706 Σύμμαχος,
1397 4637 1469 4691 ὲν
1482 4642 1954 4710 μεγαλειότησιν
1973 4660 1989 4674 ο

393 4722 427 4776 6
452 4721 513 4777 δὲ
546 4722 783 4789 ’Δκύλας
818 4724 865 4792 δ,
890 4726 962 4779 ἐν
997 4728 1479 4796 mxumum.
1519 4749 1540 4782 ι
1590 4732 1729 4785 Οὐδὲ
1754 4733 1813 4785 ὲν
1852 4733 1989 4788 θαυ-

2103 4562 2122 4595 ι
2169 4543 2359 4615 Neque
2406 4547 2682 4603 ambulavi
2730 4550 2786 4603 in
2841 4553 3079 4623 magnis.
3120 4571 3138 4604 ι
3188 4551 3578 4624 Symmachus,
3627 4558 3686 4612 in

2096 4638 2500 4705 majestatibus;
2523 4640 2722 4710 Aquila
2750 4642 2965 4714 1505
2994 4661 3145 4713 vero,
3171 4647 3226 4700 in
3246 4649 3678 4719 magniﬁcentiis.

2100 4749 2121 4782 ‹
2152 4729 2340 4801 Neque
2371 4731 2425 4787 in
2462 4734 2628 4789 rebus
2658 4750 2746 4789 me
2769 4736 3232 4794 mirabilioribns.
3271 4759 3291 4792 ι
3323 4740 3391 4796 At
3421 4740 3681 4813 Symma-

396 4812 616 4884 μασίοις
655 4814 795 4885 ὑπὲρ
849 4815 972 4885 ἐμέ.
1012 4833 1033 4868 ι
1083 4816 1141 4870 Ὀ
1179 4815 1202 4847 ⁸
1233 4815 1290 4870 δὲ
1331 4816 1630 4889 Σύμμαχος
1662 4823 1701 4886 ⁸,
1738 4822 1989 4879 Οὑδὲὲν

2127 4824 2264 4879 hns:
2296 4823 2481 4896 Neque
2506 4826 2561 4879 in
2591 4829 3082 4884 transcendentibus
3107 4848 3269 4903 super
3298 4850 3398 4889 me.
3419 4812 3540 4891 Hoc
3569 4845 3676 4902 est,

389 4904 889 4973 ὑπερϐάλλουσιν
907 4906 1060 4976 ὑπὲρ
1086 4907 1212 4977 ἐμέ.
1243 4907 1391 4962 Ἀντὶ
1410 4910 1527 4974 τοῦ,
1555 4913 1825 4983 Ἐμαυτὸν
1853 4916 1984 4984 ἑμέ-

2090 4916 2369 4986 Meipsum
2398 4917 2686 4984 metiebar,
2718 4927 2773 4974 et
2801 4934 2922 4989 quae
2954 4921 3272 4993 dignitatem
3304 4941 3483 4980 meam
3515 4942 3676 4983 exce-

389 5009 580 5065 τρουν,
618 4995 714 5049 καὶ
762 5001 879 5062 τοῖς
937 4998 1342 5069 ὑπερϐάλλουσί
1388 5018 1491 5071 μου
1538 5004 1641 5074 τὴν
1680 5004 1840 5072 ἀξίαν
1880 5007 1981 5061 οὐκ

2126 5009 2309 5074 ebant,
2332 5025 2439 5064 non
2472 5022 2593 5063 sum
2617 5024 2932 5081 aggressus.

390 5087 750 5159 ἐπεχείρησα.

426 5208 469 5231 ³
497 5198 657 5257 Joan.
686 5201 837 5269 1,29.
912 5214 942 5241 ιι
974 5203 1108 5261 Luc.
1141 5221 1184 5272 ι,
1216 5208 1309 5262 51.

1384 5210 1434 5244 η’
1459 5207 1505 5261 ll
1544 5208 1728 5265 Paral.
1778 5228 1952 5277 χχιιι,
1986 5214 2078 5269 26.

2158 5230 2179 5251 ο
2216 5203 2349 5259 Luc.
2382 5218 2533 5268 xvm,
2572 5205 2658 5262 Η.

1461 5339 1699 5397 VARIIE
1742 5342 2131 5402 LECTIONES
2170 5344 2258 5399 ET
2290 5344 2529 5402 NOTAE.

456 5449 508 5517 "_
554 5448 698 5504 Ἀπὸ
729 5479 800 5489 -
826 5450 1069 5517 νυκτός.
1119 5448 1284 5506 Hebr.
1341 5451 1472 5508 Plus

1551 5470 1712 5523 quam
1795 5455 1879 5510 illi
1933 5456 2024 5526 qui
2085 5459 2383 5512 custodiam
2452 5459 2645 5514 habent

2725 5461 2820 5514 sub
2881 5477 3132 5515 auroram
3167 5503 3182 5527 ,
3224 5464 3317 5531 qui
3363 5466 3664 5520 custodiam

383 5514 579 5601 {tabent
622 5520 717 5601 sub
752 5514 1102 5601 diluculum.‘
1146 5523 1193 5554 ⁸⁸
1234 5520 1370 5601 tam)
1400 5514 1821 5601 scvt'npwtctc.
1847 5514 1971 5580 Haec
2004 5527 2056 5580 in
2089 5529 2211 5601 eod.
2248 5530 2404 5584 Alex.
2435 5539 2657 5601 exstant
2692 5531 2934 5601 quidem,
2963 5514 3071 5601 sed
3092 5514 3267 5587 aliena
3291 5514 3662 5592 ειιέιῖἆιέἐὶίὲὶ

382 5591 549 5676 Febr.
587 5661 598 5676 _
627 5591 671 5676 ’ς
714 5593 934 5676 obeam:—
960 5589 1210 5676 egong
1230 5589 1491 5676 Origenis
1516 5589 1717 5676 nomen
1751 5589 1867 5676 haec
1896 5612 2018 5676 pra:

2125 5599 2347 5676 “ferunt
2382 5599 2525 5668 apud
2566 5589 2799 5676 Cord_'._|_.
2833 5618 2881 5656 c.
3208 5607 3223 5635 ¹
3261 5605 3444 5676 cedat
3485 5589 3656 5676 μόνοι.

382 5659 725 5740 :E_cod._!..
771 5660 792 5691 ³
815 5658 1361 5740 Ῑῶνᾲνιιϐαθμῶνῖ
1393 5664 1515 5740 cod.
1545 5665 1698 5740 Alex.
1737 5666 1863 5740 add.
1895 5658 1973 5740 τῷ
2002 5673 2018 5718 Δ

2123 5669 2188 5740 ίδ,
2223 5658 2497 5736 praeeunte
2527 5680 2673 5725 textu
2706 5669 2868 5727 Hebr.
2911 5658 2969 5703 ’⁸
3006 5672 3287 5740 Ἀκύλας.
3315 5658 3441 5728 cod.
3470 5658 3497 5727 ἰ
3523 5658 3659 5729 Θεοῖ

381 5727 594 5815 δαίων.
623 5729 1041 5815 HuicmDru'sius
1086 5727 1584 5815 interpretationem
1619 5736 1779 5815 istam
1816 5727 2018 5815 vindica

2152 5727 2184 5769 ‘-
2217 5727 2281 5792 ³0
2313 5739 2465 5809 ὑπὲρ
2502 5742 2626 5810 ἐμέ.
2669 5742 2791 5798 Des.
2848 5745 2902 5797 in
2960 5743 3081 5799 cod.
3132 5744 3184 5797 1.
3219 5727 3282 5776 Ἱθ
3312 5727 3656 5815 Σύμμαχος.

380 5796 461 5854 ita
494 5816 713 5872 quoque
747 5800 1110 5855 'l‘heodotion.
1146 5796 1268 5857 Viti.
1301 5802 1493 5859 Menti".
1527 5804 1763 5877 Hexapla
1795 5808 1860 5861 ad
1896 5808 1951 5860 ιι.
1994 5808 2030 5863 l.
