4128 6448
475 362 613 430 1903

472 569 582 625 ιονί
616 565 854 620 animam
885 576 1086 629 meam,
1120 559 1266 615 sicut
1293 559 1598 613 ablactatus
1620 572 1786 626 super
1825 566 2054 611 matrem

472 676 656 727 suam,
691 658 770 713 sic
813 655 1083 711 retribues
1118 654 1172 708 in
1209 653 1391 709 anima
1435 665 1578 706 mea.
1623 670 1641 701 ι
1688 646 2056 721 Symmachus

472 760 690 807 autem:
738 746 857 802 Nisi
897 745 1128 800 similem
1179 744 1302 813 feci,
1356 752 1405 797 et
1458 742 1765 806 comparavi
1819 742 2055 795 animum

472 858 641 896 meum
677 839 945 911 infnntulo
976 854 1008 890 a
1050 836 1187 890 lacte
1214 836 1430 904 depulso
1455 833 1597 901 apud
1628 845 1851 886 matrem
1880 850 2055 900 suam,

471 935 550 989 sic
592 933 918 987 retribuatur
954 930 1151 983 animo:
1177 944 1295 982 mir.
1325 926 1381 980 Si
1419 936 1489 991 te,
1524 926 1621 992 ait,
1652 941 1759 980 non
1797 925 1977 984 timui.
2005 935 2060 981 et

473 1042 562 1082 me
605 1026 786 1098 ipsum
841 1022 937 1077 tibi
985 1020 1199 1091 subjeci
1249 1018 1477 1073 infantis
1528 1017 1703 1072 instar
1751 1032 1942 1072 recens
1992 1016 2060 1072 ab

476 1120 645 1176 ubere
660 1116 895 1187 depulsi,
926 1123 1273 1183 matremque
1298 1110 1564 1177 verentis,
1581 1109 1677 1164 sed
1702 1109 1866 1164 altam
1894 1109 2058 1164 habui

474 1220 753 1267 mentem:
810 1209 1079 1271 obsecro,
1134 1214 1195 1260 ut
1245 1202 1497 1260 eamdem
1559 1202 2061 1257 remunerationem

474 1316 809 1372 consequar.

546 1390 715 1448 Vens.
751 1394 806 1447 5.
849 1409 868 1442 ι
906 1388 1101 1460 Speret
1130 1386 1295 1443 Israel
1335 1386 1389 1441 in
1437 1385 1670 1441 Domino
1701 1384 1770 1440 ab
1800 1385 1906 1440 hoc
1937 1384 2063 1441 inde

473 1495 724 1555 tempore
755 1496 932 1553 usque
960 1482 1016 1536 in
1039 1479 1328 1536 saeculum.
1355 1499 1372 1531 ι
1399 1477 1813 1533 Demonstravit
1838 1477 2064 1547 prophe-

476 1578 622 1634 ticus
663 1589 869 1637 sermo,
912 1587 1020 1642 qua
1059 1572 1127 1627 de
1161 1585 1328 1625 causa
1372 1578 1520 1625 recte
1555 1567 1826 1622 factorum
1866 1582 2063 1620 narra-

477 1671 682 1724 tionem
715 1666 926 1723 fecerit.
945 1663 1063 1719 Non
1082 1663 1229 1718 enim
1258 1660 1761 1731 seipsosjaclantes
1784 1658 2063 1729 propriam

472 1763 738 1817 virtutem
792 1766 1255 1819 commemorant,
1316 1756 1410 1810 sed
1477 1755 1618 1808 alios
1674 1753 1728 1807 in
1795 1753 2061 1823 aequalem

1446 348 1941 411 THEODORETI
2000 348 2344 410 EPISCOPI
2399 350 2786 412 CYRENSIS‘

547 475 714 529 Vens.
742 470 798 525 ἓ.
840 489 858 523 ι
896 466 955 524 Si
980 481 1087 522 non
1113 464 1391 521 humiliter
1421 464 1747 529 sentiebam,
1778 463 1871 518 sed
1903 463 2053 519 exal-
2081 476 2128 526 Α

3605 358 3743 423 190i.

2231 464 2295 535 β’.
2340 482 2359 516 ι
2410 466 2473 519 Εἰ
2506 467 2524 497 ⁷
2558 466 2633 537 μὴ
2675 463 3188 537 ὲταπεινοφρὸνουν,
3223 466 3361 521 ἀλλὰ
3405 466 3598 539 {ig/mm
3642 474 3744 543 τὴν

2154 554 2334 626 ψυχήν
2394 572 2529 625 μου,
2588 557 2662 620 ὡς
2704 556 2767 610 τὸ
2830 557 3449 626 ἀπογεγαλακτισμένον
3505 561 3600 615 ἐπὶ
3642 564 3743 635 τὴν

2159 648 2377 720 μητέρα
2423 649 2614 716 αὑτοῦ,
2655 650 2731 710 ὥς
2774 650 2795 682 ⁸
2835 651 3245 714 άνταποδὼσεις
3283 653 3377 706 ἐπὶ
3424 652 3524 724 τὴν
3562 656 3744 728 ψυχήν

2160 759 2283 812 μου.
2311 761 2330 794 ι
2364 742 2422 795 Ὀ
2439 742 2494 796 δὲ
2521 742 2842 814 Σύμμαχος,
2858 745 2923 798 El
2949 742 3036 813 μὴ
3052 743 3342 809 ἐξίσωσα,
3363 747 3384 777 ’
3409 745 3741 816 καίὠμοίω-

2158 847 2243 885 σα
2301 832 2420 901 τὴν
2491 834 2707 903 ψυχήν
2768 852 2889 904 μου
2944 836 3534 905 ἁπογαλακτισθέντι
3593 837 3745 906 πρὸς

2152 923 2381 993 μητέρα
2432 926 2641 991 αὑτοῦ,
2690 926 2882 992 οὕτως
2935 927 3379 996 ἁνταποδοθείη
3436 927 3511 996 τῇ
3569 929 3744 1000 ψυχῇ

2152 1036 2295 1088 μου.
2324 1020 2387 1072 Εἰ
2424 1018 2499 1090 μὴ
2538 1020 2966 1090 παραπλησίως,
3000 1022 3157 1092 φησί,
3199 1020 3392 1092 βρέφει
3441 1022 3536 1076 νῦν
3566 1023 3747 1076 ἀπαλ-

2158 1108 2378 1177 λαγέντι
2415 1108 2615 1181 θηλῆς,
2655 1113 2752 1163 καί
2788 1111 2885 1181 τὴν
2914 1111 3132 1180 μητέρα
3168 1111 3534 1181 δειμαίνοντι,
3563 1112 3749 1168 ἔδεισά

2163 1217 2246 1264 σε,
2296 1201 2392 1254 καὶ
2435 1203 2674 1271 ιμαυτόν
2728 1218 2812 1255 σοι
2845 1200 3111 1269 ὑπέταξα,
3143 1201 3284 1278 ἀλλά
3329 1203 3543 1274 ὑψηλὴν
3588 1202 3749 1275 ἔσχον

2160 1292 2423 1358 διάνοιαν,
2448 1293 2548 1362 τῆς
2579 1294 2751 1365 αὐτῆς
2781 1293 3114 1359 ἀντιδόσεως
3148 1297 3336 1365 τυχεῖν
3370 1295 3528 1362 ἀξιῶ.

2232 1388 2301 1451 γ’.
2337 1402 2356 1436 ι
2405 1383 2713 1438 Ἐλπισάτω
2760 1384 2980 1456 Ἰσραὴλ
3004 1385 3100 1438 ἐπὶ
3125 1386 3217 1440 τὸν
3255 1386 3483 1459 Κύριον,
3509 1388 3619 1441 ἀπὸ
3652 1389 3751 1444 τοῦ

2163 1474 2279 1540 νῦν,
2311 1477 2409 1530 καί⁵
2441 1476 2547 1541 ἓως
2575 1475 2671 1529 τοῦ
2717 1477 2937 1538 αἰῶνος.
2983 1498 3003 1531 ι
3041 1479 3285 1545 Ἕδειξεν
3327 1482 3357 1534 ὁ
3408 1481 3751 1552 προφητικὺς

2163 1568 2343 1636 λόγος,
2359 1568 2505 1633 τίνος
2532 1570 2693 1640 χάριν
2724 1570 3024 1640 ἐποιήσατο
3049 1571 3147 1642 τὴν
3171 1572 3282 1625 τῶν
3304 1573 3753 1644 κατορθωμάτων

2164 1659 2442 1730 διήγησιν.
2473 1661 2547 1713 Oti
2591 1661 2699 1732 γὰρ
2739 1663 2968 1727 ἑαυτοὺς
3005 1664 3364 1733 σεμνύνοντες
3399 1666 3497 1737 τὴν
3544 1668 3754 1722 οἰκείαν

2166 1751 2428 1818 διεξίασιν
2463 1752 2688 1825 ἀρετὴν,
2718 1754 2857 1807 ἀλλά
2884 1757 3012 1817 τοὺς
3040 1755 3237 1819 ἀλλους
3277 1759 3356 1821 εἰς
3386 1758 3480 1811 τὸν
3526 1760 3640 1812 ἴσον
3670 1759 3754 1812 δι-

478 1869 720 1911 amorem
760 1851 1151 1908 accendentes.
1194 1849 1489 1919 Propterea
1538 1856 1711 1902 totum
1764 1847 2059 1911 lsraelem,

2168 1844 2483 1913 εγείραντες
2505 1822 2712 1915 νζῆλον.
2750 1846 2843 1899 Διὸ
2876 1846 3055 1900 πάντα
3081 1848 3174 1901 τὸν
3203 1848 3421 1920 Ἰσραὴλ
3448 1850 3547 1919 τῆς
3581 1851 3757 1921 αὐτῆς

477 1954 540 2002 ut
570 1944 747 2001 eidem
793 1941 907 2012 spei
949 1940 1238 2003 inlmreat,
1270 1938 1545 1993 adhortati
1583 1946 1731 2002 sunt,
1767 1949 1821 1991 et
1850 1945 1907 1990 ut
1933 1950 2065 1991 cou-

474 2039 630 2093 tinue
659 2037 801 2092 hanc
832 2033 1234 2102 babeat,utque
1266 2029 1611 2098 lruetus,qui
1633 2029 1761 2083 hinc
1784 2028 2061 2091 oriuntur,

462 2129 760 2200 percipiat.

833 2241 851 2262 ¹
881 2234 1153 2294 ιΝΤΕιιΡ.
1194 2233 1445 2290 PSALMI
1480 2232 1720 2288 CXXXI.

536 2356 715 2412 'Vsns.
765 2356 817 2409 1.
866 2372 884 2405 ι
939 2352 1227 2409 Canticum
1277 2351 1568 2421 graduum.
1625 2369 1644 2400 ι
1703 2350 1925 2403 Multam
1979 2349 2067 2403 hic

456 2449 726 2519 ,psalmus
744 2462 869 2503 cum
889 2446 1231 2515 octogesimo
1254 2454 1450 2514 octavo
1476 2442 1857 2512 cognationem
1881 2441 2061 2495 habet.

475 2542 693 2596 Etenim
725 2539 803 2595 ibi
836 2549 893 2595 et
920 2538 1009 2593 hic
1040 2537 1263 2606 captivi,
1293 2535 1387 2605 qui
1422 2534 1698 2605 Babylone
1729 2543 1907 2600 erant,
1939 2534 2063 2587 uni-

475 2647 764 2688 versorum
818 2629 987 2685 Deum
1044 2629 1375 2689 obsecrant,
1426 2625 1822 2695 promissioues
1866 2640 2065 2695 magno

478 2722 667 2777 Davidi
700 2720 770 2776 ab
809 2720 928 2791 ipso
964 2718 1179 2789 1506
1209 2716 1384 2771 factas
1416 2731 1514 2785 pro
1545 2716 1795 2785 precibus
1828 2716 2061 2769 olieren-

480 2824 585 2878 tes,
617 2821 669 2867 et
701 2820 763 2868 ut
796 2812 1011 2866 veniam
1056 2817 1469 2877 consequantur
1508 2816 1749 2861 orantes.
1791 2805 2065 2861 Vaticina-

479 2904 684 2959 tionem
730 2902 895 2957 etiam
937 2900 1184 2956 continet
1229 2899 1297 2953 de
1345 2898 1630 2952 Salvatme
1689 2897 1912 2964 nnlndi,
1970 2900 2062 2967 qui

477 2992 780 3048 secundum
818 3005 1042 3046 carnem
1077 3004 1140 3043 ex
1173 2988 1392 3042 Davidis
1419 3004 1616 3056 genere
1647 2987 1892 3041 oriturus
1924 2999 2059 3043 erat.

484 3101 505 3134 ι
530 3081 824 3147 Memento,
855 3080 1103 3144 Domine,
1126 3079 1370 3146 Daviilis,
1390 3089 1442 3133 et
1475 3081 1656 3133 omnis
1687 3081 2061 3134 mansuetudi-

2167 1935 2386 1999 ἐλπίδος
2424 1936 2645 2006 ἔχεσθαι
2688 1939 3096 2009 παρεκάλεσαν,
3131 1942 3225 1993 καὶ
3250 1940 3515 2009 διηνεκῶς
3542 1941 3756 2013 ταύτην

2167 2026 2345 2096 ἔχειν,
2392 2029 2488 2081 καὶ
2543 2029 2672 2093 τοὺς
2727 2031 2790 2082 ἐκ
2842 2030 3048 2101 ταύτης
3106 2033 3411 2102 φυομένους
3471 2031 3758 2102 συλλέγειν

2166 2118 2434 2189 καρπούς.

2460 2233 2731 2289 ΕΡΜΗΝ.
2772 2234 2911 2289 ΤΟΥ
2948 2238 3102 2290 PAA'
3135 2238 3455 2293 ΨᾹΛΜΟΥ.

2237 2352 2305 2400 α’.
2343 2362 2362 2395 ι
2424 2345 2548 2417 ’ῼδὴ
2604 2346 2712 2400 τῶν
2755 2347 3109 2418 ἀναϐαθμῶν.
3167 2369 3186 2403 ι
3235 2350 3442 2423 Πολλὴν
3483 2353 3511 2404 ὁ
3538 2351 3760 2422 ψαλμὸς

2166 2432 2322 2501 οὗτος
2364 2438 2500 2511 πρὸς
2528 2439 2619 2491 τὸν
2649 2439 3005 2509 ὀγδοηκοστὸν
3037 2441 3222 2510 ὃγδοον
3252 2442 3366 2511 ἔχει
3400 2446 3755 2511 συγγένειαν.

2169 2532 2279 2585 Καὶ
2306 2531 2416 2602 γὰρ
2444 2532 2679 2587 ἐνταῦθα
2706 2535 2870 2587 κάκεῖ
2892 2534 2984 2586 τὸν
3006 2535 3113 2587 τ’ὦν
3136 2536 3273 2588 ὅλων
3302 2535 3436 2590 Θεδν
3479 2539 3760 2591 ἱκετεύου-

2172 2641 2257 2676 σιν
2284 2623 2334 2675 οἱ
2367 2625 2425 2676 ὲν
2451 2624 2734 2693 Βαβυλῶνι
2763 2625 3116 2696 δορυάλωτοι,
3149 2629 3248 2691 τάς
3280 2628 3417 2697 πρὸς
3450 2629 3543 2682 τὸν
3577 2631 3761 2700 μέγαν

2160 2713 2329 2766 ’Δαϐἰδ
2362 2714 2455 2766 ὑπ’
2479 2713 2644 2767 αὑτοῦ
2674 2717 3048 2787 γεγενημένας
3077 2718 3400 2788 ὑποσχέσεις
3421 2720 3538 2773 ἀνθ’
3568 2720 3761 2791 ἱκετη-

2168 2805 2291 2874 ρίας
2319 2806 2742 2876 προσφέροντες,
2770 2808 2863 2859 καὶ
2888 2811 3070 2876 τυχεῖν
3094 2809 3373 2875 ἀξιοῦντες
3397 2813 3755 2887 συγγνώμης.

2170 2896 2326 2965 Ἔχει
2360 2895 2416 2947 δὲ
2450 2897 2542 2949 καὶ
2568 2897 2876 2967 πρόρρησιν
2905 2899 2999 2951 τοῦ
3033 2901 3176 2954 κατά
3206 2903 3388 2972 σάρκα
3424 2903 3761 2975 βλαστήσανο

2164 3006 2257 3051 τος
2325 2991 2388 3042 ὲκ
2445 2989 2636 3056 γένους
2697 2989 2861 3059 Δαβίδ
2915 2992 3014 3060 τῆς
3079 2995 3410 3065 οἰκουμένης
3477 2997 3757 3068 Σωτῆρος.

2171 3097 2190 3130 ι
2219 3078 2526 3150 Μνήσθητι,
2549 3079 2743 3150 Κύριε,
2767 3079 2861 3132 τοῦ
2889 3080 3073 3149 Δαβίδ.
3104 3083 3197 3135 καὶ
3233 3083 3413 3153 πάσης
3442 3086 3542 3153 τῆς
3582 3088 3763 3155 πραόο

480 3181 563 3234 nis
598 3181 737 3249 ejus.
778 3198 798 3231 ι
833 3178 1133 3245 Quoniam,
1163 3192 1285 3233 cum
1316 3177 1484 3231 multa
1516 3186 1739 3245 peccata
1776 3177 2064 3232 commise-

2170 3187 2330 3240 τητος
2357 3172 2399 3204 ⁸ο
2428 3171 2616 3224 αὐτοῦ.
2657 3190 2676 3223 ι
2718 3172 2940 3242 Ἐπειδὴ
2995 3172 3165 3226 πολλά
3225 3176 3763 3245 πεπλημμεληκὸτες

476 3270 677 3338 rimus,
728 3270 880 3325 omni
942 3269 1141 3325 ﬁducia
1195 3270 1373 3324 orbati
1442 3283 1669 3332 sumus,
1727 3284 1951 3325 oramus
1991 3279 2062 3336 te,

470 3363 732 3428 Domine,
770 3375 831 3417 ut
872 3362 1100 3418 Davidis
1136 3363 1467 3427 recorderis,
1509 3361 1767 3428 illiusque
1809 3378 2067 3415 mansue—

478 3454 688 3511 tudinis
732 3463 787 3511 et
814 3455 1050 3525 pietatis.
1083 3454 1259 3525 Hujus
1312 3468 1445 3508 sane
1483 3452 1796 3522 praecedens
1824 3454 2068 3519 psalmus

479 3547 815 3602 mentionem
850 3546 997 3612 feeit,
1030 3556 1083 3602 et
1115 3547 1277 3617 plane
1299 3546 1487 3601 docuit
1513 3544 1633 3614 ejus
1665 3547 1860 3601 mentis
1884 3547 2069 3601 mode-

478 3640 772 3695 rationem.

555 3730 864 3788 Vens.2-5.
903 3752 922 3784 ι
966 3732 1120 3785 Sicut
1150 3730 1354 3801 juravit
1392 3731 1642 3797 Domino,
1691 3742 1876 3787 votum
1922 3732 2069 3786 vovit

476 3820 588 3879 Deo
623 3821 837 3878 Jacobi.
889 3821 945 3875 Si
995 3821 1261 3875 introiero
1308 3822 1361 3875 in
1409 3826 1825 3877 tabernaculum
1869 3823 2067 3876 domus

477 3929 637 3979 mete,-
660 3913 705 3969 si
743 3913 1042 3968 ascendere
1087 3915 1138 3965 in
1171 3912 1371 3966 lectum
1406 3915 1561 3967 strati
1608 3914 1734 3967 mei.
1777 3912 1831 3967 Si
1866 3913 2067 3967 dedero

475 4017 732 4058 somnum
772 4001 950 4056 oculis
995 4002 1153 4066 meis,
1206 4010 1259 4056 et
1297 4003 1573 4072 palpebris
1617 4003 1753 4057 meis
1799 4002 2068 4057 dormita-

473 4097 704 4151 tionem.
738 4092 805 4149 Et
844 4094 1084 4164 requiem
1128 4095 1469 4164 temporibus
1513 4096 1670 4162 meis,
1706 4096 1880 4150 donec
1916 4095 2067 4149 inve-

470 4189 623 4244 niam
664 4189 849 4243 loeum
886 4185 1148 4254 Domino,
1197 4187 1612 4242 tabernaculum
1648 4189 1758 4243 Deo
1786 4186 1999 4242 Jacobi.
2043 4208 2060 4239 ι

472 4276 600 4333 llaec
636 4276 857 4348 planius
887 4274 1347 4346 Paralipomenon
1386 4275 1619 4331 historia
1664 4277 1824 4332 docet
1854 4285 1892 4328 °.
1928 4277 2062 4331 Nam

464 4368 712 4436 primum
754 4367 977 4437 quidem
1024 4366 1222 4431 oravit,
1275 4373 1337 4420 ut
1380 4365 1497 4436 ipse
1543 4367 1779 4439 erigeret
1820 4369 2062 4424 divinum

475 4466 761 4528 templum.
796 4455 1095 4526 Postquam
1136 4464 1337 4511 autem
1370 4472 1469 4526 per
1496 4459 1821 4528 prophetam
1857 4459 2064 4512 Natha-

2171 3263 2334 3332 ἡμεῖς
2383 3263 2563 3331 πάσης
2621 3264 2973 3332 ἐστερήμεθα
3028 3265 3381 3336 παρρησίας,
3432 3267 3761 3336 ίκετεύομέν

2171 3370 2251 3419 σε,
2271 3353 2539 3417 Δέσποτα,
2558 3353 2653 3406 τοῦ
2677 3353 2841 3423 Δαβὶδ
2861 3356 3295 3426 ἀναμνησθῆναι,
3317 3357 3414 3411 καὶ
3427 3359 3525 3428 τῆς
3542 3359 3761 3413 ἐκείνου

2170 3447 2479 3517 πραότητός
2510 3463 2570 3498 τε
2605 3447 2699 3498 καὶ
2726 3447 3029 3510 εὐσεϐείας.
3057 3447 3274 3518 Ταύτης
3299 3448 3355 3502 δὲ
3384 3450 3478 3503 καὶ
3502 3451 3532 3503 ὁ
3566 3466 3764 3517 προτε-

2168 3539 2441 3606 ταγμένος
2485 3536 2700 3606 ψαλμὺς
2727 3538 3136 3607 ἐμνημόνευσε,
3178 3539 3273 3592 καὶ
3318 3540 3504 3608 σαφῶς
3547 3540 3762 3607 ἐδίδαξε

2166 3625 2265 3697 τὴν
2294 3624 2386 3678 τοῦ
2425 3628 2774 3698 φρονήματος
2810 3626 2979 3679 αὐτοῦ
3013 3628 3367 3698 μετριότητα.

2240 3718 2378 3788 β’-ε’.
2443 3736 2461 3768 ι
2527 3718 2613 3781 Ὡς
2648 3718 2829 3788 ὤμοσε
2856 3718 2933 3789 τῷ
2968 3720 3177 3790 Κυρίῳ.
3216 3719 3422 3789 ηὔξατο
3450 3722 3528 3792 τῷ
3554 3722 3677 3794 θεῷ
3715 3725 3763 3756 ’⁸

2182 3808 2399 3862 Ἰακώϐ.
2435 3807 2497 3861 Εἰ
2527 3810 2909 3879 εἰσελεύσομαι
2937 3812 3017 3873 εἰς
3046 3812 3313 3880 σκήνωμα
3338 3813 3488 3866 οίκου
3531 3831 3667 3883 μου,
3706 3817 3763 3870 εἰ

2167 3899 2519 3970 ἀναϐήσομαι
2563 3901 2656 3952 ἐπὶ
2707 3899 2897 3970 κλίνης
2945 3902 3233 3972 στρωμνῆς
3293 3920 3418 3972 μου.
3474 3904 3536 3956 Εἰ
3594 3903 3763 3958 δώσω

2169 3990 2338 4044 ὕπνον
2382 3993 2497 4055 τοῖς
2548 3991 2851 4061 ὀφθαλμοῖς
2893 4009 3018 4061 μου,
3049 3994 3287 4055 καὶτοῖς
3318 3992 3614 4064 βλεφάροις
3653 4011 3760 4065 μου

2169 4083 2508 4153 νυσταγμόν.
2534 4084 2643 4137 Καὶ
2672 4084 2715 4115 ι’
2732 4082 3045 4138 ἀνάπαυσιν
3067 4085 3179 4148 τοῖς
3199 4085 3496 4155 κροτάφοις
3523 4103 3626 4155 μου
3650 4087 3760 4149 ἓως

2169 4167 2403 4244 οὗ“εὓρω
2423 4175 2592 4227 τόπον
2612 4173 2691 4244 τῷ
2711 4174 2924 4245 Κυρίῳ,
2950 4176 3217 4245 σκήνωμα
3237 4174 3315 4246 τῷ
3336 4174 3457 4246 Θεῷ
3484 4177 3704 4233 Ἰακώϐ.
3726 4197 3754 4235 ι

2168 4267 2356 4320 Ταῦτα
2400 4267 2736 4337 σαφέστερον
2780 4268 2815 4338 ἡ
2858 4266 2967 4321 τῶν
3003 4267 3507 4339 Παραλειπομένων
3542 4272 3760 4342 ἱστορία

2166 4360 2431 4413 διδάσκει.
2456 4359 2681 4427 Πρῶτον
2710 4359 2809 4427 μὲν
2842 4361 2953 4430 γὰρ
2984 4360 3263 4414 ἱκέτευσεν
3294 4361 3457 4425 αὐτὸς
3486 4362 3578 4415 τὸν
3610 4363 3758 4418 θεῖον

2167 4452 2522 4523 οἰκοδομῆσαι
2572 4451 2708 4505 νεών
2757 4453 2822 4506 ¹³.
2861 4452 3081 4523 Ἐπειδὴ
3119 4453 3177 4507 δὲ
3210 4453 3300 4507 διὰ
3332 4454 3428 4506 τοῦ
3468 4456 3757 4527 προφήτου

475 4525 606 4600 nem
643 4546 787 4601 Deus
834 4525 1139 4616 prohibuit,
1189 4525 1551 4618 praediiitque
1595 4525 1783 4620 templi
1825 4550 2061 4605 aediﬁca-

2170 4545 2358 4599 Νάθαν
2405 4545 2679 4599 ἐκώλυσεν
2729 4548 2758 4599 ὁ
2804 4544 2959 4610 Θεὸς,
3014 4544 3109 4599 καὶ
3151 4544 3252 4616 τὴν
3292 4545 3397 4599 ὑπὸ
3449 4545 3543 4598 τοῦ
3596 4525 3761 4601 Σολο-

475 4639 681 4691 tionem
729 4650 759 4690 a
805 4638 1102 4694 Salomone
1142 4640 1561 4708 instituendam,
1599 4641 1811 4697 distulit
1843 4642 2062 4712 quidem

475 4729 929 4796 exstructionem,
959 4746 1065 4785 non
1101 4742 1281 4786 autem
1310 4733 1600 4802 segnitiam
1634 4734 1922 4805 amplexus
1958 4743 2065 4799 est,

474 4822 570 4875 sed
603 4834 822 4886 aurum,
843 4830 900 4876 et
931 4832 1321 4891 argentum,et
1349 4824 1578 4891 ferrum,
1600 4834 1655 4880 et
1687 4841 1783 4890 tes,
1810 4836 1864 4881 et
1898 4827 2063 4897 ligna,

476 4917 531 4964 et
561 4908 771 4979 lapides
800 4911 1174 4965 coacervavit.
1204 4911 1271 4966 Et
1301 4910 1418 4967 bac
1447 4915 1658 4983 omnia,
1677 4922 1739 4969 ut
1761 4913 1900 4983 dixi,
1930 4913 2067 4970 liber

476 4997 567 5054 ille
595 4998 755 5054 docet
810 5014 906 5055 eos
939 5001 1032 5070 qui
1063 5001 1241 5073 legere
1266 5005 1558 5060 voluerint.

510 5206 537 5234 °
571 5197 591 5253 Ι
622 5196 803 5254 Paral.
840 5216 947 5255 xvu
979 5211 1033 5256 et
1068 5218 1201 5259 χχιι.

2152 4637 2387 4707 ’μῶντος
2417 4638 2686 4708 ἐσομένην
2725 4638 3038 4709 οἰκοδομίαν
3069 4638 3428 4709 προείρηκεν,
3456 4638 3758 4693 ἀνεϐάλετο

2172 4731 2270 4801 μὲν
2318 4730 2420 4800 τὴν
2464 4730 2813 4801 οἰκοδομίαν,
2862 4731 2963 4784 οὐκ
3010 4730 3301 4799 ἠσπάσατο
3339 4730 3397 4785 δὲ
3442 4732 3753 4802 ῥᾳστώνην·

2166 4821 2305 4875 ἀλλὰ
2360 4823 2456 4875 καὶ
2507 4822 2741 4893 χρυσὸν,
2782 4822 2881 4876 καὶ
2915 4820 3181 4893 ἄργυρον,
3229 4823 3326 4875 καὶ
3373 4823 3616 4893 σίδηρον,
3661 4827 3758 4879 καὶ

2167 4912 2390 4983 χαλκὸν,
2421 4912 2707 4979 καὶξύλα,
2739 4912 2834 4966 καὶ
2860 4910 3044 4973 λίθους
3074 4913 3371 4980 συνήγαγε.
3402 4912 3513 4965 Καὶ
3542 4912 3719 4968 ταῦτα
3741 4956 3756 4978 ,

2165 5005 2242 5069 ὡς
2294 5005 2452 5075 ἔφην,
2501 5004 2718 5059 ἅπαντα
2760 5004 2807 5036 ⁸⁸
2847 5005 2881 5074 ἡ
2923 5001 3103 5073 βίϐλος
3143 5004 3327 5075 ἐκείνη
3357 5003 3606 5059 διδάσκει
3632 5006 3759 5069 τοὺς

2165 5091 2409 5162 ἐντυχεῖν
2444 5092 2818 5163 βουλομένους.

1569 5320 1807 5375 VARUE
1861 5319 2257 5376 LECTIONES
2290 5321 2376 5375 ET
2408 5320 2641 5377 NOTAE.

546 5424 567 5456 '
598 5426 671 5478 Εἰ
697 5425 945 5506 ὒψῳσα.
980 5427 1142 5484 llebr.
1174 5428 1371 5506 1192}
1404 5435 1675 5506 composui
1708 5446 1756 5488 el
1776 5437 2096 5504 compescui.
2128 5436 2149 5470 ⁸
2186 5438 2290 5502 Ὦς
2316 5465 2385 5476 -
2415 5453 2569 5506 μου.
2604 5433 2768 5490 llebr.
2806 5435 2955 5491 Sicut
2988 5436 3311 5498 obluctatus.
3343 5437 3582 5506 inquam,
3614 5440 3758 5502 apud

470 5511 554 5549 me
587 5505 701 5548 erat
742 5497 924 5551 anima
955 5516 1090 5551 mea.

1172 5501 1192 5531 θ
1231 5499 1556 5575 Ἐξίσῳσιὶ.
1590 5503 1748 5575 Prior
1805 5499 1969 5560 lectio
1999 5523 2064 5559 cr:

2165 5499 2379 5575 ζξίωσα.
2412 5499 2563 5560 ι’ἰιιιιο
2601 5517 2791 5575 autem
2846 5508 3054 5561 saniori
3086 5499 3423 5574 postponere
3452 5499 3756 5575 nonnobi-

470 5566 756 5645 lavimus,“
781 5569 1108 5645 auctoritate
1152 5569 1283 5645 eod.
1329 5572 1542 5645 l__Aug.
1575 5581 1628 5645 et
1691 5574 1989 5645 Colbertiui
2027 5566 2213 5639 illius,
2254 5576 2414 5645 cujus
2451 5576 2697 5629 meminit
2747 5574 2937 5635 Montl'.
2993 5578 3046 5630 in
3080 5566 3308 5645 Hexapl.
3355 5578 3418 5630 ad
3452 5577 3506 5631 h.
3557 5576 3593 5627 l.
3631 5574 3753 5630 Vizl.

470 5650 690 5717 imaque
718 5634 882 5717 Curii.
906 5638 949 5717 _|_.
985 5654 1033 5717 ρ.
1058 5655 1109 5707 p.
1144 5639 1301 5717 605._
1352 5642 1395 5672 ¹⁰
1419 5634 1786 5717 Πριιότηζος.
1844 5644 2008 5717 Hebr.

2165 5634 2384 5700 Γίειίοιῖίδ
2438 5646 2600 5717 cjus._
2657 5646 2697 5677 ¹¹
2739 5634 2827 5711 Τῷ
2882 5645 3021 5711 Θεῷ.
3056 5634 3408 5715 Ηθὺγ.’[υι·ιὶ.
3435 5646 3507 5700 Ita
3536 5662 3761 5715 quoque

469 5718 615 5757 Vers.
649 5704 703 5756 5.

472 5772 825 5841 σαφέστερον.

819 5706 861 5735 ¹¹
897 5709 1003 5763 Καί
1029 5706 1097 5750 -ἓ-
1118 5708 1443 5778 κρυτὰςροις
1468 5706 1654 5781 ’μουζ
1683 5706 1803 5768 Des.
1869 5716 1923 5768 in
1989 5727 2064 5771 te!

2173 5718 2342 5772 Hebr.
2419 5706 2626 5771 “'cod.
2687 5717 2710 5770 1
2768 5706 2916 5771 ναόν.
2972 5706 3041 5748 ’ίθ
3078 5706 3757 5785 Ἀπωλταοὶϋίιι.ἐεᾲιι.
