4128 6432
485 464 621 531 1905

1796 485 1824 544 Ι
1833 484 1874 544 .‘i
1920 486 2128 549 PSAL.
2160 490 2418 553 CXXXI.

3597 503 3735 571 1906

550 575 626 640 ς’.
659 594 678 627 ι
727 574 853 632 Ἰδοὺ
898 579 1218 651 ἠκούσαμεν
1249 586 1418 657 αὐτὴν
1442 589 1499 641 ὲν
1531 590 1795 662 Ἑφραθὰ,
1821 593 2049 666 εὕρομεν

2234 599 2396 656 Vsus.
2428 601 2480 656 6.
2529 620 2547 653 ι
2596 601 2734 658 Ecce
2773 604 3086 661 audivimus
3132 607 3308 676 ipsum
3362 608 3419 664 in
3470 606 3734 679 Ephrata,

476 668 649 738 αὐτὴν
699 672 758 723 ὲν
804 673 918 734 τοῖς
965 674 1171 738 πεδίοις
1208 676 1304 728 τοῦ
1353 678 1581 749 δρυμοῦ.
1627 701 1645 732 ι
1702 682 1964 738 Ἰκέτευεν
2012 686 2056 718 ⁸³

475 758 832 830 οἰκοδομῆσαι
870 764 995 817 ναὸν
1023 765 1101 836 τῷ
1130 766 1249 837 Θεῷ
1270 786 1285 801 ο
1319 772 1347 822 6
1375 770 1432 824 δὲ
1463 775 1760 845 μονογενὴς
1794 777 1889 831 τοῦ
1921 778 2056 832 Θεοῦ

477 851 653 917 Λόγος
688 855 753 907 ἐκ
793 856 1008 926 καρποῦ
1043 859 1145 927 τῆς
1185 859 1385 928 ὀσφύος
1424 864 1591 918 αὐτοῦ
1627 866 1763 920 νεὼν
1805 869 1984 939 ἑαυτῷ
2012 871 2056 901 ⁸⁸

475 941 722 1012 ἔμψυχόν
751 963 811 999 τε
848 948 942 1000 καὶ
986 949 1204 1017 λογικὸν
1243 954 1623 1025 οἰκοδομήσειν
1654 958 1937 1029 ὑπέσχετο.
1967 964 2057 1016 Διό

477 1052 644 1104 φησιν
673 1040 705 1107 ἡ
740 1042 1069 1111 προφητείαο
1110 1063 1129 1096 ι
1176 1046 1305 1099 Ἰδοὺ
1341 1049 1659 1119 ἠκούσαμεν
1680 1052 1850 1123 αὐτὴν
1878 1055 1937 1107 ὲν
1972 1055 2059 1109 Ἐ-

476 1127 683 1197 ιτραοὰ,
718 1130 954 1202 εῦρομεν
982 1135 1154 1206 αὐτὴν
1179 1139 1240 1190 ὲν
1268 1142 1380 1203 τοῖς
1404 1141 1613 1205 πεδίοις.
1634 1142 1731 1195 τοῦ
1759 1145 1988 1216 δρυμοῦ.
2034 1166 2051 1199 ι

489 1219 735 1289 Ἐφραθὰ
769 1223 888 1295 δὲή
934 1226 1030 1279 νῦν
1074 1231 1385 1303 καλουμένη
1432 1233 1679 1306 Βηθλεὲμ
1721 1237 2053 1308 ὠνομάζετο.

488 1310 638 1397 ξΕκεῖ
671 1315 782 1385 γὰρ
829 1318 871 1349 ¹⁷
907 1318 935 1369 6
977 1322 1253 1391 Δεσπότης
1298 1326 1495 1397 ἐτέχθη
1543 1329 1807 1397 Χριστὸς,
1850 1330 1909 1395 ὃς
1942 1333 2057 1395 τοῖς

485 1395 762 1467 Ἰουδαίοις
779 1405 839 1459 τὸ
861 1409 1061 1462 οἰκεῖον
1086 1411 1247 1482 σῶμα
1270 1395 1556 1481 ὑποδείξας
1578 1395 1770 1489 ἐφησεο
1795 1437 1814 1471 ι
1844 1421 2055 1476 Λύσατε

471 1490 567 1544 τὸν
602 1496 731 1549 ναὸν
773 1499 984 1560 τοῦτον,
1036 1521 1056 1554 ι
1092 1506 1326 1574 Δρυμοῦ
1353 1507 1412 1560 δὲ
1452 1510 1632 1564 πεδΙα
1670 1512 1827 1566 καλεῖ
1859 1515 1952 1567 τοῦ
1996 1516 2055 1568 ὲν

487 1583 886 1659 Ἱεροσολύμοις
925 1593 1056 1646 ναοῦ
1101 1595 1195 1649 τὸν
1224 1597 1409 1660 τόπον,
1441 1599 1648 1670 ἔρημον
1688 1602 1838 1666 ὄντα,
1880 1604 1923 1635 ¹⁸
1961 1605 2056 1658 καὶ

476 1677 788 1748 ἀεκοδομίαν
835 1684 937 1737 οὐκ
984 1685 1194 1754 ἔχοντα.
1252 1690 1398 1742 Ἐκεῖ
1437 1692 1546 1763 γὰρ
1590 1693 1680 1746 τὸν
1726 1694 2053 1763 όλοθρευτὴν

471 1770 706 1836 ἄγγελον
725 1773 814 1827 διὰ
846 1775 949 1845 τῆς
976 1777 1114 1848 πρὸς
1142 1779 1275 1836 Θεὸν
1310 1783 1548 1847 ἱκετείας
1575 1785 1815 1857 ἐπισχὼν
1834 1789 1861 1840 ό
1880 1788 2054 1859 μέγας

470 1861 659 1925 Δαϐὶδ,
699 1867 792 1917 καὶ
833 1867 1018 1938 βωμὸν
1054 1870 1275 1944 ἔστησε,
1318 1875 1414 1927 καὶ
1451 1876 1645 1929 Θυσίαν
1684 1882 2049 1949 προσήνεγκε,

473 1955 565 2007 καὶ
608 1959 688 2020 είς
721 1959 822 2031 τήν
851 1962 1145 2034 οἰκοδομὴν
1171 1966 1267 2019 τοῦ
1312 1967 1417 2021 νεὼ
1448 1970 1781 2040 ἀφιέρωσεν.
1834 1972 2053 2045 Ἐπειδὴ

469 2046 526 2099 δὲ
565 2048 661 2100 δύο
692 2054 911 2121 σκηναὶ,
953 2057 985 2125 ή
1023 2056 1124 2125 μὲν
1167 2059 1232 2111 ὲκ
1264 2059 1431 2113 λίθων
1464 2061 1560 2115 καὶ
1601 2062 1797 2129 ξύλων,
1832 2065 1866 2134 ή
1895 2065 1952 2117 δὲ
1989 2067 2054 2119 ἐκ

470 2138 727 2209 σώματος
774 2147 869 2198 καὶ
913 2147 1114 2218 ψυχῆς.
1165 2152 1260 2204 καὶ
1302 2154 1335 2221 ὴ
1391 2154 1490 2222 μὲν
1543 2156 1603 2207 ὲν
1655 2144 2053 2228 Ἰεροσολύμοις

467 2228 575 2282 ὑπὸ
608 2231 955 2300 Σολομῶντος
985 2238 1225 2306 ἐγένετο,
1261 2241 1361 2311 τὴν
1383 2243 1439 2296 δὲ
1479 2246 1538 2297 ὲν
1568 2246 1632 2314 τῇ
1677 2246 1926 2317 Βηθλεὲμ
1957 2248 2049 2302 τοῦ

464 2324 738 2389 παναγίου
762 2329 1079 2398 Πνεύματος
1103 2336 1135 2403 ἡ
1162 2333 1324 2403 χάρις
1343 2336 1612 2407 ὲξύφηνεν
1631 2356 1645 2370 ·
1669 2340 1721 2391 οἱ
1750 2340 2052 2411 τηνικαῦτα

460 2414 521 2467 δὲ
567 2417 815 2481 εὐσεϐεῖς
861 2421 962 2493 τὴν
1016 2424 1117 2492 μὲν
1166 2425 1373 2495 ἑώρων,
1427 2428 1526 2499 τὴν
1573 2429 1631 2483 δὲ
1673 2432 2046 2502 προσεδόκων’

463 2507 692 2569 είκότως
714 2512 742 2560 6
772 2514 1113 2582 προφητικὸς
1141 2516 1297 2584 λόγος
1321 2517 1424 2589 ἔφη
1450 2534 1464 2547 ·
1504 2538 1523 2570 ι
1569 2521 1701 2573 ’ἰδοὺ
1733 2523 2049 2593 ἠκούσαμεν

461 2598 634 2670 αὐτὴν
665 2604 724 2655 ὲν
774 2604 1039 2673 Ἐφραθὰ,
1080 2626 1098 2658 ι
1137 2609 1436 2673 τουτέστιν,
1469 2613 1575 2665 ὑπὸ
1607 2612 1701 2666 τοῦ
1732 2615 2048 2685 Πνεύματος

457 2695 557 2749 τοῦ
593 2698 752 2765 ἁγίου
794 2702 1172 2774 γενησομένην
1210 2706 1271 2755 ⁸³.
1297 2724 1317 2756 ι
1359 2704 1607 2774 Εὖρομεν
1648 2707 1817 2775 αὐτὴν
1846 2710 1905 2760 ὲν
1934 2711 2047 2772 τοῖς

459 2788 669 2851 πεδίοις
699 2789 793 2843 τοῦ
824 2791 1058 2860 δρυμοῦ.
1091 2813 1109 2844 ι
1133 2794 1239 2864 τὴν
1268 2795 1375 2848 ὑπὸ
1400 2796 1494 2849 τοῦ
1523 2796 1870 2866 Σολομῶντος
1903 2800 2047 2854 κατὰ

456 2880 558 2950 τὴν
582 2882 676 2934 τοῦ
703 2882 1022 2953 Πνεύματος
1039 2887 1491 2958 οἰκοδομηθεῖσαν
1515 2889 1829 2959 ὑπόσχεσιν.

529 3064 608 3130 ζ’.
652 3084 670 3116 ι
722 3068 1176 3140 Εἰσελευσὼμεοα
1211 3075 1290 3136 εἰς
1337 3075 1406 3128 τὰ
1461 3078 1799 3147 σκηνώματα
1845 3080 2033 3146 αὐτοῦ,

456 3161 931 3231 προσκυνήσωμεν
959 3164 1041 3224 είς
1082 3165 1172 3216 τὸν
1208 3166 1374 3217 τόπον
1426 3161 1486 3219 οὗ
1522 3168 1760 3239 ἔστησαν
1788 3174 1838 3225 οἱ
1882 3174 2044 3238 πόδες

2163 691 2476 748 invenimus
2523 694 2701 764 ipsum
2748 694 2801 748 iu
2848 699 3061 766 campis
3114 698 3284 753 silvaa.
3338 718 3356 753 ι
3404 699 3629 767 Orabat,
3679 716 3740 759 ut

2165 783 2274 838 Deo
2301 787 2562 856 templum
2594 788 2858 857 erigeret:
2885 790 2977 843 sed
3008 790 3348 861 unigenitum
3378 794 3468 848 Dei
3494 794 3735 851 Verbum

2158 892 2220 931 ex
2268 877 2446 934 fructu
2481 879 2649 933 lumbi
2689 880 2901 952 1507
2934 881 3054 951 ejus
3090 883 3189 937 sibi
3222 885 3523 940 animatum
3565 888 3736 941 ratio-

2160 969 2358 1036 nisque
2402 971 2681 1042 particeps
2714 973 2972 1042 templum
3021 970 3418 1031 :edilieaturum
3455 992 3579 1034 esse
3609 995 3735 1050 pro-

2159 1060 2328 1114 mis-it.
2365 1061 2711 1133 Quapropter
2742 1064 2875 1118 dicit
2915 1065 3271 1122 vaticinatio:
3327 1085 3345 1118 ι
3391 1066 3530 1124 Ecce
3574 1070 3732 1126 audi—

2160 1150 2340 1206 vimus
2392 1153 2567 1221 ipsum
2632 1154 2687 1208 in
2746 1153 3003 1225 Ephrata,
3064 1156 3376 1213 invenimus
3435 1160 3613 1230 ipsum
3677 1162 3733 1216 in

2159 1246 2367 1314 campis
2411 1245 2580 1300 silvm.
2638 1265 2657 1297 ι
2710 1248 2949 1316 Ephrata
3002 1260 3184 1303 autem
3238 1251 3353 1314 illa,
3407 1268 3530 1320 qua:
3586 1269 3737 1309 nunc

2159 1337 2462 1406 appellatur
2493 1338 2784 1402 Bethleem,
2814 1341 3220 1396 nominabatur.
3253 1342 3329 1397 ibi
3368 1345 3511 1398 enim
3547 1344 3734 1399 Domi-

2158 1444 2263 1482 nus
2296 1427 2551 1484 Christus
2586 1440 2750 1486 natus
2785 1441 2888 1497 est,
2923 1433 3015 1502 qui
3045 1431 3250 1488 ludatis
3288 1448 3490 1504 corpus
3521 1440 3540 1457 ‘
3573 1450 3731 1490 suum

2157 1522 2451 1574 ostendens
2478 1520 2651 1573 dixit:
2684 1538 2702 1570 ι
2744 1521 2953 1575 Solvite
2973 1523 3237 1590 templum
3273 1524 3378 1576 hoc
3403 1526 3486 1577 θ’.
3510 1524 3734 1594 Campos

2156 1621 2287 1661 vero
2314 1608 2463 1661 silva:
2487 1618 2643 1662 vocat
2675 1609 2854 1664 locum
2896 1611 3080 1680 templi
3111 1613 3610 1684 Hierosolymilani,
3643 1615 3735 1682 qui

2155 1700 2407 1755 desertus
2446 1709 2585 1761 erat,
2637 1710 2691 1756 et
2737 1702 3028 1756 aedilicium
3082 1703 3293 1757 nullum
3347 1705 3603 1759 habebat.
3659 1705 3739 1760 lbi

2155 1793 2299 1845 enim
2332 1808 2560 1860 magnus
2588 1790 2774 1857 David,
2810 1807 2934 1847 cum
2970 1795 3453 1850 exterminatorem
3484 1795 3738 1866 angelum

2155 1897 2253 1951 per
2284 1896 2475 1950 preces
2512 1880 2620 1935 Deo
2663 1882 2815 1937 fusas
2857 1883 3217 1947 cohibuisset,
3253 1891 3305 1938 et
3344 1899 3498 1937 aram
3531 1887 3734 1947 erexit,

2154 1980 2208 2026 et
2250 1972 2582 2027 sacriﬁcium
2622 1973 2842 2035 obtulit,
2882 1983 2934 2026 et
2975 1974 3154 2028 locum
3191 1975 3356 2028 istum
3389 1974 3737 2030 aedificationi

2156 2066 2340 2133 templi
2393 2066 2761 2121 consecravit.
2792 2066 3074 2131 .Quoniam
3124 2074 3304 2121 autem
3356 2067 3466 2121 duo
3518 2067 3739 2121 fuerunt

2156 2157 2532 2221 tabernacula,
2579 2171 2749 2211 unum
2808 2171 2873 2210 ex
2921 2156 3083 2226 lignis
3133 2156 3543 2226 lapidibusque,
3587 2157 3733 2212 aliud

2154 2264 2283 2304 vero
2328 2265 2393 2303 ex
2434 2264 2669 2319 corpore
2698 2259 2752 2303 et
2782 2249 2988 2308 anima,
3021 2256 3077 2302 et
3119 2248 3250 2303 illud
3284 2250 3506 2318 quidem
3539 2249 3735 2304 Hiero-

2155 2341 2376 2411 solyma:
2426 2355 2457 2395 a
2512 2340 2805 2393 Salomone
2859 2338 3139 2392 conditum
3188 2347 3291 2404 est,
3344 2339 3447 2392 hoc
3496 2352 3625 2393 vero
3678 2339 3732 2392 in

2154 2433 2428 2487 Bethleem
2475 2433 2649 2486 sancti
2697 2430 2939 2500 Spiritus
2989 2430 3161 2500 gratia
3203 2430 3504 2496 contexuit,
3541 2438 3593 2484 et
3640 2433 3731 2500 qui

2151 2539 2212 2577 ea
2242 2532 2563 2590 tempestate
2590 2521 2662 2590 pii
2686 2530 2865 2585 erant,
2884 2521 2987 2573 hoc
3014 2520 3234 2588 quidem
3258 2519 3576 2582 cernebant,
3600 2521 3734 2574 illud

2152 2630 2280 2669 vero
2314 2612 2706 2680 exspectabant
2740 2628 2753 2663 :
2796 2611 2919 2679 jure
2958 2608 3316 2677 propheticus
3355 2622 3538 2662 sermo
3563 2606 3730 2661 dicit:

2153 2727 2171 2757 ο
2217 2708 2356 2761 Ecce
2389 2705 2703 2759 audivimus
2737 2704 2917 2770 ipsum
2964 2701 3019 2752 in
3060 2699 3323 2767 Ephrata,
3364 2717 3383 2749 ι
3429 2697 3535 2753 hoc
3568 2708 3674 2760 est,
3701 2711 3735 2750 a

2147 2798 2351 2866 Spiritu
2391 2804 2585 2851 sancto
2624 2793 2978 2857 faciendum;
3029 2808 3046 2840 ι
3094 2787 3413 2845 Invenimus
3455 2788 3637 2858 ipsum
3676 2787 3733 2843 in

2147 2890 2354 2959 campis
2383 2889 2556 2950 silvae,
2595 2905 2612 2937 ι
2650 2884 2951 2939 secundum
2984 2879 3406 2951 promissionem
3439 2877 3678 2948 Spiritus
3701 2891 3737 2932 τι

2149 2982 2444 3037 Salomone
2478 2978 2831 3034 aediﬁcatum.

2221 3072 2383 3126 \‘Eus.
2436 3073 2487 3124 7.
2537 3088 2554 3119 ι
2611 3068 2959 3123 lntroeamus
3013 3068 3066 3121 in
3129 3064 3544 3121 tabernaculum
3588 3059 3732 3129 ejus,

2147 3171 2439 3223 adoremus
2500 3160 2551 3214 in
2611 3160 2731 3214 loco
2798 3159 2889 3211 ubi
2943 3164 3213 3212 steterunt
3271 3156 3437 3227 pedes
3490 3154 3633 3224 ejus.
3705 3171 3729 3207 ι

455 3251 643 3304 αὐτοῦ.
684 3271 702 3302 ι
738 3252 843 3307 Τὸν
869 3255 1063 3323 χρόνον
1083 3256 1366 3326 ἐνήλλαξε.
1405 3256 1640 3327 Λέγουσι
1666 3263 1744 3329 δὲ,
1773 3265 1859 3317 ὅτι
1895 3266 2043 3320 Ἐκεῖ

2151 3259 2387 3323 Tempus
2426 3249 2777 3323 permutavit.
2805 3248 3003 3302 Dicunt
3048 3255 3230 3300 autem
3265 3264 3278 3298 :
3324 3245 3435 3301 Nos
3475 3244 3606 3299 illuc
3645 3243 3735 3298 in-

455 3345 720 3409 είσιόντες
750 3348 1189 3419 προσκυνοῦμεν.
1229 3352 1378 3415 Θείας
1416 3356 1744 3423 ἐπιφανείας
1782 3361 1874 3411 τὸν
1907 3360 2042 3413 νεὼν

455 3436 725 3507 ἠξιῶσθαι
760 3441 1134 3506 πιστεύοντες.
1164 3446 1384 3516 Ταύτην
1411 3447 1522 3518 γὰρ
1550 3449 1661 3518 ἔχει
1690 3451 1930 3505 διάνοιαν
1958 3453 2041 3516 τὺ,

461 3548 479 3578 ι
521 3523 597 3580 Di)
634 3528 870 3599 ἔστησαν
900 3534 947 3585 οἱ
981 3533 1143 3595 πόδες
1178 3535 1367 3588 αὐτοῦ.
1408 3558 1425 3588 ι
1462 3539 1576 3591 Ούκ
1605 3539 1899 3609 ἀσώματον
1935 3542 2045 3613 γὰρ

459 3622 639 3690 μόνον,
665 3624 800 3676 ἀλλὰ
828 3626 921 3677 καὶ
942 3626 1324 3695 ὰπερίγραφον
1355 3631 1415 3683 τὸ
1438 3632 1591 3684 Θεῖον
1613 3627 1754 3686 εἶναι
1784 3635 2041 3689 πιστεύο-

458 3728 579 3781 μεν,
618 3713 1088 3784 Σωματικώτερον
1119 3718 1175 3769 δὲ
1219 3720 1251 3787 ή
1300 3720 1418 3772 θεία
1462 3722 1593 3790 περὶ
1634 3723 1802 3776 αὐτοῦ
1848 3726 2040 3794 Γραφὴ

452 3802 567 3855 δια)
579 3805 785 3872 έγεται,
812 3809 932 3868 ταῖς
949 3808 1322 3876 ἀνθρωπίναις
1344 3812 1534 3875 ἀκοαῖς
1561 3814 1837 3884 μετροῦσα
1858 3819 1902 3849 ²⁰
1916 3819 2043 3880 τοὺς

452 3895 668 3963 λόγους.

523 3997 592 4061 η’.
625 4010 646 4044 ι
696 3993 1010 4064 Ἀνάστηθι,
1041 3995 1236 4065 Κύριε,
1272 3999 1352 4061 εἰς
1380 3998 1480 4068 τὴν
1521 3999 1825 4053 ἀνάπαυσίν
1863 4019 1977 4057 σου.
2015 4022 2033 4055 ι

463 4082 789 4138 Ἀνάστασιν
810 4088 904 4138 τοῦ
930 4085 1068 4139 Θεοῦ
1097 4089 1140 4119 ⁸⁸
1167 4088 1395 4142 καλοῦσι
1424 4090 1522 4160 τὴν
1558 4093 1702 4145 κατὰ
1738 4094 1902 4162 νόμον
1941 4096 2037 4149 λα-

449 4171 663 4242 τρείαν,
692 4176 753 4227 ού
785 4175 993 4246 ταύτης
1030 4177 1318 4246 δεομένου,
1351 4179 1419 4251 [⁸⁸
1444 4181 1568 4234 οὐδὲ
1600 4183 1771 4255 ταύτῃ
1817 4188 2041 4257 ἐπιτερ-

451 4264 744 4336 πομένου,]
788 4266 926 4320 ἀλλὰ
957 4268 1068 4321 τῶν
1118 4272 1541 4340 προσφερόντων
1598 4274 1700 4345 τὴν
1757 4276 2040 4333 εὐσέϐειαν

449 4357 872 4427 ἀσπαζομένου·
906 4361 1002 4413 καὶ
1030 4363 1411 4432 παρακαλοῦσι
1442 4364 1499 4418 δὲ
1531 4361 1686 4430 αὖθις
1736 4369 1902 4422 αὐτοῦ
1941 4371 2040 4442 τήν

446 4448 610 4518 χάριν
638 4453 992 4521 ἐπιφανῆναι,
1026 4454 1120 4507 καὶ
1160 4453 1261 4527 τὴν
1287 4458 1559 4529 προτέραν
1595 4458 1780 4514 δοῦναι
1813 4461 1891 4532 τῷ
1927 4462 2038 4535 ναῷ

449 4543 835 4611 περιφάνειαν.
889 4564 908 4596 ι
959 4546 1032 4599 Σὺ
1065 4548 1164 4601 καὶ
1206 4550 1239 4618 ἡ
1279 4549 1515 4615 κιϐωτὸς
1550 4551 1647 4606 τοῦ
1692 4553 2040 4625 ἁγιάσματός

2152 3351 2324 3420 gressi
2376 3346 2694 3408 adoramus,
2739 3342 3024 3398 credentes
3063 3339 3325 3408 templum
3367 3338 3555 3393 divino
3598 3351 3734 3392 eon-

2155 3451 2342 3512 spcctu
2388 3439 2613 3510 dignum
2653 3436 2907 3490 effectum
2952 3447 3093 3487 esse.
3135 3430 3294 3486 Hunc
3329 3430 3475 3485 enim
3511 3444 3735 3485 sensum

2154 3536 2355 3589 habent
2403 3534 2529 3586 illa:
2589 3548 2606 3580 ι
2672 3526 2773 3583 Ubi
2832 3533 3102 3580 steterunt
3144 3526 3309 3594 pedes
3352 3522 3493 3592 ejus.
3543 3541 3563 3574 ι
3614 3520 3737 3575 Non

2154 3630 2318 3684 modo
2363 3628 2508 3681 enim
2563 3627 2681 3679 sine
2743 3638 2975 3691 corpore
3027 3620 3370 3675 divinitatem
3431 3631 3587 3676 esse,
3642 3615 3735 3670 sed

2151 3722 2314 3775 etiam
2354 3715 2892 3784 incircumscriptam
2927 3713 3227 3768 credimus.
3254 3709 3334 3763 Ad
3372 3710 3595 3764 modum
3635 3722 3736 3761 au-

2153 3821 2258 3866 tem
2302 3808 2550 3878 corporis
2589 3807 2773 3862 divina
2827 3802 3105 3866 Scriptura
3154 3803 3222 3855 de
3281 3800 3401 3868 ipso
3454 3797 3732 3867 loquitur,

2150 3902 2408 3959 humanis
2436 3901 2667 3955 auribus
2691 3912 3001 3953 sermonem
3044 3892 3260 3964 1508
3281 3888 3728 3946 accommodans.
3807 3928 3813 3931 -

2220 3991 2385 4047 Vens.
2434 3992 2486 4046 8.
2538 4008 2556 4039 ί
2611 3989 2805 4057 Surge,
2844 3984 3092 4047 Domine,
3120 3985 3188 4037 ad
3227 3981 3469 4051 requiem
3501 3988 3672 4035 tuam.
3705 3999 3726 4031 ο

2150 4074 2632 4142 Resurrcctionem
2676 4081 2767 4134 Dei
2811 4089 3010 4132 vocant
3051 4077 3260 4133 cultum
3307 4073 3612 4129 secundum
3651 4074 3729 4126 le-

2148 4197 2294 4252 gem,
2325 4194 2432 4233 non
2481 4180 2583 4231 hoc
2621 4173 2936 4243 indigentis,
2966 4171 3103 4243 [nec
3135 4168 3557 4223 oblectationem
3604 4165 3732 4219 inde

2147 4269 2474 4345 capientis],
2511 4267 2607 4323 sed
2631 4265 2979 4321 oﬂ‘erentium
3026 4264 3280 4333 pietatem
3314 4259 3729 4329 amplectentis:

2146 4374 2201 4420 et
2232 4365 2546 4422 obsecrant.
2585 4368 2643 4412 ut
2672 4357 2794 4427 eius
2823 4355 2996 4424 gratia
3023 4354 3220 4407 iterum
3252 4360 3529 4421 appareat,
3565 4358 3734 4420 utque

2144 4457 2442 4528 pristinum
2487 4450 2834 4521 splendorem
2881 4446 3084 4515 templo
3134 4445 3416 4515 largiatur.
3467 4460 3486 4494 ι
3547 4439 3626 4494 Tu
3679 4450 3733 4496 et

2132 4556 2273 4607 'arca
2328 4543 2783 4605 sanctiﬁcationis
2841 4550 2965 4596 tuae.
3027 4559 3046 4592 ι
3102 4536 3369 4605 Quoniam
3402 4535 3458 4590 in
3514 4533 3733 4591 Sanctis

454 4649 570 4685 σου.
604 4634 651 4665 ¹³
679 4653 699 4685 ι
748 4634 964 4704 Ἐπειδὴ
997 4639 1057 4691 ὲν
1083 4638 1197 4702 τοῖς
1238 4636 1442 4705 Ἀγίοις
1466 4641 1580 4695 τῶν
1618 4643 1840 4715 ἁγίωνή
1872 4646 2043 4701 κιϐω-

2151 4652 2466 4705 sanctorum
2505 4653 2632 4694 arca
2681 4635 2863 4692 stabat
2905 4632 3118 4687 tabulas
3152 4630 3288 4699 legis
3322 4628 3554 4691 habens,
3602 4627 3733 4683 huic

448 4723 544 4787 τὸς
572 4724 750 4778 ἔκειτο
790 4727 889 4789 τὰς
927 4727 1144 4790 πλάκας
1170 4728 1372 4799 ἔχουσα
1405 4730 1500 4784 τοῦ
1547 4734 1738 4804 νόμου,
1781 4736 2037 4792 ἐπέκειτο

447 4817 506 4870 δὲ
545 4817 718 4888 ταύτῃ
755 4818 816 4870 τὸ
861 4818 1194 4891 ἱλαστήριον,
1229 4820 1298 4874 δι’
1344 4824 1555 4877 ἐκείνου
1597 4826 1653 4879 δὲ
1682 4826 1761 4896 τῷ
1789 4829 2041 4901 ἀρχιερεῖ

451 4908 752 4978 μηνύματά
783 4926 906 4964 τινα
939 4910 1038 4978 τῆς
1075 4909 1227 4974 θείας
1258 4913 1584 4982 ἐπιφανείας
1617 4914 1848 4984 ἐγίνετο,
1888 4920 2037 4973 εἰκό-

445 5017 558 5064 τως
592 5001 966 5071 ἐμνημόνευσε
999 5003 1094 5070 τῆς
1124 5002 1379 5058 κιϐωτοῦ.
1429 5005 1486 5057 Ὁ
1515 5006 1647 5071 Θεὸς
1666 5008 1777 5078 γὰρ
1806 5012 2038 5081 ποιήσας

447 5094 542 5147 τὸν
582 5092 817 5163 οὐρανὸν
853 5096 948 5146 καὶ
988 5093 1087 5163 τὴν
1131 5095 1256 5164 γῆν,
1286 5096 1430 5151 κατὰ
1472 5098 1573 5166 τὴν
1611 5099 1707 5152 τοῦ
1755 5104 2032 5174 μακαρίου

448 5184 664 5238 Παύλου
697 5186 901 5257 φωνὴν,
927 5188 1027 5241 οὐκ
1059 5190 1117 5241 έν
1145 5191 1548 5261 χειροποιήτοις
1578 5193 1727 5255 ναοῖς
1763 5198 2031 5250 κατοικεῖ.

446 5277 605 5333 Οὕτω
654 5279 711 5333 δὲ
752 5282 847 5334 καὶ
895 5283 923 5335 6
963 5282 1127 5350 σοφὸς
1155 5282 1507 5354 προσηύξατο
1536 5285 1821 5358 Σολομὼνο
1856 5306 1876 5339 ι
1915 5288 1975 5341 Ei
2007 5290 2035 5341 6

516 5478 558 5507 °'
586 5476 745 5533 Joan.
776 5495 836 5542 ll,
868 5480 954 5535 19.
1034 5491 1061 5530 Ρ
1093 5481 1213 5535 Aet.
1260 5499 1390 5546 xm,
1422 5484 1529 5548 24;
1572 5485 1699 5540 coll.
1733 5485 1899 5541 Hebr.
1954 5502 2030 5552 Ix,
2084 5486 2169 5540 ll.

2143 4749 2327 4795 autem
2385 4731 2707 4788 imminebat
2752 4724 3212 4798 propitiatorium,
3258 4739 3356 4793 per
3410 4722 3543 4777 illud
3602 4736 3732 4776 vero

2140 4828 2388 4903 pontiﬁci
2435 4826 2640 4880 indicia
2682 4819 2933 4886 quaedam
2973 4817 3142 4871 divini
3189 4816 3457 4871 adventus
3504 4814 3727 4878 licbant,

2137 4922 2263 4991 jure
2301 4932 2443 4973 arcas
2479 4912 2747 4969 meminit.
2776 4909 2914 4963 Nam
2955 4906 3119 4967 Deus,
3157 4907 3250 4976 qui
3289 4906 3417 4962 fecit
3445 4906 3643 4959 coelum
3674 4914 3731 4959 et

2142 5024 2367 5078 terram,
2416 5008 2719 5065 secundum
2770 5003 2912 5058 beati
2964 4999 3121 5054 Pauli
3172 5015 3362 5052 vocem
3408 5009 3456 5062 Ρ,
3504 5012 3612 5049 non
3673 4996 3726 5050 iu

2142 5119 2306 5158 manu
2370 5100 2529 5157 factis
2581 5096 2800 5166 templis
2850 5092 3081 5147 habitat.
3133 5088 3226 5145 Sic
3282 5090 3445 5144 etiam
3504 5088 3728 5156 sapiens

2142 5195 2366 5250 Salomo
2408 5200 2663 5263 precatus
2693 5199 2778 5244 est
2817 5205 2830 5242 :
2871 5204 2890 5239 ι
2935 5183 2994 5240 Si
3034 5185 3233 5240 caelum
3275 5194 3329 5239 et
3367 5182 3564 5238 malum
3600 5182 3726 5236 σαιιί

2145 5301 2254 5340 non
2287 5284 2559 5341 suliicient
2582 5283 2679 5338 tibi
2704 5293 2754 5336 τι.
2791 5300 2809 5335 ι
2848 5279 2963 5337 Hoc
2995 5281 3157 5336 etiam
3190 5279 3303 5348 ipse
3336 5274 3722 5329 universorum

2250 5496 2276 5536 (1
2310 5485 2354 5540 ΙΙ
2396 5485 2576 5540 Paral.
2618 5499 2691 5551 vr,
2742 5486 2827 5539 l8.

1549 5640 1784 5696 VARIIE
1827 5641 2214 5698 LECTIONES
2265 5643 2355 5701 ΕΤ
2382 5643 2617 5702 ΝΟΤᾸΣ.

517 5777 578 5856 ‘1
603 5777 950 5856 ,Ἱκέῑςε-υεκ..
984 5780 1095 5856 ih.__
1118 5796 1306 5856 prtem.
1366 5783 1397 5833 6
1437 5778 1661 5856 μὲνοῦν
1696 5784 1966 5856 μακάριος
2015 5786 2049 5837 Δ

2151 5784 2197 5840 6.
2265 5785 2309 5817 ⁸⁸
2382 5783 2740 5856 Ἑαυτῷ.-ιη
2798 5780 2920 5837 cod.
2978 5773 3713 5856 lponiturdpostquixdv.

449 5847 675 5917 "il‘dp.
714 5848 846 5904 ibid.
896 5850 973 5904 δέ.
1055 5851 1098 5882 ¹⁸
1125 5847 1339 5904 Ὄντα.
1371 5847 1492 5907 cod.
1534 5854 1557 5906 1
1597 5847 1724 5909 add.
1766 5847 1951 5908 πάλιν.

2059 5856 2101 5888 ¹⁹
2131 5855 2583 5923 Γενησομένην.
2620 5854 2693 5907 ib.
2729 5849 3164 5923 θοίνῃ-σκηνήν.

3264 5847 3310 5882 ²⁰
3348 5845 3470 5899 eod.
3508 5847 3529 5898 l
3583 5860 3711 5914 μει-

459 5916 630 5973 ιοῦσα.
707 5919 751 5951 ¹¹
790 5920 959 5975 Θεοῦ.
1040 5921 1113 5975 ib.
1147 5923 1398 5990 sequitur
1445 5922 1623 5994 ἡμῶν.
1702 5926 1746 5957 ²¹
1780 5926 1818 5978 Ε
1850 5925 1974 5981 cod.
2011 5926 2031 5978 l

2151 5927 2158 5957 '
2188 5916 2298 5981 Τοῦ
2333 5916 2701 5997 ἀξιιάοέματός
2731 5916 2868 6000 opu.
2896 5918 3061 5977 llebr.
3097 5916 3320 5974 Roboris
3357 5917 3455 5971 tui.
