4128 6436
430 476 572 542 1907

1425 469 1920 532 TlIEODORETI
1946 462 2293 529 EPISCOPI
2320 461 2692 522 CYRENSIS

3561 457 3702 523 1908

430 584 574 641 Deus
597 583 702 638 ait:
736 600 753 634 ι
788 581 1000 638 Caelum
1024 580 1182 636 sedes
1206 597 1272 634 ιιι.
1295 596 1324 635 a
1360 591 1464 643 est,
1498 594 1644 634 terra
1674 588 1851 632 autem
1884 590 2006 629 sea-

2130 570 2365 639 ιύρανδς,
2400 568 2497 623 καὶ
2535 571 2563 622 6
2597 565 2832 638 οὐρανὸς
2865 565 2959 619 τοῦ
2989 565 3225 636 οὐρανοῦ
3258 565 3359 618 οὐκ
3410 566 3717 636 ἀρκέσουσί

429 677 633 733 bellum
672 674 867 745 pedum
908 688 1174 729 meorum.
1208 671 1380 739 Quam
1412 671 1635 725 domum
1670 666 2009 725 mditicabitis

430 768 604 822 mihi?
638 778 732 821 aut
759 766 885 836 quis
916 766 1065 821 locus
1087 765 1292 834 requiei
1325 779 1456 817 meae
1486 773 1568 817 est
1599 772 1619 801 τ
1641 762 1664 815 ?
1684 764 1700 783 ‘

504 1024 668 1081 Vens.
707 1027 760 1079 9.
800 1046 817 1077 ι
872 1024 1198 1080 Sacerdotes
1239 1021 1318 1075 tui
1352 1021 1649 1073 inducatur
1687 1014 1927 1085 jnstitia,
1964 1024 2016 1067 et

433 1123 611 1180 sancti
657 1121 732 1176 tui
783 1118 1150 1175 exsultatione
1186 1113 1562 1171 exsultabunt.
1620 1129 1638 1160 ι
1689 1107 1805 1163 Hoc
1844 1107 2012 1171 enim,

433 1216 529 1280 ait,
561 1212 824 1282 perfecto,
859 1219 914 1265 et
951 1210 1117 1263 domo
1147 1214 1450 1271 exstructa,
1481 1212 1536 1257 et
1573 1217 1699 1256 arca
1732 1213 1930 1255 rursus
1963 1198 2017 1253 in

434 1308 612 1380 adytis
645 1307 849 1377 posita,
884 1304 1199 1361 sacerdotes
1234 1300 1457 1372 quidem
1499 1312 1613 1351 rem
1652 1294 1891 1349 divinam
1932 1308 2019 1348 se-

434 1402 675 1457 cundum
707 1400 879 1470 legem
914 1397 1177 1452 facientes
1205 1392 1690 1464 jnstiticabuntur:
1725 1388 1853 1458 quia
1891 1402 2020 1442 vero

435 1492 789 1549 sacerdotalis
804 1489 1090 1561 dignitatis
1103 1487 1333 1541 minime
1344 1483 1532 1554 partiei
1542 1499 1633 1553 pes
1646 1492 1794 1548 sunt,
1810 1480 2022 1552 pietatis

438 1596 621 1640 autem
655 1589 785 1638 sunt
842 1581 1098 1643 studiosi,
1147 1578 1296 1632 omni
1333 1577 1516 1631 laetitia
1558 1575 1947 1643 intplebuntur.

510 1737 675 1793 Vens.
706 1737 791 1792 10.
835 1754 852 1788 ι
897 1735 1125 1804 Propter
1155 1734 1411 1788 Davidem
1444 1748 1662 1786 servum
1697 1740 1872 1794 tuum,
1914 1746 2023 1783 non

443 1839 658 1886 avertas
698 1827 894 1884 faciem
956 1827 1114 1885 Uncti
1152 1827 1249 1882 tui.
1302 1845 1321 1877 ι
1375 1824 1608 1881 Unctum
1655 1825 1760 1878 hoc
1801 1824 1854 1876 in
1904 1822 2026 1875 loco

2114 679 2217 715 σοι.
2259 682 2279 714 ι
2319 660 2490 714 Τοῦτο
2521 660 2617 713 καὶ
2654 659 2815 722 αὐτὸς
2846 659 2874 712 6
2904 658 3012 711 τῶν
3055 658 3194 712 ὅλων
3236 658 3345 727 ἐφη
3387 657 3520 721 Θεός
3542 672 3555 685 ·
3592 675 3611 709 ι
3646 657 3707 710 '0

2113 753 2343 825 οὐρανός
2387 770 2477 823 μοι
2512 752 2727 823 θρόνος,
2762 753 2796 821 ἡ
2825 750 2883 804 δὲ
2917 751 2990 821 γῆ
3031 750 3329 803 ὑποπόδιον
3367 748 3477 802 τῶν
3525 749 3707 802 ποδῶν

2118 863 2243 916 μου.
2283 845 2444 897 Ποῖον
2468 838 2618 896 οἷκον
2659 840 3050 911 οἰκοδομήσετέ
3083 858 3209 911 μοις
3241 840 3276 911 ἢ
3310 838 3394 904 τίς
3413 837 3580 903 τόπος
3607 837 3711 905 τῆς

2116 934 2518 998 καταπαύσεώς
2554 934 2657 1005 μού
2684 936 2872 999 tactv;
2908 951 2925 983 ι

2188 1029 2253 1081 0'.
2287 1047 2305 1079 ι
2345 1028 2407 1080 Oi
2444 1027 2609 1097 ίερεῖς
2633 1042 2727 1078 σου
2755 1024 3066 1079 ὲνδύσονται
3092 1022 3463 1094 δικαιοσύνην,
3517 1022 3610 1076 καὶ
3661 1022 3709 1076 οε

2119 1119 2254 1174 ὅσιοί
2284 1136 2379 1172 σου
2413 1116 2859 1187 ἁγαλλιάσονται.
2902 1135 2920 1168 ι
2955 1114 3160 1169 Τούτου
3192 1114 3259 1178 ’⁸,
3293 1116 3448 1185 φησι,
3490 1113 3716 1184 γινομέ-

2120 1231 2234 1280 νου,
2273 1213 2368 1268 καὶ
2410 1210 2835 1282 ᾠκοδομημένου
2867 1207 2964 1262 τοῦ
2994 1209 3181 1269 οῐκου,
3212 1208 3309 1262 καὶ
3337 1207 3443 1278 τῆς
3472 1205 3713 1261 κιϐωτοῦ

2126 1306 2290 1362 πάλιν
2325 1302 2621 1373 τιθεμένης
2656 1304 2715 1355 έν
2758 1303 2872 1363 τοῖς
2913 1298 3154 1363 ἀδύτοις,
3177 1302 3227 1353 0i
3280 1300 3381 1369 μὲν
3419 1301 3583 1368 ίερεῖς
3614 1300 3716 1368 τὴν

2124 1398 2268 1453 κατὰ
2307 1396 2478 1467 νόμον
2521 1393 2900 1455 ἐπιτελοῦντες
2936 1392 3196 1463 λατρείαν
3224 1391 3716 1460 δικαιωθήσονται,

2122 1494 2173 1544 0i
2228 1490 2286 1542 δὲ
2333 1492 2432 1560 τῆς
2485 1488 2582 1557 μὶν
2630 1486 2918 1556 ἱερατικῆς
2971 1486 3032 1538 οὐ
3090 1485 3483 1555 μετειληφότες
3532 1482 3716 1547 ἀξίας,

2124 1582 2408 1645 εὐσεϐείας
2434 1581 2492 1633 δὲ
2515 1582 2666 1649 ὅμως
2687 1578 3135 1648 πεφροντικότες,
3163 1579 3346 1649 πάσης
3366 1576 3716 1648 εὐφροσύνης

2126 1673 2533 1744 πλησθὴσονται
2545 1713 2557 1725 .

2198 1774 2248 1821 ι’.
2274 1787 2290 1818 ι
2318 1767 2548 1819 Ἕνεκεν
2567 1765 2731 1820 Δαόὶδ
2756 1766 2849 1819 τοῦ
2887 1767 3078 1820 δούλου
3117 1781 3234 1827 σου,
3263 1763 3337 1833 μὴ
3366 1759 3720 1831 ἀποστρέψης

2125 1860 2186 1913 τὸ
2226 1858 2525 1930 πρόσωπον
2563 1857 2657 1909 τοῦ
2685 1857 2923 1928 Χριστοῦ
2976 1875 3094 1911 σου.
3137 1876 3157 1908 ι
3196 1854 3458 1923 Χριστόν
3490 1850 3723 1905 ἐνταῦθα

442 1938 671 1995 regnum
697 1930 997 1991 nuncupat.
1030 1921 1092 1974 Et
1119 1918 1334 1990 1509
1350 1919 1478 1988 quia
1504 1930 1631 1973 tunc
1653 1932 1843 1972 eorum
1870 1930 2025 1985 reges

2130 1951 2229 2021 τὴν
2257 1918 2534 2020 βασιλείαν
2565 1918 2748 2003 καλεῖ.¹
2776 1949 2883 2002 Καὶ
2911 1950 3102 2019 ἐπειδὴ
3143 1918 3433 2006 δυσσεϐεῖς
3479 1944 3527 1995 οἱ
3564 1959 3717 2010 τηνι-

442 2014 594 2085 impii
631 2024 811 2076 erant,
840 2022 1060 2084 propter
1093 2011 1352 2066 Davidem
1380 2019 1558 2076 orant,
1589 2026 1652 2062 ne
1676 2009 1825 2077 regni
1853 2022 2023 2077 genus

441 2106 847 2177 exstinguatur.
894 2103 1098 2158 Deinde
1115 2103 1181 2157 de
1224 2101 1687 2171 promissionibus
1727 2099 1887 2155 factis
1929 2098 2023 2151 ad~

442 2206 690 2253 monent.

514 2287 680 2345 Vens.
730 2288 812 2344 il.
864 2307 882 2340 ι
918 2286 1132 2343 Juravit
1179 2286 1444 2341 Dominus
1476 2284 1668 2340 Davidi
1713 2283 2019 2347 veritatem,

442 2392 497 2439 et
518 2398 627 2438 non
662 2381 1023 2439 frustrabitur
1054 2396 1199 2436 eam.
1243 2399 1260 2431 ι
1305 2379 1499 2445 Verax,
1535 2379 1631 2444 ait,
1673 2386 1756 2433 est
1790 2377 1881 2432 ille
1930 2377 2022 2448 qui

442 2473 726 2545 pollicitus
754 2482 861 2539 est,
896 2473 1254 2542 veritatisque
1299 2470 1421 2527 fons
1454 2481 1561 2534 est,
1606 2480 1659 2526 et
1696 2469 1810 2525 lieri
1848 2470 2023 2524 haud-

442 2581 723 2639 quaquam
757 2573 958 2638 potest,
1002 2564 1134 2635 quin
1190 2563 1515 2634 pollicitatio
1557 2577 1714 2617 suum
1762 2563 2026 2618 sortiatur

443 2659 633 2717 ﬁnem.
691 2678 711 2712 ι
750 2657 826 2712 De
861 2656 1045 2714 fructu
1082 2657 1290 2712 ventris
1325 2657 1403 2710 tui
1444 2671 1644 2726 ponam
1681 2670 1843 2726 super
1875 2654 2028 2708 thro-

443 2765 577 2806 num
632 2758 808 2805 tuum.
853 2766 871 2800 ι
945 2745 1063 2803 Una
1120 2747 1342 2816 quidem
1395 2745 1691 2817 promissio
1743 2745 1859 2800 hzec
1919 2752 2022 2809 est,

442 2850 500 2898 et
555 2841 720 2897 tinem
782 2838 997 2895 habuit.
1055 2837 1175 2893 Non
1226 2839 1377 2894 solus
1423 2837 1569 2894 enim
1631 2835 1873 2900 Salomo,
1930 2835 2026 2891 sed

444 2934 608 2989 etiam
639 2931 735 3002 qui
765 2947 833 2987 ex
868 2929 1166 2986 Salomone
1206 2930 1474 2998 originem
1511 2936 1813 2991 traxerunt,
1850 2928 2027 2998 regios

444 3025 683 3080 thronos
728 3022 1109 3079 obtinuerunt.
1162 3019 1582 3075 Vaticinationis
1640 3034 1804 3089 porro
1866 3019 2026 3072 tinem

443 3119 713 3179 Dominus
776 3117 1039 3176 Christus
1087 3116 1461 3183 conﬁrmavit,
1524 3114 1746 3169 Davidis
1799 3128 2027 3182 regnum

445 3212 835 3269 corroborans.
886 3208 1003 3266 Hoc
1051 3210 1199 3266 enim
1236 3218 1289 3263 et
1335 3208 1530 3263 beatus
1569 3206 1902 3261 vaticinatus
1946 3213 2030 3260 est

447 3305 621 3369 Isaias
672 3320 685 3356 :
740 3320 759 3354 ι
797 3300 1073 3368 Quoniam
1111 3314 1247 3369 puer
1297 3308 1460 3353 natus
1512 3305 1597 3353 est
1644 3296 1826 3360 nobis,
1873 3296 2031 3365 cujus

446 3396 741 3467 imperium
781 3408 946 3463 super
979 3393 1209 3446 humero
1250 3392 1398 3462 ejus,
1445 3399 1501 3445 et
1551 3397 1781 3445 vocatur
1835 3402 2032 3443 nomen

448 3489 574 3557 ejus
606 3484 793 3554 magni
826 3483 1046 3539 consilii
1081 3482 1333 3551 angelus,
1376 3482 1739 3544 admirabilis,
1776 3479 2036 3536 consilia-

452 3577 592 3645 rius,
642 3574 788 3630 Deus
835 3572 1017 3638 fortis,
1070 3581 1284 3644 potens,
1340 3572 1595 3643 princeps
1644 3571 1833 3641 pacis,
1882 3579 2037 3641 pater

452 3667 625 3725 futuri
670 3666 883 3733 saeculi,
929 3681 1089 3723 amen
1116 3676 1161 3720 s.
1204 3684 1223 3717 ι
1272 3664 1339 3723 Ει
1388 3664 1553 3736 paulo
1599 3673 1741 3735 post.
1804 3682 1824 3716 ι
1861 3663 2037 3734 Super

452 3764 653 3820 throno
686 3762 907 3821 Davidis
935 3771 990 3818 et
1017 3777 1183 3833 super
1213 3776 1385 3833 regno
1405 3760 1526 3831 ejus
1555 3760 1787 3822 sedebit.
1824 3769 1883 3815 ut
1910 3774 2037 3815 cor-

450 3856 594 3928 rigat
625 3854 786 3921 illud,
828 3854 897 3910 ab
928 3854 1035 3911 hoc
1079 3853 1210 3909 inde
1247 3864 1495 3924 tempore
1526 3868 1702 3923 usque
1748 3851 1804 3906 in
1841 3865 2037 3922 perpe-

452 3959 632 4004 tuum.
698 3965 721 3999 ι
782 3946 936 4002 lianc
982 3946 1207 4018 quidem
1257 3945 1745 4017 pollicitationem,
1784 3953 1846 4004 ut
1891 3943 2035 4008 dixi,

451 4038 724 4095 Dominus
758 4038 1014 4094 Christus
1056 4037 1408 4095 conﬁrmavit
1444 4054 1456 4091 :
1501 4037 1731 4092 alteram
1764 4049 1891 4092 vero
1923 4049 2035 4089 non

454 4128 868 4185 interminatam
899 4128 1045 4184 Deus
1076 4128 1247 4184 dedit.
1285 4127 1428 4183 Dicit
1460 4137 1644 4183 autem
1677 4128 1759 4181 sic
1791 4145 1805 4181 :

529 4220 696 4277 Vens.
736 4220 827 4276 l2.
864 4239 883 4272 ι
927 4219 984 4276 Si
1016 4219 1382 4276 custodierint
1408 4218 1506 4273 ﬁlii
1539 4219 1618 4274 tui
1649 4226 2036 4275 testamentum

454 4330 664 4383 meum,
706 4323 763 4371 et
808 4313 1126 4370 testimonia
1165 4326 1285 4368 mea
1327 4311 1461 4375 haec,
1511 4325 1635 4382 qum
1674 4310 1889 4366 docebo
1922 4323 2037 4377 eos,

453 4417 509 4462 et
535 4407 632 4464 lilii
668 4421 862 4464 eorum
914 4419 1091 4476 usque
1141 4406 1197 4459 in
1255 4403 1516 4459 saeculum
1565 4402 1833 4459 sedebunt
1875 4417 2040 4473 super

455 4501 657 4555 throno
696 4508 813 4554 tuo.
854 4517 875 4551 ι
920 4495 1072 4553 Talis
1111 4496 1279 4565 igitur
1325 4493 1546 4551 Domini
1595 4494 1890 4565 promissio
1931 4502 2037 4559 est,

2128 2042 2305 2097 καῦτα
2337 2042 2520 2097 αὐτῶν
2562 2038 2704 2112 ἦσαν
2748 2041 3007 2111 βασιλεῖς,
3041 2040 3130 2094 διὰ
3177 2038 3266 2092 τὸν
3307 2036 3469 2089 Δασιδ
3508 2033 3722 2099 ἀξιοῦσι

2130 2134 2206 2204 μὴ
2249 2133 2557 2203 ἀποσϐῆναι
2587 2133 2688 2203 τῆς
2739 2131 3018 2202 βασιλείας
3062 2130 3123 2185 τὸ
3189 2128 3372 2196 γένος.
3426 2121 3558 2179 Εἶτα
3609 2123 3724 2176 τῶν

2126 2242 2322 2296 γεγινη
2332 2226 2509 2295 μένων
2547 2226 2715 2294 ἀναμι
2724 2225 2829 2295 μνη
2842 2241 2971 2276 σκου
2979 2240 3032 2276 σι
3066 2223 3096 2276 ὑ
3106 2222 3270 2290 ποσχέ
3278 2237 3437 2272 σεων.

2201 2324 2292 2371 ια’.
2335 2337 2354 2369 ι
2400 2318 2605 2386 Ὢμοσε
2643 2317 2853 2387 Κύριος
2888 2314 2965 2386 τῷ
3005 2313 3171 2367 Δαϐὶδ
3204 2312 3488 2381 ἀλήθειαν,
3530 2309 3625 2361 καὶ
3659 2309 3722 2361 οὐ

2132 2410 2207 2482 μὴ
2243 2409 2499 2481 ἀθετήσει
2550 2408 2743 2478 αὐτήν.
2786 2425 2807 2459 ι
2846 2405 3130 2476 Ἀψευδὴς,
3181 2405 3367 2474 φησιν,
3413 2403 3442 2454 6
3487 2400 3726 2469 ὑποσχᾶ-

2131 2517 2316 2573 μενος,
2344 2500 2441 2553 καὶ
2497 2498 2761 2569 ἀληθείας
2819 2498 3055 2569 ὑπάρχει
3095 2495 3267 2564 πηγὴ,
3307 2493 3402 2547 καὶ
3444 2490 3556 2544 τῶν
3593 2491 3696 2543 άδο

2130 2595 2314 2648 νάτων
2346 2594 2421 2662 μὴ
2461 2591 2640 2664 πέρας
2663 2589 2852 2644 λαὸεϊν
2872 2589 2972 2661 τὴν
3002 2587 3319 2656 ὑπόσχεσιν.
3359 2585 3488 2637 «Ἐκ
3505 2580 3726 2653 καρποῦ

2127 2686 2230 2756 τῆς
2253 2684 2464 2747 κοιλίας
2493 2699 2589 2737 σου
2623 2682 2863 2754 θήσομαι
2900 2680 2995 2733 ἐπὶ
3026 2680 3119 2732 τὸν
3158 2677 3353 2747 θρόνον
3386 2691 3498 2728 σου.
3548 2692 3568 2726 ι
3608 2674 3726 2726 Μία

2132 2778 2233 2850 μὲν
2257 2777 2551 2847 ὑπόσχεσις
2582 2774 2747 2845 αὕτη,
2779 2774 2874 2827 καὶ
2906 2772 2968 2825 τὸ
2993 2772 3171 2843 πέρας
3201 2768 3443 2832 ἐδέξατο.
3496 2766 3573 2820 Οὐ
3611 2765 3727 2833 γὰρ

2132 2873 2293 2943 μόνος
2315 2866 2591 2939 Σολομὼν,
2624 2865 2764 2922 ἀλλὰ
2790 2865 2886 2919 καὶ
2912 2866 2961 2918 οί
2996 2866 3060 2916 ὲκ
3085 2861 3453 2927 Σολομῶντος,
3488 2857 3598 2911 τῶν
3628 2855 3732 2926 βα-

2133 2961 2355 3017 σιλικῶν
2426 2958 2742 3031 ἠξιώθησαν
2781 2956 3009 3027 θρόνων.
3053 2956 3127 3007 Τὸ
3162 2954 3219 3007 δὲ
3255 2951 3408 3014 τέλος
3448 2949 3548 3018 τῆς
3594 2948 3731 3000 ὑπο-

2134 3053 2381 3123 σχέσεως
2408 3052 2436 3104 ό
2476 3051 2760 3120 Δεσπότης
2797 3046 3034 3117 Χριστὸς
3068 3044 3392 3105 ὲὸεόαίωσε,
3413 3039 3508 3094 τοῦ
3561 3036 3732 3094 mea

2134 3144 2413 3217 κρατύνας
2465 3142 2565 3213 τὴν
2602 3140 2905 3210 βασιλείαν.
2938 3136 3110 3191 Τοῦτο
3150 3134 3261 3205 γὰρ
3283 3133 3378 3186 καὶ
3405 3134 3434 3185 6
3456 3128 3730 3199 μακάριος

2058 3262 2103 3322 c
2136 3236 2535 3322 προεθέσπισεν
2566 3232 2861 3322 Ἡσαΐας-ι
2882 3231 3006 3284 Ὀτι
3035 3225 3247 3281 παιδίον
3276 3221 3538 3322 ἐγεννήθη
3570 3222 3728 3322 ημῖν,

2137 3324 2255 3387 υἱὸς
2282 3323 2377 3376 καὶ
2412 3320 2574 3389 ἐδόθη
2593 3322 2749 3391 ἡμῖν,
2784 3312 2846 3371 οὗ
2875 3322 2908 3388 ἡ
2937 3317 3084 3389 ἀρχὴ
3111 3317 3204 3369 ἐπὶ
3227 3312 3322 3368 τοῦ
3352 3310 3507 3380 ὢμου
3531 3307 3726 3370 αὐτοῦ,

2138 3415 2231 3468 καὶ
2258 3413 2502 3466 καλεῖται
2526 3412 2589 3464 τὸ
2616 3410 2791 3479 ὄνομα
2814 3408 2981 3462 αὐτοῦ
3016 3407 3261 3478 μεγάλης
3296 3402 3492 3475 βουλῆς
3522 3402 3733 3467 Ἀγγε-

2136 3507 2248 3570 λος,
2292 3503 2635 3573 θαυμαστὸς,
2678 3500 3000 3573 σύμϐουλος,
3030 3499 3163 3561 Θεὸς
3206 3494 3448 3567 ἰσχυρὸς,
3481 3493 3733 3557 ἐξουσια-

2141 3598 2295 3668 στὴς,
2325 3594 2513 3666 άρχων
2541 3592 2788 3663 εἰρήνης,
2818 3589 3001 3661 πατὴρ
3040 3587 3135 3642 τοῦ
3177 3586 3463 3658 μέλλοντος
3503 3582 3732 3645 αίῶνος,

2137 3689 2308 3760 ἀμήν.
2339 3706 2358 3740 ι
2392 3687 2500 3740 Καὶ
2532 3684 2651 3756 μετ’
2677 3684 2834 3752 ὀλίγα
2853 3700 2869 3716 ο
2910 3703 2930 3735 ι
2954 3680 3082 3735 Ἐπὶ
3107 3680 3200 3733 τὸν
3228 3678 3418 3750 θρόνον
3451 3674 3611 3729 Δασὶδ
3635 3673 3738 3727 καὶ

2137 3779 2238 3851 τὴν
2270 3780 2317 3811 ⁸⁸
2356 3776 2637 3849 βασιλείαν
2669 3773 2862 3837 αὑτοῦ,
2905 3771 3003 3827 τοῦ
3037 3769 3386 3841 κατορθῶσαι
3419 3763 3592 3836 αὐτὴν
3621 3763 3739 3818 ἀπὸ

2137 3868 2235 3923 τοῦ
2261 3867 2358 3923 νῦν
2411 3867 2505 3920 καὶ⁵
2552 3865 2635 3929 εἰς
2673 3864 2768 3918 τὸν
2796 3864 2970 3917 αἰῶνα
3021 3861 3233 3932 χρόνον.
3265 3877 3284 3910 ι
3330 3855 3552 3925 Ταύτην
3606 3853 3736 3923 μὲν,

2139 3961 2216 4025 ὡς
2243 3960 2401 4029 ἔφην,
2421 3957 2523 4028 τὴν
2548 3953 2889 4026 ὑπόσχεσινό
2902 3952 3185 4021 Δεσπότης
3210 3948 3444 4020 Χριστὸς
3467 3946 3739 4000 ἐϐεϐαίω-

2142 4068 2241 4106 σε·
2288 4050 2390 4122 τὴν
2462 4048 2649 4120 μέντοι
2711 4046 2908 4117 ἑτέραν
2973 4045 3075 4098 οὐκ
3132 4042 3387 4115 ἀόριστον
3438 4038 3673 4092 δέδωκεν
3700 4038 3733 4089 ὁ

2140 4144 2276 4207 Θεός
2308 4160 2321 4174 °
2358 4145 2465 4213 ἔφη
2497 4141 2554 4196 δὲ
2584 4139 2761 4204 οὓτως
2792 4154 2809 4170 ⁸

2214 4234 2303 4306 ιβ’.
2352 4253 2373 4287 ι
2404 4232 2533 4288 Ἐὰν
2569 4229 2915 4302 φυλάξωνται
2940 4229 2991 4281 oi
3026 4226 3139 4282 υἱοί
3175 4242 3269 4280 σου
3318 4224 3425 4297 τὴν
3466 4220 3741 4292 διαθήκην

2148 4342 2276 4397 μου,
2310 4324 2408 4379 καὶ
2438 4322 2509 4378 τὰ
2546 4319 2831 4393 μαρτύριά
2864 4335 2968 4390 μου
3000 4317 3199 4380 ταῦτα,
3226 4317 3261 4371 ά
3287 4313 3484 4381 διδάξω
3513 4310 3739 4375 αὐτοὺς,

2143 4417 2240 4471 καὶ
2261 4416 2312 4470 οί
2345 4414 2455 4471 υἱοὶ
2474 4413 2655 4469 αὐτῶν
2685 4412 2793 4475 ἕως
2818 4408 2915 4464 τοῦ
2946 4408 3145 4471 αἰῶνος
3174 4405 3497 4461 καθιοῦνται
3521 4403 3616 4457 ἐπὶ
3640 4401 3740 4455 τοῦ

2146 4508 2341 4581 θρόνου
2373 4524 2490 4562 σου.
2522 4524 2543 4559 ι
2596 4505 2660 4558 Ἡ
2687 4505 2787 4575 μὲν
2824 4497 2919 4558 οὖν
2955 4499 3049 4555 τοῦ
3094 4499 3369 4552 Δεσπότου
3433 4494 3744 4564 ἐπαγγελία

458 4592 557 4647 sed
598 4591 820 4646 illorum
866 4589 1132 4662 iniquitas
1167 4587 1321 4661 regni
1359 4602 1586 4645 cursum
1621 4586 1878 4649 inhibuit.
1915 4585 2029 4642 Mox

2151 4597 2402 4670 τοιαύτη,
2443 4598 2481 4667 ἡ
2519 4596 2577 4650 δὲ
2616 4595 2841 4650 tacetve»
2870 4590 3195 4665 παρανομία
3214 4589 3312 4659 τῆς
3345 4586 3625 4659 βασιλείας
3647 4587 3744 4639 τὸν

457 4682 605 4737 enim
639 4680 865 4738 Salomo
893 4698 1021 4738 cum
1063 4682 1117 4736 in
1165 4680 1500 4748 impietatem
1546 4677 1856 4746 incidisset,
1900 4677 2042 4733 divi-

2143 4692 2342 4765 δρόμον
2381 4687 2654 4760 διέκοψεν.
2684 4705 2703 4741 ι
2766 4684 2945 4749 Εὐθὺς
3001 4682 3112 4754 γάρ
3142 4685 3171 4736 6
3199 4678 3451 4751 Σολομὼν
3485 4675 3745 4765 ἐκπεσὼν

458 4790 588 4831 nam
623 4775 767 4831 iram
818 4775 922 4832 sibi
968 4775 1184 4832 ascivit.
1217 4772 1566 4844 Quapropter
1626 4772 1826 4829 solium
1859 4780 2029 4842 tyran-

2144 4761 2534 4848 είς-ἀσέϐειαν
2587 4780 2688 4850 τὴν
2734 4778 2887 4832 θείαν
2949 4775 3123 4846 ὀργὴν
3163 4772 3535 4827 ἐπεσπάσατο.
3569 4761 3646 4822 Οὗ
3675 4768 3744 4839 δὴ

460 4868 592 4925 nide
637 4884 893 4939 pressum
924 4879 1027 4935 est,
1073 4868 1413 4936 alteriusque
1449 4864 1665 4938 1510
1694 4880 1922 4935 regnum
1954 4864 2047 4919 de-

2146 4876 2307 4948 χάριν
2331 4878 2359 4930 ό
2386 4873 2577 4945 θρόνος
2615 4868 2983 4944 ὲτυραννήθη,
3013 4867 3111 4922 καὶ
3147 4864 3337 4935 ἑτέρου
3386 4863 3445 4915 αἱ
3482 4860 3619 4915 δέκα
3643 4877 3748 4929 φυ-

461 4977 583 5017 cem
631 4961 813 5017 tribus
852 4961 1198 5019 admiserunt
1231 4977 1243 5012 :
1282 4965 1473 5029 postea
1504 4966 1686 5014 autem
1729 4957 1895 5013 etiam
1927 4957 2029 5015 dua

2146 4967 2238 5022 λαὶ
2294 4964 2581 5038 βασιλείαν
2642 4962 2930 5028 ἐδέξαντο·
2974 4959 3154 5033 χρόνῳ
3186 4958 3243 5011 δὲ
3279 4956 3508 5025 ὕστερον
3555 4954 3652 5007 καὶ
3688 4955 3746 5005 at

462 5052 641 5109 tribus
672 5068 841 5124 regno
872 5052 1133 5107 Davidico
1163 5051 1389 5120 privatae
1419 5050 1596 5106 fuere.

533 5144 705 5202 Vens.
750 5146 913 5200 15.ἰ
953 5143 1227 5213 Quoniam
1277 5145 1443 5215 elegit
1494 5142 1758 5201 Dominus
1802 5142 2047 5204 Siunem,

462 5240 628 5310 elegit
650 5255 770 5295 eam
804 5238 909 5295 sibi
942 5254 1041 5310 pro
1072 5240 1429 5295 habitatione.
1463 5256 1481 5288 ι
1520 5236 1680 5297 Olim.
1715 5235 1913 5306 inquit,
1949 5235 2050 5289 Do-

466 5337 637 5402 mine,
677 5339 823 5392 hauc
859 5337 985 5393 aliis
1026 5336 1257 5390 urbibus
1304 5332 1613 5400 praetulisti,
1655 5340 1711 5387 et
1759 5333 1902 5387 hanc
1951 5348 2049 5401 pro

466 5435 560 5483 tua
594 5429 933 5485 habitatione
966 5426 1335 5483 declaravisti.

545 5613 567 5641 τ
598 5603 640 5658 ΙΙ
674 5602 852 5659 Paral.
890 5622 949 5658 ιι.
981 5604 1047 5672 6;
1080 5607 1200 5657 Act.
1229 5618 1321 5668 vn,
1349 5602 1451 5666 ως
1485 5601 1587 5655 lsa.
1619 5618 1767 5670 vat,
1804 5607 1853 5659 l.

2154 5059 2248 5114 δύο
2268 5057 2436 5130 φυλαὶ
2473 5057 2571 5129 τῆς
2605 5053 2905 5125 Δαόιτικῆς
2940 5048 3335 5122 ἐγυμνώθησαν
3368 5044 3672 5117 βασιλείας.

2229 5152 2317 5222 ιγ’.
2356 5170 2376 5203 ι
2413 5151 2541 5204 Ὅτι
2573 5146 2858 5216 ἐξελέξατο
2887 5144 3092 5216 Κύριος
3120 5141 3221 5212 τὴν
3255 5137 3417 5203 Σιὼν,
3451 5135 3747 5222 ᾑρετίσατο

2128 5244 2330 5316 ἀὐτὴν
2374 5245 2454 5309 εἰς
2505 5240 2789 5296 κατοικίαν
2838 5238 3039 5310 ἑαυτῷ.
3083 5256 3100 5288 ι
3144 5232 3408 5297 Ἀνωθεν,
3461 5229 3650 5300 φησιν,
3696 5221 3747 5283 ὦ

2156 5338 2423 5399 Δέσποτα,
2484 5334 2691 5405 ταύτην
2722 5331 2833 5386 τῶν
2861 5331 3038 5385 ἄλλων
3086 5325 3463 5398 προετίμησας
3509 5319 3743 5385 πόλεων,

2154 5428 2246 5482 καὶ
2266 5429 2466 5480 οἰκεῖον
2489 5426 2774 5497 ἀπέφηνας
2805 5423 3139 5494 οἰκητήριον.

1967 5611 1990 5640 ⁸
2035 5606 2138 5661 lsa.
2175 5623 2251 5671 lx,
2284 5596 2337 5661 6.

1582 5740 1817 5798 VARUE
1857 5742 2246 5801 LECTIONES
2284 5744 2367 5799 ET
2407 5744 2634 5801 AOTJE.

511 5876 555 5908 ’δ
591 5875 981 5933 Τούτουωοιὶ.
1014 5876 1037 5929 l
1075 5873 1198 5929 add.
1223 5876 1352 5946 γάρ.

1433 5876 1475 5906 ⁷⁸⁵
1515 5874 1656 5946 Τήν.
1693 5875 1814 5932 cod.
1843 5878 1860 5932 l
1893 5893 2079 5949 pra‘m.
2114 5878 2223 5930 ἐπί.
