4128 6420
436 458 571 524 ιςιοθ

1750 463 1832 524 ΙΝ
1870 462 2079 523 PSAL.
2120 461 2407 522 CXXXII.

3585 455 3716 521 1910

509 569 593 627 ιδ’.
629 592 649 624 ι
678 571 827 643 Αὕτη
865 573 898 642 ἡ
941 572 1292 636 κατάπαυσίς
1346 589 1450 644 μου
1473 574 1554 638 εἰς
1576 571 1750 628 αἰῶνα
1768 572 2018 637 αἰῶνος.»

2206 570 2376 627 Vens.
2418 571 2506 626 M.
2557 587 2575 621 ι
2613 570 2741 625 Haec
2785 578 2870 625 est
2920 568 3140 639 requies
3190 581 3311 623 mea
3357 567 3412 621 in
3453 567 3714 623 saeculum

436 665 479 718 Τ
481 665 643 731 αὔτα,
668 666 824 735 φησι,
850 666 915 720 σὺ
949 660 1196 729 εἷπας,ὧ
1228 666 1497 730 Δέσποτα,
1527 667 1621 720 καὶ
1655 667 1896 737 ὑπόσχου
1926 666 2029 719 ὲπ-

435 758 824 813 αναπαύεσθαι
869 761 937 830 τῇ
987 758 1128 814 Σιὼν
1179 761 1289 814 ἀεί.
1340 761 1451 815 Καὶ
1482 760 1722 815 τοῦτοδὲ
1753 760 2025 831 τετύχηκε

439 850 698 922 πέρατος.
733 853 796 905 El
832 853 941 923 γὰρ
978 854 1074 907 καὶ
1097 856 1126 908 6
1152 853 1383 919 παλαιὸς
1417 854 1553 918 νεὼς
1579 854 1787 926 ἔρημος
1811 854 1899 909 διὰ
1927 853 2027 925 τὴν

439 942 714 998 Ἰουδαίων
736 944 937 1014 μανίαν
954 946 1192 1015 ἐγένετο,
1210 947 1327 1001 ἀλλ’
1345 943 1439 1002 οὖν
1456 949 1575 1001 ἐκεῖ
1592 947 1776 1013 πάλιν,
1810 948 1904 1001 καὶ
1931 947 2026 1001 τοῦ

439 1032 703 1102 σταυροῦ,
735 1036 833 1088 καὶ
871 1035 971 1104 τῆς
1007 1036 1385 1103 ἀναστάσεως,
1421 1037 1513 1091 καὶ
1561 1037 1660 1107 τῆς
1702 1036 2030 1107 ἀναλήψεως

436 1126 507 1179 τὰ
532 1125 708 1197 χωρία
727 1126 819 1180 διὰ
850 1127 952 1197 τῆς
990 1126 1140 1192 θείας
1184 1129 1230 1161 ³⁸
1272 1128 1473 1199 ἠξίωτο
1516 1130 1740 1200 χάριτος
1773 1146 1786 1160 ·
1831 1129 1925 1184 καὶ
1964 1131 2030 1185 ἐκ

439 1217 624 1286 πάσης
653 1220 760 1288 γῆς
795 1219 890 1272 καὶ
919 1218 1192 1292 θαλάττης
1224 1221 1616 1293 συντρέχουσιν
1653 1220 1897 1286 ἅπαντες
1927 1223 2028 1293 τὴν

439 1308 501 1361 ἐν
535 1307 766 1373 ἐκείνοις
782 1310 1190 1376 άναϐλύζουσαν
1207 1312 1462 1383 εὐλογίαν
1491 1314 1822 1386 ἀρύσασθαι.
1845 1333 1865 1366 ι
1897 1310 2028 1369 Ὧδε

438 1401 797 1472 κατοικήσω.
833 1402 917 1456 ὅτι
993 1405 1337 1476 ᾑρετισάμην
1398 1407 1592 1477 αὐτήν.
1647 1427 1665 1459 ι
1719 1408 1832 1461 Καὶ
1869 1407 2029 1461 τοῦτο

437 1492 631 1557 τέλους
667 1495 958 1565 τετύχηκε,
1002 1498 1099 1551 καὶ
1154 1500 1197 1531 ’⁷
1246 1499 1516 1572 ἐναλλαγή
1560 1518 1647 1564 τις
1696 1501 1806 1553 τῶν
1861 1499 2028 1555 οἴκων

437 1583 680 1651 ἐγένετο.
716 1587 827 1639 Καὶ
856 1589 884 1640 ό
912 1589 1252 1660 προφητικδς
1281 1590 1336 1644 δὲ
1363 1590 1521 1659 λόγος
1549 1593 1649 1662 τῆς
1678 1594 1819 1648 Σιὼν
1856 1596 2028 1665 ἐμνη-

440 1672 725 1739 μόνευσεν.
764 1675 853 1728 Ἐν
907 1677 1091 1749 ἐκείνῃ
1145 1678 1203 1731 δὲ
1256 1681 1349 1734 καὶ
1386 1685 1415 1734 ὁ
1470 1681 1565 1734 τοῦ
1609 1684 1866 1753 σταυροῦ,
1934 1686 2028 1739 καὶ

436 1761 536 1831 τῆς
568 1762 612 1793 ⁵⁸
643 1763 994 1828 ἀναστάσεως
1025 1768 1214 1832 τόπος.

512 1858 597 1907 ιε’.
638 1872 656 1906 ι
690 1851 802 1926 Τὴν
831 1855 1007 1927 Θήραν
1034 1858 1081 1889 ³⁸
1111 1860 1283 1931 αὐτῆς
1304 1861 1548 1931 εὐλογῶν
1567 1864 1866 1937 εὐλογήσω.
1902 1887 1920 1918 ι
1966 1870 2027 1923 Ὀ

436 1942 494 1996 δὲ
523 1943 843 2015 Σύμμαχος,
886 1947 1005 2016 Τὴν
1042 1928 1292 2019 σίτησιν
1327 1928 1520 2022 αὐτῆς
1550 1928 1822 2028 sailors-Br
1848 1961 2025 2016 εὐλο-
2061 1928 2102 1983 Β

436 2033 626 2103 ritca).
658 2036 939 2104 Τουτὲστι,
964 2041 1074 2094 τῶν
1111 2043 1334 2110 ἀγαθῶν
1370 2046 1555 2110 αὐτοῖς
1594 2048 1856 2104 ἁπάντων
1881 2069 2029 2125 παρ-

437 2126 549 2194 έξω
604 2126 705 2199 τὴν
738 2128 1019 2196 ἀφθονίαν.
1060 2152 1079 2185 ι
1120 2135 1259 2198 Τοὺς
1291 2138 1545 2207 πτωχοὺς
1572 2139 1745 2213 αὐτῆς
1778 2145 2031 2214 χορτάσω

441 2218 646 2292 ἄρτων.
677 2238 698 2273 ι
747 2222 977 2295 Παρὲξω
1003 2224 1060 2279 δὲ
1099 2226 1198 2281 καὶ
1230 2229 1343 2292 τοῖς
1384 2229 1663 2297 δεομένοις
1698 2234 1811 2287 τῶν
1863 2236 2032 2305 άναγ-
2064 2278 2067 2281 μ

437 2312 612 2368 καίων
639 2315 741 2388 τὴν
761 2316 973 2389 χρείαν.

511 2405 609 2471 ις’.
650 2425 670 2459 ι
706 2407 846 2473 Τοὺς
878 2411 1045 2481 ίερετς
1073 2412 1247 2484 αὐτῆς
1288 2415 1496 2471 ἐνδύσω
1529 2419 1828 2489 σωτηρίαν.
1861 2441 1880 2473 ι
1928 2423 2032 2477 Ἦν

437 2497 553 2550 άνω
594 2498 951 2573 δικαιοσύνην
974 2503 1255 2570 ἐκάλεσεν,
1288 2506 1527 2564 ἐνταῦθα
1555 2512 1865 2580 σωτηρίαν
1895 2514 2031 2569 ὠνό-

441 2602 609 2655 μασε.
657 2590 1022 2661 Δικαιοσύνης
1056 2595 1168 2664 γὰρ
1220 2598 1470 2669 σωτηρία
1505 2602 1739 2673 καρπός.
1777 2622 1797 2656 ο
1837 2606 1948 2659 Καὶ
1980 2607 2031 2660 οἱ

438 2679 577 2732 ὅσιοι
608 2680 781 2753 αὐτῆς
807 2684 1130 2753 ἀγαλλιάσει
1165 2688 1615 2758 άγαλλιάσονται.
1656 2713 1675 2747 ι
1724 2697 1788 2749 0i
1836 2696 1901 2750 δὲ
1932 2700 2031 2767 τῆς

438 2770 727 2913 ἓσεσείας
755 2775 983 2845 ἐρασταὶ
1013 2778 1200 2850 πάσης
1237 2781 1565 2852 γενήσονται
1594 2784 1867 2856 θυμηδίας
1896 2789 2030 2843 ἀνά-

516 2878 616 2913 εοι.

516 2878 616 2916 εοι.

514 2953 601 3019 ιζ’.
648 2974 667 3008 ι
722 2956 877 3014 Ἐκεῖ
912 2960 1225 3028 ὲξανατελῶ
1255 2963 1429 3036 κέρας
1458 2966 1537 3037 τῷ
1561 2967 1745 3023 Δαδίδ.
1784 2988 1803 3022 t
1834 2971 1907 3023 Τὸ
1930 2971 2031 3041 μὲν

436 3043 532 3100 οὖν
559 3049 855 3122 πρόχειρον
894 3054 1077 3126 νόημα
1099 3056 1192 3110 τὸν
1230 3058 1539 3129 Ζοροϐάϐελ
1577 3060 1750 3130 δηλοῖ.
1810 3062 2030 3137 Ἐπειδὴ

436 3137 497 3191 ἑὲ
526 3138 653 3194 οὔτε
688 3144 769 3206 είς
791 3145 1075 3213 ἐκγόνους,
1103 3146 1229 3202 οὔτε
1267 3151 1375 3221 μὴν
1395 3153 1475 3214 είς
1503 3153 1724 3220 παῖδας,
1775 3157 1876 3226 τὴν
1905 3158 2034 3227 ἡγε-

2129 667 2343 723 δαιειιιί.
2380 685 2399 719 ι
2446 665 2592 731 llaac,
2626 666 2825 736 inquit,
2856 674 2912 719 tu
2942 665 3154 729 dixisti,
3186 663 3440 730 Domine,
3471 673 3526 717 et
3558 662 3719 734 polli-

2130 759 2275 815 citus
2316 774 2377 815 es
2421 758 2476 813 in
2530 758 2697 815 Sione
2742 767 2793 814 te
2836 773 3055 829 semper
3103 757 3352 827 requiem
3397 755 3714 811 habiturum

2128 866 2273 907 esse.
2326 852 2505 921 Atque
2553 853 2657 905 hoc
2702 851 2871 906 etiam
2922 850 3085 905 tinem
3128 849 3386 904 sortitum
3439 855 3543 903 est.
3599 845 3713 901 Etsi

2129 943 2278 999 enim
2316 944 2558 1013 priscum
2606 942 2868 1006 templum
2896 942 2969 996 ob
2992 939 3310 996 Iudaeorum
3338 939 3584 994 furorem
3617 938 3715 993 de-

2132 1034 2371 1089 solatum
2404 1042 2490 1089 est
2523 1049 2536 1087 :
2582 1041 2764 1087 tamen
2791 1031 2883 1087 ubi
2915 1044 3112 1087 rursus
3160 1044 3257 1101 per
3300 1029 3541 1085 divinam
3586 1042 3716 1098 gra-

2134 1129 2289 1197 tiam,
2321 1138 2375 1183 et
2407 1129 2612 1193 crucis,
2659 1137 2714 1183 et
2750 1125 3199 1192 resurrectionis,
3232 1132 3290 1179 et
3314 1120 3717 1192 assumptionis

2135 1222 2255 1277 loca
2287 1219 2484 1291 adepta
2518 1229 2665 1284 sunt,
2705 1228 2760 1274 et
2793 1234 2858 1274 ex
2899 1220 3049 1273 omni
3086 1226 3227 1272 terra
3266 1223 3321 1270 et
3352 1215 3494 1268 mari
3522 1227 3715 1268 omnes

2134 1321 2494 1372 concurrunt.
2541 1319 2602 1365 ut
2648 1310 2705 1364 in
2756 1309 2864 1365 illis
2911 1307 3224 1363 atliueutem
3278 1302 3714 1361 benedictionem

2132 1407 2414 1484 hauriant.
2454 1425 2472 1457 ι
2510 1404 2612 1460 Hie
2647 1404 2925 1467 habitabo,
2957 1401 3218 1472 quoniam
3246 1398 3385 1468 elegi
3414 1412 3559 1452 eam.
3597 1414 3616 1447 ι
3652 1394 3718 1449 Et

2133 1500 2238 1554 hoc
2284 1514 2442 1555 suum
2496 1497 2753 1552 sortitum
2803 1504 2891 1550 est
2946 1494 3134 1557 linem,
3180 1499 3235 1546 et
3282 1490 3477 1546 mdium
3531 1487 3718 1556 aliqua

2132 1592 2368 1646 mutatio
2417 1588 2555 1644 facta
2610 1596 2718 1643 est.
2778 1588 2857 1642 Ac
2907 1582 3263 1656 propheticus
3315 1579 3483 1636 etiam
3536 1592 3719 1632 sermo

2133 1683 2319 1739 Sionis
2355 1682 2693 1737 mentionem
2743 1680 2889 1735 fecit.
2935 1679 2993 1733 In
3045 1677 3138 1731 illa
3173 1683 3360 1730 autem
3407 1681 3492 1728 est
3539 1669 3721 1725 crucis

2132 1774 2666 1841 resurrectionisque
2701 1772 2876 1825 locus.

2203 1868 2372 1923 Vens.
2416 1866 2504 1921 15.
2555 1883 2573 1916 ι
2628 1863 2913 1919 Venatioui
2956 1863 3077 1933 ejus
3122 1858 3452 1915 benedicens
3496 1852 3720 1910 benedi-

2131 1975 2274 2017 cam.
2317 1978 2337 2011 ι
2389 1956 2758 2028 Symmachus
2807 1964 2990 2011 autem
3023 1974 3036 2008 :
3071 1953 3312 2007 Annona;
3355 1951 3468 2020 ejus
3509 1946 3723 2002 benedi-

2132 2068 2255 2107 cens
2276 2050 2607 2107 benedicam.
2640 2049 2755 2105 Hoc
2783 2059 2888 2113 est,
2923 2047 3169 2103 omniutn
3197 2047 3468 2100 bonorum
3495 2041 3723 2094 alluen-

2133 2143 2267 2199 tiam
2330 2143 2468 2214 ipsis
2536 2136 2813 2211 praebebo.
2882 2160 2901 2192 ι
2946 2138 3220 2208 Pauperes
3276 2134 3397 2203 ejus
3459 2129 3722 2187 saturabo

2133 2235 2394 2306 panibus.
2437 2252 2457 2285 ι
2503 2231 2675 2287 Porro
2720 2229 3094 2301 indigentibus
3140 2225 3344 2296 largiar
3374 2217 3720 2278 necessaria-

2133 2343 2256 2383 rum
2284 2341 2469 2382 rerum
2500 2339 2684 2381 usum.

2208 2418 2375 2476 Vens.
2412 2417 2501 2473 16.
2559 2436 2581 2469 ι
2626 2414 2953 2471 Sacerdotes
3004 2411 3125 2482 ejus
3184 2410 3407 2465 induam
3456 2405 3654 2461 salute.
3696 2421 3715 2452 ι

2134 2510 2314 2578 Quam
2372 2508 2631 2581 superius
2679 2506 2957 2578 justitiam
3016 2501 3257 2567 vocavit,
3309 2500 3416 2554 hoc
3480 2498 3539 2552 in
3598 2496 3722 2550 loco

2133 2604 2364 2659 salutem
2399 2600 2728 2658 nominavit.
2757 2597 2997 2655 Justitia:
3016 2595 3166 2652 enim
3192 2594 3408 2649 fructus
3433 2599 3517 2647 est
3544 2590 3718 2647 salus.

2139 2714 2160 2748 ι
2198 2694 2266 2751 Et
2309 2694 2488 2753 sancti
2533 2694 2654 2765 ejus
2682 2690 3069 2748 exsultatione
3108 2685 3485 2744 exsultabunt.
3528 2702 3549 2735 ι
3600 2679 3727 2736 Vir-

2136 2790 2268 2846 tutis
2322 2803 2454 2845 vero
2504 2786 2745 2845 studiosi
2793 2784 2949 2843 omni
3001 2782 3281 2851 voluptate
3333 2776 3720 2850 repiebuntur.

2212 2986 2423 3059 1511
2449 2986 2613 3043 Vens.
2649 2985 2738 3040 17.
2777 3004 2795 3037 ι
2818 2982 2897 3041 lbi
2928 2982 3235 3054 producam
3254 2993 3425 3035 cornu
3456 2974 3668 3032 Davidi.
3700 2993 3721 3027 ι

2134 3082 2357 3136 Primus
2398 3078 2623 3149 quidem
2668 3076 2925 3133 litteralis
2965 3087 3162 3131 sensus
3203 3068 3599 3127 Zorobahelem
3627 3068 3727 3122 de-

2135 3172 2336 3243 signat.
2385 3169 2658 3238 Quoniam
2715 3177 2899 3224 autem
2947 3181 3052 3223 nec
3096 3166 3154 3220 in
3193 3172 3470 3235 posteros,
3517 3173 3623 3216 nec
3669 3157 3726 3224 in

440 3230 638 3333 μονίαν
677 3235 1063 3333 παρέπεμψεν,
1108 3239 1209 3293 οὐκ
1252 3241 1318 3297 ἄν
1353 3258 1439 3305 τις
1463 3243 1627 3297 αὑτὸν
1653 3247 1881 3312 εἰκότως
1911 3251 2030 3303 ὀνοο

2140 3264 2282 3319 tllios
2330 3263 2573 3332 regimen
2625 3259 2959 3327 transmisit,
3027 3273 3137 3312 non
3188 3262 3374 3327 posset
3428 3252 3729 3324 quisquam

441 3319 605 3391 μάσει
641 3324 840 3393 κέρας,
853 3326 1033 3397 ὀλίγον
1062 3331 1511 3400 ήγεμονεύσαντα
1556 3337 1767 3406 χρόνον.
1820 3338 1893 3393 Τὸ
1920 3341 2030 3412 γάρ

440 3414 610 3486 κέρας
669 3418 891 3490 ἰσχυρόν
931 3439 983 3475 τι
1013 3422 1164 3494 δηλοῖ
1194 3426 1288 3479 καὶ
1320 3426 1571 3499 μόνιμον.
1602 3430 1825 3503 Ἐπειδὴ
1858 3434 1917 3488 δὲ
1954 3435 2031 3505 τῷ

439 3507 747 3599 Ζοροϐάϐελ
767 3511 869 3582 οὐχ
893 3513 1161 3584 ἁρμόττει
1207 3518 1243 3587 ἡ
1272 3523 1607 3593 προφητεία,
1637 3526 1667 3577 ό
1722 3525 1881 3595 λόγος
1929 3530 2031 3599 τὴν

441 3596 582 3651 κατὰ
617 3599 800 3670 σάρκα
834 3602 931 3656 τοῦ
980 3604 1221 3675 Χριστοῦ
1266 3611 1311 3642 ³ο
1349 3612 1604 3679 γέννησιν
1644 3596 2027 3685 προθεσπίζει.

440 3686 597 3778 ρῦτω
624 3690 683 3743 δὲ
711 3693 806 3746 καὶ
834 3694 863 3746 6
891 3697 1163 3766 μακάριος
1216 3700 1425 3771 Πέτρος
1468 3706 1527 3757 ἐν
1580 3708 1703 3769 ταῖς
1756 3709 2030 3778 Πράξεσιν

440 3775 545 3849 ἔφη
579 3797 593 3811 ο
641 3799 658 3832 ι
692 3783 990 3855 Προφήτης
1048 3788 1310 3860 ὑπάρχων
1355 3793 1384 3844 ὁ
1423 3793 1615 3859 Δαόὶδ,
1643 3796 1737 3849 καὶ
1767 3775 1925 3862 είδὼς
1947 3800 2031 3853 ὅτι

441 3870 593 3941 ὅρκῳ
622 3870 839 3944 ὤμοσεν
869 3876 1018 3947 αὐτῷ
1046 3880 1076 3932 6
1130 3880 1262 3943 Θεὸς
1290 3884 1356 3936 ὲκ
1403 3884 1622 3954 καρποῦ
1670 3886 1773 3956 τῆς
1828 3889 2031 3959 ὀσφύος

440 3960 611 4016 αὐτοῦ
652 3966 961 4037 ἀναστῆσαι
993 3968 1054 4021 τὸ
1081 3972 1225 4025 κατὰ
1249 3975 1430 4043 σάρκα
1458 3974 1552 4027 τὸν
1582 3977 1840 4048 Χριστὸν,
1891 3982 2029 4036 καθ-

441 4053 560 4110 ίσαι
602 4059 698 4111 ἐπὶ
725 4058 820 4112 τοῦ
856 4059 1045 4131 θρόνου
1092 4064 1283 4129 αὐτοῦ,
1313 4066 1579 4137 προειδὼς
1608 4068 1869 4141 ἐλάλησεν
1904 4074 2033 4143 περὶ

439 4148 543 4220 τῆς
581 4151 934 4216 ἀναστάσεως
969 4154 1158 4208 αὐτοῦ.
1195 4174 1214 4207 ι
1279 4175 1299 4208 ι
1352 4157 1658 4229 Ἠτοίμασα
1705 4160 1900 4232 λύχνον
1953 4165 2032 4235 τῷ

439 4241 667 4315 Χριστῷ
704 4260 830 4313 μου.
875 4263 895 4296 ι
941 4247 1187 4314 Λύχνδν
1217 4248 1381 4303 πάλιν
1410 4253 1441 4305 6
1480 4254 1819 4324 προφητικὸς
1874 4255 2033 4325 λόγος

439 4331 535 4387 τὸν
572 4337 641 4388 ἐκ
668 4336 835 4391 Δασὶδ
861 4337 1120 4409 ὀνομάζει
1141 4340 1290 4407 ναὸν,
1327 4347 1390 4396 τὸ
1419 4342 1521 4414 τῆς
1555 4344 1811 4417 θεότητος
1837 4347 2031 4402 ὑποδε-

439 4424 674 4497 ξάμενον
704 4428 842 4498 φῶς.

515 4527 609 4591 ιη’.
652 4540 671 4574 ι
707 4523 849 4586 Τοὺς
874 4523 1106 4596 ἐχθροὺς
1132 4525 1299 4579 αὐτοῦ
1332 4526 1540 4582 ἐνδύσω
1589 4530 1875 4600 αἰσχύνην,
1937 4532 2031 4588 ἐπὶ

2140 3350 2319 3418 ipsum
2362 3347 2485 3416 jure
2526 3347 2820 3403 nominare
2849 3361 3039 3410 cornu,
3070 3359 3197 3401 cum
3243 3356 3437 3413 parum
3465 3336 3728 3409 temporis

2142 3438 2514 3508 imperaverit.
2549 3436 2736 3491 Cornu
2777 3436 2925 3490 enim
2972 3431 3350 3489 fortitudinem
3395 3435 3452 3483 et
3497 3424 3727 3480 ﬁrmita-

2142 3540 2253 3585 tem
2282 3529 2511 3585 indicat.
2546 3526 2822 3594 Quoniam
2864 3539 2996 3580 vero
3043 3520 3364 3578 vaticinatio
3401 3514 3729 3572 Zorobabeli

2143 3620 2375 3675 minime
2409 3618 2699 3689 congruit,
2741 3629 2929 3672 sermo
2957 3613 3162 3670 Christi
3209 3621 3394 3678 ortum
3426 3606 3730 3664 secundum

2141 3726 2365 3765 carnem
2404 3708 2677 3779 praedicit.
2714 3706 2808 3763 Sic
2836 3706 3002 3762 etiam
3034 3705 3230 3760 beatus
3260 3701 3460 3757 Petrus
3496 3700 3552 3753 in
3582 3696 3734 3752 Acti-

2141 3803 2246 3858 bus
2281 3803 2415 3858 dicit
2446 3819 2459 3855 :
2503 3818 2524 3852 ι
2561 3800 2836 3871 PrOpheta
2885 3798 3054 3869 igitur
3099 3810 3226 3853 cum
3258 3800 3406 3850 esset
3450 3789 3645 3857 David,
3676 3796 3733 3843 et

2140 3893 2328 3957 sciret,
2355 3891 2720 3964 jurejurando
2743 3889 2962 3958 jurasse
2992 3889 3069 3943 illi
3096 3888 3290 3952 Deum,
3321 3885 3437 3941 lore
3468 3891 3529 3937 ut
3555 3882 3732 3937 susci-

2141 3994 2285 4041 taret
2335 3987 2404 4040 de
2454 3982 2636 4039 fructu
2690 3982 2864 4037 lumbi
2910 3981 3031 4049 ejus
3083 3978 3367 4035 Christum
3421 3973 3737 4032 secundum.

2140 4094 2389 4146 carnem,
2426 4092 2589 4149 quem
2635 4076 2933 4132 collocaret
2963 4089 3129 4143 super
3170 4072 3296 4128 sede
3342 4071 3481 4141 ejus,
3529 4066 3727 4139 praevi-

2140 4172 2275 4228 dens
2305 4172 2524 4227 locutus
2571 4179 2657 4226 est
2689 4170 2755 4225 de
2796 4167 3204 4224 resurrectione
3245 4165 3365 4234 ejus
3393 4167 3434 4216 ι.
3468 4192 3537 4202 --
3563 4178 3582 4211 ι
3616 4156 3728 4212 Pa-

2143 4263 2259 4319 ravi
2324 4264 2609 4318 lucernam
2666 4260 2844 4316 Uncto
2901 4273 3043 4314 meo.
3102 4275 3121 4309 ›
3180 4255 3480 4310 Lucernam
3530 4266 3727 4307 rursus

2142 4354 2500 4426 propheticus
2525 4354 2543 4372 ‘
2571 4364 2756 4407 sermo
2796 4349 3059 4420 templum
3102 4363 3170 4403 ex
3209 4343 3414 4401 Davide
3454 4340 3727 4402 nominat,

2141 4448 2291 4518 quod
2325 4448 2506 4502 lucem
2536 4443 2840 4502 divinitatis
2871 4442 3105 4513 excepit.

2212 4539 2385 4597 Vens.
2428 4538 2516 4595 18.
2583 4557 2602 4591 ι
2641 4537 2901 4593 Inimicos
2951 4537 3073 4607 ejus
3112 4532 3339 4590 induam
3384 4526 3731 4590 confusione,

438 4612 689 4706 δξαύτὺν
718 4614 1006 4689 ὲξανθήσει
1041 4618 1381 4696 gemmam
1428 4638 1530 4693 μου
1580 4622 1647 4677 ³³.
1690 4641 1712 4675 ›
1764 4624 1879 4696 Τῆς
1934 4628 2033 4698 μὲν

2140 4650 2309 4706 super
2339 4635 2460 4705 ipso
2497 4641 2680 4688 autem
2703 4630 2973 4688 eiliorebit
3002 4626 3366 4686 sanctiﬁcatio
3397 4638 3540 4679 mea.
3576 4640 3594 4673 ι
3628 4619 3731 4674 Dc-

440 4701 536 4759 οὖν
558 4707 823 4779 αἰσχύνης
853 4710 1136 4781 μάρτυρες
1176 4711 1444 4780 Ἰουδαῖοι,
1475 4715 1579 4786 τὴν
1600 4714 1804 4788 ἔχθραν
1852 4719 2030 4775 ἀσπα-

441 4798 692 4869 σάμενοι,
721 4801 818 4854 καὶ
844 4800 943 4873 τὴν
968 4803 1232 4875 αἰσχύνην
1262 4803 1618 4876 δρεψάμενοι.
1651 4807 1726 4860 Τὸ
1768 4808 1827 4862 δὲ
1868 4810 2035 4880 ἁγία-

441 4890 721 4959 σμα³¹,αί
749 4892 891 4948 κατὰ
925 4895 1109 4949 πᾶσαν
1132 4896 1233 4966 γῆν
1258 4897 1353 4949 καὶ
1382 4895 1658 4953 θάλασσαν
1689 4899 2033 4972 Ἑκκλησίαι,

446 4980 613 5052 σῶμα
654 4982 758 5053 μὲν
799 4982 897 5039 τοῦ
946 4985 1220 5039 Δεσπότου
1272 4987 1512 5057 Χριστοῦ
1568 4990 2032 5061 χρηματίζουσαι,

445 5073 547 5142 τῆς
576 5073 890 5144 ἁγιωσύνης
920 5077 1021 5140 τὰς
1055 5077 1240 5147 πηγὰς
1279 5080 1410 5149 παρ’
1445 5078 1615 5131 αὐτοῦ
1647 5081 2030 5152 κομιζόμεναι.

732 5190 1005 5250 EPMHN.
1053 5192 1191 5246 ΤΟΥ
1224 5193 1370 5246 ΡΛΒ¹
1412 5194 1731 5248 ΨΑΛΜΟΥ.

518 5287 590 5334 α’.
622 5299 645 5332 ι
689 5281 814 5353 ᾪδὴ
844 5283 958 5337 τῶν
1001 5283 1337 5359 ἀναϐαθμῶν
1361 5285 1426 5340 ³³.
1458 5304 1476 5335 ι
1509 5286 1636 5339 Ἐπὶ
1661 5287 1757 5340 τοῦ
1799 5287 2036 5361 Ῥοϐοάμ

531 5486 551 5523 ί
587 5486 711 5544 Act.
746 5503 806 5554 ιι,
841 5486 933 5551 30,
974 5487 1065 5542 3i.

2140 4728 2361 4784 decoris
2414 4726 2582 4797 igitur
2627 4723 2800 4780 Judaei
2850 4735 2980 4780 sunt
3025 4730 3213 4788 testes,
3264 4718 3359 4791 qui
3406 4714 3730 4772 inimicitias

2145 4817 2382 4887 amplexi
2412 4823 2565 4881 sunt,
2599 4826 2652 4871 et
2685 4813 3066 4871 confusionem
3106 4811 3435 4868 retulerunt.
3472 4804 3732 4874 Sanctiﬁ-

2144 4907 2286 4961 catt’o
2333 4919 2467 4961 vero
2516 4913 2646 4960 sunt
2692 4901 2950 4959 Ecclesiae
2995 4901 3199 4972 ubique
3250 4909 3392 4957 terra
3441 4892 3726 4958 marique:

2141 5002 2266 5071 quite
2293 4997 2502 5055 Christi
2526 4996 2970 5067 Dominicorpus
2989 5005 3278 5057 vocantur,
3309 4985 3731 5054 sanctitatisque

2142 5092 2324 5148 fontes
2355 5091 2425 5147 ab
2455 5091 2576 5161 ipso
2606 5099 2909 5160 reportant.

2486 5199 2809 5254 INTERPR.
2854 5198 3105 5256 PSALMI
3145 5193 3407 5253 CXXXII.

2222 5289 2388 5345 Vsus.
2437 5291 2486 5346 l.
2536 5310 2553 5342 ι
2601 5290 2888 5345 Canticum
2920 5292 3208 5359 graduum.
3248 5305 3266 5338 ι
3301 5284 3417 5339 Sub
3447 5281 3731 5337 Bohoamo

1532 5630 1764 5686 νΑιιιΑῑ
1813 5631 2199 5690 LECTIONES
2254 5635 2341 5690 ΕΤ
2390 5635 2621 5691 NOTAE.

524 5763 571 5849 ’.⁸
595 5764 790 5849 θείας.
814 5767 930 5849 cod.
970 5767 993 5820 1
1031 5770 1150 5849 σῆς.
1183 5770 1227 5801 ¹⁷
1259 5772 1395 5849 (fui;
1412 5772 1755 5849 ibitl._prmnt.
1778 5776 1844 5828 sl.
1881 5774 2035 5849 "fit

2136 5777 2207 5834 ib.
2244 5796 2435 5849 prtem.
2461 5783 2508 5833 ὁ.
2540 5781 2584 5813 ³⁵
2604 5783 2687 5846 Θη

454 5831 577 5886 cod.
614 5834 636 5888 1

2685 5778 2823 5848 φάν.
2851 5775 3155 5848 Ηῲικίεὲιο
3199 5774 3341 5848 ejus.
3378 5772 3428 5806 ”
3448 5769 3731 5848 Xptp'zgﬁ.

680 5849 872 5919 praeut.
895 5837 1184 5919 Δεσπότου.
1209 5909 1226 5919 Α
1264 5842 1306 5919 ³ξ
1455 5837 1723 5913 ἁγίεὶσμά
1746 5864 1886 5913 μου.
1942 5837 2035 5919 llel

2139 5837 2345 5905 Corona
2368 5850 2504 5919 ejus.
2585 5851 2628 5882 ³²
2660 5837 2780 5906 an.
2823 5850 2842 5903 ι
2876 5846 2972 5901 τοῦ
3007 5847 3064 5901 δὲ
3085 5837 3447 5916 ἁγιάσματος.
3490 5837 3503 5841 ”
3524 5841 3570 5873 ³³
3603 5838 3734 5894 Τῶν

456 5903 629 5959 ἁναό.
658 5905 779 5959 cod.
812 5906 963 5963 Alea.
1002 5908 1129 5964 add.
1160 5909 1238 5979 τῷ
1270 5914 1452 5980 Δαϐίδ,
1484 5903 1762 5983 puscunte
1784 5925 1930 5973 tcatu
1976 5916 2136 5975 llebr.
