  <div class='ocr_page' id='page_1' title='image "/cluster/home/n/w/nwhite01/storage/ocr_20150623/80:no.1/coo.31924054869817/963.png"; bbox 0 0 4128 6444; ppageno 0'>
   <div class='ocr_carea' id='block_1_1' title="bbox 437 440 569 507">
    <p class='ocr_par' dir='ltr' id='par_1_1' title="bbox 437 440 569 507">
     <span class='ocr_line' id='line_1_1' title="bbox 437 440 569 507; baseline 0 -2"><span class='ocrx_word' id='word_1_1' title='bbox 437 440 569 507; x_wconf 71' lang='grc'><strong>1911</strong></span> 
     </span>
    </p>
   </div>
   <div class='ocr_carea' id='block_1_2' title="bbox 1437 447 2715 511">
    <p class='ocr_par' dir='ltr' id='par_1_2' title="bbox 1437 447 2715 511">
     <span class='ocr_line' id='line_1_2' title="bbox 1437 447 2715 511; baseline -0.001 -4"><span class='ocrx_word' id='word_1_2' title='bbox 1437 450 1925 511; x_wconf 71' lang='lat' dir='ltr'><strong>TIIEODORETI</strong></span> <span class='ocrx_word' id='word_1_3' title='bbox 1972 448 2318 509; x_wconf 86' lang='lat' dir='ltr'><strong>EPISCOPI</strong></span> <span class='ocrx_word' id='word_1_4' title='bbox 2341 447 2715 509; x_wconf 80' lang='lat' dir='ltr'><strong>CYRENSIS</strong></span> 
     </span>
    </p>
   </div>
   <div class='ocr_carea' id='block_1_3' title="bbox 3590 441 3723 507">
    <p class='ocr_par' dir='ltr' id='par_1_3' title="bbox 3590 441 3723 507">
     <span class='ocr_line' id='line_1_3' title="bbox 3590 441 3723 507; baseline 0 -3"><span class='ocrx_word' id='word_1_5' title='bbox 3590 441 3723 507; x_wconf 67' lang='grc' dir='ltr'>ποις).</span> 
     </span>
    </p>
   </div>
   <div class='ocr_carea' id='block_1_4' title="bbox 436 555 2031 633">
    <p class='ocr_par' dir='ltr' id='par_1_4' title="bbox 436 556 2024 629">
     <span class='ocr_line' id='line_1_4' title="bbox 436 556 2024 629; baseline -0.001 -16"><span class='ocrx_word' id='word_1_6' title='bbox 436 560 615 614; x_wconf 80' lang='lat' dir='ltr'><strong>t~ilzus</strong></span> <span class='ocrx_word' id='word_1_7' title='bbox 654 557 842 614; x_wconf 65' lang='lat' dir='ltr'><strong>divisae</strong></span> <span class='ocrx_word' id='word_1_8' title='bbox 894 556 1136 619; x_wconf 76' lang='lat' dir='ltr'><strong>fuerunt,</strong></span> <span class='ocrx_word' id='word_1_9' title='bbox 1175 566 1229 612; x_wconf 87' lang='lat' dir='ltr'><strong>et</strong></span> <span class='ocrx_word' id='word_1_10' title='bbox 1267 556 1454 612; x_wconf 56' lang='lat' dir='ltr'><strong>deci&#39;m</strong></span> <span class='ocrx_word' id='word_1_11' title='bbox 1500 560 1722 629; x_wconf 99' lang='lat' dir='ltr'><strong>quidem</strong></span> <span class='ocrx_word' id='word_1_12' title='bbox 1758 561 2024 616; x_wconf 71' lang='lat' dir='ltr'><strong>Jurobna-</strong></span> 
     </span>
    </p>
   </div>
   <div class='ocr_carea' id='block_1_5' title="bbox 2137 555 3725 633">
    <p class='ocr_par' dir='ltr' id='par_1_5' title="bbox 2137 555 3725 633">
     <span class='ocr_line' id='line_1_5' title="bbox 2137 555 3725 633; baseline -0.003 -19"><span class='ocrx_word' id='word_1_13' title='bbox 2137 562 2467 633; x_wconf 77' lang='grc' dir='ltr'><strong>διῃρέθησαν</strong></span> <span class='ocrx_word' id='word_1_14' title='bbox 2492 562 2550 613; x_wconf 87' lang='grc' dir='ltr'><strong>αί</strong></span> <span class='ocrx_word' id='word_1_15' title='bbox 2582 559 2768 628; x_wconf 76' lang='grc' dir='ltr'>φυλαὶ,</span> <span class='ocrx_word' id='word_1_16' title='bbox 2803 557 2897 613; x_wconf 66' lang='grc' dir='ltr'><strong>καὶ</strong></span> <span class='ocrx_word' id='word_1_17' title='bbox 2928 558 2983 611; x_wconf 86' lang='grc' dir='ltr'>αἱ</span> <span class='ocrx_word' id='word_1_18' title='bbox 3016 555 3114 626; x_wconf 78' lang='grc' dir='ltr'>μὲν</span> <span class='ocrx_word' id='word_1_19' title='bbox 3150 556 3283 611; x_wconf 84' lang='grc' dir='ltr'>δέκα</span> <span class='ocrx_word' id='word_1_20' title='bbox 3314 556 3393 627; x_wconf 82' lang='grc' dir='ltr'>τῷ</span> <span class='ocrx_word' id='word_1_21' title='bbox 3439 556 3725 628; x_wconf 74' lang='grc' dir='ltr'>Ἱεροϐοὰμ</span> 
     </span>
    </p>
   </div>
   <div class='ocr_carea' id='block_1_6' title="bbox 434 648 2023 725">
    <p class='ocr_par' dir='ltr' id='par_1_6' title="bbox 434 648 2023 725">
     <span class='ocr_line' id='line_1_6' title="bbox 434 648 2023 725; baseline 0.004 -21"><span class='ocrx_word' id='word_1_22' title='bbox 434 667 587 705; x_wconf 89' lang='lat' dir='ltr'><strong>mum</strong></span> <span class='ocrx_word' id='word_1_23' title='bbox 632 658 835 707; x_wconf 68' lang='lat' dir='ltr'><strong>secutae</strong></span> <span class='ocrx_word' id='word_1_24' title='bbox 879 657 1028 715; x_wconf 88' lang='lat' dir='ltr'><strong>sunt,</strong></span> <span class='ocrx_word' id='word_1_25' title='bbox 1075 648 1196 704; x_wconf 69' lang='lat' dir='ltr'><strong>dua:</strong></span> <span class='ocrx_word' id='word_1_26' title='bbox 1242 664 1373 703; x_wconf 81' lang='lat' dir='ltr'><strong>vero</strong></span> <span class='ocrx_word' id='word_1_27' title='bbox 1430 651 1746 707; x_wconf 87' lang='lat' dir='ltr'><strong>Davidicum</strong></span> <span class='ocrx_word' id='word_1_28' title='bbox 1793 670 2023 725; x_wconf 78' lang='lat' dir='ltr'><strong>regnum</strong></span> 
     </span>
    </p>
   </div>
   <div class='ocr_carea' id='block_1_7' title="bbox 436 738 2025 816">
    <p class='ocr_par' dir='ltr' id='par_1_7' title="bbox 436 738 2025 816">
     <span class='ocr_line' id='line_1_7' title="bbox 436 738 2025 816; baseline 0.004 -21"><span class='ocrx_word' id='word_1_29' title='bbox 436 751 565 796; x_wconf 88' lang='lat' dir='ltr'><strong>sunt</strong></span> <span class='ocrx_word' id='word_1_30' title='bbox 633 740 917 811; x_wconf 64' lang='lat' dir='ltr'><strong>amplexae.</strong></span> <span class='ocrx_word' id='word_1_31' title='bbox 984 738 1115 794; x_wconf 83' lang='lat' dir='ltr'><strong>Post</strong></span> <span class='ocrx_word' id='word_1_32' title='bbox 1183 740 1417 795; x_wconf 77' lang='lat' dir='ltr'><strong>reditum</strong></span> <span class='ocrx_word' id='word_1_33' title='bbox 1486 742 1653 813; x_wconf 89' lang='lat' dir='ltr'><strong>igitur</strong></span> <span class='ocrx_word' id='word_1_34' title='bbox 1726 745 1940 816; x_wconf 74' lang='lat'><strong>1512</strong></span> <span class='ocrx_word' id='word_1_35' title='bbox 1992 763 2025 802; x_wconf 91' lang='lat' dir='ltr'><strong>e</strong></span> 
     </span>
    </p>
   </div>
   <div class='ocr_carea' id='block_1_8' title="bbox 435 831 2027 902">
    <p class='ocr_par' dir='ltr' id='par_1_8' title="bbox 435 831 2027 902">
     <span class='ocr_line' id='line_1_8' title="bbox 435 831 2027 902; baseline 0.005 -17"><span class='ocrx_word' id='word_1_36' title='bbox 435 831 735 902; x_wconf 79' lang='lat' dir='ltr'><strong>Babylone,</strong></span> <span class='ocrx_word' id='word_1_37' title='bbox 768 842 821 888; x_wconf 89' lang='lat' dir='ltr'><strong>et</strong></span> <span class='ocrx_word' id='word_1_38' title='bbox 867 847 1057 888; x_wconf 81' lang='lat' dir='ltr'><strong>rursus</strong></span> <span class='ocrx_word' id='word_1_39' title='bbox 1097 831 1369 898; x_wconf 88' lang='lat' dir='ltr'><strong>coierunt,</strong></span> <span class='ocrx_word' id='word_1_40' title='bbox 1427 842 1482 888; x_wconf 87' lang='lat' dir='ltr'><strong>et</strong></span> <span class='ocrx_word' id='word_1_41' title='bbox 1527 837 1882 892; x_wconf 83' lang='lat' dir='ltr'><strong>concordiam</strong></span> <span class='ocrx_word' id='word_1_42' title='bbox 1928 840 2027 893; x_wconf 87' lang='lat' dir='ltr'><strong>ad-</strong></span> 
     </span>
    </p>
   </div>
   <div class='ocr_carea' id='block_1_9' title="bbox 436 924 2024 996">
    <p class='ocr_par' dir='ltr' id='par_1_9' title="bbox 436 924 2024 996">
     <span class='ocr_line' id='line_1_9' title="bbox 436 924 2024 996; baseline 0.007 -21"><span class='ocrx_word' id='word_1_43' title='bbox 436 933 713 988; x_wconf 86' lang='lat' dir='ltr'><strong>amarunt,</strong></span> <span class='ocrx_word' id='word_1_44' title='bbox 762 933 817 987; x_wconf 88' lang='lat' dir='ltr'><strong>et</strong></span> <span class='ocrx_word' id='word_1_45' title='bbox 861 940 1030 977; x_wconf 90' lang='lat' dir='ltr'><strong>unum</strong></span> <span class='ocrx_word' id='word_1_46' title='bbox 1076 924 1390 979; x_wconf 86' lang='lat' dir='ltr'><strong>habuerunt</strong></span> <span class='ocrx_word' id='word_1_47' title='bbox 1441 927 1756 996; x_wconf 86' lang='lat' dir='ltr'><strong>imperium,</strong></span> <span class='ocrx_word' id='word_1_48' title='bbox 1785 938 1840 983; x_wconf 87' lang='lat' dir='ltr'><strong>et</strong></span> <span class='ocrx_word' id='word_1_49' title='bbox 1869 946 2024 986; x_wconf 88' lang='lat' dir='ltr'><strong>com-</strong></span> 
     </span>
    </p>
   </div>
   <div class='ocr_carea' id='block_1_10' title="bbox 437 1018 2022 1089">
    <p class='ocr_par' dir='ltr' id='par_1_10' title="bbox 437 1018 2022 1089">
     <span class='ocr_line' id='line_1_10' title="bbox 437 1018 2022 1089; baseline 0.003 -21"><span class='ocrx_word' id='word_1_50' title='bbox 437 1031 659 1073; x_wconf 89' lang='lat' dir='ltr'><strong>munem</strong></span> <span class='ocrx_word' id='word_1_51' title='bbox 730 1018 940 1072; x_wconf 91' lang='lat' dir='ltr'><strong>cultum</strong></span> <span class='ocrx_word' id='word_1_52' title='bbox 1015 1019 1317 1074; x_wconf 84' lang='lat' dir='ltr'><strong>secundum</strong></span> <span class='ocrx_word' id='word_1_53' title='bbox 1395 1020 1566 1089; x_wconf 77' lang='lat' dir='ltr'><strong>legem</strong></span> <span class='ocrx_word' id='word_1_54' title='bbox 1633 1022 2022 1077; x_wconf 78' lang='lat' dir='ltr'><strong>exbibnerunt.</strong></span> 
     </span>
    </p>
   </div>
   <div class='ocr_carea' id='block_1_11' title="bbox 439 1106 2025 1184">
    <p class='ocr_par' dir='ltr' id='par_1_11' title="bbox 439 1106 2025 1184">
     <span class='ocr_line' id='line_1_11' title="bbox 439 1106 2025 1184; baseline 0.006 -24"><span class='ocrx_word' id='word_1_55' title='bbox 439 1106 566 1164; x_wconf 65' lang='lat' dir='ltr'><strong>Haec</strong></span> <span class='ocrx_word' id='word_1_56' title='bbox 598 1110 766 1180; x_wconf 87' lang='lat' dir='ltr'><strong>igitur</strong></span> <span class='ocrx_word' id='word_1_57' title='bbox 817 1110 921 1165; x_wconf 90' lang='lat' dir='ltr'><strong>iste</strong></span> <span class='ocrx_word' id='word_1_58' title='bbox 977 1110 1225 1179; x_wconf 81' lang='lat' dir='ltr'><strong>psalmus</strong></span> <span class='ocrx_word' id='word_1_59' title='bbox 1277 1111 1522 1180; x_wconf 81' lang='lat' dir='ltr'><strong>praecinit</strong></span> <span class='ocrx_word' id='word_1_60' title='bbox 1567 1131 1580 1166; x_wconf 90' lang='lat'><strong>:</strong></span> <span class='ocrx_word' id='word_1_61' title='bbox 1631 1132 1650 1163; x_wconf 75' lang='grc' dir='ltr'><strong>ι</strong></span> <span class='ocrx_word' id='word_1_62' title='bbox 1690 1112 1830 1169; x_wconf 86' lang='lat' dir='ltr'><strong>Ecce</strong></span> <span class='ocrx_word' id='word_1_63' title='bbox 1860 1131 2025 1184; x_wconf 89' lang='lat' dir='ltr'><strong>quam</strong></span> 
     </span>
    </p>
   </div>
   <div class='ocr_carea' id='block_1_12' title="bbox 438 1204 2029 1273">
    <p class='ocr_par' dir='ltr' id='par_1_12' title="bbox 438 1204 2029 1273">
     <span class='ocr_line' id='line_1_12' title="bbox 438 1204 2029 1273; baseline 0.004 -16"><span class='ocrx_word' id='word_1_64' title='bbox 438 1204 697 1264; x_wconf 89' lang='lat' dir='ltr'><strong>bonum,</strong></span> <span class='ocrx_word' id='word_1_65' title='bbox 775 1211 832 1256; x_wconf 90' lang='lat' dir='ltr'><strong>et</strong></span> <span class='ocrx_word' id='word_1_66' title='bbox 890 1218 1056 1272; x_wconf 84' lang='lat' dir='ltr'><strong>quam</strong></span> <span class='ocrx_word' id='word_1_67' title='bbox 1128 1204 1432 1273; x_wconf 85' lang='lat' dir='ltr'><strong>jucundum</strong></span> <span class='ocrx_word' id='word_1_68' title='bbox 1511 1207 1757 1261; x_wconf 87' lang='lat' dir='ltr'><strong>habitare</strong></span> <span class='ocrx_word' id='word_1_69' title='bbox 1828 1208 2029 1264; x_wconf 68' lang='lat' dir='ltr'><strong>fratres</strong></span> 
     </span>
    </p>
   </div>
   <div class='ocr_carea' id='block_1_13' title="bbox 442 1293 2027 1365">
    <p class='ocr_par' dir='ltr' id='par_1_13' title="bbox 442 1293 2027 1365">
     <span class='ocr_line' id='line_1_13' title="bbox 442 1293 2027 1365; baseline 0.006 -18"><span class='ocrx_word' id='word_1_70' title='bbox 442 1310 570 1351; x_wconf 87' lang='lat' dir='ltr'><strong>una.</strong></span> <span class='ocrx_word' id='word_1_71' title='bbox 614 1314 631 1345; x_wconf 84' lang='grc'><strong>›</strong></span> <span class='ocrx_word' id='word_1_72' title='bbox 670 1293 773 1349; x_wconf 86' lang='lat' dir='ltr'><strong>Per</strong></span> <span class='ocrx_word' id='word_1_73' title='bbox 808 1295 978 1363; x_wconf 88' lang='lat' dir='ltr'><strong>ipsos,</strong></span> <span class='ocrx_word' id='word_1_74' title='bbox 1012 1295 1218 1365; x_wconf 86' lang='lat' dir='ltr'><strong>inquit,</strong></span> <span class='ocrx_word' id='word_1_75' title='bbox 1256 1307 1486 1353; x_wconf 84' lang='lat' dir='ltr'><strong>eventus</strong></span> <span class='ocrx_word' id='word_1_76' title='bbox 1521 1298 1838 1365; x_wconf 79' lang='lat' dir='ltr'><strong>didicimus,</strong></span> <span class='ocrx_word' id='word_1_77' title='bbox 1892 1302 2027 1356; x_wconf 86' lang='lat' dir='ltr'><strong>nihil</strong></span> 
     </span>
    </p>
   </div>
   <div class='ocr_carea' id='block_1_14' title="bbox 440 1383 2027 1453">
    <p class='ocr_par' dir='ltr' id='par_1_14' title="bbox 440 1383 2027 1453">
     <span class='ocr_line' id='line_1_14' title="bbox 440 1383 2027 1453; baseline 0.003 -12"><span class='ocrx_word' id='word_1_78' title='bbox 440 1386 682 1441; x_wconf 79' lang='lat' dir='ltr'><strong>fraterna</strong></span> <span class='ocrx_word' id='word_1_79' title='bbox 717 1384 1016 1440; x_wconf 84' lang='lat' dir='ltr'><strong>concordia</strong></span> <span class='ocrx_word' id='word_1_80' title='bbox 1046 1383 1352 1453; x_wconf 88' lang='lat' dir='ltr'><strong>jucundius</strong></span> <span class='ocrx_word' id='word_1_81' title='bbox 1398 1401 1540 1441; x_wconf 84' lang='lat' dir='ltr'><strong>esse.</strong></span> <span class='ocrx_word' id='word_1_82' title='bbox 1591 1384 1810 1442; x_wconf 74' lang='lat' dir='ltr'><strong>Fratres</strong></span> <span class='ocrx_word' id='word_1_83' title='bbox 1844 1399 2027 1445; x_wconf 86' lang='lat' dir='ltr'><strong>autem</strong></span> 
     </span>
    </p>
   </div>
   <div class='ocr_carea' id='block_1_15' title="bbox 440 1475 2027 1551">
    <p class='ocr_par' dir='ltr' id='par_1_15' title="bbox 440 1475 2027 1551">
     <span class='ocr_line' id='line_1_15' title="bbox 440 1475 2027 1551; baseline 0.006 -22"><span class='ocrx_word' id='word_1_84' title='bbox 440 1478 680 1546; x_wconf 80' lang='lat' dir='ltr'><strong>appellat</strong></span> <span class='ocrx_word' id='word_1_85' title='bbox 728 1475 930 1540; x_wconf 85' lang='lat' dir='ltr'><strong>tribus,</strong></span> <span class='ocrx_word' id='word_1_86' title='bbox 981 1476 1243 1545; x_wconf 87' lang='lat' dir='ltr'><strong>quoniam</strong></span> <span class='ocrx_word' id='word_1_87' title='bbox 1291 1477 1485 1532; x_wconf 88' lang='lat' dir='ltr'><strong>barum</strong></span> <span class='ocrx_word' id='word_1_88' title='bbox 1532 1479 1695 1533; x_wconf 89' lang='lat' dir='ltr'><strong>etiam</strong></span> <span class='ocrx_word' id='word_1_89' title='bbox 1729 1480 2027 1551; x_wconf 83' lang='lat' dir='ltr'><strong>principes.</strong></span> 
     </span>
    </p>
   </div>
   <div class='ocr_carea' id='block_1_16' title="bbox 440 1569 2028 1642">
    <p class='ocr_par' dir='ltr' id='par_1_16' title="bbox 440 1569 2028 1642">
     <span class='ocr_line' id='line_1_16' title="bbox 440 1569 2028 1642; baseline 0.004 -21"><span class='ocrx_word' id='word_1_90' title='bbox 440 1588 469 1622; x_wconf 87' lang='lat' dir='ltr'><strong>a</strong></span> <span class='ocrx_word' id='word_1_91' title='bbox 534 1569 736 1638; x_wconf 81' lang='lat' dir='ltr'><strong>quibus</strong></span> <span class='ocrx_word' id='word_1_92' title='bbox 797 1584 996 1622; x_wconf 83' lang='lat' dir='ltr'><strong>nomen</strong></span> <span class='ocrx_word' id='word_1_93' title='bbox 1050 1579 1424 1639; x_wconf 86' lang='lat' dir='ltr'><strong>acceperunt,</strong></span> <span class='ocrx_word' id='word_1_94' title='bbox 1486 1570 1649 1627; x_wconf 86' lang='lat' dir='ltr'><strong>unius</strong></span> <span class='ocrx_word' id='word_1_95' title='bbox 1702 1574 1873 1642; x_wconf 85' lang='lat' dir='ltr'><strong>patris</strong></span> <span class='ocrx_word' id='word_1_96' title='bbox 1933 1572 2028 1629; x_wconf 83' lang='lat' dir='ltr'><strong>lilii</strong></span> 
     </span>
    </p>
   </div>
   <div class='ocr_carea' id='block_1_17' title="bbox 441 1673 619 1718">
    <p class='ocr_par' dir='ltr' id='par_1_17' title="bbox 441 1673 619 1718">
     <span class='ocr_line' id='line_1_17' title="bbox 441 1673 619 1718; baseline -0.011 0"><span class='ocrx_word' id='word_1_97' title='bbox 441 1673 619 1718; x_wconf 87' lang='lat' dir='ltr'><strong>erant.</strong></span> 
     </span>
    </p>
   </div>
   <div class='ocr_carea' id='block_1_18' title="bbox 517 1754 2028 1831">
    <p class='ocr_par' dir='ltr' id='par_1_18' title="bbox 517 1754 2028 1831">
     <span class='ocr_line' id='line_1_18' title="bbox 517 1754 2028 1831; baseline 0.005 -23"><span class='ocrx_word' id='word_1_98' title='bbox 517 1754 681 1812; x_wconf 71' lang='lat' dir='ltr'><strong>Vens.</strong></span> <span class='ocrx_word' id='word_1_99' title='bbox 724 1759 777 1812; x_wconf 78' lang='lat'><strong>2.</strong></span> <span class='ocrx_word' id='word_1_100' title='bbox 829 1776 848 1809; x_wconf 85' lang='grc'><strong>‹</strong></span> <span class='ocrx_word' id='word_1_101' title='bbox 888 1758 1038 1814; x_wconf 82' lang='lat' dir='ltr'><strong>Sicut</strong></span> <span class='ocrx_word' id='word_1_102' title='bbox 1096 1767 1437 1830; x_wconf 77' lang='lat' dir='ltr'><strong>unguentum</strong></span> <span class='ocrx_word' id='word_1_103' title='bbox 1491 1762 1543 1813; x_wconf 92' lang='lat' dir='ltr'><strong>in</strong></span> <span class='ocrx_word' id='word_1_104' title='bbox 1606 1762 1823 1831; x_wconf 78' lang='lat' dir='ltr'><strong>capite,</strong></span> <span class='ocrx_word' id='word_1_105' title='bbox 1879 1762 2028 1830; x_wconf 88' lang='lat' dir='ltr'><strong>quod</strong></span> 
     </span>
    </p>
   </div>
   <div class='ocr_carea' id='block_1_19' title="bbox 442 1847 2027 1916">
    <p class='ocr_par' dir='ltr' id='par_1_19' title="bbox 442 1847 2027 1916">
     <span class='ocr_line' id='line_1_19' title="bbox 442 1847 2027 1916; baseline 0.003 -13"><span class='ocrx_word' id='word_1_106' title='bbox 442 1847 730 1905; x_wconf 77' lang='lat' dir='ltr'><strong>descendit</strong></span> <span class='ocrx_word' id='word_1_107' title='bbox 779 1849 833 1904; x_wconf 93' lang='lat' dir='ltr'><strong>in</strong></span> <span class='ocrx_word' id='word_1_108' title='bbox 876 1852 1124 1916; x_wconf 80' lang='lat' dir='ltr'><strong>barbam,</strong></span> <span class='ocrx_word' id='word_1_109' title='bbox 1177 1852 1403 1907; x_wconf 83' lang='lat' dir='ltr'><strong>barbam</strong></span> <span class='ocrx_word' id='word_1_110' title='bbox 1458 1853 1716 1908; x_wconf 88' lang='lat' dir='ltr'><strong>Aaronis.</strong></span> <span class='ocrx_word' id='word_1_111' title='bbox 1759 1874 1777 1906; x_wconf 75' lang='grc' dir='ltr'><strong>ι</strong></span> <span class='ocrx_word' id='word_1_112' title='bbox 1835 1854 2027 1910; x_wconf 87' lang='lat' dir='ltr'><strong>Oleum</strong></span> 
     </span>
    </p>
   </div>
   <div class='ocr_carea' id='block_1_20' title="bbox 444 1935 2025 2014">
    <p class='ocr_par' dir='ltr' id='par_1_20' title="bbox 444 1935 2025 2014">
     <span class='ocr_line' id='line_1_20' title="bbox 444 1935 2025 2014; baseline 0.008 -26"><span class='ocrx_word' id='word_1_113' title='bbox 444 1935 763 2003; x_wconf 83' lang='lat' dir='ltr'><strong>pontiﬁcale</strong></span> <span class='ocrx_word' id='word_1_114' title='bbox 781 1952 849 1993; x_wconf 83' lang='lat' dir='ltr'><strong>ex</strong></span> <span class='ocrx_word' id='word_1_115' title='bbox 880 1939 1046 1996; x_wconf 85' lang='lat' dir='ltr'><strong>variis</strong></span> <span class='ocrx_word' id='word_1_116' title='bbox 1074 1941 1451 1998; x_wconf 87' lang='lat' dir='ltr'><strong>odoramentis</strong></span> <span class='ocrx_word' id='word_1_117' title='bbox 1474 1944 1844 2014; x_wconf 79' lang='lat' dir='ltr'><strong>compositum</strong></span> <span class='ocrx_word' id='word_1_118' title='bbox 1874 1958 2025 2000; x_wconf 84' lang='lat' dir='ltr'><strong>erat:</strong></span> 
     </span>
    </p>
   </div>
   <div class='ocr_carea' id='block_1_21' title="bbox 444 2028 2031 2102">
    <p class='ocr_par' dir='ltr' id='par_1_21' title="bbox 444 2028 2031 2102">
     <span class='ocr_line' id='line_1_21' title="bbox 444 2028 2031 2102; baseline 0.006 -21"><span class='ocrx_word' id='word_1_119' title='bbox 444 2028 538 2081; x_wconf 77' lang='lat' dir='ltr'><strong>sed</strong></span> <span class='ocrx_word' id='word_1_120' title='bbox 564 2028 773 2084; x_wconf 92' lang='lat' dir='ltr'><strong>nullum</strong></span> <span class='ocrx_word' id='word_1_121' title='bbox 792 2045 984 2086; x_wconf 86' lang='lat' dir='ltr'><strong>eorum</strong></span> <span class='ocrx_word' id='word_1_122' title='bbox 1004 2048 1101 2102; x_wconf 88' lang='lat' dir='ltr'><strong>per</strong></span> <span class='ocrx_word' id='word_1_123' title='bbox 1133 2034 1371 2102; x_wconf 85' lang='lat' dir='ltr'><strong>seipsum</strong></span> <span class='ocrx_word' id='word_1_124' title='bbox 1392 2044 1601 2090; x_wconf 89' lang='lat' dir='ltr'><strong>tantum</strong></span> <span class='ocrx_word' id='word_1_125' title='bbox 1629 2037 1852 2093; x_wconf 91' lang='lat' dir='ltr'><strong>odorem</strong></span> <span class='ocrx_word' id='word_1_126' title='bbox 1871 2038 2031 2092; x_wconf 89' lang='lat' dir='ltr'><strong>emit-</strong></span> 
     </span>
    </p>
   </div>
   <div class='ocr_carea' id='block_1_22' title="bbox 444 2118 2028 2201">
    <p class='ocr_par' dir='ltr' id='par_1_22' title="bbox 444 2118 2028 2201">
     <span class='ocr_line' id='line_1_22' title="bbox 444 2118 2028 2201; baseline 0.008 -30"><span class='ocrx_word' id='word_1_127' title='bbox 444 2118 611 2182; x_wconf 76' lang='lat' dir='ltr'><strong>tebat,</strong></span> <span class='ocrx_word' id='word_1_128' title='bbox 643 2121 738 2175; x_wconf 90' lang='lat' dir='ltr'><strong>sed</strong></span> <span class='ocrx_word' id='word_1_129' title='bbox 766 2123 1015 2178; x_wconf 89' lang='lat' dir='ltr'><strong>omnium</strong></span> <span class='ocrx_word' id='word_1_130' title='bbox 1050 2125 1236 2180; x_wconf 83' lang='lat' dir='ltr'><strong>mistio</strong></span> <span class='ocrx_word' id='word_1_131' title='bbox 1261 2135 1316 2180; x_wconf 92' lang='lat' dir='ltr'><strong>et</strong></span> <span class='ocrx_word' id='word_1_132' title='bbox 1345 2136 1838 2197; x_wconf 87' lang='lat' dir='ltr'><strong>temperamentum</strong></span> <span class='ocrx_word' id='word_1_133' title='bbox 1863 2147 2028 2201; x_wconf 86' lang='lat' dir='ltr'><strong>quam</strong></span> 
     </span>
    </p>
   </div>
   <div class='ocr_carea' id='block_1_23' title="bbox 442 2206 2031 2275">
    <p class='ocr_par' dir='ltr' id='par_1_23' title="bbox 442 2206 2031 2275">
     <span class='ocr_line' id='line_1_23' title="bbox 442 2206 2031 2275; baseline 0.01 -16"><span class='ocrx_word' id='word_1_134' title='bbox 442 2206 737 2275; x_wconf 88' lang='lat' dir='ltr'><strong>plurimum</strong></span> <span class='ocrx_word' id='word_1_135' title='bbox 770 2220 821 2265; x_wconf 91' lang='lat' dir='ltr'><strong>et</strong></span> <span class='ocrx_word' id='word_1_136' title='bbox 852 2212 1246 2269; x_wconf 83' lang='lat' dir='ltr'><strong>suavissimum</strong></span> <span class='ocrx_word' id='word_1_137' title='bbox 1280 2216 1505 2271; x_wconf 91' lang='lat' dir='ltr'><strong>odorem</strong></span> <span class='ocrx_word' id='word_1_138' title='bbox 1559 2218 1840 2275; x_wconf 84' lang='lat' dir='ltr'><strong>reddebat.</strong></span> <span class='ocrx_word' id='word_1_139' title='bbox 1893 2220 2031 2275; x_wconf 84' lang='lat' dir='ltr'><strong>Huic</strong></span> 
     </span>
    </p>
   </div>
   <div class='ocr_carea' id='block_1_24' title="bbox 443 2300 2031 2379">
    <p class='ocr_par' dir='ltr' id='par_1_24' title="bbox 443 2300 2031 2379">
     <span class='ocr_line' id='line_1_24' title="bbox 443 2300 2031 2379; baseline 0.011 -29"><span class='ocrx_word' id='word_1_140' title='bbox 443 2300 640 2355; x_wconf 87' lang='lat' dir='ltr'><strong>merito</strong></span> <span class='ocrx_word' id='word_1_141' title='bbox 691 2300 1002 2359; x_wconf 82' lang='lat' dir='ltr'><strong>fraternum</strong></span> <span class='ocrx_word' id='word_1_142' title='bbox 1037 2319 1373 2363; x_wconf 83' lang='lat' dir='ltr'><strong>consensum</strong></span> <span class='ocrx_word' id='word_1_143' title='bbox 1417 2312 1785 2379; x_wconf 85' lang='lat' dir='ltr'><strong>comparavit.</strong></span> <span class='ocrx_word' id='word_1_144' title='bbox 1831 2312 2031 2367; x_wconf 75' lang='lat' dir='ltr'><strong>Multo-</strong></span> 
     </span>
    </p>
   </div>
   <div class='ocr_carea' id='block_1_25' title="bbox 443 2393 2034 2474">
    <p class='ocr_par' dir='ltr' id='par_1_25' title="bbox 443 2393 2034 2474">
     <span class='ocr_line' id='line_1_25' title="bbox 443 2393 2034 2474; baseline 0.01 -30"><span class='ocrx_word' id='word_1_145' title='bbox 443 2406 563 2445; x_wconf 91' lang='lat' dir='ltr'><strong>rum</strong></span> <span class='ocrx_word' id='word_1_146' title='bbox 590 2393 739 2448; x_wconf 89' lang='lat' dir='ltr'><strong>enim</strong></span> <span class='ocrx_word' id='word_1_147' title='bbox 767 2405 915 2450; x_wconf 88' lang='lat' dir='ltr'><strong>recte</strong></span> <span class='ocrx_word' id='word_1_148' title='bbox 943 2396 1218 2453; x_wconf 82' lang='lat' dir='ltr'><strong>factorum</strong></span> <span class='ocrx_word' id='word_1_149' title='bbox 1243 2401 1299 2454; x_wconf 90' lang='lat' dir='ltr'><strong>in</strong></span> <span class='ocrx_word' id='word_1_150' title='bbox 1331 2417 1501 2456; x_wconf 88' lang='lat' dir='ltr'><strong>unum</strong></span> <span class='ocrx_word' id='word_1_151' title='bbox 1528 2404 1752 2459; x_wconf 91' lang='lat' dir='ltr'><strong>collatio</strong></span> <span class='ocrx_word' id='word_1_152' title='bbox 1781 2404 2034 2474; x_wconf 70' lang='lat' dir='ltr'><strong>perlecta:</strong></span> 
     </span>
    </p>
   </div>
   <div class='ocr_carea' id='block_1_26' title="bbox 440 2481 2028 2558">
    <p class='ocr_par' dir='ltr' id='par_1_26' title="bbox 440 2481 2028 2558">
     <span class='ocr_line' id='line_1_26' title="bbox 440 2481 2028 2558; baseline 0.012 -25"><span class='ocrx_word' id='word_1_153' title='bbox 440 2481 662 2540; x_wconf 82' lang='lat' dir='ltr'><strong>virtutis</strong></span> <span class='ocrx_word' id='word_1_154' title='bbox 691 2486 916 2542; x_wconf 87' lang='lat' dir='ltr'><strong>odorem</strong></span> <span class='ocrx_word' id='word_1_155' title='bbox 953 2487 1137 2545; x_wconf 80' lang='lat' dir='ltr'><strong>eﬂicit.</strong></span> <span class='ocrx_word' id='word_1_156' title='bbox 1186 2512 1204 2542; x_wconf 77' lang='grc' dir='ltr'>ι</span> <span class='ocrx_word' id='word_1_157' title='bbox 1242 2490 1397 2558; x_wconf 86' lang='lat' dir='ltr'><strong>Quod</strong></span> <span class='ocrx_word' id='word_1_158' title='bbox 1444 2494 1729 2551; x_wconf 86' lang='lat' dir='ltr'><strong>descendit</strong></span> <span class='ocrx_word' id='word_1_159' title='bbox 1771 2498 1824 2550; x_wconf 90' lang='lat' dir='ltr'><strong>in</strong></span> <span class='ocrx_word' id='word_1_160' title='bbox 1875 2512 2028 2552; x_wconf 87' lang='lat' dir='ltr'><strong>oram</strong></span> 
     </span>
    </p>
   </div>
   <div class='ocr_carea' id='block_1_27' title="bbox 443 2574 2034 2655">
    <p class='ocr_par' dir='ltr' id='par_1_27' title="bbox 443 2574 2034 2655">
     <span class='ocr_line' id='line_1_27' title="bbox 443 2574 2034 2655; baseline 0.014 -32"><span class='ocrx_word' id='word_1_161' title='bbox 443 2574 754 2631; x_wconf 79' lang='lat' dir='ltr'><strong>vestimenti</strong></span> <span class='ocrx_word' id='word_1_162' title='bbox 805 2579 946 2647; x_wconf 83' lang='lat' dir='ltr'><strong>ejus.</strong></span> <span class='ocrx_word' id='word_1_163' title='bbox 987 2600 1006 2631; x_wconf 75' lang='grc' dir='ltr'><strong>ι</strong></span> <span class='ocrx_word' id='word_1_164' title='bbox 1065 2580 1144 2636; x_wconf 83' lang='grc' dir='ltr'><strong>11ιί</strong></span> <span class='ocrx_word' id='word_1_165' title='bbox 1200 2596 1503 2655; x_wconf 87' lang='lat' dir='ltr'><strong>unguento,</strong></span> <span class='ocrx_word' id='word_1_166' title='bbox 1557 2590 1657 2653; x_wconf 88' lang='lat' dir='ltr'><strong>ait,</strong></span> <span class='ocrx_word' id='word_1_167' title='bbox 1719 2590 1900 2645; x_wconf 88' lang='lat' dir='ltr'><strong>simile</strong></span> <span class='ocrx_word' id='word_1_168' title='bbox 1945 2601 2034 2646; x_wconf 90' lang='lat' dir='ltr'><strong>est</strong></span> 
     </span>
    </p>
   </div>
   <div class='ocr_carea' id='block_1_28' title="bbox 440 2666 2035 2751">
    <p class='ocr_par' dir='ltr' id='par_1_28' title="bbox 440 2666 2035 2751">
     <span class='ocr_line' id='line_1_28' title="bbox 440 2666 2035 2751; baseline 0.011 -33"><span class='ocrx_word' id='word_1_169' title='bbox 440 2666 648 2725; x_wconf 87' lang='lat' dir='ltr'><strong>donum</strong></span> <span class='ocrx_word' id='word_1_170' title='bbox 678 2669 986 2737; x_wconf 88' lang='lat' dir='ltr'><strong>charitatis,</strong></span> <span class='ocrx_word' id='word_1_171' title='bbox 1034 2675 1179 2743; x_wconf 81' lang='lat' dir='ltr'><strong>quod</strong></span> <span class='ocrx_word' id='word_1_172' title='bbox 1217 2677 1605 2735; x_wconf 77' lang='lat' dir='ltr'><strong>eﬂ&#39;undebatur</strong></span> <span class='ocrx_word' id='word_1_173' title='bbox 1647 2681 1699 2735; x_wconf 93' lang='lat' dir='ltr'><strong>in</strong></span> <span class='ocrx_word' id='word_1_174' title='bbox 1733 2691 1898 2751; x_wconf 88' lang='lat' dir='ltr'><strong>caput</strong></span> <span class='ocrx_word' id='word_1_175' title='bbox 1927 2683 2035 2736; x_wconf 82' lang='lat' dir='ltr'><strong>Aa-</strong></span> 
     </span>
    </p>
   </div>
   <div class='ocr_carea' id='block_1_29' title="bbox 443 2762 2030 2843">
    <p class='ocr_par' dir='ltr' id='par_1_29' title="bbox 443 2762 2030 2843">
     <span class='ocr_line' id='line_1_29' title="bbox 443 2762 2030 2843; baseline 0.011 -32"><span class='ocrx_word' id='word_1_176' title='bbox 443 2762 641 2817; x_wconf 88' lang='lat' dir='ltr'><strong>ronis:</strong></span> <span class='ocrx_word' id='word_1_177' title='bbox 679 2778 788 2818; x_wconf 92' lang='lat' dir='ltr'><strong>non</strong></span> <span class='ocrx_word' id='word_1_178' title='bbox 838 2768 1001 2822; x_wconf 91' lang='lat' dir='ltr'><strong>modo</strong></span> <span class='ocrx_word' id='word_1_179' title='bbox 1051 2777 1234 2824; x_wconf 89' lang='lat' dir='ltr'><strong>autem</strong></span> <span class='ocrx_word' id='word_1_180' title='bbox 1277 2770 1345 2825; x_wconf 93' lang='lat' dir='ltr'><strong>ad</strong></span> <span class='ocrx_word' id='word_1_181' title='bbox 1378 2772 1604 2827; x_wconf 88' lang='lat' dir='ltr'><strong>barbam</strong></span> <span class='ocrx_word' id='word_1_182' title='bbox 1643 2788 1817 2843; x_wconf 83' lang='lat' dir='ltr'><strong>usque</strong></span> <span class='ocrx_word' id='word_1_183' title='bbox 1864 2774 2030 2829; x_wconf 85' lang='lat' dir='ltr'><strong>deve-</strong></span> 
     </span>
    </p>
   </div>
   <div class='ocr_carea' id='block_1_30' title="bbox 444 2852 2033 2937">
    <p class='ocr_par' dir='ltr' id='par_1_30' title="bbox 444 2852 2033 2937">
     <span class='ocr_line' id='line_1_30' title="bbox 444 2852 2033 2937; baseline 0.011 -33"><span class='ocrx_word' id='word_1_184' title='bbox 444 2852 649 2920; x_wconf 87' lang='lat' dir='ltr'><strong>niebat,</strong></span> <span class='ocrx_word' id='word_1_185' title='bbox 686 2856 782 2910; x_wconf 88' lang='lat' dir='ltr'><strong>sed</strong></span> <span class='ocrx_word' id='word_1_186' title='bbox 819 2855 940 2925; x_wconf 89' lang='lat' dir='ltr'><strong>ejus</strong></span> <span class='ocrx_word' id='word_1_187' title='bbox 983 2861 1149 2915; x_wconf 87' lang='lat' dir='ltr'><strong>etiam</strong></span> <span class='ocrx_word' id='word_1_188' title='bbox 1182 2864 1425 2918; x_wconf 90' lang='lat' dir='ltr'><strong>tunicam</strong></span> <span class='ocrx_word' id='word_1_189' title='bbox 1473 2866 1619 2920; x_wconf 89' lang='lat' dir='ltr'><strong>circa</strong></span> <span class='ocrx_word' id='word_1_190' title='bbox 1663 2875 1856 2937; x_wconf 83' lang='lat' dir='ltr'><strong>pectus</strong></span> <span class='ocrx_word' id='word_1_191' title='bbox 1902 2882 2033 2921; x_wconf 87' lang='lat' dir='ltr'><strong>san-</strong></span> 
     </span>
    </p>
   </div>
   <div class='ocr_carea' id='block_1_31' title="bbox 442 2946 2033 3027">
    <p class='ocr_par' dir='ltr' id='par_1_31' title="bbox 442 2946 2033 3027">
     <span class='ocr_line' id='line_1_31' title="bbox 442 2946 2033 3027; baseline 0.009 -31"><span class='ocrx_word' id='word_1_192' title='bbox 442 2950 587 3000; x_wconf 86' lang='lat' dir='ltr'><strong>ctam</strong></span> <span class='ocrx_word' id='word_1_193' title='bbox 627 2946 911 3006; x_wconf 84' lang='lat' dir='ltr'><strong>reddebat.</strong></span> <span class='ocrx_word' id='word_1_194' title='bbox 957 2950 1123 3008; x_wconf 88' lang='lat' dir='ltr'><strong>Oram</strong></span> <span class='ocrx_word' id='word_1_195' title='bbox 1155 2955 1299 3009; x_wconf 90' lang='lat' dir='ltr'><strong>enim</strong></span> <span class='ocrx_word' id='word_1_196' title='bbox 1351 2957 1587 3022; x_wconf 88' lang='lat' dir='ltr'><strong>vocavit,</strong></span> <span class='ocrx_word' id='word_1_197' title='bbox 1634 2974 1799 3027; x_wconf 90' lang='lat' dir='ltr'><strong>quam</strong></span> <span class='ocrx_word' id='word_1_198' title='bbox 1833 2959 2033 3012; x_wconf 82' lang='lat' dir='ltr'><strong>collare</strong></span> 
     </span>
    </p>
   </div>
   <div class='ocr_carea' id='block_1_32' title="bbox 443 3038 2033 3118">
    <p class='ocr_par' dir='ltr' id='par_1_32' title="bbox 443 3038 2033 3118">
     <span class='ocr_line' id='line_1_32' title="bbox 443 3038 2033 3118; baseline 0.005 -23"><span class='ocrx_word' id='word_1_199' title='bbox 443 3038 819 3108; x_wconf 79' lang='lat' dir='ltr'><strong>appellamus,</strong></span> <span class='ocrx_word' id='word_1_200' title='bbox 875 3044 978 3100; x_wconf 86' lang='lat' dir='ltr'><strong>hoc</strong></span> <span class='ocrx_word' id='word_1_201' title='bbox 1022 3056 1205 3101; x_wconf 89' lang='lat' dir='ltr'><strong>autem</strong></span> <span class='ocrx_word' id='word_1_202' title='bbox 1250 3048 1447 3118; x_wconf 83' lang='lat' dir='ltr'><strong>Aquila</strong></span> <span class='ocrx_word' id='word_1_203' title='bbox 1491 3052 1926 3105; x_wconf 78' lang='lat' dir='ltr'><strong>vestimentorum</strong></span> <span class='ocrx_word' id='word_1_204' title='bbox 1976 3068 2033 3105; x_wconf 81' lang='lat' dir='ltr'><strong>os</strong></span> 
     </span>
    </p>
   </div>
   <div class='ocr_carea' id='block_1_33' title="bbox 443 3128 2033 3210">
    <p class='ocr_par' dir='ltr' id='par_1_33' title="bbox 443 3128 2033 3210">
     <span class='ocr_line' id='line_1_33' title="bbox 443 3128 2033 3210; baseline 0.009 -30"><span class='ocrx_word' id='word_1_205' title='bbox 443 3128 605 3183; x_wconf 83' lang='lat' dir='ltr'><strong>dixit.</strong></span> <span class='ocrx_word' id='word_1_206' title='bbox 653 3131 1131 3197; x_wconf 83' lang='lat' dir='ltr'><strong>Quemadmodum</strong></span> <span class='ocrx_word' id='word_1_207' title='bbox 1168 3137 1334 3205; x_wconf 80' lang='lat' dir='ltr'><strong>igitur</strong></span> <span class='ocrx_word' id='word_1_208' title='bbox 1381 3155 1410 3194; x_wconf 89' lang='lat' dir='ltr'><strong>a</strong></span> <span class='ocrx_word' id='word_1_209' title='bbox 1444 3140 1622 3209; x_wconf 84' lang='lat' dir='ltr'><strong>capite</strong></span> <span class='ocrx_word' id='word_1_210' title='bbox 1660 3155 1757 3210; x_wconf 87' lang='lat' dir='ltr'><strong>per</strong></span> <span class='ocrx_word' id='word_1_211' title='bbox 1807 3140 2033 3195; x_wconf 74' lang='lat' dir='ltr'><strong>barbam</strong></span> 
     </span>
    </p>
   </div>
   <div class='ocr_carea' id='block_1_34' title="bbox 443 3221 2032 3299">
    <p class='ocr_par' dir='ltr' id='par_1_34' title="bbox 443 3221 2032 3299">
     <span class='ocr_line' id='line_1_34' title="bbox 443 3221 2032 3299; baseline 0.009 -26"><span class='ocrx_word' id='word_1_212' title='bbox 443 3221 509 3275; x_wconf 88' lang='lat' dir='ltr'><strong>ad</strong></span> <span class='ocrx_word' id='word_1_213' title='bbox 559 3231 766 3279; x_wconf 88' lang='lat' dir='ltr'><strong>vestem</strong></span> <span class='ocrx_word' id='word_1_214' title='bbox 805 3242 981 3296; x_wconf 92' lang='lat' dir='ltr'><strong>usque</strong></span> <span class='ocrx_word' id='word_1_215' title='bbox 1007 3229 1023 3245; x_wconf 81' lang='lat'><strong><em>‘</em></strong></span> <span class='ocrx_word' id='word_1_216' title='bbox 1059 3243 1276 3283; x_wconf 88' lang='lat' dir='ltr'><strong>sacrum</strong></span> <span class='ocrx_word' id='word_1_217' title='bbox 1324 3240 1663 3299; x_wconf 83' lang='lat' dir='ltr'><strong>unguentum</strong></span> <span class='ocrx_word' id='word_1_218' title='bbox 1710 3231 2032 3293; x_wconf 86' lang='lat' dir='ltr'><strong>decurrens,</strong></span> 
     </span>
    </p>
   </div>
   <div class='ocr_carea' id='block_1_35' title="bbox 443 3312 2035 3392">
    <p class='ocr_par' dir='ltr' id='par_1_35' title="bbox 443 3312 2035 3392">
     <span class='ocr_line' id='line_1_35' title="bbox 443 3312 2035 3392; baseline 0.006 -26"><span class='ocrx_word' id='word_1_219' title='bbox 443 3312 612 3369; x_wconf 90' lang='lat' dir='ltr'><strong>odore</strong></span> <span class='ocrx_word' id='word_1_220' title='bbox 673 3318 1020 3374; x_wconf 88' lang='lat' dir='ltr'><strong>sacerdotem</strong></span> <span class='ocrx_word' id='word_1_221' title='bbox 1072 3319 1333 3389; x_wconf 89' lang='lat' dir='ltr'><strong>implebat</strong></span> <span class='ocrx_word' id='word_1_222' title='bbox 1376 3341 1387 3374; x_wconf 90' lang='lat'><strong>:</strong></span> <span class='ocrx_word' id='word_1_223' title='bbox 1447 3324 1530 3378; x_wconf 90' lang='lat' dir='ltr'><strong>sic</strong></span> <span class='ocrx_word' id='word_1_224' title='bbox 1586 3338 1616 3377; x_wconf 89' lang='lat' dir='ltr'><strong>a</strong></span> <span class='ocrx_word' id='word_1_225' title='bbox 1668 3322 1916 3392; x_wconf 81' lang='lat' dir='ltr'><strong>principe</strong></span> <span class='ocrx_word' id='word_1_226' title='bbox 1968 3323 2035 3376; x_wconf 89' lang='lat' dir='ltr'><strong>ad</strong></span> 
     </span>
    </p>
   </div>
   <div class='ocr_carea' id='block_1_36' title="bbox 445 3403 1785 3480">
    <p class='ocr_par' dir='ltr' id='par_1_36' title="bbox 445 3403 1785 3480">
     <span class='ocr_line' id='line_1_36' title="bbox 445 3403 1785 3480; baseline 0.004 -21"><span class='ocrx_word' id='word_1_227' title='bbox 445 3403 698 3462; x_wconf 83' lang='lat' dir='ltr'><strong>subditos</strong></span> <span class='ocrx_word' id='word_1_228' title='bbox 727 3422 903 3477; x_wconf 86' lang='lat' dir='ltr'><strong>usque</strong></span> <span class='ocrx_word' id='word_1_229' title='bbox 936 3410 1251 3464; x_wconf 70' lang='lat' dir='ltr'><strong>concordia:</strong></span> <span class='ocrx_word' id='word_1_230' title='bbox 1281 3412 1486 3466; x_wconf 83' lang='lat' dir='ltr'><strong>utilitas</strong></span> <span class='ocrx_word' id='word_1_231' title='bbox 1519 3412 1785 3480; x_wconf 80' lang='lat' dir='ltr'><strong>pervenit.</strong></span> 
     </span>
    </p>
   </div>
   <div class='ocr_carea' id='block_1_37' title="bbox 517 3588 2035 3665">
    <p class='ocr_par' dir='ltr' id='par_1_37' title="bbox 517 3588 2035 3665">
     <span class='ocr_line' id='line_1_37' title="bbox 517 3588 2035 3665; baseline 0.005 -26"><span class='ocrx_word' id='word_1_232' title='bbox 517 3588 685 3644; x_wconf 70' lang='lat' dir='ltr'><strong>Vens.</strong></span> <span class='ocrx_word' id='word_1_233' title='bbox 738 3590 794 3644; x_wconf 78' lang='grc'>5.</span> <span class='ocrx_word' id='word_1_234' title='bbox 858 3609 876 3641; x_wconf 72' lang='grc' dir='ltr'><strong>ι</strong></span> <span class='ocrx_word' id='word_1_235' title='bbox 930 3590 1085 3644; x_wconf 89' lang='lat' dir='ltr'><strong>Sicut</strong></span> <span class='ocrx_word' id='word_1_236' title='bbox 1145 3607 1237 3646; x_wconf 90' lang='lat' dir='ltr'><strong>ros</strong></span> <span class='ocrx_word' id='word_1_237' title='bbox 1286 3592 1501 3665; x_wconf 80' lang='lat'><strong>1513</strong></span> <span class='ocrx_word' id='word_1_238' title='bbox 1552 3591 1883 3655; x_wconf 89' lang='lat' dir='ltr'><strong>llermouis,</strong></span> <span class='ocrx_word' id='word_1_239' title='bbox 1943 3595 2035 3663; x_wconf 87' lang='lat' dir='ltr'><strong>qui</strong></span> 
     </span>
    </p>
   </div>
   <div class='ocr_carea' id='block_1_38' title="bbox 444 3683 2037 3742">
    <p class='ocr_par' dir='ltr' id='par_1_38' title="bbox 444 3683 2037 3742">
     <span class='ocr_line' id='line_1_38' title="bbox 444 3683 2037 3742; baseline 0.003 -6"><span class='ocrx_word' id='word_1_240' title='bbox 444 3683 731 3739; x_wconf 84' lang='lat' dir='ltr'><strong>descendit</strong></span> <span class='ocrx_word' id='word_1_241' title='bbox 766 3684 820 3737; x_wconf 91' lang='lat' dir='ltr'><strong>in</strong></span> <span class='ocrx_word' id='word_1_242' title='bbox 869 3694 1110 3740; x_wconf 88' lang='lat' dir='ltr'><strong>montem</strong></span> <span class='ocrx_word' id='word_1_243' title='bbox 1158 3684 1313 3741; x_wconf 89' lang='lat' dir='ltr'><strong>Sion.</strong></span> <span class='ocrx_word' id='word_1_244' title='bbox 1350 3707 1366 3739; x_wconf 75' lang='grc' dir='ltr'><strong>ι</strong></span> <span class='ocrx_word' id='word_1_245' title='bbox 1412 3687 1630 3742; x_wconf 80' lang='lat' dir='ltr'><strong>Rursus</strong></span> <span class='ocrx_word' id='word_1_246' title='bbox 1661 3687 1729 3742; x_wconf 91' lang='lat' dir='ltr'><strong>ad</strong></span> <span class='ocrx_word' id='word_1_247' title='bbox 1764 3688 1926 3742; x_wconf 90' lang='lat' dir='ltr'><strong>aliam</strong></span> <span class='ocrx_word' id='word_1_248' title='bbox 1959 3689 2037 3741; x_wconf 82' lang='lat' dir='ltr'><strong>si-</strong></span> 
     </span>
    </p>
   </div>
   <div class='ocr_carea' id='block_1_39' title="bbox 448 3774 2032 3842">
    <p class='ocr_par' dir='ltr' id='par_1_39' title="bbox 448 3774 2032 3842">
     <span class='ocr_line' id='line_1_39' title="bbox 448 3774 2032 3842; baseline 0.005 -15"><span class='ocrx_word' id='word_1_249' title='bbox 448 3774 818 3830; x_wconf 88' lang='lat' dir='ltr'><strong>militudinem</strong></span> <span class='ocrx_word' id='word_1_250' title='bbox 855 3778 1075 3842; x_wconf 84' lang='lat' dir='ltr'><strong>transit,</strong></span> <span class='ocrx_word' id='word_1_251' title='bbox 1111 3780 1421 3833; x_wconf 70' lang='lat' dir='ltr'><strong>concordia:</strong></span> <span class='ocrx_word' id='word_1_252' title='bbox 1450 3780 1744 3834; x_wconf 91' lang='lat' dir='ltr'><strong>utilitatem</strong></span> <span class='ocrx_word' id='word_1_253' title='bbox 1785 3781 2032 3836; x_wconf 90' lang='lat' dir='ltr'><strong>docens:</strong></span> 
     </span>
    </p>
   </div>
   <div class='ocr_carea' id='block_1_40' title="bbox 445 3866 2034 3942">
    <p class='ocr_par' dir='ltr' id='par_1_40' title="bbox 445 3866 2034 3942">
     <span class='ocr_line' id='line_1_40' title="bbox 445 3866 2034 3942; baseline 0.003 -23"><span class='ocrx_word' id='word_1_254' title='bbox 445 3873 503 3919; x_wconf 85' lang='lat' dir='ltr'><strong>et</strong></span> <span class='ocrx_word' id='word_1_255' title='bbox 533 3867 677 3921; x_wconf 88' lang='lat' dir='ltr'><strong>hanc</strong></span> <span class='ocrx_word' id='word_1_256' title='bbox 706 3866 841 3923; x_wconf 77' lang='lat' dir='ltr'><strong>dixit</strong></span> <span class='ocrx_word' id='word_1_257' title='bbox 873 3868 1112 3924; x_wconf 88' lang='lat' dir='ltr'><strong>similem</strong></span> <span class='ocrx_word' id='word_1_258' title='bbox 1154 3884 1277 3924; x_wconf 74' lang='lat' dir='ltr'><strong>esse</strong></span> <span class='ocrx_word' id='word_1_259' title='bbox 1306 3870 1438 3934; x_wconf 89' lang='lat' dir='ltr'><strong>rori,</strong></span> <span class='ocrx_word' id='word_1_260' title='bbox 1472 3871 1567 3942; x_wconf 90' lang='lat' dir='ltr'><strong>qui</strong></span> <span class='ocrx_word' id='word_1_261' title='bbox 1597 3871 1669 3926; x_wconf 87' lang='lat' dir='ltr'><strong>ab</strong></span> <span class='ocrx_word' id='word_1_262' title='bbox 1702 3868 1943 3927; x_wconf 84' lang='lat' dir='ltr'><strong>Ilermon</strong></span> <span class='ocrx_word' id='word_1_263' title='bbox 1982 3872 2034 3924; x_wconf 92' lang='lat' dir='ltr'><strong>in</strong></span> 
     </span>
    </p>
   </div>
   <div class='ocr_carea' id='block_1_41' title="bbox 449 3957 2039 4036">
    <p class='ocr_par' dir='ltr' id='par_1_41' title="bbox 449 3957 2039 4036">
     <span class='ocr_line' id='line_1_41' title="bbox 449 3957 2039 4036; baseline 0.006 -26"><span class='ocrx_word' id='word_1_264' title='bbox 449 3957 675 4014; x_wconf 90' lang='lat' dir='ltr'><strong>Sionem</strong></span> <span class='ocrx_word' id='word_1_265' title='bbox 712 3960 979 4016; x_wconf 79' lang='lat' dir='ltr'><strong>defertur.</strong></span> <span class='ocrx_word' id='word_1_266' title='bbox 1023 3961 1235 4017; x_wconf 87' lang='lat' dir='ltr'><strong>Tantus</strong></span> <span class='ocrx_word' id='word_1_267' title='bbox 1269 3975 1449 4017; x_wconf 81' lang='lat' dir='ltr'><strong>autent</strong></span> <span class='ocrx_word' id='word_1_268' title='bbox 1486 3966 1575 4020; x_wconf 84' lang='lat' dir='ltr'><strong>hic</strong></span> <span class='ocrx_word' id='word_1_269' title='bbox 1606 3973 1710 4029; x_wconf 85' lang='lat' dir='ltr'><strong>est,</strong></span> <span class='ocrx_word' id='word_1_270' title='bbox 1755 3974 1814 4019; x_wconf 93' lang='lat' dir='ltr'><strong>ut</strong></span> <span class='ocrx_word' id='word_1_271' title='bbox 1844 3964 2039 4036; x_wconf 71' lang='lat' dir='ltr'><strong>tegulae</strong></span> 
     </span>
    </p>
   </div>
   <div class='ocr_carea' id='block_1_42' title="bbox 446 4047 2034 4121">
    <p class='ocr_par' dir='ltr' id='par_1_42' title="bbox 446 4047 2034 4121">
     <span class='ocr_line' id='line_1_42' title="bbox 446 4047 2034 4121; baseline 0.006 -20"><span class='ocrx_word' id='word_1_272' title='bbox 446 4047 624 4104; x_wconf 87' lang='lat' dir='ltr'><strong>stillas</strong></span> <span class='ocrx_word' id='word_1_273' title='bbox 642 4050 917 4106; x_wconf 83' lang='lat' dir='ltr'><strong>emittant.</strong></span> <span class='ocrx_word' id='word_1_274' title='bbox 946 4050 1184 4106; x_wconf 82' lang='lat' dir='ltr'><strong>Ilermon</strong></span> <span class='ocrx_word' id='word_1_275' title='bbox 1209 4064 1392 4110; x_wconf 91' lang='lat' dir='ltr'><strong>autem</strong></span> <span class='ocrx_word' id='word_1_276' title='bbox 1419 4070 1582 4110; x_wconf 88' lang='lat' dir='ltr'><strong>mons</strong></span> <span class='ocrx_word' id='word_1_277' title='bbox 1604 4064 1689 4111; x_wconf 91' lang='lat' dir='ltr'><strong>est</strong></span> <span class='ocrx_word' id='word_1_278' title='bbox 1705 4055 2034 4121; x_wconf 66' lang='lat' dir='ltr'><strong>Palaestinae,</strong></span> 
     </span>
    </p>
   </div>
   <div class='ocr_carea' id='block_1_43' title="bbox 446 4141 2036 4215">
    <p class='ocr_par' dir='ltr' id='par_1_43' title="bbox 446 4141 2036 4215">
     <span class='ocr_line' id='line_1_43' title="bbox 446 4141 2036 4215; baseline 0.003 -21"><span class='ocrx_word' id='word_1_279' title='bbox 446 4146 653 4194; x_wconf 87' lang='lat' dir='ltr'><strong>eterra</strong></span> <span class='ocrx_word' id='word_1_280' title='bbox 687 4141 904 4197; x_wconf 90' lang='lat' dir='ltr'><strong>lsraelis</strong></span> <span class='ocrx_word' id='word_1_281' title='bbox 950 4152 1161 4198; x_wconf 89' lang='lat' dir='ltr'><strong>tantum</strong></span> <span class='ocrx_word' id='word_1_282' title='bbox 1203 4161 1309 4199; x_wconf 85' lang='lat' dir='ltr'><strong>non</strong></span> <span class='ocrx_word' id='word_1_283' title='bbox 1352 4146 1667 4215; x_wconf 89' lang='lat' dir='ltr'><strong>contiguus.</strong></span> <span class='ocrx_word' id='word_1_284' title='bbox 1712 4167 1733 4199; x_wconf 70' lang='grc' dir='ltr'>ι</span> <span class='ocrx_word' id='word_1_285' title='bbox 1765 4145 2036 4213; x_wconf 86' lang='lat' dir='ltr'><strong>Quoniam</strong></span> 
     </span>
    </p>
   </div>
   <div class='ocr_carea' id='block_1_44' title="bbox 447 4231 2039 4293">
    <p class='ocr_par' dir='ltr' id='par_1_44' title="bbox 447 4231 2039 4293">
     <span class='ocr_line' id='line_1_44' title="bbox 447 4231 2039 4293; baseline 0.003 -6"><span class='ocrx_word' id='word_1_286' title='bbox 447 4231 561 4288; x_wconf 90' lang='lat' dir='ltr'><strong>illic</strong></span> <span class='ocrx_word' id='word_1_287' title='bbox 609 4234 892 4289; x_wconf 81' lang='lat' dir='ltr'><strong>mandavit</strong></span> <span class='ocrx_word' id='word_1_288' title='bbox 965 4236 1234 4291; x_wconf 89' lang='lat' dir='ltr'><strong>Dominus</strong></span> <span class='ocrx_word' id='word_1_289' title='bbox 1286 4237 1724 4293; x_wconf 87' lang='lat' dir='ltr'><strong>benedictionem</strong></span> <span class='ocrx_word' id='word_1_290' title='bbox 1773 4247 1825 4293; x_wconf 89' lang='lat' dir='ltr'><strong>et</strong></span> <span class='ocrx_word' id='word_1_291' title='bbox 1872 4238 2039 4292; x_wconf 84' lang='lat' dir='ltr'><strong>vitam</strong></span> 
     </span>
    </p>
   </div>
   <div class='ocr_carea' id='block_1_45' title="bbox 450 4328 2036 4398">
    <p class='ocr_par' dir='ltr' id='par_1_45' title="bbox 450 4328 2036 4398">
     <span class='ocr_line' id='line_1_45' title="bbox 450 4328 2036 4398; baseline 0.006 -20"><span class='ocrx_word' id='word_1_292' title='bbox 450 4341 626 4397; x_wconf 86' lang='lat' dir='ltr'><strong>usque</strong></span> <span class='ocrx_word' id='word_1_293' title='bbox 674 4328 727 4382; x_wconf 88' lang='lat' dir='ltr'><strong>in</strong></span> <span class='ocrx_word' id='word_1_294' title='bbox 783 4330 1070 4384; x_wconf 61' lang='lat' dir='ltr'><strong>sreculum.</strong></span> <span class='ocrx_word' id='word_1_295' title='bbox 1116 4350 1135 4381; x_wconf 75' lang='grc' dir='ltr'><strong>ι</strong></span> <span class='ocrx_word' id='word_1_296' title='bbox 1196 4329 1317 4386; x_wconf 84' lang='lat' dir='ltr'><strong>Non</strong></span> <span class='ocrx_word' id='word_1_297' title='bbox 1376 4331 1428 4385; x_wconf 88' lang='lat' dir='ltr'><strong>in</strong></span> <span class='ocrx_word' id='word_1_298' title='bbox 1484 4329 1779 4398; x_wconf 89' lang='lat' dir='ltr'><strong>Hermone,</strong></span> <span class='ocrx_word' id='word_1_299' title='bbox 1835 4333 1930 4389; x_wconf 86' lang='lat' dir='ltr'><strong>sed</strong></span> <span class='ocrx_word' id='word_1_300' title='bbox 1982 4333 2036 4387; x_wconf 92' lang='lat' dir='ltr'><strong>in</strong></span> 
     </span>
    </p>
   </div>
   <div class='ocr_carea' id='block_1_46' title="bbox 449 4417 2040 4493">
    <p class='ocr_par' dir='ltr' id='par_1_46' title="bbox 449 4417 2040 4493">
     <span class='ocr_line' id='line_1_46' title="bbox 449 4417 2040 4493; baseline 0.005 -22"><span class='ocrx_word' id='word_1_301' title='bbox 449 4417 637 4483; x_wconf 87' lang='lat' dir='ltr'><strong>Sione,</strong></span> <span class='ocrx_word' id='word_1_302' title='bbox 685 4420 738 4474; x_wconf 89' lang='lat' dir='ltr'><strong>in</strong></span> <span class='ocrx_word' id='word_1_303' title='bbox 780 4437 889 4491; x_wconf 85' lang='lat' dir='ltr'><strong>qua</strong></span> <span class='ocrx_word' id='word_1_304' title='bbox 919 4423 1106 4479; x_wconf 87' lang='lat' dir='ltr'><strong>vitalis</strong></span> <span class='ocrx_word' id='word_1_305' title='bbox 1136 4438 1228 4479; x_wconf 90' lang='lat' dir='ltr'><strong>ros</strong></span> <span class='ocrx_word' id='word_1_306' title='bbox 1252 4424 1430 4479; x_wconf 88' lang='lat' dir='ltr'><strong>sancti</strong></span> <span class='ocrx_word' id='word_1_307' title='bbox 1464 4422 1706 4493; x_wconf 91' lang='lat' dir='ltr'><strong>Spiritus</strong></span> <span class='ocrx_word' id='word_1_308' title='bbox 1748 4425 1801 4478; x_wconf 90' lang='lat' dir='ltr'><strong>in</strong></span> <span class='ocrx_word' id='word_1_309' title='bbox 1851 4438 2040 4479; x_wconf 88' lang='lat' dir='ltr'><strong>sacros</strong></span> 
     </span>
    </p>
   </div>
   <div class='ocr_carea' id='block_1_47' title="bbox 446 4512 2041 4585">
    <p class='ocr_par' dir='ltr' id='par_1_47' title="bbox 446 4512 2041 4585">
     <span class='ocr_line' id='line_1_47' title="bbox 446 4512 2041 4585; baseline 0.004 -22"><span class='ocrx_word' id='word_1_310' title='bbox 446 4512 730 4580; x_wconf 87' lang='lat' dir='ltr'><strong>apostolos</strong></span> <span class='ocrx_word' id='word_1_311' title='bbox 782 4513 987 4569; x_wconf 88' lang='lat' dir='ltr'><strong>missus</strong></span> <span class='ocrx_word' id='word_1_312' title='bbox 1039 4513 1177 4579; x_wconf 76' lang='lat' dir='ltr'><strong>fuit,</strong></span> <span class='ocrx_word' id='word_1_313' title='bbox 1243 4529 1342 4583; x_wconf 84' lang='lat' dir='ltr'><strong>per</strong></span> <span class='ocrx_word' id='word_1_314' title='bbox 1383 4530 1547 4585; x_wconf 89' lang='lat' dir='ltr'><strong>quem</strong></span> <span class='ocrx_word' id='word_1_315' title='bbox 1609 4516 1795 4570; x_wconf 88' lang='lat' dir='ltr'><strong>lideles</strong></span> <span class='ocrx_word' id='word_1_316' title='bbox 1846 4530 2041 4570; x_wconf 91' lang='lat' dir='ltr'><strong>omnes</strong></span> 
     </span>
    </p>
   </div>
   <div class='ocr_carea' id='block_1_48' title="bbox 448 4603 1468 4677">
    <p class='ocr_par' dir='ltr' id='par_1_48' title="bbox 448 4603 1468 4677">
     <span class='ocr_line' id='line_1_48' title="bbox 448 4603 1468 4677; baseline 0.002 -20"><span class='ocrx_word' id='word_1_317' title='bbox 448 4603 838 4671; x_wconf 78' lang='lat' dir='ltr'><strong>sempiternam</strong></span> <span class='ocrx_word' id='word_1_318' title='bbox 873 4607 1105 4676; x_wconf 74' lang='lat' dir='ltr'><strong>gratiam</strong></span> <span class='ocrx_word' id='word_1_319' title='bbox 1138 4606 1468 4677; x_wconf 84' lang='lat' dir='ltr'><strong>percipiunt.</strong></span> 
     </span>
    </p>
   </div>
   <div class='ocr_carea' id='block_1_49' title="bbox 798 4846 1698 4910">
    <p class='ocr_par' dir='ltr' id='par_1_49' title="bbox 798 4846 1698 4910">
     <span class='ocr_line' id='line_1_49' title="bbox 798 4846 1698 4910; baseline 0.012 -11"><span class='ocrx_word' id='word_1_320' title='bbox 798 4846 1072 4905; x_wconf 81' lang='lat' dir='ltr'><strong>INTERP.</strong></span> <span class='ocrx_word' id='word_1_321' title='bbox 1113 4850 1366 4909; x_wconf 78' lang='lat' dir='ltr'><strong>PSALMI</strong></span> <span class='ocrx_word' id='word_1_322' title='bbox 1408 4853 1698 4910; x_wconf 71' lang='lat' dir='ltr'><strong>CXXXIII.</strong></span> 
     </span>
    </p>
   </div>
   <div class='ocr_carea' id='block_1_50' title="bbox 531 4982 2039 5061">
    <p class='ocr_par' dir='ltr' id='par_1_50' title="bbox 531 4982 2039 5061">
     <span class='ocr_line' id='line_1_50' title="bbox 531 4982 2039 5061; baseline 0.011 -27"><span class='ocrx_word' id='word_1_323' title='bbox 531 4982 696 5039; x_wconf 74' lang='lat' dir='ltr'><strong>Vens.</strong></span> <span class='ocrx_word' id='word_1_324' title='bbox 741 4984 791 5038; x_wconf 90' lang='lat' dir='ltr'><strong>I.</strong></span> <span class='ocrx_word' id='word_1_325' title='bbox 833 5003 852 5036; x_wconf 74' lang='grc' dir='ltr'><strong>ι</strong></span> <span class='ocrx_word' id='word_1_326' title='bbox 881 4985 1168 5044; x_wconf 87' lang='lat' dir='ltr'><strong>Canticum</strong></span> <span class='ocrx_word' id='word_1_327' title='bbox 1194 4992 1491 5061; x_wconf 87' lang='lat' dir='ltr'><strong>graduum.</strong></span> <span class='ocrx_word' id='word_1_328' title='bbox 1525 5011 1544 5045; x_wconf 69' lang='grc' dir='ltr'><strong>ν</strong></span> <span class='ocrx_word' id='word_1_329' title='bbox 1581 4992 1850 5049; x_wconf 79' lang='lat' dir='ltr'><strong>Convenit</strong></span> <span class='ocrx_word' id='word_1_330' title='bbox 1872 4995 2039 5050; x_wconf 90' lang='lat' dir='ltr'><strong>etiam</strong></span> 
     </span>
    </p>
   </div>
   <div class='ocr_carea' id='block_1_51' title="bbox 451 5077 2040 5157">
    <p class='ocr_par' dir='ltr' id='par_1_51' title="bbox 451 5077 2040 5157">
     <span class='ocr_line' id='line_1_51' title="bbox 451 5077 2040 5157; baseline 0.008 -26"><span class='ocrx_word' id='word_1_331' title='bbox 451 5077 545 5132; x_wconf 88' lang='lat' dir='ltr'><strong>bic</strong></span> <span class='ocrx_word' id='word_1_332' title='bbox 577 5077 823 5145; x_wconf 90' lang='lat' dir='ltr'><strong>psalmus</strong></span> <span class='ocrx_word' id='word_1_333' title='bbox 885 5079 954 5134; x_wconf 89' lang='lat' dir='ltr'><strong>iis</strong></span> <span class='ocrx_word' id='word_1_334' title='bbox 1000 5080 1094 5150; x_wconf 88' lang='lat' dir='ltr'><strong>qui</strong></span> <span class='ocrx_word' id='word_1_335' title='bbox 1137 5096 1168 5136; x_wconf 90' lang='lat' dir='ltr'><strong>e</strong></span> <span class='ocrx_word' id='word_1_336' title='bbox 1205 5082 1484 5157; x_wconf 78' lang='lat' dir='ltr'><strong>Babylone</strong></span> <span class='ocrx_word' id='word_1_337' title='bbox 1526 5088 1761 5156; x_wconf 88' lang='lat' dir='ltr'><strong>regressi</strong></span> <span class='ocrx_word' id='word_1_338' title='bbox 1797 5086 2040 5143; x_wconf 80' lang='lat' dir='ltr'><strong>fuerunt.</strong></span> 
     </span>
    </p>
   </div>
   <div class='ocr_carea' id='block_1_52' title="bbox 454 5167 2045 5249">
    <p class='ocr_par' dir='ltr' id='par_1_52' title="bbox 454 5167 2045 5249">
     <span class='ocr_line' id='line_1_52' title="bbox 454 5167 2045 5249; baseline 0.009 -28"><span class='ocrx_word' id='word_1_339' title='bbox 454 5167 569 5222; x_wconf 75' lang='lat' dir='ltr'><strong>Piis</strong></span> <span class='ocrx_word' id='word_1_340' title='bbox 617 5179 801 5224; x_wconf 89' lang='lat' dir='ltr'><strong>autem</strong></span> <span class='ocrx_word' id='word_1_341' title='bbox 856 5172 1115 5229; x_wconf 75' lang='lat' dir='ltr'><strong>erunibus</strong></span> <span class='ocrx_word' id='word_1_342' title='bbox 1164 5175 1595 5231; x_wconf 89' lang='lat' dir='ltr'><strong>admonitionem</strong></span> <span class='ocrx_word' id='word_1_343' title='bbox 1643 5180 1930 5249; x_wconf 86' lang='lat' dir='ltr'><strong>proponit,</strong></span> <span class='ocrx_word' id='word_1_344' title='bbox 1985 5190 2045 5236; x_wconf 92' lang='lat' dir='ltr'><strong>ut</strong></span> 
     </span>
    </p>
   </div>
   <div class='ocr_carea' id='block_1_53' title="bbox 451 5264 2033 5329">
    <p class='ocr_par' dir='ltr' id='par_1_53' title="bbox 451 5264 2033 5329">
     <span class='ocr_line' id='line_1_53' title="bbox 451 5264 2033 5329; baseline 0.006 -14"><span class='ocrx_word' id='word_1_345' title='bbox 451 5274 565 5315; x_wconf 87' lang='lat' dir='ltr'><strong>non</strong></span> <span class='ocrx_word' id='word_1_346' title='bbox 598 5264 763 5316; x_wconf 90' lang='lat' dir='ltr'><strong>modo</strong></span> <span class='ocrx_word' id='word_1_347' title='bbox 812 5264 1073 5329; x_wconf 87' lang='lat' dir='ltr'><strong>interdiu,</strong></span> <span class='ocrx_word' id='word_1_348' title='bbox 1119 5280 1308 5320; x_wconf 86' lang='lat' dir='ltr'><strong>verum</strong></span> <span class='ocrx_word' id='word_1_349' title='bbox 1340 5266 1506 5321; x_wconf 89' lang='lat' dir='ltr'><strong>etiam</strong></span> <span class='ocrx_word' id='word_1_350' title='bbox 1541 5265 1611 5320; x_wconf 88' lang='lat' dir='ltr'><strong>de</strong></span> <span class='ocrx_word' id='word_1_351' title='bbox 1660 5278 1819 5324; x_wconf 88' lang='lat' dir='ltr'><strong>nocte</strong></span> <span class='ocrx_word' id='word_1_352' title='bbox 1862 5270 2033 5325; x_wconf 91' lang='lat' dir='ltr'><strong>Deum</strong></span> 
     </span>
    </p>
   </div>
   <div class='ocr_carea' id='block_1_54' title="bbox 452 5348 2034 5428">
    <p class='ocr_par' dir='ltr' id='par_1_54' title="bbox 452 5348 2034 5428">
     <span class='ocr_line' id='line_1_54' title="bbox 452 5348 2034 5428; baseline 0.009 -25"><span class='ocrx_word' id='word_1_353' title='bbox 452 5348 711 5409; x_wconf 87' lang='lat' dir='ltr'><strong>laudibus</strong></span> <span class='ocrx_word' id='word_1_354' title='bbox 762 5365 1189 5428; x_wconf 85' lang='lat' dir='ltr'><strong>prosequantur.</strong></span> <span class='ocrx_word' id='word_1_355' title='bbox 1249 5377 1267 5409; x_wconf 85' lang='grc'><em>‹</em></span> <span class='ocrx_word' id='word_1_356' title='bbox 1320 5356 1463 5411; x_wconf 87' lang='lat' dir='ltr'><strong>Ecce</strong></span> <span class='ocrx_word' id='word_1_357' title='bbox 1519 5372 1663 5414; x_wconf 92' lang='lat' dir='ltr'><strong>nunc</strong></span> <span class='ocrx_word' id='word_1_358' title='bbox 1730 5361 2034 5417; x_wconf 86' lang='lat' dir='ltr'><strong>benedicite</strong></span> 
     </span>
    </p>
   </div>
   <div class='ocr_carea' id='block_1_55' title="bbox 2128 650 3725 726">
    <p class='ocr_par' dir='ltr' id='par_1_55' title="bbox 2128 650 3725 726">
     <span class='ocr_line' id='line_1_55' title="bbox 2128 650 3725 726; baseline -0.004 -18"><span class='ocrx_word' id='word_1_359' title='bbox 2128 655 2531 726; x_wconf 77' lang='grc' dir='ltr'>ἠκολούθησαν,</span> <span class='ocrx_word' id='word_1_360' title='bbox 2562 654 2619 707; x_wconf 82' lang='grc' dir='ltr'><strong>αἱ</strong></span> <span class='ocrx_word' id='word_1_361' title='bbox 2648 653 2704 706; x_wconf 77' lang='grc' dir='ltr'><strong>δὲ</strong></span> <span class='ocrx_word' id='word_1_362' title='bbox 2758 650 2853 704; x_wconf 88' lang='grc' dir='ltr'><strong>δύο</strong></span> <span class='ocrx_word' id='word_1_363' title='bbox 2909 650 3006 720; x_wconf 85' lang='grc' dir='ltr'>τὴν</span> <span class='ocrx_word' id='word_1_364' title='bbox 3059 650 3352 721; x_wconf 82' lang='grc' dir='ltr'>Δαϐιτικὴν</span> <span class='ocrx_word' id='word_1_365' title='bbox 3404 652 3725 720; x_wconf 75' lang='grc' dir='ltr'><strong>ἠσπάσαντο</strong></span> 
     </span>
    </p>
   </div>
   <div class='ocr_carea' id='block_1_56' title="bbox 2130 738 3729 811">
    <p class='ocr_par' dir='ltr' id='par_1_56' title="bbox 2130 738 3729 811">
     <span class='ocr_line' id='line_1_56' title="bbox 2130 738 3729 811; baseline -0.001 -18"><span class='ocrx_word' id='word_1_366' title='bbox 2130 740 2435 811; x_wconf 87' lang='grc' dir='ltr'>βασιλείαν.</span> <span class='ocrx_word' id='word_1_367' title='bbox 2491 739 2650 795; x_wconf 79' lang='grc' dir='ltr'>Μετὰ</span> <span class='ocrx_word' id='word_1_368' title='bbox 2701 740 2887 810; x_wconf 77' lang='grc' dir='ltr'>μέντοι</span> <span class='ocrx_word' id='word_1_369' title='bbox 2932 739 3033 809; x_wconf 85' lang='grc' dir='ltr'>τὴν</span> <span class='ocrx_word' id='word_1_370' title='bbox 3074 738 3183 792; x_wconf 80' lang='grc' dir='ltr'>ἀπὸ</span> <span class='ocrx_word' id='word_1_371' title='bbox 3211 739 3531 804; x_wconf 83' lang='grc' dir='ltr'>Βαϐυλῶνος</span> <span class='ocrx_word' id='word_1_372' title='bbox 3563 741 3729 794; x_wconf 83' lang='grc' dir='ltr'>ἐπάν-</span> 
     </span>
    </p>
   </div>
   <div class='ocr_carea' id='block_1_57' title="bbox 2128 830 3726 902">
    <p class='ocr_par' dir='ltr' id='par_1_57' title="bbox 2128 830 3726 902">
     <span class='ocr_line' id='line_1_57' title="bbox 2128 830 3726 902; baseline 0 -16"><span class='ocrx_word' id='word_1_373' title='bbox 2128 832 2270 895; x_wconf 90' lang='grc' dir='ltr'>οδον,</span> <span class='ocrx_word' id='word_1_374' title='bbox 2298 832 2394 886; x_wconf 78' lang='grc' dir='ltr'>καὶ</span> <span class='ocrx_word' id='word_1_375' title='bbox 2415 833 2460 863; x_wconf 65' lang='grc'>³⁸</span> <span class='ocrx_word' id='word_1_376' title='bbox 2477 831 2642 886; x_wconf 83' lang='grc' dir='ltr'>πάλιν</span> <span class='ocrx_word' id='word_1_377' title='bbox 2676 830 2960 901; x_wconf 82' lang='grc' dir='ltr'>συνῆλθον,</span> <span class='ocrx_word' id='word_1_378' title='bbox 2978 832 3074 884; x_wconf 77' lang='grc' dir='ltr'><strong>καὶ</strong></span> <span class='ocrx_word' id='word_1_379' title='bbox 3098 832 3198 901; x_wconf 76' lang='grc' dir='ltr'><strong>τὴν</strong></span> <span class='ocrx_word' id='word_1_380' title='bbox 3231 837 3556 902; x_wconf 72' lang='grc' dir='ltr'>συμφωνίαν</span> <span class='ocrx_word' id='word_1_381' title='bbox 3587 833 3726 902; x_wconf 80' lang='grc' dir='ltr'><strong>ηγά-</strong></span> 
     </span>
    </p>
   </div>
   <div class='ocr_carea' id='block_1_58' title="bbox 2129 922 3725 994">
    <p class='ocr_par' dir='ltr' id='par_1_58' title="bbox 2129 922 3725 994">
     <span class='ocr_line' id='line_1_58' title="bbox 2129 922 3725 994; baseline -0.001 -16"><span class='ocrx_word' id='word_1_382' title='bbox 2129 942 2336 994; x_wconf 81' lang='grc' dir='ltr'>πησαν,</span> <span class='ocrx_word' id='word_1_383' title='bbox 2371 925 2468 979; x_wconf 66' lang='grc' dir='ltr'><strong>κα)⁵</strong></span> <span class='ocrx_word' id='word_1_384' title='bbox 2508 923 2640 994; x_wconf 90' lang='grc' dir='ltr'>μίαν</span> <span class='ocrx_word' id='word_1_385' title='bbox 2670 922 2831 992; x_wconf 79' lang='grc' dir='ltr'>ἔσχον</span> <span class='ocrx_word' id='word_1_386' title='bbox 2879 922 3201 992; x_wconf 78' lang='grc' dir='ltr'>ἡγεμονίαν,</span> <span class='ocrx_word' id='word_1_387' title='bbox 3236 922 3333 976; x_wconf 73' lang='grc' dir='ltr'><strong>καὶ</strong></span> <span class='ocrx_word' id='word_1_388' title='bbox 3390 924 3578 994; x_wconf 80' lang='grc' dir='ltr'>κοινὴν</span> <span class='ocrx_word' id='word_1_389' title='bbox 3623 924 3725 990; x_wconf 78' lang='grc' dir='ltr'>τὴν</span> 
     </span>
    </p>
   </div>
   <div class='ocr_carea' id='block_1_59' title="bbox 2130 1009 3728 1088">
    <p class='ocr_par' dir='ltr' id='par_1_59' title="bbox 2130 1009 3728 1088">
     <span class='ocr_line' id='line_1_59' title="bbox 2130 1009 3728 1088; baseline -0.003 -15"><span class='ocrx_word' id='word_1_390' title='bbox 2130 1019 2273 1073; x_wconf 81' lang='grc' dir='ltr'>κατὰ</span> <span class='ocrx_word' id='word_1_391' title='bbox 2305 1017 2469 1088; x_wconf 84' lang='grc' dir='ltr'>νόμον</span> <span class='ocrx_word' id='word_1_392' title='bbox 2501 1016 2792 1071; x_wconf 77' lang='grc' dir='ltr'>ἐπετέλουν</span> <span class='ocrx_word' id='word_1_393' title='bbox 2824 1014 3102 1084; x_wconf 80' lang='grc' dir='ltr'>λατρείαν.</span> <span class='ocrx_word' id='word_1_394' title='bbox 3131 1013 3319 1068; x_wconf 88' lang='grc' dir='ltr'>Ταῦτα</span> <span class='ocrx_word' id='word_1_395' title='bbox 3340 1014 3522 1068; x_wconf 77' lang='grc' dir='ltr'>τοίνυν</span> <span class='ocrx_word' id='word_1_396' title='bbox 3568 1009 3728 1079; x_wconf 68' lang='grc' dir='ltr'>οὗτος</span> 
     </span>
    </p>
   </div>
   <div class='ocr_carea' id='block_1_60' title="bbox 2127 1106 3728 1182">
    <p class='ocr_par' dir='ltr' id='par_1_60' title="bbox 2127 1106 3728 1182">
     <span class='ocr_line' id='line_1_60' title="bbox 2127 1106 3728 1182; baseline -0.002 -18"><span class='ocrx_word' id='word_1_397' title='bbox 2127 1113 2159 1164; x_wconf 88' lang='grc' dir='ltr'><strong>ό</strong></span> <span class='ocrx_word' id='word_1_398' title='bbox 2202 1110 2426 1182; x_wconf 76' lang='grc' dir='ltr'>ψαλμδς</span> <span class='ocrx_word' id='word_1_399' title='bbox 2478 1108 2863 1181; x_wconf 75' lang='grc' dir='ltr'>προθεσπίζει.</span> <span class='ocrx_word' id='word_1_400' title='bbox 2922 1125 2940 1158; x_wconf 83' lang='lat' dir='ltr'><strong>t</strong></span> <span class='ocrx_word' id='word_1_401' title='bbox 2979 1107 3113 1162; x_wconf 81' lang='grc' dir='ltr'>Ἰδοὺ</span> <span class='ocrx_word' id='word_1_402' title='bbox 3174 1106 3240 1178; x_wconf 85' lang='grc' dir='ltr'>δὴ</span> <span class='ocrx_word' id='word_1_403' title='bbox 3293 1108 3345 1160; x_wconf 90' lang='grc' dir='ltr'><strong>τί</strong></span> <span class='ocrx_word' id='word_1_404' title='bbox 3386 1108 3571 1174; x_wconf 84' lang='grc' dir='ltr'>καλὸν,</span> <span class='ocrx_word' id='word_1_405' title='bbox 3607 1111 3641 1180; x_wconf 79' lang='grc' dir='ltr'><strong>ἢ</strong></span> <span class='ocrx_word' id='word_1_406' title='bbox 3672 1108 3728 1161; x_wconf 91' lang='grc' dir='ltr'><strong>τί</strong></span> 
     </span>
    </p>
   </div>
   <div class='ocr_carea' id='block_1_61' title="bbox 2130 1198 3721 1275">
    <p class='ocr_par' dir='ltr' id='par_1_61' title="bbox 2130 1198 3721 1275">
     <span class='ocr_line' id='line_1_61' title="bbox 2130 1198 3721 1275; baseline -0.004 -18"><span class='ocrx_word' id='word_1_407' title='bbox 2130 1202 2385 1275; x_wconf 82' lang='grc' dir='ltr'>τερπνὸν,</span> <span class='ocrx_word' id='word_1_408' title='bbox 2417 1202 2535 1257; x_wconf 79' lang='grc' dir='ltr'>ἀλλ’</span> <span class='ocrx_word' id='word_1_409' title='bbox 2563 1202 2596 1270; x_wconf 78' lang='grc' dir='ltr'>ἢ</span> <span class='ocrx_word' id='word_1_410' title='bbox 2623 1202 2902 1255; x_wconf 75' lang='grc' dir='ltr'>κατοικεῖν</span> <span class='ocrx_word' id='word_1_411' title='bbox 2933 1200 2977 1232; x_wconf 85' lang='grc'><strong><em>³⁸</em></strong></span> <span class='ocrx_word' id='word_1_412' title='bbox 3011 1198 3277 1267; x_wconf 74' lang='grc' dir='ltr'>ἀδελφοὺς</span> <span class='ocrx_word' id='word_1_413' title='bbox 3305 1200 3398 1253; x_wconf 76' lang='grc' dir='ltr'><strong>ἐπὶ</strong></span> <span class='ocrx_word' id='word_1_414' title='bbox 3429 1200 3491 1253; x_wconf 84' lang='grc' dir='ltr'>τὸ</span> <span class='ocrx_word' id='word_1_415' title='bbox 3518 1200 3651 1254; x_wconf 86' lang='grc' dir='ltr'>αὐτό</span> <span class='ocrx_word' id='word_1_416' title='bbox 3671 1217 3721 1267; x_wconf 75' lang='grc' dir='ltr'>;ι</span> 
     </span>
    </p>
   </div>
   <div class='ocr_carea' id='block_1_62' title="bbox 2131 1292 3729 1366">
    <p class='ocr_par' dir='ltr' id='par_1_62' title="bbox 2131 1292 3729 1366">
     <span class='ocr_line' id='line_1_62' title="bbox 2131 1292 3729 1366; baseline -0.003 -17"><span class='ocrx_word' id='word_1_417' title='bbox 2131 1299 2210 1349; x_wconf 84' lang='grc' dir='ltr'><strong>Δι’</strong></span> <span class='ocrx_word' id='word_1_418' title='bbox 2250 1296 2453 1361; x_wconf 84' lang='grc' dir='ltr'>αὐτῶν,</span> <span class='ocrx_word' id='word_1_419' title='bbox 2487 1294 2646 1366; x_wconf 70' lang='grc' dir='ltr'>φησὶ,</span> <span class='ocrx_word' id='word_1_420' title='bbox 2676 1292 3079 1364; x_wconf 80' lang='grc' dir='ltr'><strong>μεμαθήκαμεν</strong></span> <span class='ocrx_word' id='word_1_421' title='bbox 3107 1292 3216 1345; x_wconf 86' lang='grc' dir='ltr'><strong>τῶν</strong></span> <span class='ocrx_word' id='word_1_422' title='bbox 3249 1292 3618 1363; x_wconf 83' lang='grc' dir='ltr'>πραγμάτων.</span> <span class='ocrx_word' id='word_1_423' title='bbox 3648 1292 3729 1357; x_wconf 84' lang='grc' dir='ltr'>ὡς</span> 
     </span>
    </p>
   </div>
   <div class='ocr_carea' id='block_1_63' title="bbox 2129 1384 3730 1458">
    <p class='ocr_par' dir='ltr' id='par_1_63' title="bbox 2129 1384 3730 1458">
     <span class='ocr_line' id='line_1_63' title="bbox 2129 1384 3730 1458; baseline -0.001 -17"><span class='ocrx_word' id='word_1_424' title='bbox 2129 1388 2284 1442; x_wconf 74' lang='grc' dir='ltr'>οὐδὲν</span> <span class='ocrx_word' id='word_1_425' title='bbox 2344 1389 2448 1458; x_wconf 83' lang='grc' dir='ltr'>τῆς</span> <span class='ocrx_word' id='word_1_426' title='bbox 2514 1385 2813 1455; x_wconf 76' lang='grc' dir='ltr'>άδελφικῆς</span> <span class='ocrx_word' id='word_1_427' title='bbox 2894 1384 3307 1456; x_wconf 85' lang='grc' dir='ltr'>θυμηρέστερον</span> <span class='ocrx_word' id='word_1_428' title='bbox 3381 1385 3730 1455; x_wconf 82' lang='grc' dir='ltr'><strong>συμφωνίας.</strong></span> 
     </span>
    </p>
   </div>
   <div class='ocr_carea' id='block_1_64' title="bbox 2147 1478 3734 1551">
    <p class='ocr_par' dir='ltr' id='par_1_64' title="bbox 2147 1478 3734 1551">
     <span class='ocr_line' id='line_1_64' title="bbox 2147 1478 3734 1551; baseline -0.002 -16"><span class='ocrx_word' id='word_1_429' title='bbox 2147 1481 2468 1551; x_wconf 69' lang='grc' dir='ltr'>Ἀδελφοὺς</span> <span class='ocrx_word' id='word_1_430' title='bbox 2494 1480 2552 1534; x_wconf 73' lang='grc' dir='ltr'>δὲ</span> <span class='ocrx_word' id='word_1_431' title='bbox 2593 1480 2752 1534; x_wconf 83' lang='grc' dir='ltr'>καλεί</span> <span class='ocrx_word' id='word_1_432' title='bbox 2801 1480 2906 1542; x_wconf 82' lang='grc' dir='ltr'><strong>τὰς</strong></span> <span class='ocrx_word' id='word_1_433' title='bbox 2937 1480 3135 1547; x_wconf 74' lang='grc' dir='ltr'>φυλὰς,</span> <span class='ocrx_word' id='word_1_434' title='bbox 3172 1478 3363 1549; x_wconf 80' lang='grc' dir='ltr'>ἐπειδὴ</span> <span class='ocrx_word' id='word_1_435' title='bbox 3393 1479 3489 1531; x_wconf 72' lang='grc' dir='ltr'>καὶ</span> <span class='ocrx_word' id='word_1_436' title='bbox 3524 1479 3576 1531; x_wconf 88' lang='grc' dir='ltr'><strong>οί</strong></span> <span class='ocrx_word' id='word_1_437' title='bbox 3603 1478 3734 1532; x_wconf 80' lang='grc' dir='ltr'>τού-</span> 
     </span>
    </p>
   </div>
   <div class='ocr_carea' id='block_1_65' title="bbox 2133 1570 3732 1643">
    <p class='ocr_par' dir='ltr' id='par_1_65' title="bbox 2133 1570 3732 1643">
     <span class='ocr_line' id='line_1_65' title="bbox 2133 1570 3732 1643; baseline -0.001 -17"><span class='ocrx_word' id='word_1_438' title='bbox 2133 1591 2242 1626; x_wconf 87' lang='grc' dir='ltr'><strong>των</strong></span> <span class='ocrx_word' id='word_1_439' title='bbox 2271 1571 2552 1643; x_wconf 81' lang='grc' dir='ltr'>ἐπώνυμοι</span> <span class='ocrx_word' id='word_1_440' title='bbox 2582 1571 2851 1642; x_wconf 78' lang='grc' dir='ltr'>φύλαρχοι</span> <span class='ocrx_word' id='word_1_441' title='bbox 2902 1571 3023 1629; x_wconf 75' lang='grc' dir='ltr'>ἐνὸς</span> <span class='ocrx_word' id='word_1_442' title='bbox 3078 1570 3325 1641; x_wconf 78' lang='grc' dir='ltr'>ὑπῆρχον</span> <span class='ocrx_word' id='word_1_443' title='bbox 3372 1570 3561 1634; x_wconf 76' lang='grc' dir='ltr'>παῖδες</span> <span class='ocrx_word' id='word_1_444' title='bbox 3618 1587 3732 1624; x_wconf 80' lang='grc' dir='ltr'>παο</span> 
     </span>
    </p>
   </div>
   <div class='ocr_carea' id='block_1_66' title="bbox 2132 1683 2281 1728">
    <p class='ocr_par' dir='ltr' id='par_1_66' title="bbox 2132 1683 2281 1728">
     <span class='ocr_line' id='line_1_66' title="bbox 2132 1683 2281 1728; baseline -0.027 -9"><span class='ocrx_word' id='word_1_445' title='bbox 2132 1683 2281 1728; x_wconf 86' lang='grc' dir='ltr'>τρος.</span> 
     </span>
    </p>
   </div>
   <div class='ocr_carea' id='block_1_67' title="bbox 2168 1684 3734 1830">
    <p class='ocr_par' dir='ltr' id='par_1_67' title="bbox 2168 1684 3734 1830">
     <span class='ocr_line' id='line_1_67' title="bbox 2168 1684 3734 1830; baseline -0.013 -3"><span class='ocrx_word' id='word_1_446' title='bbox 2332 1779 2348 1810; x_wconf 72' lang='grc' dir='ltr'><strong>ι</strong></span> <span class='ocrx_word' id='word_1_447' title='bbox 2422 1759 2511 1822; x_wconf 82' lang='grc' dir='ltr'><strong>Ὠς</strong></span> <span class='ocrx_word' id='word_1_448' title='bbox 2549 1758 2720 1828; x_wconf 84' lang='grc' dir='ltr'>μύρον</span> <span class='ocrx_word' id='word_1_449' title='bbox 2751 1754 2847 1809; x_wconf 73' lang='grc' dir='ltr'>ἐπὶ</span> <span class='ocrx_word' id='word_1_450' title='bbox 2874 1752 3137 1824; x_wconf 78' lang='grc' dir='ltr'>κεφαλῆς,</span> <span class='ocrx_word' id='word_1_451' title='bbox 3175 1753 3240 1808; x_wconf 82' lang='grc' dir='ltr'>τὸ</span> <span class='ocrx_word' id='word_1_452' title='bbox 3269 1752 3599 1807; x_wconf 83' lang='grc' dir='ltr'>καταϐαῖνον</span> <span class='ocrx_word' id='word_1_453' title='bbox 3634 1754 3734 1807; x_wconf 77' lang='grc' dir='ltr'>ἐπὶ</span> 
     </span>
    </p>
   </div>
   <div class='ocr_carea' id='block_1_68' title="bbox 2135 1845 3730 1921">
    <p class='ocr_par' dir='ltr' id='par_1_68' title="bbox 2135 1845 3730 1921">
     <span class='ocr_line' id='line_1_68' title="bbox 2135 1845 3730 1921; baseline -0.004 -15"><span class='ocrx_word' id='word_1_454' title='bbox 2135 1850 2398 1921; x_wconf 85' lang='grc' dir='ltr'>πώγωνα,</span> <span class='ocrx_word' id='word_1_455' title='bbox 2440 1850 2533 1904; x_wconf 82' lang='grc' dir='ltr'><strong>τὸν</strong></span> <span class='ocrx_word' id='word_1_456' title='bbox 2571 1848 2812 1918; x_wconf 86' lang='grc' dir='ltr'>πώγωνα</span> <span class='ocrx_word' id='word_1_457' title='bbox 2842 1846 2937 1900; x_wconf 89' lang='grc' dir='ltr'><strong>τοῦ</strong></span> <span class='ocrx_word' id='word_1_458' title='bbox 2968 1845 3204 1917; x_wconf 81' lang='grc' dir='ltr'>Ἀαρὼν.</span> <span class='ocrx_word' id='word_1_459' title='bbox 3244 1865 3264 1898; x_wconf 75' lang='grc' dir='ltr'><strong>ι</strong></span> <span class='ocrx_word' id='word_1_460' title='bbox 3327 1845 3403 1899; x_wconf 79' lang='grc' dir='ltr'>Τὸ</span> <span class='ocrx_word' id='word_1_461' title='bbox 3460 1847 3730 1916; x_wconf 84' lang='grc' dir='ltr'>ἀρχιερα-</span> 
     </span>
    </p>
   </div>
   <div class='ocr_carea' id='block_1_69' title="bbox 2136 1937 3732 2011">
    <p class='ocr_par' dir='ltr' id='par_1_69' title="bbox 2136 1937 3732 2011">
     <span class='ocr_line' id='line_1_69' title="bbox 2136 1937 3732 2011; baseline -0.004 -13"><span class='ocrx_word' id='word_1_462' title='bbox 2136 1945 2292 1998; x_wconf 79' lang='grc' dir='ltr'>τικδν</span> <span class='ocrx_word' id='word_1_463' title='bbox 2349 1943 2527 1996; x_wconf 80' lang='grc' dir='ltr'>ἔλαιον</span> <span class='ocrx_word' id='word_1_464' title='bbox 2581 1944 2646 1995; x_wconf 88' lang='grc' dir='ltr'><strong>ἐκ</strong></span> <span class='ocrx_word' id='word_1_465' title='bbox 2704 1940 2981 2011; x_wconf 88' lang='grc' dir='ltr'>διαφόρων</span> <span class='ocrx_word' id='word_1_466' title='bbox 3032 1937 3367 2009; x_wconf 77' lang='grc' dir='ltr'>ἡδυσμάτων</span> <span class='ocrx_word' id='word_1_467' title='bbox 3405 1937 3732 1993; x_wconf 81' lang='grc' dir='ltr'>συνέκειτο·</span> 
     </span>
    </p>
   </div>
   <div class='ocr_carea' id='block_1_70' title="bbox 2136 2027 3734 2098">
    <p class='ocr_par' dir='ltr' id='par_1_70' title="bbox 2136 2027 3734 2098">
     <span class='ocr_line' id='line_1_70' title="bbox 2136 2027 3734 2098; baseline -0.004 -8"><span class='ocrx_word' id='word_1_468' title='bbox 2136 2037 2254 2090; x_wconf 82' lang='grc' dir='ltr'>ἀλλ’</span> <span class='ocrx_word' id='word_1_469' title='bbox 2287 2036 2442 2089; x_wconf 81' lang='grc' dir='ltr'>οὐδὲν</span> <span class='ocrx_word' id='word_1_470' title='bbox 2477 2034 2706 2088; x_wconf 76' lang='grc' dir='ltr'>ἐκείνων</span> <span class='ocrx_word' id='word_1_471' title='bbox 2737 2031 2873 2087; x_wconf 78' lang='grc' dir='ltr'>αὐτὸ</span> <span class='ocrx_word' id='word_1_472' title='bbox 2903 2027 3026 2085; x_wconf 72' lang='grc' dir='ltr'>καθ’</span> <span class='ocrx_word' id='word_1_473' title='bbox 3057 2030 3220 2085; x_wconf 75' lang='grc' dir='ltr'>ἑαυτὸ</span> <span class='ocrx_word' id='word_1_474' title='bbox 3256 2029 3530 2098; x_wconf 83' lang='grc' dir='ltr'>τοσαύτην</span> <span class='ocrx_word' id='word_1_475' title='bbox 3574 2031 3734 2084; x_wconf 86' lang='grc' dir='ltr'>εὐοσ-</span> 
     </span>
    </p>
   </div>
   <div class='ocr_carea' id='block_1_71' title="bbox 2141 2123 3737 2199">
    <p class='ocr_par' dir='ltr' id='par_1_71' title="bbox 2141 2123 3737 2199">
     <span class='ocr_line' id='line_1_71' title="bbox 2141 2123 3737 2199; baseline -0.004 -16"><span class='ocrx_word' id='word_1_476' title='bbox 2141 2130 2272 2199; x_wconf 83' lang='grc' dir='ltr'>μίαν</span> <span class='ocrx_word' id='word_1_477' title='bbox 2311 2129 2356 2161; x_wconf 81' lang='grc'>³⁶</span> <span class='ocrx_word' id='word_1_478' title='bbox 2391 2128 2569 2197; x_wconf 60' lang='grc' dir='ltr'><strong>⁴ίιφίει,</strong></span> <span class='ocrx_word' id='word_1_479' title='bbox 2598 2129 2633 2199; x_wconf 82' lang='grc' dir='ltr'>ὴ</span> <span class='ocrx_word' id='word_1_480' title='bbox 2665 2126 2725 2179; x_wconf 82' lang='grc' dir='ltr'><strong>δέ</strong></span> <span class='ocrx_word' id='word_1_481' title='bbox 2758 2126 2981 2180; x_wconf 83' lang='grc' dir='ltr'>πάντων</span> <span class='ocrx_word' id='word_1_482' title='bbox 3022 2124 3168 2195; x_wconf 78' lang='grc' dir='ltr'>μίξις</span> <span class='ocrx_word' id='word_1_483' title='bbox 3203 2125 3301 2178; x_wconf 72' lang='grc' dir='ltr'>καὶ</span> <span class='ocrx_word' id='word_1_484' title='bbox 3329 2126 3530 2195; x_wconf 82' lang='grc' dir='ltr'>κρᾶσις</span> <span class='ocrx_word' id='word_1_485' title='bbox 3578 2123 3737 2178; x_wconf 88' lang='grc' dir='ltr'>πλεί-</span> 
     </span>
    </p>
   </div>
   <div class='ocr_carea' id='block_1_72' title="bbox 2140 2215 3738 2293">
    <p class='ocr_par' dir='ltr' id='par_1_72' title="bbox 2140 2215 3738 2293">
     <span class='ocr_line' id='line_1_72' title="bbox 2140 2215 3738 2293; baseline -0.004 -18"><span class='ocrx_word' id='word_1_486' title='bbox 2140 2240 2275 2293; x_wconf 88' lang='grc' dir='ltr'>στην</span> <span class='ocrx_word' id='word_1_487' title='bbox 2315 2223 2448 2291; x_wconf 80' lang='grc' dir='ltr'>ὅσην</span> <span class='ocrx_word' id='word_1_488' title='bbox 2480 2218 2581 2291; x_wconf 82' lang='grc' dir='ltr'><strong>τὴν</strong></span> <span class='ocrx_word' id='word_1_489' title='bbox 2614 2219 2846 2273; x_wconf 83' lang='grc' dir='ltr'>εὐωδίαν</span> <span class='ocrx_word' id='word_1_490' title='bbox 2878 2218 3190 2289; x_wconf 76' lang='grc' dir='ltr'>εἰργάζετο.</span> <span class='ocrx_word' id='word_1_491' title='bbox 3223 2217 3415 2282; x_wconf 83' lang='grc' dir='ltr'>Τούτῳ</span> <span class='ocrx_word' id='word_1_492' title='bbox 3444 2216 3546 2287; x_wconf 79' lang='grc' dir='ltr'><strong>τὴν</strong></span> <span class='ocrx_word' id='word_1_493' title='bbox 3574 2215 3738 2270; x_wconf 73' lang='grc' dir='ltr'>ἀδελ-</span> 
     </span>
    </p>
   </div>
   <div class='ocr_carea' id='block_1_73' title="bbox 2141 2308 3736 2384">
    <p class='ocr_par' dir='ltr' id='par_1_73' title="bbox 2141 2308 3736 2384">
     <span class='ocr_line' id='line_1_73' title="bbox 2141 2308 3736 2384; baseline -0.004 -16"><span class='ocrx_word' id='word_1_494' title='bbox 2141 2315 2309 2384; x_wconf 79' lang='grc' dir='ltr'>φικὴν</span> <span class='ocrx_word' id='word_1_495' title='bbox 2370 2312 2600 2375; x_wconf 79' lang='grc' dir='ltr'>εἰκότως</span> <span class='ocrx_word' id='word_1_496' title='bbox 2636 2310 2961 2382; x_wconf 76' lang='grc' dir='ltr'>συμφωνίαν</span> <span class='ocrx_word' id='word_1_497' title='bbox 2991 2309 3317 2363; x_wconf 82' lang='grc' dir='ltr'>ἀπείκασεν.</span> <span class='ocrx_word' id='word_1_498' title='bbox 3374 2309 3440 2362; x_wconf 83' lang='grc' dir='ltr'><strong>Ἦ</strong></span> <span class='ocrx_word' id='word_1_499' title='bbox 3472 2309 3582 2379; x_wconf 84' lang='grc' dir='ltr'>γὰρ</span> <span class='ocrx_word' id='word_1_500' title='bbox 3617 2308 3736 2362; x_wconf 81' lang='grc' dir='ltr'>τῶν</span> 
     </span>
    </p>
   </div>
   <div class='ocr_carea' id='block_1_74' title="bbox 2142 2401 3734 2477">
    <p class='ocr_par' dir='ltr' id='par_1_74' title="bbox 2142 2401 3734 2477">
     <span class='ocr_line' id='line_1_74' title="bbox 2142 2401 3734 2477; baseline -0.006 -14"><span class='ocrx_word' id='word_1_501' title='bbox 2142 2408 2408 2464; x_wconf 87' lang='grc' dir='ltr'>πλειόνων</span> <span class='ocrx_word' id='word_1_502' title='bbox 2460 2405 2905 2477; x_wconf 75' lang='grc' dir='ltr'>κατορθωμάτων</span> <span class='ocrx_word' id='word_1_503' title='bbox 2959 2402 3293 2473; x_wconf 76' lang='grc' dir='ltr'>συνεισφορὰ</span> <span class='ocrx_word' id='word_1_504' title='bbox 3339 2403 3441 2473; x_wconf 80' lang='grc' dir='ltr'>τῆς</span> <span class='ocrx_word' id='word_1_505' title='bbox 3512 2401 3734 2467; x_wconf 82' lang='grc' dir='ltr'>τελείας</span> 
     </span>
    </p>
   </div>
   <div class='ocr_carea' id='block_1_75' title="bbox 2139 2494 3732 2572">
    <p class='ocr_par' dir='ltr' id='par_1_75' title="bbox 2139 2494 3732 2572">
     <span class='ocr_line' id='line_1_75' title="bbox 2139 2494 3732 2572; baseline -0.005 -17"><span class='ocrx_word' id='word_1_506' title='bbox 2139 2502 2341 2572; x_wconf 85' lang='grc' dir='ltr'>ἀρετῆς</span> <span class='ocrx_word' id='word_1_507' title='bbox 2371 2500 2472 2568; x_wconf 84' lang='grc' dir='ltr'><strong>τὴν</strong></span> <span class='ocrx_word' id='word_1_508' title='bbox 2534 2499 2799 2568; x_wconf 85' lang='grc' dir='ltr'>εὐοσμίαν</span> <span class='ocrx_word' id='word_1_509' title='bbox 2837 2496 3156 2567; x_wconf 78' lang='grc' dir='ltr'>ἐργάζεται.</span> <span class='ocrx_word' id='word_1_510' title='bbox 3200 2515 3219 2548; x_wconf 81' lang='grc' dir='ltr'><strong>ι</strong></span> <span class='ocrx_word' id='word_1_511' title='bbox 3265 2494 3339 2548; x_wconf 79' lang='grc' dir='ltr'><strong>Τὸ</strong></span> <span class='ocrx_word' id='word_1_512' title='bbox 3399 2495 3732 2548; x_wconf 76' lang='grc' dir='ltr'>καταϐαῖνον</span> 
     </span>
    </p>
   </div>
   <div class='ocr_carea' id='block_1_76' title="bbox 2139 2587 3732 2664">
    <p class='ocr_par' dir='ltr' id='par_1_76' title="bbox 2139 2587 3732 2664">
     <span class='ocr_line' id='line_1_76' title="bbox 2139 2587 3732 2664; baseline -0.006 -17"><span class='ocrx_word' id='word_1_513' title='bbox 2139 2594 2234 2647; x_wconf 85' lang='grc' dir='ltr'>ἐπὶ</span> <span class='ocrx_word' id='word_1_514' title='bbox 2265 2594 2365 2664; x_wconf 82' lang='grc' dir='ltr'>τὴν</span> <span class='ocrx_word' id='word_1_515' title='bbox 2399 2587 2515 2648; x_wconf 82' lang='grc' dir='ltr'><strong>ὧαν</strong></span> <span class='ocrx_word' id='word_1_516' title='bbox 2553 2590 2650 2646; x_wconf 88' lang='grc' dir='ltr'><strong>τοῦ</strong></span> <span class='ocrx_word' id='word_1_517' title='bbox 2686 2590 2989 2660; x_wconf 88' lang='grc' dir='ltr'>ἐνδύματος</span> <span class='ocrx_word' id='word_1_518' title='bbox 3023 2588 3205 2643; x_wconf 81' lang='grc' dir='ltr'>αὐτοῦ.</span> <span class='ocrx_word' id='word_1_519' title='bbox 3247 2609 3266 2641; x_wconf 73' lang='grc' dir='ltr'><strong>ι</strong></span> <span class='ocrx_word' id='word_1_520' title='bbox 3307 2587 3559 2659; x_wconf 83' lang='grc' dir='ltr'>Ἑκείνῳ,</span> <span class='ocrx_word' id='word_1_521' title='bbox 3619 2604 3732 2657; x_wconf 74' lang='grc' dir='ltr'>φη-</span> 
     </span>
    </p>
   </div>
   <div class='ocr_carea' id='block_1_77' title="bbox 2141 2681 3734 2757">
    <p class='ocr_par' dir='ltr' id='par_1_77' title="bbox 2141 2681 3734 2757">
     <span class='ocr_line' id='line_1_77' title="bbox 2141 2681 3734 2757; baseline -0.004 -16"><span class='ocrx_word' id='word_1_522' title='bbox 2141 2690 2248 2754; x_wconf 66' lang='grc' dir='ltr'>σὶν,</span> <span class='ocrx_word' id='word_1_523' title='bbox 2305 2687 2448 2741; x_wconf 73' lang='grc' dir='ltr'>ἔοικε</span> <span class='ocrx_word' id='word_1_524' title='bbox 2503 2686 2581 2757; x_wconf 80' lang='grc' dir='ltr'>τῷ</span> <span class='ocrx_word' id='word_1_525' title='bbox 2641 2683 2800 2757; x_wconf 87' lang='grc' dir='ltr'>μύρῳ</span> <span class='ocrx_word' id='word_1_526' title='bbox 2836 2683 2939 2754; x_wconf 82' lang='grc' dir='ltr'>τῆς</span> <span class='ocrx_word' id='word_1_527' title='bbox 2968 2683 3194 2755; x_wconf 85' lang='grc' dir='ltr'><strong>ἀγάπης</strong></span> <span class='ocrx_word' id='word_1_528' title='bbox 3225 2682 3289 2735; x_wconf 75' lang='grc' dir='ltr'>τὸ</span> <span class='ocrx_word' id='word_1_529' title='bbox 3321 2682 3569 2753; x_wconf 80' lang='grc' dir='ltr'>χάρισμα</span> <span class='ocrx_word' id='word_1_530' title='bbox 3602 2682 3669 2745; x_wconf 84' lang='lat'><strong>&quot;,</strong></span> <span class='ocrx_word' id='word_1_531' title='bbox 3701 2681 3734 2735; x_wconf 78' lang='grc' dir='ltr'>ὃ</span> 
     </span>
    </p>
   </div>
   <div class='ocr_carea' id='block_1_78' title="bbox 2140 2772 3735 2850">
    <p class='ocr_par' dir='ltr' id='par_1_78' title="bbox 2140 2772 3735 2850">
     <span class='ocr_line' id='line_1_78' title="bbox 2140 2772 3735 2850; baseline -0.006 -16"><span class='ocrx_word' id='word_1_532' title='bbox 2140 2781 2429 2850; x_wconf 82' lang='grc' dir='ltr'>κατεχεῖτο</span> <span class='ocrx_word' id='word_1_533' title='bbox 2461 2778 2562 2845; x_wconf 84' lang='grc' dir='ltr'>μὲν</span> <span class='ocrx_word' id='word_1_534' title='bbox 2618 2777 2720 2847; x_wconf 76' lang='grc' dir='ltr'>τῆς</span> <span class='ocrx_word' id='word_1_535' title='bbox 2753 2774 2849 2830; x_wconf 86' lang='grc' dir='ltr'><strong>τοῦ</strong></span> <span class='ocrx_word' id='word_1_536' title='bbox 2902 2772 3120 2845; x_wconf 77' lang='grc' dir='ltr'>’Δαρὼν</span> <span class='ocrx_word' id='word_1_537' title='bbox 3158 2773 3423 2842; x_wconf 83' lang='grc' dir='ltr'>κεφαλῆς,</span> <span class='ocrx_word' id='word_1_538' title='bbox 3463 2773 3524 2825; x_wconf 84' lang='grc' dir='ltr'><strong>οὐ</strong></span> <span class='ocrx_word' id='word_1_539' title='bbox 3567 2772 3735 2843; x_wconf 82' lang='grc' dir='ltr'>μέχρι</span> 
     </span>
    </p>
   </div>
   <div class='ocr_carea' id='block_1_79' title="bbox 2137 2861 3738 2939">
    <p class='ocr_par' dir='ltr' id='par_1_79' title="bbox 2137 2861 3738 2939">
     <span class='ocr_line' id='line_1_79' title="bbox 2137 2861 3738 2939; baseline -0.006 -16"><span class='ocrx_word' id='word_1_540' title='bbox 2137 2871 2195 2923; x_wconf 82' lang='grc' dir='ltr'><strong>δέ</strong></span> <span class='ocrx_word' id='word_1_541' title='bbox 2232 2869 2397 2939; x_wconf 84' lang='grc' dir='ltr'>μόνου</span> <span class='ocrx_word' id='word_1_542' title='bbox 2433 2867 2527 2921; x_wconf 90' lang='grc' dir='ltr'><strong>τοῦ</strong></span> <span class='ocrx_word' id='word_1_543' title='bbox 2578 2866 2794 2936; x_wconf 89' lang='grc' dir='ltr'>γενείου</span> <span class='ocrx_word' id='word_1_544' title='bbox 2832 2865 3049 2936; x_wconf 78' lang='grc' dir='ltr'>κατῄει,</span> <span class='ocrx_word' id='word_1_545' title='bbox 3090 2863 3207 2917; x_wconf 80' lang='grc' dir='ltr'>ἀλλ’</span> <span class='ocrx_word' id='word_1_546' title='bbox 3244 2863 3289 2895; x_wconf 74' lang='grc'><strong>³⁸</strong></span> <span class='ocrx_word' id='word_1_547' title='bbox 3323 2861 3491 2916; x_wconf 89' lang='grc' dir='ltr'>αὐτοῦ</span> <span class='ocrx_word' id='word_1_548' title='bbox 3519 2861 3614 2915; x_wconf 91' lang='grc' dir='ltr'><strong>τοῦ</strong></span> <span class='ocrx_word' id='word_1_549' title='bbox 3647 2880 3738 2933; x_wconf 85' lang='grc' dir='ltr'><strong>χι-</strong></span> 
     </span>
    </p>
   </div>
   <div class='ocr_carea' id='block_1_80' title="bbox 2139 2950 3734 3029">
    <p class='ocr_par' dir='ltr' id='par_1_80' title="bbox 2139 2950 3734 3029">
     <span class='ocr_line' id='line_1_80' title="bbox 2139 2950 3734 3029; baseline -0.005 -15"><span class='ocrx_word' id='word_1_550' title='bbox 2139 2962 2308 3025; x_wconf 83' lang='grc' dir='ltr'>τῶνος</span> <span class='ocrx_word' id='word_1_551' title='bbox 2362 2963 2424 3013; x_wconf 80' lang='grc' dir='ltr'><strong>τὸ</strong></span> <span class='ocrx_word' id='word_1_552' title='bbox 2471 2960 2602 3029; x_wconf 74' lang='grc' dir='ltr'>περὶ</span> <span class='ocrx_word' id='word_1_553' title='bbox 2633 2959 2694 3012; x_wconf 87' lang='grc' dir='ltr'><strong>τδ</strong></span> <span class='ocrx_word' id='word_1_554' title='bbox 2737 2957 2934 3029; x_wconf 84' lang='grc' dir='ltr'>στῆθος</span> <span class='ocrx_word' id='word_1_555' title='bbox 2968 2954 3188 3027; x_wconf 78' lang='grc' dir='ltr'>ήγίαζε.</span> <span class='ocrx_word' id='word_1_556' title='bbox 3223 2950 3373 3008; x_wconf 75' lang='grc' dir='ltr'>Ὦιιν</span> <span class='ocrx_word' id='word_1_557' title='bbox 3398 2953 3508 3023; x_wconf 84' lang='grc' dir='ltr'><strong>γάρ</strong></span> <span class='ocrx_word' id='word_1_558' title='bbox 3534 2953 3734 3007; x_wconf 86' lang='grc' dir='ltr'>ἐκάλε-</span> 
     </span>
    </p>
   </div>
   <div class='ocr_carea' id='block_1_81' title="bbox 2062 3031 3738 3122">
    <p class='ocr_par' dir='ltr' id='par_1_81' title="bbox 2062 3031 3738 3122">
     <span class='ocr_line' id='line_1_81' title="bbox 2062 3031 3738 3122; baseline -0.007 -13"><span class='ocrx_word' id='word_1_559' title='bbox 2062 3031 2106 3091; x_wconf 78' lang='lat' dir='ltr'><strong>c</strong></span> <span class='ocrx_word' id='word_1_560' title='bbox 2140 3072 2256 3117; x_wconf 89' lang='grc' dir='ltr'>σεν,</span> <span class='ocrx_word' id='word_1_561' title='bbox 2296 3054 2325 3107; x_wconf 83' lang='grc' dir='ltr'><strong>ὃ</strong></span> <span class='ocrx_word' id='word_1_562' title='bbox 2379 3052 2656 3122; x_wconf 80' lang='grc' dir='ltr'>καλοῦμεν</span> <span class='ocrx_word' id='word_1_563' title='bbox 2696 3049 3185 3120; x_wconf 77' lang='grc' dir='ltr'><strong>περιτραχήλιον.</strong></span> <span class='ocrx_word' id='word_1_564' title='bbox 3236 3047 3410 3101; x_wconf 90' lang='grc' dir='ltr'>Τοῦτο</span> <span class='ocrx_word' id='word_1_565' title='bbox 3457 3046 3515 3099; x_wconf 82' lang='grc' dir='ltr'>δὲ</span> <span class='ocrx_word' id='word_1_566' title='bbox 3563 3045 3661 3099; x_wconf 71' lang='grc' dir='ltr'>καὶ</span> <span class='ocrx_word' id='word_1_567' title='bbox 3705 3048 3738 3099; x_wconf 88' lang='grc' dir='ltr'><strong>ό</strong></span> 
     </span>
    </p>
   </div>
   <div class='ocr_carea' id='block_1_82' title="bbox 2138 3141 3738 3216">
    <p class='ocr_par' dir='ltr' id='par_1_82' title="bbox 2138 3141 3738 3216">
     <span class='ocr_line' id='line_1_82' title="bbox 2138 3141 3738 3216; baseline -0.006 -14"><span class='ocrx_word' id='word_1_568' title='bbox 2138 3148 2376 3210; x_wconf 85' lang='grc' dir='ltr'>Ἀκύλας</span> <span class='ocrx_word' id='word_1_569' title='bbox 2404 3148 2601 3216; x_wconf 84' lang='grc' dir='ltr'>στόμα</span> <span class='ocrx_word' id='word_1_570' title='bbox 2634 3144 2985 3214; x_wconf 79' lang='grc' dir='ltr'>ἐνδυμάτων</span> <span class='ocrx_word' id='word_1_571' title='bbox 3006 3144 3223 3215; x_wconf 79' lang='grc' dir='ltr'>εἴρηκε.</span> <span class='ocrx_word' id='word_1_572' title='bbox 3254 3142 3526 3211; x_wconf 84' lang='grc' dir='ltr'>Καθάπερ</span> <span class='ocrx_word' id='word_1_573' title='bbox 3550 3141 3738 3194; x_wconf 87' lang='grc' dir='ltr'>τοίνυν</span> 
     </span>
    </p>
   </div>
   <div class='ocr_carea' id='block_1_83' title="bbox 2137 3231 3740 3309">
    <p class='ocr_par' dir='ltr' id='par_1_83' title="bbox 2137 3231 3740 3309">
     <span class='ocr_line' id='line_1_83' title="bbox 2137 3231 3740 3309; baseline -0.006 -15"><span class='ocrx_word' id='word_1_574' title='bbox 2137 3240 2246 3294; x_wconf 83' lang='grc' dir='ltr'>ἀπὸ</span> <span class='ocrx_word' id='word_1_575' title='bbox 2275 3241 2374 3309; x_wconf 77' lang='grc' dir='ltr'>τῆς</span> <span class='ocrx_word' id='word_1_576' title='bbox 2404 3237 2650 3307; x_wconf 77' lang='grc' dir='ltr'>κεφαλῆς</span> <span class='ocrx_word' id='word_1_577' title='bbox 2676 3237 2766 3290; x_wconf 80' lang='grc' dir='ltr'><strong>διὰ</strong></span> <span class='ocrx_word' id='word_1_578' title='bbox 2786 3234 2880 3290; x_wconf 89' lang='grc' dir='ltr'><strong>τοῦ</strong></span> <span class='ocrx_word' id='word_1_579' title='bbox 2916 3235 3133 3304; x_wconf 88' lang='grc' dir='ltr'>γενείου</span> <span class='ocrx_word' id='word_1_580' title='bbox 3167 3234 3331 3305; x_wconf 82' lang='grc' dir='ltr'>μέχρι</span> <span class='ocrx_word' id='word_1_581' title='bbox 3361 3233 3462 3302; x_wconf 81' lang='grc' dir='ltr'>τῆς</span> <span class='ocrx_word' id='word_1_582' title='bbox 3498 3232 3542 3265; x_wconf 80' lang='grc'><strong>⁸³</strong></span> <span class='ocrx_word' id='word_1_583' title='bbox 3571 3231 3740 3303; x_wconf 83' lang='grc' dir='ltr'>ἐσθῆ-</span> 
     </span>
    </p>
   </div>
   <div class='ocr_carea' id='block_1_84' title="bbox 2137 3324 3740 3401">
    <p class='ocr_par' dir='ltr' id='par_1_84' title="bbox 2137 3324 3740 3401">
     <span class='ocr_line' id='line_1_84' title="bbox 2137 3324 3740 3401; baseline -0.004 -16"><span class='ocrx_word' id='word_1_584' title='bbox 2137 3350 2228 3394; x_wconf 74' lang='grc' dir='ltr'><strong>τος</strong></span> <span class='ocrx_word' id='word_1_585' title='bbox 2253 3331 2314 3384; x_wconf 80' lang='grc' dir='ltr'>τὸ</span> <span class='ocrx_word' id='word_1_586' title='bbox 2345 3329 2492 3401; x_wconf 76' lang='grc' dir='ltr'>ἱερὸν</span> <span class='ocrx_word' id='word_1_587' title='bbox 2515 3329 2801 3400; x_wconf 81' lang='grc' dir='ltr'>διατρέχον</span> <span class='ocrx_word' id='word_1_588' title='bbox 2835 3327 3006 3398; x_wconf 87' lang='grc' dir='ltr'>μύρον</span> <span class='ocrx_word' id='word_1_589' title='bbox 3031 3330 3133 3395; x_wconf 75' lang='grc' dir='ltr'><strong>τῆς</strong></span> <span class='ocrx_word' id='word_1_590' title='bbox 3162 3325 3424 3395; x_wconf 84' lang='grc' dir='ltr'>εὐοσμίας</span> <span class='ocrx_word' id='word_1_591' title='bbox 3452 3324 3544 3379; x_wconf 75' lang='grc' dir='ltr'><strong>τὸν</strong></span> <span class='ocrx_word' id='word_1_592' title='bbox 3582 3325 3740 3396; x_wconf 81' lang='grc' dir='ltr'>ίερέα</span> 
     </span>
    </p>
   </div>
   <div class='ocr_carea' id='block_1_85' title="bbox 2139 3415 3741 3489">
    <p class='ocr_par' dir='ltr' id='par_1_85' title="bbox 2139 3415 3741 3489">
     <span class='ocr_line' id='line_1_85' title="bbox 2139 3415 3741 3489; baseline -0.001 -17"><span class='ocrx_word' id='word_1_593' title='bbox 2139 3420 2405 3489; x_wconf 80' lang='grc' dir='ltr'>ἐπλήρου,</span> <span class='ocrx_word' id='word_1_594' title='bbox 2442 3417 2619 3480; x_wconf 71' lang='grc' dir='ltr'>οὕτως</span> <span class='ocrx_word' id='word_1_595' title='bbox 2655 3418 2765 3472; x_wconf 82' lang='grc' dir='ltr'><strong>ἀπὸ</strong></span> <span class='ocrx_word' id='word_1_596' title='bbox 2798 3420 2901 3488; x_wconf 82' lang='grc' dir='ltr'><strong>τῆς</strong></span> <span class='ocrx_word' id='word_1_597' title='bbox 2932 3416 3112 3488; x_wconf 81' lang='grc' dir='ltr'>ἀρχῆς</span> <span class='ocrx_word' id='word_1_598' title='bbox 3141 3417 3304 3487; x_wconf 84' lang='grc' dir='ltr'>μέχρι</span> <span class='ocrx_word' id='word_1_599' title='bbox 3330 3416 3439 3469; x_wconf 85' lang='grc' dir='ltr'><strong>τῶν</strong></span> <span class='ocrx_word' id='word_1_600' title='bbox 3473 3415 3741 3485; x_wconf 83' lang='grc' dir='ltr'>ὑπηκόων</span> 
     </span>
    </p>
   </div>
   <div class='ocr_carea' id='block_1_86' title="bbox 2141 3509 3649 3582">
    <p class='ocr_par' dir='ltr' id='par_1_86' title="bbox 2141 3509 3649 3582">
     <span class='ocr_line' id='line_1_86' title="bbox 2141 3509 3649 3582; baseline 0 -19"><span class='ocrx_word' id='word_1_601' title='bbox 2141 3515 2175 3582; x_wconf 80' lang='grc' dir='ltr'><strong>ἡ</strong></span> <span class='ocrx_word' id='word_1_602' title='bbox 2222 3511 2331 3566; x_wconf 75' lang='grc' dir='ltr'><strong>ἀπὸ</strong></span> <span class='ocrx_word' id='word_1_603' title='bbox 2356 3513 2457 3581; x_wconf 82' lang='grc' dir='ltr'><strong>τῆς</strong></span> <span class='ocrx_word' id='word_1_604' title='bbox 2488 3510 2811 3580; x_wconf 85' lang='grc' dir='ltr'>συμφωνίας</span> <span class='ocrx_word' id='word_1_605' title='bbox 2833 3509 3072 3579; x_wconf 83' lang='grc' dir='ltr'>ὠφέλεια</span> <span class='ocrx_word' id='word_1_606' title='bbox 3094 3511 3282 3580; x_wconf 87' lang='grc' dir='ltr'>χωρεῖ.</span> <span class='ocrx_word' id='word_1_607' title='bbox 3642 3524 3649 3530; x_wconf 76' lang='grc'><em>’</em></span> 
     </span>
    </p>
   </div>
   <div class='ocr_carea' id='block_1_87' title="bbox 2210 3598 3743 3673">
    <p class='ocr_par' dir='ltr' id='par_1_87' title="bbox 2210 3598 3743 3673">
     <span class='ocr_line' id='line_1_87' title="bbox 2210 3598 3743 3673; baseline -0.003 -15"><span class='ocrx_word' id='word_1_608' title='bbox 2210 3612 2278 3673; x_wconf 88' lang='grc' dir='ltr'>γ’.</span> <span class='ocrx_word' id='word_1_609' title='bbox 2314 3621 2332 3655; x_wconf 78' lang='grc' dir='ltr'><strong>ι</strong></span> <span class='ocrx_word' id='word_1_610' title='bbox 2387 3603 2474 3667; x_wconf 83' lang='grc' dir='ltr'>Ὦς</span> <span class='ocrx_word' id='word_1_611' title='bbox 2507 3602 2699 3673; x_wconf 79' lang='grc' dir='ltr'>δρόσος</span> <span class='ocrx_word' id='word_1_612' title='bbox 2739 3599 2994 3673; x_wconf 79' lang='grc' dir='ltr'>Ἀερμὼν</span> <span class='ocrx_word' id='word_1_613' title='bbox 3023 3602 3056 3670; x_wconf 80' lang='grc' dir='ltr'>ἡ</span> <span class='ocrx_word' id='word_1_614' title='bbox 3096 3598 3507 3654; x_wconf 89' lang='grc' dir='ltr'>καταϐαίνουσα</span> <span class='ocrx_word' id='word_1_615' title='bbox 3539 3598 3633 3651; x_wconf 59' lang='grc' dir='ltr'><strong>ἐπὶ⁸</strong></span> <span class='ocrx_word' id='word_1_616' title='bbox 3666 3599 3743 3653; x_wconf 79' lang='grc' dir='ltr'>τὰ</span> 
     </span>
    </p>
   </div>
   <div class='ocr_carea' id='block_1_88' title="bbox 2140 3689 3744 3769">
    <p class='ocr_par' dir='ltr' id='par_1_88' title="bbox 2140 3689 3744 3769">
     <span class='ocr_line' id='line_1_88' title="bbox 2140 3689 3744 3769; baseline -0.006 -18"><span class='ocrx_word' id='word_1_617' title='bbox 2140 3700 2241 3769; x_wconf 73' lang='grc' dir='ltr'>ὅρη</span> <span class='ocrx_word' id='word_1_618' title='bbox 2271 3696 2429 3751; x_wconf 82' lang='grc' dir='ltr'>Σιών.</span> <span class='ocrx_word' id='word_1_619' title='bbox 2470 3716 2488 3748; x_wconf 72' lang='grc' dir='ltr'><strong>ι</strong></span> <span class='ocrx_word' id='word_1_620' title='bbox 2531 3696 2700 3750; x_wconf 81' lang='grc' dir='ltr'>Πάλιν</span> <span class='ocrx_word' id='word_1_621' title='bbox 2744 3698 2826 3758; x_wconf 85' lang='grc' dir='ltr'><strong>είς</strong></span> <span class='ocrx_word' id='word_1_622' title='bbox 2883 3694 3074 3763; x_wconf 70' lang='grc' dir='ltr'>ἑτέραν</span> <span class='ocrx_word' id='word_1_623' title='bbox 3122 3691 3311 3744; x_wconf 78' lang='grc' dir='ltr'>εἰκόνα</span> <span class='ocrx_word' id='word_1_624' title='bbox 3359 3689 3585 3760; x_wconf 81' lang='grc' dir='ltr'>μετέϐη,</span> <span class='ocrx_word' id='word_1_625' title='bbox 3636 3692 3744 3760; x_wconf 77' lang='grc' dir='ltr'>τῆς</span> 
     </span>
    </p>
   </div>
   <div class='ocr_carea' id='block_1_89' title="bbox 2142 3781 3737 3860">
    <p class='ocr_par' dir='ltr' id='par_1_89' title="bbox 2142 3781 3737 3860">
     <span class='ocr_line' id='line_1_89' title="bbox 2142 3781 3737 3860; baseline -0.007 -16"><span class='ocrx_word' id='word_1_626' title='bbox 2142 3789 2464 3860; x_wconf 86' lang='grc' dir='ltr'>συμφωνίας</span> <span class='ocrx_word' id='word_1_627' title='bbox 2487 3787 2757 3842; x_wconf 84' lang='grc' dir='ltr'>διδάσκων</span> <span class='ocrx_word' id='word_1_628' title='bbox 2785 3786 2848 3840; x_wconf 84' lang='grc' dir='ltr'><strong>τὸ</strong></span> <span class='ocrx_word' id='word_1_629' title='bbox 2872 3786 3149 3857; x_wconf 78' lang='grc' dir='ltr'>χρήσιμον</span> <span class='ocrx_word' id='word_1_630' title='bbox 3181 3798 3196 3813; x_wconf 83' lang='grc'><em>’</em></span> <span class='ocrx_word' id='word_1_631' title='bbox 3232 3783 3328 3836; x_wconf 77' lang='grc' dir='ltr'><strong>καὶ</strong></span> <span class='ocrx_word' id='word_1_632' title='bbox 3372 3782 3577 3853; x_wconf 84' lang='grc' dir='ltr'>ταύτην</span> <span class='ocrx_word' id='word_1_633' title='bbox 3599 3781 3737 3854; x_wconf 68' lang='grc' dir='ltr'>ἔφη.</span> 
     </span>
    </p>
   </div>
   <div class='ocr_carea' id='block_1_90' title="bbox 2142 3871 3741 3948">
    <p class='ocr_par' dir='ltr' id='par_1_90' title="bbox 2142 3871 3741 3948">
     <span class='ocr_line' id='line_1_90' title="bbox 2142 3871 3741 3948; baseline -0.006 -15"><span class='ocrx_word' id='word_1_634' title='bbox 2142 3898 2234 3933; x_wconf 91' lang='grc' dir='ltr'><strong>σεν</strong></span> <span class='ocrx_word' id='word_1_635' title='bbox 2261 3880 2505 3934; x_wconf 76' lang='grc' dir='ltr'>ἐοικέναι</span> <span class='ocrx_word' id='word_1_636' title='bbox 2544 3880 2609 3948; x_wconf 82' lang='grc' dir='ltr'>τῇ</span> <span class='ocrx_word' id='word_1_637' title='bbox 2649 3877 2849 3948; x_wconf 83' lang='grc' dir='ltr'>δρόσῳ,</span> <span class='ocrx_word' id='word_1_638' title='bbox 2904 3877 2972 3944; x_wconf 78' lang='grc' dir='ltr'>τῇ</span> <span class='ocrx_word' id='word_1_639' title='bbox 3020 3875 3133 3928; x_wconf 76' lang='grc' dir='ltr'>ἀπὸ</span> <span class='ocrx_word' id='word_1_640' title='bbox 3163 3872 3261 3925; x_wconf 90' lang='grc' dir='ltr'><strong>τοῦ</strong></span> <span class='ocrx_word' id='word_1_641' title='bbox 3302 3872 3349 3904; x_wconf 72' lang='grc'><strong>⁸⁸</strong></span> <span class='ocrx_word' id='word_1_642' title='bbox 3385 3871 3639 3942; x_wconf 81' lang='grc' dir='ltr'>Ἀερμὼν</span> <span class='ocrx_word' id='word_1_643' title='bbox 3668 3874 3741 3943; x_wconf 76' lang='grc' dir='ltr'>τῇ</span> 
     </span>
    </p>
   </div>
   <div class='ocr_carea' id='block_1_91' title="bbox 2141 3960 3743 4040">
    <p class='ocr_par' dir='ltr' id='par_1_91' title="bbox 2141 3960 3743 4040">
     <span class='ocr_line' id='line_1_91' title="bbox 2141 3960 3743 4040; baseline -0.007 -16"><span class='ocrx_word' id='word_1_644' title='bbox 2141 3971 2279 4025; x_wconf 85' lang='grc' dir='ltr'>Σιὼν</span> <span class='ocrx_word' id='word_1_645' title='bbox 2333 3968 2727 4040; x_wconf 76' lang='grc' dir='ltr'>ἐπιφερομένῃ.</span> <span class='ocrx_word' id='word_1_646' title='bbox 2761 3965 3013 4034; x_wconf 88' lang='grc' dir='ltr'>Τοσαύτη</span> <span class='ocrx_word' id='word_1_647' title='bbox 3065 3963 3123 4017; x_wconf 74' lang='grc' dir='ltr'>δὲ</span> <span class='ocrx_word' id='word_1_648' title='bbox 3172 3961 3335 4033; x_wconf 79' lang='grc' dir='ltr'>αὕτη,</span> <span class='ocrx_word' id='word_1_649' title='bbox 3365 3961 3444 4023; x_wconf 87' lang='grc' dir='ltr'>ὡς</span> <span class='ocrx_word' id='word_1_650' title='bbox 3476 3960 3571 4013; x_wconf 71' lang='grc' dir='ltr'><strong>καὶ</strong></span> <span class='ocrx_word' id='word_1_651' title='bbox 3605 3977 3743 4014; x_wconf 87' lang='grc' dir='ltr'>στα-</span> 
     </span>
    </p>
   </div>
   <div class='ocr_carea' id='block_1_92' title="bbox 2140 4050 3744 4131">
    <p class='ocr_par' dir='ltr' id='par_1_92' title="bbox 2140 4050 3744 4131">
     <span class='ocr_line' id='line_1_92' title="bbox 2140 4050 3744 4131; baseline -0.007 -15"><span class='ocrx_word' id='word_1_652' title='bbox 2140 4064 2306 4131; x_wconf 88' lang='grc' dir='ltr'>γόνας</span> <span class='ocrx_word' id='word_1_653' title='bbox 2335 4061 2463 4125; x_wconf 77' lang='grc' dir='ltr'>τοὺς</span> <span class='ocrx_word' id='word_1_654' title='bbox 2498 4060 2777 4130; x_wconf 78' lang='grc' dir='ltr'>κεράμους</span> <span class='ocrx_word' id='word_1_655' title='bbox 2834 4057 3170 4125; x_wconf 77' lang='grc' dir='ltr'>ἐκπέμπειν.</span> <span class='ocrx_word' id='word_1_656' title='bbox 3235 4053 3309 4106; x_wconf 81' lang='grc' dir='ltr'><strong>Τὸ</strong></span> <span class='ocrx_word' id='word_1_657' title='bbox 3369 4050 3430 4106; x_wconf 84' lang='grc' dir='ltr'>δὲ</span> <span class='ocrx_word' id='word_1_658' title='bbox 3483 4051 3744 4122; x_wconf 72' lang='grc' dir='ltr'>Ἀερμὼν·</span> 
     </span>
    </p>
   </div>
   <div class='ocr_carea' id='block_1_93' title="bbox 2140 4143 3738 4225">
    <p class='ocr_par' dir='ltr' id='par_1_93' title="bbox 2140 4143 3738 4225">
     <span class='ocr_line' id='line_1_93' title="bbox 2140 4143 3738 4225; baseline -0.008 -17"><span class='ocrx_word' id='word_1_659' title='bbox 2140 4155 2265 4225; x_wconf 79' lang='grc' dir='ltr'>ὅρος</span> <span class='ocrx_word' id='word_1_660' title='bbox 2303 4153 2442 4216; x_wconf 76' lang='grc' dir='ltr'>ἐστὶ,</span> <span class='ocrx_word' id='word_1_661' title='bbox 2471 4153 2568 4206; x_wconf 69' lang='grc' dir='ltr'><strong>καὶ</strong></span> <span class='ocrx_word' id='word_1_662' title='bbox 2596 4149 2729 4203; x_wconf 83' lang='grc' dir='ltr'>αὐτὸ</span> <span class='ocrx_word' id='word_1_663' title='bbox 2767 4148 2868 4219; x_wconf 83' lang='grc' dir='ltr'><strong>τῆς</strong></span> <span class='ocrx_word' id='word_1_664' title='bbox 2908 4144 3302 4216; x_wconf 84' lang='grc' dir='ltr'>Παλαιστίνης,</span> <span class='ocrx_word' id='word_1_665' title='bbox 3341 4147 3409 4215; x_wconf 85' lang='grc' dir='ltr'>τῇ</span> <span class='ocrx_word' id='word_1_666' title='bbox 3438 4148 3512 4215; x_wconf 78' lang='grc' dir='ltr'>γῇ</span> <span class='ocrx_word' id='word_1_667' title='bbox 3542 4143 3738 4212; x_wconf 70' lang='grc' dir='ltr'>διαφέ-</span> 
     </span>
    </p>
   </div>
   <div class='ocr_carea' id='block_1_94' title="bbox 2146 4236 3742 4319">
    <p class='ocr_par' dir='ltr' id='par_1_94' title="bbox 2146 4236 3742 4319">
     <span class='ocr_line' id='line_1_94' title="bbox 2146 4236 3742 4319; baseline -0.008 -19"><span class='ocrx_word' id='word_1_668' title='bbox 2146 4264 2257 4319; x_wconf 90' lang='grc' dir='ltr'><strong>ρων</strong></span> <span class='ocrx_word' id='word_1_669' title='bbox 2280 4244 2374 4298; x_wconf 87' lang='grc' dir='ltr'><strong>τοῦ</strong></span> <span class='ocrx_word' id='word_1_670' title='bbox 2414 4243 2657 4315; x_wconf 81' lang='grc' dir='ltr'>Ἰσραήλ.</span> <span class='ocrx_word' id='word_1_671' title='bbox 2703 4259 2723 4293; x_wconf 75' lang='grc' dir='ltr'><strong>ι</strong></span> <span class='ocrx_word' id='word_1_672' title='bbox 2761 4241 2885 4294; x_wconf 72' lang='grc' dir='ltr'>Ὀτι</span> <span class='ocrx_word' id='word_1_673' title='bbox 2907 4241 3027 4293; x_wconf 81' lang='grc' dir='ltr'>ἐκεῖ</span> <span class='ocrx_word' id='word_1_674' title='bbox 3048 4237 3359 4292; x_wconf 88' lang='grc' dir='ltr'>ἐνετείλατο</span> <span class='ocrx_word' id='word_1_675' title='bbox 3392 4236 3600 4301; x_wconf 81' lang='grc' dir='ltr'>Κύριος</span> <span class='ocrx_word' id='word_1_676' title='bbox 3636 4236 3742 4307; x_wconf 80' lang='grc' dir='ltr'>τὴν</span> 
     </span>
    </p>
   </div>
   <div class='ocr_carea' id='block_1_95' title="bbox 2145 4326 3740 4407">
    <p class='ocr_par' dir='ltr' id='par_1_95' title="bbox 2145 4326 3740 4407">
     <span class='ocr_line' id='line_1_95' title="bbox 2145 4326 3740 4407; baseline -0.008 -15"><span class='ocrx_word' id='word_1_677' title='bbox 2145 4337 2420 4407; x_wconf 86' lang='grc' dir='ltr'>εὐλογίαν,</span> <span class='ocrx_word' id='word_1_678' title='bbox 2466 4334 2611 4406; x_wconf 84' lang='grc' dir='ltr'>ζωὴν</span> <span class='ocrx_word' id='word_1_679' title='bbox 2643 4334 2749 4398; x_wconf 81' lang='grc' dir='ltr'><strong>ἐως</strong></span> <span class='ocrx_word' id='word_1_680' title='bbox 2777 4331 2873 4386; x_wconf 91' lang='grc' dir='ltr'><strong>τοῦ</strong></span> <span class='ocrx_word' id='word_1_681' title='bbox 2908 4330 3127 4394; x_wconf 79' lang='grc' dir='ltr'>αἰῶνος.</span> <span class='ocrx_word' id='word_1_682' title='bbox 3166 4349 3185 4382; x_wconf 78' lang='grc' dir='ltr'><strong>ι</strong></span> <span class='ocrx_word' id='word_1_683' title='bbox 3220 4332 3335 4383; x_wconf 83' lang='grc' dir='ltr'>Οὐκ</span> <span class='ocrx_word' id='word_1_684' title='bbox 3368 4331 3427 4383; x_wconf 86' lang='grc' dir='ltr'><strong>ἐν</strong></span> <span class='ocrx_word' id='word_1_685' title='bbox 3457 4326 3740 4397; x_wconf 82' lang='grc' dir='ltr'>Ἀερμὼν,</span> 
     </span>
    </p>
   </div>
   <div class='ocr_carea' id='block_1_96' title="bbox 2143 4418 3742 4498">
    <p class='ocr_par' dir='ltr' id='par_1_96' title="bbox 2143 4418 3742 4498">
     <span class='ocr_line' id='line_1_96' title="bbox 2143 4418 3742 4498; baseline -0.006 -16"><span class='ocrx_word' id='word_1_686' title='bbox 2143 4427 2260 4482; x_wconf 76' lang='grc' dir='ltr'>ἀλλ’</span> <span class='ocrx_word' id='word_1_687' title='bbox 2287 4431 2344 4480; x_wconf 88' lang='grc' dir='ltr'><strong>ἐν</strong></span> <span class='ocrx_word' id='word_1_688' title='bbox 2372 4429 2441 4498; x_wconf 76' lang='grc' dir='ltr'>τῇ</span> <span class='ocrx_word' id='word_1_689' title='bbox 2471 4424 2634 4492; x_wconf 86' lang='grc' dir='ltr'>Σιὼν,</span> <span class='ocrx_word' id='word_1_690' title='bbox 2668 4425 2726 4478; x_wconf 88' lang='grc' dir='ltr'><strong>ἐν</strong></span> <span class='ocrx_word' id='word_1_691' title='bbox 2819 4423 2916 4477; x_wconf 75' lang='grc' dir='ltr'>καὶ</span> <span class='ocrx_word' id='word_1_692' title='bbox 2965 4423 3062 4476; x_wconf 91' lang='grc' dir='ltr'><strong>τοῦ</strong></span> <span class='ocrx_word' id='word_1_693' title='bbox 3100 4420 3377 4490; x_wconf 86' lang='grc' dir='ltr'>παναγίου</span> <span class='ocrx_word' id='word_1_694' title='bbox 3412 4419 3742 4489; x_wconf 85' lang='grc' dir='ltr'>Πνεύματος</span> 
     </span>
    </p>
   </div>
   <div class='ocr_carea' id='block_1_97' title="bbox 2143 4511 3743 4588">
    <p class='ocr_par' dir='ltr' id='par_1_97' title="bbox 2143 4511 3743 4588">
     <span class='ocr_line' id='line_1_97' title="bbox 2143 4511 3743 4588; baseline -0.006 -14"><span class='ocrx_word' id='word_1_695' title='bbox 2143 4522 2236 4575; x_wconf 83' lang='grc' dir='ltr'>ἐπὶ</span> <span class='ocrx_word' id='word_1_696' title='bbox 2266 4522 2388 4583; x_wconf 80' lang='grc' dir='ltr'>τοὺς</span> <span class='ocrx_word' id='word_1_697' title='bbox 2424 4519 2605 4588; x_wconf 81' lang='grc' dir='ltr'>ἱεροὺς</span> <span class='ocrx_word' id='word_1_698' title='bbox 2637 4515 2974 4578; x_wconf 81' lang='grc' dir='ltr'>ἀποστόλους</span> <span class='ocrx_word' id='word_1_699' title='bbox 3009 4517 3043 4585; x_wconf 78' lang='grc' dir='ltr'>ἡ</span> <span class='ocrx_word' id='word_1_700' title='bbox 3080 4514 3345 4579; x_wconf 80' lang='grc' dir='ltr'>ζωοποιὸς</span> <span class='ocrx_word' id='word_1_701' title='bbox 3371 4511 3743 4582; x_wconf 80' lang='grc' dir='ltr'>κατεπέμφθη</span> 
     </span>
    </p>
   </div>
   <div class='ocr_carea' id='block_1_98' title="bbox 2143 4601 3743 4682">
    <p class='ocr_par' dir='ltr' id='par_1_98' title="bbox 2143 4601 3743 4682">
     <span class='ocr_line' id='line_1_98' title="bbox 2143 4601 3743 4682; baseline -0.004 -19"><span class='ocrx_word' id='word_1_702' title='bbox 2143 4611 2356 4682; x_wconf 81' lang='grc' dir='ltr'>δρόσος,</span> <span class='ocrx_word' id='word_1_703' title='bbox 2410 4608 2480 4663; x_wconf 90' lang='grc' dir='ltr'>δι’</span> <span class='ocrx_word' id='word_1_704' title='bbox 2528 4604 2599 4681; x_wconf 80' lang='grc' dir='ltr'>ἦς</span> <span class='ocrx_word' id='word_1_705' title='bbox 2649 4608 2892 4669; x_wconf 73' lang='grc' dir='ltr'>ἅπαντες</span> <span class='ocrx_word' id='word_1_706' title='bbox 2924 4608 2972 4659; x_wconf 91' lang='grc' dir='ltr'>οἱ</span> <span class='ocrx_word' id='word_1_707' title='bbox 3009 4604 3360 4668; x_wconf 62' lang='grc' dir='ltr'>πιστεύοντες</span> <span class='ocrx_word' id='word_1_708' title='bbox 3387 4604 3486 4673; x_wconf 76' lang='grc' dir='ltr'>τὴν</span> <span class='ocrx_word' id='word_1_709' title='bbox 3518 4601 3743 4656; x_wconf 71' lang='grc' dir='ltr'>αἰώνιον</span> 
     </span>
    </p>
   </div>
   <div class='ocr_carea' id='block_1_99' title="bbox 2144 4700 2783 4770">
    <p class='ocr_par' dir='ltr' id='par_1_99' title="bbox 2144 4700 2783 4770">
     <span class='ocr_line' id='line_1_99' title="bbox 2144 4700 2783 4770; baseline -0.003 -15"><span class='ocrx_word' id='word_1_710' title='bbox 2144 4700 2396 4770; x_wconf 87' lang='grc' dir='ltr'>εὐλογίαν</span> <span class='ocrx_word' id='word_1_711' title='bbox 2423 4700 2783 4770; x_wconf 82' lang='grc' dir='ltr'>καρποῦνται.</span> 
     </span>
    </p>
   </div>
   <div class='ocr_carea' id='block_1_100' title="bbox 2431 4849 3448 4908">
    <p class='ocr_par' dir='ltr' id='par_1_100' title="bbox 2431 4849 3448 4908">
     <span class='ocr_line' id='line_1_100' title="bbox 2431 4849 3448 4908; baseline -0.004 0"><span class='ocrx_word' id='word_1_712' title='bbox 2431 4854 2695 4908; x_wconf 83' lang='lat' dir='ltr'><strong>EPMHN.</strong></span> <span class='ocrx_word' id='word_1_713' title='bbox 2741 4852 2880 4906; x_wconf 88' lang='grc' dir='ltr'><strong>ΤΟΥ</strong></span> <span class='ocrx_word' id='word_1_714' title='bbox 2916 4852 3063 4905; x_wconf 80' lang='grc' dir='ltr'><strong>ΡΛΓ⁴</strong></span> <span class='ocrx_word' id='word_1_715' title='bbox 3123 4849 3448 4905; x_wconf 77' lang='grc' dir='ltr'><strong>ΨΔΛΜΟΥ.</strong></span> 
     </span>
    </p>
   </div>
   <div class='ocr_carea' id='block_1_101' title="bbox 2212 4983 3744 5063">
    <p class='ocr_par' dir='ltr' id='par_1_101' title="bbox 2212 4983 3744 5063">
     <span class='ocr_line' id='line_1_101' title="bbox 2212 4983 3744 5063; baseline -0.005 -19"><span class='ocrx_word' id='word_1_716' title='bbox 2212 4999 2282 5049; x_wconf 86' lang='grc' dir='ltr'>α’.</span> <span class='ocrx_word' id='word_1_717' title='bbox 2320 5012 2338 5044; x_wconf 78' lang='grc' dir='ltr'><strong>ι</strong></span> <span class='ocrx_word' id='word_1_718' title='bbox 2363 4991 2489 5063; x_wconf 79' lang='grc' dir='ltr'>ᾬδὴ</span> <span class='ocrx_word' id='word_1_719' title='bbox 2518 4991 2629 5043; x_wconf 86' lang='grc' dir='ltr'>τῶν</span> <span class='ocrx_word' id='word_1_720' title='bbox 2664 4986 3019 5059; x_wconf 83' lang='grc' dir='ltr'>ἀναϐαθμῶν.</span> <span class='ocrx_word' id='word_1_721' title='bbox 3061 5007 3079 5038; x_wconf 74' lang='grc' dir='ltr'><strong>ι</strong></span> <span class='ocrx_word' id='word_1_722' title='bbox 3117 4986 3405 5059; x_wconf 85' lang='grc' dir='ltr'>’Δρμόττει</span> <span class='ocrx_word' id='word_1_723' title='bbox 3438 4984 3560 5038; x_wconf 64' lang='grc' dir='ltr'><strong>ιίδὲ</strong></span> <span class='ocrx_word' id='word_1_724' title='bbox 3574 4984 3619 5016; x_wconf 78' lang='grc'><strong>⁶¹</strong></span> <span class='ocrx_word' id='word_1_725' title='bbox 3642 4983 3744 5038; x_wconf 74' lang='grc' dir='ltr'>καὶ</span> 
     </span>
    </p>
   </div>
   <div class='ocr_carea' id='block_1_102' title="bbox 2145 5077 3739 5150">
    <p class='ocr_par' dir='ltr' id='par_1_102' title="bbox 2145 5077 3739 5150">
     <span class='ocr_line' id='line_1_102' title="bbox 2145 5077 3739 5150; baseline -0.006 -11"><span class='ocrx_word' id='word_1_726' title='bbox 2145 5077 2300 5146; x_wconf 71' lang='grc' dir='ltr'>οὗτος</span> <span class='ocrx_word' id='word_1_727' title='bbox 2334 5088 2445 5147; x_wconf 77' lang='grc' dir='ltr'>τοῖς</span> <span class='ocrx_word' id='word_1_728' title='bbox 2473 5083 2584 5137; x_wconf 84' lang='grc' dir='ltr'>ἀπὸ</span> <span class='ocrx_word' id='word_1_729' title='bbox 2634 5082 2951 5145; x_wconf 79' lang='grc' dir='ltr'>Βαϐυλῶνος</span> <span class='ocrx_word' id='word_1_730' title='bbox 2996 5080 3379 5135; x_wconf 80' lang='grc' dir='ltr'>ἐπανελθοῦσι.</span> <span class='ocrx_word' id='word_1_731' title='bbox 3413 5078 3739 5150; x_wconf 78' lang='grc' dir='ltr'>Προσφέρει</span> 
     </span>
    </p>
   </div>
   <div class='ocr_carea' id='block_1_103' title="bbox 2145 5171 3739 5245">
    <p class='ocr_par' dir='ltr' id='par_1_103' title="bbox 2145 5171 3739 5245">
     <span class='ocr_line' id='line_1_103' title="bbox 2145 5171 3739 5245; baseline -0.005 -14"><span class='ocrx_word' id='word_1_732' title='bbox 2145 5178 2201 5232; x_wconf 86' lang='grc' dir='ltr'><strong>δέ</strong></span> <span class='ocrx_word' id='word_1_733' title='bbox 2236 5178 2330 5231; x_wconf 69' lang='grc' dir='ltr'>καὶ</span> <span class='ocrx_word' id='word_1_734' title='bbox 2362 5178 2500 5230; x_wconf 81' lang='grc' dir='ltr'>πᾶσι</span> <span class='ocrx_word' id='word_1_735' title='bbox 2529 5180 2642 5239; x_wconf 82' lang='grc' dir='ltr'>τοῖς</span> <span class='ocrx_word' id='word_1_736' title='bbox 2678 5176 2927 5229; x_wconf 80' lang='grc' dir='ltr'>εὐσεϐέσι</span> <span class='ocrx_word' id='word_1_737' title='bbox 2960 5175 3311 5245; x_wconf 84' lang='grc' dir='ltr'>παραίνεσιν,</span> <span class='ocrx_word' id='word_1_738' title='bbox 3347 5171 3488 5226; x_wconf 80' lang='grc' dir='ltr'>ὥστε</span> <span class='ocrx_word' id='word_1_739' title='bbox 3528 5172 3606 5242; x_wconf 81' lang='grc' dir='ltr'><strong>μὴ</strong></span> <span class='ocrx_word' id='word_1_740' title='bbox 3634 5172 3739 5241; x_wconf 77' lang='grc' dir='ltr'>μό-</span> 
     </span>
    </p>
   </div>
   <div class='ocr_carea' id='block_1_104' title="bbox 2147 5262 3743 5337">
    <p class='ocr_par' dir='ltr' id='par_1_104' title="bbox 2147 5262 3743 5337">
     <span class='ocr_line' id='line_1_104' title="bbox 2147 5262 3743 5337; baseline -0.003 -16"><span class='ocrx_word' id='word_1_741' title='bbox 2147 5286 2237 5321; x_wconf 89' lang='grc' dir='ltr'><strong>νον</strong></span> <span class='ocrx_word' id='word_1_742' title='bbox 2287 5267 2406 5337; x_wconf 84' lang='grc' dir='ltr'>μεθ’</span> <span class='ocrx_word' id='word_1_743' title='bbox 2440 5268 2676 5337; x_wconf 79' lang='grc' dir='ltr'>ἡμέραν,</span> <span class='ocrx_word' id='word_1_744' title='bbox 2708 5266 2846 5321; x_wconf 83' lang='grc' dir='ltr'>ἀλλὰ</span> <span class='ocrx_word' id='word_1_745' title='bbox 2896 5266 2991 5319; x_wconf 70' lang='grc' dir='ltr'>καὶ</span> <span class='ocrx_word' id='word_1_746' title='bbox 3038 5264 3257 5337; x_wconf 87' lang='grc' dir='ltr'>νύκτωρ</span> <span class='ocrx_word' id='word_1_747' title='bbox 3311 5264 3405 5317; x_wconf 86' lang='grc' dir='ltr'>τὸν</span> <span class='ocrx_word' id='word_1_748' title='bbox 3449 5262 3582 5317; x_wconf 74' lang='grc' dir='ltr'>Θεὸν</span> <span class='ocrx_word' id='word_1_749' title='bbox 3642 5263 3743 5317; x_wconf 82' lang='grc' dir='ltr'>άν-</span> 
     </span>
    </p>
   </div>
   <div class='ocr_carea' id='block_1_105' title="bbox 2145 5355 3740 5430">
    <p class='ocr_par' dir='ltr' id='par_1_105' title="bbox 2145 5355 3740 5430">
     <span class='ocr_line' id='line_1_105' title="bbox 2145 5355 3740 5430; baseline -0.004 -17"><span class='ocrx_word' id='word_1_750' title='bbox 2145 5380 2174 5413; x_wconf 91' lang='grc' dir='ltr'><strong>υ</strong></span> <span class='ocrx_word' id='word_1_751' title='bbox 2183 5363 2355 5429; x_wconf 82' lang='grc' dir='ltr'>μνεῖν.</span> <span class='ocrx_word' id='word_1_752' title='bbox 2376 5377 2393 5410; x_wconf 75' lang='grc' dir='ltr'><strong>ι</strong></span> <span class='ocrx_word' id='word_1_753' title='bbox 2426 5359 2556 5413; x_wconf 71' lang='grc' dir='ltr'>’ἰδοῦ</span> <span class='ocrx_word' id='word_1_754' title='bbox 2582 5359 2647 5430; x_wconf 78' lang='grc' dir='ltr'>δὴ</span> <span class='ocrx_word' id='word_1_755' title='bbox 2676 5359 2947 5429; x_wconf 81' lang='grc' dir='ltr'>εὐλογεῖτε</span> <span class='ocrx_word' id='word_1_756' title='bbox 2968 5359 3057 5413; x_wconf 75' lang='grc' dir='ltr'>τὸν</span> <span class='ocrx_word' id='word_1_757' title='bbox 3074 5359 3301 5429; x_wconf 82' lang='grc' dir='ltr'>Κύριον,</span> <span class='ocrx_word' id='word_1_758' title='bbox 3323 5357 3521 5421; x_wconf 85' lang='grc' dir='ltr'>πάντες</span> <span class='ocrx_word' id='word_1_759' title='bbox 3541 5357 3593 5411; x_wconf 80' lang='grc' dir='ltr'><strong>οἱ</strong></span> <span class='ocrx_word' id='word_1_760' title='bbox 3611 5355 3740 5410; x_wconf 77' lang='grc' dir='ltr'>δοῦ-</span> 
     </span>
    </p>
   </div>
   <div class='ocr_carea' id='block_1_106' title="bbox 1538 5598 2610 5661">
    <p class='ocr_par' dir='ltr' id='par_1_106' title="bbox 1538 5598 2610 5661">
     <span class='ocr_line' id='line_1_106' title="bbox 1538 5598 2610 5661; baseline 0.004 -9"><span class='ocrx_word' id='word_1_761' title='bbox 1538 5598 1769 5656; x_wconf 64' lang='grc' dir='ltr'><strong>ΥΑΙὶΙίΕ</strong></span> <span class='ocrx_word' id='word_1_762' title='bbox 1820 5602 2206 5661; x_wconf 72' lang='lat' dir='ltr'><strong>LECTIONES</strong></span> <span class='ocrx_word' id='word_1_763' title='bbox 2255 5604 2343 5658; x_wconf 76' lang='lat' dir='ltr'><strong>ET</strong></span> <span class='ocrx_word' id='word_1_764' title='bbox 2376 5602 2610 5659; x_wconf 68' lang='grc' dir='ltr'><strong>ΝΟΤᾸΞ.</strong></span> 
     </span>
    </p>
   </div>
   <div class='ocr_carea' id='block_1_107' title="bbox 542 5755 2031 5835">
    <p class='ocr_par' dir='ltr' id='par_1_107' title="bbox 542 5755 2022 5835">
     <span class='ocr_line' id='line_1_107' title="bbox 542 5755 2022 5835; baseline 0.007 -22"><span class='ocrx_word' id='word_1_765' title='bbox 542 5755 587 5787; x_wconf 67' lang='grc'><strong>⁸⁴</strong></span> <span class='ocrx_word' id='word_1_766' title='bbox 605 5760 774 5835; x_wconf 71' lang='lat' dir='ltr'><strong>Abest</strong></span> <span class='ocrx_word' id='word_1_767' title='bbox 805 5763 1000 5835; x_wconf 20' lang='lat' dir='ltr'><strong>atcod.</strong></span> <span class='ocrx_word' id='word_1_768' title='bbox 1034 5764 1086 5817; x_wconf 85' lang='lat' dir='ltr'><strong>I.</strong></span> <span class='ocrx_word' id='word_1_769' title='bbox 1165 5766 1209 5798; x_wconf 84' lang='grc'><strong>³³</strong></span> <span class='ocrx_word' id='word_1_770' title='bbox 1244 5765 1575 5835; x_wconf 74' lang='grc' dir='ltr'>Κητοικεῖν.</span> <span class='ocrx_word' id='word_1_771' title='bbox 1606 5767 1728 5823; x_wconf 86' lang='lat' dir='ltr'><strong>cod.</strong></span> <span class='ocrx_word' id='word_1_772' title='bbox 1770 5768 1790 5820; x_wconf 86' lang='lat' dir='ltr'><strong>l</strong></span> <span class='ocrx_word' id='word_1_773' title='bbox 1835 5784 2022 5835; x_wconf 73' lang='lat' dir='ltr'><strong>prtem.</strong></span> 
     </span>
    </p>
   </div>
   <div class='ocr_carea' id='block_1_108' title="bbox 2137 5755 2737 5835">
    <p class='ocr_par' dir='ltr' id='par_1_108' title="bbox 2137 5771 2737 5827">
     <span class='ocr_line' id='line_1_108' title="bbox 2137 5771 2737 5827; baseline -0.007 -1"><span class='ocrx_word' id='word_1_774' title='bbox 2137 5814 2139 5827; x_wconf 94' lang='lat'><strong>.</strong></span> <span class='ocrx_word' id='word_1_775' title='bbox 2180 5783 2238 5825; x_wconf 91' lang='lat' dir='ltr'><strong>ut</strong></span> <span class='ocrx_word' id='word_1_776' title='bbox 2272 5774 2324 5825; x_wconf 93' lang='lat' dir='ltr'><strong>in</strong></span> <span class='ocrx_word' id='word_1_777' title='bbox 2351 5779 2502 5825; x_wconf 80' lang='lat' dir='ltr'><strong>textu</strong></span> <span class='ocrx_word' id='word_1_778' title='bbox 2567 5771 2737 5825; x_wconf 83' lang='lat' dir='ltr'><strong>lIebr.</strong></span> 
     </span>
    </p>
   </div>
   <div class='ocr_carea' id='block_1_109' title="bbox 2818 5764 3738 5835">
    <p class='ocr_par' dir='ltr' id='par_1_109' title="bbox 2818 5764 3738 5835">
     <span class='ocr_line' id='line_1_109' title="bbox 2818 5764 3738 5835; baseline 0.003 -18"><span class='ocrx_word' id='word_1_779' title='bbox 2818 5769 2864 5801; x_wconf 76' lang='grc'>³⁸</span> <span class='ocrx_word' id='word_1_780' title='bbox 2896 5771 3019 5822; x_wconf 68' lang='lat' dir='ltr'><strong>(md.</strong></span> <span class='ocrx_word' id='word_1_781' title='bbox 3087 5765 3104 5817; x_wconf 64' lang='grc' dir='ltr'><strong>ί</strong></span> <span class='ocrx_word' id='word_1_782' title='bbox 3152 5764 3404 5835; x_wconf 73' lang='grc' dir='ltr'>εὐωδίαν.</span> <span class='ocrx_word' id='word_1_783' title='bbox 3483 5766 3527 5798; x_wconf 79' lang='grc'><strong>³⁷</strong></span> <span class='ocrx_word' id='word_1_784' title='bbox 3558 5764 3738 5835; x_wconf 75' lang='grc' dir='ltr'>Χάρι-</span> 
     </span>
    </p>
   </div>
   <div class='ocr_carea' id='block_1_110' title="bbox 460 5829 2031 5933">
    <p class='ocr_par' dir='ltr' id='par_1_110' title="bbox 460 5829 2017 5933">
     <span class='ocr_line' id='line_1_110' title="bbox 460 5829 2017 5933; baseline 0.005 -50"><span class='ocrx_word' id='word_1_785' title='bbox 460 5829 1010 5933; x_wconf 37' lang='grc' dir='ltr'><strong>ξςμῆηξίῖἑ,χρῆμα,ἰ</strong></span> <span class='ocrx_word' id='word_1_786' title='bbox 1061 5835 1106 5865; x_wconf 66' lang='grc'><strong>³⁸</strong></span> <span class='ocrx_word' id='word_1_787' title='bbox 1132 5836 1254 5915; x_wconf 69' lang='lat' dir='ltr'><strong>cod.</strong></span> <span class='ocrx_word' id='word_1_788' title='bbox 1310 5837 1370 5933; x_wconf 72' lang='lat' dir='ltr'><strong>in</strong></span> <span class='ocrx_word' id='word_1_789' title='bbox 1407 5833 1545 5918; x_wconf 62' lang='grc' dir='ltr'>άλλέί</span> <span class='ocrx_word' id='word_1_790' title='bbox 1581 5840 1741 5933; x_wconf 74' lang='grc' dir='ltr'><strong>Ικαί.⁸</strong></span> <span class='ocrx_word' id='word_1_791' title='bbox 1781 5829 1848 5933; x_wconf 42' lang='lat'><strong>.1&quot;</strong></span> 
     </span>
    </p>
   </div>
   <div class='ocr_carea' id='block_1_111' title="bbox 2137 5829 3738 5933">
    <p class='ocr_par' dir='ltr' id='par_1_111' title="bbox 2137 5829 3738 5933">
     <span class='ocr_line' id='line_1_111' title="bbox 2137 5829 3738 5933; baseline -0.001 -40"><span class='ocrx_word' id='word_1_792' title='bbox 2137 5882 2152 5933; x_wconf 53' lang='grc' dir='ltr'>Ι.</span> <span class='ocrx_word' id='word_1_793' title='bbox 2180 5843 2505 5933; x_wconf 45' lang='lat' dir='ltr'><strong>prmmz‘ggw</strong></span> <span class='ocrx_word' id='word_1_794' title='bbox 2526 5839 2894 5933; x_wconf 40' lang='grc' dir='ltr'><strong>ιάκρέοινζυὶω¹</strong></span> <span class='ocrx_word' id='word_1_795' title='bbox 2922 5840 3053 5933; x_wconf 51' lang='grc' dir='ltr'><strong>Ἁίτὸ</strong></span> <span class='ocrx_word' id='word_1_796' title='bbox 3088 5835 3216 5889; x_wconf 81' lang='grc' dir='ltr'>τοῦ.</span> <span class='ocrx_word' id='word_1_797' title='bbox 3260 5834 3427 5889; x_wconf 81' lang='lat' dir='ltr'><strong>Abest</strong></span> <span class='ocrx_word' id='word_1_798' title='bbox 3457 5853 3488 5891; x_wconf 82' lang='lat' dir='ltr'><strong>a</strong></span> <span class='ocrx_word' id='word_1_799' title='bbox 3521 5829 3660 5893; x_wconf 53' lang='lat' dir='ltr'><strong>cod:</strong></span> <span class='ocrx_word' id='word_1_800' title='bbox 3684 5838 3738 5896; x_wconf 78' lang='grc'>1.</span> 
     </span>
    </p>
   </div>
   <div class='ocr_carea' id='block_1_112' title="bbox 546 5898 2031 5991">
    <p class='ocr_par' dir='ltr' id='par_1_112' title="bbox 546 5898 2031 5974">
     <span class='ocr_line' id='line_1_112' title="bbox 546 5898 2031 5974; baseline 0.01 -25"><span class='ocrx_word' id='word_1_801' title='bbox 546 5898 843 5966; x_wconf 73' lang='grc' dir='ltr'>Ἀρμόττει</span> <span class='ocrx_word' id='word_1_802' title='bbox 868 5898 942 5943; x_wconf 68' lang='grc' dir='ltr'><strong>’ἐ-</strong></span> <span class='ocrx_word' id='word_1_803' title='bbox 976 5902 1288 5973; x_wconf 65' lang='lat' dir='ltr'><strong>drum-air.</strong></span> <span class='ocrx_word' id='word_1_804' title='bbox 1325 5902 1548 5974; x_wconf 85' lang='lat' dir='ltr'><strong>Origeni</strong></span> <span class='ocrx_word' id='word_1_805' title='bbox 1581 5909 1695 5964; x_wconf 73' lang='lat' dir='ltr'><strong>bzec</strong></span> <span class='ocrx_word' id='word_1_806' title='bbox 1726 5898 2031 5965; x_wconf 73' lang='lat' dir='ltr'><strong>tribuitht</strong></span> 
     </span>
    </p>
   </div>
   <div class='ocr_carea' id='block_1_113' title="bbox 2137 5898 3058 5991">
    <p class='ocr_par' dir='ltr' id='par_1_113' title="bbox 2137 5898 3058 5991">
     <span class='ocr_line' id='line_1_113' title="bbox 2137 5898 3058 5991; baseline -0.001 -26"><span class='ocrx_word' id='word_1_807' title='bbox 2137 5913 2163 5965; x_wconf 88' lang='grc' dir='ltr'>Ι.</span> <span class='ocrx_word' id='word_1_808' title='bbox 2185 5898 2240 5968; x_wconf 77' lang='grc' dir='ltr'><strong>ἐ.</strong></span> <span class='ocrx_word' id='word_1_809' title='bbox 2273 5928 2324 5991; x_wconf 83' lang='lat' dir='ltr'><strong>p.</strong></span> <span class='ocrx_word' id='word_1_810' title='bbox 2358 5911 2482 5967; x_wconf 72' lang='lat'><strong>629.</strong></span> <span class='ocrx_word' id='word_1_811' title='bbox 2526 5912 2571 5943; x_wconf 73' lang='lat'><strong><em>“</em></strong></span> <span class='ocrx_word' id='word_1_812' title='bbox 2598 5898 2689 5967; x_wconf 71' lang='grc' dir='ltr'>Ᾱέ.</span> <span class='ocrx_word' id='word_1_813' title='bbox 2718 5909 2842 5966; x_wconf 91' lang='lat' dir='ltr'><strong>cod.</strong></span> <span class='ocrx_word' id='word_1_814' title='bbox 2876 5910 2895 5963; x_wconf 91' lang='lat' dir='ltr'><strong>l</strong></span> <span class='ocrx_word' id='word_1_815' title='bbox 2939 5910 3058 5981; x_wconf 83' lang='grc' dir='ltr'>μέν.</span> 
     </span>
    </p>
   </div>
  </div>
