  <div class='ocr_page' id='page_1' title='image "/cluster/home/n/w/nwhite01/storage/ocr_20150623/80:no.1/coo.31924054869817/964.png"; bbox 0 0 4128 6424; ppageno 0'>
   <div class='ocr_carea' id='block_1_1' title="bbox 377 468 520 531">
    <p class='ocr_par' dir='ltr' id='par_1_1' title="bbox 377 468 520 531">
     <span class='ocr_line' id='line_1_1' title="bbox 377 468 520 531; baseline 0.007 -2"><span class='ocrx_word' id='word_1_1' title='bbox 377 468 520 531; x_wconf 73' lang='lat'><strong>1913</strong></span> 
     </span>
    </p>
   </div>
   <div class='ocr_carea' id='block_1_2' title="bbox 1660 468 2379 529">
    <p class='ocr_par' dir='ltr' id='par_1_2' title="bbox 1660 468 2379 529">
     <span class='ocr_line' id='line_1_2' title="bbox 1660 468 2379 529; baseline -0.001 -1"><span class='ocrx_word' id='word_1_2' title='bbox 1660 469 1743 528; x_wconf 79' lang='grc' dir='ltr'><strong>ΙΝ</strong></span> <span class='ocrx_word' id='word_1_3' title='bbox 1804 468 2010 528; x_wconf 78' lang='lat' dir='ltr'><strong>PSAL.</strong></span> <span class='ocrx_word' id='word_1_4' title='bbox 2072 468 2379 529; x_wconf 76' lang='lat' dir='ltr'><strong>CXXXIV.</strong></span> 
     </span>
    </p>
   </div>
   <div class='ocr_carea' id='block_1_3' title="bbox 3508 459 3648 529">
    <p class='ocr_par' dir='ltr' id='par_1_3' title="bbox 3508 459 3648 529">
     <span class='ocr_line' id='line_1_3' title="bbox 3508 459 3648 529; baseline -0.007 -4"><span class='ocrx_word' id='word_1_5' title='bbox 3508 459 3648 529; x_wconf 66' lang='lat'><strong>1911</strong></span> 
     </span>
    </p>
   </div>
   <div class='ocr_carea' id='block_1_4' title="bbox 363 574 1952 651">
    <p class='ocr_par' dir='ltr' id='par_1_4' title="bbox 363 577 1952 651">
     <span class='ocr_line' id='line_1_4' title="bbox 363 577 1952 651; baseline -0.001 -20"><span class='ocrx_word' id='word_1_6' title='bbox 363 580 452 634; x_wconf 86' lang='grc' dir='ltr'><strong>λοι</strong></span> <span class='ocrx_word' id='word_1_7' title='bbox 483 578 710 651; x_wconf 73' lang='grc' dir='ltr'>Κυρίου.</span> <span class='ocrx_word' id='word_1_8' title='bbox 747 596 764 627; x_wconf 76' lang='grc' dir='ltr'><strong>ι</strong></span> <span class='ocrx_word' id='word_1_9' title='bbox 802 577 876 631; x_wconf 88' lang='grc' dir='ltr'>Οὑ</span> <span class='ocrx_word' id='word_1_10' title='bbox 911 577 1133 632; x_wconf 70' lang='grc' dir='ltr'>πάντων</span> <span class='ocrx_word' id='word_1_11' title='bbox 1165 577 1224 633; x_wconf 84' lang='grc' dir='ltr'>τὸ</span> <span class='ocrx_word' id='word_1_12' title='bbox 1271 579 1482 648; x_wconf 90' lang='grc' dir='ltr'>ὑμνεῖν,</span> <span class='ocrx_word' id='word_1_13' title='bbox 1541 579 1677 633; x_wconf 77' lang='grc' dir='ltr'>ἀλλὰ</span> <span class='ocrx_word' id='word_1_14' title='bbox 1712 580 1819 632; x_wconf 86' lang='grc' dir='ltr'><strong>τῶν</strong></span> <span class='ocrx_word' id='word_1_15' title='bbox 1858 578 1952 648; x_wconf 77' lang='grc' dir='ltr'>τὴν</span> 
     </span>
    </p>
   </div>
   <div class='ocr_carea' id='block_1_5' title="bbox 2056 574 3649 651">
    <p class='ocr_par' dir='ltr' id='par_1_5' title="bbox 2060 574 3649 642">
     <span class='ocr_line' id='line_1_5' title="bbox 2060 574 3649 642; baseline 0.002 -13"><span class='ocrx_word' id='word_1_16' title='bbox 2060 576 2312 642; x_wconf 86' lang='lat' dir='ltr'><strong>Domino,</strong></span> <span class='ocrx_word' id='word_1_17' title='bbox 2343 592 2534 631; x_wconf 81' lang='lat' dir='ltr'><strong>omnes</strong></span> <span class='ocrx_word' id='word_1_18' title='bbox 2576 576 2719 631; x_wconf 81' lang='lat' dir='ltr'><strong>servi</strong></span> <span class='ocrx_word' id='word_1_19' title='bbox 2767 575 3002 629; x_wconf 91' lang='lat' dir='ltr'><strong>Don.ini.</strong></span> <span class='ocrx_word' id='word_1_20' title='bbox 3037 594 3054 627; x_wconf 77' lang='grc' dir='ltr'><strong>ι</strong></span> <span class='ocrx_word' id='word_1_21' title='bbox 3109 574 3227 630; x_wconf 86' lang='grc' dir='ltr'>Νοη</span> <span class='ocrx_word' id='word_1_22' title='bbox 3272 576 3519 630; x_wconf 88' lang='lat' dir='ltr'><strong>omnium</strong></span> <span class='ocrx_word' id='word_1_23' title='bbox 3564 587 3649 632; x_wconf 86' lang='lat' dir='ltr'><strong>est</strong></span> 
     </span>
    </p>
   </div>
   <div class='ocr_carea' id='block_1_6' title="bbox 367 669 1954 739">
    <p class='ocr_par' dir='ltr' id='par_1_6' title="bbox 367 669 1954 739">
     <span class='ocr_line' id='line_1_6' title="bbox 367 669 1954 739; baseline -0.003 -13"><span class='ocrx_word' id='word_1_24' title='bbox 367 672 525 726; x_wconf 90' lang='grc' dir='ltr'>θείαν</span> <span class='ocrx_word' id='word_1_25' title='bbox 580 669 901 723; x_wconf 77' lang='grc' dir='ltr'><strong>δεσποτείαν</strong></span> <span class='ocrx_word' id='word_1_26' title='bbox 934 669 1356 739; x_wconf 74' lang='grc' dir='ltr'>ἀσπαζομένων,</span> <span class='ocrx_word' id='word_1_27' title='bbox 1408 672 1502 724; x_wconf 73' lang='grc' dir='ltr'><strong>καὶ</strong></span> <span class='ocrx_word' id='word_1_28' title='bbox 1543 670 1638 724; x_wconf 89' lang='grc' dir='ltr'><strong>τοῦ</strong></span> <span class='ocrx_word' id='word_1_29' title='bbox 1688 671 1954 723; x_wconf 72' lang='grc' dir='ltr'>Δεσπότου</span> 
     </span>
    </p>
   </div>
   <div class='ocr_carea' id='block_1_7' title="bbox 364 757 1954 831">
    <p class='ocr_par' dir='ltr' id='par_1_7' title="bbox 364 757 1954 831">
     <span class='ocr_line' id='line_1_7' title="bbox 364 757 1954 831; baseline -0.001 -18"><span class='ocrx_word' id='word_1_30' title='bbox 364 761 470 831; x_wconf 87' lang='grc' dir='ltr'><strong>τὴν</strong></span> <span class='ocrx_word' id='word_1_31' title='bbox 504 757 803 829; x_wconf 76' lang='grc' dir='ltr'>θεραπείαν</span> <span class='ocrx_word' id='word_1_32' title='bbox 845 760 974 828; x_wconf 68' lang='grc' dir='ltr'>περὶ</span> <span class='ocrx_word' id='word_1_33' title='bbox 1008 758 1208 812; x_wconf 85' lang='grc' dir='ltr'>πολλοῦ</span> <span class='ocrx_word' id='word_1_34' title='bbox 1239 762 1605 830; x_wconf 80' lang='grc' dir='ltr'><strong>ποιουμένων.</strong></span> <span class='ocrx_word' id='word_1_35' title='bbox 1659 761 1783 813; x_wconf 88' lang='grc' dir='ltr'><strong>Τῶν</strong></span> <span class='ocrx_word' id='word_1_36' title='bbox 1845 759 1954 831; x_wconf 74' lang='grc' dir='ltr'><strong>γὰρ</strong></span> 
     </span>
    </p>
   </div>
   <div class='ocr_carea' id='block_1_8' title="bbox 362 852 1957 925">
    <p class='ocr_par' dir='ltr' id='par_1_8' title="bbox 362 852 1957 925">
     <span class='ocr_line' id='line_1_8' title="bbox 362 852 1957 925; baseline 0.001 -20"><span class='ocrx_word' id='word_1_37' title='bbox 362 854 470 922; x_wconf 83' lang='grc' dir='ltr'>τῆς</span> <span class='ocrx_word' id='word_1_38' title='bbox 501 852 776 922; x_wconf 79' lang='grc' dir='ltr'>ἁμαρτίας</span> <span class='ocrx_word' id='word_1_39' title='bbox 809 852 1119 921; x_wconf 70' lang='grc' dir='ltr'>δεξαμένων</span> <span class='ocrx_word' id='word_1_40' title='bbox 1158 854 1225 906; x_wconf 83' lang='grc' dir='ltr'>τὰ</span> <span class='ocrx_word' id='word_1_41' title='bbox 1247 855 1541 925; x_wconf 80' lang='grc' dir='ltr'>τραύματα</span> <span class='ocrx_word' id='word_1_42' title='bbox 1566 856 1698 908; x_wconf 79' lang='grc' dir='ltr'>ἴδιον</span> <span class='ocrx_word' id='word_1_43' title='bbox 1749 854 1810 907; x_wconf 84' lang='grc' dir='ltr'><strong>τδ</strong></span> <span class='ocrx_word' id='word_1_44' title='bbox 1862 855 1957 906; x_wconf 84' lang='grc' dir='ltr'>δα-</span> 
     </span>
    </p>
   </div>
   <div class='ocr_carea' id='block_1_9' title="bbox 365 941 1955 1014">
    <p class='ocr_par' dir='ltr' id='par_1_9' title="bbox 365 941 1955 1014">
     <span class='ocr_line' id='line_1_9' title="bbox 365 941 1955 1014; baseline 0.001 -18"><span class='ocrx_word' id='word_1_45' title='bbox 365 942 582 1013; x_wconf 84' lang='grc' dir='ltr'>κρύειν,</span> <span class='ocrx_word' id='word_1_46' title='bbox 612 944 707 995; x_wconf 80' lang='grc' dir='ltr'><strong>καὶ</strong></span> <span class='ocrx_word' id='word_1_47' title='bbox 732 941 1119 1011; x_wconf 69' lang='grc' dir='ltr'><strong>ὀλοφύρεσθαι,</strong></span> <span class='ocrx_word' id='word_1_48' title='bbox 1153 945 1250 996; x_wconf 78' lang='grc' dir='ltr'><strong>καὶ</strong></span> <span class='ocrx_word' id='word_1_49' title='bbox 1282 946 1383 1013; x_wconf 81' lang='grc' dir='ltr'>τὴν</span> <span class='ocrx_word' id='word_1_50' title='bbox 1437 945 1589 999; x_wconf 70' lang='grc' dir='ltr'>θείαν</span> <span class='ocrx_word' id='word_1_51' title='bbox 1647 944 1955 1014; x_wconf 84' lang='grc' dir='ltr'>φιλανθρω-</span> 
     </span>
    </p>
   </div>
   <div class='ocr_carea' id='block_1_10' title="bbox 367 1034 1956 1106">
    <p class='ocr_par' dir='ltr' id='par_1_10' title="bbox 367 1034 1956 1106">
     <span class='ocr_line' id='line_1_10' title="bbox 367 1034 1956 1106; baseline 0.001 -21"><span class='ocrx_word' id='word_1_52' title='bbox 367 1034 505 1087; x_wconf 57' lang='grc' dir='ltr'>πίαν</span> <span class='ocrx_word' id='word_1_53' title='bbox 538 1035 731 1088; x_wconf 83' lang='grc' dir='ltr'>αἰτεῖν.</span> <span class='ocrx_word' id='word_1_54' title='bbox 793 1052 812 1086; x_wconf 76' lang='lat' dir='ltr'><strong>t</strong></span> <span class='ocrx_word' id='word_1_55' title='bbox 846 1035 909 1087; x_wconf 83' lang='lat' dir='ltr'><strong>Oi</strong></span> <span class='ocrx_word' id='word_1_56' title='bbox 946 1034 1181 1097; x_wconf 79' lang='grc' dir='ltr'>ἑστῶτες</span> <span class='ocrx_word' id='word_1_57' title='bbox 1236 1037 1294 1087; x_wconf 83' lang='grc' dir='ltr'>ὲν</span> <span class='ocrx_word' id='word_1_58' title='bbox 1328 1037 1461 1106; x_wconf 78' lang='grc' dir='ltr'>οῖκῳ</span> <span class='ocrx_word' id='word_1_59' title='bbox 1519 1037 1748 1106; x_wconf 85' lang='grc' dir='ltr'>Κυρίου.</span> <span class='ocrx_word' id='word_1_60' title='bbox 1814 1036 1872 1087; x_wconf 82' lang='grc' dir='ltr'>ὲν</span> <span class='ocrx_word' id='word_1_61' title='bbox 1910 1035 1956 1066; x_wconf 68' lang='grc'>⁸³</span> 
     </span>
    </p>
   </div>
   <div class='ocr_carea' id='block_1_11' title="bbox 366 1124 1954 1197">
    <p class='ocr_par' dir='ltr' id='par_1_11' title="bbox 366 1124 1954 1197">
     <span class='ocr_line' id='line_1_11' title="bbox 366 1124 1954 1197; baseline -0.001 -18"><span class='ocrx_word' id='word_1_62' title='bbox 366 1127 565 1189; x_wconf 79' lang='grc' dir='ltr'>αὐλαῖς</span> <span class='ocrx_word' id='word_1_63' title='bbox 601 1126 754 1179; x_wconf 81' lang='grc' dir='ltr'>οἴκου</span> <span class='ocrx_word' id='word_1_64' title='bbox 804 1124 942 1178; x_wconf 82' lang='grc' dir='ltr'>Θεοῦ</span> <span class='ocrx_word' id='word_1_65' title='bbox 996 1125 1174 1197; x_wconf 80' lang='grc' dir='ltr'>ἡμῶν.</span> <span class='ocrx_word' id='word_1_66' title='bbox 1213 1145 1231 1177; x_wconf 76' lang='grc' dir='ltr'><strong>ι</strong></span> <span class='ocrx_word' id='word_1_67' title='bbox 1283 1127 1683 1197; x_wconf 75' lang='grc' dir='ltr'>Παρεγγυήσας</span> <span class='ocrx_word' id='word_1_68' title='bbox 1744 1127 1954 1195; x_wconf 82' lang='grc' dir='ltr'>ὑμνεῖν,</span> 
     </span>
    </p>
   </div>
   <div class='ocr_carea' id='block_1_12' title="bbox 367 1218 1958 1290">
    <p class='ocr_par' dir='ltr' id='par_1_12' title="bbox 367 1218 1958 1290">
     <span class='ocr_line' id='line_1_12' title="bbox 367 1218 1958 1290; baseline 0.001 -20"><span class='ocrx_word' id='word_1_69' title='bbox 367 1219 585 1284; x_wconf 77' lang='grc' dir='ltr'>ἐδίδαξε</span> <span class='ocrx_word' id='word_1_70' title='bbox 627 1218 723 1272; x_wconf 75' lang='grc' dir='ltr'>καὶ</span> <span class='ocrx_word' id='word_1_71' title='bbox 753 1218 852 1287; x_wconf 75' lang='grc' dir='ltr'>τῆς</span> <span class='ocrx_word' id='word_1_72' title='bbox 881 1218 1154 1289; x_wconf 82' lang='grc' dir='ltr'>ὑμνῳδίας</span> <span class='ocrx_word' id='word_1_73' title='bbox 1183 1218 1516 1290; x_wconf 79' lang='grc' dir='ltr'>τδντρόπον.</span> <span class='ocrx_word' id='word_1_74' title='bbox 1548 1218 1831 1288; x_wconf 84' lang='grc' dir='ltr'>Πανταχοῦ</span> <span class='ocrx_word' id='word_1_75' title='bbox 1860 1219 1958 1289; x_wconf 82' lang='grc' dir='ltr'><strong>μὲν</strong></span> 
     </span>
    </p>
   </div>
   <div class='ocr_carea' id='block_1_13' title="bbox 367 1310 1958 1383">
    <p class='ocr_par' dir='ltr' id='par_1_13' title="bbox 367 1310 1958 1383">
     <span class='ocr_line' id='line_1_13' title="bbox 367 1310 1958 1383; baseline -0.001 -18"><span class='ocrx_word' id='word_1_76' title='bbox 367 1312 484 1383; x_wconf 80' lang='grc' dir='ltr'><strong>γὰρ</strong></span> <span class='ocrx_word' id='word_1_77' title='bbox 520 1310 698 1380; x_wconf 77' lang='grc' dir='ltr'>αἴρειν</span> <span class='ocrx_word' id='word_1_78' title='bbox 737 1311 922 1375; x_wconf 79' lang='grc' dir='ltr'>ὁσίους</span> <span class='ocrx_word' id='word_1_79' title='bbox 946 1313 1135 1382; x_wconf 76' lang='grc' dir='ltr'>χεῖρας</span> <span class='ocrx_word' id='word_1_80' title='bbox 1165 1313 1193 1364; x_wconf 83' lang='grc' dir='ltr'>ὁ</span> <span class='ocrx_word' id='word_1_81' title='bbox 1220 1311 1362 1374; x_wconf 81' lang='grc' dir='ltr'>θεῖος</span> <span class='ocrx_word' id='word_1_82' title='bbox 1406 1311 1769 1381; x_wconf 73' lang='grc' dir='ltr'>ἐνομοθέτησε</span> <span class='ocrx_word' id='word_1_83' title='bbox 1808 1312 1958 1363; x_wconf 88' lang='grc' dir='ltr'>Παῦ-</span> 
     </span>
    </p>
   </div>
   <div class='ocr_carea' id='block_1_14' title="bbox 367 1402 1958 1474">
    <p class='ocr_par' dir='ltr' id='par_1_14' title="bbox 367 1402 1958 1474">
     <span class='ocr_line' id='line_1_14' title="bbox 367 1402 1958 1474; baseline 0.001 -20"><span class='ocrx_word' id='word_1_84' title='bbox 367 1402 465 1466; x_wconf 85' lang='grc' dir='ltr'><strong>λος</strong></span> <span class='ocrx_word' id='word_1_85' title='bbox 488 1422 504 1436; x_wconf 78' lang='grc' dir='ltr'><strong>ο</strong></span> <span class='ocrx_word' id='word_1_86' title='bbox 536 1404 636 1472; x_wconf 82' lang='grc' dir='ltr'><strong>οὑχ</strong></span> <span class='ocrx_word' id='word_1_87' title='bbox 672 1404 873 1472; x_wconf 68' lang='grc' dir='ltr'>ἣκιστα</span> <span class='ocrx_word' id='word_1_88' title='bbox 909 1402 967 1455; x_wconf 79' lang='grc' dir='ltr'>δὲ</span> <span class='ocrx_word' id='word_1_89' title='bbox 995 1404 1054 1455; x_wconf 85' lang='grc' dir='ltr'>ἐν</span> <span class='ocrx_word' id='word_1_90' title='bbox 1093 1406 1207 1466; x_wconf 86' lang='grc' dir='ltr'>τοῖς</span> <span class='ocrx_word' id='word_1_91' title='bbox 1254 1405 1656 1474; x_wconf 74' lang='grc' dir='ltr'>ἀφιερωμένοις</span> <span class='ocrx_word' id='word_1_92' title='bbox 1691 1404 1958 1474; x_wconf 84' lang='grc' dir='ltr'>προσήκει</span> 
     </span>
    </p>
   </div>
   <div class='ocr_carea' id='block_1_15' title="bbox 367 1494 1958 1567">
    <p class='ocr_par' dir='ltr' id='par_1_15' title="bbox 367 1494 1958 1567">
     <span class='ocr_line' id='line_1_15' title="bbox 367 1494 1958 1567; baseline -0.01 -10"><span class='ocrx_word' id='word_1_93' title='bbox 367 1495 597 1565; x_wconf 65' lang='grc' dir='ltr'>χωρίοις</span> <span class='ocrx_word' id='word_1_94' title='bbox 622 1495 663 1525; x_wconf 64' lang='grc' dir='ltr'>δ’</span> <span class='ocrx_word' id='word_1_95' title='bbox 695 1496 797 1565; x_wconf 78' lang='grc' dir='ltr'>τὴν</span> <span class='ocrx_word' id='word_1_96' title='bbox 826 1494 870 1525; x_wconf 65' lang='grc'>⁸⁸</span> <span class='ocrx_word' id='word_1_97' title='bbox 901 1495 1263 1564; x_wconf 79' lang='grc' dir='ltr'>ὀφειλομένην</span> <span class='ocrx_word' id='word_1_98' title='bbox 1320 1496 1396 1566; x_wconf 82' lang='grc' dir='ltr'>τῷ</span> <span class='ocrx_word' id='word_1_99' title='bbox 1448 1497 1567 1567; x_wconf 82' lang='grc' dir='ltr'>Θεῷ</span> <span class='ocrx_word' id='word_1_100' title='bbox 1625 1497 1958 1567; x_wconf 77' lang='grc' dir='ltr'>προσφέρειν</span> 
     </span>
    </p>
   </div>
   <div class='ocr_carea' id='block_1_16' title="bbox 369 1582 770 1653">
    <p class='ocr_par' dir='ltr' id='par_1_16' title="bbox 369 1582 770 1653">
     <span class='ocr_line' id='line_1_16' title="bbox 369 1582 770 1653; baseline 0.005 -16"><span class='ocrx_word' id='word_1_101' title='bbox 369 1582 770 1653; x_wconf 76' lang='grc' dir='ltr'>προσκύνησιν.</span> 
     </span>
    </p>
   </div>
   <div class='ocr_carea' id='block_1_17' title="bbox 446 1675 1960 1752">
    <p class='ocr_par' dir='ltr' id='par_1_17' title="bbox 446 1675 1960 1752">
     <span class='ocr_line' id='line_1_17' title="bbox 446 1675 1960 1752; baseline 0.003 -23"><span class='ocrx_word' id='word_1_102' title='bbox 446 1675 513 1744; x_wconf 83' lang='grc' dir='ltr'><strong>β’.</strong></span> <span class='ocrx_word' id='word_1_103' title='bbox 546 1695 564 1726; x_wconf 76' lang='grc' dir='ltr'><strong>ι</strong></span> <span class='ocrx_word' id='word_1_104' title='bbox 620 1676 707 1730; x_wconf 81' lang='grc' dir='ltr'>Ἑν</span> <span class='ocrx_word' id='word_1_105' title='bbox 732 1680 850 1740; x_wconf 83' lang='grc' dir='ltr'>ταῖς</span> <span class='ocrx_word' id='word_1_106' title='bbox 876 1677 1028 1743; x_wconf 70' lang='grc' dir='ltr'>νυξὶν</span> <span class='ocrx_word' id='word_1_107' title='bbox 1054 1678 1100 1711; x_wconf 62' lang='grc'>⁵⁸</span> <span class='ocrx_word' id='word_1_108' title='bbox 1134 1679 1376 1751; x_wconf 78' lang='grc' dir='ltr'>ἐπάρατε</span> <span class='ocrx_word' id='word_1_109' title='bbox 1412 1681 1513 1743; x_wconf 80' lang='grc' dir='ltr'><strong>τὰς</strong></span> <span class='ocrx_word' id='word_1_110' title='bbox 1574 1682 1766 1752; x_wconf 81' lang='grc' dir='ltr'>χεῖρας</span> <span class='ocrx_word' id='word_1_111' title='bbox 1804 1680 1960 1752; x_wconf 89' lang='grc' dir='ltr'>ὑμῶν</span> 
     </span>
    </p>
   </div>
   <div class='ocr_carea' id='block_1_18' title="bbox 368 1766 1960 1841">
    <p class='ocr_par' dir='ltr' id='par_1_18' title="bbox 368 1766 1960 1841">
     <span class='ocr_line' id='line_1_18' title="bbox 368 1766 1960 1841; baseline 0.004 -23"><span class='ocrx_word' id='word_1_112' title='bbox 368 1767 454 1829; x_wconf 84' lang='grc' dir='ltr'><strong>είς</strong></span> <span class='ocrx_word' id='word_1_113' title='bbox 494 1767 560 1818; x_wconf 82' lang='grc' dir='ltr'>τὰ</span> <span class='ocrx_word' id='word_1_114' title='bbox 589 1766 739 1835; x_wconf 76' lang='grc' dir='ltr'>ἅγια,</span> <span class='ocrx_word' id='word_1_115' title='bbox 770 1771 866 1823; x_wconf 75' lang='grc' dir='ltr'>καὶ</span> <span class='ocrx_word' id='word_1_116' title='bbox 910 1771 1185 1838; x_wconf 80' lang='grc' dir='ltr'>εὐλογεῖτε</span> <span class='ocrx_word' id='word_1_117' title='bbox 1248 1770 1340 1823; x_wconf 76' lang='grc' dir='ltr'><strong>τὸν</strong></span> <span class='ocrx_word' id='word_1_118' title='bbox 1395 1771 1620 1841; x_wconf 81' lang='grc' dir='ltr'>Κύριον.</span> <span class='ocrx_word' id='word_1_119' title='bbox 1654 1791 1673 1824; x_wconf 70' lang='grc' dir='ltr'><strong>ι</strong></span> <span class='ocrx_word' id='word_1_120' title='bbox 1730 1773 1960 1838; x_wconf 84' lang='grc' dir='ltr'>Διδάξας</span> 
     </span>
    </p>
   </div>
   <div class='ocr_carea' id='block_1_19' title="bbox 368 1857 1956 1934">
    <p class='ocr_par' dir='ltr' id='par_1_19' title="bbox 368 1857 1956 1934">
     <span class='ocr_line' id='line_1_19' title="bbox 368 1857 1956 1934; baseline 0.005 -25"><span class='ocrx_word' id='word_1_121' title='bbox 368 1857 464 1909; x_wconf 74' lang='grc' dir='ltr'>τὸν</span> <span class='ocrx_word' id='word_1_122' title='bbox 487 1857 676 1923; x_wconf 78' lang='grc' dir='ltr'>τόπον,</span> <span class='ocrx_word' id='word_1_123' title='bbox 708 1859 951 1914; x_wconf 75' lang='grc' dir='ltr'><strong>διδάσκει</strong></span> <span class='ocrx_word' id='word_1_124' title='bbox 993 1863 1088 1915; x_wconf 74' lang='grc' dir='ltr'>καὶ</span> <span class='ocrx_word' id='word_1_125' title='bbox 1125 1862 1216 1916; x_wconf 84' lang='grc' dir='ltr'><strong>τὸν</strong></span> <span class='ocrx_word' id='word_1_126' title='bbox 1249 1864 1462 1934; x_wconf 79' lang='grc' dir='ltr'>καιρόν.</span> <span class='ocrx_word' id='word_1_127' title='bbox 1533 1863 1793 1934; x_wconf 79' lang='grc' dir='ltr'>Ἀρμοδία</span> <span class='ocrx_word' id='word_1_128' title='bbox 1847 1865 1956 1934; x_wconf 79' lang='grc' dir='ltr'>γὰρ</span> 
     </span>
    </p>
   </div>
   <div class='ocr_carea' id='block_1_20' title="bbox 2056 669 3645 738">
    <p class='ocr_par' dir='ltr' id='par_1_20' title="bbox 2056 669 3645 738">
     <span class='ocr_line' id='line_1_20' title="bbox 2056 669 3645 738; baseline 0 -17"><span class='ocrx_word' id='word_1_129' title='bbox 2056 669 2225 722; x_wconf 73' lang='lat' dir='ltr'><strong>Deum</strong></span> <span class='ocrx_word' id='word_1_130' title='bbox 2258 670 2502 730; x_wconf 85' lang='lat' dir='ltr'><strong>laudare,</strong></span> <span class='ocrx_word' id='word_1_131' title='bbox 2539 669 2631 722; x_wconf 90' lang='lat' dir='ltr'><strong>sed</strong></span> <span class='ocrx_word' id='word_1_132' title='bbox 2693 683 2882 723; x_wconf 84' lang='lat' dir='ltr'><strong>eorum</strong></span> <span class='ocrx_word' id='word_1_133' title='bbox 2927 669 3020 738; x_wconf 86' lang='lat' dir='ltr'><strong>qui</strong></span> <span class='ocrx_word' id='word_1_134' title='bbox 3062 669 3311 722; x_wconf 90' lang='lat' dir='ltr'><strong>divinum</strong></span> <span class='ocrx_word' id='word_1_135' title='bbox 3353 669 3645 737; x_wconf 89' lang='lat' dir='ltr'><strong>imperium</strong></span> 
     </span>
    </p>
   </div>
   <div class='ocr_carea' id='block_1_21' title="bbox 2056 757 3644 829">
    <p class='ocr_par' dir='ltr' id='par_1_21' title="bbox 2056 757 3644 829">
     <span class='ocr_line' id='line_1_21' title="bbox 2056 757 3644 829; baseline -0.001 -16"><span class='ocrx_word' id='word_1_136' title='bbox 2056 761 2290 829; x_wconf 74' lang='lat' dir='ltr'><strong>amplexi</strong></span> <span class='ocrx_word' id='word_1_137' title='bbox 2328 768 2476 823; x_wconf 87' lang='lat' dir='ltr'><strong>sunt,</strong></span> <span class='ocrx_word' id='word_1_138' title='bbox 2514 768 2569 812; x_wconf 90' lang='lat' dir='ltr'><strong>et</strong></span> <span class='ocrx_word' id='word_1_139' title='bbox 2600 760 2811 812; x_wconf 85' lang='lat' dir='ltr'><strong>Domini</strong></span> <span class='ocrx_word' id='word_1_140' title='bbox 2843 759 3051 813; x_wconf 85' lang='lat' dir='ltr'><strong>cultum</strong></span> <span class='ocrx_word' id='word_1_141' title='bbox 3084 757 3503 828; x_wconf 80' lang='lat' dir='ltr'><strong>magnifaciunt.</strong></span> <span class='ocrx_word' id='word_1_142' title='bbox 3543 760 3644 812; x_wconf 57' lang='lat' dir='ltr'><strong>Eo.</strong></span> 
     </span>
    </p>
   </div>
   <div class='ocr_carea' id='block_1_22' title="bbox 2056 851 3640 920">
    <p class='ocr_par' dir='ltr' id='par_1_22' title="bbox 2056 851 3640 920">
     <span class='ocr_line' id='line_1_22' title="bbox 2056 851 3640 920; baseline -0.001 -15"><span class='ocrx_word' id='word_1_143' title='bbox 2056 867 2178 905; x_wconf 89' lang='lat' dir='ltr'><strong>rum</strong></span> <span class='ocrx_word' id='word_1_144' title='bbox 2222 852 2366 906; x_wconf 87' lang='lat' dir='ltr'><strong>enim</strong></span> <span class='ocrx_word' id='word_1_145' title='bbox 2434 851 2529 920; x_wconf 90' lang='lat' dir='ltr'><strong>qui</strong></span> <span class='ocrx_word' id='word_1_146' title='bbox 2579 851 2787 919; x_wconf 83' lang='lat' dir='ltr'><strong>peccati</strong></span> <span class='ocrx_word' id='word_1_147' title='bbox 2839 851 3067 904; x_wconf 80' lang='lat' dir='ltr'><strong>vulnera</strong></span> <span class='ocrx_word' id='word_1_148' title='bbox 3117 861 3470 919; x_wconf 78' lang='lat' dir='ltr'><strong>acceperunt,</strong></span> <span class='ocrx_word' id='word_1_149' title='bbox 3519 864 3640 918; x_wconf 85' lang='lat' dir='ltr'><strong>pro-</strong></span> 
     </span>
    </p>
   </div>
   <div class='ocr_carea' id='block_1_23' title="bbox 2057 939 3649 1012">
    <p class='ocr_par' dir='ltr' id='par_1_23' title="bbox 2057 939 3649 1012">
     <span class='ocr_line' id='line_1_23' title="bbox 2057 939 3649 1012; baseline -0.003 -17"><span class='ocrx_word' id='word_1_150' title='bbox 2057 943 2234 1011; x_wconf 90' lang='lat' dir='ltr'><strong>prium</strong></span> <span class='ocrx_word' id='word_1_151' title='bbox 2258 950 2342 996; x_wconf 82' lang='lat' dir='ltr'><strong>est</strong></span> <span class='ocrx_word' id='word_1_152' title='bbox 2372 944 2642 1012; x_wconf 83' lang='lat' dir='ltr'><strong>lacrymas</strong></span> <span class='ocrx_word' id='word_1_153' title='bbox 2669 939 3022 1010; x_wconf 78' lang='lat' dir='ltr'><strong>profundere,</strong></span> <span class='ocrx_word' id='word_1_154' title='bbox 3053 949 3107 992; x_wconf 84' lang='lat' dir='ltr'><strong>et</strong></span> <span class='ocrx_word' id='word_1_155' title='bbox 3136 939 3321 1009; x_wconf 81' lang='lat' dir='ltr'><strong>lugere</strong></span> <span class='ocrx_word' id='word_1_156' title='bbox 3339 980 3354 999; x_wconf 84' lang='lat'><strong>,</strong></span> <span class='ocrx_word' id='word_1_157' title='bbox 3380 939 3649 992; x_wconf 88' lang='lat' dir='ltr'><strong>divinam-</strong></span> 
     </span>
    </p>
   </div>
   <div class='ocr_carea' id='block_1_24' title="bbox 2057 1030 3645 1103">
    <p class='ocr_par' dir='ltr' id='par_1_24' title="bbox 2057 1030 3645 1103">
     <span class='ocr_line' id='line_1_24' title="bbox 2057 1030 3645 1103; baseline -0.001 -18"><span class='ocrx_word' id='word_1_158' title='bbox 2057 1049 2165 1101; x_wconf 90' lang='lat' dir='ltr'><strong>que</strong></span> <span class='ocrx_word' id='word_1_159' title='bbox 2188 1032 2583 1103; x_wconf 73' lang='lat' dir='ltr'><strong>benignitatem</strong></span> <span class='ocrx_word' id='word_1_160' title='bbox 2621 1032 2941 1103; x_wconf 78' lang='lat' dir='ltr'><strong>etﬂagitarc.</strong></span> <span class='ocrx_word' id='word_1_161' title='bbox 2993 1050 3011 1082; x_wconf 81' lang='grc' dir='ltr'><strong>ι</strong></span> <span class='ocrx_word' id='word_1_162' title='bbox 3042 1030 3147 1097; x_wconf 87' lang='lat' dir='ltr'><strong>Qui</strong></span> <span class='ocrx_word' id='word_1_163' title='bbox 3189 1031 3351 1085; x_wconf 77' lang='lat' dir='ltr'><strong>statis</strong></span> <span class='ocrx_word' id='word_1_164' title='bbox 3386 1030 3440 1083; x_wconf 93' lang='lat' dir='ltr'><strong>in</strong></span> <span class='ocrx_word' id='word_1_165' title='bbox 3479 1031 3645 1083; x_wconf 84' lang='lat' dir='ltr'><strong>domo</strong></span> 
     </span>
    </p>
   </div>
   <div class='ocr_carea' id='block_1_25' title="bbox 2059 1121 3642 1188">
    <p class='ocr_par' dir='ltr' id='par_1_25' title="bbox 2059 1121 3642 1188">
     <span class='ocr_line' id='line_1_25' title="bbox 2059 1121 3642 1188; baseline -0.002 -12"><span class='ocrx_word' id='word_1_166' title='bbox 2059 1124 2301 1188; x_wconf 85' lang='lat' dir='ltr'><strong>Domini,</strong></span> <span class='ocrx_word' id='word_1_167' title='bbox 2337 1126 2392 1178; x_wconf 91' lang='lat' dir='ltr'><strong>in</strong></span> <span class='ocrx_word' id='word_1_168' title='bbox 2427 1125 2583 1180; x_wconf 88' lang='lat' dir='ltr'><strong>atriis</strong></span> <span class='ocrx_word' id='word_1_169' title='bbox 2620 1125 2821 1180; x_wconf 88' lang='lat' dir='ltr'><strong>domus</strong></span> <span class='ocrx_word' id='word_1_170' title='bbox 2862 1123 2955 1178; x_wconf 87' lang='lat' dir='ltr'><strong>Dei</strong></span> <span class='ocrx_word' id='word_1_171' title='bbox 2996 1124 3194 1178; x_wconf 91' lang='lat' dir='ltr'><strong>nostri.</strong></span> <span class='ocrx_word' id='word_1_172' title='bbox 3231 1142 3251 1174; x_wconf 74' lang='grc' dir='ltr'><strong>ι</strong></span> <span class='ocrx_word' id='word_1_173' title='bbox 3291 1123 3428 1176; x_wconf 85' lang='lat' dir='ltr'><strong>Cum</strong></span> <span class='ocrx_word' id='word_1_174' title='bbox 3472 1121 3642 1175; x_wconf 89' lang='lat' dir='ltr'><strong>Deum</strong></span> 
     </span>
    </p>
   </div>
   <div class='ocr_carea' id='block_1_26' title="bbox 2060 1215 3643 1280">
    <p class='ocr_par' dir='ltr' id='par_1_26' title="bbox 2060 1215 3643 1280">
     <span class='ocr_line' id='line_1_26' title="bbox 2060 1215 3643 1280; baseline -0.003 -11"><span class='ocrx_word' id='word_1_175' title='bbox 2060 1218 2343 1272; x_wconf 70' lang='lat' dir='ltr'><strong>celebrare</strong></span> <span class='ocrx_word' id='word_1_176' title='bbox 2378 1218 2633 1272; x_wconf 75' lang='lat' dir='ltr'><strong>hortatus</strong></span> <span class='ocrx_word' id='word_1_177' title='bbox 2669 1226 2835 1280; x_wconf 86' lang='lat' dir='ltr'><strong>esset,</strong></span> <span class='ocrx_word' id='word_1_178' title='bbox 2882 1217 3072 1270; x_wconf 90' lang='lat' dir='ltr'><strong>docuit</strong></span> <span class='ocrx_word' id='word_1_179' title='bbox 3101 1217 3262 1270; x_wconf 76' lang='lat' dir='ltr'><strong>etiam</strong></span> <span class='ocrx_word' id='word_1_180' title='bbox 3307 1215 3486 1269; x_wconf 84' lang='lat' dir='ltr'><strong>laudis</strong></span> <span class='ocrx_word' id='word_1_181' title='bbox 3521 1230 3643 1267; x_wconf 83' lang='lat' dir='ltr'><strong>mo-</strong></span> 
     </span>
    </p>
   </div>
   <div class='ocr_carea' id='block_1_27' title="bbox 2058 1306 3645 1378">
    <p class='ocr_par' dir='ltr' id='par_1_27' title="bbox 2058 1306 3645 1378">
     <span class='ocr_line' id='line_1_27' title="bbox 2058 1306 3645 1378; baseline -0.004 -15"><span class='ocrx_word' id='word_1_182' title='bbox 2058 1309 2210 1363; x_wconf 86' lang='lat' dir='ltr'><strong>dum.</strong></span> <span class='ocrx_word' id='word_1_183' title='bbox 2265 1307 2480 1378; x_wconf 79' lang='lat' dir='ltr'><strong>Ubique</strong></span> <span class='ocrx_word' id='word_1_184' title='bbox 2529 1308 2698 1374; x_wconf 87' lang='lat' dir='ltr'><strong>enim,</strong></span> <span class='ocrx_word' id='word_1_185' title='bbox 2748 1318 2806 1361; x_wconf 92' lang='lat' dir='ltr'><strong>ut</strong></span> <span class='ocrx_word' id='word_1_186' title='bbox 2852 1323 3021 1377; x_wconf 88' lang='lat' dir='ltr'><strong>puras</strong></span> <span class='ocrx_word' id='word_1_187' title='bbox 3068 1323 3263 1361; x_wconf 89' lang='lat' dir='ltr'><strong>manus</strong></span> <span class='ocrx_word' id='word_1_188' title='bbox 3306 1306 3518 1372; x_wconf 85' lang='lat' dir='ltr'><strong>tollant,</strong></span> <span class='ocrx_word' id='word_1_189' title='bbox 3561 1306 3645 1358; x_wconf 91' lang='lat' dir='ltr'><strong>di-</strong></span> 
     </span>
    </p>
   </div>
   <div class='ocr_carea' id='block_1_28' title="bbox 2058 1398 3645 1470">
    <p class='ocr_par' dir='ltr' id='par_1_28' title="bbox 2058 1398 3645 1470">
     <span class='ocr_line' id='line_1_28' title="bbox 2058 1398 3645 1470; baseline -0.002 -17"><span class='ocrx_word' id='word_1_190' title='bbox 2058 1402 2223 1455; x_wconf 82' lang='lat' dir='ltr'><strong>vinus</strong></span> <span class='ocrx_word' id='word_1_191' title='bbox 2259 1402 2467 1456; x_wconf 87' lang='lat' dir='ltr'><strong>Paulus</strong></span> <span class='ocrx_word' id='word_1_192' title='bbox 2498 1401 2745 1470; x_wconf 72' lang='lat' dir='ltr'><strong>prmcipit</strong></span> <span class='ocrx_word' id='word_1_193' title='bbox 2774 1418 2788 1454; x_wconf 69' lang='grc' dir='ltr'><strong>ι</strong></span> <span class='ocrx_word' id='word_1_194' title='bbox 2817 1400 3117 1468; x_wconf 68' lang='lat' dir='ltr'><strong>praesertim</strong></span> <span class='ocrx_word' id='word_1_195' title='bbox 3163 1407 3342 1452; x_wconf 88' lang='lat' dir='ltr'><strong>autem</strong></span> <span class='ocrx_word' id='word_1_196' title='bbox 3370 1398 3423 1451; x_wconf 90' lang='lat' dir='ltr'><strong>in</strong></span> <span class='ocrx_word' id='word_1_197' title='bbox 3452 1411 3645 1451; x_wconf 83' lang='lat' dir='ltr'><strong>conse-</strong></span> 
     </span>
    </p>
   </div>
   <div class='ocr_carea' id='block_1_29' title="bbox 2058 1488 3642 1563">
    <p class='ocr_par' dir='ltr' id='par_1_29' title="bbox 2058 1488 3642 1563">
     <span class='ocr_line' id='line_1_29' title="bbox 2058 1488 3642 1563; baseline -0.004 -16"><span class='ocrx_word' id='word_1_198' title='bbox 2058 1493 2226 1547; x_wconf 70' lang='lat' dir='ltr'><strong>cratis</strong></span> <span class='ocrx_word' id='word_1_199' title='bbox 2280 1493 2417 1548; x_wconf 88' lang='lat' dir='ltr'><strong>locis</strong></span> <span class='ocrx_word' id='word_1_200' title='bbox 2471 1491 2688 1563; x_wconf 62' lang='lat'><strong>1514</strong></span> <span class='ocrx_word' id='word_1_201' title='bbox 2729 1491 2975 1545; x_wconf 85' lang='lat' dir='ltr'><strong>debitum</strong></span> <span class='ocrx_word' id='word_1_202' title='bbox 3024 1491 3232 1545; x_wconf 89' lang='lat' dir='ltr'><strong>cultum</strong></span> <span class='ocrx_word' id='word_1_203' title='bbox 3290 1489 3398 1543; x_wconf 89' lang='lat' dir='ltr'><strong>Deo</strong></span> <span class='ocrx_word' id='word_1_204' title='bbox 3445 1488 3642 1542; x_wconf 81' lang='lat' dir='ltr'><strong>oﬂ‘erre</strong></span> 
     </span>
    </p>
   </div>
   <div class='ocr_carea' id='block_1_30' title="bbox 2057 1583 2233 1639">
    <p class='ocr_par' dir='ltr' id='par_1_30' title="bbox 2057 1583 2233 1639">
     <span class='ocr_line' id='line_1_30' title="bbox 2057 1583 2233 1639; baseline -0.006 0"><span class='ocrx_word' id='word_1_205' title='bbox 2057 1583 2233 1639; x_wconf 82' lang='lat' dir='ltr'><strong>docet.</strong></span> 
     </span>
    </p>
   </div>
   <div class='ocr_carea' id='block_1_31' title="bbox 2136 1671 3643 1727">
    <p class='ocr_par' dir='ltr' id='par_1_31' title="bbox 2136 1671 3643 1727">
     <span class='ocr_line' id='line_1_31' title="bbox 2136 1671 3643 1727; baseline -0.001 -2"><span class='ocrx_word' id='word_1_206' title='bbox 2136 1671 2299 1726; x_wconf 74' lang='lat' dir='ltr'><strong>Vens.</strong></span> <span class='ocrx_word' id='word_1_207' title='bbox 2338 1672 2392 1726; x_wconf 72' lang='lat'><strong>2.</strong></span> <span class='ocrx_word' id='word_1_208' title='bbox 2439 1690 2457 1724; x_wconf 81' lang='grc' dir='ltr'><strong>ι</strong></span> <span class='ocrx_word' id='word_1_209' title='bbox 2501 1671 2558 1726; x_wconf 89' lang='lat' dir='ltr'><strong>ln</strong></span> <span class='ocrx_word' id='word_1_210' title='bbox 2606 1673 2864 1727; x_wconf 89' lang='lat' dir='ltr'><strong>noctibus</strong></span> <span class='ocrx_word' id='word_1_211' title='bbox 2905 1673 3150 1727; x_wconf 81' lang='lat' dir='ltr'><strong>extollite</strong></span> <span class='ocrx_word' id='word_1_212' title='bbox 3197 1685 3393 1726; x_wconf 88' lang='lat' dir='ltr'><strong>manus</strong></span> <span class='ocrx_word' id='word_1_213' title='bbox 3428 1678 3643 1724; x_wconf 87' lang='lat' dir='ltr'><strong>vestras</strong></span> 
     </span>
    </p>
   </div>
   <div class='ocr_carea' id='block_1_32' title="bbox 2059 1762 3642 1831">
    <p class='ocr_par' dir='ltr' id='par_1_32' title="bbox 2059 1762 3642 1831">
     <span class='ocr_line' id='line_1_32' title="bbox 2059 1762 3642 1831; baseline -0.002 -14"><span class='ocrx_word' id='word_1_214' title='bbox 2059 1780 2251 1819; x_wconf 83' lang='lat' dir='ltr'><strong>versus</strong></span> <span class='ocrx_word' id='word_1_215' title='bbox 2280 1773 2492 1831; x_wconf 89' lang='lat' dir='ltr'><strong>sancta,</strong></span> <span class='ocrx_word' id='word_1_216' title='bbox 2531 1775 2586 1818; x_wconf 91' lang='lat' dir='ltr'><strong>et</strong></span> <span class='ocrx_word' id='word_1_217' title='bbox 2612 1764 2919 1821; x_wconf 89' lang='lat' dir='ltr'><strong>benedicite</strong></span> <span class='ocrx_word' id='word_1_218' title='bbox 2948 1764 3204 1818; x_wconf 90' lang='lat' dir='ltr'><strong>Domino.</strong></span> <span class='ocrx_word' id='word_1_219' title='bbox 3239 1781 3260 1814; x_wconf 71' lang='grc' dir='ltr'><strong>ι</strong></span> <span class='ocrx_word' id='word_1_220' title='bbox 3298 1762 3435 1816; x_wconf 89' lang='lat' dir='ltr'><strong>Cum</strong></span> <span class='ocrx_word' id='word_1_221' title='bbox 3460 1762 3642 1816; x_wconf 85' lang='lat' dir='ltr'><strong>locum</strong></span> 
     </span>
    </p>
   </div>
   <div class='ocr_carea' id='block_1_33' title="bbox 2058 1855 3643 1926">
    <p class='ocr_par' dir='ltr' id='par_1_33' title="bbox 2058 1855 3643 1926">
     <span class='ocr_line' id='line_1_33' title="bbox 2058 1855 3643 1926; baseline -0.003 -14"><span class='ocrx_word' id='word_1_222' title='bbox 2058 1858 2361 1924; x_wconf 76' lang='lat' dir='ltr'><strong>docuisset,</strong></span> <span class='ocrx_word' id='word_1_223' title='bbox 2391 1858 2551 1913; x_wconf 81' lang='lat' dir='ltr'><strong>docet</strong></span> <span class='ocrx_word' id='word_1_224' title='bbox 2586 1857 2754 1913; x_wconf 90' lang='lat' dir='ltr'><strong>etiam</strong></span> <span class='ocrx_word' id='word_1_225' title='bbox 2800 1866 3037 1925; x_wconf 88' lang='lat' dir='ltr'><strong>tempus,</strong></span> <span class='ocrx_word' id='word_1_226' title='bbox 3083 1855 3533 1926; x_wconf 87' lang='lat' dir='ltr'><strong>quandoquidem</strong></span> <span class='ocrx_word' id='word_1_227' title='bbox 3573 1856 3643 1907; x_wconf 86' lang='lat' dir='ltr'><strong>ad</strong></span> 
     </span>
    </p>
   </div>
   <div class='ocr_carea' id='block_1_34' title="bbox 368 1924 1952 2025">
    <p class='ocr_par' dir='ltr' id='par_1_34' title="bbox 368 1924 1952 2025">
     <span class='ocr_line' id='line_1_34' title="bbox 368 1924 1952 2025; baseline 0.002 -24"><span class='ocrx_word' id='word_1_228' title='bbox 368 1949 455 2012; x_wconf 82' lang='grc' dir='ltr'><strong>είς</strong></span> <span class='ocrx_word' id='word_1_229' title='bbox 490 1950 762 2019; x_wconf 84' lang='grc' dir='ltr'>ὑμνῳδίαν</span> <span class='ocrx_word' id='word_1_230' title='bbox 801 1952 834 2021; x_wconf 85' lang='grc' dir='ltr'><strong>ἡ</strong></span> <span class='ocrx_word' id='word_1_231' title='bbox 857 1951 975 2018; x_wconf 74' lang='grc' dir='ltr'>νὺξ,</span> <span class='ocrx_word' id='word_1_232' title='bbox 1000 1953 1202 2024; x_wconf 68' lang='grc' dir='ltr'>πολλὴν</span> <span class='ocrx_word' id='word_1_233' title='bbox 1233 1924 1546 2024; x_wconf 71' lang='grc' dir='ltr'>παρέχουσα</span> <span class='ocrx_word' id='word_1_234' title='bbox 1573 1924 1674 2025; x_wconf 55' lang='grc' dir='ltr'><strong>τήν</strong></span> <span class='ocrx_word' id='word_1_235' title='bbox 1701 1924 1952 2023; x_wconf 72' lang='grc' dir='ltr'>ἡσυχίαν,</span> 
     </span>
    </p>
   </div>
   <div class='ocr_carea' id='block_1_35' title="bbox 2056 1924 3646 2025">
    <p class='ocr_par' dir='ltr' id='par_1_35' title="bbox 2063 1946 3646 2021">
     <span class='ocr_line' id='line_1_35' title="bbox 2063 1946 3646 2021; baseline -0.003 -16"><span class='ocrx_word' id='word_1_236' title='bbox 2063 1952 2294 2021; x_wconf 77' lang='lat' dir='ltr'><strong>hymnos</strong></span> <span class='ocrx_word' id='word_1_237' title='bbox 2323 1952 2601 2007; x_wconf 87' lang='lat' dir='ltr'><strong>canendos</strong></span> <span class='ocrx_word' id='word_1_238' title='bbox 2623 1948 3041 2005; x_wconf 87' lang='lat' dir='ltr'><strong>accommodata</strong></span> <span class='ocrx_word' id='word_1_239' title='bbox 3066 1957 3152 2004; x_wconf 89' lang='lat' dir='ltr'><strong>est</strong></span> <span class='ocrx_word' id='word_1_240' title='bbox 3180 1963 3314 2011; x_wconf 80' lang='lat' dir='ltr'><strong>nox,</strong></span> <span class='ocrx_word' id='word_1_241' title='bbox 3347 1962 3472 2017; x_wconf 79' lang='lat' dir='ltr'><strong>quae</strong></span> <span class='ocrx_word' id='word_1_242' title='bbox 3502 1946 3646 2001; x_wconf 87' lang='lat' dir='ltr'><strong>mul-</strong></span> 
     </span>
    </p>
   </div>
   <div class='ocr_carea' id='block_1_36' title="bbox 369 2040 1961 2116">
    <p class='ocr_par' dir='ltr' id='par_1_36' title="bbox 369 2040 1961 2116">
     <span class='ocr_line' id='line_1_36' title="bbox 369 2040 1961 2116; baseline 0.004 -23"><span class='ocrx_word' id='word_1_243' title='bbox 369 2041 469 2093; x_wconf 72' lang='grc' dir='ltr'>καὶ</span> <span class='ocrx_word' id='word_1_244' title='bbox 498 2040 609 2093; x_wconf 89' lang='grc' dir='ltr'><strong>τῶν</strong></span> <span class='ocrx_word' id='word_1_245' title='bbox 651 2041 862 2095; x_wconf 84' lang='grc' dir='ltr'>πολλῶν</span> <span class='ocrx_word' id='word_1_246' title='bbox 888 2043 1136 2111; x_wconf 76' lang='grc' dir='ltr'>θορύὸων</span> <span class='ocrx_word' id='word_1_247' title='bbox 1165 2046 1590 2116; x_wconf 82' lang='grc' dir='ltr'>ἀπηλλαγμένη.</span> <span class='ocrx_word' id='word_1_248' title='bbox 1653 2046 1726 2099; x_wconf 83' lang='grc' dir='ltr'><strong>Τὸ</strong></span> <span class='ocrx_word' id='word_1_249' title='bbox 1758 2046 1817 2100; x_wconf 78' lang='grc' dir='ltr'>δὲ</span> <span class='ocrx_word' id='word_1_250' title='bbox 1862 2047 1961 2110; x_wconf 78' lang='grc' dir='ltr'>τὰς</span> 
     </span>
    </p>
   </div>
   <div class='ocr_carea' id='block_1_37' title="bbox 367 2131 1959 2206">
    <p class='ocr_par' dir='ltr' id='par_1_37' title="bbox 367 2131 1959 2206">
     <span class='ocr_line' id='line_1_37' title="bbox 367 2131 1959 2206; baseline 0.006 -26"><span class='ocrx_word' id='word_1_251' title='bbox 367 2131 566 2198; x_wconf 85' lang='grc' dir='ltr'>χεῖρας</span> <span class='ocrx_word' id='word_1_252' title='bbox 599 2131 777 2200; x_wconf 84' lang='grc' dir='ltr'>αἴρειν</span> <span class='ocrx_word' id='word_1_253' title='bbox 805 2132 899 2185; x_wconf 78' lang='grc' dir='ltr'>καὶ</span> <span class='ocrx_word' id='word_1_254' title='bbox 921 2132 966 2170; x_wconf 67' lang='grc'><strong>⁸⁷</strong></span> <span class='ocrx_word' id='word_1_255' title='bbox 996 2133 1059 2186; x_wconf 80' lang='grc' dir='ltr'><strong>τὸ</strong></span> <span class='ocrx_word' id='word_1_256' title='bbox 1089 2135 1374 2205; x_wconf 84' lang='grc' dir='ltr'>κρατῆσαν</span> <span class='ocrx_word' id='word_1_257' title='bbox 1409 2134 1532 2198; x_wconf 73' lang='grc' dir='ltr'>ἔθος</span> <span class='ocrx_word' id='word_1_258' title='bbox 1580 2135 1959 2206; x_wconf 83' lang='grc' dir='ltr'>παρακελεύε-</span> 
     </span>
    </p>
   </div>
   <div class='ocr_carea' id='block_1_38' title="bbox 365 2236 484 2272">
    <p class='ocr_par' dir='ltr' id='par_1_38' title="bbox 365 2236 484 2272">
     <span class='ocr_line' id='line_1_38' title="bbox 365 2236 484 2272; baseline 0 0"><span class='ocrx_word' id='word_1_259' title='bbox 365 2236 484 2272; x_wconf 87' lang='grc' dir='ltr'>ται.</span> 
     </span>
    </p>
   </div>
   <div class='ocr_carea' id='block_1_39' title="bbox 440 2314 1960 2391">
    <p class='ocr_par' dir='ltr' id='par_1_39' title="bbox 440 2314 1960 2391">
     <span class='ocr_line' id='line_1_39' title="bbox 440 2314 1960 2391; baseline 0.006 -26"><span class='ocrx_word' id='word_1_260' title='bbox 440 2317 514 2380; x_wconf 83' lang='grc' dir='ltr'><strong>γ’.</strong></span> <span class='ocrx_word' id='word_1_261' title='bbox 570 2332 591 2365; x_wconf 74' lang='grc' dir='ltr'><strong>ι</strong></span> <span class='ocrx_word' id='word_1_262' title='bbox 624 2314 933 2386; x_wconf 83' lang='grc' dir='ltr'>Εὑλογήσαι</span> <span class='ocrx_word' id='word_1_263' title='bbox 981 2332 1041 2368; x_wconf 88' lang='grc' dir='ltr'><strong>σε</strong></span> <span class='ocrx_word' id='word_1_264' title='bbox 1079 2317 1287 2388; x_wconf 81' lang='grc' dir='ltr'>Κύριος</span> <span class='ocrx_word' id='word_1_265' title='bbox 1344 2319 1410 2371; x_wconf 81' lang='grc' dir='ltr'>ὲκ</span> <span class='ocrx_word' id='word_1_266' title='bbox 1466 2319 1626 2380; x_wconf 81' lang='grc' dir='ltr'>Σιὼν,</span> <span class='ocrx_word' id='word_1_267' title='bbox 1666 2320 1695 2372; x_wconf 81' lang='grc' dir='ltr'><strong>ὁ</strong></span> <span class='ocrx_word' id='word_1_268' title='bbox 1728 2322 1960 2391; x_wconf 82' lang='grc' dir='ltr'>ποιήσας</span> 
     </span>
    </p>
   </div>
   <div class='ocr_carea' id='block_1_40' title="bbox 365 2400 1959 2485">
    <p class='ocr_par' dir='ltr' id='par_1_40' title="bbox 365 2400 1959 2485">
     <span class='ocr_line' id='line_1_40' title="bbox 365 2400 1959 2485; baseline 0.007 -32"><span class='ocrx_word' id='word_1_269' title='bbox 365 2400 461 2453; x_wconf 78' lang='grc' dir='ltr'><strong>τὸν</strong></span> <span class='ocrx_word' id='word_1_270' title='bbox 485 2402 718 2473; x_wconf 79' lang='grc' dir='ltr'>οὐρανὸν</span> <span class='ocrx_word' id='word_1_271' title='bbox 749 2406 851 2466; x_wconf 52' lang='grc' dir='ltr'>καὶ,</span> <span class='ocrx_word' id='word_1_272' title='bbox 875 2405 977 2475; x_wconf 84' lang='grc' dir='ltr'>τὴν</span> <span class='ocrx_word' id='word_1_273' title='bbox 1005 2406 1131 2475; x_wconf 83' lang='grc' dir='ltr'>γῆν.</span> <span class='ocrx_word' id='word_1_274' title='bbox 1164 2425 1184 2457; x_wconf 72' lang='grc' dir='ltr'><strong>ι</strong></span> <span class='ocrx_word' id='word_1_275' title='bbox 1223 2408 1342 2460; x_wconf 85' lang='grc' dir='ltr'>Ἵνα</span> <span class='ocrx_word' id='word_1_276' title='bbox 1365 2410 1476 2479; x_wconf 78' lang='grc' dir='ltr'>γὰρ</span> <span class='ocrx_word' id='word_1_277' title='bbox 1508 2410 1583 2479; x_wconf 87' lang='grc' dir='ltr'>μή</span> <span class='ocrx_word' id='word_1_278' title='bbox 1604 2427 1688 2474; x_wconf 84' lang='grc' dir='ltr'><strong>τις</strong></span> <span class='ocrx_word' id='word_1_279' title='bbox 1710 2411 1959 2485; x_wconf 77' lang='grc' dir='ltr'>ὑπολάϐῃ</span> 
     </span>
    </p>
   </div>
   <div class='ocr_carea' id='block_1_41' title="bbox 364 2493 1958 2567">
    <p class='ocr_par' dir='ltr' id='par_1_41' title="bbox 364 2493 1958 2567">
     <span class='ocr_line' id='line_1_41' title="bbox 364 2493 1958 2567; baseline 0.008 -23"><span class='ocrx_word' id='word_1_280' title='bbox 364 2495 438 2564; x_wconf 73' lang='grc' dir='ltr'>τῇ</span> <span class='ocrx_word' id='word_1_281' title='bbox 474 2493 613 2546; x_wconf 86' lang='grc' dir='ltr'>Σιὼν</span> <span class='ocrx_word' id='word_1_282' title='bbox 646 2498 1092 2567; x_wconf 68' lang='grc' dir='ltr'>περιγεγράφθω</span> <span class='ocrx_word' id='word_1_283' title='bbox 1121 2498 1215 2551; x_wconf 81' lang='grc' dir='ltr'><strong>τὸν</strong></span> <span class='ocrx_word' id='word_1_284' title='bbox 1241 2499 1350 2552; x_wconf 89' lang='grc' dir='ltr'><strong>τῶν</strong></span> <span class='ocrx_word' id='word_1_285' title='bbox 1390 2500 1529 2553; x_wconf 80' lang='grc' dir='ltr'>ὅλων</span> <span class='ocrx_word' id='word_1_286' title='bbox 1559 2500 1696 2555; x_wconf 84' lang='grc' dir='ltr'>Θεὸν</span> <span class='ocrx_word' id='word_1_287' title='bbox 1722 2502 1789 2567; x_wconf 69' lang='grc'><strong>⁸⁸,</strong></span> <span class='ocrx_word' id='word_1_288' title='bbox 1813 2504 1958 2557; x_wconf 74' lang='grc' dir='ltr'>εἰκό-</span> 
     </span>
    </p>
   </div>
   <div class='ocr_carea' id='block_1_42' title="bbox 365 2584 1959 2664">
    <p class='ocr_par' dir='ltr' id='par_1_42' title="bbox 365 2584 1959 2664">
     <span class='ocr_line' id='line_1_42' title="bbox 365 2584 1959 2664; baseline 0.006 -27"><span class='ocrx_word' id='word_1_289' title='bbox 365 2601 480 2647; x_wconf 88' lang='grc' dir='ltr'><strong>τως</strong></span> <span class='ocrx_word' id='word_1_290' title='bbox 518 2584 681 2639; x_wconf 83' lang='grc' dir='ltr'>αὑτὸν</span> <span class='ocrx_word' id='word_1_291' title='bbox 713 2586 882 2651; x_wconf 76' lang='grc' dir='ltr'>ἔδειξε</span> <span class='ocrx_word' id='word_1_292' title='bbox 915 2587 1025 2641; x_wconf 88' lang='grc' dir='ltr'><strong>τῶν</strong></span> <span class='ocrx_word' id='word_1_293' title='bbox 1056 2589 1196 2642; x_wconf 83' lang='grc' dir='ltr'>ὅλων</span> <span class='ocrx_word' id='word_1_294' title='bbox 1230 2592 1570 2661; x_wconf 82' lang='grc' dir='ltr'>δημιουργόν</span> <span class='ocrx_word' id='word_1_295' title='bbox 1590 2608 1604 2622; x_wconf 92' lang='grc'><strong>·</strong></span> <span class='ocrx_word' id='word_1_296' title='bbox 1634 2592 1724 2646; x_wconf 85' lang='grc' dir='ltr'>διὰ</span> <span class='ocrx_word' id='word_1_297' title='bbox 1740 2593 1850 2664; x_wconf 77' lang='grc' dir='ltr'>γὰρ</span> <span class='ocrx_word' id='word_1_298' title='bbox 1869 2596 1959 2646; x_wconf 88' lang='grc' dir='ltr'>οὑ-</span> 
     </span>
    </p>
   </div>
   <div class='ocr_carea' id='block_1_43' title="bbox 367 2674 1954 2753">
    <p class='ocr_par' dir='ltr' id='par_1_43' title="bbox 367 2674 1954 2753">
     <span class='ocr_line' id='line_1_43' title="bbox 367 2674 1954 2753; baseline 0.007 -28"><span class='ocrx_word' id='word_1_299' title='bbox 367 2674 538 2745; x_wconf 80' lang='grc' dir='ltr'>ρανοῦ</span> <span class='ocrx_word' id='word_1_300' title='bbox 578 2677 673 2729; x_wconf 74' lang='grc' dir='ltr'><strong>καὶ</strong></span> <span class='ocrx_word' id='word_1_301' title='bbox 699 2676 805 2746; x_wconf 83' lang='grc' dir='ltr'>γῆς</span> <span class='ocrx_word' id='word_1_302' title='bbox 828 2678 923 2731; x_wconf 68' lang='grc' dir='ltr'><strong>καὶ</strong></span> <span class='ocrx_word' id='word_1_303' title='bbox 950 2678 994 2709; x_wconf 69' lang='grc'><strong>⁸⁸</strong></span> <span class='ocrx_word' id='word_1_304' title='bbox 1027 2681 1210 2733; x_wconf 84' lang='grc' dir='ltr'>πᾶσαν</span> <span class='ocrx_word' id='word_1_305' title='bbox 1256 2680 1356 2751; x_wconf 84' lang='grc' dir='ltr'><strong>τὴν</strong></span> <span class='ocrx_word' id='word_1_306' title='bbox 1377 2682 1555 2735; x_wconf 83' lang='grc' dir='ltr'>κτίσιν</span> <span class='ocrx_word' id='word_1_307' title='bbox 1614 2684 1910 2753; x_wconf 76' lang='grc' dir='ltr'>περιέλαὸε</span> <span class='ocrx_word' id='word_1_308' title='bbox 1939 2700 1954 2715; x_wconf 78' lang='grc' dir='ltr'><strong><em>ο</em></strong></span> 
     </span>
    </p>
   </div>
   <div class='ocr_carea' id='block_1_44' title="bbox 366 2764 1952 2845">
    <p class='ocr_par' dir='ltr' id='par_1_44' title="bbox 366 2764 1952 2845">
     <span class='ocr_line' id='line_1_44' title="bbox 366 2764 1952 2845; baseline 0.008 -29"><span class='ocrx_word' id='word_1_309' title='bbox 366 2765 428 2817; x_wconf 79' lang='grc' dir='ltr'>ἑν</span> <span class='ocrx_word' id='word_1_310' title='bbox 467 2764 515 2796; x_wconf 84' lang='grc'><strong><em>⁵⁸</em></strong></span> <span class='ocrx_word' id='word_1_311' title='bbox 547 2767 764 2838; x_wconf 77' lang='grc' dir='ltr'>οὐρανῷ</span> <span class='ocrx_word' id='word_1_312' title='bbox 789 2768 898 2839; x_wconf 82' lang='grc' dir='ltr'>γὰρ</span> <span class='ocrx_word' id='word_1_313' title='bbox 922 2768 1168 2838; x_wconf 80' lang='grc' dir='ltr'>ἄγγελοι,</span> <span class='ocrx_word' id='word_1_314' title='bbox 1217 2773 1313 2825; x_wconf 74' lang='grc' dir='ltr'><strong>ἐπὶ</strong></span> <span class='ocrx_word' id='word_1_315' title='bbox 1366 2772 1472 2842; x_wconf 79' lang='grc' dir='ltr'><strong>γῆς</strong></span> <span class='ocrx_word' id='word_1_316' title='bbox 1526 2773 1584 2827; x_wconf 82' lang='grc' dir='ltr'>δὲ</span> <span class='ocrx_word' id='word_1_317' title='bbox 1649 2773 1952 2845; x_wconf 80' lang='grc' dir='ltr'>ἄνθρωποι,</span> 
     </span>
    </p>
   </div>
   <div class='ocr_carea' id='block_1_45' title="bbox 366 2856 1274 2934">
    <p class='ocr_par' dir='ltr' id='par_1_45' title="bbox 366 2856 1274 2934">
     <span class='ocr_line' id='line_1_45' title="bbox 366 2856 1274 2934; baseline 0.009 -24"><span class='ocrx_word' id='word_1_318' title='bbox 366 2856 468 2911; x_wconf 81' lang='grc' dir='ltr'>καὶ</span> <span class='ocrx_word' id='word_1_319' title='bbox 507 2859 573 2913; x_wconf 83' lang='grc' dir='ltr'>τὰ</span> <span class='ocrx_word' id='word_1_320' title='bbox 606 2860 697 2913; x_wconf 84' lang='grc' dir='ltr'><strong>διὰ</strong></span> <span class='ocrx_word' id='word_1_321' title='bbox 723 2860 949 2925; x_wconf 84' lang='grc' dir='ltr'>τούτους</span> <span class='ocrx_word' id='word_1_322' title='bbox 978 2863 1274 2934; x_wconf 85' lang='grc' dir='ltr'>γενόμενα.</span> 
     </span>
    </p>
   </div>
   <div class='ocr_carea' id='block_1_46' title="bbox 651 3063 1667 3124">
    <p class='ocr_par' dir='ltr' id='par_1_46' title="bbox 651 3063 1667 3124">
     <span class='ocr_line' id='line_1_46' title="bbox 651 3063 1667 3124; baseline 0.007 -8"><span class='ocrx_word' id='word_1_323' title='bbox 651 3063 918 3119; x_wconf 76' lang='lat' dir='ltr'><strong>EPMHN.</strong></span> <span class='ocrx_word' id='word_1_324' title='bbox 950 3066 1091 3119; x_wconf 86' lang='grc' dir='ltr'><strong>ΤΟΥ</strong></span> <span class='ocrx_word' id='word_1_325' title='bbox 1138 3068 1285 3120; x_wconf 84' lang='grc' dir='ltr'><strong>ΡΛΔ¹</strong></span> <span class='ocrx_word' id='word_1_326' title='bbox 1341 3069 1667 3124; x_wconf 79' lang='grc' dir='ltr'><strong>ΨΑΛΜΟΥ.</strong></span> 
     </span>
    </p>
   </div>
   <div class='ocr_carea' id='block_1_47' title="bbox 438 3174 1952 3254">
    <p class='ocr_par' dir='ltr' id='par_1_47' title="bbox 438 3174 1952 3254">
     <span class='ocr_line' id='line_1_47' title="bbox 438 3174 1952 3254; baseline 0.009 -28"><span class='ocrx_word' id='word_1_327' title='bbox 438 3179 509 3228; x_wconf 85' lang='grc' dir='ltr'>α’.</span> <span class='ocrx_word' id='word_1_328' title='bbox 554 3194 572 3226; x_wconf 83' lang='grc' dir='ltr'><strong>ι</strong></span> <span class='ocrx_word' id='word_1_329' title='bbox 602 3174 953 3248; x_wconf 25' lang='grc' dir='ltr'>ηἈλληλούῖα,</span> <span class='ocrx_word' id='word_1_330' title='bbox 1009 3179 1133 3250; x_wconf 82' lang='grc' dir='ltr'><strong>ᾬδὴ</strong></span> <span class='ocrx_word' id='word_1_331' title='bbox 1184 3180 1293 3234; x_wconf 88' lang='grc' dir='ltr'><strong>τῶν</strong></span> <span class='ocrx_word' id='word_1_332' title='bbox 1326 3181 1663 3254; x_wconf 80' lang='grc' dir='ltr'>ἀναϐαθμῶν</span> <span class='ocrx_word' id='word_1_333' title='bbox 1695 3184 1762 3238; x_wconf 77' lang='grc'><strong>⁸¹.</strong></span> <span class='ocrx_word' id='word_1_334' title='bbox 1803 3203 1822 3235; x_wconf 75' lang='grc' dir='ltr'><strong>ι</strong></span> <span class='ocrx_word' id='word_1_335' title='bbox 1857 3181 1952 3239; x_wconf 78' lang='grc' dir='ltr'><strong>Αί-</strong></span> 
     </span>
    </p>
   </div>
   <div class='ocr_carea' id='block_1_48' title="bbox 2064 2037 3647 2109">
    <p class='ocr_par' dir='ltr' id='par_1_48' title="bbox 2064 2037 3647 2109">
     <span class='ocr_line' id='line_1_48' title="bbox 2064 2037 3647 2109; baseline -0.001 -17"><span class='ocrx_word' id='word_1_336' title='bbox 2064 2050 2174 2094; x_wconf 90' lang='lat' dir='ltr'><strong>tam</strong></span> <span class='ocrx_word' id='word_1_337' title='bbox 2218 2040 2459 2109; x_wconf 78' lang='lat' dir='ltr'><strong>quietem</strong></span> <span class='ocrx_word' id='word_1_338' title='bbox 2510 2038 2734 2109; x_wconf 67' lang='lat' dir='ltr'><strong>praebet,</strong></span> <span class='ocrx_word' id='word_1_339' title='bbox 2783 2047 2840 2092; x_wconf 91' lang='lat' dir='ltr'><strong>et</strong></span> <span class='ocrx_word' id='word_1_340' title='bbox 2876 2054 2907 2092; x_wconf 89' lang='lat' dir='ltr'><strong>a</strong></span> <span class='ocrx_word' id='word_1_341' title='bbox 2955 2039 3144 2094; x_wconf 88' lang='lat' dir='ltr'><strong>multis</strong></span> <span class='ocrx_word' id='word_1_342' title='bbox 3189 2037 3518 2093; x_wconf 85' lang='lat' dir='ltr'><strong>tumultibus</strong></span> <span class='ocrx_word' id='word_1_343' title='bbox 3560 2046 3647 2092; x_wconf 84' lang='lat' dir='ltr'><strong>est</strong></span> 
     </span>
    </p>
   </div>
   <div class='ocr_carea' id='block_1_49' title="bbox 2063 2131 3648 2197">
    <p class='ocr_par' dir='ltr' id='par_1_49' title="bbox 2063 2131 3648 2197">
     <span class='ocr_line' id='line_1_49' title="bbox 2063 2131 3648 2197; baseline -0.002 -9"><span class='ocrx_word' id='word_1_344' title='bbox 2063 2135 2257 2189; x_wconf 86' lang='lat' dir='ltr'><strong>libera.</strong></span> <span class='ocrx_word' id='word_1_345' title='bbox 2293 2134 2489 2188; x_wconf 78' lang='lat' dir='ltr'><strong>Manus</strong></span> <span class='ocrx_word' id='word_1_346' title='bbox 2530 2141 2715 2188; x_wconf 90' lang='lat' dir='ltr'><strong>autem</strong></span> <span class='ocrx_word' id='word_1_347' title='bbox 2760 2133 2972 2197; x_wconf 90' lang='lat' dir='ltr'><strong>tollere,</strong></span> <span class='ocrx_word' id='word_1_348' title='bbox 3022 2132 3258 2188; x_wconf 89' lang='lat' dir='ltr'><strong>usitatus</strong></span> <span class='ocrx_word' id='word_1_349' title='bbox 3307 2131 3476 2186; x_wconf 87' lang='lat' dir='ltr'><strong>etiam</strong></span> <span class='ocrx_word' id='word_1_350' title='bbox 3526 2145 3648 2185; x_wconf 84' lang='lat' dir='ltr'><strong>mos</strong></span> 
     </span>
    </p>
   </div>
   <div class='ocr_carea' id='block_1_50' title="bbox 2058 2229 2235 2300">
    <p class='ocr_par' dir='ltr' id='par_1_50' title="bbox 2058 2229 2235 2300">
     <span class='ocr_line' id='line_1_50' title="bbox 2058 2229 2235 2300; baseline 0.006 -18"><span class='ocrx_word' id='word_1_351' title='bbox 2058 2229 2235 2300; x_wconf 80' lang='lat' dir='ltr'><strong>jubet.</strong></span> 
     </span>
    </p>
   </div>
   <div class='ocr_carea' id='block_1_51' title="bbox 2135 2315 3648 2385">
    <p class='ocr_par' dir='ltr' id='par_1_51' title="bbox 2135 2315 3648 2385">
     <span class='ocr_line' id='line_1_51' title="bbox 2135 2315 3648 2385; baseline -0.004 -9"><span class='ocrx_word' id='word_1_352' title='bbox 2135 2320 2303 2376; x_wconf 73' lang='lat' dir='ltr'><strong>Vens.</strong></span> <span class='ocrx_word' id='word_1_353' title='bbox 2343 2322 2397 2377; x_wconf 78' lang='lat'><strong>3.</strong></span> <span class='ocrx_word' id='word_1_354' title='bbox 2446 2340 2464 2372; x_wconf 79' lang='grc' dir='ltr'><strong>ι</strong></span> <span class='ocrx_word' id='word_1_355' title='bbox 2505 2319 2803 2375; x_wconf 82' lang='lat' dir='ltr'><strong>Benedicat</strong></span> <span class='ocrx_word' id='word_1_356' title='bbox 2837 2318 2936 2374; x_wconf 88' lang='lat' dir='ltr'><strong>tibi</strong></span> <span class='ocrx_word' id='word_1_357' title='bbox 2974 2317 3246 2372; x_wconf 84' lang='lat' dir='ltr'><strong>Dominus</strong></span> <span class='ocrx_word' id='word_1_358' title='bbox 3271 2331 3301 2371; x_wconf 94' lang='lat' dir='ltr'><strong>e</strong></span> <span class='ocrx_word' id='word_1_359' title='bbox 3327 2316 3516 2379; x_wconf 91' lang='lat' dir='ltr'><strong>Sione,</strong></span> <span class='ocrx_word' id='word_1_360' title='bbox 3550 2315 3648 2385; x_wconf 89' lang='lat' dir='ltr'><strong>qui</strong></span> 
     </span>
    </p>
   </div>
   <div class='ocr_carea' id='block_1_52' title="bbox 2065 2408 3644 2478">
    <p class='ocr_par' dir='ltr' id='par_1_52' title="bbox 2065 2408 3644 2478">
     <span class='ocr_line' id='line_1_52' title="bbox 2065 2408 3644 2478; baseline -0.004 -9"><span class='ocrx_word' id='word_1_361' title='bbox 2065 2414 2193 2470; x_wconf 81' lang='lat' dir='ltr'><strong>fecit</strong></span> <span class='ocrx_word' id='word_1_362' title='bbox 2225 2415 2429 2469; x_wconf 64' lang='lat' dir='ltr'><strong>malum</strong></span> <span class='ocrx_word' id='word_1_363' title='bbox 2472 2424 2522 2465; x_wconf 93' lang='lat' dir='ltr'><strong>et</strong></span> <span class='ocrx_word' id='word_1_364' title='bbox 2566 2421 2795 2466; x_wconf 83' lang='lat' dir='ltr'><strong>terram.</strong></span> <span class='ocrx_word' id='word_1_365' title='bbox 2833 2430 2853 2463; x_wconf 73' lang='grc' dir='ltr'><strong>ι</strong></span> <span class='ocrx_word' id='word_1_366' title='bbox 2891 2414 2907 2433; x_wconf 81' lang='lat'><strong><em>‘</em></strong></span> <span class='ocrx_word' id='word_1_367' title='bbox 2931 2409 3068 2465; x_wconf 85' lang='lat' dir='ltr'><strong>Nam</strong></span> <span class='ocrx_word' id='word_1_368' title='bbox 3104 2425 3174 2464; x_wconf 87' lang='lat' dir='ltr'><strong>ne</strong></span> <span class='ocrx_word' id='word_1_369' title='bbox 3201 2409 3326 2478; x_wconf 86' lang='lat' dir='ltr'><strong>quis</strong></span> <span class='ocrx_word' id='word_1_370' title='bbox 3355 2408 3644 2463; x_wconf 81' lang='lat' dir='ltr'><strong>universo-</strong></span> 
     </span>
    </p>
   </div>
   <div class='ocr_carea' id='block_1_53' title="bbox 2062 2497 3643 2568">
    <p class='ocr_par' dir='ltr' id='par_1_53' title="bbox 2062 2497 3643 2568">
     <span class='ocr_line' id='line_1_53' title="bbox 2062 2497 3643 2568; baseline -0.009 -5"><span class='ocrx_word' id='word_1_371' title='bbox 2062 2522 2185 2563; x_wconf 90' lang='lat' dir='ltr'><strong>rum</strong></span> <span class='ocrx_word' id='word_1_372' title='bbox 2217 2505 2387 2559; x_wconf 87' lang='lat' dir='ltr'><strong>Deum</strong></span> <span class='ocrx_word' id='word_1_373' title='bbox 2434 2504 2599 2558; x_wconf 91' lang='lat' dir='ltr'><strong>Sione</strong></span> <span class='ocrx_word' id='word_1_374' title='bbox 2640 2502 3121 2567; x_wconf 86' lang='lat' dir='ltr'><strong>circumscriptum</strong></span> <span class='ocrx_word' id='word_1_375' title='bbox 3158 2513 3280 2555; x_wconf 86' lang='lat' dir='ltr'><strong>esse</strong></span> <span class='ocrx_word' id='word_1_376' title='bbox 3310 2497 3643 2568; x_wconf 85' lang='lat' dir='ltr'><strong>suspicetur,</strong></span> 
     </span>
    </p>
   </div>
   <div class='ocr_carea' id='block_1_54' title="bbox 2060 2588 3646 2665">
    <p class='ocr_par' dir='ltr' id='par_1_54' title="bbox 2060 2588 3646 2665">
     <span class='ocr_line' id='line_1_54' title="bbox 2060 2588 3646 2665; baseline -0.007 -12"><span class='ocrx_word' id='word_1_377' title='bbox 2060 2598 2258 2653; x_wconf 89' lang='lat' dir='ltr'><strong>merito</strong></span> <span class='ocrx_word' id='word_1_378' title='bbox 2305 2599 2484 2665; x_wconf 90' lang='lat' dir='ltr'><strong>ipsum</strong></span> <span class='ocrx_word' id='word_1_379' title='bbox 2546 2609 2729 2648; x_wconf 90' lang='lat' dir='ltr'><strong>rerum</strong></span> <span class='ocrx_word' id='word_1_380' title='bbox 2785 2593 3032 2648; x_wconf 91' lang='lat' dir='ltr'><strong>omnium</strong></span> <span class='ocrx_word' id='word_1_381' title='bbox 3086 2590 3338 2661; x_wconf 79' lang='lat' dir='ltr'><strong>opiﬁcem</strong></span> <span class='ocrx_word' id='word_1_382' title='bbox 3381 2603 3505 2645; x_wconf 88' lang='lat' dir='ltr'><strong>esse</strong></span> <span class='ocrx_word' id='word_1_383' title='bbox 3551 2588 3646 2642; x_wconf 84' lang='lat' dir='ltr'><strong>de-</strong></span> 
     </span>
    </p>
   </div>
   <div class='ocr_carea' id='block_1_55' title="bbox 2060 2684 3645 2747">
    <p class='ocr_par' dir='ltr' id='par_1_55' title="bbox 2060 2684 3645 2747">
     <span class='ocr_line' id='line_1_55' title="bbox 2060 2684 3645 2747; baseline -0.006 -4"><span class='ocrx_word' id='word_1_384' title='bbox 2060 2689 2406 2743; x_wconf 82' lang='lat' dir='ltr'><strong>monstravit.</strong></span> <span class='ocrx_word' id='word_1_385' title='bbox 2448 2685 2553 2741; x_wconf 87' lang='lat' dir='ltr'><strong>Per</strong></span> <span class='ocrx_word' id='word_1_386' title='bbox 2607 2686 2807 2739; x_wconf 63' lang='lat' dir='ltr'><strong>malum</strong></span> <span class='ocrx_word' id='word_1_387' title='bbox 2861 2684 3010 2739; x_wconf 91' lang='lat' dir='ltr'><strong>enim</strong></span> <span class='ocrx_word' id='word_1_388' title='bbox 3059 2693 3114 2738; x_wconf 91' lang='lat' dir='ltr'><strong>et</strong></span> <span class='ocrx_word' id='word_1_389' title='bbox 3165 2695 3408 2747; x_wconf 83' lang='lat' dir='ltr'><strong>terram,</strong></span> <span class='ocrx_word' id='word_1_390' title='bbox 3469 2689 3645 2736; x_wconf 90' lang='lat' dir='ltr'><strong>totum</strong></span> 
     </span>
    </p>
   </div>
   <div class='ocr_carea' id='block_1_56' title="bbox 2060 2772 3645 2845">
    <p class='ocr_par' dir='ltr' id='par_1_56' title="bbox 2060 2772 3645 2845">
     <span class='ocr_line' id='line_1_56' title="bbox 2060 2772 3645 2845; baseline -0.007 -9"><span class='ocrx_word' id='word_1_391' title='bbox 2060 2783 2382 2836; x_wconf 84' lang='lat' dir='ltr'><strong>universum</strong></span> <span class='ocrx_word' id='word_1_392' title='bbox 2427 2775 2893 2845; x_wconf 88' lang='lat' dir='ltr'><strong>comprehendit:</strong></span> <span class='ocrx_word' id='word_1_393' title='bbox 2934 2790 3060 2828; x_wconf 89' lang='lat' dir='ltr'><strong>nam</strong></span> <span class='ocrx_word' id='word_1_394' title='bbox 3105 2774 3159 2828; x_wconf 90' lang='lat' dir='ltr'><strong>in</strong></span> <span class='ocrx_word' id='word_1_395' title='bbox 3201 2772 3342 2828; x_wconf 74' lang='lat' dir='ltr'><strong>ctelo</strong></span> <span class='ocrx_word' id='word_1_396' title='bbox 3385 2782 3516 2829; x_wconf 90' lang='lat' dir='ltr'><strong>sunt</strong></span> <span class='ocrx_word' id='word_1_397' title='bbox 3543 2788 3645 2826; x_wconf 88' lang='lat' dir='ltr'><strong>an-</strong></span> 
     </span>
    </p>
   </div>
   <div class='ocr_carea' id='block_1_57' title="bbox 2057 2864 3644 2944">
    <p class='ocr_par' dir='ltr' id='par_1_57' title="bbox 2057 2864 3644 2944">
     <span class='ocr_line' id='line_1_57' title="bbox 2057 2864 3644 2944; baseline -0.006 -16"><span class='ocrx_word' id='word_1_398' title='bbox 2057 2875 2184 2944; x_wconf 79' lang='lat' dir='ltr'><strong>geli,</strong></span> <span class='ocrx_word' id='word_1_399' title='bbox 2223 2873 2274 2926; x_wconf 91' lang='lat' dir='ltr'><strong>in</strong></span> <span class='ocrx_word' id='word_1_400' title='bbox 2305 2881 2453 2926; x_wconf 84' lang='lat' dir='ltr'><strong>terra</strong></span> <span class='ocrx_word' id='word_1_401' title='bbox 2483 2869 2758 2932; x_wconf 89' lang='lat' dir='ltr'><strong>homines,</strong></span> <span class='ocrx_word' id='word_1_402' title='bbox 2792 2876 2846 2923; x_wconf 91' lang='lat' dir='ltr'><strong>et</strong></span> <span class='ocrx_word' id='word_1_403' title='bbox 2880 2882 2944 2921; x_wconf 87' lang='lat' dir='ltr'><strong>ea</strong></span> <span class='ocrx_word' id='word_1_404' title='bbox 2980 2882 3104 2936; x_wconf 67' lang='lat' dir='ltr'><strong>quae</strong></span> <span class='ocrx_word' id='word_1_405' title='bbox 3134 2875 3354 2936; x_wconf 70' lang='lat' dir='ltr'><strong>promer</strong></span> <span class='ocrx_word' id='word_1_406' title='bbox 3379 2864 3480 2918; x_wconf 90' lang='lat' dir='ltr'><strong>hos</strong></span> <span class='ocrx_word' id='word_1_407' title='bbox 3504 2864 3644 2918; x_wconf 75' lang='lat' dir='ltr'><strong>facta</strong></span> 
     </span>
    </p>
   </div>
   <div class='ocr_carea' id='block_1_58' title="bbox 2056 2975 2208 3022">
    <p class='ocr_par' dir='ltr' id='par_1_58' title="bbox 2056 2975 2208 3022">
     <span class='ocr_line' id='line_1_58' title="bbox 2056 2975 2208 3022; baseline -0.013 0"><span class='ocrx_word' id='word_1_408' title='bbox 2056 2975 2208 3022; x_wconf 91' lang='lat' dir='ltr'><strong>sunt.</strong></span> 
     </span>
    </p>
   </div>
   <div class='ocr_carea' id='block_1_59' title="bbox 2394 3068 3299 3129">
    <p class='ocr_par' dir='ltr' id='par_1_59' title="bbox 2394 3068 3299 3129">
     <span class='ocr_line' id='line_1_59' title="bbox 2394 3068 3299 3129; baseline -0.007 0"><span class='ocrx_word' id='word_1_409' title='bbox 2394 3072 2668 3129; x_wconf 77' lang='lat' dir='ltr'><strong>INTERP.</strong></span> <span class='ocrx_word' id='word_1_410' title='bbox 2715 3070 2970 3128; x_wconf 81' lang='lat' dir='ltr'><strong>PSALMI</strong></span> <span class='ocrx_word' id='word_1_411' title='bbox 3005 3068 3299 3126; x_wconf 77' lang='lat' dir='ltr'><strong>CXXXIV.</strong></span> 
     </span>
    </p>
   </div>
   <div class='ocr_carea' id='block_1_60' title="bbox 2128 3181 3644 3254">
    <p class='ocr_par' dir='ltr' id='par_1_60' title="bbox 2128 3181 3644 3254">
     <span class='ocr_line' id='line_1_60' title="bbox 2128 3181 3644 3254; baseline -0.004 -9"><span class='ocrx_word' id='word_1_412' title='bbox 2128 3190 2298 3245; x_wconf 74' lang='lat' dir='ltr'><strong>Vens.</strong></span> <span class='ocrx_word' id='word_1_413' title='bbox 2346 3190 2397 3244; x_wconf 81' lang='lat' dir='ltr'><strong>l.</strong></span> <span class='ocrx_word' id='word_1_414' title='bbox 2444 3208 2463 3241; x_wconf 80' lang='grc' dir='ltr'><strong>ι</strong></span> <span class='ocrx_word' id='word_1_415' title='bbox 2500 3187 2756 3242; x_wconf 84' lang='lat' dir='ltr'><strong>Alleluia.</strong></span> <span class='ocrx_word' id='word_1_416' title='bbox 2785 3186 3073 3240; x_wconf 87' lang='lat' dir='ltr'><strong>Canticum</strong></span> <span class='ocrx_word' id='word_1_417' title='bbox 3110 3185 3401 3254; x_wconf 83' lang='lat' dir='ltr'><strong>graduum.</strong></span> <span class='ocrx_word' id='word_1_418' title='bbox 3445 3200 3465 3236; x_wconf 75' lang='grc' dir='ltr'><strong>ι</strong></span> <span class='ocrx_word' id='word_1_419' title='bbox 3516 3181 3644 3239; x_wconf 67' lang='lat' dir='ltr'><strong>Haec</strong></span> 
     </span>
    </p>
   </div>
   <div class='ocr_carea' id='block_1_61' title="bbox 360 3257 1952 3349">
    <p class='ocr_par' dir='ltr' id='par_1_61' title="bbox 360 3257 1949 3343">
     <span class='ocr_line' id='line_1_61' title="bbox 360 3257 1949 3343; baseline 0.008 -25"><span class='ocrx_word' id='word_1_420' title='bbox 360 3281 456 3328; x_wconf 83' lang='grc' dir='ltr'><strong>νος</strong></span> <span class='ocrx_word' id='word_1_421' title='bbox 490 3257 645 3328; x_wconf 73' lang='grc' dir='ltr'>οὗτος</span> <span class='ocrx_word' id='word_1_422' title='bbox 677 3266 886 3338; x_wconf 72' lang='grc' dir='ltr'>ἕτερος,</span> <span class='ocrx_word' id='word_1_423' title='bbox 922 3271 1017 3322; x_wconf 68' lang='grc' dir='ltr'>καὶ</span> <span class='ocrx_word' id='word_1_424' title='bbox 1054 3271 1081 3322; x_wconf 87' lang='grc' dir='ltr'>ὁ</span> <span class='ocrx_word' id='word_1_425' title='bbox 1106 3270 1268 3335; x_wconf 79' lang='grc' dir='ltr'>αὐτὸς</span> <span class='ocrx_word' id='word_1_426' title='bbox 1294 3272 1400 3326; x_wconf 79' lang='grc' dir='ltr'>ὑπὸ</span> <span class='ocrx_word' id='word_1_427' title='bbox 1428 3273 1538 3327; x_wconf 90' lang='grc' dir='ltr'><strong>τῶν</strong></span> <span class='ocrx_word' id='word_1_428' title='bbox 1578 3276 1677 3343; x_wconf 83' lang='grc' dir='ltr'>τῆς</span> <span class='ocrx_word' id='word_1_429' title='bbox 1733 3275 1949 3330; x_wconf 78' lang='grc' dir='ltr'>ἐλευθε-</span> 
     </span>
    </p>
   </div>
   <div class='ocr_carea' id='block_1_62' title="bbox 2056 3257 3643 3349">
    <p class='ocr_par' dir='ltr' id='par_1_62' title="bbox 2056 3274 3643 3349">
     <span class='ocr_line' id='line_1_62' title="bbox 2056 3274 3643 3349; baseline -0.006 -12"><span class='ocrx_word' id='word_1_430' title='bbox 2056 3293 2141 3339; x_wconf 86' lang='lat' dir='ltr'><strong>est</strong></span> <span class='ocrx_word' id='word_1_431' title='bbox 2171 3283 2275 3336; x_wconf 86' lang='lat' dir='ltr'><strong>alia</strong></span> <span class='ocrx_word' id='word_1_432' title='bbox 2308 3282 2451 3345; x_wconf 90' lang='lat' dir='ltr'><strong>laus,</strong></span> <span class='ocrx_word' id='word_1_433' title='bbox 2491 3291 2544 3335; x_wconf 92' lang='lat' dir='ltr'><strong>et</strong></span> <span class='ocrx_word' id='word_1_434' title='bbox 2585 3280 2701 3349; x_wconf 90' lang='lat' dir='ltr'><strong>ipsa</strong></span> <span class='ocrx_word' id='word_1_435' title='bbox 2738 3279 2805 3331; x_wconf 87' lang='lat' dir='ltr'><strong>ab</strong></span> <span class='ocrx_word' id='word_1_436' title='bbox 2849 3277 2953 3343; x_wconf 88' lang='lat' dir='ltr'><strong>his,</strong></span> <span class='ocrx_word' id='word_1_437' title='bbox 2981 3276 3076 3346; x_wconf 93' lang='lat' dir='ltr'><strong>qui</strong></span> <span class='ocrx_word' id='word_1_438' title='bbox 3117 3276 3423 3330; x_wconf 88' lang='lat' dir='ltr'><strong>libertatem</strong></span> <span class='ocrx_word' id='word_1_439' title='bbox 3463 3274 3643 3343; x_wconf 87' lang='lat' dir='ltr'><strong>adepti</strong></span> 
     </span>
    </p>
   </div>
   <div class='ocr_carea' id='block_1_63' title="bbox 364 3355 1952 3437">
    <p class='ocr_par' dir='ltr' id='par_1_63' title="bbox 364 3355 1952 3437">
     <span class='ocr_line' id='line_1_63' title="bbox 364 3355 1952 3437; baseline 0.012 -32"><span class='ocrx_word' id='word_1_440' title='bbox 364 3355 492 3426; x_wconf 83' lang='grc' dir='ltr'>ρίας</span> <span class='ocrx_word' id='word_1_441' title='bbox 519 3359 901 3427; x_wconf 85' lang='grc' dir='ltr'>τετυχηκότων</span> <span class='ocrx_word' id='word_1_442' title='bbox 918 3363 1306 3434; x_wconf 73' lang='grc' dir='ltr'>προσενεχθεὶς</span> <span class='ocrx_word' id='word_1_443' title='bbox 1338 3364 1415 3435; x_wconf 83' lang='grc' dir='ltr'><strong>τῷ</strong></span> <span class='ocrx_word' id='word_1_444' title='bbox 1443 3365 1584 3437; x_wconf 83' lang='grc' dir='ltr'>Θεῷ.</span> <span class='ocrx_word' id='word_1_445' title='bbox 1606 3366 1714 3421; x_wconf 90' lang='grc' dir='ltr'>Τοῦ</span> <span class='ocrx_word' id='word_1_446' title='bbox 1740 3368 1796 3421; x_wconf 84' lang='grc' dir='ltr'>δὲ</span> <span class='ocrx_word' id='word_1_447' title='bbox 1835 3369 1952 3423; x_wconf 79' lang='grc' dir='ltr'><strong>Ἀλ-</strong></span> 
     </span>
    </p>
   </div>
   <div class='ocr_carea' id='block_1_64' title="bbox 358 3448 1950 3529">
    <p class='ocr_par' dir='ltr' id='par_1_64' title="bbox 358 3448 1950 3529">
     <span class='ocr_line' id='line_1_64' title="bbox 358 3448 1950 3529; baseline 0.01 -30"><span class='ocrx_word' id='word_1_448' title='bbox 358 3448 623 3513; x_wconf 75' lang='grc' dir='ltr'>ληλούῖα</span> <span class='ocrx_word' id='word_1_449' title='bbox 652 3450 746 3502; x_wconf 76' lang='grc' dir='ltr'><strong>καὶ</strong></span> <span class='ocrx_word' id='word_1_450' title='bbox 780 3452 879 3521; x_wconf 75' lang='grc' dir='ltr'>ἤδη</span> <span class='ocrx_word' id='word_1_451' title='bbox 915 3454 1015 3519; x_wconf 75' lang='grc' dir='ltr'><strong>τὴν</strong></span> <span class='ocrx_word' id='word_1_452' title='bbox 1043 3454 1342 3525; x_wconf 76' lang='grc' dir='ltr'>ἑρμηνείαν</span> <span class='ocrx_word' id='word_1_453' title='bbox 1360 3459 1686 3529; x_wconf 75' lang='grc' dir='ltr'>εἰρήκαμεν.</span> <span class='ocrx_word' id='word_1_454' title='bbox 1721 3479 1740 3513; x_wconf 80' lang='grc' dir='ltr'><strong>ι</strong></span> <span class='ocrx_word' id='word_1_455' title='bbox 1770 3461 1950 3515; x_wconf 81' lang='grc' dir='ltr'>Αἰνεῖ-</span> 
     </span>
    </p>
   </div>
   <div class='ocr_carea' id='block_1_65' title="bbox 358 3537 1950 3624">
    <p class='ocr_par' dir='ltr' id='par_1_65' title="bbox 358 3537 1950 3624">
     <span class='ocr_line' id='line_1_65' title="bbox 358 3537 1950 3624; baseline 0.013 -36"><span class='ocrx_word' id='word_1_456' title='bbox 358 3553 420 3589; x_wconf 90' lang='grc' dir='ltr'><strong>τε</strong></span> <span class='ocrx_word' id='word_1_457' title='bbox 448 3537 511 3590; x_wconf 79' lang='grc' dir='ltr'>τὸ</span> <span class='ocrx_word' id='word_1_458' title='bbox 526 3538 697 3609; x_wconf 78' lang='grc' dir='ltr'>ὄνομα</span> <span class='ocrx_word' id='word_1_459' title='bbox 712 3542 918 3611; x_wconf 80' lang='grc' dir='ltr'>Κυρίου</span> <span class='ocrx_word' id='word_1_460' title='bbox 942 3559 953 3570; x_wconf 92' lang='grc'>·</span> <span class='ocrx_word' id='word_1_461' title='bbox 974 3546 1197 3610; x_wconf 84' lang='grc' dir='ltr'>αἰνεῖτε,</span> <span class='ocrx_word' id='word_1_462' title='bbox 1223 3546 1422 3613; x_wconf 84' lang='grc' dir='ltr'>δοῦλοι,</span> <span class='ocrx_word' id='word_1_463' title='bbox 1442 3550 1664 3621; x_wconf 82' lang='grc' dir='ltr'>Κύριον.</span> <span class='ocrx_word' id='word_1_464' title='bbox 1680 3571 1698 3604; x_wconf 71' lang='grc' dir='ltr'><strong>ι</strong></span> <span class='ocrx_word' id='word_1_465' title='bbox 1730 3552 1950 3624; x_wconf 84' lang='grc' dir='ltr'>Ἐπειδὴ</span> 
     </span>
    </p>
   </div>
   <div class='ocr_carea' id='block_1_66' title="bbox 358 3629 1951 3715">
    <p class='ocr_par' dir='ltr' id='par_1_66' title="bbox 358 3629 1951 3715">
     <span class='ocr_line' id='line_1_66' title="bbox 358 3629 1951 3715; baseline 0.011 -34"><span class='ocrx_word' id='word_1_466' title='bbox 358 3629 595 3699; x_wconf 83' lang='grc' dir='ltr'>ἀόρατος</span> <span class='ocrx_word' id='word_1_467' title='bbox 624 3634 656 3702; x_wconf 87' lang='grc' dir='ltr'><strong>ή</strong></span> <span class='ocrx_word' id='word_1_468' title='bbox 689 3633 808 3685; x_wconf 84' lang='grc' dir='ltr'>θεία</span> <span class='ocrx_word' id='word_1_469' title='bbox 841 3635 1023 3702; x_wconf 79' lang='grc' dir='ltr'>φύσις,</span> <span class='ocrx_word' id='word_1_470' title='bbox 1048 3637 1241 3707; x_wconf 84' lang='grc' dir='ltr'>ὑμνεῖν</span> <span class='ocrx_word' id='word_1_471' title='bbox 1270 3639 1327 3692; x_wconf 83' lang='grc' dir='ltr'>δὲ</span> <span class='ocrx_word' id='word_1_472' title='bbox 1343 3641 1548 3712; x_wconf 81' lang='grc' dir='ltr'>ταύτην</span> <span class='ocrx_word' id='word_1_473' title='bbox 1577 3646 1951 3715; x_wconf 83' lang='grc' dir='ltr'>παρακελεύε-</span> 
     </span>
    </p>
   </div>
   <div class='ocr_carea' id='block_1_67' title="bbox 358 3723 1941 3803">
    <p class='ocr_par' dir='ltr' id='par_1_67' title="bbox 358 3723 1941 3803">
     <span class='ocr_line' id='line_1_67' title="bbox 358 3723 1941 3803; baseline 0.011 -29"><span class='ocrx_word' id='word_1_474' title='bbox 358 3739 473 3787; x_wconf 87' lang='grc' dir='ltr'>ται,</span> <span class='ocrx_word' id='word_1_475' title='bbox 512 3724 739 3787; x_wconf 71' lang='grc' dir='ltr'>εἰκότως</span> <span class='ocrx_word' id='word_1_476' title='bbox 773 3723 948 3785; x_wconf 72' lang='grc' dir='ltr'>εἶπεν.</span> <span class='ocrx_word' id='word_1_477' title='bbox 981 3747 999 3779; x_wconf 74' lang='grc' dir='ltr'><strong>ι</strong></span> <span class='ocrx_word' id='word_1_478' title='bbox 1046 3729 1262 3783; x_wconf 69' lang='grc' dir='ltr'>Αἰνεῖτε</span> <span class='ocrx_word' id='word_1_479' title='bbox 1319 3733 1379 3784; x_wconf 85' lang='grc' dir='ltr'><strong>τὸ</strong></span> <span class='ocrx_word' id='word_1_480' title='bbox 1412 3733 1588 3803; x_wconf 82' lang='grc' dir='ltr'>ὄνομα</span> <span class='ocrx_word' id='word_1_481' title='bbox 1648 3736 1876 3803; x_wconf 82' lang='grc' dir='ltr'>Κυρίου.</span> <span class='ocrx_word' id='word_1_482' title='bbox 1922 3757 1941 3791; x_wconf 73' lang='grc' dir='ltr'><strong>ι</strong></span> 
     </span>
    </p>
   </div>
   <div class='ocr_carea' id='block_1_68' title="bbox 372 3810 1947 3898">
    <p class='ocr_par' dir='ltr' id='par_1_68' title="bbox 372 3810 1947 3898">
     <span class='ocr_line' id='line_1_68' title="bbox 372 3810 1947 3898; baseline 0.01 -35"><span class='ocrx_word' id='word_1_483' title='bbox 372 3810 732 3883; x_wconf 82' lang='grc' dir='ltr'>’Δρκέσθητε,</span> <span class='ocrx_word' id='word_1_484' title='bbox 768 3817 925 3886; x_wconf 69' lang='grc' dir='ltr'>φησὶ,</span> <span class='ocrx_word' id='word_1_485' title='bbox 958 3820 1023 3888; x_wconf 81' lang='grc' dir='ltr'><strong>τῇ</strong></span> <span class='ocrx_word' id='word_1_486' title='bbox 1051 3818 1145 3870; x_wconf 89' lang='grc' dir='ltr'><strong>τοῦ</strong></span> <span class='ocrx_word' id='word_1_487' title='bbox 1180 3819 1319 3873; x_wconf 80' lang='grc' dir='ltr'>Θεοῦ</span> <span class='ocrx_word' id='word_1_488' title='bbox 1356 3824 1724 3894; x_wconf 71' lang='grc' dir='ltr'>προσηγορίᾳ,</span> <span class='ocrx_word' id='word_1_489' title='bbox 1754 3827 1947 3898; x_wconf 75' lang='grc' dir='ltr'>καὶμὴ</span> 
     </span>
    </p>
   </div>
   <div class='ocr_carea' id='block_1_69' title="bbox 359 3903 1375 3979">
    <p class='ocr_par' dir='ltr' id='par_1_69' title="bbox 359 3903 1375 3979">
     <span class='ocr_line' id='line_1_69' title="bbox 359 3903 1375 3979; baseline 0.012 -25"><span class='ocrx_word' id='word_1_490' title='bbox 359 3903 640 3974; x_wconf 80' lang='grc' dir='ltr'>ζητήσητε</span> <span class='ocrx_word' id='word_1_491' title='bbox 678 3907 825 3970; x_wconf 88' lang='grc' dir='ltr'>ίδεῖν,</span> <span class='ocrx_word' id='word_1_492' title='bbox 853 3907 889 3961; x_wconf 76' lang='grc' dir='ltr'><strong>ἃ</strong></span> <span class='ocrx_word' id='word_1_493' title='bbox 920 3910 993 3979; x_wconf 77' lang='grc' dir='ltr'>μὴ</span> <span class='ocrx_word' id='word_1_494' title='bbox 1029 3909 1187 3979; x_wconf 82' lang='grc' dir='ltr'>θέμις</span> <span class='ocrx_word' id='word_1_495' title='bbox 1228 3912 1375 3966; x_wconf 85' lang='grc' dir='ltr'>ἰδεῖν.</span> 
     </span>
    </p>
   </div>
   <div class='ocr_carea' id='block_1_70' title="bbox 434 3996 1947 4075">
    <p class='ocr_par' dir='ltr' id='par_1_70' title="bbox 434 3996 1947 4075">
     <span class='ocr_line' id='line_1_70' title="bbox 434 3996 1947 4075; baseline 0.011 -26"><span class='ocrx_word' id='word_1_496' title='bbox 434 3996 502 4067; x_wconf 85' lang='grc' dir='ltr'><strong>β’.</strong></span> <span class='ocrx_word' id='word_1_497' title='bbox 538 4017 558 4049; x_wconf 83' lang='grc' dir='ltr'><strong>ι</strong></span> <span class='ocrx_word' id='word_1_498' title='bbox 594 3998 657 4051; x_wconf 87' lang='grc' dir='ltr'><strong>Οἱ</strong></span> <span class='ocrx_word' id='word_1_499' title='bbox 686 4000 921 4064; x_wconf 78' lang='grc' dir='ltr'>ἑστῶτες</span> <span class='ocrx_word' id='word_1_500' title='bbox 950 4003 1007 4055; x_wconf 82' lang='grc' dir='ltr'>ὲν</span> <span class='ocrx_word' id='word_1_501' title='bbox 1034 4004 1172 4075; x_wconf 87' lang='grc' dir='ltr'>οῖκῳ</span> <span class='ocrx_word' id='word_1_502' title='bbox 1201 4004 1428 4075; x_wconf 84' lang='grc' dir='ltr'>Κυρίου,</span> <span class='ocrx_word' id='word_1_503' title='bbox 1466 4008 1524 4059; x_wconf 86' lang='grc' dir='ltr'>ὲν</span> <span class='ocrx_word' id='word_1_504' title='bbox 1557 4007 1750 4074; x_wconf 85' lang='grc' dir='ltr'>αὐλαῖς</span> <span class='ocrx_word' id='word_1_505' title='bbox 1796 4012 1947 4066; x_wconf 84' lang='grc' dir='ltr'>οίκου</span> 
     </span>
    </p>
   </div>
   <div class='ocr_carea' id='block_1_71' title="bbox 356 4088 1949 4171">
    <p class='ocr_par' dir='ltr' id='par_1_71' title="bbox 356 4088 1949 4171">
     <span class='ocr_line' id='line_1_71' title="bbox 356 4088 1949 4171; baseline 0.011 -30"><span class='ocrx_word' id='word_1_506' title='bbox 356 4088 498 4142; x_wconf 79' lang='grc' dir='ltr'>Θεοῦ</span> <span class='ocrx_word' id='word_1_507' title='bbox 529 4091 709 4161; x_wconf 78' lang='grc' dir='ltr'>ἡμῶν.</span> <span class='ocrx_word' id='word_1_508' title='bbox 756 4113 775 4145; x_wconf 77' lang='grc' dir='ltr'><strong>ι</strong></span> <span class='ocrx_word' id='word_1_509' title='bbox 813 4093 1175 4149; x_wconf 79' lang='grc' dir='ltr'>Βαϐυλωνίων</span> <span class='ocrx_word' id='word_1_510' title='bbox 1201 4099 1269 4160; x_wconf 78' lang='grc'>⁸⁸,</span> <span class='ocrx_word' id='word_1_511' title='bbox 1316 4102 1505 4169; x_wconf 76' lang='grc' dir='ltr'>φησὶν,</span> <span class='ocrx_word' id='word_1_512' title='bbox 1536 4102 1949 4171; x_wconf 84' lang='grc' dir='ltr'>ἀπαλλαγέντες</span> 
     </span>
    </p>
   </div>
   <div class='ocr_carea' id='block_1_72' title="bbox 354 4180 1944 4261">
    <p class='ocr_par' dir='ltr' id='par_1_72' title="bbox 354 4180 1944 4261">
     <span class='ocr_line' id='line_1_72' title="bbox 354 4180 1944 4261; baseline 0.009 -26"><span class='ocrx_word' id='word_1_513' title='bbox 354 4180 630 4248; x_wconf 81' lang='grc' dir='ltr'>δουλείας,</span> <span class='ocrx_word' id='word_1_514' title='bbox 666 4186 761 4237; x_wconf 75' lang='grc' dir='ltr'><strong>καὶ</strong></span> <span class='ocrx_word' id='word_1_515' title='bbox 821 4184 924 4255; x_wconf 84' lang='grc' dir='ltr'>τῆς</span> <span class='ocrx_word' id='word_1_516' title='bbox 975 4185 1085 4240; x_wconf 89' lang='grc' dir='ltr'><strong>τῶν</strong></span> <span class='ocrx_word' id='word_1_517' title='bbox 1135 4187 1295 4242; x_wconf 85' lang='grc' dir='ltr'>θείων</span> <span class='ocrx_word' id='word_1_518' title='bbox 1345 4190 1526 4244; x_wconf 84' lang='grc' dir='ltr'>αὐλῶν</span> <span class='ocrx_word' id='word_1_519' title='bbox 1574 4193 1944 4261; x_wconf 80' lang='grc' dir='ltr'>ἀπολαύοντες</span> 
     </span>
    </p>
   </div>
   <div class='ocr_carea' id='block_1_73' title="bbox 357 4271 1948 4354">
    <p class='ocr_par' dir='ltr' id='par_1_73' title="bbox 357 4271 1948 4354">
     <span class='ocr_line' id='line_1_73' title="bbox 357 4271 1948 4354; baseline 0.013 -31"><span class='ocrx_word' id='word_1_520' title='bbox 357 4271 719 4342; x_wconf 79' lang='grc' dir='ltr'>εὐπρεπείας,</span> <span class='ocrx_word' id='word_1_521' title='bbox 747 4276 840 4329; x_wconf 85' lang='grc' dir='ltr'><strong>τὸν</strong></span> <span class='ocrx_word' id='word_1_522' title='bbox 883 4275 1093 4331; x_wconf 89' lang='grc' dir='ltr'>τούτων</span> <span class='ocrx_word' id='word_1_523' title='bbox 1135 4281 1371 4351; x_wconf 74' lang='grc' dir='ltr'>χορηγὸν</span> <span class='ocrx_word' id='word_1_524' title='bbox 1408 4283 1517 4337; x_wconf 88' lang='grc' dir='ltr'><strong>τῶν</strong></span> <span class='ocrx_word' id='word_1_525' title='bbox 1570 4285 1794 4354; x_wconf 85' lang='grc' dir='ltr'>ἀγαθῶν</span> <span class='ocrx_word' id='word_1_526' title='bbox 1850 4290 1948 4343; x_wconf 87' lang='grc' dir='ltr'><strong>ἀν-</strong></span> 
     </span>
    </p>
   </div>
   <div class='ocr_carea' id='block_1_74' title="bbox 359 4363 664 4432">
    <p class='ocr_par' dir='ltr' id='par_1_74' title="bbox 359 4363 664 4432">
     <span class='ocr_line' id='line_1_74' title="bbox 359 4363 664 4432; baseline 0.007 -19"><span class='ocrx_word' id='word_1_527' title='bbox 359 4363 507 4432; x_wconf 76' lang='grc' dir='ltr'>υμνή</span> <span class='ocrx_word' id='word_1_528' title='bbox 516 4377 664 4415; x_wconf 89' lang='grc' dir='ltr'>σατε.</span> 
     </span>
    </p>
   </div>
   <div class='ocr_carea' id='block_1_75' title="bbox 430 4453 1943 4543">
    <p class='ocr_par' dir='ltr' id='par_1_75' title="bbox 430 4453 1943 4543">
     <span class='ocr_line' id='line_1_75' title="bbox 430 4453 1943 4543; baseline 0.015 -38"><span class='ocrx_word' id='word_1_529' title='bbox 430 4456 501 4520; x_wconf 87' lang='grc' dir='ltr'><strong>γ’.</strong></span> <span class='ocrx_word' id='word_1_530' title='bbox 538 4469 560 4504; x_wconf 79' lang='grc' dir='ltr'><strong>ι</strong></span> <span class='ocrx_word' id='word_1_531' title='bbox 587 4453 798 4508; x_wconf 75' lang='grc' dir='ltr'>Αἰνεῖτε</span> <span class='ocrx_word' id='word_1_532' title='bbox 827 4455 918 4511; x_wconf 85' lang='grc' dir='ltr'><strong>τὸν</strong></span> <span class='ocrx_word' id='word_1_533' title='bbox 957 4457 1182 4531; x_wconf 85' lang='grc' dir='ltr'>Κύριον,</span> <span class='ocrx_word' id='word_1_534' title='bbox 1239 4462 1324 4517; x_wconf 82' lang='grc' dir='ltr'>ὅτι</span> <span class='ocrx_word' id='word_1_535' title='bbox 1381 4466 1587 4535; x_wconf 80' lang='grc' dir='ltr'>ἀγαθὸς</span> <span class='ocrx_word' id='word_1_536' title='bbox 1651 4470 1881 4543; x_wconf 82' lang='grc' dir='ltr'>Κύριος.</span> <span class='ocrx_word' id='word_1_537' title='bbox 1924 4494 1943 4527; x_wconf 74' lang='grc' dir='ltr'><strong>ι</strong></span> 
     </span>
    </p>
   </div>
   <div class='ocr_carea' id='block_1_76' title="bbox 2057 3368 3645 3437">
    <p class='ocr_par' dir='ltr' id='par_1_76' title="bbox 2057 3368 3645 3437">
     <span class='ocr_line' id='line_1_76' title="bbox 2057 3368 3645 3437; baseline -0.004 -8"><span class='ocrx_word' id='word_1_538' title='bbox 2057 3375 2301 3437; x_wconf 81' lang='lat' dir='ltr'><strong>luerunt,</strong></span> <span class='ocrx_word' id='word_1_539' title='bbox 2346 3373 2455 3427; x_wconf 88' lang='lat' dir='ltr'><strong>Deo</strong></span> <span class='ocrx_word' id='word_1_540' title='bbox 2495 3373 2698 3427; x_wconf 86' lang='lat' dir='ltr'><strong>oblata.</strong></span> <span class='ocrx_word' id='word_1_541' title='bbox 2729 3370 3000 3425; x_wconf 75' lang='lat' dir='ltr'><strong>Caeterum</strong></span> <span class='ocrx_word' id='word_1_542' title='bbox 3041 3369 3277 3423; x_wconf 80' lang='lat' dir='ltr'><strong>Alleluia</strong></span> <span class='ocrx_word' id='word_1_543' title='bbox 3312 3368 3425 3437; x_wconf 83' lang='lat' dir='ltr'><strong>jam</strong></span> <span class='ocrx_word' id='word_1_544' title='bbox 3477 3368 3645 3423; x_wconf 79' lang='lat' dir='ltr'><strong>inter-</strong></span> 
     </span>
    </p>
   </div>
   <div class='ocr_carea' id='block_1_77' title="bbox 2054 3460 3643 3534">
    <p class='ocr_par' dir='ltr' id='par_1_77' title="bbox 2054 3460 3643 3534">
     <span class='ocr_line' id='line_1_77' title="bbox 2054 3460 3643 3534; baseline -0.001 -16"><span class='ocrx_word' id='word_1_545' title='bbox 2054 3465 2250 3534; x_wconf 75' lang='lat' dir='ltr'><strong>pretati</strong></span> <span class='ocrx_word' id='word_1_546' title='bbox 2287 3479 2502 3519; x_wconf 88' lang='lat' dir='ltr'><strong>sumus.</strong></span> <span class='ocrx_word' id='word_1_547' title='bbox 2546 3482 2564 3514; x_wconf 80' lang='grc' dir='ltr'><strong>ι</strong></span> <span class='ocrx_word' id='word_1_548' title='bbox 2597 3462 2839 3517; x_wconf 81' lang='lat' dir='ltr'><strong>Laudate</strong></span> <span class='ocrx_word' id='word_1_549' title='bbox 2882 3477 3080 3516; x_wconf 79' lang='lat' dir='ltr'><strong>noinen</strong></span> <span class='ocrx_word' id='word_1_550' title='bbox 3127 3460 3364 3527; x_wconf 88' lang='lat' dir='ltr'><strong>Domini,</strong></span> <span class='ocrx_word' id='word_1_551' title='bbox 3407 3460 3643 3528; x_wconf 87' lang='lat' dir='ltr'><strong>laudate,</strong></span> 
     </span>
    </p>
   </div>
   <div class='ocr_carea' id='block_1_78' title="bbox 2064 3555 3645 3624">
    <p class='ocr_par' dir='ltr' id='par_1_78' title="bbox 2064 3555 3645 3624">
     <span class='ocr_line' id='line_1_78' title="bbox 2064 3555 3645 3624; baseline -0.004 -10"><span class='ocrx_word' id='word_1_552' title='bbox 2064 3559 2233 3624; x_wconf 86' lang='lat' dir='ltr'><strong>servi,</strong></span> <span class='ocrx_word' id='word_1_553' title='bbox 2272 3558 2585 3613; x_wconf 87' lang='lat' dir='ltr'><strong>Dominum.</strong></span> <span class='ocrx_word' id='word_1_554' title='bbox 2622 3576 2642 3609; x_wconf 71' lang='grc' dir='ltr'><strong>ι</strong></span> <span class='ocrx_word' id='word_1_555' title='bbox 2697 3555 2970 3622; x_wconf 86' lang='lat' dir='ltr'><strong>Quoniam</strong></span> <span class='ocrx_word' id='word_1_556' title='bbox 3014 3557 3197 3611; x_wconf 85' lang='lat' dir='ltr'><strong>divina</strong></span> <span class='ocrx_word' id='word_1_557' title='bbox 3237 3565 3428 3610; x_wconf 87' lang='lat' dir='ltr'><strong>natura</strong></span> <span class='ocrx_word' id='word_1_558' title='bbox 3469 3556 3645 3610; x_wconf 83' lang='lat' dir='ltr'><strong>haud-</strong></span> 
     </span>
    </p>
   </div>
   <div class='ocr_carea' id='block_1_79' title="bbox 2054 3648 3638 3720">
    <p class='ocr_par' dir='ltr' id='par_1_79' title="bbox 2054 3648 3638 3720">
     <span class='ocr_line' id='line_1_79' title="bbox 2054 3648 3638 3720; baseline 0 -17"><span class='ocrx_word' id='word_1_559' title='bbox 2054 3667 2333 3720; x_wconf 83' lang='lat' dir='ltr'><strong>quaquam</strong></span> <span class='ocrx_word' id='word_1_560' title='bbox 2375 3653 2525 3705; x_wconf 83' lang='lat' dir='ltr'><strong>cerni</strong></span> <span class='ocrx_word' id='word_1_561' title='bbox 2571 3658 2770 3718; x_wconf 87' lang='lat' dir='ltr'><strong>potest,</strong></span> <span class='ocrx_word' id='word_1_562' title='bbox 2815 3649 2956 3703; x_wconf 90' lang='lat' dir='ltr'><strong>hanc</strong></span> <span class='ocrx_word' id='word_1_563' title='bbox 2995 3658 3176 3702; x_wconf 88' lang='lat' dir='ltr'><strong>autem</strong></span> <span class='ocrx_word' id='word_1_564' title='bbox 3221 3648 3431 3702; x_wconf 86' lang='lat' dir='ltr'><strong>laudari</strong></span> <span class='ocrx_word' id='word_1_565' title='bbox 3464 3648 3638 3717; x_wconf 82' lang='lat' dir='ltr'><strong>jubet,</strong></span> 
     </span>
    </p>
   </div>
   <div class='ocr_carea' id='block_1_80' title="bbox 2048 3726 3653 3811">
    <p class='ocr_par' dir='ltr' id='par_1_80' title="bbox 2048 3726 3653 3811">
     <span class='ocr_line' id='line_1_80' title="bbox 2048 3726 3653 3811; baseline -0.001 -17"><span class='ocrx_word' id='word_1_566' title='bbox 2048 3742 2173 3811; x_wconf 89' lang='lat' dir='ltr'><strong>jure</strong></span> <span class='ocrx_word' id='word_1_567' title='bbox 2210 3741 2349 3794; x_wconf 80' lang='lat' dir='ltr'><strong>dixit</strong></span> <span class='ocrx_word' id='word_1_568' title='bbox 2392 3758 2405 3795; x_wconf 92' lang='lat'>:</span> <span class='ocrx_word' id='word_1_569' title='bbox 2461 3758 2480 3791; x_wconf 78' lang='grc' dir='ltr'><strong>ι</strong></span> <span class='ocrx_word' id='word_1_570' title='bbox 2512 3738 2753 3794; x_wconf 81' lang='lat' dir='ltr'><strong>Laudate</strong></span> <span class='ocrx_word' id='word_1_571' title='bbox 2801 3756 3000 3793; x_wconf 91' lang='lat' dir='ltr'><strong>nomen</strong></span> <span class='ocrx_word' id='word_1_572' title='bbox 3048 3740 3283 3793; x_wconf 88' lang='lat' dir='ltr'><strong>Domini.</strong></span> <span class='ocrx_word' id='word_1_573' title='bbox 3318 3758 3336 3789; x_wconf 73' lang='grc' dir='ltr'><strong>ι</strong></span> <span class='ocrx_word' id='word_1_574' title='bbox 3385 3726 3653 3793; x_wconf 65' lang='grc' dir='ltr'>(ὶοιιιεηιῖ</span> 
     </span>
    </p>
   </div>
   <div class='ocr_carea' id='block_1_81' title="bbox 2052 3830 3639 3900">
    <p class='ocr_par' dir='ltr' id='par_1_81' title="bbox 2052 3830 3639 3900">
     <span class='ocr_line' id='line_1_81' title="bbox 2052 3830 3639 3900; baseline -0.001 -14"><span class='ocrx_word' id='word_1_575' title='bbox 2052 3840 2245 3895; x_wconf 90' lang='lat' dir='ltr'><strong>estote,</strong></span> <span class='ocrx_word' id='word_1_576' title='bbox 2291 3831 2508 3900; x_wconf 89' lang='lat' dir='ltr'><strong>inquit,</strong></span> <span class='ocrx_word' id='word_1_577' title='bbox 2556 3831 2649 3884; x_wconf 87' lang='lat' dir='ltr'><strong>Dei</strong></span> <span class='ocrx_word' id='word_1_578' title='bbox 2699 3832 3100 3900; x_wconf 84' lang='lat' dir='ltr'><strong>appellatione,</strong></span> <span class='ocrx_word' id='word_1_579' title='bbox 3165 3838 3219 3883; x_wconf 91' lang='lat' dir='ltr'><strong>et</strong></span> <span class='ocrx_word' id='word_1_580' title='bbox 3262 3845 3332 3884; x_wconf 91' lang='lat' dir='ltr'><strong>ne</strong></span> <span class='ocrx_word' id='word_1_581' title='bbox 3377 3830 3639 3899; x_wconf 81' lang='lat' dir='ltr'><strong>quaeratis</strong></span> 
     </span>
    </p>
   </div>
   <div class='ocr_carea' id='block_1_82' title="bbox 2052 3921 3013 3993">
    <p class='ocr_par' dir='ltr' id='par_1_82' title="bbox 2052 3921 3013 3993">
     <span class='ocr_line' id='line_1_82' title="bbox 2052 3921 3013 3993; baseline -0.003 -14"><span class='ocrx_word' id='word_1_582' title='bbox 2052 3939 2299 3991; x_wconf 88' lang='lat' dir='ltr'><strong>cernere,</strong></span> <span class='ocrx_word' id='word_1_583' title='bbox 2329 3939 2450 3993; x_wconf 73' lang='lat' dir='ltr'><strong>quae</strong></span> <span class='ocrx_word' id='word_1_584' title='bbox 2482 3921 2634 3978; x_wconf 79' lang='lat' dir='ltr'><strong>nefas</strong></span> <span class='ocrx_word' id='word_1_585' title='bbox 2660 3935 2745 3977; x_wconf 87' lang='lat' dir='ltr'><strong>est</strong></span> <span class='ocrx_word' id='word_1_586' title='bbox 2768 3938 3013 3977; x_wconf 83' lang='lat' dir='ltr'><strong>cernere.</strong></span> 
     </span>
    </p>
   </div>
   <div class='ocr_carea' id='block_1_83' title="bbox 2122 4013 3639 4081">
    <p class='ocr_par' dir='ltr' id='par_1_83' title="bbox 2122 4013 3639 4081">
     <span class='ocr_line' id='line_1_83' title="bbox 2122 4013 3639 4081; baseline 0 -12"><span class='ocrx_word' id='word_1_587' title='bbox 2122 4014 2289 4070; x_wconf 75' lang='lat' dir='ltr'><strong>Vens.</strong></span> <span class='ocrx_word' id='word_1_588' title='bbox 2331 4015 2387 4069; x_wconf 76' lang='lat'><strong>2.</strong></span> <span class='ocrx_word' id='word_1_589' title='bbox 2432 4033 2451 4066; x_wconf 78' lang='grc' dir='ltr'><strong>ι</strong></span> <span class='ocrx_word' id='word_1_590' title='bbox 2486 4013 2589 4081; x_wconf 85' lang='lat' dir='ltr'><strong>Qui</strong></span> <span class='ocrx_word' id='word_1_591' title='bbox 2625 4016 2785 4069; x_wconf 81' lang='lat' dir='ltr'><strong>statis</strong></span> <span class='ocrx_word' id='word_1_592' title='bbox 2827 4015 2882 4068; x_wconf 90' lang='lat' dir='ltr'><strong>in</strong></span> <span class='ocrx_word' id='word_1_593' title='bbox 2917 4015 3084 4069; x_wconf 89' lang='lat' dir='ltr'><strong>domo</strong></span> <span class='ocrx_word' id='word_1_594' title='bbox 3122 4013 3363 4081; x_wconf 91' lang='lat' dir='ltr'><strong>Domini,</strong></span> <span class='ocrx_word' id='word_1_595' title='bbox 3398 4013 3453 4068; x_wconf 93' lang='lat' dir='ltr'><strong>in</strong></span> <span class='ocrx_word' id='word_1_596' title='bbox 3482 4015 3639 4070; x_wconf 89' lang='lat' dir='ltr'><strong>atriis</strong></span> 
     </span>
    </p>
   </div>
   <div class='ocr_carea' id='block_1_84' title="bbox 2051 4105 3635 4177">
    <p class='ocr_par' dir='ltr' id='par_1_84' title="bbox 2051 4105 3635 4177">
     <span class='ocr_line' id='line_1_84' title="bbox 2051 4105 3635 4177; baseline -0.002 -14"><span class='ocrx_word' id='word_1_597' title='bbox 2051 4109 2250 4163; x_wconf 84' lang='lat' dir='ltr'><strong>domus</strong></span> <span class='ocrx_word' id='word_1_598' title='bbox 2300 4107 2395 4161; x_wconf 86' lang='lat' dir='ltr'><strong>Dei</strong></span> <span class='ocrx_word' id='word_1_599' title='bbox 2441 4108 2639 4163; x_wconf 89' lang='lat' dir='ltr'><strong>nostri.</strong></span> <span class='ocrx_word' id='word_1_600' title='bbox 2681 4127 2700 4159; x_wconf 84' lang='grc'>›</span> <span class='ocrx_word' id='word_1_601' title='bbox 2762 4108 2803 4161; x_wconf 78' lang='grc' dir='ltr'>Α</span> <span class='ocrx_word' id='word_1_602' title='bbox 2861 4109 3129 4162; x_wconf 86' lang='lat' dir='ltr'><strong>servitute</strong></span> <span class='ocrx_word' id='word_1_603' title='bbox 3186 4105 3635 4177; x_wconf 70' lang='lat' dir='ltr'><strong>Babylmiiorum,</strong></span> 
     </span>
    </p>
   </div>
   <div class='ocr_carea' id='block_1_85' title="bbox 2053 4196 3639 4269">
    <p class='ocr_par' dir='ltr' id='par_1_85' title="bbox 2053 4196 3639 4269">
     <span class='ocr_line' id='line_1_85' title="bbox 2053 4196 3639 4269; baseline -0.001 -17"><span class='ocrx_word' id='word_1_604' title='bbox 2053 4198 2254 4269; x_wconf 90' lang='lat' dir='ltr'><strong>inquit,</strong></span> <span class='ocrx_word' id='word_1_605' title='bbox 2300 4198 2541 4265; x_wconf 87' lang='lat' dir='ltr'><strong>liberati,</strong></span> <span class='ocrx_word' id='word_1_606' title='bbox 2596 4207 2649 4252; x_wconf 93' lang='lat' dir='ltr'><strong>et</strong></span> <span class='ocrx_word' id='word_1_607' title='bbox 2691 4197 3009 4251; x_wconf 89' lang='lat' dir='ltr'><strong>divinorum</strong></span> <span class='ocrx_word' id='word_1_608' title='bbox 3070 4196 3335 4250; x_wconf 87' lang='lat' dir='ltr'><strong>atriorum</strong></span> <span class='ocrx_word' id='word_1_609' title='bbox 3387 4197 3639 4267; x_wconf 77' lang='lat' dir='ltr'><strong>magniﬁ-</strong></span> 
     </span>
    </p>
   </div>
   <div class='ocr_carea' id='block_1_86' title="bbox 2053 4287 3639 4355">
    <p class='ocr_par' dir='ltr' id='par_1_86' title="bbox 2053 4287 3639 4355">
     <span class='ocr_line' id='line_1_86' title="bbox 2053 4287 3639 4355; baseline -0.003 -9"><span class='ocrx_word' id='word_1_610' title='bbox 2053 4292 2231 4347; x_wconf 89' lang='lat' dir='ltr'><strong>centia</strong></span> <span class='ocrx_word' id='word_1_611' title='bbox 2273 4289 2537 4355; x_wconf 87' lang='lat' dir='ltr'><strong>fruentes,</strong></span> <span class='ocrx_word' id='word_1_612' title='bbox 2586 4290 2781 4344; x_wconf 86' lang='lat' dir='ltr'><strong>horum</strong></span> <span class='ocrx_word' id='word_1_613' title='bbox 2836 4289 3111 4343; x_wconf 86' lang='lat' dir='ltr'><strong>honorum</strong></span> <span class='ocrx_word' id='word_1_614' title='bbox 3155 4287 3470 4355; x_wconf 74' lang='lat' dir='ltr'><strong>largitorem</strong></span> <span class='ocrx_word' id='word_1_615' title='bbox 3521 4288 3639 4343; x_wconf 87' lang='lat' dir='ltr'><strong>lau-</strong></span> 
     </span>
    </p>
   </div>
   <div class='ocr_carea' id='block_1_87' title="bbox 2053 4385 3641 4540">
    <p class='ocr_par' dir='ltr' id='par_1_87' title="bbox 2053 4385 3641 4540">
     <span class='ocr_line' id='line_1_87' title="bbox 2053 4385 3641 4540; baseline -0.006 -9"><span class='ocrx_word' id='word_1_616' title='bbox 2053 4385 2295 4531; x_wconf 40' lang='lat' dir='ltr'><strong>dassns.</strong></span> <span class='ocrx_word' id='word_1_617' title='bbox 2334 4475 2388 4529; x_wconf 83' lang='lat'><strong>&#39;5.</strong></span> <span class='ocrx_word' id='word_1_618' title='bbox 2436 4492 2454 4525; x_wconf 83' lang='grc' dir='ltr'><strong>ι</strong></span> <span class='ocrx_word' id='word_1_619' title='bbox 2495 4471 2741 4527; x_wconf 89' lang='lat' dir='ltr'><strong>Laudate</strong></span> <span class='ocrx_word' id='word_1_620' title='bbox 2776 4471 3104 4537; x_wconf 87' lang='lat' dir='ltr'><strong>Dominum,</strong></span> <span class='ocrx_word' id='word_1_621' title='bbox 3148 4470 3278 4540; x_wconf 89' lang='lat' dir='ltr'><strong>quia</strong></span> <span class='ocrx_word' id='word_1_622' title='bbox 3319 4469 3498 4525; x_wconf 85' lang='lat' dir='ltr'><strong>bonus</strong></span> <span class='ocrx_word' id='word_1_623' title='bbox 3534 4468 3641 4523; x_wconf 88' lang='lat' dir='ltr'><strong>Do-</strong></span> 
     </span>
    </p>
   </div>
   <div class='ocr_carea' id='block_1_88' title="bbox 371 4543 1952 4658">
    <p class='ocr_par' dir='ltr' id='par_1_88' title="bbox 371 4543 1946 4658">
     <span class='ocr_line' id='line_1_88' title="bbox 371 4543 1946 4658; baseline 0.017 -63"><span class='ocrx_word' id='word_1_624' title='bbox 371 4543 661 4658; x_wconf 41' lang='lat' dir='ltr'><strong>’figoolppil}:</strong></span> <span class='ocrx_word' id='word_1_625' title='bbox 688 4548 787 4619; x_wconf 85' lang='grc' dir='ltr'>τῆς</span> <span class='ocrx_word' id='word_1_626' title='bbox 816 4549 1094 4658; x_wconf 55' lang='grc' dir='ltr'>ὑμἝδίας</span> <span class='ocrx_word' id='word_1_627' title='bbox 1122 4555 1387 4626; x_wconf 84' lang='grc' dir='ltr'>ποιήσατε</span> <span class='ocrx_word' id='word_1_628' title='bbox 1449 4560 1544 4614; x_wconf 88' lang='grc' dir='ltr'><strong>τοῦ</strong></span> <span class='ocrx_word' id='word_1_629' title='bbox 1603 4562 1946 4637; x_wconf 85' lang='grc' dir='ltr'>ὑμνουμένου</span> 
     </span>
    </p>
   </div>
   <div class='ocr_carea' id='block_1_89' title="bbox 2056 4543 3641 4658">
    <p class='ocr_par' dir='ltr' id='par_1_89' title="bbox 2056 4564 3641 4638">
     <span class='ocr_line' id='line_1_89' title="bbox 2056 4564 3641 4638; baseline -0.006 -12"><span class='ocrx_word' id='word_1_630' title='bbox 2056 4574 2259 4626; x_wconf 92' lang='lat' dir='ltr'><strong>minus.</strong></span> <span class='ocrx_word' id='word_1_631' title='bbox 2295 4589 2313 4621; x_wconf 78' lang='grc' dir='ltr'><strong>ι</strong></span> <span class='ocrx_word' id='word_1_632' title='bbox 2346 4566 2558 4638; x_wconf 79' lang='lat'><strong>1515</strong></span> <span class='ocrx_word' id='word_1_633' title='bbox 2582 4569 2661 4621; x_wconf 86' lang='lat' dir='ltr'><strong>Ad</strong></span> <span class='ocrx_word' id='word_1_634' title='bbox 2693 4568 3022 4635; x_wconf 83' lang='lat' dir='ltr'><strong>hymnorum</strong></span> <span class='ocrx_word' id='word_1_635' title='bbox 3065 4574 3453 4635; x_wconf 81' lang='lat' dir='ltr'><strong>argumentum</strong></span> <span class='ocrx_word' id='word_1_636' title='bbox 3484 4564 3641 4618; x_wconf 86' lang='lat' dir='ltr'><strong>boni-</strong></span> 
     </span>
    </p>
   </div>
   <div class='ocr_carea' id='block_1_90' title="bbox 355 4635 1948 4722">
    <p class='ocr_par' dir='ltr' id='par_1_90' title="bbox 355 4635 1948 4722">
     <span class='ocr_line' id='line_1_90' title="bbox 355 4635 1948 4722; baseline 0.018 -34"><span class='ocrx_word' id='word_1_637' title='bbox 355 4635 461 4704; x_wconf 83' lang='grc' dir='ltr'><strong>τὴν</strong></span> <span class='ocrx_word' id='word_1_638' title='bbox 489 4637 821 4711; x_wconf 80' lang='grc' dir='ltr'>ἀγαθότητα.</span> <span class='ocrx_word' id='word_1_639' title='bbox 865 4660 884 4694; x_wconf 80' lang='grc' dir='ltr'><strong>ι</strong></span> <span class='ocrx_word' id='word_1_640' title='bbox 916 4643 1140 4698; x_wconf 80' lang='grc' dir='ltr'>Ψάλατε</span> <span class='ocrx_word' id='word_1_641' title='bbox 1167 4646 1246 4716; x_wconf 85' lang='grc' dir='ltr'>τῷ</span> <span class='ocrx_word' id='word_1_642' title='bbox 1270 4649 1498 4720; x_wconf 82' lang='grc' dir='ltr'>ὀνόματι</span> <span class='ocrx_word' id='word_1_643' title='bbox 1520 4655 1706 4722; x_wconf 81' lang='grc' dir='ltr'>αὑτοῦ,</span> <span class='ocrx_word' id='word_1_644' title='bbox 1734 4635 1816 4714; x_wconf 82' lang='grc' dir='ltr'>ὃτι</span> <span class='ocrx_word' id='word_1_645' title='bbox 1845 4678 1948 4716; x_wconf 85' lang='grc' dir='ltr'>κα-</span> 
     </span>
    </p>
   </div>
   <div class='ocr_carea' id='block_1_91' title="bbox 357 4723 1946 4823">
    <p class='ocr_par' dir='ltr' id='par_1_91' title="bbox 357 4723 1946 4823">
     <span class='ocr_line' id='line_1_91' title="bbox 357 4723 1946 4823; baseline 0.019 -46"><span class='ocrx_word' id='word_1_646' title='bbox 357 4723 491 4823; x_wconf 64' lang='grc' dir='ltr'>λονὶ</span> <span class='ocrx_word' id='word_1_647' title='bbox 517 4745 536 4779; x_wconf 69' lang='grc' dir='ltr'><strong>ι</strong></span> <span class='ocrx_word' id='word_1_648' title='bbox 571 4727 712 4823; x_wconf 67' lang='grc' dir='ltr'>Πολὺ</span> <span class='ocrx_word' id='word_1_649' title='bbox 757 4730 816 4783; x_wconf 81' lang='grc' dir='ltr'>δὲ</span> <span class='ocrx_word' id='word_1_650' title='bbox 866 4734 963 4786; x_wconf 77' lang='grc' dir='ltr'>καὶ</span> <span class='ocrx_word' id='word_1_651' title='bbox 1015 4734 1267 4789; x_wconf 76' lang='grc' dir='ltr'>ἐντεῦθεν</span> <span class='ocrx_word' id='word_1_652' title='bbox 1317 4746 1752 4814; x_wconf 85' lang='grc' dir='ltr'>προσγινόμενον</span> <span class='ocrx_word' id='word_1_653' title='bbox 1813 4752 1946 4823; x_wconf 85' lang='grc' dir='ltr'>ὑμῖν</span> 
     </span>
    </p>
   </div>
   <div class='ocr_carea' id='block_1_92' title="bbox 357 4816 1950 4913">
    <p class='ocr_par' dir='ltr' id='par_1_92' title="bbox 357 4816 1950 4913">
     <span class='ocr_line' id='line_1_92' title="bbox 357 4816 1950 4913; baseline 0.016 -43"><span class='ocrx_word' id='word_1_654' title='bbox 357 4816 576 4913; x_wconf 81' lang='grc' dir='ltr'>κέρδος.</span> <span class='ocrx_word' id='word_1_655' title='bbox 612 4816 746 4875; x_wconf 83' lang='grc' dir='ltr'>Εἶτα</span> <span class='ocrx_word' id='word_1_656' title='bbox 775 4822 885 4878; x_wconf 90' lang='grc' dir='ltr'><strong>τῶν</strong></span> <span class='ocrx_word' id='word_1_657' title='bbox 915 4825 996 4889; x_wconf 84' lang='grc' dir='ltr'><strong>είς</strong></span> <span class='ocrx_word' id='word_1_658' title='bbox 1026 4826 1224 4893; x_wconf 81' lang='grc' dir='ltr'>αὐτοὺς</span> <span class='ocrx_word' id='word_1_659' title='bbox 1269 4833 1660 4902; x_wconf 82' lang='grc' dir='ltr'>γεγενημένων</span> <span class='ocrx_word' id='word_1_660' title='bbox 1720 4816 1950 4913; x_wconf 79' lang='grc' dir='ltr'>εὐεργε-</span> 
     </span>
    </p>
   </div>
   <div class='ocr_carea' id='block_1_93' title="bbox 359 4911 1177 4991">
    <p class='ocr_par' dir='ltr' id='par_1_93' title="bbox 359 4911 1177 4991">
     <span class='ocr_line' id='line_1_93' title="bbox 359 4911 1177 4991; baseline 0.013 -28"><span class='ocrx_word' id='word_1_661' title='bbox 359 4911 497 4965; x_wconf 84' lang='grc' dir='ltr'>σιῶν</span> <span class='ocrx_word' id='word_1_662' title='bbox 526 4917 761 4968; x_wconf 89' lang='grc' dir='ltr'>ποιεῖται</span> <span class='ocrx_word' id='word_1_663' title='bbox 794 4917 892 4988; x_wconf 80' lang='grc' dir='ltr'><strong>τὴν</strong></span> <span class='ocrx_word' id='word_1_664' title='bbox 930 4920 1177 4991; x_wconf 87' lang='grc' dir='ltr'>μνήμην.</span> 
     </span>
    </p>
   </div>
   <div class='ocr_carea' id='block_1_94' title="bbox 429 5001 1945 5094">
    <p class='ocr_par' dir='ltr' id='par_1_94' title="bbox 429 5001 1945 5094">
     <span class='ocr_line' id='line_1_94' title="bbox 429 5001 1945 5094; baseline 0.015 -39"><span class='ocrx_word' id='word_1_665' title='bbox 429 5001 494 5056; x_wconf 86' lang='grc' dir='ltr'>δ’.</span> <span class='ocrx_word' id='word_1_666' title='bbox 533 5023 553 5055; x_wconf 77' lang='grc' dir='ltr'><strong>ι</strong></span> <span class='ocrx_word' id='word_1_667' title='bbox 597 5005 721 5059; x_wconf 80' lang='grc' dir='ltr'>Ὀτι</span> <span class='ocrx_word' id='word_1_668' title='bbox 744 5006 837 5060; x_wconf 72' lang='grc' dir='ltr'><strong>τὸν</strong></span> <span class='ocrx_word' id='word_1_669' title='bbox 882 5007 1078 5064; x_wconf 83' lang='grc' dir='ltr'>Ἰακὼὸ</span> <span class='ocrx_word' id='word_1_670' title='bbox 1110 5011 1396 5081; x_wconf 78' lang='grc' dir='ltr'>ἐξελέξατο</span> <span class='ocrx_word' id='word_1_671' title='bbox 1435 5017 1617 5088; x_wconf 80' lang='grc' dir='ltr'>ἑαυτῷ</span> <span class='ocrx_word' id='word_1_672' title='bbox 1653 5022 1682 5076; x_wconf 86' lang='grc' dir='ltr'><strong>ὁ</strong></span> <span class='ocrx_word' id='word_1_673' title='bbox 1717 5022 1945 5094; x_wconf 87' lang='grc' dir='ltr'>Κύριος,</span> 
     </span>
    </p>
   </div>
   <div class='ocr_carea' id='block_1_95' title="bbox 370 5091 1945 5188">
    <p class='ocr_par' dir='ltr' id='par_1_95' title="bbox 370 5091 1945 5188">
     <span class='ocr_line' id='line_1_95' title="bbox 370 5091 1945 5188; baseline 0.009 -43"><span class='ocrx_word' id='word_1_674' title='bbox 370 5091 693 5188; x_wconf 70' lang='grc' dir='ltr'>Ἰσραὴλείς</span> <span class='ocrx_word' id='word_1_675' title='bbox 724 5102 1156 5171; x_wconf 77' lang='grc' dir='ltr'>περιουσιασμὸν</span> <span class='ocrx_word' id='word_1_676' title='bbox 1211 5104 1411 5177; x_wconf 76' lang='grc' dir='ltr'>ἐαυτῷ.</span> <span class='ocrx_word' id='word_1_677' title='bbox 1444 5127 1463 5158; x_wconf 75' lang='grc' dir='ltr'><strong>ι</strong></span> <span class='ocrx_word' id='word_1_678' title='bbox 1513 5108 1570 5163; x_wconf 89' lang='lat'><strong>&#39;0</strong></span> <span class='ocrx_word' id='word_1_679' title='bbox 1600 5110 1647 5142; x_wconf 80' lang='grc'><strong>⁸³</strong></span> <span class='ocrx_word' id='word_1_680' title='bbox 1704 5115 1763 5167; x_wconf 82' lang='grc' dir='ltr'>δὲ</span> <span class='ocrx_word' id='word_1_681' title='bbox 1794 5091 1945 5188; x_wconf 68' lang='grc' dir='ltr'>Σύμ..</span> 
     </span>
    </p>
   </div>
   <div class='ocr_carea' id='block_1_96' title="bbox 360 5185 1946 5273">
    <p class='ocr_par' dir='ltr' id='par_1_96' title="bbox 360 5185 1946 5273">
     <span class='ocr_line' id='line_1_96' title="bbox 360 5185 1946 5273; baseline 0.019 -38"><span class='ocrx_word' id='word_1_682' title='bbox 360 5200 536 5256; x_wconf 83' lang='grc' dir='ltr'>μαχος</span> <span class='ocrx_word' id='word_1_683' title='bbox 565 5185 738 5251; x_wconf 76' lang='grc' dir='ltr'>οὕτως</span> <span class='ocrx_word' id='word_1_684' title='bbox 766 5204 779 5218; x_wconf 78' lang='grc'><strong>⁸</strong></span> <span class='ocrx_word' id='word_1_685' title='bbox 808 5191 919 5244; x_wconf 77' lang='lat' dir='ltr'><strong>Kal</strong></span> <span class='ocrx_word' id='word_1_686' title='bbox 948 5193 1059 5245; x_wconf 79' lang='grc' dir='ltr'><strong>τὸν</strong></span> <span class='ocrx_word' id='word_1_687' title='bbox 1096 5193 1345 5263; x_wconf 75' lang='grc' dir='ltr'>Ἰσραὴλ</span> <span class='ocrx_word' id='word_1_688' title='bbox 1368 5202 1451 5264; x_wconf 78' lang='grc' dir='ltr'>εὶς</span> <span class='ocrx_word' id='word_1_689' title='bbox 1480 5200 1791 5273; x_wconf 80' lang='grc' dir='ltr'>ἐξαίρετον</span> <span class='ocrx_word' id='word_1_690' title='bbox 1809 5185 1946 5265; x_wconf 36' lang='grc' dir='ltr'>ἑα-υ-</span> 
     </span>
    </p>
   </div>
   <div class='ocr_carea' id='block_1_97' title="bbox 355 5273 1945 5365">
    <p class='ocr_par' dir='ltr' id='par_1_97' title="bbox 355 5273 1945 5365">
     <span class='ocr_line' id='line_1_97' title="bbox 355 5273 1945 5365; baseline 0.018 -37"><span class='ocrx_word' id='word_1_691' title='bbox 355 5273 461 5339; x_wconf 83' lang='grc' dir='ltr'>τῷ.</span> <span class='ocrx_word' id='word_1_692' title='bbox 502 5276 758 5342; x_wconf 85' lang='grc' dir='ltr'>Πλείονος</span> <span class='ocrx_word' id='word_1_693' title='bbox 782 5279 968 5344; x_wconf 83' lang='grc' dir='ltr'>αὑτὸν,</span> <span class='ocrx_word' id='word_1_694' title='bbox 999 5283 1186 5352; x_wconf 76' lang='grc' dir='ltr'>φησὶν,</span> <span class='ocrx_word' id='word_1_695' title='bbox 1218 5286 1542 5356; x_wconf 73' lang='grc' dir='ltr'>ἐπιμελείας</span> <span class='ocrx_word' id='word_1_696' title='bbox 1574 5294 1805 5365; x_wconf 78' lang='grc' dir='ltr'>ἠξίωσε,</span> <span class='ocrx_word' id='word_1_697' title='bbox 1848 5304 1945 5356; x_wconf 77' lang='grc' dir='ltr'><strong>καὶ</strong></span> 
     </span>
    </p>
   </div>
   <div class='ocr_carea' id='block_1_98' title="bbox 355 5365 1944 5464">
    <p class='ocr_par' dir='ltr' id='par_1_98' title="bbox 355 5365 1944 5464">
     <span class='ocr_line' id='line_1_98' title="bbox 355 5365 1944 5464; baseline 0.012 -47"><span class='ocrx_word' id='word_1_698' title='bbox 355 5365 560 5420; x_wconf 70' lang='grc' dir='ltr'>οἰκεῖον</span> <span class='ocrx_word' id='word_1_699' title='bbox 594 5366 723 5423; x_wconf 76' lang='grc' dir='ltr'>λαὸν</span> <span class='ocrx_word' id='word_1_700' title='bbox 753 5368 1089 5435; x_wconf 81' lang='grc' dir='ltr'>ἀπεκάλεσε,</span> <span class='ocrx_word' id='word_1_701' title='bbox 1128 5376 1224 5428; x_wconf 74' lang='grc' dir='ltr'>καὶ</span> <span class='ocrx_word' id='word_1_702' title='bbox 1251 5378 1471 5433; x_wconf 81' lang='grc' dir='ltr'>πάντων</span> <span class='ocrx_word' id='word_1_703' title='bbox 1500 5384 1808 5456; x_wconf 80' lang='grc' dir='ltr'>ἀνθρώπων</span> <span class='ocrx_word' id='word_1_704' title='bbox 1838 5410 1944 5464; x_wconf 87' lang='grc' dir='ltr'>κη..</span> 
     </span>
    </p>
   </div>
   <div class='ocr_carea' id='block_1_99' title="bbox 2056 4654 3641 4729">
    <p class='ocr_par' dir='ltr' id='par_1_99' title="bbox 2056 4654 3641 4729">
     <span class='ocr_line' id='line_1_99' title="bbox 2056 4654 3641 4729; baseline -0.004 -13"><span class='ocrx_word' id='word_1_705' title='bbox 2056 4673 2221 4717; x_wconf 89' lang='lat' dir='ltr'><strong>tatem</strong></span> <span class='ocrx_word' id='word_1_706' title='bbox 2274 4661 2414 4729; x_wconf 85' lang='lat' dir='ltr'><strong>ejus,</strong></span> <span class='ocrx_word' id='word_1_707' title='bbox 2474 4659 2567 4726; x_wconf 87' lang='lat' dir='ltr'><strong>qui</strong></span> <span class='ocrx_word' id='word_1_708' title='bbox 2607 4658 2937 4719; x_wconf 87' lang='lat' dir='ltr'><strong>celebratur,</strong></span> <span class='ocrx_word' id='word_1_709' title='bbox 3003 4656 3233 4724; x_wconf 85' lang='lat' dir='ltr'><strong>arripite</strong></span> <span class='ocrx_word' id='word_1_710' title='bbox 3282 4675 3295 4711; x_wconf 91' lang='lat'><strong>:</strong></span> <span class='ocrx_word' id='word_1_711' title='bbox 3348 4671 3368 4706; x_wconf 81' lang='grc' dir='ltr'><strong>ι</strong></span> <span class='ocrx_word' id='word_1_712' title='bbox 3417 4654 3641 4710; x_wconf 77' lang='lat' dir='ltr'><strong>Psallite</strong></span> 
     </span>
    </p>
   </div>
   <div class='ocr_carea' id='block_1_100' title="bbox 2051 4747 3638 4823">
    <p class='ocr_par' dir='ltr' id='par_1_100' title="bbox 2051 4747 3638 4823">
     <span class='ocr_line' id='line_1_100' title="bbox 2051 4747 3638 4823; baseline -0.004 -15"><span class='ocrx_word' id='word_1_713' title='bbox 2051 4753 2260 4808; x_wconf 87' lang='lat' dir='ltr'><strong>numini</strong></span> <span class='ocrx_word' id='word_1_714' title='bbox 2291 4752 2432 4821; x_wconf 89' lang='lat' dir='ltr'><strong>ejus,</strong></span> <span class='ocrx_word' id='word_1_715' title='bbox 2475 4750 2740 4820; x_wconf 89' lang='lat' dir='ltr'><strong>quoniam</strong></span> <span class='ocrx_word' id='word_1_716' title='bbox 2781 4751 3007 4823; x_wconf 89' lang='lat' dir='ltr'><strong>bonum.</strong></span> <span class='ocrx_word' id='word_1_717' title='bbox 3045 4766 3064 4800; x_wconf 71' lang='grc' dir='ltr'><strong>ι</strong></span> <span class='ocrx_word' id='word_1_718' title='bbox 3114 4747 3290 4802; x_wconf 84' lang='lat' dir='ltr'><strong>Porro</strong></span> <span class='ocrx_word' id='word_1_719' title='bbox 3337 4748 3638 4818; x_wconf 79' lang='lat' dir='ltr'><strong>plurimum</strong></span> 
     </span>
    </p>
   </div>
   <div class='ocr_carea' id='block_1_101' title="bbox 2051 4837 3637 4911">
    <p class='ocr_par' dir='ltr' id='par_1_101' title="bbox 2051 4837 3637 4911">
     <span class='ocr_line' id='line_1_101' title="bbox 2051 4837 3637 4911; baseline -0.004 -12"><span class='ocrx_word' id='word_1_720' title='bbox 2051 4843 2408 4900; x_wconf 87' lang='lat' dir='ltr'><strong>emolumenti</strong></span> <span class='ocrx_word' id='word_1_721' title='bbox 2443 4843 2572 4897; x_wconf 90' lang='lat' dir='ltr'><strong>hinc</strong></span> <span class='ocrx_word' id='word_1_722' title='bbox 2614 4842 2770 4897; x_wconf 83' lang='lat' dir='ltr'><strong>vobis</strong></span> <span class='ocrx_word' id='word_1_723' title='bbox 2801 4841 3132 4911; x_wconf 89' lang='lat' dir='ltr'><strong>acquiritur.</strong></span> <span class='ocrx_word' id='word_1_724' title='bbox 3177 4839 3387 4896; x_wconf 87' lang='lat' dir='ltr'><strong>Deinde</strong></span> <span class='ocrx_word' id='word_1_725' title='bbox 3427 4837 3637 4895; x_wconf 86' lang='lat' dir='ltr'><strong>beneﬁ-</strong></span> 
     </span>
    </p>
   </div>
   <div class='ocr_carea' id='block_1_102' title="bbox 2049 4933 3422 5004">
    <p class='ocr_par' dir='ltr' id='par_1_102' title="bbox 2049 4933 3422 5004">
     <span class='ocr_line' id='line_1_102' title="bbox 2049 4933 3422 5004; baseline -0.004 -11"><span class='ocrx_word' id='word_1_726' title='bbox 2049 4939 2261 4993; x_wconf 89' lang='lat' dir='ltr'><strong>ciorum</strong></span> <span class='ocrx_word' id='word_1_727' title='bbox 2288 4937 2341 4989; x_wconf 92' lang='lat' dir='ltr'><strong>in</strong></span> <span class='ocrx_word' id='word_1_728' title='bbox 2368 4936 2520 5004; x_wconf 89' lang='lat' dir='ltr'><strong>ipsos</strong></span> <span class='ocrx_word' id='word_1_729' title='bbox 2548 4934 2877 4989; x_wconf 79' lang='lat' dir='ltr'><strong>collaturum</strong></span> <span class='ocrx_word' id='word_1_730' title='bbox 2905 4934 3242 4989; x_wconf 89' lang='lat' dir='ltr'><strong>mentionem</strong></span> <span class='ocrx_word' id='word_1_731' title='bbox 3271 4933 3422 4988; x_wconf 87' lang='lat' dir='ltr'><strong>facit.</strong></span> 
     </span>
    </p>
   </div>
   <div class='ocr_carea' id='block_1_103' title="bbox 2124 5023 3637 5096">
    <p class='ocr_par' dir='ltr' id='par_1_103' title="bbox 2124 5023 3637 5096">
     <span class='ocr_line' id='line_1_103' title="bbox 2124 5023 3637 5096; baseline -0.004 -14"><span class='ocrx_word' id='word_1_732' title='bbox 2124 5028 2293 5082; x_wconf 64' lang='lat' dir='ltr'><strong>Vens.</strong></span> <span class='ocrx_word' id='word_1_733' title='bbox 2324 5028 2379 5081; x_wconf 75' lang='grc'>4.</span> <span class='ocrx_word' id='word_1_734' title='bbox 2427 5044 2448 5079; x_wconf 80' lang='grc' dir='ltr'><strong>ι</strong></span> <span class='ocrx_word' id='word_1_735' title='bbox 2488 5026 2763 5092; x_wconf 85' lang='lat' dir='ltr'><strong>Quoniam</strong></span> <span class='ocrx_word' id='word_1_736' title='bbox 2801 5024 3068 5081; x_wconf 85' lang='lat' dir='ltr'><strong>Jacobum</strong></span> <span class='ocrx_word' id='word_1_737' title='bbox 3103 5026 3269 5096; x_wconf 77' lang='lat' dir='ltr'><strong>elegit</strong></span> <span class='ocrx_word' id='word_1_738' title='bbox 3300 5027 3406 5081; x_wconf 90' lang='lat' dir='ltr'><strong>sibi</strong></span> <span class='ocrx_word' id='word_1_739' title='bbox 3449 5023 3637 5078; x_wconf 89' lang='lat' dir='ltr'><strong>Domi-</strong></span> 
     </span>
    </p>
   </div>
   <div class='ocr_carea' id='block_1_104' title="bbox 2054 5115 3639 5188">
    <p class='ocr_par' dir='ltr' id='par_1_104' title="bbox 2054 5115 3639 5188">
     <span class='ocr_line' id='line_1_104' title="bbox 2054 5115 3639 5188; baseline -0.003 -12"><span class='ocrx_word' id='word_1_740' title='bbox 2054 5137 2181 5186; x_wconf 88' lang='lat' dir='ltr'><strong>nus,</strong></span> <span class='ocrx_word' id='word_1_741' title='bbox 2212 5120 2469 5175; x_wconf 87' lang='lat' dir='ltr'><strong>lsraelem</strong></span> <span class='ocrx_word' id='word_1_742' title='bbox 2503 5119 2605 5174; x_wconf 89' lang='lat' dir='ltr'><strong>sibi</strong></span> <span class='ocrx_word' id='word_1_743' title='bbox 2651 5120 2704 5172; x_wconf 90' lang='lat' dir='ltr'><strong>in</strong></span> <span class='ocrx_word' id='word_1_744' title='bbox 2742 5119 3168 5188; x_wconf 84' lang='lat' dir='ltr'><strong>possessionem.</strong></span> <span class='ocrx_word' id='word_1_745' title='bbox 3218 5137 3238 5170; x_wconf 73' lang='grc' dir='ltr'><strong>ι</strong></span> <span class='ocrx_word' id='word_1_746' title='bbox 3276 5115 3639 5188; x_wconf 84' lang='lat' dir='ltr'><strong>Symmachus</strong></span> 
     </span>
    </p>
   </div>
   <div class='ocr_carea' id='block_1_105' title="bbox 2053 5207 3634 5280">
    <p class='ocr_par' dir='ltr' id='par_1_105' title="bbox 2053 5207 3634 5280">
     <span class='ocr_line' id='line_1_105' title="bbox 2053 5207 3634 5280; baseline -0.004 -13"><span class='ocrx_word' id='word_1_747' title='bbox 2053 5221 2233 5267; x_wconf 87' lang='lat' dir='ltr'><strong>autem</strong></span> <span class='ocrx_word' id='word_1_748' title='bbox 2266 5212 2349 5267; x_wconf 88' lang='lat' dir='ltr'><strong>sic</strong></span> <span class='ocrx_word' id='word_1_749' title='bbox 2383 5227 2396 5264; x_wconf 92' lang='lat'><strong>:</strong></span> <span class='ocrx_word' id='word_1_750' title='bbox 2432 5209 2499 5263; x_wconf 84' lang='lat' dir='ltr'><strong>Et</strong></span> <span class='ocrx_word' id='word_1_751' title='bbox 2536 5208 2799 5264; x_wconf 75' lang='lat' dir='ltr'><strong>Israelem</strong></span> <span class='ocrx_word' id='word_1_752' title='bbox 2838 5211 2893 5263; x_wconf 85' lang='lat' dir='ltr'><strong>in</strong></span> <span class='ocrx_word' id='word_1_753' title='bbox 2931 5210 3183 5264; x_wconf 79' lang='lat' dir='ltr'><strong>selectum</strong></span> <span class='ocrx_word' id='word_1_754' title='bbox 3214 5209 3481 5280; x_wconf 85' lang='lat' dir='ltr'><strong>quoddam</strong></span> <span class='ocrx_word' id='word_1_755' title='bbox 3510 5207 3634 5262; x_wconf 77' lang='lat' dir='ltr'><strong>sibi.</strong></span> 
     </span>
    </p>
   </div>
   <div class='ocr_carea' id='block_1_106' title="bbox 2051 5302 3638 5375">
    <p class='ocr_par' dir='ltr' id='par_1_106' title="bbox 2051 5302 3638 5375">
     <span class='ocr_line' id='line_1_106' title="bbox 2051 5302 3638 5375; baseline -0.003 -16"><span class='ocrx_word' id='word_1_756' title='bbox 2051 5304 2277 5375; x_wconf 85' lang='lat' dir='ltr'><strong>Majore,</strong></span> <span class='ocrx_word' id='word_1_757' title='bbox 2302 5305 2397 5370; x_wconf 87' lang='lat' dir='ltr'><strong>ait,</strong></span> <span class='ocrx_word' id='word_1_758' title='bbox 2438 5318 2570 5358; x_wconf 90' lang='lat' dir='ltr'><strong>cura</strong></span> <span class='ocrx_word' id='word_1_759' title='bbox 2602 5303 2782 5371; x_wconf 89' lang='lat' dir='ltr'><strong>ipsum</strong></span> <span class='ocrx_word' id='word_1_760' title='bbox 2817 5302 3074 5374; x_wconf 81' lang='lat' dir='ltr'><strong>dignatus</strong></span> <span class='ocrx_word' id='word_1_761' title='bbox 3102 5311 3204 5368; x_wconf 89' lang='lat' dir='ltr'><strong>est,</strong></span> <span class='ocrx_word' id='word_1_762' title='bbox 3240 5302 3638 5371; x_wconf 83' lang='lat' dir='ltr'><strong>propriumque</strong></span> 
     </span>
    </p>
   </div>
   <div class='ocr_carea' id='block_1_107' title="bbox 2051 5393 3633 5470">
    <p class='ocr_par' dir='ltr' id='par_1_107' title="bbox 2051 5393 3633 5470">
     <span class='ocr_line' id='line_1_107' title="bbox 2051 5393 3633 5470; baseline -0.005 -17"><span class='ocrx_word' id='word_1_763' title='bbox 2051 5397 2315 5470; x_wconf 87' lang='lat' dir='ltr'><strong>populum</strong></span> <span class='ocrx_word' id='word_1_764' title='bbox 2365 5396 2660 5466; x_wconf 84' lang='lat' dir='ltr'><strong>appellavit</strong></span> <span class='ocrx_word' id='word_1_765' title='bbox 2696 5411 2710 5449; x_wconf 91' lang='lat'><strong>:</strong></span> <span class='ocrx_word' id='word_1_766' title='bbox 2747 5404 2804 5449; x_wconf 91' lang='lat' dir='ltr'><strong>et</strong></span> <span class='ocrx_word' id='word_1_767' title='bbox 2846 5395 3093 5450; x_wconf 89' lang='lat' dir='ltr'><strong>omnium</strong></span> <span class='ocrx_word' id='word_1_768' title='bbox 3124 5393 3409 5449; x_wconf 89' lang='lat' dir='ltr'><strong>hominum</strong></span> <span class='ocrx_word' id='word_1_769' title='bbox 3441 5406 3633 5447; x_wconf 88' lang='lat' dir='ltr'><strong>curam</strong></span> 
     </span>
    </p>
   </div>
   <div class='ocr_carea' id='block_1_108' title="bbox 1428 5547 2503 5614">
    <p class='ocr_par' dir='ltr' id='par_1_108' title="bbox 1428 5547 2503 5614">
     <span class='ocr_line' id='line_1_108' title="bbox 1428 5547 2503 5614; baseline 0.011 -14"><span class='ocrx_word' id='word_1_770' title='bbox 1428 5547 1664 5605; x_wconf 70' lang='lat' dir='ltr'><strong>VARIAE</strong></span> <span class='ocrx_word' id='word_1_771' title='bbox 1722 5552 2113 5614; x_wconf 81' lang='lat' dir='ltr'><strong>LECTIONES</strong></span> <span class='ocrx_word' id='word_1_772' title='bbox 2159 5558 2246 5613; x_wconf 87' lang='lat' dir='ltr'><strong>ET</strong></span> <span class='ocrx_word' id='word_1_773' title='bbox 2269 5556 2503 5612; x_wconf 68' lang='lat' dir='ltr'><strong>NOTAE.</strong></span> 
     </span>
    </p>
   </div>
   <div class='ocr_carea' id='block_1_109' title="bbox 427 5676 1952 5771">
    <p class='ocr_par' dir='ltr' id='par_1_109' title="bbox 427 5676 1952 5771">
     <span class='ocr_line' id='line_1_109' title="bbox 427 5676 1952 5771; baseline 0.016 -42"><span class='ocrx_word' id='word_1_774' title='bbox 427 5676 483 5771; x_wconf 47' lang='grc' dir='ltr'><strong><em>ἲ</em></strong></span> <span class='ocrx_word' id='word_1_775' title='bbox 506 5677 603 5771; x_wconf 45' lang='grc' dir='ltr'><strong>ἐἴ</strong></span> <span class='ocrx_word' id='word_1_776' title='bbox 616 5681 1055 5771; x_wconf 71' lang='lat' dir='ltr'><strong>:Des.</strong></span> <span class='ocrx_word' id='word_1_777' title='bbox 1083 5685 1135 5771; x_wconf 74' lang='lat' dir='ltr'><strong>in</strong></span> <span class='ocrx_word' id='word_1_778' title='bbox 1166 5695 1312 5771; x_wconf 72' lang='lat' dir='ltr'><strong>textu</strong></span> <span class='ocrx_word' id='word_1_779' title='bbox 1340 5689 1502 5771; x_wconf 65' lang='lat' dir='ltr'><strong>llebr.</strong></span> <span class='ocrx_word' id='word_1_780' title='bbox 1529 5765 1539 5771; x_wconf 87' lang='lat'><em>_</em></span> <span class='ocrx_word' id='word_1_781' title='bbox 1582 5694 1628 5726; x_wconf 75' lang='lat'><strong>“</strong></span> <span class='ocrx_word' id='word_1_782' title='bbox 1651 5699 1773 5753; x_wconf 72' lang='lat' dir='ltr'><strong>cod.</strong></span> <span class='ocrx_word' id='word_1_783' title='bbox 1805 5700 1825 5752; x_wconf 84' lang='grc'>1</span> <span class='ocrx_word' id='word_1_784' title='bbox 1874 5719 1952 5770; x_wconf 84' lang='grc' dir='ltr'>χω</span> 
     </span>
    </p>
   </div>
   <div class='ocr_carea' id='block_1_110' title="bbox 2056 5676 3630 5771">
    <p class='ocr_par' dir='ltr' id='par_1_110' title="bbox 2056 5690 3630 5771">
     <span class='ocr_line' id='line_1_110' title="bbox 2056 5690 3630 5771; baseline -0.004 -18"><span class='ocrx_word' id='word_1_785' title='bbox 2056 5720 2093 5756; x_wconf 71' lang='grc' dir='ltr'><strong>ν.</strong></span> <span class='ocrx_word' id='word_1_786' title='bbox 2171 5703 2216 5735; x_wconf 70' lang='grc'><strong>⁸⁸</strong></span> <span class='ocrx_word' id='word_1_787' title='bbox 2252 5701 2394 5768; x_wconf 80' lang='grc' dir='ltr'><strong>Τήν.</strong></span> <span class='ocrx_word' id='word_1_788' title='bbox 2417 5702 2495 5754; x_wconf 89' lang='lat' dir='ltr'><strong>ib.</strong></span> <span class='ocrx_word' id='word_1_789' title='bbox 2540 5713 2728 5771; x_wconf 72' lang='lat' dir='ltr'><strong>prmm.</strong></span> <span class='ocrx_word' id='word_1_790' title='bbox 2792 5695 2904 5771; x_wconf 62' lang='lat' dir='ltr'><strong>ml.</strong></span> <span class='ocrx_word' id='word_1_791' title='bbox 3066 5694 3198 5771; x_wconf 28' lang='grc' dir='ltr'><strong>’Ἑν-Δ</strong></span> <span class='ocrx_word' id='word_1_792' title='bbox 3244 5693 3375 5761; x_wconf 78' lang='grc' dir='ltr'>ταῖς</span> <span class='ocrx_word' id='word_1_793' title='bbox 3426 5690 3630 5771; x_wconf 60' lang='grc' dir='ltr'>νυξίγ.</span> 
     </span>
    </p>
   </div>
   <div class='ocr_carea' id='block_1_111' title="bbox 355 5743 583 5803">
    <p class='ocr_par' dir='ltr' id='par_1_111' title="bbox 355 5743 583 5803">
     <span class='ocr_line' id='line_1_111' title="bbox 355 5743 583 5803; baseline 0.013 -4"><span class='ocrx_word' id='word_1_794' title='bbox 355 5743 483 5802; x_wconf 66' lang='lat' dir='ltr'><strong>Hinc</strong></span> <span class='ocrx_word' id='word_1_795' title='bbox 516 5748 583 5803; x_wconf 90' lang='lat' dir='ltr'><strong>ad</strong></span> 
     </span>
    </p>
   </div>
   <div class='ocr_carea' id='block_1_112' title="bbox 356 5815 1169 5896">
    <p class='ocr_par' dir='ltr' id='par_1_112' title="bbox 356 5815 1169 5896">
     <span class='ocr_line' id='line_1_112' title="bbox 356 5815 1169 5896; baseline 0.014 -26"><span class='ocrx_word' id='word_1_796' title='bbox 356 5815 407 5849; x_wconf 75' lang='lat'><strong>&quot;</strong></span> <span class='ocrx_word' id='word_1_797' title='bbox 607 5815 740 5876; x_wconf 83' lang='lat' dir='ltr'><strong>ibid.</strong></span> <span class='ocrx_word' id='word_1_798' title='bbox 803 5815 1006 5896; x_wconf 50' lang='lat' dir='ltr'><strong>praem;</strong></span> <span class='ocrx_word' id='word_1_799' title='bbox 1039 5825 1169 5896; x_wconf 71' lang='grc' dir='ltr'>ἔφη.</span> 
     </span>
    </p>
   </div>
   <div class='ocr_carea' id='block_1_113' title="bbox 625 5757 1980 5826">
    <p class='ocr_par' dir='ltr' id='par_1_113' title="bbox 625 5757 1980 5826">
     <span class='ocr_line' id='line_1_113' title="bbox 625 5757 1980 5826; baseline 0.016 -22"><span class='ocrx_word' id='word_1_800' title='bbox 625 5765 788 5826; x_wconf 65' lang='lat' dir='ltr'><strong>praec.</strong></span> <span class='ocrx_word' id='word_1_801' title='bbox 816 5768 960 5809; x_wconf 87' lang='lat' dir='ltr'><strong>vers.</strong></span> <span class='ocrx_word' id='word_1_802' title='bbox 993 5757 1285 5826; x_wconf 87' lang='lat' dir='ltr'><strong>pertinent.</strong></span> <span class='ocrx_word' id='word_1_803' title='bbox 1360 5761 1403 5793; x_wconf 73' lang='grc'><strong>⁸⁷</strong></span> <span class='ocrx_word' id='word_1_804' title='bbox 1428 5765 1557 5818; x_wconf 80' lang='grc' dir='ltr'>Καί.</span> <span class='ocrx_word' id='word_1_805' title='bbox 1609 5782 1676 5820; x_wconf 90' lang='lat' dir='ltr'><strong>co</strong></span> <span class='ocrx_word' id='word_1_806' title='bbox 1700 5772 1733 5819; x_wconf 78' lang='lat' dir='ltr'><strong>l.</strong></span> <span class='ocrx_word' id='word_1_807' title='bbox 1768 5774 1787 5821; x_wconf 79' lang='grc' dir='ltr'><strong>Ι</strong></span> <span class='ocrx_word' id='word_1_808' title='bbox 1820 5757 1980 5826; x_wconf 51' lang='lat' dir='ltr'><strong>xii-ai:</strong></span> 
     </span>
    </p>
   </div>
   <div class='ocr_carea' id='block_1_114' title="bbox 2058 5762 3628 5839">
    <p class='ocr_par' dir='ltr' id='par_1_114' title="bbox 2058 5762 3628 5839">
     <span class='ocr_line' id='line_1_114' title="bbox 2058 5762 3628 5839; baseline -0.004 -13"><span class='ocrx_word' id='word_1_809' title='bbox 2058 5772 2103 5804; x_wconf 66' lang='grc'><strong>⁸⁸</strong></span> <span class='ocrx_word' id='word_1_810' title='bbox 2138 5762 2328 5826; x_wconf 49' lang='grc' dir='ltr'><strong>Θεόνί</strong></span> <span class='ocrx_word' id='word_1_811' title='bbox 2357 5772 2480 5825; x_wconf 86' lang='lat' dir='ltr'><strong>cod.</strong></span> <span class='ocrx_word' id='word_1_812' title='bbox 2531 5762 2552 5821; x_wconf 65' lang='grc' dir='ltr'>ἱ</span> <span class='ocrx_word' id='word_1_813' title='bbox 2595 5769 2823 5839; x_wconf 67' lang='grc' dir='ltr'>Κύριονέ</span> <span class='ocrx_word' id='word_1_814' title='bbox 2854 5767 2900 5798; x_wconf 71' lang='grc' dir='ltr'><strong>’δ’</strong></span> <span class='ocrx_word' id='word_1_815' title='bbox 2963 5766 3098 5839; x_wconf 61' lang='grc' dir='ltr'>Καί.</span> <span class='ocrx_word' id='word_1_816' title='bbox 3135 5765 3306 5839; x_wconf 77' lang='lat' dir='ltr'><strong>Abest</strong></span> <span class='ocrx_word' id='word_1_817' title='bbox 3329 5782 3372 5839; x_wconf 59' lang='grc' dir='ltr'>ξι</span> <span class='ocrx_word' id='word_1_818' title='bbox 3409 5762 3532 5839; x_wconf 49' lang='lat' dir='ltr'><strong>cod:</strong></span> <span class='ocrx_word' id='word_1_819' title='bbox 3574 5764 3628 5839; x_wconf 56' lang='grc' dir='ltr'>ί.</span> 
     </span>
    </p>
   </div>
   <div class='ocr_carea' id='block_1_115' title="bbox 1262 5830 1952 5903">
    <p class='ocr_par' dir='ltr' id='par_1_115' title="bbox 1262 5830 1942 5903">
     <span class='ocr_line' id='line_1_115' title="bbox 1262 5830 1942 5903; baseline 0.013 -18"><span class='ocrx_word' id='word_1_820' title='bbox 1262 5830 1306 5903; x_wconf 57' lang='lat' dir='ltr'><strong>f‘</strong></span> <span class='ocrx_word' id='word_1_821' title='bbox 1380 5831 1521 5901; x_wconf 79' lang='grc' dir='ltr'><strong>’ῼδὴ</strong></span> <span class='ocrx_word' id='word_1_822' title='bbox 1590 5836 1709 5890; x_wconf 83' lang='grc' dir='ltr'>τῶν</span> <span class='ocrx_word' id='word_1_823' title='bbox 1767 5840 1942 5894; x_wconf 78' lang='grc' dir='ltr'><strong>ἀναὸ.</strong></span> 
     </span>
    </p>
   </div>
   <div class='ocr_carea' id='block_1_116' title="bbox 2056 5830 3629 5903">
    <p class='ocr_par' dir='ltr' id='par_1_116' title="bbox 2056 5830 3629 5903">
     <span class='ocr_line' id='line_1_116' title="bbox 2056 5830 3629 5903; baseline -0.009 -7"><span class='ocrx_word' id='word_1_824' title='bbox 2056 5856 2123 5898; x_wconf 73' lang='grc' dir='ltr'><strong>ιε.</strong></span> <span class='ocrx_word' id='word_1_825' title='bbox 2171 5843 2224 5896; x_wconf 92' lang='lat' dir='ltr'><strong>in</strong></span> <span class='ocrx_word' id='word_1_826' title='bbox 2268 5851 2415 5897; x_wconf 84' lang='lat' dir='ltr'><strong>textu</strong></span> <span class='ocrx_word' id='word_1_827' title='bbox 2475 5840 2638 5894; x_wconf 78' lang='lat' dir='ltr'><strong>Hebr.</strong></span> <span class='ocrx_word' id='word_1_828' title='bbox 2681 5830 2737 5892; x_wconf 71' lang='lat' dir='ltr'><strong>et</strong></span> <span class='ocrx_word' id='word_1_829' title='bbox 2784 5837 2976 5892; x_wconf 71' lang='lat' dir='ltr'><strong>Gneco</strong></span> <span class='ocrx_word' id='word_1_830' title='bbox 3006 5834 3115 5889; x_wconf 85' lang='grc' dir='ltr'><strong>τῶν</strong></span> <span class='ocrx_word' id='word_1_831' title='bbox 3177 5834 3255 5891; x_wconf 87' lang='lat'><strong>0&#39;.</strong></span> <span class='ocrx_word' id='word_1_832' title='bbox 3325 5836 3371 5868; x_wconf 81' lang='lat'><strong>&quot;</strong></span> <span class='ocrx_word' id='word_1_833' title='bbox 3403 5833 3629 5903; x_wconf 67' lang='lat' dir='ltr'><strong>Ba6wt.</strong></span> 
     </span>
    </p>
   </div>
   <div class='ocr_carea' id='block_1_117' title="bbox 357 5888 1952 5981">
    <p class='ocr_par' dir='ltr' id='par_1_117' title="bbox 357 5888 1952 5981">
     <span class='ocr_line' id='line_1_117' title="bbox 357 5888 1952 5981; baseline 0.013 -35"><span class='ocrx_word' id='word_1_834' title='bbox 357 5888 482 5946; x_wconf 75' lang='lat' dir='ltr'><strong>cod.</strong></span> <span class='ocrx_word' id='word_1_835' title='bbox 513 5888 537 5943; x_wconf 79' lang='grc'><strong>1</strong></span> <span class='ocrx_word' id='word_1_836' title='bbox 572 5905 760 5960; x_wconf 71' lang='lat' dir='ltr'><strong>praem.</strong></span> <span class='ocrx_word' id='word_1_837' title='bbox 792 5888 893 5965; x_wconf 80' lang='grc' dir='ltr'>τῆς</span> <span class='ocrx_word' id='word_1_838' title='bbox 922 5894 1052 5953; x_wconf 84' lang='grc' dir='ltr'>τῶν.</span> <span class='ocrx_word' id='word_1_839' title='bbox 1081 5888 1093 5895; x_wconf 65' lang='grc'>⁷</span> <span class='ocrx_word' id='word_1_840' title='bbox 1129 5888 1176 5929; x_wconf 71' lang='grc'><strong>⁵³</strong></span> <span class='ocrx_word' id='word_1_841' title='bbox 1217 5898 1280 5954; x_wconf 90' lang='lat'><strong>&#39;0</strong></span> <span class='ocrx_word' id='word_1_842' title='bbox 1311 5931 1379 5941; x_wconf 81' lang='lat'><strong>——</strong></span> <span class='ocrx_word' id='word_1_843' title='bbox 1407 5888 1952 5981; x_wconf 34' lang='grc' dir='ltr'><strong>ἓτεῲρόντὶκεξνσι-ἶέι</strong></span> 
     </span>
    </p>
   </div>
   <div class='ocr_carea' id='block_1_118' title="bbox 2056 5888 3198 5981">
    <p class='ocr_par' dir='ltr' id='par_1_118' title="bbox 2056 5888 3198 5975">
     <span class='ocr_line' id='line_1_118' title="bbox 2056 5888 3198 5975; baseline -0.007 -8"><span class='ocrx_word' id='word_1_844' title='bbox 2056 5888 2965 5969; x_wconf 51' lang='lat' dir='ltr'><strong>&#39;isé&quot;.a‘51.‘a...;;;-3&#39;castita:</strong></span> <span class='ocrx_word' id='word_1_845' title='bbox 2991 5888 3039 5975; x_wconf 66' lang='grc' dir='ltr'>ρ.</span> <span class='ocrx_word' id='word_1_846' title='bbox 3073 5888 3198 5961; x_wconf 71' lang='lat'><strong>6.39.</strong></span> 
     </span>
    </p>
   </div>
  </div>
