4128 6424
509 449 645 521 1915

1492 451 1983 514 TllEODORETl
2024 450 2371 514 EPISCOPI
2397 405 2786 517 .CYRENSIS

3647 463 3783 528 1916

509 581 705 640 gerens
739 563 900 632 hujus
933 559 1274 630 potisaiunnn
1308 573 1496 614 cura-n
1533 561 1722 630 gessit.
1758 560 1888 615 Ηεεο
1914 570 2094 614 autem

2206 561 2423 630 δόμενος
2453 565 2518 630 ⁸⁵⁵,
2550 566 2741 618 τούτου
2777 567 3147 636 διαφερόντως
3183 568 3537 641 πεφρόντικε.
3592 572 3783 625 Ταῦτα

507 659 673 712 etiam
711 658 902 711 beatus
934 654 1112 709 Moses
1143 653 1282 708 dixit
1323 670 1339 708 :
1386 673 1404 704 ι
1438 653 1669 719 Quando
1697 654 1974 708 dividi-bat
2000 654 2096 707 Al-

510 751 759 804 tissimus
805 758 1014 818 gentes,
1064 747 1285 817 quando
1342 747 1632 815 separabat
1684 745 1825 799 ﬁlios
1877 745 2095 809 Adami,

512 844 796 899 constituit
825 842 1090 897 trrminos
1125 842 1364 912 gentium
1399 840 1555 909 juxta
1597 858 1885 895 numerum
1918 857 2097 911 ange-

511 937 686 990 lorum
720 936 835 997 Dri,
875 947 925 989 et
963 936 1145 989 factus
1169 946 1250 988 est
1282 949 1406 1003 pars
1446 935 1661 988 Domini
1696 935 1934 1004 populus
1977 934 2097 1003 ejus

508 1027 700 1089 Jacob,
742 1029 1019 1083 funiculus
1049 1028 1382 1083 luercditatis
1407 1028 1529 1095 ejus
1554 1028 1716 1082 Israel
1741 1040 1787 1081 ιι.
1834 1047 1855 1080 ι

581 1118 748 1175 Vens.
785 1120 838 1175 5.
871 1142 888 1171 ι
919 1120 1058 1186 Quia
1108 1137 1208 1192 ego
1248 1122 1501 1187 Cognovi,
1534 1137 1791 1187 magnum
1826 1136 1947 1176 esse
1990 1122 2096 1175 Do-

508 1215 740 1279 minum,
801 1223 855 1267 et
897 1213 1066 1267 Deum
1126 1223 1377 1268 nostrum
1429 1230 1540 1282 pra:
1592 1214 1849 1268 omnibus
1902 1215 2030 1269 diis.
2073 1232 2091 1265 ι

508 1306 529 1327 ‘
559 1305 661 1359 Per
688 1307 857 1375 ipsas,
890 1307 1088 1375 inquit,
1126 1323 1212 1361 res
1249 1307 1547 1362 didicimus
1572 1305 1666 1361 Dei
1708 1308 1878 1363 nostri
1908 1309 2093 1372 robur,

507 1403 562 1448 et
588 1396 744 1456 deos,
778 1396 870 1464 qui
903 1412 930 1447 a
969 1398 1226 1464 gentibus
1258 1397 1383 1451 aliis
1425 1397 1788 1461 honorantur,
1821 1413 1944 1451 cum
1979 1399 2096 1467 ipso

510 1489 735 1543 minimc
776 1487 1017 1543 conferri
1070 1504 1249 1557 posse.
1289 1488 1459 1543 Nemo
1500 1490 1644 1543 enim
1675 1506 1798 1543 cum
1841 1506 1905 1543 eo
1949 1492 2094 1560 quod

507 1590 614 1645 est,
650 1592 700 1635 et
729 1582 875 1650 quod
906 1592 987 1636 est
1015 1598 1248 1651 semper,
1283 1583 1333 1637 id
1361 1584 1505 1652 quod
1538 1600 1641 1636 non
1674 1592 1757 1637 e.~t
1792 1596 2093 1653 comparat.

509 1673 772 1729 Deindee
803 1677 1082 1729 creatione
1126 1692 1306 1731 rerum
1355 1679 1603 1732 onmium
1652 1677 1743 1733 Dei
1794 1682 2093 1749 potentiam

510 1765 676 1819 tacite
709 1767 968 1821 ostendit.

582 1856 746 1911 Vens.
777 1857 832 1911 6.
873 1877 890 1908 ι
933 1857 1132 1912 Omnia
1176 1875 1526 1929 quacunque
1565 1859 1767 1928 voluit,
1832 1861 2097 1920 Dominus
2130 1900 2172 1956 Β

513 1949 642 2004 fecit
679 1951 735 2003 in
768 1951 911 2005 coelo
944 1960 994 2004 et
1032 1952 1085 2003 in
1118 1961 1281 2016 terra,
1314 1962 1370 2005 et
1405 1952 1457 2005 in
1492 1953 1757 2021 maribus,
1798 1966 1852 2009 et
1889 1956 1940 2009 in
1972 1971 2097 2009 om-

511 2042 675 2097 nibus
702 2043 940 2112 abyssis.
974 2061 992 2093 ι
1025 2042 1097 2097 Ea
1126 2060 1246 2113 qua:
1275 2044 1415 2099 facta
1441 2055 1587 2106 sunt,
1626 2061 1734 2099 non
1762 2062 1859 2115 pro
1885 2048 2098 2104 ratione

510 2136 770 2205 potentiae
818 2137 911 2191 sed
946 2138 1246 2215 roluntatis
1284 2138 1421 2192 facta
1457 2149 1607 2193 sunt.
1639 2138 1900 2195 Potuerat
1951 2142 2096 2196 enim

509 2235 566 2280 et
597 2227 749 2294 plura
802 2227 970 2290 hisce,
1017 2236 1069 2281 et
1115 2229 1286 2282 multo
1321 2228 1527 2297 majora
1569 2228 1858 2296 fabricare,
1892 2233 1986 2286 sed
2021 2240 2102 2286 tot

509 2330 562 2372 et
589 2320 717 2373 talia
747 2320 934 2373 voluit.
961 2318 1348 2376 Verumtamen
1383 2323 1568 2377 omnia
1606 2332 1735 2378 sunt
1767 2326 1888 2395 ejus
1912 2341 2100 2396 opera,

510 2417 710 2468 coelum
737 2423 785 2468 et
823 2416 1091 2477 coelestia,
1119 2424 1261 2469 terra
1288 2427 1341 2470 et
1373 2419 1676 2475 terrestria.
1706 2418 1922 2491 1516
1949 2434 2101 2475 mare

510 2515 559 2560 et
587 2522 649 2560 ea
686 2522 795 2573 qu:
836 2507 889 2560 in
924 2508 1043 2577 ipso
1071 2520 1218 2563 sunt.
1255 2508 1525 2564 Caeterum
1562 2513 1782 2582 abyssos
1810 2524 1969 2569 vocat
1999 2515 2102 2568 im-

511 2613 759 2653 mensam
796 2615 1062 2667 aquarum
1119 2602 1549 2657 multitudinem.
1599 2604 1968 2662 Multitudinis
2000 2622 2102 2662 au-

512 2701 619 2746 tem
652 2709 885 2747 numero
914 2695 1084 2748 maria
1114 2696 1347 2762 vocavit,
1375 2696 1637 2765 quoniam
1670 2715 1837 2753 unum
1864 2716 2015 2754 mare
2046 2702 2102 2756 in

513 2786 684 2840 multa
722 2802 942 2857 tenuiora
970 2787 1256 2845 dividitur.
1285 2790 1589 2845 Atlanticus
1622 2793 1768 2846 enim
1806 2802 1891 2848 cst
1923 2794 2099 2861 sinus,

511 2888 564 2932 rt
594 2878 865 2943 Oceanus,
890 2889 944 2936 et
970 2879 1309 2953 Tyrrhenus,
1346 2892 1400 2938 et
1430 2882 1667 2949 Ionicus,
1690 2896 1743 2940 et
1777 2884 2021 2957 Egaeus,
2051 2898 2105 2941 et

510 2972 802 3033 Arabicus.
836 2982 890 3027 et
935 2973 1177 3036 Indicus,
1219 2984 1273 3029 et
1312 2973 1522 3031 Pontus
1575 2976 1845 3041 Euxinus,
1882 2989 1935 3034 et
1972 2979 2105 3034 Pro-

512 3064 717 3132 pontis,
744 3075 798 3119 et
827 3064 1232 3136 Hellespontus,
1258 3078 1312 3124 et
1340 3069 1447 3124 alia
1475 3086 1720 3142 mquo-ra,
1751 3074 1921 3128 multo
1944 3074 2103 3143 plura

511 3171 677 3227 quam
712 3159 1043 3229 supradicta.

584 3313 753 3369 Vens.
786 3315 839 3369 7.
898 3336 915 3368 ι
956 3316 1210 3374 Educens
1253 3321 1428 3376 nubes
1462 3322 1529 3375 ab
1574 3331 1824 3379 extremo
1858 3332 2033 3378 terram
2081 3344 2098 3376 ι

514 3403 729 3458 Etenim
781 3421 1047 3476 aquarum
1095 3418 1310 3476 natura,
1337 3428 1460 3481 qua:
1491 3412 1749 3467 deorsum
1794 3415 1988 3477 tendit,
2021 3416 2105 3469 di—

512 3495 645 3549 vino
679 3493 858 3550 Verbo
887 3498 1235 3564 subducitur,
1257 3510 1311 3554 et
1341 3503 1595 3558 sublimis
1627 3504 1708 3569 ﬁt,
1740 3514 1794 3559 et
1823 3506 2108 3564 continen-

515 3596 626 3642 tem
678 3587 884 3659 irrigat.
933 3589 1015 3645 Ab
1043 3600 1288 3648 extremo
1338 3604 1523 3649 autem
1577 3605 1736 3652 terrae
1766 3598 1903 3652 dixit
1934 3600 2106 3654 nubes

514 3697 738 3738 sursum
769 3685 906 3750 tolli,
939 3687 1200 3757 quoniam
1245 3706 1310 3745 ex
1351 3691 1583 3747 marinis
1613 3695 1773 3764 aquis
1807 3704 2103 3751 constant:

514 3774 654 3830 ﬁnes
692 3791 819 3831 vero
857 3785 1014 3832 terra:
1043 3787 1173 3833 sunt
1205 3780 1362 3837 sinus
1394 3783 1613 3839 marini.
1652 3804 1671 3837 ‹
1713 3784 1954 3858 Fulgura
1987 3788 2107 3859 plu-

513 3868 616 3923 vize
648 3867 797 3925 fecit.
837 3888 858 3921 ι
897 3869 1240 3927 Pramuntiat
1272 3884 1452 3931 autem
1482 3877 1816 3935 amuentiam
1844 3881 2104 3936 imbrium

514 3963 848 4037 fulguribus,
879 3974 934 4021 et
959 3971 1205 4025 ostendit.
1232 3973 1562 4028 miraculum
1596 3975 1843 4029 omnium
1878 3976 2105 4031 mirabi-

515 4058 813 4114 lissimum.
849 4061 906 4115 In
944 4063 1105 4132 aquis
1130 4066 1274 4118 enim
1323 4064 1560 4135 fulguris
1587 4066 1733 4136 ignis
1759 4068 2105 4135 discurrens,

515 4166 696 4220 neque
758 4151 881 4206 illas
945 4153 1238 4218 calefacit.
1300 4172 1477 4227 neque
1539 4157 1657 4228 ipse
1713 4159 2104 4229 exstinguitur.

519 4262 541 4296 ι
579 4243 682 4311 Qui
716 4246 900 4302 educit
936 4257 1126 4304 ventos
1160 4265 1192 4305 e
1234 4251 1510 4306 thesauris
1558 4251 1695 4307 suis.
1738 4271 1756 4304 ι
1801 4253 2105 4309 Ventorum

514 4337 807 4394 thesauros
854 4356 966 4395 non
1022 4343 1184 4411 quasi
1214 4344 1595 4399 ‘reconditoria
1640 4360 1764 4401 esse
1802 4346 1978 4401 dicit:
2011 4348 2107 4403 sed

515 4433 800 4502 quoniam,
823 4449 948 4488 cum
980 4449 1075 4490 aer
1106 4445 1270 4491 vento
1303 4447 1474 4502 caret,
1510 4451 1886 4506 saepenumero
1914 4442 2109 4493 volun-

2197 657 2253 708 δὲ
2285 659 2432 710 καὶὸ
2459 658 2729 727 μακάριος
2764 658 2865 729 ἔφη
2894 660 3100 730 Μωσῆς
3121 674 3135 688 ·
3174 681 3192 713 ι
3229 662 3358 714 Ὅτε
3393 662 3704 733 διεμέριζεν
3756 665 3788 718 δ

2203 746 2466 816 "Tal/mro;
2505 749 2655 818 ἔθνη,
2679 750 2755 814 ὡς
2784 750 3098 822 διέσπειρεν
3132 752 3282 815 υἱοὺς
3324 753 3517 824 Ἀδὰμ,
3551 753 3789 825 ἔστησεν

2198 841 2324 910 ὅρια
2364 841 2536 894 ἐθνῶν
2567 846 2688 895 κατ’
2723 842 2957 914 ἀριθμὸν
2985 844 3239 912 ἀγγέλων
3267 844 3405 898 δεοὖ
3429 862 3443 879 ·
3476 846 3569 899 καὶ
3589 847 3787 918 ἐγενή-

2201 932 2269 1001 θη
2305 935 2462 1003 μερὶς
2480 936 2707 1003 Κυρίου,
2741 935 2870 997 λαὸς
2893 935 3059 989 αὑτοῦ
3094 935 3311 1002 Ἰακὼϐ,
3341 938 3631 1009 σχοίνισμα
3651 939 3787 1010 κλη-

2202 1027 2462 1096 ρονομίας
2513 1025 2678 1079 αὑτοῦ
2726 1027 2963 1098 Ἰσραήλ.
3013 1047 3033 1080 t

2271 1113 2329 1169 ε’.
2380 1135 2398 1167 ι
2436 1118 2554 1169 "Ott
2588 1116 2698 1184 ἐγὼ
2732 1116 2969 1184 ἔγνωκα,
3009 1118 3092 1172 ὅτι
3131 1118 3307 1189 μέγας
3349 1121 3378 1174 ὁ
3418 1119 3647 1191 Κύριος,
3686 1122 3789 1175 καὶ

2198 1209 2226 1261 ὁ
2256 1207 2463 1281 Κύριος
2496 1210 2651 1279 ἡμῶν
2682 1212 2834 1281 παρὰ
2873 1211 3082 1275 πάντας
3132 1212 3261 1275 τοὺς
3302 1211 3479 1275 θεούς.
3519 1231 3537 1265 ι
3564 1214 3645 1267 Δι’
3691 1213 3791 1267 αὑ-

2198 1301 2328 1365 τῶν,
2374 1303 2530 1369 φησὶ,
2570 1303 2976 1374 μεμαθήκαμεν
2996 1303 3106 1357 τῶν
3134 1305 3483 1375 πραγμάτων
3514 1304 3613 1359 τοῦ
3651 1308 3793 1377 ἠμε-

2198 1393 2356 1462 τέρου
2386 1392 2524 1445 Θεοῦ
2557 1396 2655 1463 τὴν
2683 1394 2858 1463 ἰσχὺν,
2887 1395 2983 1447 καὶ
3011 1396 3092 1448 ὅτι
3131 1395 3386 1465 οὐδαμῶς
3416 1396 3567 1466 αὑτῷ
3606 1413 3793 1468 παρα-

2202 1484 2469 1555 ϐληθῆναι
2494 1485 2820 1555 δυνήσονται
2847 1487 2899 1538 οἱ
2930 1487 3080 1559 παρὰ
3103 1487 3212 1540 τῶν
3234 1486 3410 1542 ἄλλων
3426 1488 3601 1542 ἐθνῶν
3620 1505 3791 1562 προσ-

2201 1576 2530 1645 κυνούμενοι
2554 1576 2699 1629 Θεοί.
2734 1578 2925 1639 Οὐδεὶς
2952 1580 3063 1647 γὰρ
3100 1576 3178 1647 τῷ
3216 1576 3328 1631 om
3375 1578 3471 1631 καὶ
3523 1580 3611 1634 ἀεὶ
3670 1580 3790 1633 am

2201 1669 2485 1739 συγκρίνει
2522 1668 2584 1722 τὸ
2615 1668 2881 1739 μηδαμῶς
2909 1668 2989 1723 δν.
3037 1664 3172 1723 Εἶτα
3226 1669 3335 1723 ἀπὸ
3370 1670 3469 1741 τῆς
3519 1670 3792 1742 δημιουρ-

2200 1763 2326 1831 γίας
2362 1761 2711 1816 ὑποδείκνυσι
2737 1764 2799 1815 τὸ
2827 1762 2919 1815 τοῦ
2941 1761 3078 1815 Θεοῦ
3110 1762 3357 1817 δυνατόν.
3434 1804 3439 1807 ‹

2274 1859 2348 1917 ς’.
2384 1871 2403 1904 ι
2435 1852 2621 1906 Πάντα
2649 1852 2750 1906 ὅσα
2779 1852 3046 1924 ἠθέλησεν
3072 1853 3102 1906 ὁ
3138 1851 3345 1923 Κύριος
3364 1893 3380 1918 ,
3421 1854 3682 1925 ἐποίησεν
3731 1856 3796 1908 ἐν

2202 1943 2280 2014 τῷ
2335 1942 2552 2015 οὐρανῷ
2598 1945 2694 1998 καὶ
2723 1946 2782 1997 ὲν
2812 1946 2878 2015 τῇ
2922 1947 3016 2014 γῇ,
3049 1944 3108 1996 ὲν
3162 1945 3285 2008 ταῖς
3343 1942 3649 2009 θαλάσσαις
3692 1946 3796 2000 καὶ

2201 2038 2259 2091 ὲν
2288 2035 2498 2098 πάσαις
2527 2038 2649 2099 ταῖς
2675 2035 2956 2099 ἀὸὑσσοις,
2987 2054 3006 2089 ι
3051 2034 3127 2090 Οὑ
3170 2037 3240 2107 τῇ
3268 2034 3501 2105 δυνάμει
3565 2034 3793 2107 σύμμε-

2202 2148 2311 2203 τρα
2337 2132 2406 2185 τὰ
2438 2132 2732 2201 γενόμενα,
2783 2130 2921 2184 ἀλλά
2956 2131 3025 2199 τῇ
3054 2127 3327 2199 βουλήσει.
3367 2128 3635 2182 Ἦδύνατο
3690 2128 3796 2198 μὲν

2203 2225 2313 2295 γὰρ
2340 2226 2437 2279 καὶ
2486 2223 2866 2278 πολλαπλάσια
2910 2222 3138 2287 τούτων,
3189 2222 3285 2275 καὶ
3341 2220 3524 2292 πολλῷ
3567 2220 3799 2291 μείζονα

2203 2315 2608 2387 δημιουργῆσαι
2639 2329 2653 2344 ·
2688 2313 2828 2368 ἀλλά
2856 2312 3097 2367 τοσαῦτα
3131 2312 3227 2366 καὶ
3264 2311 3495 2365 τοιαῦτα
3532 2309 3798 2381 ἠθέλησε.

2204 2410 2385 2466 Αὑτοῦ
2418 2410 2475 2463 δὲ
2496 2410 2649 2480 ὅμως
2679 2405 2858 2462 πάντα
2894 2408 3199 2476 ποιήματα,
3234 2404 3465 2479 οὐρανὸς
3488 2404 3585 2457 καὶ
3612 2405 3683 2457 τά
3703 2402 3800 2456 οὑ-

2210 2504 2390 2576 ράνια,
2421 2504 2491 2572 γῆ
2520 2502 2616 2556 καὶ
2646 2500 2716 2554 τὰ
2740 2501 2982 2569 ἐπίγεια,
3012 2498 3263 2553 θάλασσα
3303 2497 3491 2551 καὶτὰ
3523 2499 3583 2579 εν
3625 2497 3795 2567 αὐτῇ.

2220 2595 2549 2659 Ἀσύσσους
2578 2594 2636 2647 δὲ
2662 2592 2821 2647 καλεῖ
2847 2592 2907 2645 τὸ
2931 2593 3164 2663 ἄπειρον
3175 2590 3288 2645 τῶν
3321 2592 3532 2645 ὑδάτων
3560 2587 3798 2659 πλῆθος.

2207 2688 2596 2760 Πληθυντικῶς
2628 2687 2685 2742 δὲ
2723 2685 3046 2753 θαλάσσας
3066 2685 3349 2749 ἐκάλεσεν,
3378 2682 3571 2754 ἐπειδὴ
3598 2684 3680 2746 εξς
3696 2699 3801 2735 πε-

2206 2780 2349 2851 λάγη
2382 2780 2614 2851 πολλάή
2653 2779 2753 2851 μία
2781 2778 3039 2851 διῄρηται
3093 2777 3363 2832 θάλασσα.
3439 2772 3802 2836 Ἀτλαντικὸς

2206 2878 2316 2946 γὰρ
2346 2873 2566 2935 κόλπος,
2598 2874 2692 2925 καὶ
2733 2872 3009 2935 Ὠκεανὸς,
3046 2869 3143 2924 καὶ
3173 2868 3539 2941 Τυρρηνικὸς,
3571 2867 3668 2920 καὶ
3701 2866 3805 2919 Ἰό-

2207 2966 2322 3029 νιός
2347 2982 2429 3028 τε,
2455 2966 2549 3017 καὶ
2573 2964 2798 3031 Αἰγαῖος
2833 2963 2903 3029 ⁸⁵,
2937 2963 3033 3015 καὶ
3071 2960 3387 3033 Ἀραϐικὸς,
3415 2962 3509 3015 καὶ
3548 2956 3801 3021 Ἰνδικὸς,

2207 3059 2303 3114 κα)⁵
2331 3058 2580 3125 Εὔξεινος
2613 3059 2833 3121 Πόντος,
2865 3056 2960 3109 καὶ
2978 3055 3305 3124 Προποντὶς,
3342 3052 3438 3107 καὶ
3473 3050 3806 3124 Ἑλλήσπον-

2209 3170 2320 3216 τος,
2372 3154 2468 3205 καὶ
2498 3152 2666 3224 ’ἐτερα
2690 3150 2906 3219 πελάγη
2959 3146 3345 3201 πολλαπλάσια
3395 3143 3502 3200 τῶν
3563 3142 3803 3214 εἰρημέ-

2134 3248 2180 3307 C
2211 3264 2337 3300 νων.

2282 3337 2348 3402 ζ’.
2385 3354 2405 3387 ι
2449 3333 2694 3400 Ἀνάγων
2735 3330 2967 3398 νεφέλας
2994 3328 3041 3362 ³⁸
3063 3327 3123 3395 ἐξ
3171 3325 3402 3396 ἐσχάτου
3448 3324 3550 3394 τῆς
3609 3323 3737 3394 γῆς.
3776 3341 3801 3377 ι

2208 3428 2300 3499 Τῷ
2326 3427 2434 3498 γάρ
2457 3426 2589 3494 θείῳ
2626 3424 2785 3493 Λόγῳ
2810 3423 2844 3493 ἡ
2874 3418 3205 3490 κατωφερὴς
3235 3417 3344 3470 τῶν
3389 3416 3597 3471 ὑδάτων
3637 3414 3809 3483 φύσις

2210 3517 2522 3583 ἀνέλκεται,
2554 3515 2649 3569 καὶ⁵
2674 3513 2948 3584 μετέωρος
2975 3511 3205 3579 γίνεται,
3228 3509 3322 3562 καὶ
3341 3506 3495 3575 άρδει
3522 3506 3620 3575 τὴν
3642 3506 3812 3577 ἠπει-

2210 3628 2304 3685 ρον
2335 3610 2401 3664 δ’.
2449 3609 2539 3675 Ἐξ
2566 3607 2798 3677 ἐσχάτου
2829 3603 2887 3657 δὲ
2911 3602 3013 3672 τῆς
3045 3601 3151 3671 γῆς
3176 3598 3385 3669 ταύτην
3406 3595 3561 3652 εἶπεν
3601 3599 3811 3667 ἀνάγε-

2211 3703 2362 3767 σθαι,
2396 3698 2586 3770 ἐπειδὴ
2617 3700 2683 3751 ὲκ
2718 3696 2826 3749 τῶν
2862 3693 3169 3749 θαλαττίων
3197 3692 3407 3746 ὑδάτων
3458 3690 3809 3744 συνίσταται.

2211 3793 2476 3866 Τέρματα
2503 3791 2559 3845 δὲ
2589 3790 2686 3860 τῆς
2708 3789 2811 3858 γῆς
2838 3788 2891 3841 οἱ
2924 3784 3203 3839 θαλάττιοι
3232 3781 3445 3835 κόλποι.
3491 3798 3511 3832 ι
3558 3780 3809 3851 ’Δστρα-

2209 3888 2321 3951 πάς
2360 3885 2439 3948 είς
2470 3883 2626 3938 ὑετὸν
2664 3880 2943 3951 ἐποίησεν.
2984 3896 3004 3930 ι
3040 3872 3356 3946 ιῖρομηνὺει
3386 3872 3445 3957 δὲ
3470 3872 3581 3926 τῶν
3625 3872 3813 3926 ὑετῶν

2208 3979 2309 4050 τὴν
2334 3974 2596 4048 χορηγίαν
2621 3975 2742 4036 ταῖς
2790 3971 3128 4042 ἀστραπαῖς,
3180 3967 3279 4021 καὶ⁵
3318 3964 3564 4019 δείκνυσι
3614 3963 3813 4035 θαῦμα

2209 4072 2429 4126 πάντων
2460 4063 2914 4138 παραδοξότατον.
2974 4060 3064 4114 Ἐν
3113 4058 3271 4113 ὑδασι
3310 4056 3422 4129 γὰρ
3478 4056 3541 4109 τὸ
3597 4057 3811 4127 ἀστρα-

2209 4167 2367 4219 παῖον
2381 4162 2428 4196 ⁸⁸
2458 4158 2742 4232 διατρέχον
2764 4154 2899 4227 πῦρ,
2924 4151 3051 4209 οὔτε
3076 4153 3263 4206 ἐκεῖνα
3283 4151 3329 4183 ⁸⁸
3352 4148 3662 4221 θερμαίνει,
3680 4150 3811 4202 οὔτε

2208 4255 2346 4311 αὐτὸ
2375 4251 2829 4309 κατασϐέννυται.
2865 4265 2885 4299 ι
2925 4246 2982 4299 '0
3006 4244 3218 4314 ἐξάγων
3244 4242 3482 4311 ἀνέμους
3504 4241 3572 4293 ὲκ
3595 4239 3809 4309 θησαυ-

2213 4348 2322 4419 ρῶν
2352 4344 2540 4400 αὑτοῦ.
2581 4361 2601 4394 ι
2632 4338 2955 4414 Θησαυροὺς
2981 4336 3204 4408 ἀνέμων
3232 4334 3334 4388 οὑκ
3353 4332 3640 4403 ἀποθήκας
3662 4326 3813 4385 εἶναι

2211 4441 2361 4510 λέγει
2396 4437 2573 4502 τινὰς,
2607 4435 2722 4491 ἀλλ’
2757 4430 2949 4502 ἔπειδὴ
2992 4429 3287 4499 ἀπήνεμον
3339 4426 3470 4481 om
3518 4425 3614 4478 τὸν
3665 4424 3813 4495 ἀέρα

515 4532 604 4583 tas
633 4525 820 4580 divina
858 4535 993 4581 nutu
1028 4542 1130 4582 suo
1158 4526 1320 4583 facile
1356 4528 1510 4583 illum
1551 4538 1753 4597 movet,
1788 4531 2103 4588 thesaurum

2213 4533 2477 4596 πολλάκις
2503 4529 2704 4602 ῥᾳδίως
2731 4524 2997 4597 ἐθελήσας
3026 4522 3167 4597 κινεῖ
3184 4523 3248 4574 τὸ
3270 4519 3520 4591 βούλημα
3548 4519 3611 4571 τὸ
3636 4516 3810 4580 θεῖον,

515 4626 807 4672 ventorum
836 4619 1075 4674 vocavit.
1129 4620 1308 4676 Simul
1360 4635 1426 4676 ac
1473 4622 1687 4688 annuit,
1718 4622 1959 4694 undique
1992 4626 2103 4695 spi-

2214 4625 2751 4701 θησαυρὺνάνέμων
2810 4617 3100 4675 ἐκάλεσεν.
3135 4615 3295 4686 Ἅμα
3340 4629 3404 4667 τε
3461 4610 3575 4682 γὰρ
3632 4610 3813 4674 νεύει,

517 4716 663 4763 rant.
723 4707 825 4765 Ubi
867 4725 1161 4767 commune
1194 4713 1476 4783 apiﬂcium
1512 4723 1566 4769 et
1602 4716 1998 4784 providentiam
2027 4719 2110 4776 sic

516 4801 941 4871 demonstravit,
971 4806 1226 4875 deinceps
1267 4805 1585 4864 Judzeorum
1627 4808 1896 4867 beneﬁcia
1918 4826 2108 4882 perse-

518 4893 727 4961 quitur.
1854 4910 1855 4913 ‘

589 4987 759 5047 Vens.
789 4990 844 5049 8.
885 5012 903 5045 ι
934 4992 1039 5062 Qui
1070 4997 1345 5067 percussit
1381 4996 1743 5069 primogenita
1772 4998 2017 5071 Egypti,
2045 5001 2112 5057 ab

518 5086 740 5142 nomine
811 5102 985 5157 usque
1030 5090 1097 5143 ad
1160 5104 1348 5158 pecus.
1388 5108 1407 5142 ι
1470 5091 1838 5152 Novissimam
1892 5096 2111 5165 plagam

2214 4724 2311 4780 καὶ
2341 4718 2679 4791 πανταχόθεν
2701 4715 3012 4790 προσίασιν.
3031 4709 3190 4768 Οὕτω
3202 4708 3302 4780 τὴν
3327 4705 3517 4776 κοινὴν
3541 4704 3813 4774 δημιουρ-

2220 4818 2347 4888 γίαν
2377 4817 2471 4872 καὶ⁹
2519 4813 2786 4886 πρόνοιαν
2818 4804 3135 4871 ὑποδείξας,
3169 4804 3271 4865 τὰς
3311 4795 3588 4853 Ἰουδαίων
3617 4795 3815 4849 λοιπὸν

2218 4905 2541 4978 εὐεργεσίας
2571 4901 2844 4967 διέξεισιν.

2401 5016 2421 5051 ι
2464 4999 2561 5060 Ὃς
2585 4990 2824 5058 ἐπάταξε
2858 4989 2931 5046 τὰ
2972 4983 3309 5057 πρωτότοκα
3355 4976 3639 5048 Δίγὺπτου
3703 4975 3816 5031 ἀπὺ

2221 5091 2513 5164 ἀνθρώπου
2537 5089 2643 5151 ἕως
2695 5086 2952 5156 κτήνους.
2991 5099 3011 5133 ι
3056 5078 3173 5151 Τὴν
3225 5073 3546 5130 τελευταίαν
3594 5070 3814 5164 πληγὴν

518 5182 753 5250 primam
784 5183 985 5251 posuit,
1015 5183 1278 5253 quoniam
1306 5184 1619 5243 libertatem
1639 5197 1765 5259 post
1793 5161 1939 5246 hanc
1965 5161 2103 5245 rece-

2222 5161 2443 5238 τέθεικε
2487 5176 2737 5249 πρώτην,
2758 5172 2947 5244 ἐπειδὴ
3004 5171 3142 5243 μετά
3208 5166 3417 5237 ταύτην
3452 5164 3554 5233 τὴν
3588 5161 3817 5215 ἐλευθε-

517 5285 735 5343 perunt.

597 5464 627 5493 ιι
657 5451 817 5509 Deut.
846 5468 1019 5522 um,
1049 5457 1103 5523 8,
1134 5457 1190 5513 9.

2222 5280 2344 5352 ρίαν
2366 5271 2635 5337 ἐδέξαντο.

1652 5646 1887 5703 νΑιιιΑε
1936 5645 2323 5705 LECTIONES
2354 5643 2441 5700 ET
2482 5637 2716 5697 NOTIE.

596 5823 645 5903 ff
676 5822 1033 5903 Κηᾲᾴιιενος.
1097 5826 1221 5881 cod.
1283 5824 1326 5903 _t_
1358 5819 1725 5903 “cp-Stodpavoc,
1767 5823 2021 5903 ascripta
2062 5831 2103 5903 ta

2211 5839 2242 5901 n_
2270 5820 2470 5903 .altera
2521 5817 2777 5902 lectione.
2821 5810 3184 5903 *πίεσαι-εί.
3221 5808 3486 5878 Αίγειος..

530 5892 745 5961 pexae.
780 5891 940 5960 Hebr.
966 5909 1205 5964 vapores.
1281 5895 1326 5926 "
1358 5894 1656 5958 Ἤπειρον.
1682 5895 1802 5950 cod.
1841 5896 1864 5948 1
1898 5891 2020 5963 γῆν.
2098 5894 2103 5922 ¹

2206 5891 2306 5948 bid.
2344 5891 2714 5960 ἀστραπαῖον.

3592 5804 3641 5838 σο
3699 5803 3820 5860 Νι,

2820 5885 2864 5915 ⁸⁸
2893 5882 2969 5939 ib.
3007 5881 3207 5934 ἐκεῖνο.
