4128 6450
1500 463 1994 525 THEODORETI
2045 407 2411 521 EPISCOPI.
2436 451 2811 517 CYRENSIS
3665 443 3807 510 1920

611 583 776 637 Vsus.
823 580 912 633 18.
950 597 969 630 ι
1006 577 1224 633 Similes
1264 576 1373 631 illis
1417 576 1546 629 ﬂant
1580 576 1674 644 qui
1711 576 2025 635 faciuntea.
2058 583 2113 628 et

2288 568 2376 639 ιη’.
2417 588 2435 618 ι
2472 569 2688 637 Ὅμοιοι
2722 562 2909 625 αὐτοῖς
2941 558 3187 637 γένοιντο
3207 560 3256 612 οἱ
3295 556 3579 618 ποιοῦντες
3632 556 3801 614 αὐτὰ.

539 688 729 726 omnes
762 672 853 741 qui
886 670 1170 726 conﬁdunt
1197 669 1251 723 in
1285 670 1384 721 cis.
1431 687 1449 720 ι
1509 666 1682 735 Hujus
1725 682 1985 721 sonsuum
2022 667 2113 720 de-

2217 662 2314 716 καὶ
2368 661 2572 721 πάντες
2619 659 2669 709 οί
2737 654 3063 718 πεποιθότες
3110 650 3198 704 ἐπ’
3259 650 3463 710 αὐτοῖς.
3503 667 3521 699 ι
3580 648 3805 716 Ταύτης

540 763 715 819 fectus
740 737 889 834 digni
931 772 1057 817 sunt
1087 773 1144 816 ut
1185 762 1478 831 participes
1514 761 1662 822 ﬁant,
1704 770 1757 814 et
1786 761 1879 829 qui
1922 774 2113 813 eorum

2217 754 2355 807 είσὶν
2385 751 2527 816 ἄξιοι
2561 752 2662 820 τῆς
2694 745 3055 817 ἀναισθησίας
3089 741 3440 813 μεταλαχείν,
3475 738 3572 792 καὶ
3599 738 3651 789 οί
3705 737 3806 843 δη-

539 865 669 911 sunt
695 830 937 924 oliitices,
968 865 1022 909 et
1049 856 1139 924 qui
1170 830 1284 922 ipsa
1319 854 1529 907 colunt.
1563 852 1697 906 Nam
1727 868 1822 907 eos
1851 853 2112 922 qui,cum

2219 843 2610 916 μιουργοῦντες
2639 840 2779 895 αὐτά
2797 879 2812 903 ,
2837 840 2933 893 καὶ
2959 840 3008 891 oi
3037 832 3651 905 προσκυνοῦντες.Τοῦς
3689 830 3804 924 γὰρ

537 949 764 1002 rationis
799 956 982 1002 essent
1014 946 1330 1016 participes,
1373 948 1504 999 deos
1538 954 1872 999 censuerunt
1898 959 1957 996 ca
1994 958 2113 1012 qua!

2217 936 2375 1003 λόγου
2410 935 2761 1006 μετέχοντας,
2822 931 2918 985 καὶ
2971 929 3131 991 Θεοῦς
3194 924 3685 1016 ὑπολαμϐάνοντας
3732 922 3806 974 τὰ

536 1039 660 1091 vita-
686 1047 815 1092 sunt
844 1015 1085 1106 expertia
1121 1047 1173 1091 et
1214 1036 1464 1099 rationis,
1495 1037 1704 1104 justum
1738 1045 1824 1089 est
1869 1035 2113 1091 defectus

2217 1028 2363 1095 ζωῆς
2390 1026 2733 1096 ἐστερημένα
2765 1024 2875 1081 καὶΔ
2909 1022 3095 1090 λόγου,
3147 1019 3357 1073 δίκαιον
3415 1016 3517 1086 τῆς
3570 1015 3805 1067 ἐκείνων

542 469 676 535 1919

535 1129 770 1182 rationis
798 1130 1018 1182 illorum
1048 1144 1169 1183 esse
1201 1128 1519 1196 participes.

608 1221 769 1275 Vens.
805 1222 887 1276 l9.
942 1242 960 1273 ι
1000 1221 1202 1275 Domus
1231 1220 1746 1281 Isracl,benetlicite
1792 1219 2046 1274 Domino.
2087 1237 2107 1271 ι

534 1310 615 1365 Illi
656 1313 900 1382 quidem,
951 1314 1050 1379 ait,
1091 1321 1305 1367 tantum
1353 1314 1617 1366 honorem
1653 1312 1912 1367 inanimis
1949 1311 2112 1366 idolis

536 1405 806 1459 tribuunt.
846 1405 956 1459 Vos
995 1420 1125 1460 vero
1156 1421 1340 1458 rerum
1376 1404 1620 1458 omnium
1650 1403 1909 1473 Opiﬁcem
1934 1403 2112 1456 laudi-

539 1495 641 1549 bus
668 1497 1095 1565 prosequimini.
1142 1516 1159 1547 ι
1193 1497 1397 1552 Domus
1435 1497 1636 1558 Aaron,
1669 1497 1969 1550 benedicitc
2003 1497 2109 1550 Do-

537 1587 709 1641 mino.
741 1605 761 1637 ι
799 1586 1067 1642 Discrevit
1113 1589 1419 1643 sacerdotes
1449 1604 1476 1642 a
1513 1589 1734 1657 populo,
1765 1597 1819 1642 et
1860 1603 2107 1642 commo-

534 1679 737 1733 nefecit
770 1688 829 1732 ut
863 1680 1005 1748 apud
1041 1695 1099 1734 se
1134 1682 1281 1749 ipsos
1312 1690 1365 1733 et
1394 1680 1624 1736 seorsim
1660 1681 1943 1733 laudarent
1976 1700 1988 1734 :
2024 1688 2108 1734 at-

535 1783 641 1838 que
665 1769 769 1823 hac
797 1769 1009 1824 ratione
1034 1771 1332 1825 discrimen
1364 1770 1585 1824 illorum
1614 1771 1828 1840 1519
1846 1771 2105 1825 ostendit.

606 1857 772 1914 Vens.
803 1860 894 1914 90.
951 1880 970 1912 ι
1003 1861 1207 1917 Domus
1260 1861 1410 1927 Levi,
1445 1862 1749 1916 benedicite
1788 1862 2036 1917 Domino.
2082 1881 2101 1913 ι

532 1948 748 2007 Rursus
779 1952 897 2005 haec
933 1964 1015 2008 est
1046 1954 1147 2007 alia
1181 1953 1506 2008 differentia.
1560 1954 1763 2008 Lex-itas
1806 1956 1951 2008 enim
1985 1955 2105 2010 aliis

530 2041 749 2109 quidem
785 2053 910 2096 sunt
960 2042 1360 2107 honoratiores,
1399 2043 1492 2098 sed
1534 2044 1917 2099 sacerdotibus
1968 2042 2099 2097 infe-

530 2132 728 2199 riores.
774 2131 853 2186 Ne
900 2134 1067 2204 igitur
1099 2142 1154 2188 et
1187 2135 1292 2204 ipsi
1339 2135 1732 2189 sacerdotalem
1788 2134 2107 2205 dignitatem

531 2225 842 2292 subripiunt
871 2227 1013 2298 (ausi
1040 2236 1170 2281 sunt
1197 2227 1341 2280 enim
1369 2236 1419 2280 et
1449 2227 1581 2281 olim
1618 2227 1721 2282 hoc
1752 2227 1936 2280 divino
1962 2227 2110 2281 Mose

531 2316 871 2386 superstite),
901 2332 1127 2372 necesse
1161 2326 1278 2371 erat
1305 2326 1364 2371 ut
1400 2317 1501 2372 hos
1534 2333 1753 2388 quoque
1781 2333 1810 2372 a
1857 2318 2112 2373 sacerdo-

534 2406 686 2460 tibus
708 2406 1069 2460 discerneret.
1107 2425 1126 2458 ι
1162 2406 1264 2472 Qui
1303 2407 1506 2463 timetis
1543 2408 1859 2473 Dominum,
1890 2408 2111 2463 benedi-

531 2497 639 2549 cite
672 2494 922 2550 Domino.
954 2513 973 2546 ι
1011 2497 1073 2551 Ει
1102 2496 1189 2551 hic
1218 2504 1301 2552 est
1330 2498 1472 2551 alius
1503 2497 1638 2552 ordo
1670 2512 1859 2551 eorum
1921 2499 2012 2569 qui
2044 2514 2108 2553 ex

526 2584 736 2640 Jacobo
775 2587 995 2656 quidem
1039 2587 1266 2642 minime
1316 2603 1490 2658 genus
1532 2587 1762 2652 ducunt,
1816 2589 1909 2643 sed
1958 2590 2110 2646 illius

530 2677 786 2747 pietatem
818 2679 1249 2747 amplectuntur.
1286 2679 1378 2734 Sic
1412 2688 1593 2735 autem
1626 2687 1682 2735 et
1708 2679 1830 2749 pios
1860 2681 2112 2736 nomina-

531 2770 663 2825 bant
692 2772 1017 2841 proselytos.
1065 2769 1180 2826 Hoc
1208 2786 1338 2826 vero
1366 2771 1542 2841 ipsum
1575 2773 1738 2827 etiam
1766 2772 1984 2828 Judaeos
2010 2774 2110 2829 do-

531 2877 657 2918 cere
707 2872 906 2933 potest,
955 2866 1339 2919 universorum
1376 2866 1543 2920 Deum
1576 2882 1789 2922 morum
1825 2867 2110 2939 cognatio-

532 2971 656 3011 nem
688 2957 938 3027 corporis
960 2960 1278 3029 cognationi
1311 2962 1589 3028 praeferre.

602 3047 769 3104 Vnus.
814 3050 905 3106 21.
964 3068 982 3100 ι
1022 3050 1349 3106 Benedictus
1400 3050 1666 3107 Dominus
1716 3067 1747 3108 e
1780 3052 1964 3117 Sione,
2015 3054 2111 3123 qui

533 3140 746 3196 habitat
797 3142 851 3195 in
894 3142 1294 3213 Hierosolyma.
1334 3162 1353 3194 ι
1408 3142 1552 3198 Deus
1603 3160 1727 3198 cum
1770 3146 2112 3201 benedicitur

2219 1121 2509 1189 μετασχεῖν
2535 1116 2784 1184 ἀλογίας.

2288 1209 2371 1261 ιϐ’.
2413 1226 2432 1259 ι
2471 1204 2635 1271 Οἶκος
2699 1207 2939 1279 Ἰσραὴλ,
2970 1205 3309 1276 εὐλογήσατε
3360 1201 3452 1255 τὸν
3507 1199 3741 1268 Κύριον.
3778 1215 3799 1247 ι

2226 1296 2454 1350 Ἐκεῖνοι
2484 1298 2602 1367 μὲν,
2638 1297 2793 1366 φησὶ,
2813 1295 3088 1363 τοσαύτην
3122 1293 3464 1362 ἀπονέμουσι
3496 1289 3806 1360 θεραπείαν

2210 1390 2325 1450 τοῖς
2354 1388 2587 1458 ἀψύχοις
2621 1387 2862 1447 εἰδώλοις
2888 1402 2903 1416 ο
2940 1388 3104 1455 ὑμεῖς
3138 1385 3196 1439 δὲ
3240 1384 3331 1438 τὸν
3375 1382 3482 1436 τῶν
3539 1381 3805 1433 ἀπάντων

2211 1481 2488 1550 ύμνήσατε
2514 1480 2771 1549 Ποιητήν.
2797 1497 2817 1529 ι
2851 1474 3011 1541 Οῐκος
3057 1476 3291 1546 Ἀαρὼν,
3321 1475 3651 1545 εὐλογήσατε
3705 1473 3802 1525 τὸν

2210 1571 2441 1641 Κύριον.
2476 1589 2494 1621 ι
2540 1570 2792 1641 Διέκρινε
2852 1568 2949 1623 τοῦ
2984 1569 3115 1622 λαοῦ
3143 1569 3272 1630 τοὺς
3300 1567 3501 1636 ἱερέας,
3537 1566 3633 1618 καὶ
3670 1564 3801 1617 καθ’

2210 1662 2434 1724 ἑαυτοὺς
2460 1661 2649 1731 ὑμνεῖν
2683 1661 3049 1731 παρηγγύησε
3071 1702 3086 1727 ,
3119 1660 3296 1729 ταύτῃ
3323 1658 3540 1720 δεικνὺς
3572 1656 3633 1709 τὸ
3673 1656 3802 1709 διὰ-

2210 1769 2398 1824 φορον.

2279 1852 2347 1899 κ’.
2397 1865 2416 1897 ι
2440 1840 2601 1909 Οἶκος
2628 1846 3126 1915 Δευῒ,εὐλογήσατε
3157 1843 3248 1898 τὸν
3274 1841 3501 1914 Κύριον.
3533 1858 3553 1893 ›
3601 1839 3802 1908 Ἑτέρα

2210 1937 2373 1990 πάλιν
2405 1937 2642 1991 ἐνταῦθα
2670 1937 2926 2008 διαφορά.
2968 1938 3032 1990 Οί
3089 1937 3200 2007 γὰρ
3252 1932 3479 1988 Λευῖται
3526 1931 3637 1985 τῶν
3693 1930 3805 2000 μὲν

2209 2028 2386 2082 ἄλλων
2418 2026 2759 2097 τιμιώτεροι,
2790 2026 2900 2081 τῶν
2929 2027 2985 2081 δὲ
3014 2026 3204 2095 ἱερέων
3239 2023 3641 2092 ὑποδεέστεροι.
3675 2021 3802 2074 Ἵνα

2208 2119 2389 2172 τοίνυν
2422 2117 2497 2188 μὴ
2522 2118 2617 2172 καὶ
2632 2113 2779 2172 οὗτοι
2808 2119 2908 2187 τὴν
2957 2116 3242 2187 ἱερατικὴν
3271 2114 3431 2180 ἀξίαν
3468 2112 3803 2182 ἁρπάσωσιν

2212 2210 2541 2281 (ἐτόλμησαν
2579 2210 2691 2279 γὰρ
2731 2211 2826 2263 καὶ
2863 2209 3031 2263 πάλαι
3051 2208 3210 2262 τοῦτο
3241 2207 3336 2260 τοῦ
3361 2205 3651 2258 θεσπεσίου
3672 2205 3804 2256 Μω-

2212 2301 2308 2355 σοῦ
2347 2300 2675 2371 περιόντος),
2729 2303 3046 2369 ἀναγκαίως
3103 2301 3197 2353 καὶ
3262 2298 3483 2360 τούτους
3529 2296 3637 2350 ἀπὸ
3682 2295 3801 2350 τῶν

2213 2390 2402 2461 ἱερέων
2431 2390 2745 2461 ἀπέκρινεν.
2791 2408 2810 2442 ι
2847 2392 2912 2444 Οί
2966 2390 3289 2459 φοϐούμενοι
3342 2387 3435 2440 τὸν
3459 2387 3800 2458 Κύριον,εὐ-

2210 2480 2478 2552 λογήσατε
2505 2481 2596 2534 τὸν
2620 2481 2842 2549 Κύριον.
2876 2500 2896 2534 ι
2934 2481 3164 2551 Ἕτερον
3194 2481 3287 2533 καὶ
3308 2479 3466 2534 τοῦτο
3488 2478 3696 2546 τάγμα,
3730 2478 3801 2530 ὲκ

2215 2572 2314 2641 μὲν
2337 2572 2432 2625 τοῦ
2468 2571 2663 2626 Ἰακὼϐ
2686 2575 2747 2626 οὐ
2776 2573 3015 2640 κατάγον
3051 2571 3112 2624 τὸ
3144 2572 3318 2639 γένος,
3350 2570 3559 2623 ἐκείνου
3607 2568 3667 2621 δὲ
3695 2575 3803 2637 τὴν

2210 2664 2491 2717 εὐσέϐειαν
2546 2662 2950 2733 ἀσπαζόμενον.
2992 2661 3151 2715 Οὕτω
3179 2661 3235 2713 δὲ
3262 2660 3357 2714 xui.
3384 2662 3511 2723 τοὺς
3548 2658 3803 2724 εὐσεὸεϊς

2210 2754 2491 2825 ὠνόμαζον
2550 2754 2941 2825 προσηλύτους.
2987 2754 3191 2808 Ἱκανὸν
3218 2753 3277 2805 δὲ
3307 2752 3402 2805 καὶ
3454 2752 3614 2805 τοῦτο
3661 2753 3805 2805 Ἰου-

2211 2842 2394 2906 δαίους
2443 2843 2677 2910 διδάξαι,
2734 2843 2810 2906 ὡς
2834 2844 2862 2896 ὁ
2888 2842 2995 2895 τῶν
3020 2841 3158 2895 ὃλων
3193 2840 3325 2903 Θεὸς
3346 2840 3447 2909 τῆς
3475 2839 3805 2910 σωματικῆς

2215 2936 2536 3004 συγγενείας
2594 2935 2693 3006 τὴν
2731 2935 2840 2989 τῶν
2877 2935 3097 3005 τρόπων
3126 2932 3411 3004 προκρίνει
3455 2932 3805 3000 συγγένειαν.

2284 3026 2391 3082 κα’.
2435 3047 2453 3079 ι
2488 3026 2798 3097 Εὐλογητὸς
2820 3027 3027 3098 Κύριος
3055 3029 3122 3080 ὲκ
3148 3027 3191 3057 ⁸³
3242 3025 3406 3088 Σιὼν,
3445 3026 3475 3078 ὁ
3526 3025 3810 3079 κατοικῶν

2229 3120 2588 3192 Ἰερουσαλήμ
2636 3120 2703 3174 ⁸³.
2742 3140 2761 3171 ι
2823 3118 3231 3189 Εὐλογούμενος
3275 3121 3303 3171 ὁ
3361 3118 3495 3181 Θεὸς
3550 3117 3807 3185 εὐλογεΡ

535 3233 846 3289 henedicit:
903 3236 996 3288 sed
1051 3251 1111 3288 re
1141 3209 1433 3299 benedicit,
1464 3236 1804 3292 benedicitur
1832 3254 1963 3293 vero
1994 3254 2111 3295 ser-

2217 3213 2331 3266 ἀλλ⁹
2365 3213 2578 3282 εὐλογεί
2608 3212 2705 3282 μὲν
2750 3210 2917 3282 ἔργῳ,
2968 3211 3275 3280 εὐλογεῖται
3321 3210 3379 3262 δὲ
3400 3210 3568 3278 λόγῳ.
3601 3209 3714 3263 Καὶ
3754 3211 3808 3263 οι

534 3340 719 3380 mone.
754 3326 821 3379 Et
873 3326 965 3395 qui
1019 3327 1265 3390 laudant,
1321 3328 1483 3383 verba
1516 3330 1787 3385 aﬂ‘erunto:
1825 3331 1943 3399 ipse
1983 3346 2113 3386 vero

2219 3305 2316 3375 μὲν
2350 3303 2647 3373 ὑμνοῦντες
2678 3303 3052 3373 προσφέρουσι
3083 3303 3328 3373 ῥήματα,
3372 3300 3537 3362 αὐτὸς
3587 3300 3644 3353 δὲ
3703 3300 3814 3371 τὴν

534 3429 721 3468 rerum
783 3415 1028 3482 ipsarum
1094 3416 1477 3473 benedictione
1537 3432 1871 3474 remunerat.
1931 3422 2112 3489 Ipsum

533 3511 719 3557 autem
773 3503 1171 3572 Hierosolyma:
1215 3506 1465 3562 habitare
1505 3508 1658 3572 dicit,
1714 3525 1821 3563 non
1873 3511 2113 3565 divinam

537 3602 791 3649 naturam
845 3594 919 3649 ibi
972 3596 1455 3666 circumscribens,
1506 3600 1601 3655 sed
1659 3602 1731 3654 ibi
1777 3602 1940 3657 Deum
1987 3612 2118 3658 tunc

535 3690 861 3758 apparuisse
899 3689 1099 3743 sciens.

921 3779 1196 3835 lN'l‘ERP.
1241 3780 1494 3837 PSALMI
1536 3782 1795 3841 CXXXV.

612 3867 776 3927 Vitas.
807 3871 859 3925 Ι.
898 3871 1154 3927 Alleluia.
1193 3870 1349 3930 Hunc
1385 3876 1547 3930 etiam
1581 3877 1844 3948 hymnum
1880 3881 2118 3949 prophe-

536 3961 644 4017 tica
683 3963 855 4032 gratia
901 3964 1108 4019 eisdem
1146 3967 1393 4037 scripsit,
1448 3984 1545 4038 per
1594 3970 1750 4039 plura
1788 3972 2116 4028 documenta

538 4056 828 4111 utilitatem
870 4057 1005 4127 ipsis
1044 4074 1378 4125 procurans.
1438 4080 1456 4113 ι
1495 4062 1843 4118 Conlitemiui
1884 4064 2119 4120 Domino

539 4148 797 4217 quoniam
830 4149 1026 4214 bonus,
1058 4151 1319 4219 quoniam
1351 4152 1403 4206 in
1447 4162 1712 4208 aeternum
1746 4155 2116 4212 misericordia

538 4246 680 4315 ejus.
722 4265 741 4297 ›
803 4245 1025 4312 Oll‘crte,
1084 4249 1280 4319 inquit,
1353 4250 1465 4305 Deo
1526 4252 1826 4321 gratiarum
1889 4254 2122 4309 actionis

540 4335 829 4407 hymnum,
874 4339 1144 4394 recordati
1176 4340 1474 4405 bonorum,
1508 4358 1631 4413 qua:
1661 4343 1730 4397 ab
1763 4345 1882 4413 ipso
1919 4361 2119 4416 suppe-

539 4424 707 4481 ditata
759 4426 999 4494 fuerunt,
1042 4429 1601 4504 inexplicabilemque
1639 4434 1760 4504 ejus
1804 4435 2121 4492 miscricor-

539 4516 684 4572 diam
711 4519 1072 4577 admirantes.

2214 3396 2306 3449 διὰ
2335 3396 2679 3469 πραγμάτων
2709 3394 3048 3449 ἀντιδίδωσιν
3094 3394 3368 3461 εὐλογίαν.
3403 3394 3702 3446 Κατοικείν
3749 3390 3813 3447 δὲ

2216 3485 2375 3539 αὐτὸν
2405 3488 2464 3538 ὲν
2512 3484 2873 3555 Ἰερουσαλὴμ
2904 3483 3029 3555 ἔφη,
3063 3485 3127 3537 οὐ
3157 3485 3255 3554 τὴν
3287 3482 3441 3536 θείαν
3467 3484 3587 3535 ἐκεῖ
3639 3499 3812 3554 περι-

2218 3581 2448 3648 γράφων
2478 3578 2663 3648 φύσιν,
2696 3576 2812 3630 ἀλλ’
2840 3580 2959 3631 ἐκεῖ
2999 3576 3302 3647 τηνικαῦτα
3343 3575 3441 3645 τὴν
3473 3573 3627 3628 θείαν
3686 3578 3817 3629 ὲπι-

2218 3672 2447 3738 φάνειαν
2481 3670 2635 3733 εἰδώς
2666 3670 2731 3725 ⁸⁷⁵.

2535 3779 2800 3833 ΕΡΜΗΝ.
2831 3779 2967 3832 ΤΟΥ
2998 3777 3142 3832 ΡΛΕ¹
3173 3779 3500 3834 ΨΛΔΜΟΥ.

2290 3901 2357 3946 α’.
2413 3892 2793 3959 Ἀλληλούῖα.
2836 3891 2947 3943 Καὶ
2981 3889 3133 3943 τόνδε
3192 3890 3283 3944 τὸν
3320 3890 3491 3961 ὕμνον
3526 3893 3640 3955 τοῖς
3710 3894 3817 3947 αὐ-

2219 3987 2329 4046 τοῖς
2355 3986 2387 4055 ή
2416 3983 2731 4054 προφητικὴ
2763 3981 3068 4052 συνέγραψε
3088 3981 3270 4055 χάρις,
3298 3981 3385 4035 διὰ
3414 3981 3689 4036 πλειόνων
3712 3985 3818 4036 αὐ-

2220 4079 2331 4139 τοῖς
2372 4075 2758 4146 παιδευμάτων
2806 4074 3313 4146 πραγματευομένη
3364 4076 3465 4145 τὴν
3513 4074 3813 4144 ὠφέλειαν.

2230 4188 2247 4219 ι
2302 4166 2748 4237 Ἐξομολογεῖσθε
2779 4166 2857 4237 τῷ
2888 4166 3079 4237 Κυρίῳ
3102 4167 3186 4221 ὅτι
3205 4166 3432 4235 ἀγαθὸς,
3462 4167 3547 4220 ὅτι
3600 4169 3685 4230 είς
3720 4169 3819 4221 τὸν

2221 4257 2395 4311 αἰῶνα
2423 4257 2485 4309 τὸ
2538 4256 2688 4318 ἔλεος
2718 4253 2909 4308 αὐτοῦ.
2947 4273 2967 4306 ι
3025 4254 3466 4325 Προσενέγκατε,
3515 4256 3671 4325 φησι,
3735 4255 3822 4327 τῷ

2221 4346 2342 4417 Θεῷ
2374 4347 2467 4400 τὸν
2503 4347 2858 4419 χαριστήριον
2889 4343 3079 4415 ὕμνον,
3105 4345 3213 4398 τῶν
3242 4346 3335 4398 ὐπ’
3365 4344 3534 4399 αὐτοῦ
3564 4364 3821 4417 χορηγη-

2224 4438 2429 4492 θέντων
2462 4437 2686 4505 ἀγαθῶν
2718 4437 3081 4508 μεμνημένοι,
3122 4438 3217 4490 καὶ
3243 4438 3337 4493 τὸν
3367 4437 3681 4510 ἀμέτρητον
3715 4439 3822 4492 αὐ-

2223 4529 2319 4584 τοῦ
2358 4530 2735 4599 θαυμάζοντες
2758 4530 2927 4583 ἔλεον.

611 4605 777 4664 Vrzns.
805 4610 861 4664 2.
900 4631 918 4664 ι
954 4613 1301 4669 Confitemini
1329 4615 1439 4671 Deo
1457 4616 1710 4679 deorum,
1741 4617 1957 4688 1520
1983 4635 2113 4685 quo-

2298 4617 2362 4687 β’.
2407 4635 2425 4668 ι
2470 4592 2916 4686 ’Ἐξομολογεϊσθε
2941 4617 3018 4688 τῷ
3056 4616 3177 4688 Θεῷ
3205 4618 3315 4672 τῶν
3364 4616 3525 4684 θεῶν,
3589 4617 3676 4671 ὅτι
3735 4620 3825 4683 είς

541 4696 688 4751 niam
745 4701 801 4753 in
851 4710 1116 4757 aeternum
1150 4706 1533 4762 misericordia
1568 4708 1709 4777 ejus.
1756 4728 1775 4761 ι
1828 4708 1964 4763 Deos
2016 4711 2122 4767 hoc

540 4782 665 4839 loco
700 4802 807 4840 non
842 4788 987 4844 idola
1020 4792 1154 4848 dicit
1183 4812 1197 4849 :
1237 4810 1347 4850 non
1383 4798 1527 4852 enim
1568 4797 1746 4866 ipsum
1780 4799 1947 4853 Deum
1987 4800 2119 4855 deo-

541 4890 687 4942 rum,
715 4879 808 4947 qui
843 4896 950 4937 non
987 4893 1136 4951 sunt,
1168 4888 1520 4957 appellasset.
1549 4888 1687 4944 Nam
1722 4890 1864 4946 Deus
1893 4908 2000 4947 non
2036 4902 2121 4949 est

543 4967 686 5025 Deus
732 4982 1100 5044 mortuorum,
1150 4982 1243 5036 sed
1297 4983 1598 5038 viventium
1627 4993 1675 5038 ι.
1732 4985 1908 5042 Vocat
1952 4987 2119 5058 igitur

543 5060 666 5115 deos
696 5076 811 5128 eos,
848 5066 943 5135 qui
990 5073 1301 5128 sacerdotio
1331 5074 1543 5144 praediti
1578 5086 1727 5140 sunt,
1761 5079 1854 5147 qui
1886 5078 1984 5132 tilii
2024 5079 2119 5135 Dei

543 5158 832 5206 vocantur.
873 5153 965 5211 Sic
997 5158 1160 5214 etiam
1210 5163 1267 5217 in
1326 5164 1444 5234 lege
1476 5165 1554 5218 ait
1595 5183 1608 5219 :
1658 5183 1675 5216 ι
1717 5164 1834 5223 Diis
1864 5184 1974 5223 non
2020 5169 2117 5224 de-

547 5240 752 5309 trahes,
790 5254 846 5299 et
886 5249 1118 5321 principi
1169 5255 1356 5323 populi
1403 5256 1481 5310 tui
1537 5271 1646 5310 non
1680 5260 1974 5316 maledices
2003 5269 2053 5314 γ.
2094 5280 2113 5313 ι

2227 4708 2317 4761 τὸν
2336 4706 2510 4761 αἰῶνα
2530 4707 2592 4760 τὸ
2615 4707 2764 4770 ἕλεος
2796 4708 2985 4766 αὐτοῦ.
3021 4728 3041 4761 ι
3100 4709 3262 4764 Θεῶν
3309 4709 3544 4764 ἐνταῦθα
3595 4710 3659 4764 οὐ
3706 4711 3823 4766 τῶν

2225 4799 2461 4853 εἰδώλων
2490 4799 2636 4868 λέγει
2672 4817 2686 4832 ·
2731 4800 2792 4853 οὐ
2846 4803 2956 4872 γὰρ
2981 4800 3049 4854 ἃν
3086 4801 3251 4855 αὐτὸν
3284 4801 3512 4855 ἐκάλεσε
3567 4801 3678 4855 τῶν
3716 4803 3823 4856 οὐκ

2224 4892 2393 4945 ὀντων
2419 4890 2571 4944 Θεόν.
2608 4891 2687 4946 Οὐ
2717 4892 2826 4963 γάρ
2858 4893 3009 4946 ἐστιν
3038 4895 3066 4946 ὁ
3094 4892 3226 4957 Θεὸς
3248 4892 3386 4957 Θεὸς
3410 4892 3646 4964 νεκρῶν,
3681 4893 3826 4950 ἀλλά

2225 4980 2465 5046 ζώντων.
2495 4982 2666 5035 Καλεῖ
2703 4984 2884 5035 τοίνυν
2947 4982 3123 5049 θεοὺς
3164 4985 3291 5047 τοὺς
3341 4984 3612 5055 ἱερωσύνῃ
3673 5002 3821 5039 τετι-

2228 5075 2531 5145 μημένους.
2562 5076 2690 5137 τοὺς
2716 5075 2867 5137 υἱοὺς
2924 5075 3060 5128 Θεοῦ
3124 5076 3603 5147 χρηματίσαντας.
3660 5077 3823 5131 Οὕτω

2226 5169 2319 5220 καὶ
2346 5169 2403 5219 ἐν
2440 5165 2519 5236 τῷ
2538 5166 2691 5237 νόμῳ
2725 5167 2860 5237 φησί
2893 5184 2907 5197 ·
2945 5185 2964 5219 ι
3004 5167 3173 5232 Θεοὺς
3193 5169 3255 5222 οὐ
3283 5169 3699 5240 κακολογήσεις,
3724 5171 3828 5224 καὶ

2225 5260 2463 5329 ἄρχοντα
2491 5258 2587 5312 τοῦ
2619 5258 2746 5313 λαοῦ
2774 5277 2869 5312 σου
2897 5260 2999 5314 οὐκ
3026 5263 3172 5332 ἐρεῖς
3194 5265 3400 5325 κακῶς.
3423 5281 3443 5316 ι
3465 5261 3610 5317 Καί·
3636 5279 3657 5311 ι
3693 5261 3827 5325 Υίὸς

546 5327 653 5387 Et:
693 5349 714 5383 ι
750 5333 923 5396 Filius
978 5341 1380 5413 primogenitus
1435 5359 1594 5401 meus
1636 5345 1819 5403 Israel.
1860 5369 1879 5402 ι
1916 5350 1982 5406 Ει
2030 5366 2113 5420 pet

2234 5327 2576 5421 πρωτότοκὸς
2611 5368 2710 5422 μου
2753 5353 2989 5423 Ἰσραήλ.
3038 5327 3071 5405 ι-
3118 5356 3230 5409 Καὶ
3279 5354 3369 5409 διὰ
3420 5355 3515 5410 τοῦ
3568 5354 3827 5408 Ἡσαΐου·

620 5539 650 5569 ι
681 5526 1012 5601 Μειιιιλχιι,
1045 5537 1136 5593 32.
1235 5546 1263 5585 Υ
1298 5529 1473 5594 Exod.
1510 5556 1647 5608 χχιι,
1669 5542 1760 5599 28.

1668 5717 1902 5778 VARIE
1941 5723 2317 5785 LECTIONES
2352 5730 2439 5785 ET
2473 5729 2706 5788 NOTAE.

620 5854 666 5887 “
696 5856 825 5916 Ἐκ.
851 5866 976 5921 cod.
1004 5865 1123 5922 Vat.
1144 5868 1307 5927 habet
1342 5872 1421 5925 ὲν.
1499 5874 1543 5943 9’
1584 5874 1825 5947 Ἰερουσ.
1855 5881 1978 5937 cod.
2026 5884 2045 5936 Ι
2093 5886 2113 5937 ’1

2217 5888 2329 5957 ιήλ.
2408 5891 2453 5922 ’ί
2484 5892 2689 5961 Εἰδὼς.
2728 5894 2859 5951 ibid.
2893 5911 3082 5967 pmm.
3118 5900 3521 5973 γεγενημένην.
