4128 6482
369 315 500 382 1921

1684 316 1765 375 IN
1807 316 2011 376 PSAL.
2046 317 2323 378 CXXXV.

3523 316 3661 387 1922

372 446 390 479 ι
425 424 588 487 Υἰοὺς
613 418 883 492 ἐγέννησα
912 419 1008 474 καὶ
1039 420 1286 491 ὕψωσα.»
1322 420 1430 474 Καὶ
1466 420 1523 474 ἐν
1546 423 1666 484 τοῖς
1691 420 1924 492 ψαλμοῖς
1943 437 1955 450 ⁸

2076 421 2261 476 Isaiam
2288 439 2302 476 :
2330 442 2348 473 ι
2380 418 2545 477 Filios
2572 420 2736 492 genui
2759 421 3064 478 etcxaltavi
3091 433 3135 479 ι.
3166 444 3185 476 ι
3217 425 3279 481 Et
3304 427 3357 482 in
3386 430 3654 500 psalmis:

373 543 394 570 c
416 516 561 583 Ἐγὼ
592 512 782 568 εἷπον·
810 513 934 567 Θεοί
964 515 1107 579 ἐστε,
1147 513 1243 568 καὶ
1257 513 1367 567 υἱοὶ
1397 512 1656 583 Ὑψίστου
1687 513 1907 575 πάντες.
1935 532 1954 565 ι

366 610 609 672 Τούτους
645 606 806 669 θεοὺς
869 606 1151 670 ἐκάλεσεν,
1182 606 1259 669 ὡς
1308 607 1458 670 υἱοὺς
1494 604 1630 659 Θεοῦ
1692 605 1964 677 χρηματί-

369 718 591 765 σαντας.

442 794 511 862 γ’.
553 789 1001 864 Ἐξομολογεῖσθε
1034 790 1113 860 τῷ
1145 792 1336 863 Κυρίῳ
1364 790 1473 844 τῶν
1497 789 1722 860 κυρίων,
1751 793 1834 844 ὅτι
1883 792 1963 855 εἰς

368 886 462 940 τὸν
494 886 668 939 αἰῶνα
693 885 755 937 τὸ
780 883 930 947 ἕλεος
957 882 1148 937 αὐτοῦ.
1192 902 1209 934 ι
1240 884 1351 937 Καὶ
1380 882 1621 953 βασιλεῖς
1649 884 1743 936 καὶ
1771 884 1965 953 ἄρχον-

371 995 487 1042 τες,
518 977 671 1048 παρὰ
701 977 839 1031 Θεοῦ
900 976 1169 1039 λαϐόντες
1227 977 1325 1048 τὴν
1379 978 1652 1044 ἐξουσίαν,
1700 978 1808 1030 τῶν
1860 978 1966 1029 ὑπ-

372 1071 558 1140 ηκόων
614 1070 997 1135 δεσπόζουσιν.
1031 1069 1186 1123 Οὕτω
1224 1072 1317 1122 καὶ
1347 1072 1375 1123 ὀ
1402 1071 1605 1142 Κύριος
1661 1070 1765 1140 ἔφη
1792 1084 1805 1099 ·
1843 1087 1861 1119 ι
1902 1070 1966 1122 Οἰ

374 1163 620 1234 βασιλεῖς
660 1163 770 1216 τῶν
804 1162 977 1216 ἐθνῶν
1012 1162 1513 1233 κατακυριεύουσιν
1543 1163 1746 1229 αὐτῶν,
1784 1164 1878 1218 καὶ
1916 1163 1965 1216 οἰ

371 1252 637 1322 ἄρχοντες
676 1250 1196 1316 κατεξουσιάζουσιν
1220 1252 1421 1307 αὐτῶν.
1461 1272 1480 1306 ι
1514 1254 1636 1307 Εἰσὶ
1663 1254 1720 1307 δὲ
1752 1256 1846 1307 καὶ
1867 1253 1966 1322 ἄγ-

372 1344 528 1412 γελοί
566 1360 714 1408 τινες
755 1342 1158 1414 ὀνομαζόμενοι
1194 1346 1539 1417 κυριότητες.
1578 1347 1677 1400 Διά
1697 1346 1967 1401 τοῦτοκαὶ

371 1440 404 1493 ὁ
427 1437 569 1501 θεῖος
605 1436 930 1500 Ἀπόστολος
961 1436 1100 1507 ἐφη·
1144 1457 1162 1489 ι
1200 1438 1308 1491 Καὶ
1333 1440 1437 1510 γάρ
1473 1440 1631 1510 εἰπερ
1668 1440 1775 1492 εἰσὶ
1812 1440 1968 1509 λεγό-

378 1546 530 1600 μενοι
567 1527 681 1581 θεοὶ
734 1528 946 1597 (πολλοὶ
974 1527 1283 1597 λεγόμενοι,
1321 1529 1421 1581 οὐκ
1473 1528 1646 1593 ὄντες,
1704 1530 1966 1599 ὀνόματος

380 1618 729 1688 μετέχοντες,
760 1617 820 1671 οὐ
851 1617 1227 1689 πράγματος),
1253 1616 1364 1670 εἴτε
1396 1618 1454 1671 ἐν
1496 1618 1573 1687 τῷ
1593 1617 1827 1689 οὐρανῷ,
1856 1621 1965 1671 εἴτε

376 1713 471 1767 ἐπὶ
503 1713 602 1782 τῆς
633 1710 761 1781 γῆς,
816 1709 1009 1783 ὥσπερ
1056 1712 1164 1766 εἰσὶ
1194 1711 1309 1765 θεοὶ
1355 1711 1537 1765 πολλοί
1572 1712 1615 1744 ⁸⁵
1638 1729 1652 1743 ο
1681 1712 1798 1766 ἀλλ’
1835 1714 1968 1784 ἡμῖν

2066 532 2086 565 ι
2128 512 2242 584 Ego
2266 502 2417 569 dixi:
2449 515 2528 568 Dii
2557 515 2714 579 estis,
2750 524 2800 569 et
2835 515 2931 571 ﬁlii
2967 515 3181 573 Excelsi
3205 535 3398 577 omnes
3425 536 3507 579 ιι.»
3548 526 3661 587 llos

2060 605 2192 660 deos
2221 607 2457 672 vocavit,
2496 617 2757 677 tanquam
2791 607 2885 663 Dci
2916 610 3059 664 ﬁlios
3095 613 3417 683 appellatos.

2132 697 2297 753 Vens.
2331 699 2383 752 5.
2424 718 2442 750 ι
2476 697 2822 755 Coalitcmini
2862 701 3097 758 Domino
3120 704 3497 772 dominorum,
3522 725 3662 779 quo-

2064 790 2211 844 niam
2251 791 2304 844 in
2344 800 2607 846 aeternum
2649 794 3025 849 misericordia
3062 797 3204 866 ejus.
3241 817 3259 849 ι
3297 799 3361 853 Ει
3396 815 3572 871 reges,
3607 814 3656 857 ct

2065 884 2359 954 principes.
2398 902 2522 940 cum
2565 903 2595 941 a
2635 887 2743 940 Deo
2779 898 3106 954 potestatem
3148 894 3480 962 acceperint,
3523 896 3660 950 sub-

2066 975 2190 1030 ditis
2225 976 2513 1045 imperant.
2578 977 2668 1033 Sic
2714 980 2877 1033 etiam
2940 980 3206 1037 Dominus
3262 985 3337 1038 ait
3382 1004 3395 1039 :
3434 1006 3451 1037 ι
3486 986 3660 1058 Reges

2066 1065 2309 1134 gentium
2359 1066 2717 1121 dominantur
2759 1069 2859 1133 eis,
2902 1079 2956 1125 et
3011 1073 3290 1141 principes
3329 1085 3656 1144 potestatem

2065 1168 2324 1211 exercent
2363 1158 2413 1211 in
2462 1158 2613 1228 ipsos
2645 1160 2693 1215 ι’.
2733 1180 2751 1211 ι
2789 1159 2931 1215 Sunt
2974 1164 3140 1217 etiam
3193 1167 3371 1237 angeli
3408 1171 3655 1237 quidam,

2068 1247 2161 1316 qui
2205 1247 2617 1306 dominationes
2663 1263 2946 1308 vocantur.
2991 1253 3285 1325 Propterea
3335 1267 3388 1314 et
3440 1262 3660 1316 divinus

2067 1336 2146 1390 ait
2176 1338 2473 1406 Apostolus
2505 1358 2518 1393 :
2579 1359 2597 1392 ι
2635 1340 2772 1395 Nam
2802 1343 2905 1397 etsi
2963 1354 3110 1410 sunt,
3156 1348 3248 1414 qui
3292 1348 3547 1404 dicantur
3579 1351 3659 1406 dii

2070 1428 2377 1499 (multiqui
2416 1432 2693 1499 dicuntur,
2732 1435 2823 1488 sed
2858 1450 2963 1489 non
2990 1444 3139 1502 sunt,
3175 1440 3413 1494 nominis
3435 1443 3660 1510 partici-

2069 1533 2186 1588 pes,
2228 1522 2321 1573 sed
2371 1537 2477 1575 non
2516 1523 2643 1593 ΓΗ),
2688 1523 2803 1578 sive
2852 1525 2904 1577 in
2936 1527 3096 1591 coelo,
3137 1527 3251 1581 sive
3284 1529 3337 1582 in
3366 1539 3544 1598 terra;
3582 1534 3659 1587 si-

2069 1610 2288 1678 quidem
2332 1623 2462 1666 sunt
2505 1614 2581 1667 dii
2634 1614 2827 1681 illiilli;
2877 1616 3040 1671 nobis
3086 1628 3269 1672 tamen
3317 1634 3461 1676 unus
3515 1620 3660 1677 Deus

2072 1703 2252 1767 Pater,
2279 1720 2341 1759 ex
2379 1722 2489 1775 quo
2524 1709 2731 1771 omnia,
2758 1719 2811 1763 ct
2842 1725 2946 1765 nos
2974 1710 3027 1764 in
3070 1712 3183 1774 illo,
3222 1722 3276 1768 et
3306 1729 3448 1770 unus
3474 1715 3662 1770 Domi-

377 1798 462 1868 εἷς
496 1804 677 1867 Θεὸςὸ
712 1804 922 1875 Πατὴρ,
961 1804 1022 1869 ἐξ
1062 1797 1124 1858 οὗ
1159 1803 1229 1858 τά
1273 1804 1474 1870 πάντα,
1523 1805 1617 1859 καὶ
1671 1807 1833 1877 ἡμεῖς
1887 1806 1966 1869 εἰς

2076 1812 2176 1851 nus
2224 1795 2386 1852 Jcsus
2417 1798 2697 1862 Christus,
2747 1815 2842 1869 per
2875 1817 3038 1871 quem
3073 1806 3282 1869 omnia,
3328 1814 3383 1860 et
3428 1821 3530 1862 nos
3567 1822 3664 1876 per

376 1897 575 1950 αὐτόν’
613 1898 705 1951 καὶ
740 1891 821 1959 εἷς
848 1895 1058 1967 Κύριος
1105 1895 1314 1966 Ἰησοῦς
1357 1896 1616 1966 Χριστὸς,
1665 1896 1733 1949 δι’
1778 1889 1841 1950 οὗ
1901 1897 1970 1950 τὰ

377 1990 580 2052 πάντα,
614 1988 706 2042 καί
764 1991 924 2059 ἡμεῖς
963 1989 1032 2041 δι’
1062 1990 1250 2042 αὐτοῦ.
1287 2008 1305 2039 ι
1372 1988 1573 2042 Τοῦτον
1635 1989 1895 2043 ἐκάλεσεν
1943 1992 1972 2043 ὁ

374 2080 596 2151 ψαλμὸς
629 2078 833 2150 Κύριον
860 2078 966 2133 τῶν
999 2079 1214 2149 ἀληθῶν
1245 2079 1471 2149 κυρίων.

449 2176 514 2228 δ’.
552 2192 570 2225 ι
605 2173 696 2243 Τῷ
730 2173 1019 2244 ποιήσαντι
1051 2171 1335 2241 θαυμάσια
1391 2171 1604 2241 μεγάλα
1662 2173 1832 2243 μόνῳ,
1890 2175 1974 2227 ὅτι

378 2268 461 2330 εἱς
489 2266 579 2318 τὶν
615 2263 787 2319 αἰῶνα
824 2264 884 2317 τὸ
908 2263 1057 2327 ἔλεος
1080 2262 1270 2317 αὐτοῦ.
1306 2282 1324 2315 ι
1359 2263 1777 2333 Μεγαλουργίαι
1802 2264 1896 2317 καί
1918 2265 1973 2319 αἱ

378 2358 490 2413 τῶν
524 2358 694 2410 εὐνῶν
727 2355 896 2409 αὑτοῦ
931 2354 1307 2425 θεραπόντων.
1356 2355 1518 2409 Ἀλλά
1592 2356 1715 2412 θεῖα
1774 2356 1975 2411 καλοῦ-

383 2467 487 2522 μεν
520 2449 708 2503 καὶτὰ
732 2448 958 2512 Μωσοῦ,
1013 2449 1108 2502 καὶ
1148 2447 1220 2501 τά
1276 2448 1476 2519 Ἰησοῦ,
1528 2448 1624 2502 καὶ
1663 2450 1731 2502 τὰ
1789 2450 1972 2503 Ἠλίου

381 2542 665 2613 θαυμάσια
701 2559 712 2571 ·
746 2540 1009 2602 ὡσαύτως
1038 2540 1209 2595 δὲκαὶ
1236 2540 1304 2593 τά
1336 2541 1441 2593 ὑπὸ
1463 2539 1572 2593 τῶν
1617 2539 1778 2611 ἰερῶν
1839 2543 1976 2594 ἀπο-

349 2635 587 2690 στόλων
639 2633 987 2703 γεγενημένα
1020 2634 1246 2702 σημεῖα.
1306 2632 1547 2694 Εἰκότως
1594 2631 1772 2685 τοίνυν
1814 2631 1975 2685 αὐτὸν

379 2728 412 2780 ὁ
445 2726 739 2798 Προφήτης
768 2725 930 2795 μόνον
969 2724 1074 2794 ἐφη
1113 2723 1223 2777 τῶν
1255 2723 1507 2794 μεγάλων
1538 2723 1835 2793 θαυμάτων
1883 2723 1977 2793 δη-

384 2818 670 2888 μιουργόν.
703 2810 838 2870 Εἶτα
863 2816 1139 2870 δείκνυσιν
1177 2814 1346 2870 αὑτοῦ
1376 2815 1472 2870 καὶ
1491 2815 1559 2868 τὰ
1590 2816 1977 2888 μεγάλαποιή-

385 2927 558 2980 ματα.

454 3007 517 3059 ε’.
552 3024 571 3056 ι
600 3004 692 3075 Τῷ
720 3005 1006 3073 ποιήσαντι
1047 3003 1175 3068 τοὺς
1213 3004 1479 3076 οὐρανοὺς
1531 3005 1590 3058 ἐν
1625 3004 1861 3067 συνέσει,
1891 3004 1973 3057 ὅτι

2074 1889 2253 1959 ipsum
2293 1901 2342 1945 ο.
2384 1910 2401 1942 ι
2442 1890 2597 1946 Hunc
2628 1894 2847 1948 vocarit
2895 1895 3141 1964 psttlmus
3175 1895 3469 1954 Dominum
3504 1914 3664 1956 vero-

2072 1997 2196 2036 rum
2227 1982 2601 2038 dominorum.

2148 2158 2315 2214 Vens.
2340 2163 2395 2215 4.
2434 2181 2452 2212 ι
2483 2162 2586 2229 Qui
2626 2165 2754 2219 fecit
2789 2164 3061 2221 mirabilia
3094 2183 3290 2238 magna
3322 2171 3497 2237 solus,
3527 2187 3667 2242 quo-

2075 2250 2221 2305 niam
2256 2251 2309 2304 in
2334 2263 2600 2307 aeternum
2637 2254 3012 2309 miscricorlia
3038 2256 3179 2325 ejus.
3220 2275 3240 2308 ι
3275 2257 3664 2317 Miraculorum

2075 2342 2347 2398 editiones
2383 2354 2512 2399 sunt
2546 2345 2708 2398 etiam
2761 2346 3152 2402 benevolorum
3200 2363 3487 2405 servorum
3520 2353 3665 2422 ejus.

2079 2436 2184 2491 Sed
2208 2437 2390 2492 divina
2421 2453 2681 2494 vocamus
2711 2440 2872 2494 etiam
2907 2440 3093 2507 Mosis,
3137 2451 3191 2496 et
3219 2441 3421 2511 Josute,
3450 2456 3504 2501 et
3537 2448 3668 2502 Elite

2079 2533 2373 2588 mirabilia.
2429 2534 2696 2589 Similiter
2724 2548 2909 2591 autem
2954 2550 3008 2593 et
3053 2539 3208 2610 signa
3250 2556 3375 2610 qua:
3427 2557 3457 2597 a
3490 2545 3667 2599 sacris

2078 2624 2343 2691 apostolis
2399 2634 2530 2678 sunt
2584 2625 2746 2680 facta.
2800 2626 2977 2683 ‘Jure
3030 2629 3240 2701 1521
3276 2633 3440 2703 igitur
3486 2635 3667 2704 ipsum

2078 2714 2356 2784 PrOpbeIa
2408 2719 2587 2772 solum
2644 2721 2776 2774 dicit
2843 2724 3212 2779 maximorum
3278 2726 3666 2784 miraculorum

2077 2810 2328 2878 opiﬁcem
2385 2824 2527 2864 esse.
2590 2811 2795 2867 Deinde
2849 2815 3092 2870 ostendit
3130 2818 3296 2871 ctiam
3348 2833 3513 2888 opera
3549 2821 3670 2891 ejus

2077 2919 2293 2974 magna.

2154 2996 2320 3054 Vens.
2360 3000 2413 3055 5.
2455 3017 2477 3053 ι
2512 2997 2618 3066 Qui
2671 2997 2803 3054 fecit
2840 3000 3011 3055 cmlos
3060 3001 3375 3070 prudenter,
3410 3007 3671 3073 quoniam

381 3099 466 3162 εἰς
488 3095 582 3150 τδν
609 3096 782 3150 αἰῶνα
826 3096 885 3148 τὺ
916 3094 1063 3158 ἔλεος
1108 3095 1295 3150 αὑτοῦ.
1333 3114 1353 3148 ι
1400 3097 1677 3168 Κηρύττει
1719 3096 1830 3167 γὰρ
1880 3097 1973 3149 καὶ

2081 3091 2133 3144 in
2170 3102 2434 3147 aeternum
2483 3093 2860 3148 misericordia
2893 3092 3037 3162 ejus.
3081 3113 3101 3146 ι
3138 3095 3372 3161 Caelum,
3417 3098 3465 3153 si
3501 3101 3669 3155 etiam

385 3190 551 3262 μόνον
585 3187 864 3258 ὁρώμενος
897 3187 1125 3258 οὐρανὸς
1155 3188 1249 3241 τοῦ
1283 3187 1421 3242 Θεοῦ
1454 3189 1551 3259 τὴν
1581 3189 1797 3258 σοφίαν.
1826 3190 1968 3242 Πολὺ

380 3282 497 3355 γὰρ
525 3282 587 3334 τὸ
620 3280 869 3352 μέγεθος,
896 3282 993 3334 καὶ
1021 3280 1084 3333 τὸ
1113 3280 1327 3346 κάλλος,
1347 3281 1439 3334 καὶ
1463 3283 1496 3352 ὴ
1524 3281 1616 3333 ἐπὶ
1636 3281 1697 3334 τὸ
1721 3281 1971 3338 πλεῖστον

383 3375 641 3446 διαμονή.

461 3466 538 3533 ς’.
573 3484 591 3516 ι
622 3464 713 3536 Τῷ
740 3462 1107 3536 περεώσαντι
1139 3467 1184 3498 ⁸⁸
1213 3466 1313 3537 τὴν
1344 3466 1448 3538 γῆν
1482 3467 1575 3520 ἐπὶ
1605 3466 1714 3521 τῶν
1740 3469 1972 3534 ὑδάτων,

382 3561 470 3614 ὅτι
527 3561 608 3622 εἰς
654 3559 745 3611 τὸν
796 3557 967 3611 αἰῶνα
1008 3558 1070 3611 τὸ
1117 3558 1265 3622 ἕλεος
1311 3558 1500 3614 αὐτοῦ.
1536 3579 1554 3612 ι
1589 3561 1701 3613 Καὶ
1735 3561 1976 3615 τοῦτοδὲ

384 3651 744 3719 ἀξιάγαστον.
796 3649 1039 3720 καί’τὴν
1079 3650 1433 3723 ἀνθρωπίνην
1484 3651 1814 3721 ύπερόαἲνον
1856 3655 1975 3707 διά-

385 3758 559 3803 νοιαν,
592 3743 687 3793 καὶ
718 3740 762 3771 ⁸⁷
810 3741 1148 3809 πανταχόθεν
1200 3743 1299 3812 τὴν
1340 3746 1445 3813 γῆν
1504 3743 1976 3814 περικλυζομένην

384 3835 502 3897 τοῖς
557 3831 744 3885 ὕδασιν
805 3833 1051 3898 ἑστάναι,
1105 3835 1200 3886 καὶ
1246 3834 1339 3886 ἐπὶ
1373 3834 1473 3903 τῆς
1510 3835 1719 3898 οἰκείας
1761 3834 1977 3903 φύσεως

385 3923 689 3994 διαμένειν.
725 3922 963 3985 Εἰκότως
994 3922 1052 3975 δὲ
1076 3925 1187 3987 τοῖς
1216 3926 1402 3994 ῥητοῖς
1428 3925 1602 3979 ἅπασι
1638 3926 1728 3978 τὸν
1753 3927 1976 3980 αἰώνιον

387 4013 541 4067 ἔλεον
587 4015 614 4066 ό
662 4013 1083 4084 μεγαλογράφος
1105 4015 1150 4046 ⁸⁸
1196 4015 1536 4082 συνέζευξεν,
1567 4016 1756 4087 ἐπειδὴ
1788 4018 1848 4070 οὐ
1887 4016 1977 4071 διὰ

386 4105 581 4178 χρείαν
608 4106 837 4169 οἰκείαν,
868 4106 1006 4159 ἀλλά
1049 4105 1139 4160 διὰ
1195 4106 1363 4176 μόνην
1404 4106 1817 4179 φιλανθρωπίαν
1857 4108 1979 4178 ἐδη-

388 4198 731 4271 μιούργησεν
763 4199 792 4251 ὁ
828 4198 1215 4270 φιλάνθρωπος
1239 4199 1479 4253 ἅπαντα.

461 4292 528 4357 ζ’.
568 4311 587 4344 ι
625 4292 716 4364 Τῷ
751 4294 1042 4364 ποιήσαντι
1073 4295 1230 4363 φῶτα
1257 4296 1470 4365 μεγάλα
1517 4295 1665 4367 μόνῳ
1687 4298 1752 4361 ⁸⁵³,
1782 4298 1864 4351 ὅτι
1898 4300 1978 4363 εἰς

385 4386 484 4441 τὸν
505 4385 678 4440 αἰῶνα
701 4386 763 4439 τὺ
778 4386 931 4457 ἕλεος
954 4386 1122 4439 αὐτοῦ
1138 4387 1204 4442 ⁷⁸.
1230 4406 1248 4439 ι
1270 4389 1380 4458 Τῆς
1404 4389 1556 4452 θείας
1580 4390 1979 4460 μεταλαχόντες

386 4480 658 4552 Προνοίας
695 4480 747 4532 οἰ
780 4478 1061 4550 ἄνθρωποι
1088 4478 1343 4543 ἐξάπτειν
1373 4482 1662 4551 λαμπάδας
1693 4482 1974 4546 εἰώθασιν,
2010 4467 2051 4521 Ῑ)

386 4572 505 4627 ἀλλ’
527 4571 650 4626 ὅλον
680 4572 741 4624 τὸ
767 4571 1046 4641 περίγειον
1081 4568 1193 4640 πῦρ
1222 4571 1342 4633 ἐνὸς
1372 4573 1604 4644 ἀστέρος
1634 4574 1696 4627 οὐ
1732 4576 1980 4644 μιμεῖται

384 4662 777 4732 λαμπρότητα.
809 4661 1035 4715 Πάντων
1058 4661 1113 4715 δὲ
1142 4661 1391 4735 ἀστέρων
1417 4665 1515 4717 καὶ
1548 4664 1780 4736 σελήνης
1810 4667 1980 4738 αὐτῆς

386 4758 705 4823 φανὼτατος
729 4753 902 4821 ἥλιος.
918 4754 1223 4816 Κάκείνους
1246 4754 1353 4824 γὰρ
1378 4757 1701 4827 φαινόμενος
1723 4758 1977 4829 κρύπτει,

385 4845 487 4900 καὶ
508 4845 680 4915 αὐτῆς
705 4843 805 4909 τὰς
830 4846 1058 4909 ἀκτῖνας
1083 4843 1374 4913 ἀμϐλύνει.

460 5034 535 5097 η’,
558 5026 623 5083 θ’.
662 5045 682 5078 ι
721 5026 824 5080 Τὸν
854 5026 1006 5098 ἥλιον
1034 5026 1113 5088 εἰς
1146 5023 1396 5088 ἐξουσίαν
1427 5025 1530 5093 τῆς
1561 5025 1798 5097 ἡμέρας,
1825 5028 1905 5081 ὅτι
1932 5030 1978 5061 ⁷⁸

386 5120 472 5181 εἰς
499 5117 591 5169 τὸν
629 5115 801 5169 αἰῶνα
823 5116 883 5168 τὸ
913 5115 1060 5179 ἔλεος
1082 5114 1270 5168 αὐτοῦ.
1306 5113 1416 5184 Τὴν
1445 5113 1696 5187 σελήνην,
1731 5119 1824 5170 καὶ
1850 5118 1977 5183 τοὺς

386 5210 651 5280 ἀστέρας,
689 5209 768 5272 εἰς
805 5208 1058 5275 ἐξουσίαν
1085 5208 1184 5277 τῆς
1218 5205 1432 5270 νυκτὸς,
1460 5208 1541 5260 ὃτι
1581 5213 1661 5271 εἰς
1688 5208 1778 5262 τδν
1801 5211 1975 5265 αἰῶνα

454 5445 459 5448 Α
492 5363 647 5422 Ilsa.
677 5381 715 5434 ι,
749 5366 804 5419 2.
885 5377 911 5405 α
941 5365 1090 5421 Psal.
1130 5382 1319 5435 Lxxxt,
1356 5368 1411 5423 6.
1484 5368 1512 5408 δ
1545 5368 1735 5424 Matth.
1769 5385 1863 5433 xx,
1889 5368 1979 5424 25.

2078 3187 2458 3239 tantummodo
2487 3185 2846 3254 conspicitur,
2881 3183 2975 3239 Dei
3008 3185 3329 3255 sapientiam
3362 3191 3623 3257 praedicat
3650 3222 3665 3259 ε

2077 3277 2247 3330 multa
2269 3285 2365 3331 est
2397 3277 2543 3331 enim
2595 3275 2936 3346 magnitudo,
2970 3286 3024 3331 et
3057 3279 3430 3348 pulchritudo,
3458 3291 3513 3339 et
3546 3284 3673 3340 diu-

2079 3380 2238 3424 turna
2270 3375 2699 3439 perseverantia.

2153 3460 2319 3517 Vens.
2344 3463 2397 3517 6.
2434 3483 2452 3514 ι
2483 3463 2586 3529 Qui
2612 3463 2851 3517 iirmavit
2882 3474 3081 3517 terram
3120 3480 3287 3535 super
3314 3468 3496 3537 aquis,
3528 3484 3670 3540 quo-

2080 3556 2227 3611 niam
2248 3556 2303 3610 in
2333 3564 2599 3611 aeternum
2626 3555 3007 3612 misericordia
3034 3557 3175 3626 ejus.
3209 3577 3226 3608 ι
3255 3557 3316 3611 Ει
3343 3559 3447 3614 hoc
3473 3569 3555 3615 est
3580 3561 3675 3615 ad-

2082 3648 2371 3701 miratione
2401 3647 2652 3715 dignum,
2688 3657 2742 3703 et
2772 3648 3074 3701 humanam
3109 3659 3349 3704 mentem
3382 3658 3673 3707 transcen-

2079 3739 2179 3806 dit,
2208 3740 2353 3809 qnod
2389 3748 2533 3794 terra
2572 3740 2817 3809 undique
2847 3740 3008 3809 aquis
3040 3740 3221 3794 cincta
3256 3749 3385 3807 stcl,
3419 3753 3474 3797 ct
3510 3759 3676 3813 super

2079 3830 2303 3899 propria
2334 3839 2531 3884 natura
2563 3846 2661 3885 sua
2710 3838 3050 3900 permaneat.
3084 3830 3279 3885 Merito
3310 3840 3491 3887 autem
3526 3835 3675 3903 psal-

2080 3923 2417 3992 mographus
2446 3922 2704 3976 ninnibus
2746 3922 2909 3978 dictis
2938 3930 3197 3976 aeternam
3233 3923 3671 3980 misericordiam

2079 4015 2368 4083 conjunxit
2404 4030 2417 4066 :
2461 4014 2723 4084 quoniam
2778 4030 2886 4068 non
2921 4014 2994 4069 ob
3037 4016 3318 4086 propriam
3368 4018 3672 4072 necessita-

2083 4117 2212 4170 tem.
2251 4107 2344 4162 sed
2398 4108 2470 4162 ob
2514 4108 2689 4163 solam
2744 4107 3136 4177 benignitatem
3174 4107 3445 4179 benignus
3484 4112 3671 4167 omnia

2081 4201 2347 4255 condidit.

2155 4294 2323 4350 Vens.
2360 4296 2410 4349 7.
2444 4315 2461 4345 ι
2491 4293 2593 4361 Qui
2631 4293 2758 4350 fecit
2785 4294 3078 4350 luminaria
3111 4310 3307 4365 magna
3337 4296 3509 4363 solus,
3535 4313 3672 4367 quo-

2087 4387 2230 4440 niam
2288 4386 2341 4439 in
2393 4396 2658 4440 ater-num
2706 4386 3078 4441 misericordia
3131 4385 3269 4453 ejus.
3335 4405 3353 4438 ι
3408 4386 3674 4446 Homines

2083 4476 2282 4530 divinte
2320 4474 2684 4530 Providentiae
2713 4476 3125 4545 participantes,
3164 4476 3444 4545 lampades
3475 4491 3673 4531 accen-

2084 4568 2214 4621 dere
2256 4567 2456 4632 solent,
2505 4566 2599 4620 sed
2647 4574 2794 4620 totus
2845 4566 3124 4620 terrestris
3163 4565 3304 4636 ignis
3336 4565 3500 4621 unius
3537 4565 3672 4621 astri

2084 4659 2430 4728 splendorem
2487 4657 2916 4727 haudquaquam
2981 4657 3250 4711 imitatur.
3326 4656 3444 4711 Prae
3502 4660 3675 4714 stellis

2084 4760 2266 4804 antt-m
2314 4750 2570 4804 omnibus
2607 4758 2663 4803 et
2710 4764 2819 4818 pra
2877 4750 3005 4803 luna
3061 4751 3178 4819 ipsa
3228 4750 3544 4820 splendidus
3590 4761 3677 4808 est

2087 4843 2190 4896 sol.
2226 4840 2360 4894 Nam
2395 4850 2449 4895 ct
2489 4840 2610 4896 illas
2660 4855 2929 4911 apparens
2957 4841 3184 4907 occulit,
3228 4850 3285 4895 et
3322 4842 3496 4912 ipsius
3532 4842 3677 4898 lunae

2089 4935 2271 4988 radios
2299 4934 2569 4988 obtundit.

2161 5027 2325 5081 Vens.
2360 5028 2413 5089 8,
2449 5025 2502 5079 9.
2540 5043 2558 5075 ι
2594 5025 2776 5079 Solem
2811 5024 2865 5079 in
2902 5032 3229 5095 potestatem
3253 5025 3381 5092 diei,
3413 5026 3672 5095 quoniam

2086 5118 2138 5172 in
2178 5127 2444 5172 aeternum
2480 5116 2859 5171 misericordia
2900 5118 3041 5188 ejus.
3078 5115 3287 5170 Lunam
3321 5128 3375 5171 et
3406 5117 3587 5171 stellas
3616 5117 3677 5172 in

2085 5218 2406 5279 potestatem
2446 5211 2643 5276 noctis,
2673 5211 2934 5278 quoniam
2975 5215 3025 5266 in
3054 5218 3316 5264 mternum
3361 5211 3678 5266 misericor-

2066 5379 2087 5405 ο
2120 5368 2138 5421 l
2171 5370 2299 5423 Cor.
2328 5385 2447 5432 vm,
2483 5367 2537 5432 5,
2566 5367 2620 5423 6.

1524 5523 1757 5578 νΑιιιΑξ
1808 5523 2192 5579 [ΕίλἸῚΟΝΕΞ
2228 5523 2313 5577 ET
2344 5523 2577 5579 NOTAE.

462 5627 510 5662 “
541 5624 934 5680 Ho.l.10i.cod.
1003 5623 1025 5676 Ι
1067 5623 1193 5676 add.
1254 5622 1395 5675 οὓτω
1443 5622 1548 5675 καὶ
1605 5622 1785 5690 κύριοι
1840 5622 1974 5675 πολλ

2123 5622 2166 5653 ⁸⁸
2206 5619 2763 5690 Τῷίστερεώσαντι.
2819 5619 2985 5674 Hebr.
3037 5621 3379 5690 expandenti.
3458 5622 3506 5653 ⁸⁷
3531 5624 3672 5679 Καί.

388 5699 515 5773 cod.
557 5701 578 5750 l
612 5696 693 5773 τό.
851 5693 983 5773 ibid.
1030 5692 1470 5773 μεγαλογράφος.
1548 5692 1592 5725 ⁸³
1622 5689 1814 5758 Mdqu
1841 5694 1974 5748 Abes

2102 5691 2249 5748 tex’tu
2289 5689 2452 5747 ilebr.
2529 5692 2577 5723 '°
2630 5693 2757 5744 Ὅτι
2809 5721 2878 5732 -
2910 5691 3118 5745 αὑτοῦ.
3162 5690 3287 5748 Des.
3346 5694 3400 5748 in
3452 5693 3555 5747 cod
3619 5695 3666 5761 Ι,

390 5771 451 5825 lt.
478 5769 514 5825 Ι.
544 5775 598 5824 et
628 5767 680 5820 in
712 5764 939 5836 reliquis
973 5765 1171 5818 νει-δὶα.
