  <div class='ocr_page' id='page_1' title='image "/cluster/home/n/w/nwhite01/storage/ocr_20150623/80:no.1/coo.31924054869817/969.png"; bbox 0 0 4128 6472; ppageno 0'>
   <div class='ocr_carea' id='block_1_1' title="bbox 501 315 641 382">
    <p class='ocr_par' dir='ltr' id='par_1_1' title="bbox 501 315 641 382">
     <span class='ocr_line' id='line_1_1' title="bbox 501 315 641 382; baseline -0.021 0"><span class='ocrx_word' id='word_1_1' title='bbox 501 315 641 382; x_wconf 68' lang='lat'><strong>[9‘23</strong></span> 
     </span>
    </p>
   </div>
   <div class='ocr_carea' id='block_1_2' title="bbox 1502 307 2783 372">
    <p class='ocr_par' dir='ltr' id='par_1_2' title="bbox 1502 307 2783 372">
     <span class='ocr_line' id='line_1_2' title="bbox 1502 307 2783 372; baseline 0.001 -3"><span class='ocrx_word' id='word_1_2' title='bbox 1502 307 1990 369; x_wconf 79' lang='lat' dir='ltr'><strong>THEODOBETI</strong></span> <span class='ocrx_word' id='word_1_3' title='bbox 2035 308 2374 372; x_wconf 82' lang='lat' dir='ltr'><strong>EPISCOPI</strong></span> <span class='ocrx_word' id='word_1_4' title='bbox 2409 308 2783 372; x_wconf 81' lang='lat' dir='ltr'><strong>CYRENSIS</strong></span> 
     </span>
    </p>
   </div>
   <div class='ocr_carea' id='block_1_3' title="bbox 3644 307 3778 371">
    <p class='ocr_par' dir='ltr' id='par_1_3' title="bbox 3644 307 3778 371">
     <span class='ocr_line' id='line_1_3' title="bbox 3644 307 3778 371; baseline 0.015 -2"><span class='ocrx_word' id='word_1_5' title='bbox 3644 307 3778 371; x_wconf 61' lang='lat'><strong>1924</strong></span> 
     </span>
    </p>
   </div>
   <div class='ocr_carea' id='block_1_4' title="bbox 497 420 2112 498">
    <p class='ocr_par' dir='ltr' id='par_1_4' title="bbox 497 421 2091 498">
     <span class='ocr_line' id='line_1_4' title="bbox 497 421 2091 498; baseline -0.006 -12"><span class='ocrx_word' id='word_1_6' title='bbox 497 432 588 486; x_wconf 81' lang='lat' dir='ltr'><strong>dia</strong></span> <span class='ocrx_word' id='word_1_7' title='bbox 619 429 758 497; x_wconf 76' lang='lat' dir='ltr'><strong>ejus.</strong></span> <span class='ocrx_word' id='word_1_8' title='bbox 798 446 816 479; x_wconf 76' lang='grc' dir='ltr'><strong>ι</strong></span> <span class='ocrx_word' id='word_1_9' title='bbox 853 425 1062 491; x_wconf 64' lang='lat' dir='ltr'><strong>Divisit,</strong></span> <span class='ocrx_word' id='word_1_10' title='bbox 1113 421 1310 498; x_wconf 79' lang='lat' dir='ltr'><strong>inquit,</strong></span> <span class='ocrx_word' id='word_1_11' title='bbox 1362 422 1731 476; x_wconf 82' lang='lat' dir='ltr'><strong>luutinaribus</strong></span> <span class='ocrx_word' id='word_1_12' title='bbox 1766 431 2003 491; x_wconf 84' lang='lat' dir='ltr'><strong>tempus,</strong></span> <span class='ocrx_word' id='word_1_13' title='bbox 2037 431 2091 476; x_wconf 85' lang='lat' dir='ltr'><strong>et</strong></span> 
     </span>
    </p>
   </div>
   <div class='ocr_carea' id='block_1_5' title="bbox 2210 420 3782 498">
    <p class='ocr_par' dir='ltr' id='par_1_5' title="bbox 2210 420 3782 493">
     <span class='ocr_line' id='line_1_5' title="bbox 2210 420 3782 493; baseline -0.004 -15"><span class='ocrx_word' id='word_1_14' title='bbox 2210 427 2254 479; x_wconf 76' lang='grc' dir='ltr'><strong>τὸ</strong></span> <span class='ocrx_word' id='word_1_15' title='bbox 2277 426 2423 490; x_wconf 74' lang='grc' dir='ltr'>ἔλεος</span> <span class='ocrx_word' id='word_1_16' title='bbox 2453 425 2639 480; x_wconf 78' lang='grc' dir='ltr'>αὑτοῦ.</span> <span class='ocrx_word' id='word_1_17' title='bbox 2680 445 2698 477; x_wconf 72' lang='grc' dir='ltr'><strong>ι</strong></span> <span class='ocrx_word' id='word_1_18' title='bbox 2736 423 3003 493; x_wconf 77' lang='grc' dir='ltr'>Διένειμε,</span> <span class='ocrx_word' id='word_1_19' title='bbox 3032 438 3107 490; x_wconf 80' lang='grc' dir='ltr'><strong>φη</strong></span> <span class='ocrx_word' id='word_1_20' title='bbox 3121 420 3188 485; x_wconf 65' lang='grc' dir='ltr'><strong>τί,</strong></span> <span class='ocrx_word' id='word_1_21' title='bbox 3225 422 3339 483; x_wconf 73' lang='grc' dir='ltr'>τοῖς</span> <span class='ocrx_word' id='word_1_22' title='bbox 3374 421 3659 490; x_wconf 72' lang='grc' dir='ltr'>φωστῆρσι</span> <span class='ocrx_word' id='word_1_23' title='bbox 3690 421 3782 472; x_wconf 75' lang='grc' dir='ltr'>τὸν</span> 
     </span>
    </p>
   </div>
   <div class='ocr_carea' id='block_1_6' title="bbox 498 513 2093 587">
    <p class='ocr_par' dir='ltr' id='par_1_6' title="bbox 498 513 2093 587">
     <span class='ocr_line' id='line_1_6' title="bbox 498 513 2093 587; baseline -0.005 -10"><span class='ocrx_word' id='word_1_24' title='bbox 498 522 775 579; x_wconf 81' lang='lat' dir='ltr'><strong>solarilnts</strong></span> <span class='ocrx_word' id='word_1_25' title='bbox 822 519 1041 587; x_wconf 75' lang='lat' dir='ltr'><strong>quidem</strong></span> <span class='ocrx_word' id='word_1_26' title='bbox 1093 516 1259 570; x_wconf 84' lang='lat' dir='ltr'><strong>radiis</strong></span> <span class='ocrx_word' id='word_1_27' title='bbox 1289 515 1435 569; x_wconf 83' lang='lat' dir='ltr'><strong>diem</strong></span> <span class='ocrx_word' id='word_1_28' title='bbox 1494 513 1643 577; x_wconf 88' lang='lat' dir='ltr'><strong>facit,</strong></span> <span class='ocrx_word' id='word_1_29' title='bbox 1699 515 1824 566; x_wconf 87' lang='lat' dir='ltr'><strong>luna</strong></span> <span class='ocrx_word' id='word_1_30' title='bbox 1862 529 1991 567; x_wconf 79' lang='lat' dir='ltr'><strong>vero</strong></span> <span class='ocrx_word' id='word_1_31' title='bbox 2039 524 2093 569; x_wconf 82' lang='lat' dir='ltr'><strong>ct</strong></span> 
     </span>
    </p>
   </div>
   <div class='ocr_carea' id='block_1_7' title="bbox 505 604 2091 675">
    <p class='ocr_par' dir='ltr' id='par_1_7' title="bbox 505 604 2091 675">
     <span class='ocr_line' id='line_1_7' title="bbox 505 604 2091 675; baseline -0.007 -7"><span class='ocrx_word' id='word_1_32' title='bbox 505 614 669 668; x_wconf 85' lang='lat' dir='ltr'><strong>astris</strong></span> <span class='ocrx_word' id='word_1_33' title='bbox 704 620 914 664; x_wconf 83' lang='lat' dir='ltr'><strong>noctem</strong></span> <span class='ocrx_word' id='word_1_34' title='bbox 950 608 1216 661; x_wconf 88' lang='lat' dir='ltr'><strong>illuminat</strong></span> <span class='ocrx_word' id='word_1_35' title='bbox 1252 624 1264 661; x_wconf 89' lang='lat'><strong>:</strong></span> <span class='ocrx_word' id='word_1_36' title='bbox 1302 621 1397 675; x_wconf 71' lang='lat' dir='ltr'><strong>per</strong></span> <span class='ocrx_word' id='word_1_37' title='bbox 1427 606 1562 670; x_wconf 79' lang='lat' dir='ltr'><strong>haec,</strong></span> <span class='ocrx_word' id='word_1_38' title='bbox 1595 619 1716 673; x_wconf 74' lang='lat' dir='ltr'><strong>qnze</strong></span> <span class='ocrx_word' id='word_1_39' title='bbox 1761 604 1903 659; x_wconf 80' lang='lat' dir='ltr'><strong>facta</strong></span> <span class='ocrx_word' id='word_1_40' title='bbox 1944 613 2091 669; x_wconf 87' lang='lat' dir='ltr'><strong>sunt,</strong></span> 
     </span>
    </p>
   </div>
   <div class='ocr_carea' id='block_1_8' title="bbox 507 699 1465 776">
    <p class='ocr_par' dir='ltr' id='par_1_8' title="bbox 507 699 1465 776">
     <span class='ocr_line' id='line_1_8' title="bbox 507 699 1465 776; baseline -0.008 -17"><span class='ocrx_word' id='word_1_41' title='bbox 507 706 780 776; x_wconf 82' lang='lat' dir='ltr'><strong>propriam</strong></span> <span class='ocrx_word' id='word_1_42' title='bbox 810 702 1111 756; x_wconf 83' lang='lat' dir='ltr'><strong>bonitatem</strong></span> <span class='ocrx_word' id='word_1_43' title='bbox 1145 699 1465 754; x_wconf 82' lang='lat' dir='ltr'><strong>ostendens.</strong></span> 
     </span>
    </p>
   </div>
   <div class='ocr_carea' id='block_1_9' title="bbox 581 879 2098 953">
    <p class='ocr_par' dir='ltr' id='par_1_9' title="bbox 581 879 2098 953">
     <span class='ocr_line' id='line_1_9' title="bbox 581 879 2098 953; baseline -0.003 -14"><span class='ocrx_word' id='word_1_44' title='bbox 581 888 745 941; x_wconf 75' lang='lat' dir='ltr'><strong>Vens.</strong></span> <span class='ocrx_word' id='word_1_45' title='bbox 780 885 867 941; x_wconf 83' lang='grc'><strong>10.</strong></span> <span class='ocrx_word' id='word_1_46' title='bbox 907 903 926 936; x_wconf 76' lang='grc' dir='ltr'><strong>ι</strong></span> <span class='ocrx_word' id='word_1_47' title='bbox 961 884 1065 950; x_wconf 85' lang='lat' dir='ltr'><strong>Qui</strong></span> <span class='ocrx_word' id='word_1_48' title='bbox 1100 881 1367 953; x_wconf 80' lang='lat' dir='ltr'><strong>percussit</strong></span> <span class='ocrx_word' id='word_1_49' title='bbox 1401 879 1695 951; x_wconf 66' lang='lat' dir='ltr'><strong>Egyptum</strong></span> <span class='ocrx_word' id='word_1_50' title='bbox 1727 895 1854 935; x_wconf 83' lang='lat' dir='ltr'><strong>cum</strong></span> <span class='ocrx_word' id='word_1_51' title='bbox 1885 880 2098 950; x_wconf 72' lang='lat'><strong>1522</strong></span> 
     </span>
    </p>
   </div>
   <div class='ocr_carea' id='block_1_10' title="bbox 506 972 2099 1049">
    <p class='ocr_par' dir='ltr' id='par_1_10' title="bbox 506 972 2099 1049">
     <span class='ocr_line' id='line_1_10' title="bbox 506 972 2099 1049; baseline -0.006 -16"><span class='ocrx_word' id='word_1_52' title='bbox 506 978 892 1049; x_wconf 78' lang='lat' dir='ltr'><strong>primogenitis</strong></span> <span class='ocrx_word' id='word_1_53' title='bbox 922 991 1136 1037; x_wconf 87' lang='lat' dir='ltr'><strong>eorum,</strong></span> <span class='ocrx_word' id='word_1_54' title='bbox 1172 973 1435 1042; x_wconf 78' lang='lat' dir='ltr'><strong>quoniam</strong></span> <span class='ocrx_word' id='word_1_55' title='bbox 1484 972 1537 1024; x_wconf 91' lang='lat' dir='ltr'><strong>in</strong></span> <span class='ocrx_word' id='word_1_56' title='bbox 1568 981 1837 1025; x_wconf 63' lang='lat' dir='ltr'><strong>aeternum</strong></span> <span class='ocrx_word' id='word_1_57' title='bbox 1878 972 2099 1025; x_wconf 86' lang='lat' dir='ltr'><strong>miseri-</strong></span> 
     </span>
    </p>
   </div>
   <div class='ocr_carea' id='block_1_11' title="bbox 510 1060 2099 1137">
    <p class='ocr_par' dir='ltr' id='par_1_11' title="bbox 510 1060 2099 1137">
     <span class='ocr_line' id='line_1_11' title="bbox 510 1060 2099 1137; baseline -0.008 -13"><span class='ocrx_word' id='word_1_58' title='bbox 510 1069 697 1124; x_wconf 90' lang='lat' dir='ltr'><strong>cordia</strong></span> <span class='ocrx_word' id='word_1_59' title='bbox 720 1067 862 1137; x_wconf 84' lang='lat' dir='ltr'><strong>ejus.</strong></span> <span class='ocrx_word' id='word_1_60' title='bbox 902 1085 921 1117; x_wconf 74' lang='grc' dir='ltr'><strong>ι</strong></span> <span class='ocrx_word' id='word_1_61' title='bbox 957 1063 1061 1118; x_wconf 85' lang='lat' dir='ltr'><strong>Sed</strong></span> <span class='ocrx_word' id='word_1_62' title='bbox 1092 1063 1323 1117; x_wconf 79' lang='lat' dir='ltr'><strong>fortasse</strong></span> <span class='ocrx_word' id='word_1_63' title='bbox 1357 1060 1560 1129; x_wconf 81' lang='lat' dir='ltr'><strong>aliquis</strong></span> <span class='ocrx_word' id='word_1_64' title='bbox 1589 1060 1868 1129; x_wconf 79' lang='lat' dir='ltr'><strong>ambigere</strong></span> <span class='ocrx_word' id='word_1_65' title='bbox 1896 1069 2099 1127; x_wconf 87' lang='lat' dir='ltr'><strong>posset,</strong></span> 
     </span>
    </p>
   </div>
   <div class='ocr_carea' id='block_1_12' title="bbox 512 1149 2103 1232">
    <p class='ocr_par' dir='ltr' id='par_1_12' title="bbox 512 1149 2103 1232">
     <span class='ocr_line' id='line_1_12' title="bbox 512 1149 2103 1232; baseline -0.009 -17"><span class='ocrx_word' id='word_1_66' title='bbox 512 1161 789 1232; x_wconf 81' lang='lat' dir='ltr'><strong>quomodo</strong></span> <span class='ocrx_word' id='word_1_67' title='bbox 828 1174 925 1228; x_wconf 87' lang='lat' dir='ltr'><strong>per</strong></span> <span class='ocrx_word' id='word_1_68' title='bbox 968 1154 1403 1211; x_wconf 87' lang='lat' dir='ltr'><strong>misericordiam</strong></span> <span class='ocrx_word' id='word_1_69' title='bbox 1441 1167 1591 1206; x_wconf 89' lang='lat' dir='ltr'><strong>mors</strong></span> <span class='ocrx_word' id='word_1_70' title='bbox 1637 1150 1910 1204; x_wconf 78' lang='lat' dir='ltr'><strong>eilir-itnr?</strong></span> <span class='ocrx_word' id='word_1_71' title='bbox 1956 1149 2103 1203; x_wconf 87' lang='lat' dir='ltr'><strong>Con-</strong></span> 
     </span>
    </p>
   </div>
   <div class='ocr_carea' id='block_1_13' title="bbox 515 1243 2099 1321">
    <p class='ocr_par' dir='ltr' id='par_1_13' title="bbox 515 1243 2099 1321">
     <span class='ocr_line' id='line_1_13' title="bbox 515 1243 2099 1321; baseline -0.009 -13"><span class='ocrx_word' id='word_1_72' title='bbox 515 1254 717 1308; x_wconf 85' lang='lat' dir='ltr'><strong>sideret</strong></span> <span class='ocrx_word' id='word_1_73' title='bbox 762 1250 930 1321; x_wconf 77' lang='lat' dir='ltr'><strong>igitur</strong></span> <span class='ocrx_word' id='word_1_74' title='bbox 979 1247 1311 1303; x_wconf 77' lang='lat' dir='ltr'><strong>solutionem</strong></span> <span class='ocrx_word' id='word_1_75' title='bbox 1364 1244 1715 1314; x_wconf 65' lang='lat' dir='ltr'><strong>praesentium</strong></span> <span class='ocrx_word' id='word_1_76' title='bbox 1765 1243 2099 1295; x_wconf 82' lang='lat' dir='ltr'><strong>verborum:</strong></span> 
     </span>
    </p>
   </div>
   <div class='ocr_carea' id='block_1_14' title="bbox 513 1330 2107 1413">
    <p class='ocr_par' dir='ltr' id='par_1_14' title="bbox 513 1330 2107 1413">
     <span class='ocr_line' id='line_1_14' title="bbox 513 1330 2107 1413; baseline -0.01 -16"><span class='ocrx_word' id='word_1_77' title='bbox 513 1345 662 1413; x_wconf 79' lang='lat' dir='ltr'><strong>quod</strong></span> <span class='ocrx_word' id='word_1_78' title='bbox 708 1343 803 1413; x_wconf 82' lang='lat' dir='ltr'><strong>qui</strong></span> <span class='ocrx_word' id='word_1_79' title='bbox 843 1340 1045 1410; x_wconf 90' lang='lat' dir='ltr'><strong>injuria</strong></span> <span class='ocrx_word' id='word_1_80' title='bbox 1096 1336 1321 1392; x_wconf 77' lang='lat' dir='ltr'><strong>allectos</strong></span> <span class='ocrx_word' id='word_1_81' title='bbox 1373 1336 1689 1396; x_wconf 80' lang='lat' dir='ltr'><strong>miseratur,</strong></span> <span class='ocrx_word' id='word_1_82' title='bbox 1742 1331 1940 1401; x_wconf 82' lang='lat' dir='ltr'><strong>injuria</strong></span> <span class='ocrx_word' id='word_1_83' title='bbox 1992 1330 2107 1382; x_wconf 78' lang='lat' dir='ltr'><strong>atii-</strong></span> 
     </span>
    </p>
   </div>
   <div class='ocr_carea' id='block_1_15' title="bbox 514 1422 2104 1502">
    <p class='ocr_par' dir='ltr' id='par_1_15' title="bbox 514 1422 2104 1502">
     <span class='ocr_line' id='line_1_15' title="bbox 514 1422 2104 1502; baseline -0.009 -13"><span class='ocrx_word' id='word_1_84' title='bbox 514 1438 728 1489; x_wconf 81' lang='lat' dir='ltr'><strong>cientes</strong></span> <span class='ocrx_word' id='word_1_85' title='bbox 776 1432 985 1502; x_wconf 90' lang='lat' dir='ltr'><strong>plectit.</strong></span> <span class='ocrx_word' id='word_1_86' title='bbox 1034 1430 1171 1485; x_wconf 88' lang='lat' dir='ltr'><strong>Illud</strong></span> <span class='ocrx_word' id='word_1_87' title='bbox 1222 1428 1369 1483; x_wconf 88' lang='lat' dir='ltr'><strong>enim</strong></span> <span class='ocrx_word' id='word_1_88' title='bbox 1428 1428 1534 1481; x_wconf 85' lang='lat' dir='ltr'><strong>hoc</strong></span> <span class='ocrx_word' id='word_1_89' title='bbox 1583 1425 1794 1479; x_wconf 91' lang='lat' dir='ltr'><strong>inloco</strong></span> <span class='ocrx_word' id='word_1_90' title='bbox 1831 1422 2104 1492; x_wconf 78' lang='lat' dir='ltr'><strong>Propheta</strong></span> 
     </span>
    </p>
   </div>
   <div class='ocr_carea' id='block_1_16' title="bbox 515 1525 824 1595">
    <p class='ocr_par' dir='ltr' id='par_1_16' title="bbox 515 1525 824 1595">
     <span class='ocr_line' id='line_1_16' title="bbox 515 1525 824 1595; baseline -0.016 -13"><span class='ocrx_word' id='word_1_91' title='bbox 515 1525 824 1595; x_wconf 73' lang='lat' dir='ltr'><strong>sultjunxit.</strong></span> 
     </span>
    </p>
   </div>
   <div class='ocr_carea' id='block_1_17' title="bbox 589 1608 2100 1680">
    <p class='ocr_par' dir='ltr' id='par_1_17' title="bbox 589 1608 2100 1680">
     <span class='ocr_line' id='line_1_17' title="bbox 589 1608 2100 1680; baseline -0.009 -8"><span class='ocrx_word' id='word_1_92' title='bbox 589 1616 757 1672; x_wconf 67' lang='lat' dir='ltr'><strong>Vsus.</strong></span> <span class='ocrx_word' id='word_1_93' title='bbox 792 1614 883 1669; x_wconf 84' lang='grc' dir='ltr'>Η.</span> <span class='ocrx_word' id='word_1_94' title='bbox 911 1633 929 1666; x_wconf 77' lang='grc' dir='ltr'><strong>ι</strong></span> <span class='ocrx_word' id='word_1_95' title='bbox 956 1613 1060 1680; x_wconf 90' lang='lat' dir='ltr'><strong>Qui</strong></span> <span class='ocrx_word' id='word_1_96' title='bbox 1090 1612 1278 1667; x_wconf 73' lang='lat' dir='ltr'><strong>eduxit</strong></span> <span class='ocrx_word' id='word_1_97' title='bbox 1310 1611 1563 1667; x_wconf 86' lang='lat' dir='ltr'><strong>lsraelem</strong></span> <span class='ocrx_word' id='word_1_98' title='bbox 1589 1610 1656 1665; x_wconf 90' lang='lat' dir='ltr'><strong>de</strong></span> <span class='ocrx_word' id='word_1_99' title='bbox 1687 1608 1865 1663; x_wconf 82' lang='lat' dir='ltr'><strong>medio</strong></span> <span class='ocrx_word' id='word_1_100' title='bbox 1886 1620 2100 1670; x_wconf 87' lang='lat' dir='ltr'><strong>eorum,</strong></span> 
     </span>
    </p>
   </div>
   <div class='ocr_carea' id='block_1_18' title="bbox 518 1697 2102 1777">
    <p class='ocr_par' dir='ltr' id='par_1_18' title="bbox 518 1697 2102 1777">
     <span class='ocr_line' id='line_1_18' title="bbox 518 1697 2102 1777; baseline -0.008 -17"><span class='ocrx_word' id='word_1_101' title='bbox 518 1710 781 1777; x_wconf 87' lang='lat' dir='ltr'><strong>quoniam</strong></span> <span class='ocrx_word' id='word_1_102' title='bbox 817 1707 870 1760; x_wconf 92' lang='lat' dir='ltr'><strong>in</strong></span> <span class='ocrx_word' id='word_1_103' title='bbox 910 1716 1174 1759; x_wconf 72' lang='lat' dir='ltr'><strong>aeternum</strong></span> <span class='ocrx_word' id='word_1_104' title='bbox 1217 1701 1599 1757; x_wconf 77' lang='lat' dir='ltr'><strong>misericordia</strong></span> <span class='ocrx_word' id='word_1_105' title='bbox 1647 1699 1790 1769; x_wconf 85' lang='lat' dir='ltr'><strong>ejus.</strong></span> <span class='ocrx_word' id='word_1_106' title='bbox 1834 1717 1852 1750; x_wconf 72' lang='grc' dir='ltr'><strong>ι</strong></span> <span class='ocrx_word' id='word_1_107' title='bbox 1888 1697 2102 1751; x_wconf 76' lang='lat' dir='ltr'><strong>Miseri-</strong></span> 
     </span>
    </p>
   </div>
   <div class='ocr_carea' id='block_1_19' title="bbox 2195 513 3783 589">
    <p class='ocr_par' dir='ltr' id='par_1_19' title="bbox 2195 513 3783 589">
     <span class='ocr_line' id='line_1_19' title="bbox 2195 513 3783 589; baseline -0.005 -17"><span class='ocrx_word' id='word_1_108' title='bbox 2195 519 2404 589; x_wconf 79' lang='grc' dir='ltr'>χρόνον,</span> <span class='ocrx_word' id='word_1_109' title='bbox 2457 518 2553 571; x_wconf 74' lang='grc' dir='ltr'>καὶ</span> <span class='ocrx_word' id='word_1_110' title='bbox 2593 519 2716 579; x_wconf 83' lang='grc' dir='ltr'>ταῖς</span> <span class='ocrx_word' id='word_1_111' title='bbox 2772 516 2869 585; x_wconf 65' lang='grc' dir='ltr'>μὲν</span> <span class='ocrx_word' id='word_1_112' title='bbox 2918 514 3171 586; x_wconf 77' lang='grc' dir='ltr'><strong>ἡλιακαῖς</strong></span> <span class='ocrx_word' id='word_1_113' title='bbox 3206 514 3389 567; x_wconf 82' lang='grc' dir='ltr'><strong>ἀκτῖσι</strong></span> <span class='ocrx_word' id='word_1_114' title='bbox 3433 513 3533 583; x_wconf 76' lang='grc' dir='ltr'>τὴν</span> <span class='ocrx_word' id='word_1_115' title='bbox 3568 513 3783 583; x_wconf 73' lang='grc' dir='ltr'>ἡμέραν</span> 
     </span>
    </p>
   </div>
   <div class='ocr_carea' id='block_1_20' title="bbox 2196 603 3782 682">
    <p class='ocr_par' dir='ltr' id='par_1_20' title="bbox 2196 603 3782 682">
     <span class='ocr_line' id='line_1_20' title="bbox 2196 603 3782 682; baseline -0.003 -19"><span class='ocrx_word' id='word_1_116' title='bbox 2196 612 2363 676; x_wconf 80' lang='grc' dir='ltr'>ποιεῖ,</span> <span class='ocrx_word' id='word_1_117' title='bbox 2389 610 2586 682; x_wconf 76' lang='grc' dir='ltr'>σελήνῃ</span> <span class='ocrx_word' id='word_1_118' title='bbox 2615 608 2671 662; x_wconf 79' lang='grc' dir='ltr'>δὲ</span> <span class='ocrx_word' id='word_1_119' title='bbox 2698 607 2794 661; x_wconf 73' lang='grc' dir='ltr'>καὶ</span> <span class='ocrx_word' id='word_1_120' title='bbox 2819 608 3041 677; x_wconf 78' lang='grc' dir='ltr'><strong>ἄστροις</strong></span> <span class='ocrx_word' id='word_1_121' title='bbox 3067 605 3435 673; x_wconf 72' lang='grc' dir='ltr'>καταφοιτίζει</span> <span class='ocrx_word' id='word_1_122' title='bbox 3463 603 3562 675; x_wconf 74' lang='grc' dir='ltr'>τὴν</span> <span class='ocrx_word' id='word_1_123' title='bbox 3586 604 3782 660; x_wconf 86' lang='grc' dir='ltr'>νύκτα.</span> 
     </span>
    </p>
   </div>
   <div class='ocr_carea' id='block_1_21' title="bbox 2196 697 3785 772">
    <p class='ocr_par' dir='ltr' id='par_1_21' title="bbox 2196 697 3785 772">
     <span class='ocr_line' id='line_1_21' title="bbox 2196 697 3785 772; baseline -0.004 -16"><span class='ocrx_word' id='word_1_124' title='bbox 2196 703 2296 757; x_wconf 78' lang='grc' dir='ltr'>Διὰ</span> <span class='ocrx_word' id='word_1_125' title='bbox 2325 702 2529 755; x_wconf 86' lang='grc' dir='ltr'>τούτων</span> <span class='ocrx_word' id='word_1_126' title='bbox 2563 702 2605 733; x_wconf 77' lang='grc' dir='ltr'>’ί</span> <span class='ocrx_word' id='word_1_127' title='bbox 2638 700 2940 772; x_wconf 82' lang='grc' dir='ltr'><strong>γινομένων</strong></span> <span class='ocrx_word' id='word_1_128' title='bbox 2970 699 3067 770; x_wconf 80' lang='grc' dir='ltr'>τὴν</span> <span class='ocrx_word' id='word_1_129' title='bbox 3092 698 3300 752; x_wconf 77' lang='grc' dir='ltr'>οἰκείαν</span> <span class='ocrx_word' id='word_1_130' title='bbox 3326 698 3545 761; x_wconf 75' lang='grc' dir='ltr'>δεικνὺς</span> <span class='ocrx_word' id='word_1_131' title='bbox 3568 697 3785 766; x_wconf 79' lang='grc' dir='ltr'>ἀγαθό-</span> 
     </span>
    </p>
   </div>
   <div class='ocr_carea' id='block_1_22' title="bbox 2194 810 2358 865">
    <p class='ocr_par' dir='ltr' id='par_1_22' title="bbox 2194 810 2358 865">
     <span class='ocr_line' id='line_1_22' title="bbox 2194 810 2358 865; baseline -0.006 -18"><span class='ocrx_word' id='word_1_132' title='bbox 2194 810 2358 865; x_wconf 80' lang='grc' dir='ltr'>τητα.</span> 
     </span>
    </p>
   </div>
   <div class='ocr_carea' id='block_1_23' title="bbox 2273 880 3789 955">
    <p class='ocr_par' dir='ltr' id='par_1_23' title="bbox 2273 880 3789 955">
     <span class='ocr_line' id='line_1_23' title="bbox 2273 880 3789 955; baseline -0.003 -18"><span class='ocrx_word' id='word_1_133' title='bbox 2273 893 2324 939; x_wconf 86' lang='grc' dir='ltr'>ι’.</span> <span class='ocrx_word' id='word_1_134' title='bbox 2358 903 2378 936; x_wconf 84' lang='grc'><em>‹</em></span> <span class='ocrx_word' id='word_1_135' title='bbox 2406 884 2499 955; x_wconf 83' lang='grc' dir='ltr'>Τῷ</span> <span class='ocrx_word' id='word_1_136' title='bbox 2526 881 2831 948; x_wconf 73' lang='grc' dir='ltr'><strong>πατάξαντι</strong></span> <span class='ocrx_word' id='word_1_137' title='bbox 2852 881 3131 951; x_wconf 77' lang='grc' dir='ltr'>Αἴγυπτον</span> <span class='ocrx_word' id='word_1_138' title='bbox 3157 882 3253 935; x_wconf 78' lang='grc' dir='ltr'>σὺν</span> <span class='ocrx_word' id='word_1_139' title='bbox 3280 883 3393 945; x_wconf 82' lang='grc' dir='ltr'>τοῖς</span> <span class='ocrx_word' id='word_1_140' title='bbox 3415 880 3789 951; x_wconf 80' lang='grc' dir='ltr'>πρωτοτόκοις</span> 
     </span>
    </p>
   </div>
   <div class='ocr_carea' id='block_1_24' title="bbox 2199 972 3791 1044">
    <p class='ocr_par' dir='ltr' id='par_1_24' title="bbox 2199 972 3791 1044">
     <span class='ocr_line' id='line_1_24' title="bbox 2199 972 3791 1044; baseline -0.005 -11"><span class='ocrx_word' id='word_1_141' title='bbox 2199 978 2399 1044; x_wconf 74' lang='grc' dir='ltr'>αὐτῶν,</span> <span class='ocrx_word' id='word_1_142' title='bbox 2428 979 2511 1031; x_wconf 75' lang='grc' dir='ltr'>ὅτι</span> <span class='ocrx_word' id='word_1_143' title='bbox 2533 979 2614 1039; x_wconf 89' lang='grc' dir='ltr'><strong>εἰς</strong></span> <span class='ocrx_word' id='word_1_144' title='bbox 2631 976 2725 1029; x_wconf 79' lang='grc' dir='ltr'>τὸν</span> <span class='ocrx_word' id='word_1_145' title='bbox 2747 975 2921 1029; x_wconf 86' lang='grc' dir='ltr'>αἰῶνα</span> <span class='ocrx_word' id='word_1_146' title='bbox 2945 973 3006 1026; x_wconf 69' lang='grc' dir='ltr'>τὸ</span> <span class='ocrx_word' id='word_1_147' title='bbox 3026 973 3169 1037; x_wconf 78' lang='grc' dir='ltr'>ἔλεος</span> <span class='ocrx_word' id='word_1_148' title='bbox 3202 972 3390 1027; x_wconf 77' lang='grc' dir='ltr'>αὑτοῦ.</span> <span class='ocrx_word' id='word_1_149' title='bbox 3422 992 3440 1025; x_wconf 72' lang='grc' dir='ltr'><strong>ι</strong></span> <span class='ocrx_word' id='word_1_150' title='bbox 3486 972 3628 1026; x_wconf 83' lang='grc' dir='ltr'>Ἀλλ’</span> <span class='ocrx_word' id='word_1_151' title='bbox 3654 973 3791 1034; x_wconf 74' lang='grc' dir='ltr'>ἴσως</span> 
     </span>
    </p>
   </div>
   <div class='ocr_carea' id='block_1_25' title="bbox 2198 1065 3789 1140">
    <p class='ocr_par' dir='ltr' id='par_1_25' title="bbox 2198 1065 3789 1140">
     <span class='ocr_line' id='line_1_25' title="bbox 2198 1065 3789 1140; baseline -0.006 -15"><span class='ocrx_word' id='word_1_152' title='bbox 2198 1072 2266 1127; x_wconf 74' lang='grc' dir='ltr'>ἄν</span> <span class='ocrx_word' id='word_1_153' title='bbox 2295 1088 2378 1134; x_wconf 91' lang='grc' dir='ltr'><strong>τις</strong></span> <span class='ocrx_word' id='word_1_154' title='bbox 2406 1070 2796 1140; x_wconf 84' lang='grc' dir='ltr'>ὲπαπορήσειε,</span> <span class='ocrx_word' id='word_1_155' title='bbox 2822 1067 2943 1131; x_wconf 87' lang='grc' dir='ltr'><strong>πῶς</strong></span> <span class='ocrx_word' id='word_1_156' title='bbox 2973 1068 3110 1139; x_wconf 78' lang='grc' dir='ltr'><strong>ἐλέῳ</strong></span> <span class='ocrx_word' id='word_1_157' title='bbox 3138 1065 3485 1119; x_wconf 81' lang='grc' dir='ltr'>τεκταίνεται</span> <span class='ocrx_word' id='word_1_158' title='bbox 3515 1065 3789 1131; x_wconf 76' lang='grc' dir='ltr'>θάνατοςς</span> 
     </span>
    </p>
   </div>
   <div class='ocr_carea' id='block_1_26' title="bbox 2202 1157 3793 1229">
    <p class='ocr_par' dir='ltr' id='par_1_26' title="bbox 2202 1157 3793 1229">
     <span class='ocr_line' id='line_1_26' title="bbox 2202 1157 3793 1229; baseline -0.004 -14"><span class='ocrx_word' id='word_1_159' title='bbox 2202 1160 2689 1215; x_wconf 32' lang='grc' dir='ltr'>Σκοπείτωξτοίνυν</span> <span class='ocrx_word' id='word_1_160' title='bbox 2728 1159 2773 1191; x_wconf 78' lang='grc'>²¹</span> <span class='ocrx_word' id='word_1_161' title='bbox 2804 1158 2903 1229; x_wconf 70' lang='grc' dir='ltr'>τὴν</span> <span class='ocrx_word' id='word_1_162' title='bbox 2932 1158 3085 1212; x_wconf 85' lang='grc' dir='ltr'>λύσιν</span> <span class='ocrx_word' id='word_1_163' title='bbox 3120 1158 3230 1211; x_wconf 89' lang='grc' dir='ltr'><strong>τῶν</strong></span> <span class='ocrx_word' id='word_1_164' title='bbox 3270 1157 3653 1229; x_wconf 81' lang='grc' dir='ltr'><strong>προκειμένων</strong></span> <span class='ocrx_word' id='word_1_165' title='bbox 3690 1159 3793 1226; x_wconf 78' lang='grc' dir='ltr'>ρη-</span> 
     </span>
    </p>
   </div>
   <div class='ocr_carea' id='block_1_27' title="bbox 2202 1248 3797 1321">
    <p class='ocr_par' dir='ltr' id='par_1_27' title="bbox 2202 1248 3797 1321">
     <span class='ocr_line' id='line_1_27' title="bbox 2202 1248 3797 1321; baseline -0.003 -14"><span class='ocrx_word' id='word_1_166' title='bbox 2202 1253 2368 1307; x_wconf 83' lang='grc' dir='ltr'>τῶν⁷³</span> <span class='ocrx_word' id='word_1_167' title='bbox 2393 1271 2405 1283; x_wconf 89' lang='grc'><strong>·</strong></span> <span class='ocrx_word' id='word_1_168' title='bbox 2439 1251 2512 1315; x_wconf 80' lang='grc' dir='ltr'>ὡς</span> <span class='ocrx_word' id='word_1_169' title='bbox 2539 1253 2567 1303; x_wconf 84' lang='grc' dir='ltr'><strong>δ</strong></span> <span class='ocrx_word' id='word_1_170' title='bbox 2598 1253 2724 1315; x_wconf 82' lang='grc' dir='ltr'>τοὺς</span> <span class='ocrx_word' id='word_1_171' title='bbox 2752 1250 3140 1321; x_wconf 75' lang='grc' dir='ltr'><strong>ἀδικουμένους</strong></span> <span class='ocrx_word' id='word_1_172' title='bbox 3176 1250 3485 1320; x_wconf 75' lang='grc' dir='ltr'><strong>οἰκτείρων,</strong></span> <span class='ocrx_word' id='word_1_173' title='bbox 3513 1250 3641 1314; x_wconf 77' lang='grc' dir='ltr'>τοὺς</span> <span class='ocrx_word' id='word_1_174' title='bbox 3671 1248 3797 1303; x_wconf 79' lang='grc' dir='ltr'>ἀδι-</span> 
     </span>
    </p>
   </div>
   <div class='ocr_carea' id='block_1_28' title="bbox 2202 1341 3797 1414">
    <p class='ocr_par' dir='ltr' id='par_1_28' title="bbox 2202 1341 3797 1414">
     <span class='ocr_line' id='line_1_28' title="bbox 2202 1341 3797 1414; baseline -0.004 -15"><span class='ocrx_word' id='word_1_175' title='bbox 2202 1345 2431 1408; x_wconf 83' lang='grc' dir='ltr'>κοῦντας</span> <span class='ocrx_word' id='word_1_176' title='bbox 2460 1343 2699 1409; x_wconf 81' lang='grc' dir='ltr'>κολάζει.</span> <span class='ocrx_word' id='word_1_177' title='bbox 2723 1343 2896 1398; x_wconf 81' lang='grc' dir='ltr'>Τοῦτο</span> <span class='ocrx_word' id='word_1_178' title='bbox 2917 1342 2966 1375; x_wconf 76' lang='grc'><strong>⁷⁸</strong></span> <span class='ocrx_word' id='word_1_179' title='bbox 2994 1343 3104 1414; x_wconf 78' lang='grc' dir='ltr'>γὰρ</span> <span class='ocrx_word' id='word_1_180' title='bbox 3125 1343 3221 1396; x_wconf 74' lang='grc' dir='ltr'>καὶ</span> <span class='ocrx_word' id='word_1_181' title='bbox 3242 1341 3479 1397; x_wconf 71' lang='grc' dir='ltr'>ἐνταῦθα</span> <span class='ocrx_word' id='word_1_182' title='bbox 3506 1343 3535 1394; x_wconf 83' lang='grc' dir='ltr'><strong>ὁ</strong></span> <span class='ocrx_word' id='word_1_183' title='bbox 3562 1342 3797 1413; x_wconf 82' lang='grc' dir='ltr'>Προφή-</span> 
     </span>
    </p>
   </div>
   <div class='ocr_carea' id='block_1_29' title="bbox 2202 1438 2596 1509">
    <p class='ocr_par' dir='ltr' id='par_1_29' title="bbox 2202 1438 2596 1509">
     <span class='ocr_line' id='line_1_29' title="bbox 2202 1438 2596 1509; baseline -0.003 -19"><span class='ocrx_word' id='word_1_184' title='bbox 2202 1454 2301 1509; x_wconf 80' lang='grc' dir='ltr'><strong>της</strong></span> <span class='ocrx_word' id='word_1_185' title='bbox 2326 1438 2596 1507; x_wconf 79' lang='grc' dir='ltr'>ἐπήγαγε.</span> 
     </span>
    </p>
   </div>
   <div class='ocr_carea' id='block_1_30' title="bbox 2278 1614 3795 1685">
    <p class='ocr_par' dir='ltr' id='par_1_30' title="bbox 2278 1614 3795 1685">
     <span class='ocr_line' id='line_1_30' title="bbox 2278 1614 3795 1685; baseline -0.001 -15"><span class='ocrx_word' id='word_1_186' title='bbox 2278 1624 2366 1673; x_wconf 88' lang='grc' dir='ltr'>ια’.</span> <span class='ocrx_word' id='word_1_187' title='bbox 2406 1636 2426 1667; x_wconf 74' lang='grc' dir='ltr'><strong>ι</strong></span> <span class='ocrx_word' id='word_1_188' title='bbox 2451 1614 2561 1669; x_wconf 87' lang='lat' dir='ltr'><strong>Kal</strong></span> <span class='ocrx_word' id='word_1_189' title='bbox 2589 1614 2912 1684; x_wconf 78' lang='grc' dir='ltr'>ὲξαγαγόντι</span> <span class='ocrx_word' id='word_1_190' title='bbox 2932 1614 3025 1667; x_wconf 81' lang='grc' dir='ltr'>τὸν</span> <span class='ocrx_word' id='word_1_191' title='bbox 3055 1614 3273 1685; x_wconf 82' lang='grc' dir='ltr'>Ἰσραὴλ</span> <span class='ocrx_word' id='word_1_192' title='bbox 3302 1616 3365 1668; x_wconf 80' lang='grc' dir='ltr'>ὲκ</span> <span class='ocrx_word' id='word_1_193' title='bbox 3389 1616 3556 1684; x_wconf 81' lang='grc' dir='ltr'>μέσου</span> <span class='ocrx_word' id='word_1_194' title='bbox 3581 1616 3795 1682; x_wconf 81' lang='grc' dir='ltr'>αὐτῶν,</span> 
     </span>
    </p>
   </div>
   <div class='ocr_carea' id='block_1_31' title="bbox 2202 1705 3799 1777">
    <p class='ocr_par' dir='ltr' id='par_1_31' title="bbox 2202 1705 3799 1777">
     <span class='ocr_line' id='line_1_31' title="bbox 2202 1705 3799 1777; baseline -0.001 -16"><span class='ocrx_word' id='word_1_195' title='bbox 2202 1709 2286 1762; x_wconf 83' lang='grc' dir='ltr'>ὅτι</span> <span class='ocrx_word' id='word_1_196' title='bbox 2339 1709 2421 1770; x_wconf 89' lang='grc' dir='ltr'><strong>είς</strong></span> <span class='ocrx_word' id='word_1_197' title='bbox 2458 1706 2551 1759; x_wconf 82' lang='grc' dir='ltr'><strong>τὸν</strong></span> <span class='ocrx_word' id='word_1_198' title='bbox 2585 1705 2759 1759; x_wconf 89' lang='grc' dir='ltr'>αίῶνα</span> <span class='ocrx_word' id='word_1_199' title='bbox 2799 1705 2859 1759; x_wconf 71' lang='grc' dir='ltr'><strong>τὸ</strong></span> <span class='ocrx_word' id='word_1_200' title='bbox 2892 1706 3039 1769; x_wconf 77' lang='grc' dir='ltr'>ἔλεος</span> <span class='ocrx_word' id='word_1_201' title='bbox 3067 1705 3299 1760; x_wconf 52' lang='lat' dir='ltr'><strong>auratis</strong></span> <span class='ocrx_word' id='word_1_202' title='bbox 3337 1706 3396 1758; x_wconf 88' lang='lat'><strong>&#39;0</strong></span> <span class='ocrx_word' id='word_1_203' title='bbox 3432 1710 3563 1777; x_wconf 74' lang='grc' dir='ltr'>περὶ</span> <span class='ocrx_word' id='word_1_204' title='bbox 3598 1706 3799 1760; x_wconf 81' lang='grc' dir='ltr'>τοῦτον</span> 
     </span>
    </p>
   </div>
   <div class='ocr_carea' id='block_1_32' title="bbox 522 1785 2112 1869">
    <p class='ocr_par' dir='ltr' id='par_1_32' title="bbox 522 1785 2109 1867">
     <span class='ocr_line' id='line_1_32' title="bbox 522 1785 2109 1867; baseline -0.008 -14"><span class='ocrx_word' id='word_1_205' title='bbox 522 1800 709 1853; x_wconf 86' lang='lat' dir='ltr'><strong>cordia</strong></span> <span class='ocrx_word' id='word_1_206' title='bbox 737 1813 865 1867; x_wconf 79' lang='lat' dir='ltr'><strong>erga</strong></span> <span class='ocrx_word' id='word_1_207' title='bbox 917 1798 1065 1850; x_wconf 90' lang='lat' dir='ltr'><strong>hunc</strong></span> <span class='ocrx_word' id='word_1_208' title='bbox 1091 1795 1354 1865; x_wconf 87' lang='lat' dir='ltr'><strong>populum</strong></span> <span class='ocrx_word' id='word_1_209' title='bbox 1389 1794 1495 1848; x_wconf 86' lang='lat' dir='ltr'><strong>illis</strong></span> <span class='ocrx_word' id='word_1_210' title='bbox 1531 1806 1751 1862; x_wconf 68' lang='lat' dir='ltr'><strong>prauam</strong></span> <span class='ocrx_word' id='word_1_211' title='bbox 1786 1790 2004 1844; x_wconf 79' lang='lat' dir='ltr'><strong>inflixit.</strong></span> <span class='ocrx_word' id='word_1_212' title='bbox 2045 1785 2109 1841; x_wconf 90' lang='lat' dir='ltr'><strong>Et</strong></span> 
     </span>
    </p>
   </div>
   <div class='ocr_carea' id='block_1_33' title="bbox 2210 1785 3795 1869">
    <p class='ocr_par' dir='ltr' id='par_1_33' title="bbox 2210 1797 3795 1869">
     <span class='ocr_line' id='line_1_33' title="bbox 2210 1797 3795 1869; baseline -0.001 -17"><span class='ocrx_word' id='word_1_213' title='bbox 2210 1798 2356 1863; x_wconf 74' lang='grc' dir='ltr'>ἔλεος</span> <span class='ocrx_word' id='word_1_214' title='bbox 2405 1800 2635 1861; x_wconf 73' lang='grc' dir='ltr'>ἐκείνοις</span> <span class='ocrx_word' id='word_1_215' title='bbox 2653 1798 2752 1868; x_wconf 81' lang='grc' dir='ltr'>τὴν</span> <span class='ocrx_word' id='word_1_216' title='bbox 2786 1797 3058 1869; x_wconf 72' lang='grc' dir='ltr'>τιμωρίαν</span> <span class='ocrx_word' id='word_1_217' title='bbox 3091 1797 3361 1868; x_wconf 77' lang='grc' dir='ltr'>ἐπήγαγε.</span> <span class='ocrx_word' id='word_1_218' title='bbox 3413 1799 3680 1862; x_wconf 81' lang='grc' dir='ltr'>Κάκεῖνος</span> <span class='ocrx_word' id='word_1_219' title='bbox 3710 1797 3795 1861; x_wconf 78' lang='grc' dir='ltr'>δὲ,</span> 
     </span>
    </p>
   </div>
   <div class='ocr_carea' id='block_1_34' title="bbox 522 1878 2105 1958">
    <p class='ocr_par' dir='ltr' id='par_1_34' title="bbox 522 1878 2105 1958">
     <span class='ocr_line' id='line_1_34' title="bbox 522 1878 2105 1958; baseline -0.009 -12"><span class='ocrx_word' id='word_1_220' title='bbox 522 1893 615 1947; x_wconf 89' lang='lat' dir='ltr'><strong>illa</strong></span> <span class='ocrx_word' id='word_1_221' title='bbox 649 1899 855 1954; x_wconf 89' lang='lat' dir='ltr'><strong>autem,</strong></span> <span class='ocrx_word' id='word_1_222' title='bbox 891 1899 946 1944; x_wconf 89' lang='lat' dir='ltr'><strong>et</strong></span> <span class='ocrx_word' id='word_1_223' title='bbox 976 1892 997 1911; x_wconf 76' lang='grc'>⁶</span> <span class='ocrx_word' id='word_1_224' title='bbox 1040 1890 1156 1944; x_wconf 68' lang='lat' dir='ltr'><strong>haec</strong></span> <span class='ocrx_word' id='word_1_225' title='bbox 1194 1889 1424 1958; x_wconf 71' lang='lat' dir='ltr'><strong>iustitiae</strong></span> <span class='ocrx_word' id='word_1_226' title='bbox 1452 1886 1743 1955; x_wconf 83' lang='lat' dir='ltr'><strong>conjuncta</strong></span> <span class='ocrx_word' id='word_1_227' title='bbox 1779 1891 1931 1937; x_wconf 90' lang='lat' dir='ltr'><strong>sunt.</strong></span> <span class='ocrx_word' id='word_1_228' title='bbox 1971 1878 2105 1933; x_wconf 84' lang='lat' dir='ltr'><strong>Nam</strong></span> 
     </span>
    </p>
   </div>
   <div class='ocr_carea' id='block_1_35' title="bbox 523 1972 2110 2053">
    <p class='ocr_par' dir='ltr' id='par_1_35' title="bbox 523 1972 2110 2053">
     <span class='ocr_line' id='line_1_35' title="bbox 523 1972 2110 2053; baseline -0.008 -14"><span class='ocrx_word' id='word_1_229' title='bbox 523 1993 579 2039; x_wconf 90' lang='lat' dir='ltr'><strong>et</strong></span> <span class='ocrx_word' id='word_1_230' title='bbox 612 1985 806 2037; x_wconf 89' lang='lat' dir='ltr'><strong>borum</strong></span> <span class='ocrx_word' id='word_1_231' title='bbox 833 1983 981 2053; x_wconf 87' lang='lat' dir='ltr'><strong>juste</strong></span> <span class='ocrx_word' id='word_1_232' title='bbox 1021 1983 1282 2038; x_wconf 79' lang='lat' dir='ltr'><strong>misertus</strong></span> <span class='ocrx_word' id='word_1_233' title='bbox 1306 1989 1410 2046; x_wconf 88' lang='lat' dir='ltr'><strong>est,</strong></span> <span class='ocrx_word' id='word_1_234' title='bbox 1437 1988 1491 2035; x_wconf 89' lang='lat' dir='ltr'><strong>et</strong></span> <span class='ocrx_word' id='word_1_235' title='bbox 1522 1979 1646 2034; x_wconf 85' lang='lat' dir='ltr'><strong>illos</strong></span> <span class='ocrx_word' id='word_1_236' title='bbox 1673 1977 1798 2048; x_wconf 87' lang='lat' dir='ltr'><strong>jure</strong></span> <span class='ocrx_word' id='word_1_237' title='bbox 1825 1972 2110 2044; x_wconf 85' lang='lat' dir='ltr'><strong>suppliciis</strong></span> 
     </span>
    </p>
   </div>
   <div class='ocr_carea' id='block_1_36' title="bbox 526 2076 728 2131">
    <p class='ocr_par' dir='ltr' id='par_1_36' title="bbox 526 2076 728 2131">
     <span class='ocr_line' id='line_1_36' title="bbox 526 2076 728 2131; baseline -0.01 0"><span class='ocrx_word' id='word_1_238' title='bbox 526 2076 728 2131; x_wconf 79' lang='lat' dir='ltr'><strong>aﬂ‘ecit.</strong></span> 
     </span>
    </p>
   </div>
   <div class='ocr_carea' id='block_1_37' title="bbox 601 2158 2101 2232">
    <p class='ocr_par' dir='ltr' id='par_1_37' title="bbox 601 2158 2101 2232">
     <span class='ocr_line' id='line_1_37' title="bbox 601 2158 2101 2232; baseline -0.006 -13"><span class='ocrx_word' id='word_1_239' title='bbox 601 2166 764 2220; x_wconf 73' lang='lat' dir='ltr'><strong>Vsus.</strong></span> <span class='ocrx_word' id='word_1_240' title='bbox 799 2164 889 2218; x_wconf 68' lang='grc' dir='ltr'><strong>ιε.</strong></span> <span class='ocrx_word' id='word_1_241' title='bbox 930 2183 950 2216; x_wconf 83' lang='grc'>‹</span> <span class='ocrx_word' id='word_1_242' title='bbox 998 2164 1055 2217; x_wconf 86' lang='lat' dir='ltr'><strong>In</strong></span> <span class='ocrx_word' id='word_1_243' title='bbox 1092 2176 1254 2217; x_wconf 85' lang='lat' dir='ltr'><strong>manu</strong></span> <span class='ocrx_word' id='word_1_244' title='bbox 1299 2163 1529 2232; x_wconf 86' lang='lat' dir='ltr'><strong>potenti,</strong></span> <span class='ocrx_word' id='word_1_245' title='bbox 1557 2176 1611 2217; x_wconf 85' lang='lat' dir='ltr'><strong>et</strong></span> <span class='ocrx_word' id='word_1_246' title='bbox 1656 2161 1711 2216; x_wconf 86' lang='lat' dir='ltr'><strong>in</strong></span> <span class='ocrx_word' id='word_1_247' title='bbox 1756 2158 1981 2213; x_wconf 82' lang='lat' dir='ltr'><strong>brachio</strong></span> <span class='ocrx_word' id='word_1_248' title='bbox 2013 2172 2101 2212; x_wconf 79' lang='lat' dir='ltr'><strong>ex-</strong></span> 
     </span>
    </p>
   </div>
   <div class='ocr_carea' id='block_1_38' title="bbox 526 2250 2106 2328">
    <p class='ocr_par' dir='ltr' id='par_1_38' title="bbox 526 2250 2106 2328">
     <span class='ocr_line' id='line_1_38' title="bbox 526 2250 2106 2328; baseline -0.008 -14"><span class='ocrx_word' id='word_1_249' title='bbox 526 2259 693 2325; x_wconf 78' lang='lat' dir='ltr'><strong>celso,</strong></span> <span class='ocrx_word' id='word_1_250' title='bbox 746 2258 1006 2328; x_wconf 85' lang='lat' dir='ltr'><strong>quoniam</strong></span> <span class='ocrx_word' id='word_1_251' title='bbox 1067 2256 1121 2309; x_wconf 92' lang='lat' dir='ltr'><strong>in</strong></span> <span class='ocrx_word' id='word_1_252' title='bbox 1165 2268 1427 2310; x_wconf 64' lang='lat' dir='ltr'><strong>aeternum</strong></span> <span class='ocrx_word' id='word_1_253' title='bbox 1482 2255 1863 2310; x_wconf 74' lang='lat' dir='ltr'><strong>misericordia</strong></span> <span class='ocrx_word' id='word_1_254' title='bbox 1905 2250 2047 2321; x_wconf 84' lang='lat' dir='ltr'><strong>ejus.</strong></span> <span class='ocrx_word' id='word_1_255' title='bbox 2087 2267 2106 2301; x_wconf 74' lang='grc' dir='ltr'><strong>ι</strong></span> 
     </span>
    </p>
   </div>
   <div class='ocr_carea' id='block_1_39' title="bbox 527 2347 2109 2418">
    <p class='ocr_par' dir='ltr' id='par_1_39' title="bbox 527 2347 2109 2418">
     <span class='ocr_line' id='line_1_39' title="bbox 527 2347 2109 2418; baseline -0.003 -15"><span class='ocrx_word' id='word_1_256' title='bbox 527 2349 753 2403; x_wconf 81' lang='lat' dir='ltr'><strong>Manum</strong></span> <span class='ocrx_word' id='word_1_257' title='bbox 802 2349 1177 2418; x_wconf 86' lang='lat' dir='ltr'><strong>operationem</strong></span> <span class='ocrx_word' id='word_1_258' title='bbox 1236 2347 1577 2416; x_wconf 79' lang='lat' dir='ltr'><strong>appellavit:</strong></span> <span class='ocrx_word' id='word_1_259' title='bbox 1628 2348 1905 2400; x_wconf 84' lang='lat' dir='ltr'><strong>brachium</strong></span> <span class='ocrx_word' id='word_1_260' title='bbox 1959 2360 2109 2410; x_wconf 88' lang='lat' dir='ltr'><strong>vero,</strong></span> 
     </span>
    </p>
   </div>
   <div class='ocr_carea' id='block_1_40' title="bbox 528 2436 2111 2508">
    <p class='ocr_par' dir='ltr' id='par_1_40' title="bbox 528 2436 2111 2508">
     <span class='ocr_line' id='line_1_40' title="bbox 528 2436 2111 2508; baseline -0.001 -15"><span class='ocrx_word' id='word_1_261' title='bbox 528 2441 719 2495; x_wconf 87' lang='lat' dir='ltr'><strong>robur.</strong></span> <span class='ocrx_word' id='word_1_262' title='bbox 740 2436 848 2493; x_wconf 91' lang='lat' dir='ltr'><strong>Per</strong></span> <span class='ocrx_word' id='word_1_263' title='bbox 876 2451 1110 2508; x_wconf 87' lang='lat' dir='ltr'><strong>utraque</strong></span> <span class='ocrx_word' id='word_1_264' title='bbox 1131 2436 1297 2506; x_wconf 72' lang='lat' dir='ltr'><strong>igitur</strong></span> <span class='ocrx_word' id='word_1_265' title='bbox 1320 2436 1642 2502; x_wconf 79' lang='lat' dir='ltr'><strong>declaravit,</strong></span> <span class='ocrx_word' id='word_1_266' title='bbox 1665 2453 1723 2490; x_wconf 91' lang='lat' dir='ltr'><strong>se</strong></span> <span class='ocrx_word' id='word_1_267' title='bbox 1752 2451 1849 2507; x_wconf 91' lang='lat' dir='ltr'><strong>per</strong></span> <span class='ocrx_word' id='word_1_268' title='bbox 1877 2437 2111 2491; x_wconf 84' lang='lat' dir='ltr'><strong>salutem</strong></span> 
     </span>
    </p>
   </div>
   <div class='ocr_carea' id='block_1_41' title="bbox 527 2528 1970 2600">
    <p class='ocr_par' dir='ltr' id='par_1_41' title="bbox 527 2528 1970 2600">
     <span class='ocr_line' id='line_1_41' title="bbox 527 2528 1970 2600; baseline -0.001 -17"><span class='ocrx_word' id='word_1_269' title='bbox 527 2529 729 2600; x_wconf 88' lang='lat' dir='ltr'><strong>populo</strong></span> <span class='ocrx_word' id='word_1_270' title='bbox 764 2529 1048 2598; x_wconf 66' lang='lat' dir='ltr'><strong>prebitam</strong></span> <span class='ocrx_word' id='word_1_271' title='bbox 1081 2528 1380 2598; x_wconf 83' lang='lat' dir='ltr'><strong>potentiam</strong></span> <span class='ocrx_word' id='word_1_272' title='bbox 1418 2543 1574 2584; x_wconf 88' lang='lat' dir='ltr'><strong>suam</strong></span> <span class='ocrx_word' id='word_1_273' title='bbox 1609 2537 1970 2584; x_wconf 84' lang='lat' dir='ltr'><strong>monstrasse.</strong></span> 
     </span>
    </p>
   </div>
   <div class='ocr_carea' id='block_1_42' title="bbox 599 2705 2115 2773">
    <p class='ocr_par' dir='ltr' id='par_1_42' title="bbox 599 2705 2115 2773">
     <span class='ocr_line' id='line_1_42' title="bbox 599 2705 2115 2773; baseline 0 -11"><span class='ocrx_word' id='word_1_274' title='bbox 599 2705 769 2763; x_wconf 72' lang='lat' dir='ltr'><strong>Vsus.</strong></span> <span class='ocrx_word' id='word_1_275' title='bbox 802 2707 892 2762; x_wconf 74' lang='grc'><strong>15.</strong></span> <span class='ocrx_word' id='word_1_276' title='bbox 934 2726 952 2758; x_wconf 79' lang='grc' dir='ltr'><strong>ι</strong></span> <span class='ocrx_word' id='word_1_277' title='bbox 980 2706 1085 2773; x_wconf 86' lang='lat' dir='ltr'><strong>Qui</strong></span> <span class='ocrx_word' id='word_1_278' title='bbox 1113 2706 1299 2763; x_wconf 83' lang='lat' dir='ltr'><strong>divisit</strong></span> <span class='ocrx_word' id='word_1_279' title='bbox 1332 2720 1484 2761; x_wconf 87' lang='lat' dir='ltr'><strong>mare</strong></span> <span class='ocrx_word' id='word_1_280' title='bbox 1513 2705 1760 2761; x_wconf 82' lang='lat' dir='ltr'><strong>Rubrum</strong></span> <span class='ocrx_word' id='word_1_281' title='bbox 1796 2707 1851 2760; x_wconf 88' lang='lat' dir='ltr'><strong>in</strong></span> <span class='ocrx_word' id='word_1_282' title='bbox 1887 2705 2115 2762; x_wconf 87' lang='lat' dir='ltr'><strong>divisio-</strong></span> 
     </span>
    </p>
   </div>
   <div class='ocr_carea' id='block_1_43' title="bbox 529 2794 2115 2867">
    <p class='ocr_par' dir='ltr' id='par_1_43' title="bbox 529 2794 2115 2867">
     <span class='ocr_line' id='line_1_43' title="bbox 529 2794 2115 2867; baseline -0.001 -14"><span class='ocrx_word' id='word_1_283' title='bbox 529 2811 650 2865; x_wconf 80' lang='lat' dir='ltr'><strong>nes,</strong></span> <span class='ocrx_word' id='word_1_284' title='bbox 677 2796 939 2867; x_wconf 84' lang='lat' dir='ltr'><strong>quoniam</strong></span> <span class='ocrx_word' id='word_1_285' title='bbox 969 2797 1024 2849; x_wconf 87' lang='lat' dir='ltr'><strong>iu</strong></span> <span class='ocrx_word' id='word_1_286' title='bbox 1046 2809 1310 2852; x_wconf 68' lang='lat' dir='ltr'><strong>aeternum</strong></span> <span class='ocrx_word' id='word_1_287' title='bbox 1343 2795 1719 2851; x_wconf 83' lang='lat' dir='ltr'><strong>misericordia</strong></span> <span class='ocrx_word' id='word_1_288' title='bbox 1740 2795 1887 2864; x_wconf 87' lang='lat' dir='ltr'><strong>ejus.</strong></span> <span class='ocrx_word' id='word_1_289' title='bbox 1914 2813 1934 2847; x_wconf 74' lang='grc' dir='ltr'><strong>ι</strong></span> <span class='ocrx_word' id='word_1_290' title='bbox 1968 2794 2115 2851; x_wconf 84' lang='lat' dir='ltr'><strong>Non-</strong></span> 
     </span>
    </p>
   </div>
   <div class='ocr_carea' id='block_1_44' title="bbox 2209 1887 3801 1961">
    <p class='ocr_par' dir='ltr' id='par_1_44' title="bbox 2209 1887 3801 1961">
     <span class='ocr_line' id='line_1_44' title="bbox 2209 1887 3801 1961; baseline -0.003 -15"><span class='ocrx_word' id='word_1_291' title='bbox 2209 1892 2304 1946; x_wconf 76' lang='lat' dir='ltr'><strong>xal</strong></span> <span class='ocrx_word' id='word_1_292' title='bbox 2327 1890 2488 1961; x_wconf 77' lang='grc' dir='ltr'>αὕτη,</span> <span class='ocrx_word' id='word_1_293' title='bbox 2516 1888 2834 1961; x_wconf 80' lang='grc' dir='ltr'>δικαιοσύνῃ</span> <span class='ocrx_word' id='word_1_294' title='bbox 2865 1888 3260 1960; x_wconf 81' lang='grc' dir='ltr'>συγκέκραται.</span> <span class='ocrx_word' id='word_1_295' title='bbox 3295 1887 3406 1941; x_wconf 88' lang='lat' dir='ltr'><strong>Kal</strong></span> <span class='ocrx_word' id='word_1_296' title='bbox 3434 1887 3657 1952; x_wconf 82' lang='grc' dir='ltr'>τούτους</span> <span class='ocrx_word' id='word_1_297' title='bbox 3684 1889 3801 1959; x_wconf 83' lang='grc' dir='ltr'>γὰρ</span> 
     </span>
    </p>
   </div>
   <div class='ocr_carea' id='block_1_45' title="bbox 2206 1978 3558 2053">
    <p class='ocr_par' dir='ltr' id='par_1_45' title="bbox 2206 1978 3558 2053">
     <span class='ocr_line' id='line_1_45' title="bbox 2206 1978 3558 2053; baseline -0.003 -16"><span class='ocrx_word' id='word_1_298' title='bbox 2206 1982 2433 2046; x_wconf 90' lang='grc' dir='ltr'>δικαίως</span> <span class='ocrx_word' id='word_1_299' title='bbox 2458 1982 2681 2053; x_wconf 72' lang='grc' dir='ltr'>ἠλέησε,</span> <span class='ocrx_word' id='word_1_300' title='bbox 2713 1978 3005 2044; x_wconf 81' lang='grc' dir='ltr'>κάκείνους</span> <span class='ocrx_word' id='word_1_301' title='bbox 3030 1979 3256 2043; x_wconf 71' lang='grc' dir='ltr'>ἐνδίκως</span> <span class='ocrx_word' id='word_1_302' title='bbox 3278 1980 3558 2034; x_wconf 72' lang='grc' dir='ltr'>ἐκόλασεν.</span> 
     </span>
    </p>
   </div>
   <div class='ocr_carea' id='block_1_46' title="bbox 2284 2157 3803 2231">
    <p class='ocr_par' dir='ltr' id='par_1_46' title="bbox 2284 2157 3803 2231">
     <span class='ocr_line' id='line_1_46' title="bbox 2284 2157 3803 2231; baseline -0.001 -17"><span class='ocrx_word' id='word_1_303' title='bbox 2284 2159 2372 2231; x_wconf 79' lang='grc' dir='ltr'>ιβ’.</span> <span class='ocrx_word' id='word_1_304' title='bbox 2409 2178 2429 2211; x_wconf 74' lang='grc' dir='ltr'><strong>α</strong></span> <span class='ocrx_word' id='word_1_305' title='bbox 2466 2160 2555 2215; x_wconf 88' lang='grc' dir='ltr'><strong>Ἐν</strong></span> <span class='ocrx_word' id='word_1_306' title='bbox 2604 2158 2751 2230; x_wconf 75' lang='grc' dir='ltr'>χειρὶ</span> <span class='ocrx_word' id='word_1_307' title='bbox 2807 2160 3070 2230; x_wconf 82' lang='grc' dir='ltr'>κραταιᾷ,</span> <span class='ocrx_word' id='word_1_308' title='bbox 3126 2159 3222 2212; x_wconf 74' lang='grc' dir='ltr'>καὶ</span> <span class='ocrx_word' id='word_1_309' title='bbox 3271 2161 3330 2212; x_wconf 81' lang='grc' dir='ltr'>ὲν</span> <span class='ocrx_word' id='word_1_310' title='bbox 3373 2157 3621 2230; x_wconf 84' lang='grc' dir='ltr'>βραχίονι</span> <span class='ocrx_word' id='word_1_311' title='bbox 3663 2159 3803 2230; x_wconf 68' lang='grc' dir='ltr'>ὕψη-</span> 
     </span>
    </p>
   </div>
   <div class='ocr_carea' id='block_1_47' title="bbox 2211 2252 3802 2325">
    <p class='ocr_par' dir='ltr' id='par_1_47' title="bbox 2211 2252 3802 2325">
     <span class='ocr_line' id='line_1_47' title="bbox 2211 2252 3802 2325; baseline -0.001 -16"><span class='ocrx_word' id='word_1_312' title='bbox 2211 2255 2288 2325; x_wconf 87' lang='grc' dir='ltr'>λῷ</span> <span class='ocrx_word' id='word_1_313' title='bbox 2313 2256 2382 2320; x_wconf 84' lang='grc'><strong>⁷⁵,</strong></span> <span class='ocrx_word' id='word_1_314' title='bbox 2412 2256 2496 2309; x_wconf 82' lang='grc' dir='ltr'>ὅτι</span> <span class='ocrx_word' id='word_1_315' title='bbox 2524 2256 2604 2318; x_wconf 86' lang='grc' dir='ltr'><strong>είς</strong></span> <span class='ocrx_word' id='word_1_316' title='bbox 2628 2253 2720 2307; x_wconf 80' lang='grc' dir='ltr'>τὸν</span> <span class='ocrx_word' id='word_1_317' title='bbox 2745 2254 2917 2307; x_wconf 85' lang='grc' dir='ltr'>αἰῶνα</span> <span class='ocrx_word' id='word_1_318' title='bbox 2941 2253 3003 2306; x_wconf 78' lang='grc' dir='ltr'>τὸ</span> <span class='ocrx_word' id='word_1_319' title='bbox 3026 2252 3174 2317; x_wconf 79' lang='grc' dir='ltr'>ἔλεος</span> <span class='ocrx_word' id='word_1_320' title='bbox 3198 2252 3387 2308; x_wconf 84' lang='grc' dir='ltr'>αὐτοῦ.</span> <span class='ocrx_word' id='word_1_321' title='bbox 3429 2273 3448 2306; x_wconf 70' lang='grc' dir='ltr'><strong>ι</strong></span> <span class='ocrx_word' id='word_1_322' title='bbox 3495 2254 3671 2322; x_wconf 65' lang='grc' dir='ltr'><strong>Χεῷα</strong></span> <span class='ocrx_word' id='word_1_323' title='bbox 3696 2254 3802 2325; x_wconf 77' lang='grc' dir='ltr'>τὴν</span> 
     </span>
    </p>
   </div>
   <div class='ocr_carea' id='block_1_48' title="bbox 2211 2344 3801 2420">
    <p class='ocr_par' dir='ltr' id='par_1_48' title="bbox 2211 2344 3801 2420">
     <span class='ocr_line' id='line_1_48' title="bbox 2211 2344 3801 2420; baseline -0.001 -19"><span class='ocrx_word' id='word_1_324' title='bbox 2211 2347 2492 2420; x_wconf 72' lang='grc' dir='ltr'>ἐνέργειαν</span> <span class='ocrx_word' id='word_1_325' title='bbox 2555 2345 2805 2413; x_wconf 69' lang='grc' dir='ltr'>ἐκάλεσε,</span> <span class='ocrx_word' id='word_1_326' title='bbox 2868 2344 3171 2414; x_wconf 77' lang='grc' dir='ltr'>βραχίονα</span> <span class='ocrx_word' id='word_1_327' title='bbox 3224 2344 3281 2397; x_wconf 78' lang='grc' dir='ltr'>δὲ</span> <span class='ocrx_word' id='word_1_328' title='bbox 3338 2344 3437 2416; x_wconf 81' lang='grc' dir='ltr'>τὴν</span> <span class='ocrx_word' id='word_1_329' title='bbox 3487 2345 3662 2417; x_wconf 83' lang='grc' dir='ltr'>ἰσχύν.</span> <span class='ocrx_word' id='word_1_330' title='bbox 3717 2345 3801 2399; x_wconf 81' lang='grc' dir='ltr'><strong>Δι’</strong></span> 
     </span>
    </p>
   </div>
   <div class='ocr_carea' id='block_1_49' title="bbox 2211 2435 3804 2510">
    <p class='ocr_par' dir='ltr' id='par_1_49' title="bbox 2211 2435 3804 2510">
     <span class='ocr_line' id='line_1_49' title="bbox 2211 2435 3804 2510; baseline -0.003 -18"><span class='ocrx_word' id='word_1_331' title='bbox 2211 2437 2542 2509; x_wconf 80' lang='grc' dir='ltr'>ἀμφοτέρων</span> <span class='ocrx_word' id='word_1_332' title='bbox 2594 2436 2774 2507; x_wconf 84' lang='grc' dir='ltr'>μέντοι</span> <span class='ocrx_word' id='word_1_333' title='bbox 2832 2436 3124 2507; x_wconf 82' lang='grc' dir='ltr'>ἐδήλωσεν,</span> <span class='ocrx_word' id='word_1_334' title='bbox 3182 2436 3257 2500; x_wconf 86' lang='grc' dir='ltr'><strong>ὡς</strong></span> <span class='ocrx_word' id='word_1_335' title='bbox 3319 2435 3410 2491; x_wconf 78' lang='grc' dir='ltr'>διὰ</span> <span class='ocrx_word' id='word_1_336' title='bbox 3473 2439 3573 2510; x_wconf 84' lang='grc' dir='ltr'>τῆς</span> <span class='ocrx_word' id='word_1_337' title='bbox 3631 2454 3804 2508; x_wconf 78' lang='grc' dir='ltr'>γεγε-</span> 
     </span>
    </p>
   </div>
   <div class='ocr_carea' id='block_1_50' title="bbox 2211 2527 3802 2601">
    <p class='ocr_par' dir='ltr' id='par_1_50' title="bbox 2211 2527 3802 2601">
     <span class='ocr_line' id='line_1_50' title="bbox 2211 2527 3802 2601; baseline 0.001 -18"><span class='ocrx_word' id='word_1_338' title='bbox 2211 2530 2457 2601; x_wconf 81' lang='grc' dir='ltr'>νημένης</span> <span class='ocrx_word' id='word_1_339' title='bbox 2492 2527 2590 2581; x_wconf 82' lang='grc' dir='ltr'>τοῦ</span> <span class='ocrx_word' id='word_1_340' title='bbox 2614 2527 2745 2582; x_wconf 87' lang='grc' dir='ltr'>λαοῦ</span> <span class='ocrx_word' id='word_1_341' title='bbox 2775 2529 3050 2600; x_wconf 81' lang='grc' dir='ltr'>σωτηρίας</span> <span class='ocrx_word' id='word_1_342' title='bbox 3088 2528 3189 2598; x_wconf 79' lang='grc' dir='ltr'>τὴν</span> <span class='ocrx_word' id='word_1_343' title='bbox 3222 2528 3433 2582; x_wconf 79' lang='grc' dir='ltr'>οἰκείαν</span> <span class='ocrx_word' id='word_1_344' title='bbox 3473 2529 3802 2601; x_wconf 74' lang='grc' dir='ltr'>ἅπεκάλυψε</span> 
     </span>
    </p>
   </div>
   <div class='ocr_carea' id='block_1_51' title="bbox 2212 2620 2468 2691">
    <p class='ocr_par' dir='ltr' id='par_1_51' title="bbox 2212 2620 2468 2691">
     <span class='ocr_line' id='line_1_51' title="bbox 2212 2620 2468 2691; baseline 0.004 -17"><span class='ocrx_word' id='word_1_345' title='bbox 2212 2620 2468 2691; x_wconf 89' lang='grc' dir='ltr'>δύναμιν.</span> 
     </span>
    </p>
   </div>
   <div class='ocr_carea' id='block_1_52' title="bbox 2288 2709 3809 2784">
    <p class='ocr_par' dir='ltr' id='par_1_52' title="bbox 2288 2709 3809 2784">
     <span class='ocr_line' id='line_1_52' title="bbox 2288 2709 3809 2784; baseline 0.001 -20"><span class='ocrx_word' id='word_1_346' title='bbox 2288 2709 2375 2780; x_wconf 80' lang='grc' dir='ltr'>ιγ’.</span> <span class='ocrx_word' id='word_1_347' title='bbox 2405 2729 2424 2763; x_wconf 74' lang='grc' dir='ltr'><strong>ι</strong></span> <span class='ocrx_word' id='word_1_348' title='bbox 2464 2709 2554 2781; x_wconf 81' lang='grc' dir='ltr'>Τῷ</span> <span class='ocrx_word' id='word_1_349' title='bbox 2578 2709 2949 2764; x_wconf 82' lang='grc' dir='ltr'>καταδιελόντι</span> <span class='ocrx_word' id='word_1_350' title='bbox 2992 2709 3092 2782; x_wconf 74' lang='grc' dir='ltr'>τὴν</span> <span class='ocrx_word' id='word_1_351' title='bbox 3125 2709 3395 2784; x_wconf 76' lang='grc' dir='ltr'>Ἐρυθρὰν</span> <span class='ocrx_word' id='word_1_352' title='bbox 3415 2709 3690 2767; x_wconf 76' lang='grc' dir='ltr'>Θάλασσαν</span> <span class='ocrx_word' id='word_1_353' title='bbox 3723 2712 3809 2776; x_wconf 87' lang='grc' dir='ltr'><strong>εἰς</strong></span> 
     </span>
    </p>
   </div>
   <div class='ocr_carea' id='block_1_53' title="bbox 2215 2802 3807 2875">
    <p class='ocr_par' dir='ltr' id='par_1_53' title="bbox 2215 2802 3807 2875">
     <span class='ocr_line' id='line_1_53' title="bbox 2215 2802 3807 2875; baseline 0 -18"><span class='ocrx_word' id='word_1_354' title='bbox 2215 2802 2533 2875; x_wconf 81' lang='grc' dir='ltr'>διαιρέσεις,</span> <span class='ocrx_word' id='word_1_355' title='bbox 2563 2803 2647 2856; x_wconf 84' lang='grc' dir='ltr'>ὅτι</span> <span class='ocrx_word' id='word_1_356' title='bbox 2673 2805 2754 2866; x_wconf 83' lang='grc' dir='ltr'><strong>εἰς</strong></span> <span class='ocrx_word' id='word_1_357' title='bbox 2772 2802 2865 2855; x_wconf 71' lang='grc' dir='ltr'>τὸν</span> <span class='ocrx_word' id='word_1_358' title='bbox 2893 2803 3067 2857; x_wconf 73' lang='grc' dir='ltr'>αἰῶνα</span> <span class='ocrx_word' id='word_1_359' title='bbox 3095 2804 3156 2857; x_wconf 80' lang='grc' dir='ltr'>τὸ</span> <span class='ocrx_word' id='word_1_360' title='bbox 3183 2803 3333 2867; x_wconf 76' lang='grc' dir='ltr'>ἔλεος</span> <span class='ocrx_word' id='word_1_361' title='bbox 3362 2803 3552 2857; x_wconf 80' lang='grc' dir='ltr'>αὑτοῦ.</span> <span class='ocrx_word' id='word_1_362' title='bbox 3585 2822 3606 2856; x_wconf 74' lang='grc' dir='ltr'><strong>ι</strong></span> <span class='ocrx_word' id='word_1_363' title='bbox 3644 2804 3807 2869; x_wconf 75' lang='grc' dir='ltr'>Τινὲς</span> 
     </span>
    </p>
   </div>
   <div class='ocr_carea' id='block_1_54' title="bbox 532 2886 2112 2967">
    <p class='ocr_par' dir='ltr' id='par_1_54' title="bbox 532 2886 2112 2952">
     <span class='ocr_line' id='line_1_54' title="bbox 532 2886 2112 2952; baseline -0.001 -8"><span class='ocrx_word' id='word_1_364' title='bbox 532 2888 688 2950; x_wconf 89' lang='lat' dir='ltr'><strong>nulli,</strong></span> <span class='ocrx_word' id='word_1_365' title='bbox 717 2886 1035 2942; x_wconf 70' lang='lat' dir='ltr'><strong>Judaaorum</strong></span> <span class='ocrx_word' id='word_1_366' title='bbox 1068 2887 1283 2941; x_wconf 89' lang='lat' dir='ltr'><strong>fabulas</strong></span> <span class='ocrx_word' id='word_1_367' title='bbox 1310 2886 1506 2952; x_wconf 86' lang='lat' dir='ltr'><strong>secuti,</strong></span> <span class='ocrx_word' id='word_1_368' title='bbox 1534 2886 1791 2941; x_wconf 80' lang='lat' dir='ltr'><strong>dixerunt</strong></span> <span class='ocrx_word' id='word_1_369' title='bbox 1816 2886 2112 2942; x_wconf 79' lang='lat' dir='ltr'><strong>divisiones</strong></span> 
     </span>
    </p>
   </div>
   <div class='ocr_carea' id='block_1_55' title="bbox 2210 2886 3809 2967">
    <p class='ocr_par' dir='ltr' id='par_1_55' title="bbox 2217 2894 3809 2967">
     <span class='ocr_line' id='line_1_55' title="bbox 2217 2894 3809 2967; baseline 0 -18"><span class='ocrx_word' id='word_1_370' title='bbox 2217 2898 2330 2961; x_wconf 88' lang='grc' dir='ltr'>τοῖς</span> <span class='ocrx_word' id='word_1_371' title='bbox 2382 2896 2695 2959; x_wconf 81' lang='grc' dir='ltr'>Ἰουδαϊκοῖς</span> <span class='ocrx_word' id='word_1_372' title='bbox 2744 2894 3215 2967; x_wconf 82' lang='grc' dir='ltr'>ἀκολουθήσαντες</span> <span class='ocrx_word' id='word_1_373' title='bbox 3245 2897 3438 2967; x_wconf 82' lang='grc' dir='ltr'>μύθοις</span> <span class='ocrx_word' id='word_1_374' title='bbox 3476 2894 3809 2966; x_wconf 80' lang='grc' dir='ltr'>ἰσαρίθμους</span> 
     </span>
    </p>
   </div>
   <div class='ocr_carea' id='block_1_56' title="bbox 530 2976 2112 3060">
    <p class='ocr_par' dir='ltr' id='par_1_56' title="bbox 530 2976 2112 3049">
     <span class='ocr_line' id='line_1_56' title="bbox 530 2976 2112 3049; baseline 0.001 -16"><span class='ocrx_word' id='word_1_375' title='bbox 530 2980 668 3033; x_wconf 86' lang='lat' dir='ltr'><strong>mari</strong></span> <span class='ocrx_word' id='word_1_376' title='bbox 694 2976 883 3035; x_wconf 82' lang='lat' dir='ltr'><strong>Rubro</strong></span> <span class='ocrx_word' id='word_1_377' title='bbox 902 2979 1133 3049; x_wconf 68' lang='lat' dir='ltr'><strong>aequalis</strong></span> <span class='ocrx_word' id='word_1_378' title='bbox 1163 2977 1376 3034; x_wconf 88' lang='lat' dir='ltr'><strong>numeri</strong></span> <span class='ocrx_word' id='word_1_379' title='bbox 1399 2993 1523 3034; x_wconf 90' lang='lat' dir='ltr'><strong>cum</strong></span> <span class='ocrx_word' id='word_1_380' title='bbox 1544 2978 1832 3034; x_wconf 84' lang='lat' dir='ltr'><strong>duodecim</strong></span> <span class='ocrx_word' id='word_1_381' title='bbox 1865 2979 2112 3034; x_wconf 85' lang='lat' dir='ltr'><strong>tribubus</strong></span> 
     </span>
    </p>
   </div>
   <div class='ocr_carea' id='block_1_57' title="bbox 2210 2976 3813 3060">
    <p class='ocr_par' dir='ltr' id='par_1_57' title="bbox 2216 2986 3813 3060">
     <span class='ocr_line' id='line_1_57' title="bbox 2216 2986 3813 3060; baseline 0 -20"><span class='ocrx_word' id='word_1_382' title='bbox 2216 2989 2338 3050; x_wconf 86' lang='grc' dir='ltr'>ταῖς</span> <span class='ocrx_word' id='word_1_383' title='bbox 2361 2986 2686 3040; x_wconf 86' lang='grc' dir='ltr'>δυοκαίδεκα</span> <span class='ocrx_word' id='word_1_384' title='bbox 2716 2987 2911 3057; x_wconf 79' lang='grc' dir='ltr'>φυλαῖς</span> <span class='ocrx_word' id='word_1_385' title='bbox 2941 2987 3153 3057; x_wconf 76' lang='grc' dir='ltr'>ἔφασαν</span> <span class='ocrx_word' id='word_1_386' title='bbox 3185 2990 3251 3059; x_wconf 83' lang='grc' dir='ltr'>τῇ</span> <span class='ocrx_word' id='word_1_387' title='bbox 3292 2986 3533 3059; x_wconf 77' lang='grc' dir='ltr'>Ἐρυθρᾷ</span> <span class='ocrx_word' id='word_1_388' title='bbox 3553 2987 3813 3060; x_wconf 76' lang='grc' dir='ltr'>θαλάσση</span> 
     </span>
    </p>
   </div>
   <div class='ocr_carea' id='block_1_58' title="bbox 531 3068 2117 3140">
    <p class='ocr_par' dir='ltr' id='par_1_58' title="bbox 531 3068 2117 3140">
     <span class='ocr_line' id='line_1_58' title="bbox 531 3068 2117 3140; baseline 0.001 -16"><span class='ocrx_word' id='word_1_389' title='bbox 531 3069 707 3125; x_wconf 84' lang='lat' dir='ltr'><strong>factas</strong></span> <span class='ocrx_word' id='word_1_390' title='bbox 735 3084 880 3135; x_wconf 87' lang='lat' dir='ltr'><strong>esse,</strong></span> <span class='ocrx_word' id='word_1_391' title='bbox 909 3072 1173 3140; x_wconf 88' lang='lat' dir='ltr'><strong>quoniam</strong></span> <span class='ocrx_word' id='word_1_392' title='bbox 1200 3068 1473 3140; x_wconf 83' lang='lat' dir='ltr'><strong>Propheta</strong></span> <span class='ocrx_word' id='word_1_393' title='bbox 1502 3085 1611 3125; x_wconf 90' lang='lat' dir='ltr'><strong>non</strong></span> <span class='ocrx_word' id='word_1_394' title='bbox 1644 3071 1993 3136; x_wconf 83' lang='lat' dir='ltr'><strong>divisionem,</strong></span> <span class='ocrx_word' id='word_1_395' title='bbox 2024 3072 2117 3126; x_wconf 89' lang='lat' dir='ltr'><strong>sed</strong></span> 
     </span>
    </p>
   </div>
   <div class='ocr_carea' id='block_1_59' title="bbox 532 3147 2188 3231">
    <p class='ocr_par' dir='ltr' id='par_1_59' title="bbox 532 3147 2188 3231">
     <span class='ocr_line' id='line_1_59' title="bbox 532 3147 2188 3231; baseline 0.001 -17"><span class='ocrx_word' id='word_1_396' title='bbox 532 3160 813 3215; x_wconf 72' lang='lat' dir='ltr'><strong>divisiones</strong></span> <span class='ocrx_word' id='word_1_397' title='bbox 844 3161 1003 3216; x_wconf 76' lang='lat' dir='ltr'><strong>dixit.</strong></span> <span class='ocrx_word' id='word_1_398' title='bbox 1028 3159 1327 3231; x_wconf 89' lang='lat' dir='ltr'><strong>Oportebat</strong></span> <span class='ocrx_word' id='word_1_399' title='bbox 1367 3168 1556 3215; x_wconf 90' lang='lat' dir='ltr'><strong>autem</strong></span> <span class='ocrx_word' id='word_1_400' title='bbox 1593 3159 1737 3215; x_wconf 89' lang='lat' dir='ltr'><strong>scire</strong></span> <span class='ocrx_word' id='word_1_401' title='bbox 1766 3160 1937 3229; x_wconf 88' lang='lat' dir='ltr'><strong>ipsos,</strong></span> <span class='ocrx_word' id='word_1_402' title='bbox 1967 3175 2120 3215; x_wconf 84' lang='lat' dir='ltr'><strong>mare</strong></span> <span class='ocrx_word' id='word_1_403' title='bbox 2144 3147 2188 3206; x_wconf 70' lang='grc' dir='ltr'><strong>(ἶ</strong></span> 
     </span>
    </p>
   </div>
   <div class='ocr_carea' id='block_1_60' title="bbox 531 3250 2117 3318">
    <p class='ocr_par' dir='ltr' id='par_1_60' title="bbox 531 3250 2117 3318">
     <span class='ocr_line' id='line_1_60' title="bbox 531 3250 2117 3318; baseline -0.001 -10"><span class='ocrx_word' id='word_1_404' title='bbox 531 3252 788 3308; x_wconf 81' lang='lat' dir='ltr'><strong>bifariam</strong></span> <span class='ocrx_word' id='word_1_405' title='bbox 828 3263 1063 3318; x_wconf 81' lang='lat' dir='ltr'><strong>sectum,</strong></span> <span class='ocrx_word' id='word_1_406' title='bbox 1102 3266 1170 3307; x_wconf 90' lang='lat' dir='ltr'><strong>ac</strong></span> <span class='ocrx_word' id='word_1_407' title='bbox 1193 3253 1303 3307; x_wconf 91' lang='lat' dir='ltr'><strong>duo</strong></span> <span class='ocrx_word' id='word_1_408' title='bbox 1331 3266 1399 3306; x_wconf 79' lang='lat' dir='ltr'><strong>ex</strong></span> <span class='ocrx_word' id='word_1_409' title='bbox 1439 3267 1551 3308; x_wconf 90' lang='lat' dir='ltr'><strong>uno</strong></span> <span class='ocrx_word' id='word_1_410' title='bbox 1579 3252 1721 3306; x_wconf 86' lang='lat' dir='ltr'><strong>facta</strong></span> <span class='ocrx_word' id='word_1_411' title='bbox 1755 3251 1949 3309; x_wconf 86' lang='lat' dir='ltr'><strong>fuisse.</strong></span> <span class='ocrx_word' id='word_1_412' title='bbox 1978 3250 2117 3307; x_wconf 84' lang='lat' dir='ltr'><strong>Nam</strong></span> 
     </span>
    </p>
   </div>
   <div class='ocr_carea' id='block_1_61' title="bbox 534 3343 2120 3412">
    <p class='ocr_par' dir='ltr' id='par_1_61' title="bbox 534 3343 2120 3412">
     <span class='ocr_line' id='line_1_61' title="bbox 534 3343 2120 3412; baseline 0.001 -16"><span class='ocrx_word' id='word_1_413' title='bbox 534 3358 676 3412; x_wconf 79' lang='lat' dir='ltr'><strong>aqua</strong></span> <span class='ocrx_word' id='word_1_414' title='bbox 711 3343 845 3412; x_wconf 88' lang='lat' dir='ltr'><strong>ipsis</strong></span> <span class='ocrx_word' id='word_1_415' title='bbox 875 3359 1068 3398; x_wconf 90' lang='lat' dir='ltr'><strong>murus</strong></span> <span class='ocrx_word' id='word_1_416' title='bbox 1096 3352 1217 3399; x_wconf 88' lang='lat' dir='ltr'><strong>erat</strong></span> <span class='ocrx_word' id='word_1_417' title='bbox 1247 3358 1280 3398; x_wconf 87' lang='lat' dir='ltr'><strong>a</strong></span> <span class='ocrx_word' id='word_1_418' title='bbox 1305 3344 1569 3407; x_wconf 75' lang='lat' dir='ltr'><strong>dexteris,</strong></span> <span class='ocrx_word' id='word_1_419' title='bbox 1600 3352 1656 3398; x_wconf 88' lang='lat' dir='ltr'><strong>et</strong></span> <span class='ocrx_word' id='word_1_420' title='bbox 1686 3360 1879 3399; x_wconf 89' lang='lat' dir='ltr'><strong>murus</strong></span> <span class='ocrx_word' id='word_1_421' title='bbox 1915 3361 1944 3399; x_wconf 88' lang='lat' dir='ltr'><strong>a</strong></span> <span class='ocrx_word' id='word_1_422' title='bbox 1979 3344 2120 3399; x_wconf 88' lang='lat' dir='ltr'><strong>sini-</strong></span> 
     </span>
    </p>
   </div>
   <div class='ocr_carea' id='block_1_62' title="bbox 536 3433 2119 3504">
    <p class='ocr_par' dir='ltr' id='par_1_62' title="bbox 536 3433 2119 3504">
     <span class='ocr_line' id='line_1_62' title="bbox 536 3433 2119 3504; baseline 0 -15"><span class='ocrx_word' id='word_1_423' title='bbox 536 3435 690 3489; x_wconf 84' lang='lat' dir='ltr'><strong>stris.</strong></span> <span class='ocrx_word' id='word_1_424' title='bbox 740 3433 1084 3503; x_wconf 85' lang='lat' dir='ltr'><strong>Quapropter</strong></span> <span class='ocrx_word' id='word_1_425' title='bbox 1127 3434 1425 3489; x_wconf 83' lang='lat' dir='ltr'><strong>sectionem</strong></span> <span class='ocrx_word' id='word_1_426' title='bbox 1474 3434 1641 3491; x_wconf 87' lang='lat' dir='ltr'><strong>maris</strong></span> <span class='ocrx_word' id='word_1_427' title='bbox 1683 3434 1738 3488; x_wconf 92' lang='lat' dir='ltr'><strong>iu</strong></span> <span class='ocrx_word' id='word_1_428' title='bbox 1768 3435 1907 3489; x_wconf 89' lang='lat' dir='ltr'><strong>duas</strong></span> <span class='ocrx_word' id='word_1_429' title='bbox 1938 3444 2119 3504; x_wconf 75' lang='lat' dir='ltr'><strong>partes</strong></span> 
     </span>
    </p>
   </div>
   <div class='ocr_carea' id='block_1_63' title="bbox 536 3525 1157 3594">
    <p class='ocr_par' dir='ltr' id='par_1_63' title="bbox 536 3525 1157 3594">
     <span class='ocr_line' id='line_1_63' title="bbox 536 3525 1157 3594; baseline 0.005 -17"><span class='ocrx_word' id='word_1_430' title='bbox 536 3525 817 3578; x_wconf 77' lang='lat' dir='ltr'><strong>divisiones</strong></span> <span class='ocrx_word' id='word_1_431' title='bbox 845 3525 1157 3594; x_wconf 85' lang='lat' dir='ltr'><strong>appellavit.</strong></span> 
     </span>
    </p>
   </div>
   <div class='ocr_carea' id='block_1_64' title="bbox 608 3613 2117 3688">
    <p class='ocr_par' dir='ltr' id='par_1_64' title="bbox 608 3613 2117 3688">
     <span class='ocr_line' id='line_1_64' title="bbox 608 3613 2117 3688; baseline 0.001 -18"><span class='ocrx_word' id='word_1_432' title='bbox 608 3613 778 3671; x_wconf 75' lang='lat' dir='ltr'><strong>Vsus.</strong></span> <span class='ocrx_word' id='word_1_433' title='bbox 806 3617 896 3683; x_wconf 77' lang='grc'><strong>14,</strong></span> <span class='ocrx_word' id='word_1_434' title='bbox 929 3615 1016 3671; x_wconf 73' lang='grc'><strong>15.</strong></span> <span class='ocrx_word' id='word_1_435' title='bbox 1050 3633 1070 3667; x_wconf 73' lang='grc' dir='ltr'><strong>ι</strong></span> <span class='ocrx_word' id='word_1_436' title='bbox 1106 3614 1213 3683; x_wconf 85' lang='lat' dir='ltr'><strong>Qui</strong></span> <span class='ocrx_word' id='word_1_437' title='bbox 1242 3616 1432 3671; x_wconf 81' lang='lat' dir='ltr'><strong>eduxit</strong></span> <span class='ocrx_word' id='word_1_438' title='bbox 1466 3614 1722 3671; x_wconf 84' lang='lat' dir='ltr'><strong>lsraelem</strong></span> <span class='ocrx_word' id='word_1_439' title='bbox 1757 3633 1853 3688; x_wconf 85' lang='lat' dir='ltr'><strong>per</strong></span> <span class='ocrx_word' id='word_1_440' title='bbox 1880 3619 2117 3674; x_wconf 89' lang='lat' dir='ltr'><strong>medium</strong></span> 
     </span>
    </p>
   </div>
   <div class='ocr_carea' id='block_1_65' title="bbox 535 3704 2121 3778">
    <p class='ocr_par' dir='ltr' id='par_1_65' title="bbox 535 3704 2121 3778">
     <span class='ocr_line' id='line_1_65' title="bbox 535 3704 2121 3778; baseline 0.003 -20"><span class='ocrx_word' id='word_1_441' title='bbox 535 3704 678 3775; x_wconf 85' lang='lat' dir='ltr'><strong>ejus,</strong></span> <span class='ocrx_word' id='word_1_442' title='bbox 729 3710 991 3775; x_wconf 87' lang='lat' dir='ltr'><strong>quoniam</strong></span> <span class='ocrx_word' id='word_1_443' title='bbox 1041 3707 1097 3761; x_wconf 90' lang='lat' dir='ltr'><strong>in</strong></span> <span class='ocrx_word' id='word_1_444' title='bbox 1141 3715 1406 3763; x_wconf 70' lang='lat' dir='ltr'><strong>trternum</strong></span> <span class='ocrx_word' id='word_1_445' title='bbox 1453 3707 1836 3763; x_wconf 83' lang='lat' dir='ltr'><strong>misericordia</strong></span> <span class='ocrx_word' id='word_1_446' title='bbox 1867 3709 2008 3778; x_wconf 86' lang='lat' dir='ltr'><strong>ejus.</strong></span> <span class='ocrx_word' id='word_1_447' title='bbox 2053 3709 2121 3763; x_wconf 81' lang='lat' dir='ltr'><strong>Et</strong></span> 
     </span>
    </p>
   </div>
   <div class='ocr_carea' id='block_1_66' title="bbox 535 3800 2120 3869">
    <p class='ocr_par' dir='ltr' id='par_1_66' title="bbox 535 3800 2120 3869">
     <span class='ocr_line' id='line_1_66' title="bbox 535 3800 2120 3869; baseline 0.003 -16"><span class='ocrx_word' id='word_1_448' title='bbox 535 3800 778 3855; x_wconf 71' lang='lat' dir='ltr'><strong>excussit</strong></span> <span class='ocrx_word' id='word_1_449' title='bbox 802 3800 1170 3864; x_wconf 79' lang='lat' dir='ltr'><strong>Pharaonem,</strong></span> <span class='ocrx_word' id='word_1_450' title='bbox 1204 3809 1261 3855; x_wconf 78' lang='lat' dir='ltr'><strong>et</strong></span> <span class='ocrx_word' id='word_1_451' title='bbox 1300 3800 1558 3856; x_wconf 84' lang='lat' dir='ltr'><strong>virtutem</strong></span> <span class='ocrx_word' id='word_1_452' title='bbox 1590 3803 1711 3869; x_wconf 83' lang='lat' dir='ltr'><strong>ejus</strong></span> <span class='ocrx_word' id='word_1_453' title='bbox 1739 3804 1793 3855; x_wconf 88' lang='lat' dir='ltr'><strong>in</strong></span> <span class='ocrx_word' id='word_1_454' title='bbox 1827 3803 1964 3856; x_wconf 88' lang='lat' dir='ltr'><strong>mari</strong></span> <span class='ocrx_word' id='word_1_455' title='bbox 2006 3801 2120 3857; x_wconf 76' lang='lat' dir='ltr'><strong>Ru-</strong></span> 
     </span>
    </p>
   </div>
   <div class='ocr_carea' id='block_1_67' title="bbox 535 3891 2112 3965">
    <p class='ocr_par' dir='ltr' id='par_1_67' title="bbox 535 3891 2112 3965">
     <span class='ocr_line' id='line_1_67' title="bbox 535 3891 2112 3965; baseline 0 -20"><span class='ocrx_word' id='word_1_456' title='bbox 535 3891 673 3956; x_wconf 83' lang='lat' dir='ltr'><strong>bro,</strong></span> <span class='ocrx_word' id='word_1_457' title='bbox 723 3891 986 3960; x_wconf 82' lang='lat' dir='ltr'><strong>quoniam</strong></span> <span class='ocrx_word' id='word_1_458' title='bbox 1037 3892 1092 3946; x_wconf 89' lang='lat' dir='ltr'><strong>in</strong></span> <span class='ocrx_word' id='word_1_459' title='bbox 1141 3899 1408 3946; x_wconf 69' lang='lat' dir='ltr'><strong>aeternum</strong></span> <span class='ocrx_word' id='word_1_460' title='bbox 1470 3894 1858 3949; x_wconf 85' lang='lat' dir='ltr'><strong>misericordia</strong></span> <span class='ocrx_word' id='word_1_461' title='bbox 1907 3896 2049 3965; x_wconf 75' lang='lat' dir='ltr'><strong>ejus.</strong></span> <span class='ocrx_word' id='word_1_462' title='bbox 2093 3913 2112 3945; x_wconf 71' lang='grc' dir='ltr'><strong>ι</strong></span> 
     </span>
    </p>
   </div>
   <div class='ocr_carea' id='block_1_68' title="bbox 536 3982 2119 4056">
    <p class='ocr_par' dir='ltr' id='par_1_68' title="bbox 536 3982 2119 4056">
     <span class='ocr_line' id='line_1_68' title="bbox 536 3982 2119 4056; baseline 0.002 -18"><span class='ocrx_word' id='word_1_463' title='bbox 536 3982 779 4053; x_wconf 87' lang='lat' dir='ltr'><strong>Utraque</strong></span> <span class='ocrx_word' id='word_1_464' title='bbox 805 3984 950 4038; x_wconf 86' lang='lat' dir='ltr'><strong>enim</strong></span> <span class='ocrx_word' id='word_1_465' title='bbox 985 3983 1157 4055; x_wconf 85' lang='lat' dir='ltr'><strong>ipsius</strong></span> <span class='ocrx_word' id='word_1_466' title='bbox 1186 3985 1446 4054; x_wconf 67' lang='lat' dir='ltr'><strong>potentiae</strong></span> <span class='ocrx_word' id='word_1_467' title='bbox 1496 3999 1661 4056; x_wconf 89' lang='lat' dir='ltr'><strong>opera</strong></span> <span class='ocrx_word' id='word_1_468' title='bbox 1691 3997 1842 4053; x_wconf 91' lang='lat' dir='ltr'><strong>sunt,</strong></span> <span class='ocrx_word' id='word_1_469' title='bbox 1878 3996 1935 4042; x_wconf 85' lang='lat' dir='ltr'><strong>et</strong></span> <span class='ocrx_word' id='word_1_470' title='bbox 1971 3986 2119 4056; x_wconf 88' lang='lat' dir='ltr'><strong>quod</strong></span> 
     </span>
    </p>
   </div>
   <div class='ocr_carea' id='block_1_69' title="bbox 536 4074 2116 4151">
    <p class='ocr_par' dir='ltr' id='par_1_69' title="bbox 536 4074 2116 4151">
     <span class='ocr_line' id='line_1_69' title="bbox 536 4074 2116 4151; baseline 0.003 -22"><span class='ocrx_word' id='word_1_471' title='bbox 536 4074 623 4129; x_wconf 86' lang='lat' dir='ltr'><strong>his</strong></span> <span class='ocrx_word' id='word_1_472' title='bbox 652 4076 991 4132; x_wconf 84' lang='lat' dir='ltr'><strong>concesserit</strong></span> <span class='ocrx_word' id='word_1_473' title='bbox 1024 4085 1083 4131; x_wconf 90' lang='lat' dir='ltr'><strong>ut</strong></span> <span class='ocrx_word' id='word_1_474' title='bbox 1112 4075 1270 4132; x_wconf 80' lang='lat' dir='ltr'><strong>facile</strong></span> <span class='ocrx_word' id='word_1_475' title='bbox 1290 4080 1515 4147; x_wconf 79' lang='lat' dir='ltr'><strong>pelagus</strong></span> <span class='ocrx_word' id='word_1_476' title='bbox 1540 4078 1856 4145; x_wconf 87' lang='lat' dir='ltr'><strong>transirent,</strong></span> <span class='ocrx_word' id='word_1_477' title='bbox 1884 4087 1941 4135; x_wconf 87' lang='lat' dir='ltr'><strong>et</strong></span> <span class='ocrx_word' id='word_1_478' title='bbox 1972 4080 2116 4151; x_wconf 88' lang='lat' dir='ltr'><strong>quod</strong></span> 
     </span>
    </p>
   </div>
   <div class='ocr_carea' id='block_1_70' title="bbox 540 4166 1441 4238">
    <p class='ocr_par' dir='ltr' id='par_1_70' title="bbox 540 4166 1441 4238">
     <span class='ocr_line' id='line_1_70' title="bbox 540 4166 1441 4238; baseline -0.001 -13"><span class='ocrx_word' id='word_1_479' title='bbox 540 4166 752 4238; x_wconf 77' lang='lat'><strong>1523</strong></span> <span class='ocrx_word' id='word_1_480' title='bbox 783 4168 874 4223; x_wconf 88' lang='lat' dir='ltr'><strong>ille</strong></span> <span class='ocrx_word' id='word_1_481' title='bbox 901 4168 1062 4238; x_wconf 85' lang='lat' dir='ltr'><strong>aquis</strong></span> <span class='ocrx_word' id='word_1_482' title='bbox 1089 4169 1319 4224; x_wconf 87' lang='lat' dir='ltr'><strong>obrutus</strong></span> <span class='ocrx_word' id='word_1_483' title='bbox 1348 4170 1441 4225; x_wconf 86' lang='lat' dir='ltr'><strong>sit.</strong></span> 
     </span>
    </p>
   </div>
   <div class='ocr_carea' id='block_1_71' title="bbox 608 4277 2120 4356">
    <p class='ocr_par' dir='ltr' id='par_1_71' title="bbox 608 4277 2120 4356">
     <span class='ocr_line' id='line_1_71' title="bbox 608 4277 2120 4356; baseline 0.003 -23"><span class='ocrx_word' id='word_1_484' title='bbox 608 4277 774 4336; x_wconf 72' lang='lat' dir='ltr'><strong>Vsus.</strong></span> <span class='ocrx_word' id='word_1_485' title='bbox 806 4279 893 4335; x_wconf 77' lang='lat'><strong>16.</strong></span> <span class='ocrx_word' id='word_1_486' title='bbox 934 4300 953 4334; x_wconf 77' lang='grc' dir='ltr'><strong>ι</strong></span> <span class='ocrx_word' id='word_1_487' title='bbox 989 4280 1095 4347; x_wconf 82' lang='lat' dir='ltr'><strong>Qui</strong></span> <span class='ocrx_word' id='word_1_488' title='bbox 1133 4281 1292 4336; x_wconf 80' lang='lat' dir='ltr'><strong>duxit</strong></span> <span class='ocrx_word' id='word_1_489' title='bbox 1322 4285 1585 4354; x_wconf 92' lang='lat' dir='ltr'><strong>populum</strong></span> <span class='ocrx_word' id='word_1_490' title='bbox 1617 4300 1779 4341; x_wconf 86' lang='lat' dir='ltr'><strong>suum</strong></span> <span class='ocrx_word' id='word_1_491' title='bbox 1815 4300 1911 4356; x_wconf 89' lang='lat' dir='ltr'><strong>per</strong></span> <span class='ocrx_word' id='word_1_492' title='bbox 1933 4285 2120 4340; x_wconf 77' lang='lat' dir='ltr'><strong>deser-</strong></span> 
     </span>
    </p>
   </div>
   <div class='ocr_carea' id='block_1_72' title="bbox 2218 3076 3812 3149">
    <p class='ocr_par' dir='ltr' id='par_1_72' title="bbox 2218 3076 3812 3149">
     <span class='ocr_line' id='line_1_72' title="bbox 2218 3076 3812 3149; baseline 0.001 -20"><span class='ocrx_word' id='word_1_493' title='bbox 2218 3076 2549 3147; x_wconf 81' lang='grc' dir='ltr'>γεγενῆσθαι</span> <span class='ocrx_word' id='word_1_494' title='bbox 2578 3076 2676 3139; x_wconf 81' lang='grc' dir='ltr'>τὰς</span> <span class='ocrx_word' id='word_1_495' title='bbox 2697 3076 3018 3148; x_wconf 79' lang='grc' dir='ltr'>διαιρέσεις,</span> <span class='ocrx_word' id='word_1_496' title='bbox 3053 3077 3241 3148; x_wconf 84' lang='grc' dir='ltr'>ἐπειδὴ</span> <span class='ocrx_word' id='word_1_497' title='bbox 3267 3080 3296 3130; x_wconf 80' lang='grc' dir='ltr'><strong>ὁ</strong></span> <span class='ocrx_word' id='word_1_498' title='bbox 3316 3078 3612 3149; x_wconf 80' lang='grc' dir='ltr'>Προφήτης</span> <span class='ocrx_word' id='word_1_499' title='bbox 3635 3078 3698 3131; x_wconf 83' lang='grc' dir='ltr'>οὺ</span> <span class='ocrx_word' id='word_1_500' title='bbox 3726 3079 3812 3132; x_wconf 83' lang='grc' dir='ltr'>δι·-</span> 
     </span>
    </p>
   </div>
   <div class='ocr_carea' id='block_1_73' title="bbox 2221 3164 3813 3238">
    <p class='ocr_par' dir='ltr' id='par_1_73' title="bbox 2221 3164 3813 3238">
     <span class='ocr_line' id='line_1_73' title="bbox 2221 3164 3813 3238; baseline 0.001 -16"><span class='ocrx_word' id='word_1_501' title='bbox 2221 3169 2454 3238; x_wconf 88' lang='grc' dir='ltr'>αίρεσιν,</span> <span class='ocrx_word' id='word_1_502' title='bbox 2490 3168 2628 3221; x_wconf 77' lang='grc' dir='ltr'>ἀλλὰ</span> <span class='ocrx_word' id='word_1_503' title='bbox 2650 3167 2970 3237; x_wconf 78' lang='grc' dir='ltr'>διαιρέσεις</span> <span class='ocrx_word' id='word_1_504' title='bbox 2995 3164 3168 3223; x_wconf 75' lang='grc' dir='ltr'>εἶπεν.</span> <span class='ocrx_word' id='word_1_505' title='bbox 3202 3168 3351 3222; x_wconf 85' lang='grc' dir='ltr'>Ἔδει</span> <span class='ocrx_word' id='word_1_506' title='bbox 3377 3169 3433 3225; x_wconf 71' lang='grc' dir='ltr'>δὲ</span> <span class='ocrx_word' id='word_1_507' title='bbox 3460 3169 3660 3233; x_wconf 60' lang='grc' dir='ltr'>αὖτοὺς</span> <span class='ocrx_word' id='word_1_508' title='bbox 3687 3187 3813 3223; x_wconf 85' lang='grc' dir='ltr'>συν-</span> 
     </span>
    </p>
   </div>
   <div class='ocr_carea' id='block_1_74' title="bbox 2222 3260 3805 3332">
    <p class='ocr_par' dir='ltr' id='par_1_74' title="bbox 2222 3260 3805 3332">
     <span class='ocr_line' id='line_1_74' title="bbox 2222 3260 3805 3332; baseline 0.003 -18"><span class='ocrx_word' id='word_1_509' title='bbox 2222 3260 2373 3325; x_wconf 85' lang='grc' dir='ltr'>ιδεῖν,</span> <span class='ocrx_word' id='word_1_510' title='bbox 2400 3260 2483 3313; x_wconf 85' lang='grc' dir='ltr'>ὅτι</span> <span class='ocrx_word' id='word_1_511' title='bbox 2510 3260 2637 3330; x_wconf 82' lang='grc' dir='ltr'>διχῆ</span> <span class='ocrx_word' id='word_1_512' title='bbox 2666 3260 2876 3332; x_wconf 81' lang='grc' dir='ltr'>τμηθὲν</span> <span class='ocrx_word' id='word_1_513' title='bbox 2903 3262 2967 3315; x_wconf 80' lang='grc' dir='ltr'>τὸ</span> <span class='ocrx_word' id='word_1_514' title='bbox 2994 3260 3231 3330; x_wconf 81' lang='grc' dir='ltr'>πέλαγος</span> <span class='ocrx_word' id='word_1_515' title='bbox 3260 3262 3353 3315; x_wconf 87' lang='grc' dir='ltr'><strong>δύο</strong></span> <span class='ocrx_word' id='word_1_516' title='bbox 3391 3262 3507 3315; x_wconf 81' lang='grc' dir='ltr'>ἀνθ’</span> <span class='ocrx_word' id='word_1_517' title='bbox 3532 3262 3653 3326; x_wconf 75' lang='grc' dir='ltr'>ἑνὸς</span> <span class='ocrx_word' id='word_1_518' title='bbox 3683 3263 3805 3331; x_wconf 75' lang='grc' dir='ltr'><strong>ὲγέ-</strong></span> 
     </span>
    </p>
   </div>
   <div class='ocr_carea' id='block_1_75' title="bbox 2219 3350 3813 3425">
    <p class='ocr_par' dir='ltr' id='par_1_75' title="bbox 2219 3350 3813 3425">
     <span class='ocr_line' id='line_1_75' title="bbox 2219 3350 3813 3425; baseline 0.004 -23"><span class='ocrx_word' id='word_1_519' title='bbox 2219 3366 2360 3403; x_wconf 87' lang='grc' dir='ltr'>νετο.</span> <span class='ocrx_word' id='word_1_520' title='bbox 2404 3351 2477 3403; x_wconf 84' lang='grc' dir='ltr'>Τὸ</span> <span class='ocrx_word' id='word_1_521' title='bbox 2518 3351 2625 3422; x_wconf 84' lang='grc' dir='ltr'><strong>γὰρ</strong></span> <span class='ocrx_word' id='word_1_522' title='bbox 2658 3350 2804 3423; x_wconf 76' lang='grc' dir='ltr'>ὕδωρ</span> <span class='ocrx_word' id='word_1_523' title='bbox 2848 3353 3030 3417; x_wconf 82' lang='grc' dir='ltr'>αὐτοῖς</span> <span class='ocrx_word' id='word_1_524' title='bbox 3061 3354 3106 3385; x_wconf 86' lang='grc'><strong>⁷⁸</strong></span> <span class='ocrx_word' id='word_1_525' title='bbox 3131 3355 3309 3425; x_wconf 79' lang='grc' dir='ltr'>τεῖχος</span> <span class='ocrx_word' id='word_1_526' title='bbox 3353 3355 3418 3406; x_wconf 82' lang='grc' dir='ltr'>ὲκ</span> <span class='ocrx_word' id='word_1_527' title='bbox 3451 3353 3667 3419; x_wconf 81' lang='grc' dir='ltr'>δεξιῶν,</span> <span class='ocrx_word' id='word_1_528' title='bbox 3712 3355 3813 3409; x_wconf 55' lang='grc' dir='ltr'>καὶ.</span> 
     </span>
    </p>
   </div>
   <div class='ocr_carea' id='block_1_76' title="bbox 2220 3440 3814 3517">
    <p class='ocr_par' dir='ltr' id='par_1_76' title="bbox 2220 3440 3814 3517">
     <span class='ocr_line' id='line_1_76' title="bbox 2220 3440 3814 3517; baseline 0.006 -24"><span class='ocrx_word' id='word_1_529' title='bbox 2220 3444 2396 3511; x_wconf 83' lang='grc' dir='ltr'>τεῖχος</span> <span class='ocrx_word' id='word_1_530' title='bbox 2416 3441 2478 3507; x_wconf 80' lang='grc' dir='ltr'><strong>ὲξ</strong></span> <span class='ocrx_word' id='word_1_531' title='bbox 2499 3443 2797 3514; x_wconf 85' lang='grc' dir='ltr'>εὐωνύμων</span> <span class='ocrx_word' id='word_1_532' title='bbox 2822 3461 2836 3476; x_wconf 78' lang='grc' dir='ltr'><strong>ο</strong></span> <span class='ocrx_word' id='word_1_533' title='bbox 2867 3440 2930 3499; x_wconf 73' lang='grc' dir='ltr'><strong>οὗ</strong></span> <span class='ocrx_word' id='word_1_534' title='bbox 2951 3445 3016 3517; x_wconf 76' lang='grc' dir='ltr'>δὴ</span> <span class='ocrx_word' id='word_1_535' title='bbox 3047 3446 3205 3517; x_wconf 84' lang='grc' dir='ltr'>χάριν</span> <span class='ocrx_word' id='word_1_536' title='bbox 3227 3446 3543 3517; x_wconf 75' lang='grc' dir='ltr'>διαιρέσεις</span> <span class='ocrx_word' id='word_1_537' title='bbox 3573 3448 3814 3502; x_wconf 79' lang='grc' dir='ltr'>ἐκάλεσε</span> 
     </span>
    </p>
   </div>
   <div class='ocr_carea' id='block_1_77' title="bbox 2219 3531 3194 3610">
    <p class='ocr_par' dir='ltr' id='par_1_77' title="bbox 2219 3531 3194 3610">
     <span class='ocr_line' id='line_1_77' title="bbox 2219 3531 3194 3610; baseline 0.008 -26"><span class='ocrx_word' id='word_1_538' title='bbox 2219 3531 2319 3603; x_wconf 73' lang='grc' dir='ltr'>τὴν</span> <span class='ocrx_word' id='word_1_539' title='bbox 2349 3533 2430 3596; x_wconf 86' lang='grc' dir='ltr'><strong>εἰς</strong></span> <span class='ocrx_word' id='word_1_540' title='bbox 2463 3532 2557 3587; x_wconf 81' lang='grc' dir='ltr'><strong>δύο</strong></span> <span class='ocrx_word' id='word_1_541' title='bbox 2586 3533 2680 3587; x_wconf 84' lang='grc' dir='ltr'><strong>τοῦ</strong></span> <span class='ocrx_word' id='word_1_542' title='bbox 2701 3535 2976 3605; x_wconf 83' lang='grc' dir='ltr'>πελάγους</span> <span class='ocrx_word' id='word_1_543' title='bbox 2997 3539 3194 3610; x_wconf 85' lang='grc' dir='ltr'>τομήν.</span> 
     </span>
    </p>
   </div>
   <div class='ocr_carea' id='block_1_78' title="bbox 2294 3625 3814 3704">
    <p class='ocr_par' dir='ltr' id='par_1_78' title="bbox 2294 3625 3814 3704">
     <span class='ocr_line' id='line_1_78' title="bbox 2294 3625 3814 3704; baseline 0.007 -27"><span class='ocrx_word' id='word_1_544' title='bbox 2294 3625 2376 3689; x_wconf 84' lang='grc' dir='ltr'>ιδ’,</span> <span class='ocrx_word' id='word_1_545' title='bbox 2408 3630 2488 3679; x_wconf 83' lang='grc' dir='ltr'>ιε’.</span> <span class='ocrx_word' id='word_1_546' title='bbox 2530 3644 2550 3678; x_wconf 77' lang='lat' dir='ltr'><strong>r</strong></span> <span class='ocrx_word' id='word_1_547' title='bbox 2584 3627 2697 3682; x_wconf 80' lang='lat' dir='ltr'><strong>Kal</strong></span> <span class='ocrx_word' id='word_1_548' title='bbox 2741 3627 3056 3698; x_wconf 85' lang='grc' dir='ltr'>διαγαγόντι</span> <span class='ocrx_word' id='word_1_549' title='bbox 3102 3630 3194 3685; x_wconf 75' lang='grc' dir='ltr'>τὸν</span> <span class='ocrx_word' id='word_1_550' title='bbox 3236 3632 3455 3704; x_wconf 83' lang='grc' dir='ltr'>Ἰσραὴλ</span> <span class='ocrx_word' id='word_1_551' title='bbox 3500 3633 3588 3687; x_wconf 80' lang='grc' dir='ltr'>διὰ</span> <span class='ocrx_word' id='word_1_552' title='bbox 3636 3633 3814 3704; x_wconf 80' lang='grc' dir='ltr'>μέσου</span> 
     </span>
    </p>
   </div>
   <div class='ocr_carea' id='block_1_79' title="bbox 2221 3716 3815 3786">
    <p class='ocr_par' dir='ltr' id='par_1_79' title="bbox 2221 3716 3815 3786">
     <span class='ocr_line' id='line_1_79' title="bbox 2221 3716 3815 3786; baseline 0.006 -17"><span class='ocrx_word' id='word_1_553' title='bbox 2221 3716 2411 3786; x_wconf 84' lang='grc' dir='ltr'>αὐτῆς,</span> <span class='ocrx_word' id='word_1_554' title='bbox 2440 3716 2524 3770; x_wconf 79' lang='grc' dir='ltr'>ὅτι</span> <span class='ocrx_word' id='word_1_555' title='bbox 2547 3719 2627 3781; x_wconf 84' lang='grc' dir='ltr'><strong>είς</strong></span> <span class='ocrx_word' id='word_1_556' title='bbox 2650 3718 2742 3772; x_wconf 77' lang='grc' dir='ltr'><strong>τὸν</strong></span> <span class='ocrx_word' id='word_1_557' title='bbox 2776 3718 2951 3774; x_wconf 88' lang='grc' dir='ltr'>αἰῶνα</span> <span class='ocrx_word' id='word_1_558' title='bbox 2976 3721 3037 3774; x_wconf 80' lang='grc' dir='ltr'>τὸ</span> <span class='ocrx_word' id='word_1_559' title='bbox 3067 3720 3216 3786; x_wconf 79' lang='grc' dir='ltr'>ἔλεος</span> <span class='ocrx_word' id='word_1_560' title='bbox 3245 3722 3433 3777; x_wconf 82' lang='grc' dir='ltr'>αὐτοῦ.</span> <span class='ocrx_word' id='word_1_561' title='bbox 3462 3722 3573 3776; x_wconf 88' lang='lat' dir='ltr'><strong>Kal</strong></span> <span class='ocrx_word' id='word_1_562' title='bbox 3596 3726 3815 3778; x_wconf 64' lang='grc' dir='ltr'>ὲκτινάυ</span> 
     </span>
    </p>
   </div>
   <div class='ocr_carea' id='block_1_80' title="bbox 2221 3805 3815 3883">
    <p class='ocr_par' dir='ltr' id='par_1_80' title="bbox 2221 3805 3815 3883">
     <span class='ocr_line' id='line_1_80' title="bbox 2221 3805 3815 3883; baseline 0.006 -24"><span class='ocrx_word' id='word_1_563' title='bbox 2221 3805 2371 3871; x_wconf 78' lang='grc' dir='ltr'>ξαντι</span> <span class='ocrx_word' id='word_1_564' title='bbox 2424 3806 2623 3877; x_wconf 78' lang='grc' dir='ltr'>Φαραὼ</span> <span class='ocrx_word' id='word_1_565' title='bbox 2651 3809 2745 3862; x_wconf 71' lang='grc' dir='ltr'><strong>καὶ</strong></span> <span class='ocrx_word' id='word_1_566' title='bbox 2793 3811 2892 3881; x_wconf 82' lang='grc' dir='ltr'>τὴν</span> <span class='ocrx_word' id='word_1_567' title='bbox 2937 3811 3168 3883; x_wconf 84' lang='grc' dir='ltr'>δύναμιν</span> <span class='ocrx_word' id='word_1_568' title='bbox 3213 3813 3378 3866; x_wconf 78' lang='grc' dir='ltr'>αὐτοῦ</span> <span class='ocrx_word' id='word_1_569' title='bbox 3417 3815 3497 3876; x_wconf 87' lang='grc' dir='ltr'><strong>εἰς</strong></span> <span class='ocrx_word' id='word_1_570' title='bbox 3528 3812 3815 3870; x_wconf 71' lang='grc' dir='ltr'>θάλασσαν</span> 
     </span>
    </p>
   </div>
   <div class='ocr_carea' id='block_1_81' title="bbox 2231 3899 3814 3977">
    <p class='ocr_par' dir='ltr' id='par_1_81' title="bbox 2231 3899 3814 3977">
     <span class='ocr_line' id='line_1_81' title="bbox 2231 3899 3814 3977; baseline 0.006 -25"><span class='ocrx_word' id='word_1_571' title='bbox 2231 3899 2521 3972; x_wconf 84' lang='grc' dir='ltr'>Ἐρυθρὰν,</span> <span class='ocrx_word' id='word_1_572' title='bbox 2554 3901 2638 3954; x_wconf 80' lang='grc' dir='ltr'>ὅτι</span> <span class='ocrx_word' id='word_1_573' title='bbox 2663 3903 2745 3965; x_wconf 89' lang='grc' dir='ltr'><strong>είς</strong></span> <span class='ocrx_word' id='word_1_574' title='bbox 2768 3902 2860 3956; x_wconf 79' lang='grc' dir='ltr'>τὸν</span> <span class='ocrx_word' id='word_1_575' title='bbox 2877 3903 3052 3957; x_wconf 90' lang='grc' dir='ltr'>αἰῶνα</span> <span class='ocrx_word' id='word_1_576' title='bbox 3079 3904 3140 3956; x_wconf 82' lang='grc' dir='ltr'>τὸ</span> <span class='ocrx_word' id='word_1_577' title='bbox 3161 3903 3310 3967; x_wconf 84' lang='grc' dir='ltr'>ἔλεος</span> <span class='ocrx_word' id='word_1_578' title='bbox 3338 3904 3525 3959; x_wconf 81' lang='grc' dir='ltr'>αὑτοῦ.</span> <span class='ocrx_word' id='word_1_579' title='bbox 3549 3925 3567 3958; x_wconf 76' lang='grc' dir='ltr'><strong>ι</strong></span> <span class='ocrx_word' id='word_1_580' title='bbox 3601 3906 3814 3977; x_wconf 69' lang='grc' dir='ltr'><strong>’Δμφόο</strong></span> 
     </span>
    </p>
   </div>
   <div class='ocr_carea' id='block_1_82' title="bbox 2217 3993 3811 4068">
    <p class='ocr_par' dir='ltr' id='par_1_82' title="bbox 2217 3993 3811 4068">
     <span class='ocr_line' id='line_1_82' title="bbox 2217 3993 3811 4068; baseline 0.004 -22"><span class='ocrx_word' id='word_1_581' title='bbox 2217 4009 2354 4062; x_wconf 78' lang='grc' dir='ltr'>τερα</span> <span class='ocrx_word' id='word_1_582' title='bbox 2396 3994 2506 4066; x_wconf 83' lang='grc' dir='ltr'>γὰρ</span> <span class='ocrx_word' id='word_1_583' title='bbox 2528 3993 2631 4063; x_wconf 88' lang='grc' dir='ltr'>τῆς</span> <span class='ocrx_word' id='word_1_584' title='bbox 2666 3994 2833 4048; x_wconf 79' lang='grc' dir='ltr'>αὑτοῦ</span> <span class='ocrx_word' id='word_1_585' title='bbox 2867 3996 3154 4066; x_wconf 82' lang='grc' dir='ltr'>δυνάμεως</span> <span class='ocrx_word' id='word_1_586' title='bbox 3178 3996 3336 4068; x_wconf 67' lang='grc' dir='ltr'>ἔργα,</span> <span class='ocrx_word' id='word_1_587' title='bbox 3366 3998 3462 4051; x_wconf 83' lang='grc' dir='ltr'><strong>καὶ</strong></span> <span class='ocrx_word' id='word_1_588' title='bbox 3493 3998 3558 4051; x_wconf 76' lang='grc' dir='ltr'><strong>τὸ</strong></span> <span class='ocrx_word' id='word_1_589' title='bbox 3580 4001 3811 4065; x_wconf 76' lang='grc' dir='ltr'>τούτους</span> 
     </span>
    </p>
   </div>
   <div class='ocr_carea' id='block_1_83' title="bbox 2219 4084 3812 4158">
    <p class='ocr_par' dir='ltr' id='par_1_83' title="bbox 2219 4084 3812 4158">
     <span class='ocr_line' id='line_1_83' title="bbox 2219 4084 3812 4158; baseline 0.005 -22"><span class='ocrx_word' id='word_1_590' title='bbox 2219 4084 2464 4149; x_wconf 80' lang='grc' dir='ltr'>εὐπετῶς</span> <span class='ocrx_word' id='word_1_591' title='bbox 2489 4087 2744 4158; x_wconf 73' lang='grc' dir='ltr'>διαϐῆναι</span> <span class='ocrx_word' id='word_1_592' title='bbox 2789 4086 2852 4139; x_wconf 80' lang='grc' dir='ltr'>τὸ</span> <span class='ocrx_word' id='word_1_593' title='bbox 2900 4087 3161 4156; x_wconf 82' lang='grc' dir='ltr'>πέλαγος,</span> <span class='ocrx_word' id='word_1_594' title='bbox 3207 4090 3303 4143; x_wconf 75' lang='grc' dir='ltr'>καὶ</span> <span class='ocrx_word' id='word_1_595' title='bbox 3338 4089 3400 4142; x_wconf 80' lang='grc' dir='ltr'><strong>τὸ</strong></span> <span class='ocrx_word' id='word_1_596' title='bbox 3428 4090 3637 4143; x_wconf 69' lang='grc' dir='ltr'>ἐκεῖνον</span> <span class='ocrx_word' id='word_1_597' title='bbox 3670 4091 3812 4144; x_wconf 81' lang='grc' dir='ltr'>ὑπο-</span> 
     </span>
    </p>
   </div>
   <div class='ocr_carea' id='block_1_84' title="bbox 2220 4175 3092 4248">
    <p class='ocr_par' dir='ltr' id='par_1_84' title="bbox 2220 4175 3092 4248">
     <span class='ocr_line' id='line_1_84' title="bbox 2220 4175 3092 4248; baseline 0.006 -19"><span class='ocrx_word' id='word_1_598' title='bbox 2220 4175 2448 4248; x_wconf 76' lang='grc' dir='ltr'>ϐρύχιον</span> <span class='ocrx_word' id='word_1_599' title='bbox 2481 4178 2738 4246; x_wconf 82' lang='grc' dir='ltr'>γενέσθαι</span> <span class='ocrx_word' id='word_1_600' title='bbox 2765 4181 2879 4243; x_wconf 88' lang='grc' dir='ltr'>τοῖς</span> <span class='ocrx_word' id='word_1_601' title='bbox 2911 4179 3092 4234; x_wconf 77' lang='grc' dir='ltr'>ὕδασι.</span> 
     </span>
    </p>
   </div>
   <div class='ocr_carea' id='block_1_85' title="bbox 2292 4289 3812 4367">
    <p class='ocr_par' dir='ltr' id='par_1_85' title="bbox 2292 4289 3812 4367">
     <span class='ocr_line' id='line_1_85' title="bbox 2292 4289 3812 4367; baseline -0.001 -19"><span class='ocrx_word' id='word_1_602' title='bbox 2292 4289 2389 4357; x_wconf 83' lang='grc' dir='ltr'>ις’.</span> <span class='ocrx_word' id='word_1_603' title='bbox 2425 4310 2444 4343; x_wconf 73' lang='grc' dir='ltr'><strong>ι</strong></span> <span class='ocrx_word' id='word_1_604' title='bbox 2477 4293 2592 4347; x_wconf 82' lang='lat' dir='ltr'><strong>Kal</strong></span> <span class='ocrx_word' id='word_1_605' title='bbox 2612 4295 2655 4326; x_wconf 84' lang='lat'>&quot;</span> <span class='ocrx_word' id='word_1_606' title='bbox 2677 4294 2993 4363; x_wconf 74' lang='grc' dir='ltr'>διαγαγόντι</span> <span class='ocrx_word' id='word_1_607' title='bbox 3019 4295 3112 4349; x_wconf 77' lang='grc' dir='ltr'>τὸν</span> <span class='ocrx_word' id='word_1_608' title='bbox 3141 4295 3270 4349; x_wconf 77' lang='grc' dir='ltr'>λαὸν</span> <span class='ocrx_word' id='word_1_609' title='bbox 3297 4295 3463 4350; x_wconf 75' lang='grc' dir='ltr'>αὑτοῦ</span> <span class='ocrx_word' id='word_1_610' title='bbox 3486 4297 3544 4349; x_wconf 71' lang='grc' dir='ltr'>ἐν</span> <span class='ocrx_word' id='word_1_611' title='bbox 3575 4298 3641 4367; x_wconf 82' lang='grc' dir='ltr'>τῇ</span> <span class='ocrx_word' id='word_1_612' title='bbox 3678 4296 3812 4367; x_wconf 74' lang='grc' dir='ltr'><strong>ἐρή-</strong></span> 
     </span>
    </p>
   </div>
   <div class='ocr_carea' id='block_1_86' title="bbox 537 4373 2112 4453">
    <p class='ocr_par' dir='ltr' id='par_1_86' title="bbox 537 4373 2110 4445">
     <span class='ocr_line' id='line_1_86' title="bbox 537 4373 2110 4445; baseline 0.003 -20"><span class='ocrx_word' id='word_1_613' title='bbox 537 4378 679 4436; x_wconf 85' lang='lat' dir='ltr'><strong>tum,</strong></span> <span class='ocrx_word' id='word_1_614' title='bbox 739 4373 1001 4442; x_wconf 87' lang='lat' dir='ltr'><strong>quoniam</strong></span> <span class='ocrx_word' id='word_1_615' title='bbox 1061 4373 1117 4426; x_wconf 82' lang='lat' dir='ltr'><strong>in</strong></span> <span class='ocrx_word' id='word_1_616' title='bbox 1171 4381 1437 4429; x_wconf 63' lang='lat' dir='ltr'><strong>aeternum</strong></span> <span class='ocrx_word' id='word_1_617' title='bbox 1487 4378 1865 4433; x_wconf 82' lang='lat' dir='ltr'><strong>misericordia</strong></span> <span class='ocrx_word' id='word_1_618' title='bbox 1914 4378 2054 4445; x_wconf 87' lang='lat' dir='ltr'><strong>ejus.</strong></span> <span class='ocrx_word' id='word_1_619' title='bbox 2092 4396 2110 4430; x_wconf 75' lang='grc' dir='ltr'><strong>ι</strong></span> 
     </span>
    </p>
   </div>
   <div class='ocr_carea' id='block_1_87' title="bbox 2210 4373 3813 4453">
    <p class='ocr_par' dir='ltr' id='par_1_87' title="bbox 2223 4384 3813 4453">
     <span class='ocr_line' id='line_1_87' title="bbox 2223 4384 3813 4453; baseline 0.003 -16"><span class='ocrx_word' id='word_1_620' title='bbox 2223 4400 2331 4453; x_wconf 83' lang='grc' dir='ltr'>μῳ,</span> <span class='ocrx_word' id='word_1_621' title='bbox 2352 4385 2435 4438; x_wconf 84' lang='grc' dir='ltr'>ὅτι</span> <span class='ocrx_word' id='word_1_622' title='bbox 2460 4387 2540 4449; x_wconf 91' lang='grc' dir='ltr'><strong>εἰς</strong></span> <span class='ocrx_word' id='word_1_623' title='bbox 2565 4384 2657 4439; x_wconf 85' lang='grc' dir='ltr'>τὸν</span> <span class='ocrx_word' id='word_1_624' title='bbox 2684 4386 2857 4439; x_wconf 87' lang='grc' dir='ltr'>αἰῶνα</span> <span class='ocrx_word' id='word_1_625' title='bbox 2887 4386 2949 4439; x_wconf 81' lang='grc' dir='ltr'>τὸ</span> <span class='ocrx_word' id='word_1_626' title='bbox 2980 4386 3128 4450; x_wconf 79' lang='grc' dir='ltr'>ἔλεος</span> <span class='ocrx_word' id='word_1_627' title='bbox 3156 4387 3345 4442; x_wconf 79' lang='grc' dir='ltr'>αὐτοῦ.</span> <span class='ocrx_word' id='word_1_628' title='bbox 3376 4406 3395 4438; x_wconf 71' lang='grc' dir='ltr'><strong>ι</strong></span> <span class='ocrx_word' id='word_1_629' title='bbox 3424 4387 3536 4440; x_wconf 77' lang='grc' dir='ltr'><strong>Καὶ</strong></span> <span class='ocrx_word' id='word_1_630' title='bbox 3565 4386 3730 4440; x_wconf 77' lang='grc' dir='ltr'>τοῦτο</span> <span class='ocrx_word' id='word_1_631' title='bbox 3752 4386 3813 4441; x_wconf 74' lang='grc' dir='ltr'>δὲ</span> 
     </span>
    </p>
   </div>
   <div class='ocr_carea' id='block_1_88' title="bbox 539 4463 2112 4551">
    <p class='ocr_par' dir='ltr' id='par_1_88' title="bbox 539 4463 2112 4536">
     <span class='ocr_line' id='line_1_88' title="bbox 539 4463 2112 4536; baseline 0.003 -18"><span class='ocrx_word' id='word_1_632' title='bbox 539 4463 605 4518; x_wconf 85' lang='lat' dir='ltr'><strong>Et</strong></span> <span class='ocrx_word' id='word_1_633' title='bbox 632 4479 764 4520; x_wconf 86' lang='lat' dir='ltr'><strong>vero</strong></span> <span class='ocrx_word' id='word_1_634' title='bbox 804 4465 911 4520; x_wconf 88' lang='lat' dir='ltr'><strong>hoc</strong></span> <span class='ocrx_word' id='word_1_635' title='bbox 934 4466 1139 4521; x_wconf 64' lang='lat' dir='ltr'><strong>divinae</strong></span> <span class='ocrx_word' id='word_1_636' title='bbox 1175 4467 1398 4523; x_wconf 87' lang='lat' dir='ltr'><strong>virtutis</strong></span> <span class='ocrx_word' id='word_1_637' title='bbox 1422 4476 1507 4524; x_wconf 85' lang='lat' dir='ltr'><strong>cst</strong></span> <span class='ocrx_word' id='word_1_638' title='bbox 1544 4469 1966 4536; x_wconf 87' lang='lat' dir='ltr'><strong>demonstratio,</strong></span> <span class='ocrx_word' id='word_1_639' title='bbox 1995 4480 2112 4524; x_wconf 87' lang='lat' dir='ltr'><strong>tan—</strong></span> 
     </span>
    </p>
   </div>
   <div class='ocr_carea' id='block_1_89' title="bbox 2210 4463 3815 4551">
    <p class='ocr_par' dir='ltr' id='par_1_89' title="bbox 2216 4476 3815 4551">
     <span class='ocr_line' id='line_1_89' title="bbox 2216 4476 3815 4551; baseline 0.006 -24"><span class='ocrx_word' id='word_1_640' title='bbox 2216 4477 2316 4545; x_wconf 79' lang='grc' dir='ltr'>τῆς</span> <span class='ocrx_word' id='word_1_641' title='bbox 2344 4476 2493 4539; x_wconf 86' lang='grc' dir='ltr'>θείας</span> <span class='ocrx_word' id='word_1_642' title='bbox 2527 4477 2710 4548; x_wconf 82' lang='grc' dir='ltr'>ἰσχύος</span> <span class='ocrx_word' id='word_1_643' title='bbox 2739 4478 3035 4546; x_wconf 78' lang='grc' dir='ltr'>ἀπόδειξις,</span> <span class='ocrx_word' id='word_1_644' title='bbox 3061 4479 3322 4534; x_wconf 79' lang='grc' dir='ltr'>τοσοῦτον</span> <span class='ocrx_word' id='word_1_645' title='bbox 3343 4480 3474 4534; x_wconf 77' lang='grc' dir='ltr'>λαὸν</span> <span class='ocrx_word' id='word_1_646' title='bbox 3506 4480 3601 4533; x_wconf 71' lang='grc' dir='ltr'><strong>ἐπὶ</strong></span> <span class='ocrx_word' id='word_1_647' title='bbox 3629 4479 3815 4551; x_wconf 71' lang='grc' dir='ltr'>χρόνῳ</span> 
     </span>
    </p>
   </div>
   <div class='ocr_carea' id='block_1_90' title="bbox 538 4558 2112 4642">
    <p class='ocr_par' dir='ltr' id='par_1_90' title="bbox 538 4558 2112 4630">
     <span class='ocr_line' id='line_1_90' title="bbox 538 4558 2112 4630; baseline 0.005 -21"><span class='ocrx_word' id='word_1_648' title='bbox 538 4563 655 4609; x_wconf 85' lang='lat' dir='ltr'><strong>tum</strong></span> <span class='ocrx_word' id='word_1_649' title='bbox 687 4558 952 4627; x_wconf 88' lang='lat' dir='ltr'><strong>populum</strong></span> <span class='ocrx_word' id='word_1_650' title='bbox 990 4560 1151 4615; x_wconf 81' lang='lat' dir='ltr'><strong>tanto</strong></span> <span class='ocrx_word' id='word_1_651' title='bbox 1184 4568 1432 4630; x_wconf 84' lang='lat' dir='ltr'><strong>tempore</strong></span> <span class='ocrx_word' id='word_1_652' title='bbox 1461 4563 1515 4615; x_wconf 95' lang='lat' dir='ltr'><strong>in</strong></span> <span class='ocrx_word' id='word_1_653' title='bbox 1561 4562 1855 4617; x_wconf 80' lang='lat' dir='ltr'><strong>solitudine</strong></span> <span class='ocrx_word' id='word_1_654' title='bbox 1895 4562 2112 4629; x_wconf 77' lang='lat' dir='ltr'><strong>aluisse,</strong></span> 
     </span>
    </p>
   </div>
   <div class='ocr_carea' id='block_1_91' title="bbox 2210 4558 3816 4642">
    <p class='ocr_par' dir='ltr' id='par_1_91' title="bbox 2216 4566 3816 4642">
     <span class='ocr_line' id='line_1_91' title="bbox 2216 4566 3816 4642; baseline 0.004 -22"><span class='ocrx_word' id='word_1_655' title='bbox 2216 4566 2456 4638; x_wconf 83' lang='grc' dir='ltr'>τοσούτῳ</span> <span class='ocrx_word' id='word_1_656' title='bbox 2516 4569 2575 4621; x_wconf 81' lang='grc' dir='ltr'>ὲν</span> <span class='ocrx_word' id='word_1_657' title='bbox 2632 4570 2829 4640; x_wconf 80' lang='grc' dir='ltr'>ἐρήμῳ</span> <span class='ocrx_word' id='word_1_658' title='bbox 2882 4570 3190 4641; x_wconf 78' lang='grc' dir='ltr'>διαθρέψαι,</span> <span class='ocrx_word' id='word_1_659' title='bbox 3229 4572 3327 4626; x_wconf 71' lang='grc' dir='ltr'>καὶ</span> <span class='ocrx_word' id='word_1_660' title='bbox 3349 4571 3461 4626; x_wconf 88' lang='grc' dir='ltr'><strong>τῶν</strong></span> <span class='ocrx_word' id='word_1_661' title='bbox 3490 4570 3816 4642; x_wconf 79' lang='grc' dir='ltr'>ἀναγκαίων</span> 
     </span>
    </p>
   </div>
   <div class='ocr_carea' id='block_1_92' title="bbox 537 4651 2112 4793">
    <p class='ocr_par' dir='ltr' id='par_1_92' title="bbox 537 4651 2112 4793">
     <span class='ocr_line' id='line_1_92' title="bbox 538 4651 2112 4726; baseline 0.005 -25"><span class='ocrx_word' id='word_1_662' title='bbox 538 4661 833 4719; x_wconf 85' lang='lat' dir='ltr'><strong>rerumque</strong></span> <span class='ocrx_word' id='word_1_663' title='bbox 892 4651 1332 4707; x_wconf 85' lang='lat' dir='ltr'><strong>necessariarum</strong></span> <span class='ocrx_word' id='word_1_664' title='bbox 1385 4652 1719 4710; x_wconf 78' lang='lat' dir='ltr'><strong>afﬂuentiam</strong></span> <span class='ocrx_word' id='word_1_665' title='bbox 1772 4655 1875 4726; x_wconf 90' lang='lat' dir='ltr'><strong>ipsi</strong></span> <span class='ocrx_word' id='word_1_666' title='bbox 1925 4671 2112 4725; x_wconf 87' lang='lat' dir='ltr'><strong>suppe-</strong></span> 
     </span>
     <span class='ocr_line' id='line_1_93' title="bbox 537 4738 763 4793; baseline 0 0"><span class='ocrx_word' id='word_1_667' title='bbox 537 4738 763 4793; x_wconf 84' lang='lat' dir='ltr'><strong>ditasse.</strong></span> 
     </span>
    </p>
   </div>
   <div class='ocr_carea' id='block_1_93' title="bbox 2210 4651 3155 4793">
    <p class='ocr_par' dir='ltr' id='par_1_93' title="bbox 2217 4658 3155 4733">
     <span class='ocr_line' id='line_1_94' title="bbox 2217 4658 3155 4733; baseline 0.004 -21"><span class='ocrx_word' id='word_1_668' title='bbox 2217 4658 2368 4729; x_wconf 83' lang='grc' dir='ltr'>αύτῷ</span> <span class='ocrx_word' id='word_1_669' title='bbox 2406 4658 2717 4730; x_wconf 80' lang='grc' dir='ltr'>χορηγῆσαι</span> <span class='ocrx_word' id='word_1_670' title='bbox 2743 4661 2844 4733; x_wconf 81' lang='grc' dir='ltr'>τὴν</span> <span class='ocrx_word' id='word_1_671' title='bbox 2872 4662 3155 4731; x_wconf 80' lang='grc' dir='ltr'>ἀφθονίαν.</span> 
     </span>
    </p>
   </div>
   <div class='ocr_carea' id='block_1_94' title="bbox 579 4740 763 4797">
    <p class='ocr_par' dir='ltr' id='par_1_94' title="bbox 579 4740 763 4797">
     <span class='ocr_line' id='line_1_95' title="bbox 579 4740 763 4797; baseline 0.011 -5"><span class='ocrx_word' id='word_1_672' title='bbox 579 4740 763 4797; x_wconf 84' lang='lat' dir='ltr'><strong>itasse.</strong></span> 
     </span>
    </p>
   </div>
   <div class='ocr_carea' id='block_1_95' title="bbox 615 4854 2112 4934">
    <p class='ocr_par' dir='ltr' id='par_1_95' title="bbox 615 4854 2112 4933">
     <span class='ocr_line' id='line_1_96' title="bbox 615 4854 2112 4933; baseline 0.005 -24"><span class='ocrx_word' id='word_1_673' title='bbox 615 4854 782 4912; x_wconf 73' lang='lat' dir='ltr'><strong>Vens.</strong></span> <span class='ocrx_word' id='word_1_674' title='bbox 834 4858 921 4924; x_wconf 82' lang='grc' dir='ltr'><strong>ΓΙ,</strong></span> <span class='ocrx_word' id='word_1_675' title='bbox 975 4860 1062 4915; x_wconf 81' lang='lat' dir='ltr'><strong>i8.</strong></span> <span class='ocrx_word' id='word_1_676' title='bbox 1120 4882 1139 4914; x_wconf 76' lang='grc' dir='ltr'><strong>ι</strong></span> <span class='ocrx_word' id='word_1_677' title='bbox 1192 4861 1298 4929; x_wconf 86' lang='lat' dir='ltr'><strong>Qui</strong></span> <span class='ocrx_word' id='word_1_678' title='bbox 1350 4863 1621 4933; x_wconf 71' lang='lat' dir='ltr'><strong>pct&#39;cn5sit</strong></span> <span class='ocrx_word' id='word_1_679' title='bbox 1671 4879 1827 4933; x_wconf 79' lang='lat' dir='ltr'><strong>rcges</strong></span> <span class='ocrx_word' id='word_1_680' title='bbox 1872 4879 2112 4932; x_wconf 76' lang='lat' dir='ltr'><strong>magnus,</strong></span> 
     </span>
    </p>
   </div>
   <div class='ocr_carea' id='block_1_96' title="bbox 2210 4854 3818 4934">
    <p class='ocr_par' dir='ltr' id='par_1_96' title="bbox 2292 4860 3818 4934">
     <span class='ocr_line' id='line_1_97' title="bbox 2292 4860 3818 4934; baseline 0.001 -21"><span class='ocrx_word' id='word_1_681' title='bbox 2292 4860 2360 4924; x_wconf 77' lang='grc' dir='ltr'>ιζ,</span> <span class='ocrx_word' id='word_1_682' title='bbox 2391 4866 2478 4929; x_wconf 87' lang='grc' dir='ltr'>ιη’.</span> <span class='ocrx_word' id='word_1_683' title='bbox 2517 4880 2536 4912; x_wconf 78' lang='grc' dir='ltr'><strong>ι</strong></span> <span class='ocrx_word' id='word_1_684' title='bbox 2573 4861 2663 4931; x_wconf 86' lang='grc' dir='ltr'><strong>Τῷ</strong></span> <span class='ocrx_word' id='word_1_685' title='bbox 2693 4862 2997 4927; x_wconf 81' lang='grc' dir='ltr'>πατάξαντι</span> <span class='ocrx_word' id='word_1_686' title='bbox 3031 4861 3269 4934; x_wconf 83' lang='grc' dir='ltr'>βασιλεῖς</span> <span class='ocrx_word' id='word_1_687' title='bbox 3299 4860 3597 4933; x_wconf 84' lang='grc' dir='ltr'>μεγάλους,</span> <span class='ocrx_word' id='word_1_688' title='bbox 3628 4860 3714 4914; x_wconf 84' lang='grc' dir='ltr'>ὅτι</span> <span class='ocrx_word' id='word_1_689' title='bbox 3735 4861 3818 4925; x_wconf 82' lang='grc' dir='ltr'><strong>είς</strong></span> 
     </span>
    </p>
   </div>
   <div class='ocr_carea' id='block_1_97' title="bbox 539 4950 2112 5025">
    <p class='ocr_par' dir='ltr' id='par_1_97' title="bbox 539 4950 2112 5025">
     <span class='ocr_line' id='line_1_98' title="bbox 539 4950 2112 5025; baseline 0.004 -23"><span class='ocrx_word' id='word_1_690' title='bbox 539 4950 800 5018; x_wconf 88' lang='lat' dir='ltr'><strong>quoniam</strong></span> <span class='ocrx_word' id='word_1_691' title='bbox 841 4951 894 5003; x_wconf 92' lang='lat' dir='ltr'><strong>in</strong></span> <span class='ocrx_word' id='word_1_692' title='bbox 932 4964 1196 5008; x_wconf 67' lang='lat' dir='ltr'><strong>aeternum</strong></span> <span class='ocrx_word' id='word_1_693' title='bbox 1231 4956 1609 5010; x_wconf 81' lang='lat' dir='ltr'><strong>misericordia</strong></span> <span class='ocrx_word' id='word_1_694' title='bbox 1641 4958 1779 5025; x_wconf 77' lang='lat' dir='ltr'><strong>ejus.</strong></span> <span class='ocrx_word' id='word_1_695' title='bbox 1830 4956 1891 5009; x_wconf 82' lang='lat' dir='ltr'><strong>Et</strong></span> <span class='ocrx_word' id='word_1_696' title='bbox 1918 4956 2112 5010; x_wconf 87' lang='lat' dir='ltr'><strong>occidit</strong></span> 
     </span>
    </p>
   </div>
   <div class='ocr_carea' id='block_1_98' title="bbox 2210 4950 3817 5025">
    <p class='ocr_par' dir='ltr' id='par_1_98' title="bbox 2221 4951 3817 5023">
     <span class='ocr_line' id='line_1_99' title="bbox 2221 4951 3817 5023; baseline 0.001 -19"><span class='ocrx_word' id='word_1_697' title='bbox 2221 4951 2311 5005; x_wconf 80' lang='grc' dir='ltr'>τὸν</span> <span class='ocrx_word' id='word_1_698' title='bbox 2348 4951 2519 5005; x_wconf 89' lang='grc' dir='ltr'>αἰῶνα</span> <span class='ocrx_word' id='word_1_699' title='bbox 2544 4953 2604 5007; x_wconf 84' lang='grc' dir='ltr'>τὸ</span> <span class='ocrx_word' id='word_1_700' title='bbox 2633 4953 2779 5017; x_wconf 75' lang='grc' dir='ltr'>ἔλεος</span> <span class='ocrx_word' id='word_1_701' title='bbox 2806 4954 2995 5009; x_wconf 81' lang='grc' dir='ltr'>αὐτοῦ.</span> <span class='ocrx_word' id='word_1_702' title='bbox 3025 4956 3133 5009; x_wconf 87' lang='lat' dir='ltr'><strong>Kal</strong></span> <span class='ocrx_word' id='word_1_703' title='bbox 3158 4954 3542 5009; x_wconf 84' lang='grc' dir='ltr'>ἀποκτείναντι</span> <span class='ocrx_word' id='word_1_704' title='bbox 3569 4953 3817 5023; x_wconf 76' lang='grc' dir='ltr'>βασιλεῖς</span> 
     </span>
    </p>
   </div>
   <div class='ocr_carea' id='block_1_99' title="bbox 537 5040 2112 5113">
    <p class='ocr_par' dir='ltr' id='par_1_99' title="bbox 537 5040 2112 5113">
     <span class='ocr_line' id='line_1_100' title="bbox 537 5040 2112 5113; baseline 0.003 -18"><span class='ocrx_word' id='word_1_705' title='bbox 537 5054 694 5110; x_wconf 81' lang='lat' dir='ltr'><strong>rcges</strong></span> <span class='ocrx_word' id='word_1_706' title='bbox 743 5040 956 5104; x_wconf 78' lang='lat' dir='ltr'><strong>fortes,</strong></span> <span class='ocrx_word' id='word_1_707' title='bbox 1007 5046 1266 5113; x_wconf 84' lang='lat' dir='ltr'><strong>quoniam</strong></span> <span class='ocrx_word' id='word_1_708' title='bbox 1320 5049 1373 5100; x_wconf 91' lang='lat' dir='ltr'><strong>in</strong></span> <span class='ocrx_word' id='word_1_709' title='bbox 1422 5059 1685 5102; x_wconf 78' lang='lat' dir='ltr'><strong>:eternum</strong></span> <span class='ocrx_word' id='word_1_710' title='bbox 1740 5048 2112 5103; x_wconf 85' lang='lat' dir='ltr'><strong>misericordia</strong></span> 
     </span>
    </p>
   </div>
   <div class='ocr_carea' id='block_1_100' title="bbox 2210 5040 3817 5113">
    <p class='ocr_par' dir='ltr' id='par_1_100' title="bbox 2228 5044 3817 5113">
     <span class='ocr_line' id='line_1_101' title="bbox 2228 5044 3817 5113; baseline 0.002 -16"><span class='ocrx_word' id='word_1_711' title='bbox 2228 5044 2545 5113; x_wconf 69' lang='grc' dir='ltr'>κραταιοῦς,</span> <span class='ocrx_word' id='word_1_712' title='bbox 2579 5047 2662 5100; x_wconf 83' lang='grc' dir='ltr'>ὅτι</span> <span class='ocrx_word' id='word_1_713' title='bbox 2699 5049 2779 5110; x_wconf 85' lang='grc' dir='ltr'><strong>εἰς</strong></span> <span class='ocrx_word' id='word_1_714' title='bbox 2802 5047 2894 5101; x_wconf 78' lang='grc' dir='ltr'>τὸν</span> <span class='ocrx_word' id='word_1_715' title='bbox 2930 5047 3105 5101; x_wconf 85' lang='grc' dir='ltr'>αἰῶνα</span> <span class='ocrx_word' id='word_1_716' title='bbox 3153 5048 3213 5101; x_wconf 84' lang='grc' dir='ltr'>τὸ</span> <span class='ocrx_word' id='word_1_717' title='bbox 3241 5046 3387 5110; x_wconf 74' lang='grc' dir='ltr'>ἕλεος</span> <span class='ocrx_word' id='word_1_718' title='bbox 3419 5045 3607 5102; x_wconf 80' lang='grc' dir='ltr'>αὑτοῦ.</span> <span class='ocrx_word' id='word_1_719' title='bbox 3646 5066 3667 5099; x_wconf 74' lang='grc' dir='ltr'><strong>ι</strong></span> <span class='ocrx_word' id='word_1_720' title='bbox 3727 5048 3817 5100; x_wconf 81' lang='grc' dir='ltr'>Ἑν</span> 
     </span>
    </p>
   </div>
   <div class='ocr_carea' id='block_1_101' title="bbox 538 5134 2112 5211">
    <p class='ocr_par' dir='ltr' id='par_1_101' title="bbox 538 5134 1888 5210">
     <span class='ocr_line' id='line_1_102' title="bbox 538 5134 1888 5210; baseline 0.006 -25"><span class='ocrx_word' id='word_1_721' title='bbox 538 5134 679 5205; x_wconf 74' lang='lat' dir='ltr'><strong>ejus.</strong></span> <span class='ocrx_word' id='word_1_722' title='bbox 721 5153 743 5188; x_wconf 73' lang='grc' dir='ltr'><strong>ι</strong></span> <span class='ocrx_word' id='word_1_723' title='bbox 795 5138 1125 5193; x_wconf 88' lang='lat' dir='ltr'><strong>Summatim</strong></span> <span class='ocrx_word' id='word_1_724' title='bbox 1161 5140 1275 5194; x_wconf 65' lang='lat' dir='ltr'><strong>haec</strong></span> <span class='ocrx_word' id='word_1_725' title='bbox 1303 5140 1416 5210; x_wconf 86' lang='lat' dir='ltr'><strong>jam</strong></span> <span class='ocrx_word' id='word_1_726' title='bbox 1450 5139 1888 5209; x_wconf 77' lang='lat' dir='ltr'><strong>explanavimus.</strong></span> 
     </span>
    </p>
   </div>
   <div class='ocr_carea' id='block_1_102' title="bbox 2210 5134 3817 5211">
    <p class='ocr_par' dir='ltr' id='par_1_102' title="bbox 2226 5135 3817 5211">
     <span class='ocr_line' id='line_1_103' title="bbox 2226 5135 3817 5211; baseline 0.004 -25"><span class='ocrx_word' id='word_1_727' title='bbox 2226 5135 2505 5207; x_wconf 82' lang='grc' dir='ltr'>κεφαλαίῳ</span> <span class='ocrx_word' id='word_1_728' title='bbox 2556 5138 2652 5191; x_wconf 77' lang='grc' dir='ltr'>καὶ</span> <span class='ocrx_word' id='word_1_729' title='bbox 2689 5138 2895 5192; x_wconf 90' lang='grc' dir='ltr'>τούτων</span> <span class='ocrx_word' id='word_1_730' title='bbox 2937 5139 3039 5211; x_wconf 73' lang='grc' dir='ltr'>ἤδη</span> <span class='ocrx_word' id='word_1_731' title='bbox 3080 5137 3177 5211; x_wconf 82' lang='grc' dir='ltr'>τὴν</span> <span class='ocrx_word' id='word_1_732' title='bbox 3209 5137 3508 5211; x_wconf 77' lang='grc' dir='ltr'>ἑρμηνείαν</span> <span class='ocrx_word' id='word_1_733' title='bbox 3552 5138 3817 5209; x_wconf 64' lang='grc' dir='ltr'>ἐποιησὰ-</span> 
     </span>
    </p>
   </div>
   <div class='ocr_carea' id='block_1_103' title="bbox 2228 5227 2388 5297">
    <p class='ocr_par' dir='ltr' id='par_1_103' title="bbox 2228 5227 2388 5297">
     <span class='ocr_line' id='line_1_104' title="bbox 2228 5227 2388 5297; baseline 0.019 -18"><span class='ocrx_word' id='word_1_734' title='bbox 2228 5227 2388 5297; x_wconf 89' lang='grc' dir='ltr'>μεθα.</span> 
     </span>
    </p>
   </div>
   <div class='ocr_carea' id='block_1_104' title="bbox 1640 5424 2697 5484">
    <p class='ocr_par' dir='ltr' id='par_1_104' title="bbox 1640 5424 2697 5484">
     <span class='ocr_line' id='line_1_105' title="bbox 1640 5424 2697 5484; baseline -0.005 -3"><span class='ocrx_word' id='word_1_735' title='bbox 1640 5424 1881 5481; x_wconf 69' lang='lat' dir='ltr'><strong>YARI/E</strong></span> <span class='ocrx_word' id='word_1_736' title='bbox 1912 5425 2305 5484; x_wconf 77' lang='lat' dir='ltr'><strong>LECTIONES</strong></span> <span class='ocrx_word' id='word_1_737' title='bbox 2333 5426 2419 5481; x_wconf 82' lang='grc' dir='ltr'><strong>ΕΤ</strong></span> <span class='ocrx_word' id='word_1_738' title='bbox 2462 5425 2697 5483; x_wconf 69' lang='lat' dir='ltr'><strong>NOTAE.</strong></span> 
     </span>
    </p>
   </div>
   <div class='ocr_carea' id='block_1_105' title="bbox 640 5604 2112 5689">
    <p class='ocr_par' dir='ltr' id='par_1_105' title="bbox 640 5604 2112 5689">
     <span class='ocr_line' id='line_1_106' title="bbox 640 5604 2112 5689; baseline 0.007 -31"><span class='ocrx_word' id='word_1_739' title='bbox 640 5606 683 5689; x_wconf 58' lang='grc' dir='ltr'><strong>ξι</strong></span> <span class='ocrx_word' id='word_1_740' title='bbox 719 5607 821 5661; x_wconf 84' lang='grc' dir='ltr'><strong>Διά</strong></span> <span class='ocrx_word' id='word_1_741' title='bbox 869 5608 1132 5689; x_wconf 54' lang='grc' dir='ltr'><strong>ςούτωιις.⁸</strong></span> <span class='ocrx_word' id='word_1_742' title='bbox 1156 5606 1318 5689; x_wconf 58' lang='grc' dir='ltr'><strong>ὀοιξἰ</strong></span> <span class='ocrx_word' id='word_1_743' title='bbox 1359 5604 1482 5689; x_wconf 44' lang='grc' dir='ltr'>λδς</span> <span class='ocrx_word' id='word_1_744' title='bbox 1507 5608 1763 5687; x_wconf 67' lang='grc' dir='ltr'>ἐκέιστευ.</span> <span class='ocrx_word' id='word_1_745' title='bbox 1823 5614 1869 5644; x_wconf 83' lang='grc'><strong>⁷¹</strong></span> <span class='ocrx_word' id='word_1_746' title='bbox 1906 5612 2047 5681; x_wconf 77' lang='grc' dir='ltr'><strong>Τήν.</strong></span> <span class='ocrx_word' id='word_1_747' title='bbox 2084 5631 2112 5669; x_wconf 88' lang='lat' dir='ltr'><strong>c</strong></span> 
     </span>
    </p>
   </div>
   <div class='ocr_carea' id='block_1_106' title="bbox 2210 5604 3818 5689">
    <p class='ocr_par' dir='ltr' id='par_1_106' title="bbox 2245 5614 3818 5689">
     <span class='ocr_line' id='line_1_107' title="bbox 2245 5614 3818 5689; baseline 0.001 -20"><span class='ocrx_word' id='word_1_748' title='bbox 2245 5616 2266 5669; x_wconf 77' lang='grc' dir='ltr'><strong>Ι</strong></span> <span class='ocrx_word' id='word_1_749' title='bbox 2306 5630 2515 5689; x_wconf 44' lang='lat' dir='ltr'><strong>praem.</strong></span> <span class='ocrx_word' id='word_1_750' title='bbox 2547 5616 2612 5689; x_wconf 56' lang='grc' dir='ltr'><strong>ὁ.Δ</strong></span> <span class='ocrx_word' id='word_1_751' title='bbox 2675 5614 2720 5689; x_wconf 44' lang='grc' dir='ltr'>τί</span> <span class='ocrx_word' id='word_1_752' title='bbox 2788 5616 3031 5689; x_wconf 75' lang='grc' dir='ltr'>Ῥητῶν.</span> <span class='ocrx_word' id='word_1_753' title='bbox 3062 5618 3133 5672; x_wconf 87' lang='lat' dir='ltr'><strong>ib.</strong></span> <span class='ocrx_word' id='word_1_754' title='bbox 3167 5618 3366 5689; x_wconf 77' lang='grc' dir='ltr'>ζητῶν.</span> <span class='ocrx_word' id='word_1_755' title='bbox 3445 5619 3491 5652; x_wconf 61' lang='grc'><strong>⁷³</strong></span> <span class='ocrx_word' id='word_1_756' title='bbox 3520 5617 3709 5689; x_wconf 61' lang='grc' dir='ltr'>Τοῦτο</span> <span class='ocrx_word' id='word_1_757' title='bbox 3745 5648 3818 5661; x_wconf 87' lang='lat'><strong>——</strong></span> 
     </span>
    </p>
   </div>
   <div class='ocr_carea' id='block_1_107' title="bbox 537 5673 2112 5799">
    <p class='ocr_par' dir='ltr' id='par_1_107' title="bbox 537 5673 2102 5799">
     <span class='ocr_line' id='line_1_108' title="bbox 537 5673 2102 5752; baseline 0.01 -29"><span class='ocrx_word' id='word_1_758' title='bbox 537 5673 822 5752; x_wconf 54' lang='grc' dir='ltr'>ἐπήγαγε.</span> <span class='ocrx_word' id='word_1_759' title='bbox 875 5680 1000 5732; x_wconf 87' lang='lat' dir='ltr'><strong>Des.</strong></span> <span class='ocrx_word' id='word_1_760' title='bbox 1059 5677 1196 5732; x_wconf 84' lang='lat' dir='ltr'><strong>ibid.</strong></span> <span class='ocrx_word' id='word_1_761' title='bbox 1273 5678 1320 5709; x_wconf 82' lang='lat'>&quot;</span> <span class='ocrx_word' id='word_1_762' title='bbox 1359 5675 1625 5745; x_wconf 69' lang='grc' dir='ltr'><strong>’Υ-ψηλῷ.</strong></span> <span class='ocrx_word' id='word_1_763' title='bbox 1674 5682 1836 5737; x_wconf 85' lang='lat' dir='ltr'><strong>Hebr.</strong></span> <span class='ocrx_word' id='word_1_764' title='bbox 1889 5673 2102 5739; x_wconf 67' lang='lat' dir='ltr'><strong>extenso</strong></span> 
     </span>
     <span class='ocr_line' id='line_1_109' title="bbox 540 5749 1030 5799; baseline 0.024 -9"><span class='ocrx_word' id='word_1_765' title='bbox 540 5753 595 5792; x_wconf 79' lang='lat' dir='ltr'><strong>tu</strong></span> <span class='ocrx_word' id='word_1_766' title='bbox 629 5755 771 5799; x_wconf 80' lang='lat' dir='ltr'><strong>textu</strong></span> <span class='ocrx_word' id='word_1_767' title='bbox 813 5749 920 5799; x_wconf 85' lang='grc' dir='ltr'><strong>τῶν</strong></span> <span class='ocrx_word' id='word_1_768' title='bbox 953 5752 1030 5799; x_wconf 88' lang='lat' dir='ltr'><strong>U’.</strong></span> 
     </span>
    </p>
   </div>
   <div class='ocr_carea' id='block_1_108' title="bbox 2210 5673 3817 5799">
    <p class='ocr_par' dir='ltr' id='par_1_108' title="bbox 2240 5673 3817 5759">
     <span class='ocr_line' id='line_1_110' title="bbox 2240 5673 3817 5759; baseline 0.003 -21"><span class='ocrx_word' id='word_1_769' title='bbox 2240 5673 2475 5752; x_wconf 65' lang='grc' dir='ltr'>Αὐὶοῖς.</span> <span class='ocrx_word' id='word_1_770' title='bbox 2512 5685 2636 5739; x_wconf 78' lang='lat' dir='ltr'><strong>cod.</strong></span> <span class='ocrx_word' id='word_1_771' title='bbox 2703 5673 2886 5744; x_wconf 63' lang='grc' dir='ltr'>ιωάὶ</span> <span class='ocrx_word' id='word_1_772' title='bbox 2934 5692 3087 5759; x_wconf 77' lang='grc' dir='ltr'>φησί.</span> <span class='ocrx_word' id='word_1_773' title='bbox 3131 5673 3191 5730; x_wconf 75' lang='grc' dir='ltr'><strong>π’</strong></span> <span class='ocrx_word' id='word_1_774' title='bbox 3219 5673 3351 5746; x_wconf 72' lang='lat' dir='ltr'><strong>kat.</strong></span> <span class='ocrx_word' id='word_1_775' title='bbox 3388 5691 3509 5746; x_wconf 79' lang='lat' dir='ltr'><strong>col.</strong></span> <span class='ocrx_word' id='word_1_776' title='bbox 3551 5690 3575 5743; x_wconf 80' lang='grc' dir='ltr'><strong>ι</strong></span> <span class='ocrx_word' id='word_1_777' title='bbox 3613 5687 3721 5759; x_wconf 67' lang='grc' dir='ltr'><strong>τῷ,</strong></span> <span class='ocrx_word' id='word_1_778' title='bbox 3753 5697 3817 5743; x_wconf 75' lang='grc' dir='ltr'><strong>ιιι</strong></span> 
     </span>
    </p>
   </div>
  </div>
