4128 6416
316 284 459 348 1925

1633 277 1711 338 IN
1754 277 1960 339 PSAL.
2001 277 2305 340 CXXXW.

3459 275 3595 341 1996

392 392 481 456 ιϐ’,
515 401 592 446 κ’.
631 408 650 442 ι
695 389 799 443 Τὸν
836 386 992 459 Σηὼν
1028 386 1256 459 βασιλέα
1287 386 1396 441 τῶν
1437 388 1803 462 Ἀμορραίων,
1834 390 1915 450 ὃτι

2093 388 2257 444 νιῖιις.
2296 389 2476 454 19,90.
2516 409 2533 441 ι
2586 388 2841 444 Siboaem
2890 403 3074 458 regem
3115 389 3594 448 Almrrha-arnm.

317 488 401 550 εἰς
427 486 522 538 τὸν
558 484 731 537 αἰῶνα
769 484 829 536 τὸ
859 482 1008 545 ἔλεος
1040 479 1227 535 αὑτοῦ.
1263 482 1377 535 Καὶ
1402 482 1499 536 τὸν
1530 484 1633 550 Ὢγ
1681 482 1905 553 βασιλέα

317 578 422 649 τῆς
446 577 652 640 Basilio,
684 577 766 628 ὅτι
802 577 882 637 εἰς
910 574 1002 626 τὸν
1036 572 1211 626 αἰῶνα
1243 572 1306 625 τὸ
1335 572 1482 637 ἕλεος
1516 574 1708 628 αὐτοῦ.
1748 593 1767 626 ι
1799 576 1913 645 Οὐχ

322 669 513 730 ἁπλῶς
540 666 618 730 δὲ,
643 668 772 729 τοὺς
800 666 996 729 ἄλλους
1033 664 1364 735 παραλιπὼν
1402 664 1676 736 βασιλέας,
1707 668 1913 721 τούτων

321 762 693 831 διαφερόντως
734 758 1005 829 ἐμνήσθη,
1038 757 1175 810 ἀλλὰ
1223 756 1316 810 τὸν
1346 756 1474 811 λαόν
1502 758 1602 827 τῆς
1633 758 1913 811 θεοσδότου

322 855 484 922 νίκης
512 852 949 921 ἀναμιμνήσκων
970 865 984 879 ⁸
1019 848 1111 902 ἐπὶ
1140 848 1297 920 ῥώμῃ
1343 850 1451 919 γὰρ
1484 843 1651 916 οὗτοι,
1691 850 1788 902 καὶ
1825 851 1915 903 δυ-

324 945 575 1014 ναστείᾳ,
625 946 720 997 καὶ
771 941 992 1014 μεγέθει
1043 940 1298 1010 σώματος
1335 942 1713 1012 ἐσεμνύνοντο.
1754 942 1812 994 Ὀ
1858 941 1916 995 δὲ

329 1040 434 1106 ’Ὡγ
472 1040 566 1091 καὶ
594 1039 752 1108 κλίνη
778 1038 1049 1107 ἐκέχρητο
1083 1036 1298 1106 σιδηρᾷ,
1337 1035 1428 1088 διὰ
1454 1034 1517 1088 τὸ
1540 1035 1635 1087 τοῦ
1666 1034 1918 1105 σώματος

329 1130 562 1200 μέγεθος
593 1127 750 1181 ὲννέα
788 1126 889 1197 μὲν
912 1127 1110 1197 πήχεις
1143 1126 1204 1179 τὸ
1232 1125 1434 1195 μῆκος,
1466 1125 1627 1178 πέντε
1657 1123 1715 1177 δὲ
1743 1124 1805 1178 τὸ
1829 1116 1921 1177 εὖ·

328 1239 422 1292 ρος
464 1219 663 1291 ἐχούσῃ
674 1262 685 1273 .

401 1404 510 1462 κα’.
545 1396 650 1469 κβ’.
689 1415 708 1449 ι
741 1395 856 1450 Καὶ
888 1394 1037 1449 δόντι
1081 1393 1179 1466 τὴν
1209 1393 1315 1464 γῆν
1339 1393 1708 1465 κληρονομίαν
1733 1394 1801 1460 ⁷³,
1836 1396 1921 1450 ὅτι

329 1494 414 1555 εἰς
458 1491 549 1545 τὸν
576 1488 752 1544 αἰῶνα
781 1489 844 1541 τὸ
870 1487 1021 1551 ἔλεος
1050 1484 1242 1540 αὑτοῦ.
1286 1485 1672 1557 κληρονομίαν
1704 1486 1923 1559 Ἰσραὴλ

328 1582 504 1653 δούλῳ
558 1579 745 1642 αὐτοῦ,
780 1579 864 1634 ὅτι
914 1578 997 1643 εἰς
1036 1577 1130 1630 τὸν
1173 1576 1347 1630 αἰῶνα
1390 1577 1451 1629 τὸ
1486 1576 1635 1639 ἔλεος
1675 1577 1861 1630 αὐτοῦ.
1898 1596 1917 1629 ι

335 1675 618 1737 ’Λπαντας
673 1672 782 1745 γὰρ
820 1671 1063 1735 ἐκείνους
1112 1669 1329 1740 θανάτῳ
1381 1669 1789 1736 καταναλώσας,
1831 1669 1924 1724 τὸν

345 1765 566 1837 Ἰσραὴλ
594 1762 861 1834 δεσπότην
882 1761 981 1832 τῆς
1005 1760 1231 1814 ἐκείνων
1250 1759 1490 1830 ὲπέφηνε
1519 1760 1566 1792 τ’
1594 1758 1716 1831 γῆς.

408 1856 515 1925 κγ’,
541 1856 640 1912 κδ’.
681 1874 700 1907 ι
743 1855 869 1908 Ὀτι
902 1855 961 1908 ὲν
1002 1855 1071 1923 τῇ
1103 1850 1431 1907 ταπεινώσει
1474 1850 1633 1922 ἡμῶν
1675 1848 1923 1923 ἐμνήσθη

331 1956 366 2021 ἦ
378 1951 497 2025 μῶν
517 1950 546 2004 6
568 1949 795 2023 Κύριος,
825 1949 906 2003 ὅτι
931 1950 1010 2012 εἰς
1031 1948 1124 2001 τὸν
1148 1946 1323 2000 αἰῶνα
1345 1945 1405 1998 τὸ
1425 1944 1573 2009 ἔλεος
1598 1944 1787 1999 αὐτοῦ.
1812 1945 1925 1999 Καὶ

333 2042 685 2114 ὲλυτρώσατο
731 2040 880 2112 ἡμᾶς
901 2041 967 2093 ὲκ
991 2037 1101 2092 τῶν
1145 2036 1355 2109 ἐχθρῶν
1389 2035 1568 2107 ἡμῶν,
1601 2037 1683 2089 ὄτι
1714 2038 1794 2100 εἰς
1833 2036 1925 2089 τὸν

333 2135 511 2191 αἰῶνα
549 2133 611 2187 τὸ
649 2132 797 2190 ἕλεος
829 2130 1019 2185 αὑτοῦ.
1056 2149 1075 2183 ι
1117 2131 1413 2200 Μέμνηται
1451 2131 1659 2182 τούτων
1686 2128 1734 2161 ⁸⁸
1763 2128 1857 2181 καὶ
1898 2128 1926 2180 6

338 2228 613 2299 μακάριος
642 2224 845 2294 Μωσῆς
873 2238 886 2252 ·
925 2241 944 2275 ι
985 2220 1310 2287 Ἐστέναξαν
1342 2220 1473 2293 γὰρ,
1506 2221 1693 2291 φησὶν,
1727 2222 1776 2274 οί
1818 2220 1927 2275 υίοὶ

347 2316 569 2390 Ἰσραὴλ
613 2315 723 2369 ἀπὸ
768 2314 876 2368 τῶν
930 2314 1136 2386 ἔργων,
1177 2315 1273 2367 καὶ
1318 2312 1483 2384 ἀνέϐη
1528 2315 1561 2384 ἡ
1600 2312 1697 2383 βοὴ
1746 2313 1927 2369 αὐτῶν

335 2414 476 2484 πρὸς
529 2410 622 2465 τὸν
672 2409 828 2463 Θεόν.
886 2409 997 2461 Καὶ
1052 2407 1433 2477 αἰχμαλώτους
1480 2406 1536 2459 δὲ
1563 2406 1725 2459 πάλιν
1776 2425 1927 2477 γενο-

339 2511 539 2579 μένους
592 2504 842 2577 ᾤκτειρε,
882 2504 976 2558 καὶ
1013 2506 1095 2567 εἰς
1146 2503 1245 2574 τὴν
1294 2502 1555 2576 πατρῴαν
1604 2503 1926 2575 ἐπανήγαγε

335 2619 465 2671 γην.
494 2618 512 2651 ι

410 2699 512 2748 κε’.
546 2712 564 2745 ι
600 2694 661 2746 '0
693 2691 866 2754 διδοὺς
904 2688 1111 2761 τροφὴν
1156 2689 1304 2760 πέισῃ
1348 2687 1533 2758 σαρκὶ,
1578 2687 1661 2740 ὅτι
1708 2689 1789 2751 εἰς
1834 2688 1928 2741 τὸν

338 2787 516 2842 αἰῶνα
546 2786 609 2839 τὸ
638 2784 784 2847 ἕλεος
813 2783 998 2837 αὑτοῦ.
1031 2801 1050 2833 ι
1100 2782 1234 2834 Ἀπὸ
1271 2781 1372 2850 τῆς
1405 2781 1640 2851 μερικῆς
1670 2781 1928 2850 προνοίας

2014 485 2275 553 quoniam
2324 486 2376 538 in
2420 492 2688 538 :Net‘mmt
2732 482 3112 536 misericordia
3137 482 3276 552 ejus.
3328 482 3392 535 Et
3419 480 3597 550 Ogum

2015 594 2195 647 regem
2233 578 2430 643 Dasau,
2488 577 2748 646 quoniam
2799 578 2853 630 in
2893 587 3159 630 aeternum
3220 575 3598 629 misericordia

2015 671 2152 740 ejus.
2198 690 2216 721 ι
2255 670 2370 723 Non
2408 679 2615 725 temere
2639 677 2847 732 autem,
2891 669 3028 723 alios
3072 683 3229 737 reges
3258 667 3597 737 praeteriens,

2019 764 2119 817 hos
2180 763 2529 831 potissimum
2590 766 2645 817 in
2696 763 2934 818 medium
2990 762 3193 827 attulit,
3247 761 3341 815 sed
3398 760 3602 828 populo

2017 858 2306 912 ria-loriam
2340 858 2608 913 divinitus
2648 871 2973 911 concessam
3004 856 3057 909 in
3088 855 3411 908 memoriam
3438 869 3601 907 revo-

2018 964 2151 1005 cans
2192 970 2203 1004 :
2240 951 2686 1019 quandoquidem
2711 950 2800 1004 isti
2825 949 2895 1002 ob
2925 949 3113 1012 robur,
3144 957 3198 1001 et
3229 952 3246 970 ‘
3270 946 3600 1017 potentiam,

2018 1050 2075 1096 et
2106 1044 2354 1110 corporis
2382 1041 2813 1111 magnitudinem
2856 1039 3254 1109 gloriabantur.
3290 1037 3357 1090 Et
3388 1035 3469 1106 0g
3490 1037 3605 1090 fer-

2022 1149 2118 1188 reo
2158 1134 2325 1188 etiam
2387 1137 2528 1188 lecto
2588 1135 2846 1189 utebatur
2876 1133 2927 1197 ἀ,
2973 1134 3135 1203 cujus
3184 1131 3493 1202 longitudo,
3530 1132 3610 1183 ob

2022 1227 2277 1297 corporis
2334 1224 2806 1296 magnitudinem,
2854 1241 3047 1281 novem
3101 1226 3410 1280 cubitorum
3461 1232 3604 1289 erat,

2021 1330 2077 1375 et
2112 1320 2355 1390 quinque
2396 1320 2649 1374 latitudo.

2104 1412 2267 1467 Vens.
2305 1413 2395 1475 2|,
2427 1412 2518 1467 22.
2556 1430 2575 1463 ι
2613 1411 2679 1466 Ει
2711 1411 2861 1466 dedit
2891 1422 3089 1465 terram
3140 1426 3330 1466 eorum
3372 1411 3611 1466 haeredi-

2023 1512 2233 1565 tatcm,
2284 1504 2545 1571 quoniam
2589 1503 2640 1557 in
2706 1512 2973 1558 aeternum
3027 1503 3406 1556 misericordia
3461 1503 3603 1573 ejus.

2026 1594 2412 1651 lltereditatem
2464 1594 2648 1650 lsraeli
2691 1610 2852 1650 servo
2883 1610 3005 1658 suo,
3060 1595 3320 1665 quoniam
3354 1595 3407 1649 in
3441 1605 3607 1649 aster-

2024 1703 2157 1742 num
2197 1688 2578 1743 misericordia
2628 1688 2773 1757 ejus.
2821 1706 2841 1739 ι
2873 1688 3078 1743 Omnes
3121 1688 3268 1741 enim
3307 1688 3430 1743 illos
3480 1702 3608 1742 cum

1961 1783 2003 1838 Β
2031 1787 2207 1833 morte
2238 1778 2547 1845 multasset,
2581 1778 2835 1833 lsraelem
2872 1776 3157 1832 dominum
3210 1788 3369 1833 terrae
3407 1777 3608 1834 cﬂ‘ecit.

2100 1869 2268 1925 Vens.
2297 1870 2390 1935 23,
2414 1870 2505 1925 24.
2546 1890 2564 1922 ι
2591 1870 2729 1937 Quia
2760 1870 2814 1924 in
2846 1870 3156 1926 humilitate
3179 1879 3364 1925 nostra
3398 1887 3612 1926 memor

2025 1962 2130 2018 fuit
2158 1964 2356 2025 nostri,
2385 1964 2644 2035 quoniam
2679 1964 2732 2018 in
2765 1973 3030 2019 aeternum
3064 1964 3440 2020 misericordia
3464 1964 3607 2035 ejus.

2027 2053 2092 2109 Et
2146 2056 2379 2110 redemit
2432 2072 2531 2110 nos
2563 2056 2632 2111 ab
2672 2056 2914 2112 inimicis
2956 2057 3182 2124 nostris,
3237 2059 3497 2128 quoniam
3553 2058 3609 2112 in

2025 2159 2293 2202 aeternum
2328 2148 2704 2203 misericordia
2739 2149 2881 2218 ejus.
2920 2174 2937 2201 ι
2984 2149 3187 2204 [lorum
3214 2152 3377 2203 etiam
3416 2151 3607 2205 beatus

2025 2238 2204 2297 Moses
2236 2242 2571 2295 mentionem
2606 2241 2737 2296 facit
2769 2261 2783 2297 :
2823 2261 2842 2295 ‹
2880 2239 3271 2312 Ingemuerunt
3314 2243 3486 2306 enim,
3526 2244 3608 2297 in-

2027 2332 2168 2403 quit,
2198 2333 2292 2385 lilii
2323 2332 2487 2387 Israel
2512 2332 2583 2387 ob
2606 2348 2795 2403 opera,
2825 2342 2878 2387 et
2905 2334 3150 2388 ascendit
3173 2334 3382 2388 clamor
3412 2351 3613 2391 eorum

2032 2421 2249 2494 1524
2283 2422 2349 2476 ad
2389 2423 2558 2477 Deum
2584 2422 2882 2480 ".iEtcum
2909 2439 3102 2478 rursus
3144 2425 3341 2493 captivi
3389 2426 3611 2482 abdnezi

2026 2523 2237 2579 essent,
2262 2515 2523 2570 misertus
2548 2524 2635 2569 est
2658 2525 2714 2569 et
2741 2516 2794 2568 in
2819 2516 3055 2585 patrium
3081 2517 3259 2573 solum
3284 2518 3527 2577 reduxit.

2101 2690 2264 2745 Vens.
2300 2690 2392 2745 25.
2436 2711 2454 2742 ι
2483 2691 2585 2757 Qui
2617 2691 2711 2745 dat
2736 2706 2917 2746 eseam
2945 2693 3094 2747 omni
3120 2696 3297 2760 carni,
3347 2696 3615 2765 quoniam

2030 2781 2083 2834 in
2116 2791 2383 2836 :cternum
2420 2783 2802 2836 misericordia
2834 2784 2975 2852 ejus.
3009 2803 3028 2835 ι
3066 2784 3107 2838 Α
3145 2787 3459 2855 particulari
3492 2806 3613 2859 pro.

339 2880 508 2934 πάλιν
539 2879 632 2931 ἐπὶ
666 2876 765 2946 τὴν
803 2875 1036 2931 καθόλου
1086 2873 1313 2943 μετέϐη,
1341 2872 1439 2943 τὴν
1479 2874 1611 2942 περὶ
1646 2873 1855 2933 πάντας
1880 2873 1925 2905 ⁸³

338 2970 435 3024 τοῦ
484 2968 623 3021 Θεοῦ
666 2968 955 3038 κηρύττων
986 2964 1336 3035 κηδεμονίαν.
1366 2965 1439 3016 Οὐ
1469 2964 1580 3034 γὰρ
1622 2966 1784 3032 μόνον
1816 2966 1928 3028 τοῖς

340 3060 673 3131 ἀνθρώποις,
728 3057 866 3110 ἀλλὰ
899 3057 1139 3118 καὶτοῖς
1184 3054 1402 3120 ἀλόγοις
1450 3052 1549 3123 τὴν
1592 3053 1922 3124 κατάλληλον

2033 3058 2169 3125 lum,
2212 3060 2306 3113 sed
2354 3060 2519 3113 etiam
2578 3060 2790 3115 ratione
2839 3063 3156 3118 carentibus
3200 3066 3621 3122 convenientem-

339 3150 649 3220 προσφέρει
680 3148 910 3219 τροφήν.
944 3144 1103 3200 Οὕτω
1135 3144 1229 3197 καί
1261 3146 1289 3197 6
1316 3145 1516 3214 Κύριος
1542 3148 1599 3197 ἐν
1629 3148 1740 3208 τοῖς
1772 3146 1922 3215 ἱεροῖς

2040 3148 2222 3201 cibum
2258 3149 2479 3218 praebet.
2516 3148 2609 3203 Sic
2643 3150 2809 3203 etiam
2844 3149 3110 3207 Dominus
3149 3153 3202 3207 in
3235 3155 3407 3211 sacris
3441 3154 3619 3210 Evano

342 3243 705 3312 Εὑαγγελίοις
728 3258 743 3272 ·
785 3260 804 3293 ι
846 3237 1222 3308 Ἀποϐλέψατε
1254 3237 1302 3270 δ’
1336 3238 1416 3301 εἰς
1466 3237 1536 3291 τὰ
1568 3239 1797 3291 πετεινὰ
1836 3240 1922 3294 τοῐ

2029 3235 2195 3311 ’ςριὶἱε
2228 3241 2352 3296 ait:
2390 3260 2410 3291 ι
2465 3240 2742 3311 Respicite
2786 3244 3035 3299 volatilia
3087 3247 3236 3313 cmli,
3285 3262 3408 3318 qua:
3441 3264 3625 3320 neque

338 3335 604 3407 οὐρανοῦ,
639 3331 827 3388 ἃοῦτε
860 3330 1098 3402 σπείρει,
1145 3328 1270 3383 οὔτε
1320 3329 1544 3397 συνάγει
1591 3331 1673 3391 εἰς
1722 3329 1922 3401 ἀποθή-

2040 3344 2254 3396 serunt,
2305 3350 2483 3403 neque
2528 3346 2866 3407 congregant
2912 3338 2969 3392 in
3005 3339 3223 3407 horrea,
3247 3352 3302 3397 et
3341 3340 3501 3398 Pater
3534 3362 3626 3399 re-

346 3448 475 3493 κας,
511 3428 609 3482 καὶ
642 3427 670 3478 6
697 3424 891 3496 Πατὴρ
918 3422 1116 3493 ὑμῶνὸ
1145 3422 1399 3494 οὐράνιος
1428 3421 1623 3493 τρέφει
1652 3421 1812 3477 αὐτά·
1841 3441 1862 3474 ⁵

2042 3435 2153 3483 ster
2183 3428 2423 3482 caelestis
2448 3429 2628 3497 pascit
2658 3430 2750 3484 illa
2787 3427 2831 3485 τ.
2873 3449 2893 3481 ι

420 3527 535 3588 κς¹.
574 3539 593 3574 ι
624 3515 1069 3589 Ἐξομολογείσθε
1095 3514 1174 3585 τῷ
1202 3515 1324 3586 Θεῷ
1346 3514 1440 3569 τοῦ
1469 3515 1723 3586 οὐρανοῦ,
1745 3516 1829 3569 ὅτι
1860 3516 1922 3577 εἰς

2116 3519 2282 3575 Vsus.
2342 3521 2435 3576 26.
2494 3540 2514 3574 ι
2574 3523 2925 3580 Conﬁtcmini
2963 3526 3098 3595 Deo,
3153 3529 3316 3596 cali,
3366 3532 3628 3601 quoniam

346 3617 443 3671 τὸν
469 3615 641 3670 αἰῶνα
664 3613 726 3667 τὸ
751 3612 901 3675 ἔλεος
931 3608 1121 3664 αὐτοῦ.
1149 3627 1168 3661 ι
1196 3609 1425 3663 Πάντων
1447 3608 1549 3678 μὲν
1572 3608 1708 3671 Θεὸς
1730 3611 1760 3662 6
1784 3609 1917 3672 Θεός

2044 3614 2104 3673 in
2132 3623 2401 3669 aeternum
2436 3616 2818 3671 misericordia
2846 3619 2989 3687 ejus.
3037 3636 3057 3670 ι
3108 3618 3370 3676 Omnium
3403 3624 3628 3693 quidem

351 3707 575 3762 πάντων
609 3704 717 3773 γάρ
760 3704 879 3755 ἐστι
919 3700 1154 3771 ποιητής
1174 3716 1187 3730 ·
1216 3698 1449 3770 οὐρανοῦ
1482 3699 1541 3752 δὲ
1567 3701 1773 3769 κυρίως
1804 3717 1922 3771 χρη.

2044 3704 2194 3759 Deus
2222 3716 2305 3759 est
2334 3704 2500 3770 Deus,
2536 3707 2786 3762 omnium
2837 3710 2984 3763 enim
3012 3720 3100 3766 est
3130 3713 3333 3781 opifex,
3377 3716 3470 3770 sed
3504 3731 3634 3786 pro-

354 3796 574 3870 ματίζει
600 3794 757 3859 Θεὸς,
786 3792 890 3848 ὑπὸ
915 3791 1025 3847 τῶν
1055 3792 1113 3844 ὲν
1139 3789 1355 3861 οὐρανῷ
1378 3790 1749 3859 διαιτωμένων
1776 3790 1922 3857 ἀγγέι

2040 3796 2164 3864 prie
2199 3796 2325 3849 caeli
2362 3797 2506 3850 Deus
2536 3808 2913 3867 nuncupatur,
2961 3802 3108 3869 quod
3163 3803 3234 3858 ab
3266 3805 3496 3874 angelis,
3537 3808 3633 3877 qui

351 3892 463 3945 λων
496 3884 939 3960 θεραπευόμενος
963 3898 978 3913 °
1013 3885 1196 3938 ἐκεῖνο
1223 3882 1335 3953 γὰρ
1372 3881 1433 3935 τὸ
1464 3882 1662 3953 χωρίον
1699 3880 1922 3952 καθαρδι

2046 3886 2101 3940 in
2131 3887 2536 3957 cmlisdcgunt,
2565 3888 2784 3943 colatur
2813 3908 2829 3944 :
2858 3890 2949 3946 ille
2976 3892 3125 3947 enim
3150 3895 3304 3952 locus
3340 3912 3369 3951 a
3400 3907 3631 3968 peccato

351 3982 656 4056 ἁμαρτίας.

2046 3993 2221 4049 purus
2255 3988 2358 4033 cst.

640 4093 907 4149 EPMHN.
951 4092 1090 4146 ΤΟΥ
1136 4091 1300 4159 PAG"
1338 4091 1660 4145 ΨΑΛΜΟΥ.

2404 4090 2681 4145 INTERP.
2716 4091 2971 4149 PSALMI
2998 4093 3286 4152 CXXXVI.

472 4206 599 4276 ὗτος
652 4212 681 4265 6
740 4209 955 4281 ψαλμὺς
1018 4207 1398 4278 ἀνεπίγραφος
1463 4207 1594 4276 παρ’
1632 4205 1908 4276 Ἑϐραίοις

2120 4201 2224 4258 Hic
2279 4202 2525 4273 psalmus
2578 4205 2696 4259 sine
2763 4205 2925 4261 titulo
2977 4216 3061 4263 est
3126 4209 3267 4279 apud
3322 4208 3638 4271 Hebraeos:

355 4310 535 4381 θρασὺ
589 4307 650 4361 δέ
700 4323 849 4369 τινες
896 4306 1131 4376 πρᾶγμα
1166 4303 1563 4374 τετολμηκότες
1602 4302 1922 4372 ἐπέγραψαν

2054 4296 2146 4350 sed
2202 4296 2453 4350 nonnulli
2509 4313 2622 4351 rem
2674 4298 2940 4354 audacem
2986 4300 3146 4368 ausi,
3204 4302 3640 4375 inscripserunt,

363 4424 383 4454 ς
408 4399 502 4470 Τῷ
537 4398 705 4452 Δαϐἰδ
746 4396 837 4451 διὰ
874 4394 1233 4465 Ἱερεμίου⁸³ο
1276 4414 1293 4445 ι
1337 4395 1432 4449 καὶ
1482 4393 1819 4465 προσέθεσαν
1868 4395 1922 4447 τι

2063 4411 2081 4443 ι
2124 4390 2316 4445 Davidi
2366 4407 2462 4461 per
2512 4389 2831 4460 Jercmiam,
2871 4412 2890 4445 ι
2942 4401 2998 4449 et
3035 4395 3411 4452 addiderunt:
3449 4417 3466 4452 ι
3510 4399 3643 4456 Sine

366 4512 386 4546 ι
427 4492 833 4560 Ἀνεπίγραφος
885 4489 1017 4558 παρ’
1059 4485 1353 4556 Ἑϐραίοις.
1399 4506 1418 4537 ι
1468 4486 1582 4539 Καὶ
1620 4485 1754 4539 αὐτὸ
1797 4486 1854 4538 δὲ
1895 4504 1922 4538 τ

2022 4484 2221 4539 ltitulo
2274 4484 2416 4552 apud
2476 4484 2758 4540 Hebrazos.
2805 4504 2823 4537 ι
2882 4485 3055 4541 Porro
3116 4488 3218 4543 hoc
3272 4490 3649 4563 inscriptionis

361 4584 593 4655 πλάσμα
639 4583 739 4653 τῆς
772 4578 1085 4651 ἐπιγραφῆς
1125 4576 1386 4649 κηρύττει
1429 4577 1540 4631 τῶν
1583 4577 1922 4650 ἐπιγεγραςὸ

2062 4577 2380 4646 ﬁgmentum
2439 4576 2727 4631 stultitiam
2768 4593 3003 4643 eorum,
3058 4580 3150 4649 qui
3203 4581 3646 4652 inscripserunt,

360 4695 470 4732 των
518 4677 618 4747 τὴν
668 4676 877 4729 ἄνοιαν.
922 4670 1190 4743 Ἱερεμίας
1230 4670 1338 4740 γὰρ
1382 4671 1484 4723 οὐκ
1534 4673 1615 4733 εἰς
1660 4669 1921 4723 Βαϐυλών

2061 4684 2171 4737 prze
2199 4683 2258 4723 se
2289 4666 2416 4722 fert.
2454 4666 2727 4725 Jeremias
2761 4670 2908 4725 enim
2941 4670 3271 4744 Babylonem
3308 4691 3433 4730 cum
3468 4680 3648 4749 capti-

366 4768 506 4842 μετὰ
534 4767 645 4822 τῶν
670 4765 1028 4838 δορυαλώτων
1050 4762 1297 4832 ἀπήχθη,
1324 4761 1441 4814 ἀλλ’
1468 4760 1653 4829 ὀλίγον
1676 4763 1735 4814 ὲν
1764 4764 1827 4832 τῇ
1860 4761 1922 4814 ἰε

2059 4760 2143 4813 vis
2177 4774 2285 4812 non
2335 4767 2422 4812 est
2469 4760 2763 4825 abductus,
2808 4762 2903 4816 sed
2960 4779 3087 4818 cum
3137 4781 3331 4834 parum
3389 4771 3653 4841 temporis

369 4860 655 4934 ρουσαλὴμ
706 4857 913 4927 διάγων
943 4856 991 4888 ⁸⁵
1029 4856 1245 4926 χρόνον,
1298 4853 1405 4905 ὑπὸ
1453 4852 1565 4905 τῶν
1622 4854 1922 4922 παρανόμω

2062 4848 2459 4920 Hierosolyma:
2503 4851 2753 4915 vixisset,
2810 4852 2879 4907 ab
2926 4853 3130 4923 iniquis
3172 4855 3377 4914 Judaeis
3427 4868 3655 4918 coactus

367 4952 617 5026 βιασθεὶς
643 4951 936 5015 Ἰουδαίων,
968 4949 1070 5019 τῆς
1095 4949 1173 5010 εἰς
1199 4946 1474 5014 Αἴγυπτον
1496 4945 1681 5008 αὐτοῖς
1712 4943 1833 4997 ὁδοῦ
1865 4961 1957 4998 κε-

367 5048 693 5119 κοινώνηκε·
722 5048 842 5111 πῶς
874 5045 1055 5100 τοίνυν
1082 5042 1345 5115 ἁρμόττει
1376 5040 1454 5110 τῷ
1490 5039 1729 5110 Ἱερεμίᾳ
1752 5038 1922 5104 λέγειν

2067 5035 2218 5089 venit
2252 5033 2505 5091 Jeremiae
2535 5038 2721 5092 dicere
2755 5052 2769 5092 :
2805 5056 2823 5089 ι
2858 5039 2936 5093 Ad
2975 5039 3198 5096 ﬂumina
3235 5042 3548 5115 Babylonis,
3575 5047 3651 5102 ibi

373 5160 393 5194 ι
427 5140 553 5196 Ἐπὶ
603 5139 715 5195 τῶν
760 5137 1023 5209 ποταμῶν
1070 5133 1410 5198 Βαϐυλῶνος,
1456 5133 1575 5185 ἐκεῖ
1618 5130 1922 5199 ὲκαθίσαμε

2067 5125 2337 5191 sedimus,
2367 5134 2422 5180 et
2446 5126 2748 5183 “erimus?
2786 5147 2804 5181 ι
2842 5128 2921 5184 Illi
2965 5146 3097 5202 ergo
3129 5132 3340 5204 1525
3372 5136 3655 5205 prophetae

2033 2872 2275 2927 ridentia
2314 2889 2511 2927 rursus
2561 2873 2626 2926 ad
2663 2877 2970 2942 generalem
3008 2877 3244 2942 transiit,
3283 2878 3372 2931 Dei
3421 2894 3619 2939 curant

2031 2966 2183 3019 circa
2220 2981 2415 3019 omnes
2451 2967 2783 3033 prmdieans.
2834 2967 2956 3021 Non
2987 2970 3131 3023 enim
3167 2969 3484 3028 hominibus
3520 2988 3625 3029 so-

937 5302 959 5329 ε
998 5289 1171 5343 Exod.
1206 5304 1264 5354 ιι,
1295 5286 1387 5340 25.
1468 5283 1486 5321 τ
1522 5282 1712 5337 Matth.
1749 5298 1824 5347 νι,
1858 5281 1950 5337 26.

1462 5423 1699 5479 νΑΙιιΑΕ
1740 5422 2130 5480 LECTIONES
2283 5420 2524 5480 NOT/E.

440 5294 469 5334 ⁸
505 5292 661 5348 Deut.
694 5308 775 5354 ιη,
798 5291 855 5345 2.

464 5576 508 5609 ⁷⁸
541 5577 800 5641 Κληρον.
830 5570 886 5625 In
916 5577 1063 5641 textu
1114 5568 1225 5641 τῶν
1256 5569 1312 5641 D'
1344 5582 1534 5641 pran
1569 5565 1771 5641 αθτῶν,
1798 5565 1922 5641 eod2

2029 5566 2173 5620 taliet
2199 5567 2321 5641 ἀντὶ
2344 5567 2734 5641 κληρονομίας.
2814 5571 2858 5605 ⁷ο
2881 5570 2999 5625 end.
3030 5572 3048 5621 vl
3086 5570 3354 5641 ἀπέφηνε.
3433 5572 3480 5606 ⁸ο
3514 5573 3657 5629 Τού-

374 5665 512 5701 των.
553 5647 626 5699 il).
653 5634 841 5712 praui].
873 5642 948 5694 δέ.
1028 5638 1071 5712 '7‘
1100 5639 1219 5712 cod.
1254 5638 1276 5689 1
1302 5634 1517 5712 πάντα.
1549 5706 1560 5712 _
1582 5638 1625 5668 ⁸³
1657 5637 1790 5688 ibid.
1825 5634 1922 5703 ὲμϐ

2022 5637 2407 5712 κατειῃδδ-ᾼιᾲ
2439 5634 2596 5706 "la-pf
2629 5634 2754 5696 Ha‘c
2783 5641 3067 5712 inscriptio
3091 5634 3225 5695 teSIe
3251 5640 3417 5697 Bosio
3473 5654 3658 5699 exstat

379 5719 433 5771 in
465 5718 594 5771 edit.
641 5703 756 5767 Ald.
792 5723 845 5767 ct
872 5711 1085 5782 Compl.
1120 5707 1244 5763 cod.
1286 5709 1440 5761 Alex.
1476 5706 1638 5761 habet
1670 5716 1879 5760 tantum

2066 5706 2253 5770 Δαϐίδ,
2293 5708 2465 5765 Vatic.
2494 5703 2618 5766 add.
2690 5703 2977 5783 Ἰερεμίου.
3034 5711 3079 5743 ⁸⁵
3139 5715 3262 5766 cod.
3300 5716 3318 5767 l
3351 5713 3653 5784 διαγαγὼν.

2064 4942 2116 4995 in
2145 4941 2440 5014 Egyptum
2472 4959 2599 4998 eum
2633 4948 2651 4968 θ
2676 4945 2782 5001 illis
2817 4946 2990 5002 abire.
3020 4946 3310 5015 Quomodo
3332 4952 3497 5023 igitur
3519 4967 3653 5009 eon-
3765 4940 3768 4949 ί
