  <div class='ocr_page' id='page_1' title='image "/cluster/home/n/w/nwhite01/storage/ocr_20150623/80:no.1/coo.31924054869817/971.png"; bbox 0 0 4128 6420; ppageno 0'>
   <div class='ocr_carea' id='block_1_1' title="bbox 572 276 707 343">
    <p class='ocr_par' dir='ltr' id='par_1_1' title="bbox 572 276 707 343">
     <span class='ocr_line' id='line_1_1' title="bbox 572 276 707 343; baseline 0 0"><span class='ocrx_word' id='word_1_1' title='bbox 572 276 707 343; x_wconf 61' lang='lat'><strong>1327</strong></span> 
     </span>
    </p>
   </div>
   <div class='ocr_carea' id='block_1_2' title="bbox 1566 260 2852 327">
    <p class='ocr_par' dir='ltr' id='par_1_2' title="bbox 1566 260 2852 327">
     <span class='ocr_line' id='line_1_2' title="bbox 1566 260 2852 327; baseline -0.007 0"><span class='ocrx_word' id='word_1_2' title='bbox 1566 264 2060 327; x_wconf 73' lang='lat' dir='ltr'><strong>THEODORETI</strong></span> <span class='ocrx_word' id='word_1_3' title='bbox 2099 262 2438 323; x_wconf 78' lang='lat' dir='ltr'><strong>EPISCOPl</strong></span> <span class='ocrx_word' id='word_1_4' title='bbox 2478 260 2852 320; x_wconf 71' lang='lat' dir='ltr'><strong>CYRENSIS</strong></span> 
     </span>
    </p>
   </div>
   <div class='ocr_carea' id='block_1_3' title="bbox 3692 266 3815 333">
    <p class='ocr_par' dir='ltr' id='par_1_3' title="bbox 3692 266 3815 333">
     <span class='ocr_line' id='line_1_3' title="bbox 3692 266 3815 333; baseline 0.024 -4"><span class='ocrx_word' id='word_1_5' title='bbox 3692 266 3815 333; x_wconf 73' lang='lat'><strong>1928</strong></span> 
     </span>
    </p>
   </div>
   <div class='ocr_carea' id='block_1_4' title="bbox 571 373 2169 466">
    <p class='ocr_par' dir='ltr' id='par_1_4' title="bbox 571 380 2156 466">
     <span class='ocr_line' id='line_1_4' title="bbox 571 380 2156 466; baseline -0.008 -15"><span class='ocrx_word' id='word_1_6' title='bbox 571 397 1003 466; x_wconf 82' lang='lat' dir='ltr'><strong>haudquaquam</strong></span> <span class='ocrx_word' id='word_1_7' title='bbox 1038 391 1155 446; x_wconf 81' lang='lat' dir='ltr'><strong>haec</strong></span> <span class='ocrx_word' id='word_1_8' title='bbox 1188 384 1483 444; x_wconf 84' lang='lat' dir='ltr'><strong>convenire</strong></span> <span class='ocrx_word' id='word_1_9' title='bbox 1513 392 1661 454; x_wconf 86' lang='lat' dir='ltr'><strong>patet</strong></span> <span class='ocrx_word' id='word_1_10' title='bbox 1697 399 1763 437; x_wconf 79' lang='lat' dir='ltr'><strong>ex</strong></span> <span class='ocrx_word' id='word_1_11' title='bbox 1799 380 2156 451; x_wconf 73' lang='lat' dir='ltr'><strong>supradictis.</strong></span> 
     </span>
    </p>
   </div>
   <div class='ocr_carea' id='block_1_5' title="bbox 2271 373 3815 466">
    <p class='ocr_par' dir='ltr' id='par_1_5' title="bbox 2271 373 3815 451">
     <span class='ocr_line' id='line_1_5' title="bbox 2271 373 3815 451; baseline 0.001 -20"><span class='ocrx_word' id='word_1_12' title='bbox 2271 378 2357 432; x_wconf 75' lang='grc' dir='ltr'>καὶ</span> <span class='ocrx_word' id='word_1_13' title='bbox 2402 376 2791 447; x_wconf 78' lang='grc' dir='ltr'>ἐκλαύσαμεν;</span> <span class='ocrx_word' id='word_1_14' title='bbox 2827 394 2847 427; x_wconf 67' lang='grc' dir='ltr'><strong>ι</strong></span> <span class='ocrx_word' id='word_1_15' title='bbox 2904 374 3025 428; x_wconf 64' lang='lat' dir='ltr'><strong>&quot;Ott</strong></span> <span class='ocrx_word' id='word_1_16' title='bbox 3071 374 3170 444; x_wconf 82' lang='grc' dir='ltr'><strong>μὲν</strong></span> <span class='ocrx_word' id='word_1_17' title='bbox 3227 373 3473 445; x_wconf 66' lang='grc' dir='ltr'>οἰδαμῶς</span> <span class='ocrx_word' id='word_1_18' title='bbox 3522 376 3701 449; x_wconf 80' lang='grc' dir='ltr'>ἐκείνῳ</span> <span class='ocrx_word' id='word_1_19' title='bbox 3746 384 3815 451; x_wconf 83' lang='grc' dir='ltr'>τῷ</span> 
     </span>
    </p>
   </div>
   <div class='ocr_carea' id='block_1_6' title="bbox 572 473 2160 553">
    <p class='ocr_par' dir='ltr' id='par_1_6' title="bbox 572 473 2160 553">
     <span class='ocr_line' id='line_1_6' title="bbox 572 473 2160 553; baseline -0.01 -11"><span class='ocrx_word' id='word_1_20' title='bbox 572 486 963 542; x_wconf 81' lang='lat' dir='ltr'><strong>Verumtamen</strong></span> <span class='ocrx_word' id='word_1_21' title='bbox 1014 480 1211 553; x_wconf 82' lang='lat' dir='ltr'><strong>psalmi</strong></span> <span class='ocrx_word' id='word_1_22' title='bbox 1248 493 1444 535; x_wconf 89' lang='lat' dir='ltr'><strong>sensus</strong></span> <span class='ocrx_word' id='word_1_23' title='bbox 1492 476 1691 546; x_wconf 91' lang='lat' dir='ltr'><strong>planus</strong></span> <span class='ocrx_word' id='word_1_24' title='bbox 1719 484 1823 530; x_wconf 90' lang='lat' dir='ltr'><strong>est.</strong></span> <span class='ocrx_word' id='word_1_25' title='bbox 1864 473 1967 540; x_wconf 81' lang='lat' dir='ltr'><strong>Qui</strong></span> <span class='ocrx_word' id='word_1_26' title='bbox 2012 474 2160 527; x_wconf 84' lang='lat' dir='ltr'><strong>enim</strong></span> 
     </span>
    </p>
   </div>
   <div class='ocr_carea' id='block_1_7' title="bbox 571 567 2162 648">
    <p class='ocr_par' dir='ltr' id='par_1_7' title="bbox 571 567 2162 648">
     <span class='ocr_line' id='line_1_7' title="bbox 571 567 2162 648; baseline -0.008 -16"><span class='ocrx_word' id='word_1_27' title='bbox 571 578 774 648; x_wconf 61' lang='lat' dir='ltr'><strong>captivi</strong></span> <span class='ocrx_word' id='word_1_28' title='bbox 806 576 1029 631; x_wconf 81' lang='lat' dir='ltr'><strong>fuerant</strong></span> <span class='ocrx_word' id='word_1_29' title='bbox 1064 571 1313 635; x_wconf 88' lang='lat' dir='ltr'><strong>abducti,</strong></span> <span class='ocrx_word' id='word_1_30' title='bbox 1364 577 1417 625; x_wconf 90' lang='lat' dir='ltr'><strong>et</strong></span> <span class='ocrx_word' id='word_1_31' title='bbox 1456 568 1697 623; x_wconf 77' lang='lat' dir='ltr'><strong>reditum</strong></span> <span class='ocrx_word' id='word_1_32' title='bbox 1747 567 2057 632; x_wconf 85' lang='lat' dir='ltr'><strong>consecuti,</strong></span> <span class='ocrx_word' id='word_1_33' title='bbox 2097 581 2162 620; x_wconf 88' lang='lat' dir='ltr'><strong>ea</strong></span> 
     </span>
    </p>
   </div>
   <div class='ocr_carea' id='block_1_8' title="bbox 571 664 1642 740">
    <p class='ocr_par' dir='ltr' id='par_1_8' title="bbox 571 664 1642 740">
     <span class='ocr_line' id='line_1_8' title="bbox 571 664 1642 740; baseline -0.009 -14"><span class='ocrx_word' id='word_1_34' title='bbox 571 680 805 728; x_wconf 89' lang='lat' dir='ltr'><strong>narrant</strong></span> <span class='ocrx_word' id='word_1_35' title='bbox 835 684 958 740; x_wconf 79' lang='lat' dir='ltr'><strong>quae</strong></span> <span class='ocrx_word' id='word_1_36' title='bbox 989 668 1267 737; x_wconf 80' lang='lat' dir='ltr'><strong>Babylone</strong></span> <span class='ocrx_word' id='word_1_37' title='bbox 1300 664 1642 720; x_wconf 90' lang='lat' dir='ltr'><strong>acciderant.</strong></span> 
     </span>
    </p>
   </div>
   <div class='ocr_carea' id='block_1_9' title="bbox 639 836 2164 911">
    <p class='ocr_par' dir='ltr' id='par_1_9' title="bbox 639 836 2164 911">
     <span class='ocr_line' id='line_1_9' title="bbox 639 836 2164 911; baseline -0.004 -12"><span class='ocrx_word' id='word_1_38' title='bbox 639 845 806 900; x_wconf 72' lang='lat' dir='ltr'><strong>Vsus.</strong></span> <span class='ocrx_word' id='word_1_39' title='bbox 834 844 882 898; x_wconf 89' lang='lat' dir='ltr'><strong>l.</strong></span> <span class='ocrx_word' id='word_1_40' title='bbox 898 862 917 896; x_wconf 76' lang='grc' dir='ltr'><strong>ι</strong></span> <span class='ocrx_word' id='word_1_41' title='bbox 941 842 1018 897; x_wconf 88' lang='lat' dir='ltr'><strong>Ad</strong></span> <span class='ocrx_word' id='word_1_42' title='bbox 1040 841 1265 897; x_wconf 88' lang='lat' dir='ltr'><strong>ﬂumina</strong></span> <span class='ocrx_word' id='word_1_43' title='bbox 1291 839 1605 911; x_wconf 83' lang='lat' dir='ltr'><strong>Babylonis,</strong></span> <span class='ocrx_word' id='word_1_44' title='bbox 1633 840 1707 894; x_wconf 87' lang='lat' dir='ltr'><strong>ibi</strong></span> <span class='ocrx_word' id='word_1_45' title='bbox 1732 839 1977 895; x_wconf 86' lang='lat' dir='ltr'><strong>sedimus</strong></span> <span class='ocrx_word' id='word_1_46' title='bbox 1993 850 2046 893; x_wconf 88' lang='lat' dir='ltr'><strong>et</strong></span> <span class='ocrx_word' id='word_1_47' title='bbox 2066 836 2164 893; x_wconf 83' lang='lat' dir='ltr'><strong>ﬂe-</strong></span> 
     </span>
    </p>
   </div>
   <div class='ocr_carea' id='block_1_10' title="bbox 570 932 2164 1003">
    <p class='ocr_par' dir='ltr' id='par_1_10' title="bbox 570 932 2164 1003">
     <span class='ocr_line' id='line_1_10' title="bbox 570 932 2164 1003; baseline -0.004 -11"><span class='ocrx_word' id='word_1_48' title='bbox 570 938 769 1003; x_wconf 88' lang='lat' dir='ltr'><strong>vimus,</strong></span> <span class='ocrx_word' id='word_1_49' title='bbox 807 952 931 992; x_wconf 91' lang='lat' dir='ltr'><strong>cum</strong></span> <span class='ocrx_word' id='word_1_50' title='bbox 979 935 1398 990; x_wconf 90' lang='lat' dir='ltr'><strong>recordaremur</strong></span> <span class='ocrx_word' id='word_1_51' title='bbox 1434 949 1537 989; x_wconf 88' lang='lat' dir='ltr'><strong>nos</strong></span> <span class='ocrx_word' id='word_1_52' title='bbox 1572 933 1780 987; x_wconf 85' lang='lat' dir='ltr'><strong>Sionis.</strong></span> <span class='ocrx_word' id='word_1_53' title='bbox 1824 952 1841 983; x_wconf 76' lang='grc'><strong>»</strong></span> <span class='ocrx_word' id='word_1_54' title='bbox 1873 932 2164 986; x_wconf 63' lang='lat' dir='ltr'><strong>Haerentes</strong></span> 
     </span>
    </p>
   </div>
   <div class='ocr_carea' id='block_1_11' title="bbox 572 1026 2166 1099">
    <p class='ocr_par' dir='ltr' id='par_1_11' title="bbox 572 1026 2166 1099">
     <span class='ocr_line' id='line_1_11' title="bbox 572 1026 2166 1099; baseline -0.004 -13"><span class='ocrx_word' id='word_1_55' title='bbox 572 1031 750 1086; x_wconf 82' lang='lat' dir='ltr'><strong>solent</strong></span> <span class='ocrx_word' id='word_1_56' title='bbox 777 1030 995 1086; x_wconf 88' lang='lat' dir='ltr'><strong>deserta</strong></span> <span class='ocrx_word' id='word_1_57' title='bbox 1018 1030 1138 1084; x_wconf 89' lang='lat' dir='ltr'><strong>loca</strong></span> <span class='ocrx_word' id='word_1_58' title='bbox 1158 1039 1362 1099; x_wconf 83' lang='lat' dir='ltr'><strong>petere,</strong></span> <span class='ocrx_word' id='word_1_59' title='bbox 1394 1038 1446 1082; x_wconf 91' lang='lat' dir='ltr'><strong>et</strong></span> <span class='ocrx_word' id='word_1_60' title='bbox 1470 1028 1542 1081; x_wconf 86' lang='lat' dir='ltr'><strong>ibi</strong></span> <span class='ocrx_word' id='word_1_61' title='bbox 1562 1042 1690 1081; x_wconf 87' lang='lat' dir='ltr'><strong>suas</strong></span> <span class='ocrx_word' id='word_1_62' title='bbox 1707 1026 2047 1080; x_wconf 79' lang='lat' dir='ltr'><strong>calamitates</strong></span> <span class='ocrx_word' id='word_1_63' title='bbox 2069 1026 2166 1079; x_wconf 87' lang='lat' dir='ltr'><strong>de-</strong></span> 
     </span>
    </p>
   </div>
   <div class='ocr_carea' id='block_1_12' title="bbox 571 1117 2166 1191">
    <p class='ocr_par' dir='ltr' id='par_1_12' title="bbox 571 1117 2166 1191">
     <span class='ocr_line' id='line_1_12' title="bbox 571 1117 2166 1191; baseline -0.003 -15"><span class='ocrx_word' id='word_1_64' title='bbox 571 1121 808 1190; x_wconf 84' lang='lat' dir='ltr'><strong>plorare.</strong></span> <span class='ocrx_word' id='word_1_65' title='bbox 834 1120 896 1174; x_wconf 92' lang='lat' dir='ltr'><strong>lli</strong></span> <span class='ocrx_word' id='word_1_66' title='bbox 943 1119 1109 1191; x_wconf 71' lang='lat' dir='ltr'><strong>igitur</strong></span> <span class='ocrx_word' id='word_1_67' title='bbox 1131 1119 1199 1173; x_wconf 87' lang='lat' dir='ltr'><strong>ad</strong></span> <span class='ocrx_word' id='word_1_68' title='bbox 1231 1119 1377 1186; x_wconf 85' lang='lat' dir='ltr'><strong>ripas</strong></span> <span class='ocrx_word' id='word_1_69' title='bbox 1417 1117 1713 1172; x_wconf 86' lang='lat' dir='ltr'><strong>ﬂuviorum</strong></span> <span class='ocrx_word' id='word_1_70' title='bbox 1745 1117 2082 1180; x_wconf 80' lang='lat' dir='ltr'><strong>assidentes,</strong></span> <span class='ocrx_word' id='word_1_71' title='bbox 2112 1125 2166 1171; x_wconf 90' lang='lat' dir='ltr'><strong>et</strong></span> 
     </span>
    </p>
   </div>
   <div class='ocr_carea' id='block_1_13' title="bbox 572 1210 2168 1283">
    <p class='ocr_par' dir='ltr' id='par_1_13' title="bbox 572 1210 2168 1283">
     <span class='ocr_line' id='line_1_13' title="bbox 572 1210 2168 1283; baseline -0.001 -15"><span class='ocrx_word' id='word_1_72' title='bbox 572 1229 686 1269; x_wconf 77' lang='lat' dir='ltr'><strong>sua:</strong></span> <span class='ocrx_word' id='word_1_73' title='bbox 715 1213 1033 1283; x_wconf 79' lang='lat' dir='ltr'><strong>metropolis</strong></span> <span class='ocrx_word' id='word_1_74' title='bbox 1088 1212 1444 1267; x_wconf 86' lang='lat' dir='ltr'><strong>solitudinem</strong></span> <span class='ocrx_word' id='word_1_75' title='bbox 1484 1210 1913 1278; x_wconf 89' lang='lat' dir='ltr'><strong>perpendentes,</strong></span> <span class='ocrx_word' id='word_1_76' title='bbox 1968 1211 2168 1266; x_wconf 77' lang='lat' dir='ltr'><strong>tntiltas</strong></span> 
     </span>
    </p>
   </div>
   <div class='ocr_carea' id='block_1_14' title="bbox 572 1305 2165 1378">
    <p class='ocr_par' dir='ltr' id='par_1_14' title="bbox 572 1305 2165 1378">
     <span class='ocr_line' id='line_1_14' title="bbox 572 1305 2165 1378; baseline -0.002 -18"><span class='ocrx_word' id='word_1_77' title='bbox 572 1305 975 1376; x_wconf 81' lang='lat' dir='ltr'><strong>profundebant</strong></span> <span class='ocrx_word' id='word_1_78' title='bbox 1018 1306 1312 1378; x_wconf 79' lang='lat' dir='ltr'><strong>lacrymas,</strong></span> <span class='ocrx_word' id='word_1_79' title='bbox 1367 1308 1660 1363; x_wconf 77' lang='lat' dir='ltr'><strong>ﬂuviorum</strong></span> <span class='ocrx_word' id='word_1_80' title='bbox 1709 1306 1910 1360; x_wconf 81' lang='lat' dir='ltr'><strong>ﬂuenta</strong></span> <span class='ocrx_word' id='word_1_81' title='bbox 1943 1307 2165 1360; x_wconf 75' lang='lat' dir='ltr'><strong>imitan-</strong></span> 
     </span>
    </p>
   </div>
   <div class='ocr_carea' id='block_1_15' title="bbox 571 1410 675 1454">
    <p class='ocr_par' dir='ltr' id='par_1_15' title="bbox 571 1410 675 1454">
     <span class='ocr_line' id='line_1_15' title="bbox 571 1410 675 1454; baseline -0.01 -1"><span class='ocrx_word' id='word_1_82' title='bbox 571 1410 653 1454; x_wconf 81' lang='lat' dir='ltr'><strong>tes</strong></span> <span class='ocrx_word' id='word_1_83' title='bbox 660 1439 675 1452; x_wconf 89' lang='lat'><strong>.</strong></span> 
     </span>
    </p>
   </div>
   <div class='ocr_carea' id='block_1_16' title="bbox 650 1599 2165 1670">
    <p class='ocr_par' dir='ltr' id='par_1_16' title="bbox 650 1599 2165 1670">
     <span class='ocr_line' id='line_1_16' title="bbox 650 1599 2165 1670; baseline 0 -17"><span class='ocrx_word' id='word_1_84' title='bbox 650 1601 818 1655; x_wconf 71' lang='lat' dir='ltr'><strong>Vens.</strong></span> <span class='ocrx_word' id='word_1_85' title='bbox 853 1600 907 1654; x_wconf 69' lang='grc'><strong>2.</strong></span> <span class='ocrx_word' id='word_1_86' title='bbox 963 1620 982 1652; x_wconf 82' lang='grc' dir='ltr'><strong>ι</strong></span> <span class='ocrx_word' id='word_1_87' title='bbox 1022 1599 1078 1654; x_wconf 93' lang='lat' dir='ltr'><strong>ln</strong></span> <span class='ocrx_word' id='word_1_88' title='bbox 1123 1600 1387 1655; x_wconf 82' lang='lat' dir='ltr'><strong>salicibus</strong></span> <span class='ocrx_word' id='word_1_89' title='bbox 1417 1600 1471 1653; x_wconf 90' lang='lat' dir='ltr'><strong>in</strong></span> <span class='ocrx_word' id='word_1_90' title='bbox 1509 1601 1687 1655; x_wconf 88' lang='lat' dir='ltr'><strong>medio</strong></span> <span class='ocrx_word' id='word_1_91' title='bbox 1718 1602 1837 1670; x_wconf 87' lang='lat' dir='ltr'><strong>ejus</strong></span> <span class='ocrx_word' id='word_1_92' title='bbox 1872 1601 2165 1669; x_wconf 85' lang='lat' dir='ltr'><strong>suspendi-</strong></span> 
     </span>
    </p>
   </div>
   <div class='ocr_carea' id='block_1_17' title="bbox 573 1689 2164 1762">
    <p class='ocr_par' dir='ltr' id='par_1_17' title="bbox 573 1689 2164 1762">
     <span class='ocr_line' id='line_1_17' title="bbox 573 1689 2164 1762; baseline 0 -16"><span class='ocrx_word' id='word_1_93' title='bbox 573 1707 703 1747; x_wconf 89' lang='lat' dir='ltr'><strong>mus</strong></span> <span class='ocrx_word' id='word_1_94' title='bbox 741 1707 947 1762; x_wconf 80' lang='lat' dir='ltr'><strong>organa</strong></span> <span class='ocrx_word' id='word_1_95' title='bbox 981 1701 1194 1745; x_wconf 85' lang='lat' dir='ltr'><strong>nostra.</strong></span> <span class='ocrx_word' id='word_1_96' title='bbox 1237 1710 1254 1743; x_wconf 76' lang='grc' dir='ltr'><strong>ι</strong></span> <span class='ocrx_word' id='word_1_97' title='bbox 1285 1689 1739 1760; x_wconf 84' lang='lat' dir='ltr'><strong>Quandoquidem</strong></span> <span class='ocrx_word' id='word_1_98' title='bbox 1782 1692 2001 1760; x_wconf 83' lang='lat' dir='ltr'><strong>penitus</strong></span> <span class='ocrx_word' id='word_1_99' title='bbox 2030 1692 2164 1760; x_wconf 88' lang='lat' dir='ltr'><strong>ipsis</strong></span> 
     </span>
    </p>
   </div>
   <div class='ocr_carea' id='block_1_18' title="bbox 2262 467 3819 545">
    <p class='ocr_par' dir='ltr' id='par_1_18' title="bbox 2262 467 3819 545">
     <span class='ocr_line' id='line_1_18' title="bbox 2262 467 3819 545; baseline 0.003 -21"><span class='ocrx_word' id='word_1_100' title='bbox 2262 473 2522 545; x_wconf 78' lang='grc' dir='ltr'><strong>προφήτῃ</strong></span> <span class='ocrx_word' id='word_1_101' title='bbox 2574 471 2869 542; x_wconf 77' lang='grc' dir='ltr'>προσήκει,</span> <span class='ocrx_word' id='word_1_102' title='bbox 2909 469 3071 541; x_wconf 76' lang='grc' dir='ltr'>δῆλον</span> <span class='ocrx_word' id='word_1_103' title='bbox 3120 471 3184 522; x_wconf 89' lang='grc' dir='ltr'><strong>ἐκ</strong></span> <span class='ocrx_word' id='word_1_104' title='bbox 3224 467 3332 521; x_wconf 85' lang='grc' dir='ltr'><strong>τῶν</strong></span> <span class='ocrx_word' id='word_1_105' title='bbox 3366 472 3680 541; x_wconf 76' lang='grc' dir='ltr'><strong>εἰρημένων.</strong></span> <span class='ocrx_word' id='word_1_106' title='bbox 3722 475 3819 529; x_wconf 83' lang='grc' dir='ltr'><strong>Σα-</strong></span> 
     </span>
    </p>
   </div>
   <div class='ocr_carea' id='block_1_19' title="bbox 2261 561 3816 637">
    <p class='ocr_par' dir='ltr' id='par_1_19' title="bbox 2261 561 3816 637">
     <span class='ocr_line' id='line_1_19' title="bbox 2261 561 3816 637; baseline -0.007 -17"><span class='ocrx_word' id='word_1_107' title='bbox 2261 563 2368 634; x_wconf 70' lang='lat' dir='ltr'><strong>cpi];</strong></span> <span class='ocrx_word' id='word_1_108' title='bbox 2425 564 2483 617; x_wconf 87' lang='grc' dir='ltr'>δὲ</span> <span class='ocrx_word' id='word_1_109' title='bbox 2531 565 2681 633; x_wconf 84' lang='grc' dir='ltr'>ὅμως</span> <span class='ocrx_word' id='word_1_110' title='bbox 2726 562 2822 616; x_wconf 74' lang='grc' dir='ltr'>τοῦ</span> <span class='ocrx_word' id='word_1_111' title='bbox 2859 561 3080 633; x_wconf 54' lang='grc' dir='ltr'>ψαλμοῦ</span> <span class='ocrx_word' id='word_1_112' title='bbox 3124 564 3158 631; x_wconf 87' lang='grc' dir='ltr'><strong>ή</strong></span> <span class='ocrx_word' id='word_1_113' title='bbox 3192 561 3465 626; x_wconf 84' lang='grc' dir='ltr'>ὑπόθεσις.</span> <span class='ocrx_word' id='word_1_114' title='bbox 3500 565 3560 617; x_wconf 83' lang='lat' dir='ltr'><strong>Ol</strong></span> <span class='ocrx_word' id='word_1_115' title='bbox 3586 565 3689 637; x_wconf 84' lang='grc' dir='ltr'>γὰρ</span> <span class='ocrx_word' id='word_1_116' title='bbox 3718 569 3816 620; x_wconf 84' lang='grc' dir='ltr'><strong>ἀπ-</strong></span> 
     </span>
    </p>
   </div>
   <div class='ocr_carea' id='block_1_20' title="bbox 2261 653 3818 727">
    <p class='ocr_par' dir='ltr' id='par_1_20' title="bbox 2261 653 3818 727">
     <span class='ocr_line' id='line_1_20' title="bbox 2261 653 3818 727; baseline -0.001 -17"><span class='ocrx_word' id='word_1_117' title='bbox 2261 656 2520 727; x_wconf 86' lang='grc' dir='ltr'>αχθέντες</span> <span class='ocrx_word' id='word_1_118' title='bbox 2541 656 2631 724; x_wconf 85' lang='grc' dir='ltr'><strong>αἰχ</strong></span> <span class='ocrx_word' id='word_1_119' title='bbox 2641 654 2903 725; x_wconf 87' lang='grc' dir='ltr'>μάλωτοι,</span> <span class='ocrx_word' id='word_1_120' title='bbox 2933 654 3029 707; x_wconf 80' lang='grc' dir='ltr'>καὶ</span> <span class='ocrx_word' id='word_1_121' title='bbox 3058 657 3157 725; x_wconf 86' lang='grc' dir='ltr'><strong>τῆς</strong></span> <span class='ocrx_word' id='word_1_122' title='bbox 3178 653 3440 706; x_wconf 80' lang='grc' dir='ltr'><strong>ἐπανόδου</strong></span> <span class='ocrx_word' id='word_1_123' title='bbox 3462 657 3818 727; x_wconf 76' lang='grc' dir='ltr'><strong>τετυχηκότες,</strong></span> 
     </span>
    </p>
   </div>
   <div class='ocr_carea' id='block_1_21' title="bbox 2262 743 3510 817">
    <p class='ocr_par' dir='ltr' id='par_1_21' title="bbox 2262 743 3510 817">
     <span class='ocr_line' id='line_1_21' title="bbox 2262 743 3510 817; baseline -0.001 -18"><span class='ocrx_word' id='word_1_124' title='bbox 2262 745 2579 817; x_wconf 78' lang='grc' dir='ltr'><strong>διηγοῦνται</strong></span> <span class='ocrx_word' id='word_1_125' title='bbox 2600 748 2671 798; x_wconf 82' lang='grc' dir='ltr'>τὰ</span> <span class='ocrx_word' id='word_1_126' title='bbox 2698 747 2757 798; x_wconf 83' lang='grc' dir='ltr'><strong>ἐν</strong></span> <span class='ocrx_word' id='word_1_127' title='bbox 2787 745 3068 798; x_wconf 85' lang='grc' dir='ltr'>Βαϐυλῶνι</span> <span class='ocrx_word' id='word_1_128' title='bbox 3104 743 3510 815; x_wconf 84' lang='grc' dir='ltr'>συμϐεϐηκότα.</span> 
     </span>
    </p>
   </div>
   <div class='ocr_carea' id='block_1_22' title="bbox 2335 835 3821 908">
    <p class='ocr_par' dir='ltr' id='par_1_22' title="bbox 2335 835 3821 908">
     <span class='ocr_line' id='line_1_22' title="bbox 2335 835 3821 908; baseline -0.001 -17"><span class='ocrx_word' id='word_1_129' title='bbox 2335 843 2405 891; x_wconf 86' lang='grc' dir='ltr'><strong>α’.</strong></span> <span class='ocrx_word' id='word_1_130' title='bbox 2431 857 2449 889; x_wconf 81' lang='grc' dir='ltr'><strong>ι</strong></span> <span class='ocrx_word' id='word_1_131' title='bbox 2480 836 2606 890; x_wconf 75' lang='grc' dir='ltr'>Ἐπὶ</span> <span class='ocrx_word' id='word_1_132' title='bbox 2631 836 2738 889; x_wconf 89' lang='grc' dir='ltr'><strong>τῶν</strong></span> <span class='ocrx_word' id='word_1_133' title='bbox 2764 835 3026 908; x_wconf 80' lang='grc' dir='ltr'><strong>ποταμῶν</strong></span> <span class='ocrx_word' id='word_1_134' title='bbox 3062 835 3404 901; x_wconf 81' lang='grc' dir='ltr'>Βαϐυλῶνος,</span> <span class='ocrx_word' id='word_1_135' title='bbox 3442 837 3556 887; x_wconf 81' lang='grc' dir='ltr'>ἐκεῖ</span> <span class='ocrx_word' id='word_1_136' title='bbox 3582 836 3821 891; x_wconf 59' lang='lat' dir='ltr'><strong>metu-</strong></span> 
     </span>
    </p>
   </div>
   <div class='ocr_carea' id='block_1_23' title="bbox 2269 931 3821 1005">
    <p class='ocr_par' dir='ltr' id='par_1_23' title="bbox 2269 931 3821 1005">
     <span class='ocr_line' id='line_1_23' title="bbox 2269 931 3821 1005; baseline -0.002 -18"><span class='ocrx_word' id='word_1_137' title='bbox 2269 951 2392 1005; x_wconf 85' lang='grc' dir='ltr'>μεν,</span> <span class='ocrx_word' id='word_1_138' title='bbox 2435 936 2530 989; x_wconf 79' lang='grc' dir='ltr'>καὶ</span> <span class='ocrx_word' id='word_1_139' title='bbox 2578 933 2948 1004; x_wconf 83' lang='grc' dir='ltr'>ὲκλαύσαμεν,</span> <span class='ocrx_word' id='word_1_140' title='bbox 2982 935 3040 986; x_wconf 83' lang='grc' dir='ltr'><strong>ἐν</strong></span> <span class='ocrx_word' id='word_1_141' title='bbox 3085 931 3162 1003; x_wconf 82' lang='grc' dir='ltr'><strong>τῷ</strong></span> <span class='ocrx_word' id='word_1_142' title='bbox 3207 932 3510 1003; x_wconf 77' lang='grc' dir='ltr'>μνησθῆναι</span> <span class='ocrx_word' id='word_1_143' title='bbox 3549 934 3691 1003; x_wconf 82' lang='grc' dir='ltr'>ἡμᾶς</span> <span class='ocrx_word' id='word_1_144' title='bbox 3734 934 3821 1003; x_wconf 76' lang='grc' dir='ltr'>τῆς</span> 
     </span>
    </p>
   </div>
   <div class='ocr_carea' id='block_1_24' title="bbox 2265 1025 3826 1096">
    <p class='ocr_par' dir='ltr' id='par_1_24' title="bbox 2265 1025 3826 1096">
     <span class='ocr_line' id='line_1_24' title="bbox 2265 1025 3826 1096; baseline -0.003 -15"><span class='ocrx_word' id='word_1_145' title='bbox 2265 1029 2426 1085; x_wconf 86' lang='grc' dir='ltr'>Σιών.</span> <span class='ocrx_word' id='word_1_146' title='bbox 2453 1047 2471 1079; x_wconf 74' lang='grc' dir='ltr'><strong>ι</strong></span> <span class='ocrx_word' id='word_1_147' title='bbox 2506 1029 2569 1081; x_wconf 87' lang='lat' dir='ltr'><strong>Ol.</strong></span> <span class='ocrx_word' id='word_1_148' title='bbox 2600 1026 2937 1096; x_wconf 81' lang='grc' dir='ltr'><strong>ἀθυμοῦντες</strong></span> <span class='ocrx_word' id='word_1_149' title='bbox 2963 1025 3187 1079; x_wconf 77' lang='grc' dir='ltr'>εἰώθασι</span> <span class='ocrx_word' id='word_1_150' title='bbox 3216 1025 3285 1078; x_wconf 84' lang='grc' dir='ltr'>τὰ</span> <span class='ocrx_word' id='word_1_151' title='bbox 3342 1025 3647 1095; x_wconf 80' lang='grc' dir='ltr'><strong>ἐρημότερα</strong></span> <span class='ocrx_word' id='word_1_152' title='bbox 3673 1042 3826 1077; x_wconf 85' lang='grc' dir='ltr'>κατα-</span> 
     </span>
    </p>
   </div>
   <div class='ocr_carea' id='block_1_25' title="bbox 2266 1115 3826 1190">
    <p class='ocr_par' dir='ltr' id='par_1_25' title="bbox 2266 1115 3826 1190">
     <span class='ocr_line' id='line_1_25' title="bbox 2266 1115 3826 1190; baseline -0.004 -17"><span class='ocrx_word' id='word_1_153' title='bbox 2266 1120 2565 1190; x_wconf 86' lang='grc' dir='ltr'>λαμϐάνειν</span> <span class='ocrx_word' id='word_1_154' title='bbox 2622 1120 2821 1190; x_wconf 85' lang='grc' dir='ltr'>χωρία,</span> <span class='ocrx_word' id='word_1_155' title='bbox 2879 1120 3042 1172; x_wconf 88' lang='grc' dir='ltr'>κάκεῖ</span> <span class='ocrx_word' id='word_1_156' title='bbox 3095 1117 3195 1181; x_wconf 87' lang='grc' dir='ltr'>τὰς</span> <span class='ocrx_word' id='word_1_157' title='bbox 3242 1118 3446 1179; x_wconf 80' lang='grc' dir='ltr'><strong>οἰκείας</strong></span> <span class='ocrx_word' id='word_1_158' title='bbox 3488 1115 3826 1187; x_wconf 68' lang='grc' dir='ltr'><strong>ὀλοφύρεσθαι</strong></span> 
     </span>
    </p>
   </div>
   <div class='ocr_carea' id='block_1_26' title="bbox 2268 1202 3827 1283">
    <p class='ocr_par' dir='ltr' id='par_1_26' title="bbox 2268 1202 3827 1283">
     <span class='ocr_line' id='line_1_26' title="bbox 2268 1202 3827 1283; baseline -0.002 -19"><span class='ocrx_word' id='word_1_159' title='bbox 2268 1212 2577 1283; x_wconf 79' lang='grc' dir='ltr'>συμφοράς.</span> <span class='ocrx_word' id='word_1_160' title='bbox 2608 1212 2720 1264; x_wconf 74' lang='grc' dir='ltr'><strong>Καὶ</strong></span> <span class='ocrx_word' id='word_1_161' title='bbox 2741 1202 2887 1264; x_wconf 76' lang='grc' dir='ltr'>οὗτοι</span> <span class='ocrx_word' id='word_1_162' title='bbox 2910 1210 3087 1264; x_wconf 78' lang='grc' dir='ltr'>τοίνυν</span> <span class='ocrx_word' id='word_1_163' title='bbox 3110 1211 3228 1273; x_wconf 88' lang='grc' dir='ltr'>ταῖς</span> <span class='ocrx_word' id='word_1_164' title='bbox 3254 1209 3439 1281; x_wconf 72' lang='grc' dir='ltr'>ὄχθαις</span> <span class='ocrx_word' id='word_1_165' title='bbox 3460 1208 3566 1277; x_wconf 86' lang='grc' dir='ltr'><strong>τῶν</strong></span> <span class='ocrx_word' id='word_1_166' title='bbox 3587 1208 3827 1278; x_wconf 80' lang='grc' dir='ltr'>ποταμῶν</span> 
     </span>
    </p>
   </div>
   <div class='ocr_carea' id='block_1_27' title="bbox 2266 1301 3826 1376">
    <p class='ocr_par' dir='ltr' id='par_1_27' title="bbox 2266 1301 3826 1376">
     <span class='ocr_line' id='line_1_27' title="bbox 2266 1301 3826 1376; baseline -0.004 -18"><span class='ocrx_word' id='word_1_167' title='bbox 2266 1305 2741 1376; x_wconf 81' lang='grc' dir='ltr'>προσκαθήμενοι,</span> <span class='ocrx_word' id='word_1_168' title='bbox 2779 1302 3002 1374; x_wconf 74' lang='grc' dir='ltr'>καὶτῆς</span> <span class='ocrx_word' id='word_1_169' title='bbox 3041 1303 3426 1374; x_wconf 79' lang='grc' dir='ltr'>μητροπόλεως</span> <span class='ocrx_word' id='word_1_170' title='bbox 3474 1302 3650 1356; x_wconf 79' lang='grc' dir='ltr'>αὐτῶν</span> <span class='ocrx_word' id='word_1_171' title='bbox 3694 1301 3826 1367; x_wconf 69' lang='grc' dir='ltr'>λογι-</span> 
     </span>
    </p>
   </div>
   <div class='ocr_carea' id='block_1_28' title="bbox 2268 1387 3829 1467">
    <p class='ocr_par' dir='ltr' id='par_1_28' title="bbox 2268 1387 3829 1467">
     <span class='ocr_line' id='line_1_28' title="bbox 2268 1387 3829 1467; baseline -0.004 -19"><span class='ocrx_word' id='word_1_172' title='bbox 2268 1387 2487 1467; x_wconf 81' lang='grc' dir='ltr'>ζόμενοι</span> <span class='ocrx_word' id='word_1_173' title='bbox 2536 1397 2635 1467; x_wconf 82' lang='grc' dir='ltr'><strong>τήν</strong></span> <span class='ocrx_word' id='word_1_174' title='bbox 2669 1394 2933 1467; x_wconf 76' lang='grc' dir='ltr'>ἐρημίαν,</span> <span class='ocrx_word' id='word_1_175' title='bbox 2975 1394 3153 1448; x_wconf 88' lang='grc' dir='ltr'>πολλά</span> <span class='ocrx_word' id='word_1_176' title='bbox 3192 1395 3456 1465; x_wconf 85' lang='grc' dir='ltr'>προέχεον</span> <span class='ocrx_word' id='word_1_177' title='bbox 3485 1394 3707 1464; x_wconf 83' lang='grc' dir='ltr'>δάκρυα,</span> <span class='ocrx_word' id='word_1_178' title='bbox 3734 1393 3829 1444; x_wconf 75' lang='grc' dir='ltr'><strong>τῶν</strong></span> 
     </span>
    </p>
   </div>
   <div class='ocr_carea' id='block_1_29' title="bbox 2268 1486 3202 1559">
    <p class='ocr_par' dir='ltr' id='par_1_29' title="bbox 2268 1486 3202 1559">
     <span class='ocr_line' id='line_1_29' title="bbox 2268 1486 3202 1559; baseline 0.002 -18"><span class='ocrx_word' id='word_1_179' title='bbox 2268 1486 2530 1559; x_wconf 85' lang='grc' dir='ltr'>ποταμῶν</span> <span class='ocrx_word' id='word_1_180' title='bbox 2567 1489 2898 1559; x_wconf 83' lang='grc' dir='ltr'>μιμούμενοι</span> <span class='ocrx_word' id='word_1_181' title='bbox 2931 1486 3202 1558; x_wconf 81' lang='grc' dir='ltr'>ῥεύματα.</span> 
     </span>
    </p>
   </div>
   <div class='ocr_carea' id='block_1_30' title="bbox 2342 1599 3829 1675">
    <p class='ocr_par' dir='ltr' id='par_1_30' title="bbox 2342 1599 3829 1675">
     <span class='ocr_line' id='line_1_30' title="bbox 2342 1599 3829 1675; baseline -0.005 -17"><span class='ocrx_word' id='word_1_182' title='bbox 2342 1604 2407 1675; x_wconf 83' lang='grc' dir='ltr'><strong>β’.</strong></span> <span class='ocrx_word' id='word_1_183' title='bbox 2441 1624 2460 1655; x_wconf 88' lang='grc'><em>‹</em></span> <span class='ocrx_word' id='word_1_184' title='bbox 2502 1602 2629 1655; x_wconf 76' lang='grc' dir='ltr'>Ἐπὶ</span> <span class='ocrx_word' id='word_1_185' title='bbox 2650 1606 2768 1665; x_wconf 82' lang='grc' dir='ltr'>ταῖς</span> <span class='ocrx_word' id='word_1_186' title='bbox 2799 1602 2970 1664; x_wconf 86' lang='grc' dir='ltr'>ἰτέαις</span> <span class='ocrx_word' id='word_1_187' title='bbox 2998 1602 3057 1654; x_wconf 81' lang='grc' dir='ltr'><strong>ἐν</strong></span> <span class='ocrx_word' id='word_1_188' title='bbox 3086 1601 3240 1671; x_wconf 82' lang='grc' dir='ltr'><strong>μέσῳ</strong></span> <span class='ocrx_word' id='word_1_189' title='bbox 3260 1599 3439 1670; x_wconf 40' lang='grc' dir='ltr'>,αὐτῆς</span> <span class='ocrx_word' id='word_1_190' title='bbox 3463 1601 3829 1670; x_wconf 80' lang='grc' dir='ltr'>ἐκρεμάσαμεν</span> 
     </span>
    </p>
   </div>
   <div class='ocr_carea' id='block_1_31' title="bbox 2266 1689 3832 1767">
    <p class='ocr_par' dir='ltr' id='par_1_31' title="bbox 2266 1689 3832 1767">
     <span class='ocr_line' id='line_1_31' title="bbox 2266 1689 3832 1767; baseline -0.004 -17"><span class='ocrx_word' id='word_1_191' title='bbox 2266 1698 2337 1752; x_wconf 78' lang='grc' dir='ltr'>τὰ</span> <span class='ocrx_word' id='word_1_192' title='bbox 2366 1697 2577 1767; x_wconf 76' lang='grc' dir='ltr'>ὄργανα</span> <span class='ocrx_word' id='word_1_193' title='bbox 2604 1694 2784 1766; x_wconf 88' lang='grc' dir='ltr'>ήμῶν.</span> <span class='ocrx_word' id='word_1_194' title='bbox 2818 1714 2836 1746; x_wconf 73' lang='grc' dir='ltr'><strong>ι</strong></span> <span class='ocrx_word' id='word_1_195' title='bbox 2872 1696 3157 1765; x_wconf 80' lang='grc' dir='ltr'>Ἀχρηστα</span> <span class='ocrx_word' id='word_1_196' title='bbox 3196 1692 3305 1763; x_wconf 85' lang='grc' dir='ltr'>γὰρ</span> <span class='ocrx_word' id='word_1_197' title='bbox 3332 1693 3515 1755; x_wconf 74' lang='grc' dir='ltr'>αὐτοῖς</span> <span class='ocrx_word' id='word_1_198' title='bbox 3549 1689 3614 1762; x_wconf 80' lang='grc' dir='ltr'><strong>ήν</strong></span> <span class='ocrx_word' id='word_1_199' title='bbox 3648 1708 3832 1746; x_wconf 86' lang='grc' dir='ltr'>παντε-</span> 
     </span>
    </p>
   </div>
   <div class='ocr_carea' id='block_1_32' title="bbox 574 1779 2169 1857">
    <p class='ocr_par' dir='ltr' id='par_1_32' title="bbox 574 1785 2164 1857">
     <span class='ocr_line' id='line_1_32' title="bbox 574 1785 2164 1857; baseline -0.001 -16"><span class='ocrx_word' id='word_1_200' title='bbox 574 1786 793 1841; x_wconf 89' lang='lat' dir='ltr'><strong>inutilia</strong></span> <span class='ocrx_word' id='word_1_201' title='bbox 850 1795 1029 1848; x_wconf 89' lang='lat' dir='ltr'><strong>erant,</strong></span> <span class='ocrx_word' id='word_1_202' title='bbox 1065 1801 1189 1840; x_wconf 90' lang='lat' dir='ltr'><strong>cum</strong></span> <span class='ocrx_word' id='word_1_203' title='bbox 1242 1785 1326 1843; x_wconf 84' lang='lat' dir='ltr'><strong>lex</strong></span> <span class='ocrx_word' id='word_1_204' title='bbox 1358 1785 1659 1857; x_wconf 80' lang='lat' dir='ltr'><strong>praecipiat,</strong></span> <span class='ocrx_word' id='word_1_205' title='bbox 1694 1795 1753 1839; x_wconf 90' lang='lat' dir='ltr'><strong>ut</strong></span> <span class='ocrx_word' id='word_1_206' title='bbox 1806 1786 1860 1839; x_wconf 92' lang='lat' dir='ltr'><strong>in</strong></span> <span class='ocrx_word' id='word_1_207' title='bbox 1904 1800 2015 1839; x_wconf 89' lang='lat' dir='ltr'><strong>uno</strong></span> <span class='ocrx_word' id='word_1_208' title='bbox 2043 1786 2164 1840; x_wconf 91' lang='lat' dir='ltr'><strong>loco</strong></span> 
     </span>
    </p>
   </div>
   <div class='ocr_carea' id='block_1_33' title="bbox 2271 1779 3832 1857">
    <p class='ocr_par' dir='ltr' id='par_1_33' title="bbox 2271 1783 3832 1857">
     <span class='ocr_line' id='line_1_33' title="bbox 2271 1783 3832 1857; baseline -0.004 -15"><span class='ocrx_word' id='word_1_209' title='bbox 2271 1789 2376 1852; x_wconf 85' lang='grc' dir='ltr'><strong>λῶς</strong></span> <span class='ocrx_word' id='word_1_210' title='bbox 2401 1789 2471 1853; x_wconf 80' lang='grc'>³⁵,</span> <span class='ocrx_word' id='word_1_211' title='bbox 2518 1787 2616 1841; x_wconf 84' lang='grc' dir='ltr'>τοῦ</span> <span class='ocrx_word' id='word_1_212' title='bbox 2674 1786 2839 1857; x_wconf 85' lang='grc' dir='ltr'>νόμου</span> <span class='ocrx_word' id='word_1_213' title='bbox 2886 1784 3299 1857; x_wconf 81' lang='grc' dir='ltr'>διαγορεύοντος</span> <span class='ocrx_word' id='word_1_214' title='bbox 3350 1786 3408 1838; x_wconf 88' lang='grc' dir='ltr'><strong>ἐν</strong></span> <span class='ocrx_word' id='word_1_215' title='bbox 3450 1785 3529 1838; x_wconf 80' lang='grc' dir='ltr'>ἐνὶ</span> <span class='ocrx_word' id='word_1_216' title='bbox 3571 1785 3715 1855; x_wconf 85' lang='grc' dir='ltr'>τόπῳ</span> <span class='ocrx_word' id='word_1_217' title='bbox 3745 1783 3832 1855; x_wconf 77' lang='grc' dir='ltr'><strong>τὴν</strong></span> 
     </span>
    </p>
   </div>
   <div class='ocr_carea' id='block_1_34' title="bbox 574 1877 1125 1947">
    <p class='ocr_par' dir='ltr' id='par_1_34' title="bbox 574 1877 1125 1947">
     <span class='ocr_line' id='line_1_34' title="bbox 574 1877 1125 1947; baseline 0 -14"><span class='ocrx_word' id='word_1_218' title='bbox 574 1879 758 1933; x_wconf 91' lang='lat' dir='ltr'><strong>cultus</strong></span> <span class='ocrx_word' id='word_1_219' title='bbox 791 1877 1125 1947; x_wconf 81' lang='lat' dir='ltr'><strong>perﬁciatur.</strong></span> 
     </span>
    </p>
   </div>
   <div class='ocr_carea' id='block_1_35' title="bbox 652 1987 2162 2062">
    <p class='ocr_par' dir='ltr' id='par_1_35' title="bbox 652 1987 2162 2062">
     <span class='ocr_line' id='line_1_35' title="bbox 652 1987 2162 2062; baseline -0.002 -18"><span class='ocrx_word' id='word_1_220' title='bbox 652 1989 816 2045; x_wconf 76' lang='lat' dir='ltr'><strong>Vens.</strong></span> <span class='ocrx_word' id='word_1_221' title='bbox 857 1991 911 2045; x_wconf 79' lang='grc'><strong>5.</strong></span> <span class='ocrx_word' id='word_1_222' title='bbox 964 2010 982 2041; x_wconf 81' lang='grc' dir='ltr'><strong>ι</strong></span> <span class='ocrx_word' id='word_1_223' title='bbox 1030 1989 1169 2057; x_wconf 88' lang='lat' dir='ltr'><strong>Quia</strong></span> <span class='ocrx_word' id='word_1_224' title='bbox 1227 1990 1301 2045; x_wconf 90' lang='lat' dir='ltr'><strong>ibi</strong></span> <span class='ocrx_word' id='word_1_225' title='bbox 1353 1991 1833 2062; x_wconf 82' lang='lat' dir='ltr'><strong>interrogaverunt</strong></span> <span class='ocrx_word' id='word_1_226' title='bbox 1884 2004 2006 2055; x_wconf 90' lang='lat' dir='ltr'><strong>nos,</strong></span> <span class='ocrx_word' id='word_1_227' title='bbox 2068 1987 2162 2057; x_wconf 86' lang='lat' dir='ltr'><strong>qui</strong></span> 
     </span>
    </p>
   </div>
   <div class='ocr_carea' id='block_1_36' title="bbox 576 2079 2164 2153">
    <p class='ocr_par' dir='ltr' id='par_1_36' title="bbox 576 2079 2164 2153">
     <span class='ocr_line' id='line_1_36' title="bbox 576 2079 2164 2153; baseline -0.005 -14"><span class='ocrx_word' id='word_1_228' title='bbox 576 2083 825 2153; x_wconf 86' lang='lat' dir='ltr'><strong>captivos</strong></span> <span class='ocrx_word' id='word_1_229' title='bbox 867 2082 1148 2137; x_wconf 75' lang='lat' dir='ltr'><strong>duxerunt</strong></span> <span class='ocrx_word' id='word_1_230' title='bbox 1195 2098 1321 2149; x_wconf 91' lang='lat' dir='ltr'><strong>nos,</strong></span> <span class='ocrx_word' id='word_1_231' title='bbox 1371 2083 1535 2137; x_wconf 82' lang='lat' dir='ltr'><strong>verba</strong></span> <span class='ocrx_word' id='word_1_232' title='bbox 1581 2083 1902 2137; x_wconf 88' lang='lat' dir='ltr'><strong>cantionum</strong></span> <span class='ocrx_word' id='word_1_233' title='bbox 1940 2088 2032 2135; x_wconf 89' lang='lat' dir='ltr'><strong>:et</strong></span> <span class='ocrx_word' id='word_1_234' title='bbox 2071 2079 2164 2149; x_wconf 86' lang='lat' dir='ltr'><strong>qui</strong></span> 
     </span>
    </p>
   </div>
   <div class='ocr_carea' id='block_1_37' title="bbox 577 2173 2166 2247">
    <p class='ocr_par' dir='ltr' id='par_1_37' title="bbox 577 2173 2166 2247">
     <span class='ocr_line' id='line_1_37' title="bbox 577 2173 2166 2247; baseline -0.004 -15"><span class='ocrx_word' id='word_1_235' title='bbox 577 2177 927 2232; x_wconf 81' lang='lat' dir='ltr'><strong>abduxerunt</strong></span> <span class='ocrx_word' id='word_1_236' title='bbox 954 2191 1052 2231; x_wconf 88' lang='lat' dir='ltr'><strong>nos</strong></span> <span class='ocrx_word' id='word_1_237' title='bbox 1088 2193 1100 2227; x_wconf 94' lang='lat'><strong><em>:</em></strong></span> <span class='ocrx_word' id='word_1_238' title='bbox 1141 2174 1414 2247; x_wconf 86' lang='lat' dir='ltr'><strong>Hymnum</strong></span> <span class='ocrx_word' id='word_1_239' title='bbox 1448 2185 1667 2232; x_wconf 90' lang='lat' dir='ltr'><strong>cantate</strong></span> <span class='ocrx_word' id='word_1_240' title='bbox 1698 2175 1863 2230; x_wconf 88' lang='lat' dir='ltr'><strong>nobis</strong></span> <span class='ocrx_word' id='word_1_241' title='bbox 1887 2173 1954 2229; x_wconf 91' lang='lat' dir='ltr'><strong>de</strong></span> <span class='ocrx_word' id='word_1_242' title='bbox 1990 2173 2166 2226; x_wconf 90' lang='lat' dir='ltr'><strong>canti—</strong></span> 
     </span>
    </p>
   </div>
   <div class='ocr_carea' id='block_1_38' title="bbox 579 2266 2165 2333">
    <p class='ocr_par' dir='ltr' id='par_1_38' title="bbox 579 2266 2165 2333">
     <span class='ocr_line' id='line_1_38' title="bbox 579 2266 2165 2333; baseline -0.004 -9"><span class='ocrx_word' id='word_1_243' title='bbox 579 2271 660 2325; x_wconf 85' lang='lat' dir='ltr'><strong>cis</strong></span> <span class='ocrx_word' id='word_1_244' title='bbox 695 2270 901 2325; x_wconf 78' lang='lat' dir='ltr'><strong>Sio‘nis.</strong></span> <span class='ocrx_word' id='word_1_245' title='bbox 948 2288 966 2321; x_wconf 71' lang='grc' dir='ltr'><strong>ι</strong></span> <span class='ocrx_word' id='word_1_246' title='bbox 1001 2269 1296 2324; x_wconf 91' lang='lat' dir='ltr'><strong>llludentes</strong></span> <span class='ocrx_word' id='word_1_247' title='bbox 1336 2270 1518 2333; x_wconf 84' lang='lat' dir='ltr'><strong>nobis,</strong></span> <span class='ocrx_word' id='word_1_248' title='bbox 1551 2279 1606 2323; x_wconf 86' lang='lat' dir='ltr'><strong>et</strong></span> <span class='ocrx_word' id='word_1_249' title='bbox 1636 2269 1843 2324; x_wconf 88' lang='lat' dir='ltr'><strong>nostris</strong></span> <span class='ocrx_word' id='word_1_250' title='bbox 1876 2266 2165 2321; x_wconf 86' lang='lat' dir='ltr'><strong>calamita-</strong></span> 
     </span>
    </p>
   </div>
   <div class='ocr_carea' id='block_1_39' title="bbox 576 2362 2167 2431">
    <p class='ocr_par' dir='ltr' id='par_1_39' title="bbox 576 2362 2167 2431">
     <span class='ocr_line' id='line_1_39' title="bbox 576 2362 2167 2431; baseline -0.006 -12"><span class='ocrx_word' id='word_1_251' title='bbox 576 2363 725 2419; x_wconf 89' lang='lat' dir='ltr'><strong>tibus</strong></span> <span class='ocrx_word' id='word_1_252' title='bbox 764 2362 1119 2425; x_wconf 86' lang='lat' dir='ltr'><strong>insultantes,</strong></span> <span class='ocrx_word' id='word_1_253' title='bbox 1153 2378 1252 2416; x_wconf 91' lang='lat' dir='ltr'><strong>nos</strong></span> <span class='ocrx_word' id='word_1_254' title='bbox 1290 2378 1487 2417; x_wconf 86' lang='lat' dir='ltr'><strong>canere</strong></span> <span class='ocrx_word' id='word_1_255' title='bbox 1521 2362 1931 2431; x_wconf 54' lang='lat' dir='ltr'><strong>praecipiebant,</strong></span> <span class='ocrx_word' id='word_1_256' title='bbox 1976 2369 2031 2413; x_wconf 87' lang='lat' dir='ltr'><strong>ut</strong></span> <span class='ocrx_word' id='word_1_257' title='bbox 2068 2375 2167 2411; x_wconf 90' lang='lat' dir='ltr'><strong>no-</strong></span> 
     </span>
    </p>
   </div>
   <div class='ocr_carea' id='block_1_40' title="bbox 577 2451 2167 2522">
    <p class='ocr_par' dir='ltr' id='par_1_40' title="bbox 577 2451 2167 2522">
     <span class='ocr_line' id='line_1_40' title="bbox 577 2451 2167 2522; baseline -0.004 -11"><span class='ocrx_word' id='word_1_258' title='bbox 577 2456 710 2511; x_wconf 88' lang='lat' dir='ltr'><strong>stris</strong></span> <span class='ocrx_word' id='word_1_259' title='bbox 763 2454 1017 2509; x_wconf 90' lang='lat' dir='ltr'><strong>cantibus</strong></span> <span class='ocrx_word' id='word_1_260' title='bbox 1071 2454 1224 2522; x_wconf 82' lang='lat' dir='ltr'><strong>ipsos</strong></span> <span class='ocrx_word' id='word_1_261' title='bbox 1257 2453 1724 2518; x_wconf 79' lang='lat' dir='ltr'><strong>demulceremus,</strong></span> <span class='ocrx_word' id='word_1_262' title='bbox 1779 2467 1887 2505; x_wconf 91' lang='lat' dir='ltr'><strong>non</strong></span> <span class='ocrx_word' id='word_1_263' title='bbox 1937 2462 1997 2505; x_wconf 89' lang='lat' dir='ltr'><strong>nt</strong></span> <span class='ocrx_word' id='word_1_264' title='bbox 2038 2451 2167 2504; x_wconf 90' lang='lat' dir='ltr'><strong>hinc</strong></span> 
     </span>
    </p>
   </div>
   <div class='ocr_carea' id='block_1_41' title="bbox 576 2544 2167 2625">
    <p class='ocr_par' dir='ltr' id='par_1_41' title="bbox 576 2544 2167 2625">
     <span class='ocr_line' id='line_1_41' title="bbox 576 2544 2167 2625; baseline -0.003 -22"><span class='ocrx_word' id='word_1_265' title='bbox 576 2550 815 2625; x_wconf 81' lang='lat' dir='ltr'><strong>aliquam</strong></span> <span class='ocrx_word' id='word_1_266' title='bbox 872 2547 1162 2601; x_wconf 78' lang='lat' dir='ltr'><strong>utilitatem</strong></span> <span class='ocrx_word' id='word_1_267' title='bbox 1206 2548 1571 2618; x_wconf 85' lang='lat' dir='ltr'><strong>perciperent,</strong></span> <span class='ocrx_word' id='word_1_268' title='bbox 1605 2548 1698 2600; x_wconf 82' lang='lat' dir='ltr'><strong>sed</strong></span> <span class='ocrx_word' id='word_1_269' title='bbox 1738 2557 1796 2600; x_wconf 90' lang='lat' dir='ltr'><strong>ut</strong></span> <span class='ocrx_word' id='word_1_270' title='bbox 1836 2555 2024 2599; x_wconf 85' lang='lat' dir='ltr'><strong>nostra</strong></span> <span class='ocrx_word' id='word_1_271' title='bbox 2071 2544 2167 2598; x_wconf 88' lang='lat' dir='ltr'><strong>de-</strong></span> 
     </span>
    </p>
   </div>
   <div class='ocr_carea' id='block_1_42' title="bbox 577 2644 1765 2697">
    <p class='ocr_par' dir='ltr' id='par_1_42' title="bbox 577 2644 1765 2697">
     <span class='ocr_line' id='line_1_42' title="bbox 577 2644 1765 2697; baseline -0.018 0"><span class='ocrx_word' id='word_1_272' title='bbox 577 2644 842 2697; x_wconf 77' lang='lat' dir='ltr'><strong>riderent.</strong></span> <span class='ocrx_word' id='word_1_273' title='bbox 1762 2648 1765 2651; x_wconf 94' lang='grc'><strong>·</strong></span> 
     </span>
    </p>
   </div>
   <div class='ocr_carea' id='block_1_43' title="bbox 644 2746 2169 2819">
    <p class='ocr_par' dir='ltr' id='par_1_43' title="bbox 644 2746 2169 2819">
     <span class='ocr_line' id='line_1_43' title="bbox 644 2746 2169 2819; baseline -0.005 -11"><span class='ocrx_word' id='word_1_274' title='bbox 644 2753 814 2808; x_wconf 71' lang='lat' dir='ltr'><strong>Vnus.</strong></span> <span class='ocrx_word' id='word_1_275' title='bbox 845 2753 897 2807; x_wconf 74' lang='grc'><strong>4.</strong></span> <span class='ocrx_word' id='word_1_276' title='bbox 943 2772 961 2804; x_wconf 83' lang='grc' dir='ltr'><strong>ι</strong></span> <span class='ocrx_word' id='word_1_277' title='bbox 1014 2750 1305 2819; x_wconf 86' lang='lat' dir='ltr'><strong>Quomodo</strong></span> <span class='ocrx_word' id='word_1_278' title='bbox 1338 2750 1687 2805; x_wconf 88' lang='lat' dir='ltr'><strong>cantabimus</strong></span> <span class='ocrx_word' id='word_1_279' title='bbox 1734 2747 2011 2803; x_wconf 86' lang='lat' dir='ltr'><strong>canticum</strong></span> <span class='ocrx_word' id='word_1_280' title='bbox 2060 2746 2169 2801; x_wconf 92' lang='lat' dir='ltr'><strong>Do-</strong></span> 
     </span>
    </p>
   </div>
   <div class='ocr_carea' id='block_1_44' title="bbox 579 2841 2167 2913">
    <p class='ocr_par' dir='ltr' id='par_1_44' title="bbox 579 2841 2167 2913">
     <span class='ocr_line' id='line_1_44' title="bbox 579 2841 2167 2913; baseline -0.003 -13"><span class='ocrx_word' id='word_1_281' title='bbox 579 2848 714 2901; x_wconf 88' lang='lat' dir='ltr'><strong>mini</strong></span> <span class='ocrx_word' id='word_1_282' title='bbox 751 2847 806 2900; x_wconf 90' lang='lat' dir='ltr'><strong>in</strong></span> <span class='ocrx_word' id='word_1_283' title='bbox 840 2855 985 2900; x_wconf 89' lang='lat' dir='ltr'><strong>terra</strong></span> <span class='ocrx_word' id='word_1_284' title='bbox 1019 2844 1240 2900; x_wconf 86' lang='lat' dir='ltr'><strong>aliena?</strong></span> <span class='ocrx_word' id='word_1_285' title='bbox 1282 2864 1299 2896; x_wconf 75' lang='grc' dir='ltr'><strong>ι</strong></span> <span class='ocrx_word' id='word_1_286' title='bbox 1345 2845 1458 2899; x_wconf 84' lang='lat' dir='ltr'><strong>Nos</strong></span> <span class='ocrx_word' id='word_1_287' title='bbox 1492 2854 1677 2898; x_wconf 86' lang='lat' dir='ltr'><strong>autem</strong></span> <span class='ocrx_word' id='word_1_288' title='bbox 1712 2841 2167 2913; x_wconf 47' lang='lat' dir='ltr'><strong>praecipientibus</strong></span> 
     </span>
    </p>
   </div>
   <div class='ocr_carea' id='block_1_45' title="bbox 579 2935 2167 3008">
    <p class='ocr_par' dir='ltr' id='par_1_45' title="bbox 579 2935 2167 3008">
     <span class='ocr_line' id='line_1_45' title="bbox 579 2935 2167 3008; baseline -0.003 -14"><span class='ocrx_word' id='word_1_289' title='bbox 579 2939 809 2994; x_wconf 89' lang='lat' dir='ltr'><strong>minime</strong></span> <span class='ocrx_word' id='word_1_290' title='bbox 841 2938 1367 3008; x_wconf 83' lang='lat' dir='ltr'><strong>obtemperavimus,</strong></span> <span class='ocrx_word' id='word_1_291' title='bbox 1400 2937 1639 2992; x_wconf 89' lang='lat' dir='ltr'><strong>scientes</strong></span> <span class='ocrx_word' id='word_1_292' title='bbox 1666 2937 2013 3006; x_wconf 88' lang='lat' dir='ltr'><strong>iniquitatem</strong></span> <span class='ocrx_word' id='word_1_293' title='bbox 2047 2935 2167 3004; x_wconf 84' lang='lat' dir='ltr'><strong>ejus</strong></span> 
     </span>
    </p>
   </div>
   <div class='ocr_carea' id='block_1_46' title="bbox 577 3026 2168 3102">
    <p class='ocr_par' dir='ltr' id='par_1_46' title="bbox 577 3026 2168 3102">
     <span class='ocr_line' id='line_1_46' title="bbox 577 3026 2168 3102; baseline -0.002 -17"><span class='ocrx_word' id='word_1_294' title='bbox 577 3032 724 3102; x_wconf 87' lang='lat' dir='ltr'><strong>quod</strong></span> <span class='ocrx_word' id='word_1_295' title='bbox 768 3031 928 3086; x_wconf 91' lang='lat' dir='ltr'><strong>nobis</strong></span> <span class='ocrx_word' id='word_1_296' title='bbox 983 3029 1428 3101; x_wconf 80' lang='lat' dir='ltr'><strong>praecipiebatur.</strong></span> <span class='ocrx_word' id='word_1_297' title='bbox 1474 3028 1618 3085; x_wconf 84' lang='lat' dir='ltr'><strong>Sane</strong></span> <span class='ocrx_word' id='word_1_298' title='bbox 1658 3030 1776 3085; x_wconf 54' lang='lat' dir='ltr'><strong>haec</strong></span> <span class='ocrx_word' id='word_1_299' title='bbox 1822 3029 2040 3100; x_wconf 89' lang='lat' dir='ltr'><strong>iniquos</strong></span> <span class='ocrx_word' id='word_1_300' title='bbox 2069 3026 2168 3082; x_wconf 85' lang='lat' dir='ltr'><strong>Ju-</strong></span> 
     </span>
    </p>
   </div>
   <div class='ocr_carea' id='block_1_47' title="bbox 2265 1875 2905 1950">
    <p class='ocr_par' dir='ltr' id='par_1_47' title="bbox 2265 1875 2905 1950">
     <span class='ocr_line' id='line_1_47' title="bbox 2265 1875 2905 1950; baseline -0.005 -18"><span class='ocrx_word' id='word_1_301' title='bbox 2265 1879 2611 1950; x_wconf 84' lang='grc' dir='ltr'>λειτουργίαν</span> <span class='ocrx_word' id='word_1_302' title='bbox 2641 1875 2905 1948; x_wconf 81' lang='grc' dir='ltr'>πληροῦν.</span> 
     </span>
    </p>
   </div>
   <div class='ocr_carea' id='block_1_48' title="bbox 2338 1985 3828 2060">
    <p class='ocr_par' dir='ltr' id='par_1_48' title="bbox 2338 1985 3828 2060">
     <span class='ocr_line' id='line_1_48' title="bbox 2338 1985 3828 2060; baseline -0.002 -19"><span class='ocrx_word' id='word_1_303' title='bbox 2338 1996 2408 2059; x_wconf 91' lang='grc' dir='ltr'><strong>γ’.</strong></span> <span class='ocrx_word' id='word_1_304' title='bbox 2453 2008 2471 2040; x_wconf 82' lang='grc' dir='ltr'><strong>ι</strong></span> <span class='ocrx_word' id='word_1_305' title='bbox 2506 1989 2627 2041; x_wconf 88' lang='grc' dir='ltr'>Ὅτι</span> <span class='ocrx_word' id='word_1_306' title='bbox 2658 1989 2775 2041; x_wconf 84' lang='grc' dir='ltr'>ἐκεῖ</span> <span class='ocrx_word' id='word_1_307' title='bbox 2811 1987 3177 2059; x_wconf 86' lang='grc' dir='ltr'>ἐπηρώτησαν</span> <span class='ocrx_word' id='word_1_308' title='bbox 3209 1990 3358 2060; x_wconf 80' lang='grc' dir='ltr'>ἡμᾶς</span> <span class='ocrx_word' id='word_1_309' title='bbox 3391 1991 3439 2043; x_wconf 85' lang='grc' dir='ltr'>οἱ</span> <span class='ocrx_word' id='word_1_310' title='bbox 3473 1985 3828 2059; x_wconf 71' lang='grc' dir='ltr'>αίγμαλωτεύ-</span> 
     </span>
    </p>
   </div>
   <div class='ocr_carea' id='block_1_49' title="bbox 2269 2078 3831 2151">
    <p class='ocr_par' dir='ltr' id='par_1_49' title="bbox 2269 2078 3831 2151">
     <span class='ocr_line' id='line_1_49' title="bbox 2269 2078 3831 2151; baseline -0.003 -16"><span class='ocrx_word' id='word_1_311' title='bbox 2269 2098 2462 2143; x_wconf 87' lang='grc' dir='ltr'>σαντες</span> <span class='ocrx_word' id='word_1_312' title='bbox 2517 2081 2688 2150; x_wconf 79' lang='grc' dir='ltr'>ἡμᾶς,</span> <span class='ocrx_word' id='word_1_313' title='bbox 2740 2078 2935 2147; x_wconf 80' lang='grc' dir='ltr'><strong>λόγους</strong></span> <span class='ocrx_word' id='word_1_314' title='bbox 2990 2080 3181 2151; x_wconf 84' lang='grc' dir='ltr'>ᾠδῶν·</span> <span class='ocrx_word' id='word_1_315' title='bbox 3233 2081 3329 2135; x_wconf 80' lang='grc' dir='ltr'>καὶ</span> <span class='ocrx_word' id='word_1_316' title='bbox 3376 2082 3427 2134; x_wconf 85' lang='grc' dir='ltr'>οἱ</span> <span class='ocrx_word' id='word_1_317' title='bbox 3474 2080 3831 2150; x_wconf 78' lang='grc' dir='ltr'>ἀπαγαγόντες</span> 
     </span>
    </p>
   </div>
   <div class='ocr_carea' id='block_1_50' title="bbox 2266 2171 3832 2244">
    <p class='ocr_par' dir='ltr' id='par_1_50' title="bbox 2266 2171 3832 2244">
     <span class='ocr_line' id='line_1_50' title="bbox 2266 2171 3832 2244; baseline -0.002 -19"><span class='ocrx_word' id='word_1_318' title='bbox 2266 2175 2299 2243; x_wconf 93' lang='grc' dir='ltr'><strong>ή</strong></span> <span class='ocrx_word' id='word_1_319' title='bbox 2310 2174 2416 2243; x_wconf 80' lang='grc' dir='ltr'><strong>μᾶς</strong></span> <span class='ocrx_word' id='word_1_320' title='bbox 2436 2188 2450 2202; x_wconf 74' lang='grc' dir='ltr'><strong>ο</strong></span> <span class='ocrx_word' id='word_1_321' title='bbox 2478 2171 2687 2243; x_wconf 87' lang='grc' dir='ltr'>’Ύμνον</span> <span class='ocrx_word' id='word_1_322' title='bbox 2713 2171 2880 2243; x_wconf 83' lang='grc' dir='ltr'>ᾄσατε</span> <span class='ocrx_word' id='word_1_323' title='bbox 2911 2174 3043 2243; x_wconf 76' lang='grc' dir='ltr'>ἡμῖν</span> <span class='ocrx_word' id='word_1_324' title='bbox 3068 2174 3133 2225; x_wconf 83' lang='grc' dir='ltr'><strong>ἐκ</strong></span> <span class='ocrx_word' id='word_1_325' title='bbox 3160 2171 3269 2227; x_wconf 90' lang='grc' dir='ltr'><strong>τῶν</strong></span> <span class='ocrx_word' id='word_1_326' title='bbox 3285 2173 3438 2244; x_wconf 79' lang='grc' dir='ltr'>ᾠδῶν</span> <span class='ocrx_word' id='word_1_327' title='bbox 3470 2172 3656 2227; x_wconf 81' lang='grc' dir='ltr'><strong>Σιών.»</strong></span> <span class='ocrx_word' id='word_1_328' title='bbox 3698 2173 3832 2224; x_wconf 79' lang='grc' dir='ltr'>Ἐπι-</span> 
     </span>
    </p>
   </div>
   <div class='ocr_carea' id='block_1_51' title="bbox 2267 2265 3833 2336">
    <p class='ocr_par' dir='ltr' id='par_1_51' title="bbox 2267 2265 3833 2336">
     <span class='ocr_line' id='line_1_51' title="bbox 2267 2265 3833 2336; baseline -0.004 -17"><span class='ocrx_word' id='word_1_329' title='bbox 2267 2266 2605 2330; x_wconf 77' lang='grc' dir='ltr'>τωθάζοντες</span> <span class='ocrx_word' id='word_1_330' title='bbox 2640 2266 2791 2333; x_wconf 84' lang='grc' dir='ltr'>ἡμῖν,</span> <span class='ocrx_word' id='word_1_331' title='bbox 2823 2265 2917 2318; x_wconf 73' lang='grc' dir='ltr'><strong>καὶ</strong></span> <span class='ocrx_word' id='word_1_332' title='bbox 2946 2268 3065 2327; x_wconf 85' lang='grc' dir='ltr'>ταῖς</span> <span class='ocrx_word' id='word_1_333' title='bbox 3090 2266 3390 2336; x_wconf 76' lang='grc' dir='ltr'>ἡμετέραις</span> <span class='ocrx_word' id='word_1_334' title='bbox 3434 2265 3833 2334; x_wconf 84' lang='grc' dir='ltr'>ἐπεμϐαίνοντες</span> 
     </span>
    </p>
   </div>
   <div class='ocr_carea' id='block_1_52' title="bbox 2270 2356 3831 2429">
    <p class='ocr_par' dir='ltr' id='par_1_52' title="bbox 2270 2356 3831 2429">
     <span class='ocr_line' id='line_1_52' title="bbox 2270 2356 3831 2429; baseline -0.003 -18"><span class='ocrx_word' id='word_1_335' title='bbox 2270 2360 2601 2429; x_wconf 77' lang='grc' dir='ltr'>συμφοραῖς,</span> <span class='ocrx_word' id='word_1_336' title='bbox 2637 2357 2783 2429; x_wconf 79' lang='grc' dir='ltr'>ᾄδειν</span> <span class='ocrx_word' id='word_1_337' title='bbox 2826 2359 2957 2427; x_wconf 81' lang='grc' dir='ltr'>ἡμῖν</span> <span class='ocrx_word' id='word_1_338' title='bbox 2998 2357 3273 2417; x_wconf 83' lang='grc' dir='ltr'>ἐκέλευον,</span> <span class='ocrx_word' id='word_1_339' title='bbox 3325 2359 3422 2411; x_wconf 69' lang='grc' dir='ltr'>καὶ</span> <span class='ocrx_word' id='word_1_340' title='bbox 3482 2360 3601 2421; x_wconf 78' lang='grc' dir='ltr'>ταῖς</span> <span class='ocrx_word' id='word_1_341' title='bbox 3655 2356 3831 2426; x_wconf 81' lang='grc' dir='ltr'>ἡμετέ-</span> 
     </span>
    </p>
   </div>
   <div class='ocr_carea' id='block_1_53' title="bbox 2273 2446 3834 2520">
    <p class='ocr_par' dir='ltr' id='par_1_53' title="bbox 2273 2446 3834 2520">
     <span class='ocr_line' id='line_1_53' title="bbox 2273 2446 3834 2520; baseline -0.004 -17"><span class='ocrx_word' id='word_1_342' title='bbox 2273 2467 2396 2520; x_wconf 87' lang='grc' dir='ltr'>ραις</span> <span class='ocrx_word' id='word_1_343' title='bbox 2456 2449 2656 2513; x_wconf 80' lang='grc' dir='ltr'>αύτοὺς</span> <span class='ocrx_word' id='word_1_344' title='bbox 2708 2448 3066 2517; x_wconf 83' lang='grc' dir='ltr'>καταθέλγειν</span> <span class='ocrx_word' id='word_1_345' title='bbox 3120 2448 3307 2518; x_wconf 84' lang='grc' dir='ltr'>ᾠδαῖς,</span> <span class='ocrx_word' id='word_1_346' title='bbox 3343 2449 3443 2519; x_wconf 87' lang='grc' dir='ltr'>ούχ</span> <span class='ocrx_word' id='word_1_347' title='bbox 3482 2449 3566 2502; x_wconf 81' lang='grc' dir='ltr'><strong>ἵνα</strong></span> <span class='ocrx_word' id='word_1_348' title='bbox 3607 2446 3834 2502; x_wconf 74' lang='grc' dir='ltr'>ἐντεῦθέν</span> 
     </span>
    </p>
   </div>
   <div class='ocr_carea' id='block_1_54' title="bbox 2267 2539 3834 2612">
    <p class='ocr_par' dir='ltr' id='par_1_54' title="bbox 2267 2539 3834 2612">
     <span class='ocr_line' id='line_1_54' title="bbox 2267 2539 3834 2612; baseline -0.004 -15"><span class='ocrx_word' id='word_1_349' title='bbox 2267 2561 2390 2597; x_wconf 90' lang='grc' dir='ltr'>τινα</span> <span class='ocrx_word' id='word_1_350' title='bbox 2419 2541 2658 2597; x_wconf 90' lang='grc' dir='ltr'>λάϐωσιν</span> <span class='ocrx_word' id='word_1_351' title='bbox 2687 2541 2980 2611; x_wconf 79' lang='grc' dir='ltr'>ὠφέλειαν,</span> <span class='ocrx_word' id='word_1_352' title='bbox 3022 2541 3139 2595; x_wconf 83' lang='grc' dir='ltr'>ἀλλ’</span> <span class='ocrx_word' id='word_1_353' title='bbox 3175 2542 3262 2595; x_wconf 79' lang='grc' dir='ltr'>ἵνα</span> <span class='ocrx_word' id='word_1_354' title='bbox 3296 2541 3572 2612; x_wconf 81' lang='grc' dir='ltr'>γελάσωσι</span> <span class='ocrx_word' id='word_1_355' title='bbox 3605 2542 3669 2594; x_wconf 77' lang='grc' dir='ltr'>τὰ</span> <span class='ocrx_word' id='word_1_356' title='bbox 3713 2539 3834 2612; x_wconf 82' lang='grc' dir='ltr'>ήμέ-</span> 
     </span>
    </p>
   </div>
   <div class='ocr_carea' id='block_1_55' title="bbox 2268 2652 2421 2709">
    <p class='ocr_par' dir='ltr' id='par_1_55' title="bbox 2268 2652 2421 2709">
     <span class='ocr_line' id='line_1_55' title="bbox 2268 2652 2421 2709; baseline -0.007 -18"><span class='ocrx_word' id='word_1_357' title='bbox 2268 2652 2421 2709; x_wconf 87' lang='grc' dir='ltr'>τερα.</span> 
     </span>
    </p>
   </div>
   <div class='ocr_carea' id='block_1_56' title="bbox 2340 2750 3836 2825">
    <p class='ocr_par' dir='ltr' id='par_1_56' title="bbox 2340 2750 3836 2825">
     <span class='ocr_line' id='line_1_56' title="bbox 2340 2750 3836 2825; baseline -0.004 -17"><span class='ocrx_word' id='word_1_358' title='bbox 2340 2752 2401 2810; x_wconf 88' lang='grc' dir='ltr'><strong>δ’.</strong></span> <span class='ocrx_word' id='word_1_359' title='bbox 2445 2772 2464 2806; x_wconf 78' lang='grc' dir='ltr'><strong>ι</strong></span> <span class='ocrx_word' id='word_1_360' title='bbox 2501 2751 2626 2817; x_wconf 90' lang='grc' dir='ltr'>Πῶς</span> <span class='ocrx_word' id='word_1_361' title='bbox 2658 2750 2883 2824; x_wconf 78' lang='grc' dir='ltr'>ᾄσωμεν</span> <span class='ocrx_word' id='word_1_362' title='bbox 2910 2752 3004 2824; x_wconf 78' lang='grc' dir='ltr'>τὴν</span> <span class='ocrx_word' id='word_1_363' title='bbox 3036 2752 3178 2825; x_wconf 79' lang='grc' dir='ltr'>ᾠδὴν</span> <span class='ocrx_word' id='word_1_364' title='bbox 3205 2755 3414 2825; x_wconf 84' lang='grc' dir='ltr'>Κυρίου</span> <span class='ocrx_word' id='word_1_365' title='bbox 3448 2754 3540 2808; x_wconf 72' lang='grc' dir='ltr'>ἐπὶ</span> <span class='ocrx_word' id='word_1_366' title='bbox 3565 2755 3663 2823; x_wconf 81' lang='grc' dir='ltr'>γῆς</span> <span class='ocrx_word' id='word_1_367' title='bbox 3697 2750 3836 2806; x_wconf 76' lang='grc' dir='ltr'>ἀλλοο</span> 
     </span>
    </p>
   </div>
   <div class='ocr_carea' id='block_1_57' title="bbox 2269 2844 3838 2920">
    <p class='ocr_par' dir='ltr' id='par_1_57' title="bbox 2269 2844 3838 2920">
     <span class='ocr_line' id='line_1_57' title="bbox 2269 2844 3838 2920; baseline -0.004 -18"><span class='ocrx_word' id='word_1_368' title='bbox 2269 2848 2460 2920; x_wconf 88' lang='grc' dir='ltr'>τρίας;</span> <span class='ocrx_word' id='word_1_369' title='bbox 2500 2866 2518 2898; x_wconf 75' lang='grc' dir='ltr'><strong>ι</strong></span> <span class='ocrx_word' id='word_1_370' title='bbox 2574 2848 2767 2919; x_wconf 83' lang='grc' dir='ltr'>Ἡμεῖς</span> <span class='ocrx_word' id='word_1_371' title='bbox 2797 2847 2853 2901; x_wconf 84' lang='grc' dir='ltr'><strong>δὲ</strong></span> <span class='ocrx_word' id='word_1_372' title='bbox 2887 2846 2982 2900; x_wconf 80' lang='grc' dir='ltr'>τοῦ</span> <span class='ocrx_word' id='word_1_373' title='bbox 3020 2848 3504 2919; x_wconf 85' lang='grc' dir='ltr'>προστεταγμένου</span> <span class='ocrx_word' id='word_1_374' title='bbox 3534 2846 3592 2901; x_wconf 82' lang='grc' dir='ltr'><strong>τὸ</strong></span> <span class='ocrx_word' id='word_1_375' title='bbox 3621 2844 3838 2916; x_wconf 83' lang='grc' dir='ltr'>παράνο-</span> 
     </span>
    </p>
   </div>
   <div class='ocr_carea' id='block_1_58' title="bbox 2275 2938 3839 3013">
    <p class='ocr_par' dir='ltr' id='par_1_58' title="bbox 2275 2938 3839 3013">
     <span class='ocr_line' id='line_1_58' title="bbox 2275 2938 3839 3013; baseline -0.005 -18"><span class='ocrx_word' id='word_1_376' title='bbox 2275 2957 2377 3013; x_wconf 87' lang='grc' dir='ltr'><strong>μον</strong></span> <span class='ocrx_word' id='word_1_377' title='bbox 2405 2939 2626 3005; x_wconf 78' lang='grc' dir='ltr'>εἰδότες,</span> <span class='ocrx_word' id='word_1_378' title='bbox 2657 2941 2757 2994; x_wconf 83' lang='grc' dir='ltr'><strong>οὐκ</strong></span> <span class='ocrx_word' id='word_1_379' title='bbox 2786 2939 3013 3011; x_wconf 80' lang='grc' dir='ltr'>εἴξαμεν</span> <span class='ocrx_word' id='word_1_380' title='bbox 3044 2940 3091 2972; x_wconf 77' lang='grc'><strong>⁸⁸</strong></span> <span class='ocrx_word' id='word_1_381' title='bbox 3119 2942 3234 3003; x_wconf 86' lang='grc' dir='ltr'>τοῖς</span> <span class='ocrx_word' id='word_1_382' title='bbox 3263 2941 3581 2995; x_wconf 85' lang='grc' dir='ltr'>κελεύουσιν</span> <span class='ocrx_word' id='word_1_383' title='bbox 3600 2953 3612 2966; x_wconf 90' lang='grc'><strong>·</strong></span> <span class='ocrx_word' id='word_1_384' title='bbox 3641 2938 3839 3005; x_wconf 68' lang='grc' dir='ltr'>ἔλεγχος</span> 
     </span>
    </p>
   </div>
   <div class='ocr_carea' id='block_1_59' title="bbox 2270 3028 3841 3103">
    <p class='ocr_par' dir='ltr' id='par_1_59' title="bbox 2270 3028 3841 3103">
     <span class='ocr_line' id='line_1_59' title="bbox 2270 3028 3841 3103; baseline -0.004 -19"><span class='ocrx_word' id='word_1_385' title='bbox 2270 3032 2327 3085; x_wconf 81' lang='grc' dir='ltr'>δὲ</span> <span class='ocrx_word' id='word_1_386' title='bbox 2361 3029 2534 3087; x_wconf 80' lang='grc' dir='ltr'>ταῦτα</span> <span class='ocrx_word' id='word_1_387' title='bbox 2575 3031 2850 3086; x_wconf 86' lang='grc' dir='ltr'>Ἰουδαίων</span> <span class='ocrx_word' id='word_1_388' title='bbox 2876 3031 2987 3084; x_wconf 90' lang='grc' dir='ltr'><strong>τῶν</strong></span> <span class='ocrx_word' id='word_1_389' title='bbox 3018 3032 3378 3103; x_wconf 80' lang='grc' dir='ltr'>παρανόμων,</span> <span class='ocrx_word' id='word_1_390' title='bbox 3420 3028 3661 3103; x_wconf 78' lang='grc' dir='ltr'>πληροῦν</span> <span class='ocrx_word' id='word_1_391' title='bbox 3693 3044 3841 3083; x_wconf 81' lang='grc' dir='ltr'>σπου-</span> 
     </span>
    </p>
   </div>
   <div class='ocr_carea' id='block_1_60' title="bbox 576 3119 2169 3196">
    <p class='ocr_par' dir='ltr' id='par_1_60' title="bbox 576 3122 2160 3194">
     <span class='ocr_line' id='line_1_60' title="bbox 576 3122 2160 3194; baseline -0.004 -13"><span class='ocrx_word' id='word_1_392' title='bbox 576 3128 727 3181; x_wconf 65' lang='lat' dir='ltr'><strong>dasos</strong></span> <span class='ocrx_word' id='word_1_393' title='bbox 760 3125 1117 3194; x_wconf 76' lang='lat' dir='ltr'><strong>redarguunt,</strong></span> <span class='ocrx_word' id='word_1_394' title='bbox 1154 3122 1330 3194; x_wconf 72' lang='lat' dir='ltr'><strong>legem</strong></span> <span class='ocrx_word' id='word_1_395' title='bbox 1375 3122 1604 3193; x_wconf 87' lang='lat' dir='ltr'><strong>implere</strong></span> <span class='ocrx_word' id='word_1_396' title='bbox 1627 3123 1935 3188; x_wconf 90' lang='lat' dir='ltr'><strong>studentes,</strong></span> <span class='ocrx_word' id='word_1_397' title='bbox 1982 3132 2038 3176; x_wconf 88' lang='lat' dir='ltr'><strong>et</strong></span> <span class='ocrx_word' id='word_1_398' title='bbox 2064 3135 2160 3176; x_wconf 82' lang='lat' dir='ltr'><strong>ex-</strong></span> 
     </span>
    </p>
   </div>
   <div class='ocr_carea' id='block_1_61' title="bbox 2271 3119 3840 3196">
    <p class='ocr_par' dir='ltr' id='par_1_61' title="bbox 2271 3122 3840 3196">
     <span class='ocr_line' id='line_1_61' title="bbox 2271 3122 3840 3196; baseline -0.004 -18"><span class='ocrx_word' id='word_1_399' title='bbox 2271 3123 2541 3187; x_wconf 76' lang='grc' dir='ltr'>δαζὸντων</span> <span class='ocrx_word' id='word_1_400' title='bbox 2567 3123 2659 3178; x_wconf 76' lang='grc' dir='ltr'><strong>τὸν</strong></span> <span class='ocrx_word' id='word_1_401' title='bbox 2685 3123 2873 3195; x_wconf 87' lang='grc' dir='ltr'>νόμον,</span> <span class='ocrx_word' id='word_1_402' title='bbox 2904 3124 3001 3178; x_wconf 78' lang='grc' dir='ltr'><strong>καὶ</strong></span> <span class='ocrx_word' id='word_1_403' title='bbox 3032 3122 3139 3188; x_wconf 75' lang='grc' dir='ltr'>ἔξω</span> <span class='ocrx_word' id='word_1_404' title='bbox 3166 3123 3278 3178; x_wconf 87' lang='grc' dir='ltr'><strong>τῶν</strong></span> <span class='ocrx_word' id='word_1_405' title='bbox 3314 3122 3719 3196; x_wconf 81' lang='grc' dir='ltr'>νενομισμένων</span> <span class='ocrx_word' id='word_1_406' title='bbox 3745 3135 3840 3190; x_wconf 84' lang='grc' dir='ltr'><strong>χω-</strong></span> 
     </span>
    </p>
   </div>
   <div class='ocr_carea' id='block_1_62' title="bbox 576 3217 1825 3287">
    <p class='ocr_par' dir='ltr' id='par_1_62' title="bbox 576 3217 1825 3287">
     <span class='ocr_line' id='line_1_62' title="bbox 576 3217 1825 3287; baseline -0.003 -13"><span class='ocrx_word' id='word_1_407' title='bbox 576 3227 662 3274; x_wconf 83' lang='lat' dir='ltr'><strong>tra</strong></span> <span class='ocrx_word' id='word_1_408' title='bbox 686 3219 1020 3273; x_wconf 82' lang='lat' dir='ltr'><strong>constitutos</strong></span> <span class='ocrx_word' id='word_1_409' title='bbox 1044 3217 1198 3272; x_wconf 86' lang='lat' dir='ltr'><strong>locos</strong></span> <span class='ocrx_word' id='word_1_410' title='bbox 1227 3218 1424 3287; x_wconf 81' lang='lat' dir='ltr'><strong>legalia</strong></span> <span class='ocrx_word' id='word_1_411' title='bbox 1454 3217 1825 3287; x_wconf 85' lang='lat' dir='ltr'><strong>perticientes.</strong></span> 
     </span>
    </p>
   </div>
   <div class='ocr_carea' id='block_1_63' title="bbox 649 3328 2164 3400">
    <p class='ocr_par' dir='ltr' id='par_1_63' title="bbox 649 3328 2164 3400">
     <span class='ocr_line' id='line_1_63' title="bbox 649 3328 2164 3400; baseline -0.002 -15"><span class='ocrx_word' id='word_1_412' title='bbox 649 3331 814 3388; x_wconf 77' lang='lat' dir='ltr'><strong>Vnus.</strong></span> <span class='ocrx_word' id='word_1_413' title='bbox 842 3332 973 3394; x_wconf 78' lang='lat'><strong>5,6.</strong></span> <span class='ocrx_word' id='word_1_414' title='bbox 1012 3350 1031 3382; x_wconf 85' lang='grc' dir='ltr'><strong>ι</strong></span> <span class='ocrx_word' id='word_1_415' title='bbox 1070 3330 1129 3386; x_wconf 90' lang='lat' dir='ltr'><strong>Si</strong></span> <span class='ocrx_word' id='word_1_416' title='bbox 1172 3332 1379 3386; x_wconf 81' lang='lat' dir='ltr'><strong>oblitus</strong></span> <span class='ocrx_word' id='word_1_417' title='bbox 1430 3331 1588 3386; x_wconf 84' lang='lat' dir='ltr'><strong>fuero</strong></span> <span class='ocrx_word' id='word_1_418' title='bbox 1622 3330 1727 3396; x_wconf 92' lang='lat' dir='ltr'><strong>tui,</strong></span> <span class='ocrx_word' id='word_1_419' title='bbox 1763 3328 2164 3400; x_wconf 82' lang='lat' dir='ltr'><strong>Hierosolyma,</strong></span> 
     </span>
    </p>
   </div>
   <div class='ocr_carea' id='block_1_64' title="bbox 580 3421 2169 3491">
    <p class='ocr_par' dir='ltr' id='par_1_64' title="bbox 580 3421 2169 3491">
     <span class='ocr_line' id='line_1_64' title="bbox 580 3421 2169 3491; baseline -0.001 -15"><span class='ocrx_word' id='word_1_420' title='bbox 580 3423 846 3478; x_wconf 78' lang='lat' dir='ltr'><strong>oblivioni</strong></span> <span class='ocrx_word' id='word_1_421' title='bbox 884 3423 1046 3477; x_wconf 89' lang='lat' dir='ltr'><strong>detur</strong></span> <span class='ocrx_word' id='word_1_422' title='bbox 1075 3424 1300 3477; x_wconf 78' lang='lat' dir='ltr'><strong>dextera</strong></span> <span class='ocrx_word' id='word_1_423' title='bbox 1334 3437 1474 3476; x_wconf 89' lang='lat' dir='ltr'><strong>mea.</strong></span> <span class='ocrx_word' id='word_1_424' title='bbox 1506 3422 1799 3476; x_wconf 73' lang='lat' dir='ltr'><strong>Adhaereat</strong></span> <span class='ocrx_word' id='word_1_425' title='bbox 1824 3421 2006 3491; x_wconf 78' lang='lat' dir='ltr'><strong>lingua</strong></span> <span class='ocrx_word' id='word_1_426' title='bbox 2047 3434 2169 3475; x_wconf 88' lang='lat' dir='ltr'><strong>mea</strong></span> 
     </span>
    </p>
   </div>
   <div class='ocr_carea' id='block_1_65' title="bbox 580 3511 2171 3579">
    <p class='ocr_par' dir='ltr' id='par_1_65' title="bbox 580 3511 2171 3579">
     <span class='ocr_line' id='line_1_65' title="bbox 580 3511 2171 3579; baseline -0.003 -9"><span class='ocrx_word' id='word_1_427' title='bbox 580 3516 841 3571; x_wconf 81' lang='lat' dir='ltr'><strong>faucibus</strong></span> <span class='ocrx_word' id='word_1_428' title='bbox 871 3516 1030 3579; x_wconf 88' lang='lat' dir='ltr'><strong>meis,</strong></span> <span class='ocrx_word' id='word_1_429' title='bbox 1069 3513 1117 3569; x_wconf 91' lang='lat' dir='ltr'><strong>si</strong></span> <span class='ocrx_word' id='word_1_430' title='bbox 1146 3529 1251 3568; x_wconf 93' lang='lat' dir='ltr'><strong>non</strong></span> <span class='ocrx_word' id='word_1_431' title='bbox 1288 3514 1595 3568; x_wconf 89' lang='lat' dir='ltr'><strong>meminero</strong></span> <span class='ocrx_word' id='word_1_432' title='bbox 1625 3512 1727 3569; x_wconf 89' lang='lat' dir='ltr'><strong>tui.</strong></span> <span class='ocrx_word' id='word_1_433' title='bbox 1764 3532 1782 3564; x_wconf 76' lang='grc' dir='ltr'><strong>ι</strong></span> <span class='ocrx_word' id='word_1_434' title='bbox 1820 3513 1951 3567; x_wconf 62' lang='lat' dir='ltr'><strong>Haec</strong></span> <span class='ocrx_word' id='word_1_435' title='bbox 1984 3529 2013 3565; x_wconf 90' lang='lat' dir='ltr'><strong>a</strong></span> <span class='ocrx_word' id='word_1_436' title='bbox 2038 3511 2171 3566; x_wconf 90' lang='lat' dir='ltr'><strong>Pro-</strong></span> 
     </span>
    </p>
   </div>
   <div class='ocr_carea' id='block_1_66' title="bbox 579 3607 2169 3677">
    <p class='ocr_par' dir='ltr' id='par_1_66' title="bbox 579 3607 2169 3677">
     <span class='ocr_line' id='line_1_66' title="bbox 579 3607 2169 3677; baseline 0.001 -17"><span class='ocrx_word' id='word_1_437' title='bbox 579 3610 747 3677; x_wconf 87' lang='lat' dir='ltr'><strong>pheta</strong></span> <span class='ocrx_word' id='word_1_438' title='bbox 789 3607 970 3662; x_wconf 84' lang='lat' dir='ltr'><strong>dicere</strong></span> <span class='ocrx_word' id='word_1_439' title='bbox 1000 3607 1295 3673; x_wconf 89' lang='lat' dir='ltr'><strong>docentur,</strong></span> <span class='ocrx_word' id='word_1_440' title='bbox 1336 3619 1395 3662; x_wconf 31' lang='lat' dir='ltr'><strong>ut.</strong></span> <span class='ocrx_word' id='word_1_441' title='bbox 1426 3622 1599 3662; x_wconf 82' lang='lat' dir='ltr'><strong>sacrae</strong></span> <span class='ocrx_word' id='word_1_442' title='bbox 1626 3607 1872 3663; x_wconf 87' lang='lat' dir='ltr'><strong>civitatis</strong></span> <span class='ocrx_word' id='word_1_443' title='bbox 1917 3615 2169 3673; x_wconf 70' lang='lat' dir='ltr'><strong>tenacem</strong></span> 
     </span>
    </p>
   </div>
   <div class='ocr_carea' id='block_1_67' title="bbox 579 3697 2166 3772">
    <p class='ocr_par' dir='ltr' id='par_1_67' title="bbox 579 3697 2166 3772">
     <span class='ocr_line' id='line_1_67' title="bbox 579 3697 2166 3772; baseline -0.003 -17"><span class='ocrx_word' id='word_1_444' title='bbox 579 3701 901 3755; x_wconf 82' lang='lat' dir='ltr'><strong>memoriam</strong></span> <span class='ocrx_word' id='word_1_445' title='bbox 930 3700 1187 3765; x_wconf 88' lang='lat' dir='ltr'><strong>habeant,</strong></span> <span class='ocrx_word' id='word_1_446' title='bbox 1211 3709 1267 3755; x_wconf 90' lang='lat' dir='ltr'><strong>et</strong></span> <span class='ocrx_word' id='word_1_447' title='bbox 1296 3716 1393 3770; x_wconf 89' lang='lat' dir='ltr'><strong>spe</strong></span> <span class='ocrx_word' id='word_1_448' title='bbox 1427 3700 1642 3772; x_wconf 73' lang='lat'><strong>1526</strong></span> <span class='ocrx_word' id='word_1_449' title='bbox 1663 3699 1872 3755; x_wconf 87' lang='lat' dir='ltr'><strong>reditus</strong></span> <span class='ocrx_word' id='word_1_450' title='bbox 1910 3697 2166 3763; x_wconf 87' lang='lat' dir='ltr'><strong>recreati,</strong></span> 
     </span>
    </p>
   </div>
   <div class='ocr_carea' id='block_1_68' title="bbox 579 3789 2171 3859">
    <p class='ocr_par' dir='ltr' id='par_1_68' title="bbox 579 3789 2171 3859">
     <span class='ocr_line' id='line_1_68' title="bbox 579 3789 2171 3859; baseline 0.003 -20"><span class='ocrx_word' id='word_1_451' title='bbox 579 3804 769 3843; x_wconf 65' lang='lat' dir='ltr'><strong>eorum</strong></span> <span class='ocrx_word' id='word_1_452' title='bbox 798 3829 814 3852; x_wconf 94' lang='lat'><strong>,</strong></span> <span class='ocrx_word' id='word_1_453' title='bbox 863 3790 955 3857; x_wconf 87' lang='lat' dir='ltr'><strong>qui</strong></span> <span class='ocrx_word' id='word_1_454' title='bbox 1002 3790 1152 3859; x_wconf 92' lang='lat' dir='ltr'><strong>ipsos</strong></span> <span class='ocrx_word' id='word_1_455' title='bbox 1200 3791 1256 3844; x_wconf 90' lang='lat' dir='ltr'><strong>in</strong></span> <span class='ocrx_word' id='word_1_456' title='bbox 1309 3791 1628 3846; x_wconf 81' lang='lat' dir='ltr'><strong>servitutem</strong></span> <span class='ocrx_word' id='word_1_457' title='bbox 1681 3789 2024 3845; x_wconf 78' lang='lat' dir='ltr'><strong>abduxerant</strong></span> <span class='ocrx_word' id='word_1_458' title='bbox 2062 3791 2171 3845; x_wconf 86' lang='lat' dir='ltr'><strong>im-</strong></span> 
     </span>
    </p>
   </div>
   <div class='ocr_carea' id='block_1_69' title="bbox 580 3883 2170 3955">
    <p class='ocr_par' dir='ltr' id='par_1_69' title="bbox 580 3883 2170 3955">
     <span class='ocr_line' id='line_1_69' title="bbox 580 3883 2170 3955; baseline 0.003 -22"><span class='ocrx_word' id='word_1_459' title='bbox 580 3883 834 3952; x_wconf 78' lang='lat' dir='ltr'><strong>pietatem</strong></span> <span class='ocrx_word' id='word_1_460' title='bbox 879 3898 989 3938; x_wconf 91' lang='lat' dir='ltr'><strong>non</strong></span> <span class='ocrx_word' id='word_1_461' title='bbox 1058 3884 1299 3939; x_wconf 79' lang='lat' dir='ltr'><strong>discant.</strong></span> <span class='ocrx_word' id='word_1_462' title='bbox 1346 3884 1543 3939; x_wconf 89' lang='lat' dir='ltr'><strong>Dicunt</strong></span> <span class='ocrx_word' id='word_1_463' title='bbox 1586 3884 1753 3955; x_wconf 77' lang='lat' dir='ltr'><strong>igitur</strong></span> <span class='ocrx_word' id='word_1_464' title='bbox 1784 3903 1799 3938; x_wconf 88' lang='lat'><strong>:</strong></span> <span class='ocrx_word' id='word_1_465' title='bbox 1828 3884 2014 3954; x_wconf 87' lang='lat' dir='ltr'><strong>Neque</strong></span> <span class='ocrx_word' id='word_1_466' title='bbox 2043 3898 2170 3939; x_wconf 91' lang='lat' dir='ltr'><strong>cum</strong></span> 
     </span>
    </p>
   </div>
   <div class='ocr_carea' id='block_1_70' title="bbox 581 3976 2172 4048">
    <p class='ocr_par' dir='ltr' id='par_1_70' title="bbox 581 3976 2172 4048">
     <span class='ocr_line' id='line_1_70' title="bbox 581 3976 2172 4048; baseline 0.002 -20"><span class='ocrx_word' id='word_1_467' title='bbox 581 3990 613 4028; x_wconf 91' lang='lat' dir='ltr'><strong>a</strong></span> <span class='ocrx_word' id='word_1_468' title='bbox 650 3983 703 4029; x_wconf 92' lang='lat' dir='ltr'><strong>te</strong></span> <span class='ocrx_word' id='word_1_469' title='bbox 753 3976 947 4043; x_wconf 84' lang='lat' dir='ltr'><strong>procul</strong></span> <span class='ocrx_word' id='word_1_470' title='bbox 994 3992 1198 4039; x_wconf 84' lang='lat' dir='ltr'><strong>essem,</strong></span> <span class='ocrx_word' id='word_1_471' title='bbox 1236 3992 1269 4031; x_wconf 96' lang='lat' dir='ltr'><strong>o</strong></span> <span class='ocrx_word' id='word_1_472' title='bbox 1318 3976 1725 4048; x_wconf 87' lang='lat' dir='ltr'><strong>Hierosolyma,</strong></span> <span class='ocrx_word' id='word_1_473' title='bbox 1756 3976 2021 4032; x_wconf 85' lang='lat' dir='ltr'><strong>oblivioni</strong></span> <span class='ocrx_word' id='word_1_474' title='bbox 2055 3990 2172 4031; x_wconf 88' lang='lat' dir='ltr'><strong>me-</strong></span> 
     </span>
    </p>
   </div>
   <div class='ocr_carea' id='block_1_71' title="bbox 581 4067 2173 4138">
    <p class='ocr_par' dir='ltr' id='par_1_71' title="bbox 581 4067 2173 4138">
     <span class='ocr_line' id='line_1_71' title="bbox 581 4067 2173 4138; baseline 0 -18"><span class='ocrx_word' id='word_1_475' title='bbox 581 4067 815 4120; x_wconf 87' lang='lat' dir='ltr'><strong>moriam</strong></span> <span class='ocrx_word' id='word_1_476' title='bbox 869 4068 1069 4123; x_wconf 88' lang='lat' dir='ltr'><strong>tradidi</strong></span> <span class='ocrx_word' id='word_1_477' title='bbox 1109 4079 1205 4123; x_wconf 90' lang='lat' dir='ltr'><strong>:et</strong></span> <span class='ocrx_word' id='word_1_478' title='bbox 1241 4070 1346 4124; x_wconf 86' lang='lat' dir='ltr'><strong>hoc</strong></span> <span class='ocrx_word' id='word_1_479' title='bbox 1394 4068 1440 4123; x_wconf 91' lang='lat' dir='ltr'><strong>si</strong></span> <span class='ocrx_word' id='word_1_480' title='bbox 1490 4068 1695 4133; x_wconf 79' lang='lat' dir='ltr'><strong>fecero,</strong></span> <span class='ocrx_word' id='word_1_481' title='bbox 1738 4068 1842 4124; x_wconf 88' lang='lat' dir='ltr'><strong>huc</strong></span> <span class='ocrx_word' id='word_1_482' title='bbox 1885 4068 2082 4138; x_wconf 85' lang='lat' dir='ltr'><strong>patiar,</strong></span> <span class='ocrx_word' id='word_1_483' title='bbox 2119 4078 2173 4121; x_wconf 82' lang='lat' dir='ltr'><strong>et</strong></span> 
     </span>
    </p>
   </div>
   <div class='ocr_carea' id='block_1_72' title="bbox 582 4160 2173 4231">
    <p class='ocr_par' dir='ltr' id='par_1_72' title="bbox 582 4160 2173 4231">
     <span class='ocr_line' id='line_1_72' title="bbox 582 4160 2173 4231; baseline 0.001 -18"><span class='ocrx_word' id='word_1_484' title='bbox 582 4175 883 4229; x_wconf 88' lang='lat' dir='ltr'><strong>supernum</strong></span> <span class='ocrx_word' id='word_1_485' title='bbox 927 4162 1193 4216; x_wconf 81' lang='lat' dir='ltr'><strong>auxilium</strong></span> <span class='ocrx_word' id='word_1_486' title='bbox 1232 4177 1300 4216; x_wconf 90' lang='lat' dir='ltr'><strong>ne</strong></span> <span class='ocrx_word' id='word_1_487' title='bbox 1327 4177 1660 4231; x_wconf 89' lang='lat' dir='ltr'><strong>consequar.</strong></span> <span class='ocrx_word' id='word_1_488' title='bbox 1701 4160 1814 4217; x_wconf 89' lang='lat' dir='ltr'><strong>lloc</strong></span> <span class='ocrx_word' id='word_1_489' title='bbox 1842 4161 1986 4215; x_wconf 90' lang='lat' dir='ltr'><strong>enim</strong></span> <span class='ocrx_word' id='word_1_490' title='bbox 2015 4167 2173 4215; x_wconf 84' lang='lat' dir='ltr'><strong>vocat</strong></span> 
     </span>
    </p>
   </div>
   <div class='ocr_carea' id='block_1_73' title="bbox 582 4253 2170 4326">
    <p class='ocr_par' dir='ltr' id='par_1_73' title="bbox 582 4253 2170 4326">
     <span class='ocr_line' id='line_1_73' title="bbox 582 4253 2170 4326; baseline 0.001 -20"><span class='ocrx_word' id='word_1_491' title='bbox 582 4253 876 4308; x_wconf 75' lang='lat' dir='ltr'><strong>dexteram.</strong></span> <span class='ocrx_word' id='word_1_492' title='bbox 948 4274 966 4305; x_wconf 78' lang='grc' dir='ltr'><strong>ι</strong></span> <span class='ocrx_word' id='word_1_493' title='bbox 1009 4254 1064 4309; x_wconf 88' lang='lat' dir='ltr'><strong>Si</strong></span> <span class='ocrx_word' id='word_1_494' title='bbox 1115 4270 1227 4309; x_wconf 91' lang='lat' dir='ltr'><strong>non</strong></span> <span class='ocrx_word' id='word_1_495' title='bbox 1281 4258 1297 4277; x_wconf 78' lang='lat'><strong>‘</strong></span> <span class='ocrx_word' id='word_1_496' title='bbox 1350 4270 1587 4326; x_wconf 84' lang='lat' dir='ltr'><strong>posuero</strong></span> <span class='ocrx_word' id='word_1_497' title='bbox 1639 4254 2070 4326; x_wconf 79' lang='lat' dir='ltr'><strong>Hierosolymam</strong></span> <span class='ocrx_word' id='word_1_498' title='bbox 2116 4255 2170 4307; x_wconf 89' lang='lat' dir='ltr'><strong>in</strong></span> 
     </span>
    </p>
   </div>
   <div class='ocr_carea' id='block_1_74' title="bbox 576 4345 2174 4417">
    <p class='ocr_par' dir='ltr' id='par_1_74' title="bbox 576 4345 2174 4417">
     <span class='ocr_line' id='line_1_74' title="bbox 576 4345 2174 4417; baseline 0.001 -19"><span class='ocrx_word' id='word_1_499' title='bbox 576 4345 857 4415; x_wconf 80' lang='lat' dir='ltr'><strong>principio</strong></span> <span class='ocrx_word' id='word_1_500' title='bbox 897 4346 1104 4403; x_wconf 61' lang='lat' dir='ltr'><strong>laetitiae</strong></span> <span class='ocrx_word' id='word_1_501' title='bbox 1140 4362 1291 4402; x_wconf 72' lang='lat' dir='ltr'><strong>mete.</strong></span> <span class='ocrx_word' id='word_1_502' title='bbox 1337 4367 1356 4400; x_wconf 72' lang='grc' dir='ltr'><strong>ι</strong></span> <span class='ocrx_word' id='word_1_503' title='bbox 1389 4348 1699 4413; x_wconf 88' lang='lat' dir='ltr'><strong>Summam,</strong></span> <span class='ocrx_word' id='word_1_504' title='bbox 1735 4347 1934 4417; x_wconf 88' lang='lat' dir='ltr'><strong>inquit,</strong></span> <span class='ocrx_word' id='word_1_505' title='bbox 1970 4347 2174 4402; x_wconf 73' lang='lat' dir='ltr'><strong>laetitia:</strong></span> 
     </span>
    </p>
   </div>
   <div class='ocr_carea' id='block_1_75' title="bbox 584 4439 2174 4511">
    <p class='ocr_par' dir='ltr' id='par_1_75' title="bbox 584 4439 2174 4511">
     <span class='ocr_line' id='line_1_75' title="bbox 584 4439 2174 4511; baseline 0.001 -20"><span class='ocrx_word' id='word_1_506' title='bbox 584 4439 661 4491; x_wconf 93' lang='lat' dir='ltr'><strong>tui</strong></span> <span class='ocrx_word' id='word_1_507' title='bbox 698 4451 1060 4510; x_wconf 89' lang='lat' dir='ltr'><strong>conspectum</strong></span> <span class='ocrx_word' id='word_1_508' title='bbox 1095 4439 1260 4503; x_wconf 86' lang='lat' dir='ltr'><strong>duco,</strong></span> <span class='ocrx_word' id='word_1_509' title='bbox 1314 4450 1576 4511; x_wconf 88' lang='lat' dir='ltr'><strong>tuamque</strong></span> <span class='ocrx_word' id='word_1_510' title='bbox 1607 4441 2085 4504; x_wconf 89' lang='lat' dir='ltr'><strong>instaurationem,</strong></span> <span class='ocrx_word' id='word_1_511' title='bbox 2118 4447 2174 4493; x_wconf 89' lang='lat' dir='ltr'><strong>et</strong></span> 
     </span>
    </p>
   </div>
   <div class='ocr_carea' id='block_1_76' title="bbox 586 4531 2173 4602">
    <p class='ocr_par' dir='ltr' id='par_1_76' title="bbox 586 4531 2173 4602">
     <span class='ocr_line' id='line_1_76' title="bbox 586 4531 2173 4602; baseline 0.002 -18"><span class='ocrx_word' id='word_1_512' title='bbox 586 4540 710 4585; x_wconf 89' lang='lat' dir='ltr'><strong>tuas</strong></span> <span class='ocrx_word' id='word_1_513' title='bbox 744 4533 1117 4589; x_wconf 87' lang='lat' dir='ltr'><strong>celebritates.</strong></span> <span class='ocrx_word' id='word_1_514' title='bbox 1147 4531 1223 4586; x_wconf 85' lang='lat' dir='ltr'><strong>Ex</strong></span> <span class='ocrx_word' id='word_1_515' title='bbox 1260 4533 1349 4589; x_wconf 90' lang='lat' dir='ltr'><strong>his</strong></span> <span class='ocrx_word' id='word_1_516' title='bbox 1375 4533 1522 4589; x_wconf 90' lang='lat' dir='ltr'><strong>enim</strong></span> <span class='ocrx_word' id='word_1_517' title='bbox 1552 4548 1738 4587; x_wconf 88' lang='lat' dir='ltr'><strong>veram</strong></span> <span class='ocrx_word' id='word_1_518' title='bbox 1773 4533 2019 4587; x_wconf 83' lang='lat' dir='ltr'><strong>laetitiam</strong></span> <span class='ocrx_word' id='word_1_519' title='bbox 2046 4548 2173 4602; x_wconf 89' lang='lat' dir='ltr'><strong>per-</strong></span> 
     </span>
    </p>
   </div>
   <div class='ocr_carea' id='block_1_77' title="bbox 585 4623 750 4691">
    <p class='ocr_par' dir='ltr' id='par_1_77' title="bbox 585 4623 750 4691">
     <span class='ocr_line' id='line_1_77' title="bbox 585 4623 750 4691; baseline 0.006 -16"><span class='ocrx_word' id='word_1_520' title='bbox 585 4623 750 4691; x_wconf 88' lang='lat' dir='ltr'><strong>cipio.</strong></span> 
     </span>
    </p>
   </div>
   <div class='ocr_carea' id='block_1_78' title="bbox 658 4724 2178 4805">
    <p class='ocr_par' dir='ltr' id='par_1_78' title="bbox 658 4724 2178 4805">
     <span class='ocr_line' id='line_1_78' title="bbox 658 4724 2178 4805; baseline 0.001 -16"><span class='ocrx_word' id='word_1_521' title='bbox 658 4735 825 4790; x_wconf 75' lang='lat' dir='ltr'><strong>Vens.</strong></span> <span class='ocrx_word' id='word_1_522' title='bbox 866 4737 920 4789; x_wconf 89' lang='lat'><strong>7.</strong></span> <span class='ocrx_word' id='word_1_523' title='bbox 969 4756 987 4789; x_wconf 83' lang='grc' dir='ltr'><strong>ι</strong></span> <span class='ocrx_word' id='word_1_524' title='bbox 1026 4735 1231 4792; x_wconf 81' lang='lat' dir='ltr'><strong>Memor</strong></span> <span class='ocrx_word' id='word_1_525' title='bbox 1259 4748 1404 4803; x_wconf 90' lang='lat' dir='ltr'><strong>esto,</strong></span> <span class='ocrx_word' id='word_1_526' title='bbox 1437 4737 1689 4805; x_wconf 87' lang='lat' dir='ltr'><strong>Domine,</strong></span> <span class='ocrx_word' id='word_1_527' title='bbox 1724 4724 1959 4794; x_wconf 80' lang='lat' dir='ltr'><strong>ﬁliorum</strong></span> <span class='ocrx_word' id='word_1_528' title='bbox 2005 4738 2178 4792; x_wconf 85' lang='lat' dir='ltr'><strong>Edom</strong></span> 
     </span>
    </p>
   </div>
   <div class='ocr_carea' id='block_1_79' title="bbox 586 4827 2181 4900">
    <p class='ocr_par' dir='ltr' id='par_1_79' title="bbox 586 4827 2181 4900">
     <span class='ocr_line' id='line_1_79' title="bbox 586 4827 2181 4900; baseline 0.003 -19"><span class='ocrx_word' id='word_1_529' title='bbox 586 4827 641 4881; x_wconf 87' lang='lat' dir='ltr'><strong>in</strong></span> <span class='ocrx_word' id='word_1_530' title='bbox 679 4828 768 4882; x_wconf 89' lang='lat' dir='ltr'><strong>die</strong></span> <span class='ocrx_word' id='word_1_531' title='bbox 793 4828 1206 4900; x_wconf 72' lang='lat' dir='ltr'><strong>Hierosolymte,</strong></span> <span class='ocrx_word' id='word_1_532' title='bbox 1241 4831 1333 4897; x_wconf 89' lang='lat' dir='ltr'><strong>qui</strong></span> <span class='ocrx_word' id='word_1_533' title='bbox 1365 4830 1559 4887; x_wconf 87' lang='lat' dir='ltr'><strong>dicunt</strong></span> <span class='ocrx_word' id='word_1_534' title='bbox 1591 4850 1604 4886; x_wconf 90' lang='lat'>:</span> <span class='ocrx_word' id='word_1_535' title='bbox 1635 4832 1953 4897; x_wconf 78' lang='lat' dir='ltr'><strong>Exinanite,</strong></span> <span class='ocrx_word' id='word_1_536' title='bbox 1988 4831 2181 4888; x_wconf 79' lang='lat' dir='ltr'><strong>exina-</strong></span> 
     </span>
    </p>
   </div>
   <div class='ocr_carea' id='block_1_80' title="bbox 587 4918 2176 4986">
    <p class='ocr_par' dir='ltr' id='par_1_80' title="bbox 587 4918 2176 4986">
     <span class='ocr_line' id='line_1_80' title="bbox 587 4918 2176 4986; baseline 0.003 -15"><span class='ocrx_word' id='word_1_537' title='bbox 587 4923 700 4972; x_wconf 88' lang='lat' dir='ltr'><strong>nite</strong></span> <span class='ocrx_word' id='word_1_538' title='bbox 746 4934 921 4986; x_wconf 87' lang='lat' dir='ltr'><strong>usque</strong></span> <span class='ocrx_word' id='word_1_539' title='bbox 972 4920 1040 4972; x_wconf 89' lang='lat' dir='ltr'><strong>ad</strong></span> <span class='ocrx_word' id='word_1_540' title='bbox 1097 4918 1517 4976; x_wconf 79' lang='lat' dir='ltr'><strong>fundamentum</strong></span> <span class='ocrx_word' id='word_1_541' title='bbox 1561 4924 1615 4977; x_wconf 92' lang='lat' dir='ltr'><strong>in</strong></span> <span class='ocrx_word' id='word_1_542' title='bbox 1651 4939 1738 4979; x_wconf 88' lang='lat' dir='ltr'><strong>ea.</strong></span> <span class='ocrx_word' id='word_1_543' title='bbox 1781 4943 1800 4976; x_wconf 74' lang='grc' dir='ltr'><strong>ι</strong></span> <span class='ocrx_word' id='word_1_544' title='bbox 1833 4923 2059 4979; x_wconf 72' lang='lat' dir='ltr'><strong>Idummi</strong></span> <span class='ocrx_word' id='word_1_545' title='bbox 2111 4939 2176 4977; x_wconf 76' lang='lat' dir='ltr'><strong>ex</strong></span> 
     </span>
    </p>
   </div>
   <div class='ocr_carea' id='block_1_81' title="bbox 588 5009 2176 5085">
    <p class='ocr_par' dir='ltr' id='par_1_81' title="bbox 588 5009 2176 5085">
     <span class='ocr_line' id='line_1_81' title="bbox 588 5009 2176 5085; baseline 0.003 -21"><span class='ocrx_word' id='word_1_546' title='bbox 588 5009 773 5064; x_wconf 84' lang='lat' dir='ltr'><strong>Esauo</strong></span> <span class='ocrx_word' id='word_1_547' title='bbox 807 5010 1226 5075; x_wconf 87' lang='lat' dir='ltr'><strong>descendentes,</strong></span> <span class='ocrx_word' id='word_1_548' title='bbox 1261 5012 1315 5065; x_wconf 92' lang='lat' dir='ltr'><strong>in</strong></span> <span class='ocrx_word' id='word_1_549' title='bbox 1342 5014 1537 5082; x_wconf 89' lang='lat' dir='ltr'><strong>patriis</strong></span> <span class='ocrx_word' id='word_1_550' title='bbox 1573 5014 1878 5071; x_wconf 88' lang='lat' dir='ltr'><strong>inimicitiis</strong></span> <span class='ocrx_word' id='word_1_551' title='bbox 1920 5014 2176 5085; x_wconf 83' lang='lat' dir='ltr'><strong>perstite-</strong></span> 
     </span>
    </p>
   </div>
   <div class='ocr_carea' id='block_1_82' title="bbox 588 5099 2175 5172">
    <p class='ocr_par' dir='ltr' id='par_1_82' title="bbox 588 5099 2175 5172">
     <span class='ocr_line' id='line_1_82' title="bbox 588 5099 2175 5172; baseline 0.004 -17"><span class='ocrx_word' id='word_1_552' title='bbox 588 5111 736 5156; x_wconf 86' lang='lat' dir='ltr'><strong>runt.</strong></span> <span class='ocrx_word' id='word_1_553' title='bbox 774 5099 868 5155; x_wconf 83' lang='lat' dir='ltr'><strong>Isti</strong></span> <span class='ocrx_word' id='word_1_554' title='bbox 906 5100 1285 5172; x_wconf 79' lang='lat' dir='ltr'><strong>Hierosolyma</strong></span> <span class='ocrx_word' id='word_1_555' title='bbox 1332 5114 1558 5159; x_wconf 87' lang='lat' dir='ltr'><strong>accensa</strong></span> <span class='ocrx_word' id='word_1_556' title='bbox 1582 5113 1638 5158; x_wconf 92' lang='lat' dir='ltr'><strong>et</strong></span> <span class='ocrx_word' id='word_1_557' title='bbox 1685 5106 1988 5171; x_wconf 84' lang='lat' dir='ltr'><strong>destructa,</strong></span> <span class='ocrx_word' id='word_1_558' title='bbox 2018 5106 2175 5161; x_wconf 89' lang='lat' dir='ltr'><strong>dice-</strong></span> 
     </span>
    </p>
   </div>
   <div class='ocr_carea' id='block_1_83' title="bbox 586 5191 2178 5268">
    <p class='ocr_par' dir='ltr' id='par_1_83' title="bbox 586 5191 2178 5268">
     <span class='ocr_line' id='line_1_83' title="bbox 586 5191 2178 5268; baseline 0.003 -20"><span class='ocrx_word' id='word_1_559' title='bbox 586 5193 723 5249; x_wconf 90' lang='lat' dir='ltr'><strong>bant</strong></span> <span class='ocrx_word' id='word_1_560' title='bbox 768 5193 1068 5248; x_wconf 71' lang='lat' dir='ltr'><strong>laztantes:</strong></span> <span class='ocrx_word' id='word_1_561' title='bbox 1118 5210 1136 5243; x_wconf 79' lang='grc' dir='ltr'><strong>ι</strong></span> <span class='ocrx_word' id='word_1_562' title='bbox 1189 5191 1502 5259; x_wconf 80' lang='lat' dir='ltr'><strong>Exinanite,</strong></span> <span class='ocrx_word' id='word_1_563' title='bbox 1552 5197 1832 5255; x_wconf 79' lang='lat' dir='ltr'><strong>exinanite</strong></span> <span class='ocrx_word' id='word_1_564' title='bbox 1887 5212 2062 5268; x_wconf 89' lang='lat' dir='ltr'><strong>usque</strong></span> <span class='ocrx_word' id='word_1_565' title='bbox 2106 5197 2178 5253; x_wconf 87' lang='lat' dir='ltr'><strong>ad</strong></span> 
     </span>
    </p>
   </div>
   <div class='ocr_carea' id='block_1_84' title="bbox 2274 3215 3221 3289">
    <p class='ocr_par' dir='ltr' id='par_1_84' title="bbox 2274 3215 3221 3289">
     <span class='ocr_line' id='line_1_84' title="bbox 2274 3215 3221 3289; baseline -0.001 -18"><span class='ocrx_word' id='word_1_566' title='bbox 2274 3217 2409 3289; x_wconf 89' lang='grc' dir='ltr'>ρίων</span> <span class='ocrx_word' id='word_1_567' title='bbox 2435 3216 2837 3270; x_wconf 81' lang='grc' dir='ltr'>ἐπιτελούντων</span> <span class='ocrx_word' id='word_1_568' title='bbox 2887 3215 2958 3269; x_wconf 82' lang='grc' dir='ltr'>τὰ</span> <span class='ocrx_word' id='word_1_569' title='bbox 2988 3216 3221 3287; x_wconf 83' lang='grc' dir='ltr'>νόμιμα.</span> 
     </span>
    </p>
   </div>
   <div class='ocr_carea' id='block_1_85' title="bbox 2343 3327 3843 3401">
    <p class='ocr_par' dir='ltr' id='par_1_85' title="bbox 2343 3327 3843 3401">
     <span class='ocr_line' id='line_1_85' title="bbox 2343 3327 3843 3401; baseline -0.005 -17"><span class='ocrx_word' id='word_1_570' title='bbox 2343 3331 2405 3395; x_wconf 86' lang='grc' dir='ltr'>ε’,</span> <span class='ocrx_word' id='word_1_571' title='bbox 2432 3331 2506 3396; x_wconf 86' lang='grc' dir='ltr'><strong>ς’.</strong></span> <span class='ocrx_word' id='word_1_572' title='bbox 2539 3349 2558 3383; x_wconf 77' lang='grc' dir='ltr'><strong>ι</strong></span> <span class='ocrx_word' id='word_1_573' title='bbox 2598 3330 2725 3384; x_wconf 78' lang='grc' dir='ltr'><strong>Ἐὰν</strong></span> <span class='ocrx_word' id='word_1_574' title='bbox 2752 3328 3107 3400; x_wconf 79' lang='grc' dir='ltr'>ἐπιλάθωμαί</span> <span class='ocrx_word' id='word_1_575' title='bbox 3137 3328 3635 3401; x_wconf 81' lang='grc' dir='ltr'>σου,’ῐερουσαλήμ</span> <span class='ocrx_word' id='word_1_576' title='bbox 3650 3328 3712 3394; x_wconf 71' lang='grc' dir='ltr'>δ’,</span> <span class='ocrx_word' id='word_1_577' title='bbox 3739 3327 3843 3379; x_wconf 85' lang='grc' dir='ltr'>ἐπι-</span> 
     </span>
    </p>
   </div>
   <div class='ocr_carea' id='block_1_86' title="bbox 2271 3414 3845 3495">
    <p class='ocr_par' dir='ltr' id='par_1_86' title="bbox 2271 3414 3845 3495">
     <span class='ocr_line' id='line_1_86' title="bbox 2271 3414 3845 3495; baseline -0.006 -16"><span class='ocrx_word' id='word_1_578' title='bbox 2271 3425 2496 3495; x_wconf 84' lang='grc' dir='ltr'>λησθείη</span> <span class='ocrx_word' id='word_1_579' title='bbox 2542 3426 2576 3495; x_wconf 93' lang='grc' dir='ltr'><strong>ή</strong></span> <span class='ocrx_word' id='word_1_580' title='bbox 2606 3423 2757 3488; x_wconf 82' lang='grc' dir='ltr'>δεξιά</span> <span class='ocrx_word' id='word_1_581' title='bbox 2789 3440 2914 3494; x_wconf 90' lang='grc' dir='ltr'>μου.</span> <span class='ocrx_word' id='word_1_582' title='bbox 2955 3422 3261 3494; x_wconf 82' lang='grc' dir='ltr'>Κολληθείη</span> <span class='ocrx_word' id='word_1_583' title='bbox 3308 3423 3342 3493; x_wconf 88' lang='grc' dir='ltr'><strong>ή</strong></span> <span class='ocrx_word' id='word_1_584' title='bbox 3375 3421 3601 3491; x_wconf 87' lang='grc' dir='ltr'>γλῶσσά</span> <span class='ocrx_word' id='word_1_585' title='bbox 3643 3436 3737 3492; x_wconf 90' lang='grc' dir='ltr'><strong>μου</strong></span> <span class='ocrx_word' id='word_1_586' title='bbox 3776 3414 3845 3486; x_wconf 81' lang='grc' dir='ltr'>τῷ</span> 
     </span>
    </p>
   </div>
   <div class='ocr_carea' id='block_1_87' title="bbox 2271 3506 3844 3589">
    <p class='ocr_par' dir='ltr' id='par_1_87' title="bbox 2271 3506 3844 3589">
     <span class='ocr_line' id='line_1_87' title="bbox 2271 3506 3844 3589; baseline -0.008 -18"><span class='ocrx_word' id='word_1_587' title='bbox 2271 3517 2513 3589; x_wconf 86' lang='grc' dir='ltr'>λάρυγγί</span> <span class='ocrx_word' id='word_1_588' title='bbox 2543 3533 2668 3587; x_wconf 87' lang='grc' dir='ltr'>μου,</span> <span class='ocrx_word' id='word_1_589' title='bbox 2708 3516 2807 3570; x_wconf 84' lang='grc' dir='ltr'>ἐὰν</span> <span class='ocrx_word' id='word_1_590' title='bbox 2837 3516 2910 3586; x_wconf 87' lang='grc' dir='ltr'><strong>μή</strong></span> <span class='ocrx_word' id='word_1_591' title='bbox 2946 3531 3041 3568; x_wconf 92' lang='grc' dir='ltr'><strong>σου</strong></span> <span class='ocrx_word' id='word_1_592' title='bbox 3089 3513 3337 3586; x_wconf 82' lang='grc' dir='ltr'>μνησθῶ.</span> <span class='ocrx_word' id='word_1_593' title='bbox 3368 3532 3386 3565; x_wconf 72' lang='grc' dir='ltr'><strong>ι</strong></span> <span class='ocrx_word' id='word_1_594' title='bbox 3417 3512 3604 3568; x_wconf 81' lang='grc' dir='ltr'>Ταῦτα</span> <span class='ocrx_word' id='word_1_595' title='bbox 3636 3510 3735 3564; x_wconf 83' lang='grc' dir='ltr'><strong>ὑπὸ</strong></span> <span class='ocrx_word' id='word_1_596' title='bbox 3759 3506 3844 3561; x_wconf 83' lang='grc' dir='ltr'>τοῦ</span> 
     </span>
    </p>
   </div>
   <div class='ocr_carea' id='block_1_88' title="bbox 2274 3598 3847 3681">
    <p class='ocr_par' dir='ltr' id='par_1_88' title="bbox 2274 3598 3847 3681">
     <span class='ocr_line' id='line_1_88' title="bbox 2274 3598 3847 3681; baseline -0.005 -18"><span class='ocrx_word' id='word_1_597' title='bbox 2274 3611 2569 3681; x_wconf 82' lang='grc' dir='ltr'>Προφήτου</span> <span class='ocrx_word' id='word_1_598' title='bbox 2593 3608 2942 3663; x_wconf 84' lang='grc' dir='ltr'>διδάσκονται</span> <span class='ocrx_word' id='word_1_599' title='bbox 2977 3607 3187 3677; x_wconf 83' lang='grc' dir='ltr'>λέγειν,</span> <span class='ocrx_word' id='word_1_600' title='bbox 3211 3607 3298 3660; x_wconf 79' lang='grc' dir='ltr'><strong>ἵνα</strong></span> <span class='ocrx_word' id='word_1_601' title='bbox 3324 3608 3429 3680; x_wconf 85' lang='grc' dir='ltr'><strong>τὴν</strong></span> <span class='ocrx_word' id='word_1_602' title='bbox 3452 3607 3554 3675; x_wconf 80' lang='grc' dir='ltr'>τῆς</span> <span class='ocrx_word' id='word_1_603' title='bbox 3587 3605 3732 3675; x_wconf 72' lang='grc' dir='ltr'>ἱερᾶς</span> <span class='ocrx_word' id='word_1_604' title='bbox 3764 3598 3847 3655; x_wconf 85' lang='grc' dir='ltr'>πό-</span> 
     </span>
    </p>
   </div>
   <div class='ocr_carea' id='block_1_89' title="bbox 2273 3695 3845 3775">
    <p class='ocr_par' dir='ltr' id='par_1_89' title="bbox 2273 3695 3845 3775">
     <span class='ocr_line' id='line_1_89' title="bbox 2273 3695 3845 3775; baseline -0.006 -18"><span class='ocrx_word' id='word_1_605' title='bbox 2273 3704 2411 3767; x_wconf 90' lang='grc' dir='ltr'>λεως</span> <span class='ocrx_word' id='word_1_606' title='bbox 2446 3703 2682 3775; x_wconf 78' lang='grc' dir='ltr'>ἄληστον</span> <span class='ocrx_word' id='word_1_607' title='bbox 2709 3702 2877 3773; x_wconf 82' lang='grc' dir='ltr'>ἔχωσι</span> <span class='ocrx_word' id='word_1_608' title='bbox 2909 3703 3154 3773; x_wconf 89' lang='grc' dir='ltr'>μνήμην,</span> <span class='ocrx_word' id='word_1_609' title='bbox 3186 3701 3245 3753; x_wconf 86' lang='grc' dir='ltr'><strong>ἐν</strong></span> <span class='ocrx_word' id='word_1_610' title='bbox 3270 3703 3395 3765; x_wconf 89' lang='grc' dir='ltr'>ταῖς</span> <span class='ocrx_word' id='word_1_611' title='bbox 3421 3699 3605 3754; x_wconf 84' lang='grc' dir='ltr'>ἐλπίσι</span> <span class='ocrx_word' id='word_1_612' title='bbox 3633 3697 3728 3767; x_wconf 82' lang='grc' dir='ltr'>τῆς</span> <span class='ocrx_word' id='word_1_613' title='bbox 3761 3695 3845 3747; x_wconf 78' lang='grc' dir='ltr'>ἐπ·</span> 
     </span>
    </p>
   </div>
   <div class='ocr_carea' id='block_1_90' title="bbox 2274 3782 3847 3865">
    <p class='ocr_par' dir='ltr' id='par_1_90' title="bbox 2274 3782 3847 3865">
     <span class='ocr_line' id='line_1_90' title="bbox 2274 3782 3847 3865; baseline -0.008 -15"><span class='ocrx_word' id='word_1_614' title='bbox 2274 3796 2467 3851; x_wconf 88' lang='grc' dir='ltr'>ανόδου</span> <span class='ocrx_word' id='word_1_615' title='bbox 2517 3793 3037 3865; x_wconf 73' lang='grc' dir='ltr'>ψυχαγωγούμενοι,</span> <span class='ocrx_word' id='word_1_616' title='bbox 3073 3791 3181 3846; x_wconf 91' lang='grc' dir='ltr'><strong>τῶν</strong></span> <span class='ocrx_word' id='word_1_617' title='bbox 3223 3790 3739 3862; x_wconf 58' lang='grc' dir='ltr'>ἀνδραποδισὼτων</span> <span class='ocrx_word' id='word_1_618' title='bbox 3783 3782 3847 3855; x_wconf 82' lang='grc' dir='ltr'>μὴ</span> 
     </span>
    </p>
   </div>
   <div class='ocr_carea' id='block_1_91' title="bbox 2280 3877 3847 3960">
    <p class='ocr_par' dir='ltr' id='par_1_91' title="bbox 2280 3877 3847 3960">
     <span class='ocr_line' id='line_1_91' title="bbox 2280 3877 3847 3960; baseline -0.008 -16"><span class='ocrx_word' id='word_1_619' title='bbox 2280 3889 2495 3960; x_wconf 84' lang='grc' dir='ltr'>μάθωσι</span> <span class='ocrx_word' id='word_1_620' title='bbox 2520 3889 2620 3958; x_wconf 81' lang='grc' dir='ltr'>τὴν</span> <span class='ocrx_word' id='word_1_621' title='bbox 2651 3886 2933 3941; x_wconf 88' lang='grc' dir='ltr'>ἀσέϐειαν.</span> <span class='ocrx_word' id='word_1_622' title='bbox 2954 3885 3192 3953; x_wconf 79' lang='grc' dir='ltr'>Λέγουσι</span> <span class='ocrx_word' id='word_1_623' title='bbox 3220 3885 3428 3949; x_wconf 86' lang='grc' dir='ltr'>τοίνυν,</span> <span class='ocrx_word' id='word_1_624' title='bbox 3460 3884 3544 3938; x_wconf 82' lang='grc' dir='ltr'><strong>ὅτι</strong></span> <span class='ocrx_word' id='word_1_625' title='bbox 3576 3880 3707 3935; x_wconf 81' lang='grc' dir='ltr'>Οὐδὲ</span> <span class='ocrx_word' id='word_1_626' title='bbox 3731 3877 3847 3948; x_wconf 74' lang='grc' dir='ltr'>πόρ-</span> 
     </span>
    </p>
   </div>
   <div class='ocr_carea' id='block_1_92' title="bbox 2280 3971 3848 4054">
    <p class='ocr_par' dir='ltr' id='par_1_92' title="bbox 2280 3971 3848 4054">
     <span class='ocr_line' id='line_1_92' title="bbox 2280 3971 3848 4054; baseline -0.011 -18"><span class='ocrx_word' id='word_1_627' title='bbox 2280 3986 2359 4054; x_wconf 78' lang='grc' dir='ltr'><strong>ρω</strong></span> <span class='ocrx_word' id='word_1_628' title='bbox 2396 3998 2488 4035; x_wconf 91' lang='grc' dir='ltr'><strong>σου</strong></span> <span class='ocrx_word' id='word_1_629' title='bbox 2519 3980 2828 4049; x_wconf 82' lang='grc' dir='ltr'>τυγχάνων,</span> <span class='ocrx_word' id='word_1_630' title='bbox 2854 3972 2901 4032; x_wconf 82' lang='grc' dir='ltr'><strong>ὧ</strong></span> <span class='ocrx_word' id='word_1_631' title='bbox 2938 3974 3318 4049; x_wconf 79' lang='grc' dir='ltr'>Ἰερουσαλήμ,</span> <span class='ocrx_word' id='word_1_632' title='bbox 3350 3976 3493 4049; x_wconf 79' lang='grc' dir='ltr'>λήθῃ</span> <span class='ocrx_word' id='word_1_633' title='bbox 3525 3975 3623 4045; x_wconf 85' lang='grc' dir='ltr'><strong>τὴν</strong></span> <span class='ocrx_word' id='word_1_634' title='bbox 3648 3971 3848 4045; x_wconf 85' lang='grc' dir='ltr'>μνήμην</span> 
     </span>
    </p>
   </div>
   <div class='ocr_carea' id='block_1_93' title="bbox 2278 4061 3845 4143">
    <p class='ocr_par' dir='ltr' id='par_1_93' title="bbox 2278 4061 3845 4143">
     <span class='ocr_line' id='line_1_93' title="bbox 2278 4061 3845 4143; baseline -0.012 -16"><span class='ocrx_word' id='word_1_635' title='bbox 2278 4072 2645 4143; x_wconf 78' lang='grc' dir='ltr'>παραδέδωκα</span> <span class='ocrx_word' id='word_1_636' title='bbox 2669 4084 2684 4102; x_wconf 76' lang='grc'>⁸</span> <span class='ocrx_word' id='word_1_637' title='bbox 2719 4072 2771 4123; x_wconf 86' lang='grc' dir='ltr'>εἰ</span> <span class='ocrx_word' id='word_1_638' title='bbox 2814 4069 2872 4123; x_wconf 84' lang='grc' dir='ltr'>δὲ</span> <span class='ocrx_word' id='word_1_639' title='bbox 2921 4066 3082 4122; x_wconf 85' lang='grc' dir='ltr'>τοῦτο</span> <span class='ocrx_word' id='word_1_640' title='bbox 3124 4067 3446 4138; x_wconf 87' lang='grc' dir='ltr'>ποιήσαιμι,</span> <span class='ocrx_word' id='word_1_641' title='bbox 3477 4065 3637 4121; x_wconf 77' lang='grc' dir='ltr'>τοῦτο</span> <span class='ocrx_word' id='word_1_642' title='bbox 3674 4061 3845 4116; x_wconf 80' lang='grc' dir='ltr'>πάθοι-</span> 
     </span>
    </p>
   </div>
   <div class='ocr_carea' id='block_1_94' title="bbox 2279 4151 3847 4236">
    <p class='ocr_par' dir='ltr' id='par_1_94' title="bbox 2279 4151 3847 4236">
     <span class='ocr_line' id='line_1_94' title="bbox 2279 4151 3847 4236; baseline -0.009 -17"><span class='ocrx_word' id='word_1_643' title='bbox 2279 4182 2340 4236; x_wconf 87' lang='grc' dir='ltr'><strong>μι</strong></span> <span class='ocrx_word' id='word_1_644' title='bbox 2367 4164 2435 4229; x_wconf 80' lang='grc'><strong>⁸⁸,</strong></span> <span class='ocrx_word' id='word_1_645' title='bbox 2467 4162 2565 4217; x_wconf 76' lang='grc' dir='ltr'>καὶ</span> <span class='ocrx_word' id='word_1_646' title='bbox 2597 4161 2699 4232; x_wconf 82' lang='grc' dir='ltr'><strong>τῆς</strong></span> <span class='ocrx_word' id='word_1_647' title='bbox 2728 4160 2937 4216; x_wconf 80' lang='grc' dir='ltr'>ἄνωθεν</span> <span class='ocrx_word' id='word_1_648' title='bbox 2974 4157 3229 4231; x_wconf 89' lang='grc' dir='ltr'>βοηθείας</span> <span class='ocrx_word' id='word_1_649' title='bbox 3262 4158 3340 4229; x_wconf 83' lang='grc' dir='ltr'><strong>μὴ</strong></span> <span class='ocrx_word' id='word_1_650' title='bbox 3372 4158 3623 4229; x_wconf 84' lang='grc' dir='ltr'>τύχοιμι.</span> <span class='ocrx_word' id='word_1_651' title='bbox 3653 4151 3847 4218; x_wconf 83' lang='grc' dir='ltr'>Ταύτην</span> 
     </span>
    </p>
   </div>
   <div class='ocr_carea' id='block_1_95' title="bbox 2276 4241 3846 4329">
    <p class='ocr_par' dir='ltr' id='par_1_95' title="bbox 2276 4241 3846 4329">
     <span class='ocr_line' id='line_1_95' title="bbox 2276 4241 3846 4329; baseline -0.013 -18"><span class='ocrx_word' id='word_1_652' title='bbox 2276 4259 2382 4329; x_wconf 86' lang='grc' dir='ltr'>γὰρ</span> <span class='ocrx_word' id='word_1_653' title='bbox 2415 4256 2573 4309; x_wconf 83' lang='grc' dir='ltr'>καλεῖ</span> <span class='ocrx_word' id='word_1_654' title='bbox 2593 4253 2820 4319; x_wconf 80' lang='grc' dir='ltr'>δεξιάν.</span> <span class='ocrx_word' id='word_1_655' title='bbox 2853 4271 2873 4304; x_wconf 76' lang='grc' dir='ltr'><strong>ι</strong></span> <span class='ocrx_word' id='word_1_656' title='bbox 2915 4251 3042 4305; x_wconf 79' lang='grc' dir='ltr'>Ἐὰν</span> <span class='ocrx_word' id='word_1_657' title='bbox 3074 4248 3149 4321; x_wconf 83' lang='grc' dir='ltr'>μὴ</span> <span class='ocrx_word' id='word_1_658' title='bbox 3173 4246 3736 4322; x_wconf 73' lang='grc' dir='ltr'><strong>προσανατάεωμιιιι⁸9</strong></span> <span class='ocrx_word' id='word_1_659' title='bbox 3764 4241 3846 4310; x_wconf 79' lang='grc' dir='ltr'><strong>τήν</strong></span> 
     </span>
    </p>
   </div>
   <div class='ocr_carea' id='block_1_96' title="bbox 2290 4331 3849 4420">
    <p class='ocr_par' dir='ltr' id='par_1_96' title="bbox 2290 4331 3849 4420">
     <span class='ocr_line' id='line_1_96' title="bbox 2290 4331 3849 4420; baseline -0.01 -18"><span class='ocrx_word' id='word_1_660' title='bbox 2290 4346 2674 4420; x_wconf 80' lang='grc' dir='ltr'>Ἰερουσαλὴμ,</span> <span class='ocrx_word' id='word_1_661' title='bbox 2696 4345 2772 4408; x_wconf 84' lang='grc' dir='ltr'>ὡς</span> <span class='ocrx_word' id='word_1_662' title='bbox 2799 4346 2857 4398; x_wconf 87' lang='grc' dir='ltr'><strong>ἐν</strong></span> <span class='ocrx_word' id='word_1_663' title='bbox 2889 4345 3032 4415; x_wconf 79' lang='grc' dir='ltr'>ἀρχῇ</span> <span class='ocrx_word' id='word_1_664' title='bbox 3054 4343 3152 4413; x_wconf 77' lang='grc' dir='ltr'>τῆς</span> <span class='ocrx_word' id='word_1_665' title='bbox 3190 4342 3543 4415; x_wconf 80' lang='grc' dir='ltr'>εὐφροσύνης</span> <span class='ocrx_word' id='word_1_666' title='bbox 3567 4358 3667 4409; x_wconf 85' lang='grc' dir='ltr'><strong>μου</strong></span> <span class='ocrx_word' id='word_1_667' title='bbox 3690 4381 3703 4397; x_wconf 94' lang='grc'><strong><em>.</em></strong></span> <span class='ocrx_word' id='word_1_668' title='bbox 3737 4356 3755 4389; x_wconf 76' lang='grc' dir='ltr'><strong>ι</strong></span> <span class='ocrx_word' id='word_1_669' title='bbox 3786 4331 3849 4386; x_wconf 73' lang='grc' dir='ltr'><strong>Τὸ</strong></span> 
     </span>
    </p>
   </div>
   <div class='ocr_carea' id='block_1_97' title="bbox 2204 4426 3847 4530">
    <p class='ocr_par' dir='ltr' id='par_1_97' title="bbox 2204 4426 3847 4530">
     <span class='ocr_line' id='line_1_97' title="bbox 2204 4426 3847 4530; baseline -0.01 -32"><span class='ocrx_word' id='word_1_670' title='bbox 2204 4475 2248 4530; x_wconf 77' lang='lat' dir='ltr'><strong><em>D</em></strong></span> <span class='ocrx_word' id='word_1_671' title='bbox 2278 4441 2580 4511; x_wconf 82' lang='grc' dir='ltr'>κεφάλαιον</span> <span class='ocrx_word' id='word_1_672' title='bbox 2619 4480 2635 4505; x_wconf 91' lang='grc'><strong>,</strong></span> <span class='ocrx_word' id='word_1_673' title='bbox 2685 4436 2824 4507; x_wconf 82' lang='grc' dir='ltr'>φησὶ</span> <span class='ocrx_word' id='word_1_674' title='bbox 2853 4480 2868 4504; x_wconf 92' lang='grc'><strong>,</strong></span> <span class='ocrx_word' id='word_1_675' title='bbox 2897 4437 2997 4508; x_wconf 84' lang='grc' dir='ltr'><strong>τῆς</strong></span> <span class='ocrx_word' id='word_1_676' title='bbox 3033 4437 3392 4530; x_wconf 18' lang='grc' dir='ltr'>*εὐφροσύνης</span> <span class='ocrx_word' id='word_1_677' title='bbox 3440 4436 3581 4530; x_wconf 14' lang='grc' dir='ltr'>τὴν»</span> <span class='ocrx_word' id='word_1_678' title='bbox 3616 4431 3711 4503; x_wconf 82' lang='grc' dir='ltr'><strong>σὴν</strong></span> <span class='ocrx_word' id='word_1_679' title='bbox 3755 4426 3847 4530; x_wconf 61' lang='grc' dir='ltr'>ἔχιν</span> 
     </span>
    </p>
   </div>
   <div class='ocr_carea' id='block_1_98' title="bbox 2280 4516 3849 4602">
    <p class='ocr_par' dir='ltr' id='par_1_98' title="bbox 2280 4516 3849 4602">
     <span class='ocr_line' id='line_1_98' title="bbox 2280 4516 3849 4602; baseline -0.011 -14"><span class='ocrx_word' id='word_1_680' title='bbox 2280 4534 2430 4597; x_wconf 80' lang='grc' dir='ltr'>θέαν,</span> <span class='ocrx_word' id='word_1_681' title='bbox 2458 4533 2554 4588; x_wconf 77' lang='grc' dir='ltr'>καὶ</span> <span class='ocrx_word' id='word_1_682' title='bbox 2574 4531 2671 4602; x_wconf 83' lang='grc' dir='ltr'>τὴν</span> <span class='ocrx_word' id='word_1_683' title='bbox 2699 4530 2798 4602; x_wconf 79' lang='grc' dir='ltr'><strong>σὴν</strong></span> <span class='ocrx_word' id='word_1_684' title='bbox 2822 4527 3131 4599; x_wconf 88' lang='grc' dir='ltr'>νεουργίαν,</span> <span class='ocrx_word' id='word_1_685' title='bbox 3164 4528 3259 4581; x_wconf 70' lang='grc' dir='ltr'><strong>καὶ</strong></span> <span class='ocrx_word' id='word_1_686' title='bbox 3296 4527 3397 4592; x_wconf 82' lang='grc' dir='ltr'><strong>τὰς</strong></span> <span class='ocrx_word' id='word_1_687' title='bbox 3423 4529 3483 4581; x_wconf 90' lang='grc' dir='ltr'><strong>ἐν</strong></span> <span class='ocrx_word' id='word_1_688' title='bbox 3511 4528 3595 4581; x_wconf 69' lang='grc' dir='ltr'><strong>σοι</strong></span> <span class='ocrx_word' id='word_1_689' title='bbox 3624 4516 3849 4589; x_wconf 85' lang='grc' dir='ltr'>πανηγύ-</span> 
     </span>
    </p>
   </div>
   <div class='ocr_carea' id='block_1_99' title="bbox 2284 4613 3846 4700">
    <p class='ocr_par' dir='ltr' id='par_1_99' title="bbox 2284 4613 3846 4700">
     <span class='ocr_line' id='line_1_99' title="bbox 2284 4613 3846 4700; baseline -0.013 -19"><span class='ocrx_word' id='word_1_690' title='bbox 2284 4628 2513 4700; x_wconf 86' lang='grc' dir='ltr'>ρεις.Δι’</span> <span class='ocrx_word' id='word_1_691' title='bbox 2527 4624 2753 4679; x_wconf 85' lang='grc' dir='ltr'>ἐκείνων</span> <span class='ocrx_word' id='word_1_692' title='bbox 2775 4624 2886 4694; x_wconf 78' lang='grc' dir='ltr'>γὰρ</span> <span class='ocrx_word' id='word_1_693' title='bbox 2915 4621 3239 4692; x_wconf 78' lang='grc' dir='ltr'>καρποῦμαι</span> <span class='ocrx_word' id='word_1_694' title='bbox 3256 4621 3358 4692; x_wconf 83' lang='grc' dir='ltr'><strong>τὴν</strong></span> <span class='ocrx_word' id='word_1_695' title='bbox 3379 4619 3565 4692; x_wconf 82' lang='grc' dir='ltr'>ἀληθῆ</span> <span class='ocrx_word' id='word_1_696' title='bbox 3580 4613 3846 4689; x_wconf 85' lang='grc' dir='ltr'>θυμηδίαν.</span> 
     </span>
    </p>
   </div>
   <div class='ocr_carea' id='block_1_100' title="bbox 2351 4723 3852 4807">
    <p class='ocr_par' dir='ltr' id='par_1_100' title="bbox 2351 4723 3852 4807">
     <span class='ocr_line' id='line_1_100' title="bbox 2351 4723 3852 4807; baseline -0.009 -16"><span class='ocrx_word' id='word_1_697' title='bbox 2351 4738 2418 4803; x_wconf 79' lang='grc' dir='ltr'><strong>ζ’.</strong></span> <span class='ocrx_word' id='word_1_698' title='bbox 2459 4734 2816 4807; x_wconf 84' lang='grc' dir='ltr'>ιΜνήσθητι,</span> <span class='ocrx_word' id='word_1_699' title='bbox 2873 4733 3070 4805; x_wconf 87' lang='grc' dir='ltr'>Κύριε,</span> <span class='ocrx_word' id='word_1_700' title='bbox 3122 4731 3235 4786; x_wconf 86' lang='grc' dir='ltr'><strong>τῶν</strong></span> <span class='ocrx_word' id='word_1_701' title='bbox 3297 4732 3436 4786; x_wconf 92' lang='grc' dir='ltr'>υἱῶν</span> <span class='ocrx_word' id='word_1_702' title='bbox 3458 4733 3505 4766; x_wconf 75' lang='grc' dir='ltr'><strong>³ο</strong></span> <span class='ocrx_word' id='word_1_703' title='bbox 3551 4729 3723 4798; x_wconf 84' lang='grc' dir='ltr'>Ἐδὼμ</span> <span class='ocrx_word' id='word_1_704' title='bbox 3766 4723 3852 4791; x_wconf 81' lang='grc' dir='ltr'>τὴν</span> 
     </span>
    </p>
   </div>
   <div class='ocr_carea' id='block_1_101' title="bbox 2279 4818 3851 4901">
    <p class='ocr_par' dir='ltr' id='par_1_101' title="bbox 2279 4818 3851 4901">
     <span class='ocr_line' id='line_1_101' title="bbox 2279 4818 3851 4901; baseline -0.01 -17"><span class='ocrx_word' id='word_1_705' title='bbox 2279 4829 2494 4901; x_wconf 81' lang='grc' dir='ltr'>ἡμέραν</span> <span class='ocrx_word' id='word_1_706' title='bbox 2524 4825 2912 4898; x_wconf 85' lang='grc' dir='ltr'>Ἰερουσαλὴμ,</span> <span class='ocrx_word' id='word_1_707' title='bbox 2941 4825 3053 4879; x_wconf 89' lang='grc' dir='ltr'><strong>τῶν</strong></span> <span class='ocrx_word' id='word_1_708' title='bbox 3085 4824 3357 4893; x_wconf 87' lang='grc' dir='ltr'>λεγόντων</span> <span class='ocrx_word' id='word_1_709' title='bbox 3382 4842 3394 4854; x_wconf 90' lang='grc'><strong>·</strong></span> <span class='ocrx_word' id='word_1_710' title='bbox 3420 4818 3851 4881; x_wconf 79' lang='grc' dir='ltr'>Ἐκκενοῦτε,ἐκ-</span> 
     </span>
    </p>
   </div>
   <div class='ocr_carea' id='block_1_102' title="bbox 2279 4904 3851 4988">
    <p class='ocr_par' dir='ltr' id='par_1_102' title="bbox 2279 4904 3851 4988">
     <span class='ocr_line' id='line_1_102' title="bbox 2279 4904 3851 4988; baseline -0.01 -12"><span class='ocrx_word' id='word_1_711' title='bbox 2279 4922 2502 4977; x_wconf 83' lang='grc' dir='ltr'>κενοῦτε</span> <span class='ocrx_word' id='word_1_712' title='bbox 2532 4921 2637 4984; x_wconf 78' lang='grc' dir='ltr'>ἓως</span> <span class='ocrx_word' id='word_1_713' title='bbox 2672 4919 2781 4972; x_wconf 89' lang='grc' dir='ltr'><strong>τῶν</strong></span> <span class='ocrx_word' id='word_1_714' title='bbox 2807 4916 3080 4988; x_wconf 87' lang='grc' dir='ltr'>θεμελίων</span> <span class='ocrx_word' id='word_1_715' title='bbox 3119 4917 3311 4984; x_wconf 82' lang='grc' dir='ltr'>αὐτῆς.</span> <span class='ocrx_word' id='word_1_716' title='bbox 3346 4935 3365 4968; x_wconf 69' lang='grc' dir='ltr'><strong>ι</strong></span> <span class='ocrx_word' id='word_1_717' title='bbox 3419 4917 3520 4972; x_wconf 83' lang='grc' dir='ltr'>Ἐκ</span> <span class='ocrx_word' id='word_1_718' title='bbox 3569 4913 3662 4968; x_wconf 82' lang='grc' dir='ltr'>τοῦ</span> <span class='ocrx_word' id='word_1_719' title='bbox 3701 4904 3851 4964; x_wconf 81' lang='grc' dir='ltr'><strong>Ἦσαῦ</strong></span> 
     </span>
    </p>
   </div>
   <div class='ocr_carea' id='block_1_103' title="bbox 2282 5000 3851 5083">
    <p class='ocr_par' dir='ltr' id='par_1_103' title="bbox 2282 5000 3851 5083">
     <span class='ocr_line' id='line_1_103' title="bbox 2282 5000 3851 5083; baseline -0.011 -16"><span class='ocrx_word' id='word_1_720' title='bbox 2282 5015 2332 5068; x_wconf 86' lang='lat' dir='ltr'><strong>ol</strong></span> <span class='ocrx_word' id='word_1_721' title='bbox 2388 5012 2677 5083; x_wconf 77' lang='grc' dir='ltr'>Ἰδουμαῖοι</span> <span class='ocrx_word' id='word_1_722' title='bbox 2728 5009 3096 5080; x_wconf 89' lang='grc' dir='ltr'>καταγόμενοι</span> <span class='ocrx_word' id='word_1_723' title='bbox 3138 5008 3420 5077; x_wconf 84' lang='grc' dir='ltr'>διέμειναν</span> <span class='ocrx_word' id='word_1_724' title='bbox 3465 5007 3565 5080; x_wconf 81' lang='grc' dir='ltr'><strong>τὴν</strong></span> <span class='ocrx_word' id='word_1_725' title='bbox 3616 5000 3851 5075; x_wconf 75' lang='grc' dir='ltr'>πατρῴαν</span> 
     </span>
    </p>
   </div>
   <div class='ocr_carea' id='block_1_104' title="bbox 2284 5097 3853 5174">
    <p class='ocr_par' dir='ltr' id='par_1_104' title="bbox 2284 5097 3853 5174">
     <span class='ocr_line' id='line_1_104' title="bbox 2284 5097 3853 5174; baseline -0.008 -16"><span class='ocrx_word' id='word_1_726' title='bbox 2284 5101 2613 5174; x_wconf 83' lang='grc' dir='ltr'>δυσμένειαν</span> <span class='ocrx_word' id='word_1_727' title='bbox 2637 5102 2874 5173; x_wconf 72' lang='grc' dir='ltr'>ἔχοντες.</span> <span class='ocrx_word' id='word_1_728' title='bbox 2903 5097 3065 5154; x_wconf 74' lang='grc' dir='ltr'>Οὗτοι</span> <span class='ocrx_word' id='word_1_729' title='bbox 3088 5101 3187 5170; x_wconf 85' lang='grc' dir='ltr'>τῆς</span> <span class='ocrx_word' id='word_1_730' title='bbox 3212 5099 3578 5171; x_wconf 82' lang='grc' dir='ltr'>Ἰερουσαλὴμ</span> <span class='ocrx_word' id='word_1_731' title='bbox 3596 5100 3853 5168; x_wconf 78' lang='grc' dir='ltr'>ἐμπιπρα-</span> 
     </span>
    </p>
   </div>
   <div class='ocr_carea' id='block_1_105' title="bbox 2293 5183 3854 5267">
    <p class='ocr_par' dir='ltr' id='par_1_105' title="bbox 2293 5183 3854 5267">
     <span class='ocr_line' id='line_1_105' title="bbox 2293 5183 3854 5267; baseline -0.008 -18"><span class='ocrx_word' id='word_1_732' title='bbox 2293 5195 2463 5267; x_wconf 83' lang='grc' dir='ltr'>μένης</span> <span class='ocrx_word' id='word_1_733' title='bbox 2491 5195 2586 5248; x_wconf 78' lang='grc' dir='ltr'>καὶ</span> <span class='ocrx_word' id='word_1_734' title='bbox 2619 5192 3058 5264; x_wconf 73' lang='grc' dir='ltr'>καταλυομένης,</span> <span class='ocrx_word' id='word_1_735' title='bbox 3088 5190 3277 5259; x_wconf 74' lang='grc' dir='ltr'>ἔλεγον</span> <span class='ocrx_word' id='word_1_736' title='bbox 3308 5190 3639 5261; x_wconf 83' lang='grc' dir='ltr'>ἐφηδόμενοι</span> <span class='ocrx_word' id='word_1_737' title='bbox 3658 5205 3672 5219; x_wconf 87' lang='grc'><strong>·</strong></span> <span class='ocrx_word' id='word_1_738' title='bbox 3692 5205 3710 5238; x_wconf 79' lang='grc' dir='ltr'><strong>ι</strong></span> <span class='ocrx_word' id='word_1_739' title='bbox 3752 5183 3854 5236; x_wconf 76' lang='grc' dir='ltr'><strong>Ἐκ-</strong></span> 
     </span>
    </p>
   </div>
   <div class='ocr_carea' id='block_1_106' title="bbox 1701 5391 2747 5451">
    <p class='ocr_par' dir='ltr' id='par_1_106' title="bbox 1701 5391 2747 5451">
     <span class='ocr_line' id='line_1_106' title="bbox 1701 5391 2747 5451; baseline 0 -4"><span class='ocrx_word' id='word_1_740' title='bbox 1701 5393 1934 5449; x_wconf 66' lang='lat' dir='ltr'><strong>VARIAS</strong></span> <span class='ocrx_word' id='word_1_741' title='bbox 1968 5393 2359 5451; x_wconf 81' lang='lat' dir='ltr'><strong>LECTIONES</strong></span> <span class='ocrx_word' id='word_1_742' title='bbox 2388 5392 2477 5448; x_wconf 87' lang='lat' dir='ltr'>ET</span> <span class='ocrx_word' id='word_1_743' title='bbox 2514 5391 2747 5447; x_wconf 70' lang='lat' dir='ltr'><strong>NOTAS.</strong></span> 
     </span>
    </p>
   </div>
   <div class='ocr_carea' id='block_1_107' title="bbox 661 5560 2169 5641">
    <p class='ocr_par' dir='ltr' id='par_1_107' title="bbox 661 5570 2169 5641">
     <span class='ocr_line' id='line_1_107' title="bbox 661 5570 2169 5641; baseline -0.002 -13"><span class='ocrx_word' id='word_1_744' title='bbox 661 5574 707 5607; x_wconf 79' lang='grc'><strong>⁸⁸</strong></span> <span class='ocrx_word' id='word_1_745' title='bbox 735 5576 919 5628; x_wconf 65' lang='lat' dir='ltr'><strong>Hart.</strong></span> <span class='ocrx_word' id='word_1_746' title='bbox 950 5573 1073 5629; x_wconf 87' lang='lat' dir='ltr'><strong>cod.</strong></span> <span class='ocrx_word' id='word_1_747' title='bbox 1110 5573 1132 5626; x_wconf 81' lang='grc'>1</span> <span class='ocrx_word' id='word_1_748' title='bbox 1167 5586 1355 5641; x_wconf 67' lang='lat' dir='ltr'><strong>prtem.</strong></span> <span class='ocrx_word' id='word_1_749' title='bbox 1382 5570 1573 5624; x_wconf 79' lang='grc' dir='ltr'>ταῦτα.</span> <span class='ocrx_word' id='word_1_750' title='bbox 1606 5571 1654 5603; x_wconf 75' lang='grc'><strong>⁸⁸</strong></span> <span class='ocrx_word' id='word_1_751' title='bbox 1682 5570 1814 5625; x_wconf 87' lang='lat' dir='ltr'><strong>ibid.</strong></span> <span class='ocrx_word' id='word_1_752' title='bbox 1844 5572 2169 5640; x_wconf 80' lang='grc' dir='ltr'>ὑπείξαμεν.</span> 
     </span>
    </p>
   </div>
   <div class='ocr_carea' id='block_1_108' title="bbox 2271 5560 3844 5641">
    <p class='ocr_par' dir='ltr' id='par_1_108' title="bbox 2271 5560 3844 5641">
     <span class='ocr_line' id='line_1_108' title="bbox 2271 5560 3844 5641; baseline -0.011 -14"><span class='ocrx_word' id='word_1_753' title='bbox 2271 5576 2292 5608; x_wconf 83' lang='grc'><strong>⁷</strong></span> <span class='ocrx_word' id='word_1_754' title='bbox 2332 5571 2594 5641; x_wconf 59' lang='grc' dir='ltr'><strong>Ἰερεηξίγ.</strong></span> <span class='ocrx_word' id='word_1_755' title='bbox 2633 5571 2708 5625; x_wconf 72' lang='lat' dir='ltr'><strong>il).</strong></span> <span class='ocrx_word' id='word_1_756' title='bbox 2778 5568 3017 5641; x_wconf 81' lang='grc' dir='ltr'>Ἰσραήλ.</span> <span class='ocrx_word' id='word_1_757' title='bbox 3089 5568 3137 5641; x_wconf 8' lang='grc'><strong>⁸7³</strong></span> <span class='ocrx_word' id='word_1_758' title='bbox 3168 5567 3700 5641; x_wconf 54' lang='grc' dir='ltr'>Τοῦτο-έπάβοιμι.</span> <span class='ocrx_word' id='word_1_759' title='bbox 3739 5560 3844 5612; x_wconf 65' lang='lat' dir='ltr'><strong>Des.</strong></span> 
     </span>
    </p>
   </div>
   <div class='ocr_carea' id='block_1_109' title="bbox 593 5642 2333 5715">
    <p class='ocr_par' dir='ltr' id='par_1_109' title="bbox 593 5642 2333 5715">
     <span class='ocr_line' id='line_1_109' title="bbox 593 5642 2333 5715; baseline 0 -18"><span class='ocrx_word' id='word_1_760' title='bbox 593 5645 724 5715; x_wconf 81' lang='lat' dir='ltr'><strong>ibid.</strong></span> <span class='ocrx_word' id='word_1_761' title='bbox 800 5644 845 5715; x_wconf 58' lang='grc' dir='ltr'><strong>εξ</strong></span> <span class='ocrx_word' id='word_1_762' title='bbox 879 5646 1004 5697; x_wconf 84' lang='lat' dir='ltr'><strong>cod.</strong></span> <span class='ocrx_word' id='word_1_763' title='bbox 1052 5642 1540 5715; x_wconf 74' lang='grc' dir='ltr'>προανατάξωμαι,</span> <span class='ocrx_word' id='word_1_764' title='bbox 1572 5656 1694 5710; x_wconf 66' lang='lat' dir='ltr'><strong>quae</strong></span> <span class='ocrx_word' id='word_1_765' title='bbox 1731 5651 1816 5696; x_wconf 87' lang='lat' dir='ltr'><strong>est</strong></span> <span class='ocrx_word' id='word_1_766' title='bbox 1841 5657 1951 5698; x_wconf 85' lang='lat' dir='ltr'><strong>rec.</strong></span> <span class='ocrx_word' id='word_1_767' title='bbox 1994 5643 2156 5699; x_wconf 84' lang='lat' dir='ltr'><strong>lectio</strong></span> <span class='ocrx_word' id='word_1_768' title='bbox 2210 5643 2247 5699; x_wconf 92' lang='lat' dir='ltr'><strong>l.</strong></span> <span class='ocrx_word' id='word_1_769' title='bbox 2280 5658 2333 5698; x_wconf 90' lang='lat' dir='ltr'><strong>c.</strong></span> 
     </span>
    </p>
   </div>
   <div class='ocr_carea' id='block_1_110' title="bbox 594 5712 1063 5769">
    <p class='ocr_par' dir='ltr' id='par_1_110' title="bbox 594 5712 1063 5769">
     <span class='ocr_line' id='line_1_110' title="bbox 594 5712 1063 5769; baseline 0.009 -4"><span class='ocrx_word' id='word_1_770' title='bbox 594 5713 758 5767; x_wconf 83' lang='lat' dir='ltr'><strong>habet</strong></span> <span class='ocrx_word' id='word_1_771' title='bbox 812 5712 1063 5769; x_wconf 88' lang='lat' dir='ltr'><strong>Drusius.</strong></span> 
     </span>
    </p>
   </div>
   <div class='ocr_carea' id='block_1_111' title="bbox 2410 5639 3845 5704">
    <p class='ocr_par' dir='ltr' id='par_1_111' title="bbox 2410 5639 3845 5704">
     <span class='ocr_line' id='line_1_111' title="bbox 2410 5639 3845 5704; baseline 0.008 -11"><span class='ocrx_word' id='word_1_772' title='bbox 2410 5639 2455 5672; x_wconf 70' lang='grc' dir='ltr'><strong>δη</strong></span> <span class='ocrx_word' id='word_1_773' title='bbox 2489 5639 2618 5697; x_wconf 80' lang='grc' dir='ltr'><strong>Τῶν</strong></span> <span class='ocrx_word' id='word_1_774' title='bbox 2650 5641 2817 5698; x_wconf 73' lang='grc' dir='ltr'>υἱῶν.</span> <span class='ocrx_word' id='word_1_775' title='bbox 2850 5639 3080 5696; x_wconf 63' lang='lat' dir='ltr'><strong>Praestat</strong></span> <span class='ocrx_word' id='word_1_776' title='bbox 3114 5640 3276 5698; x_wconf 83' lang='lat' dir='ltr'><strong>lectio</strong></span> <span class='ocrx_word' id='word_1_777' title='bbox 3334 5640 3453 5701; x_wconf 81' lang='grc' dir='ltr'>τοῖς</span> <span class='ocrx_word' id='word_1_778' title='bbox 3482 5639 3621 5701; x_wconf 82' lang='grc' dir='ltr'>υἱοῖς</span> <span class='ocrx_word' id='word_1_779' title='bbox 3653 5677 3668 5704; x_wconf 87' lang='lat'><strong>.</strong></span> <span class='ocrx_word' id='word_1_780' title='bbox 3699 5644 3845 5704; x_wconf 57' lang='lat' dir='ltr'><strong>quam</strong></span> 
     </span>
    </p>
   </div>
  </div>
