4128 6420
480 343 497 405 i
511 345 614 408 933

1792 347 1871 406 IN
1910 346 2114 407 PSAL.
2147 347 2499 411 CXXXVIII

3611 358 3745 422 1934

473 460 535 513 τὸ
558 458 678 513 καθ’
712 461 743 531 ἡ
754 458 871 529 μῶν
905 460 1325 531 χειρόγραφον.ι
1368 459 1564 533 Κύριε,
1590 458 1650 515 et
1681 461 1829 525 ἔλεός
1856 480 1950 516 σου
1982 464 2029 516 εί

2164 474 2351 518 contra
2386 482 2488 522 nes
2522 478 2656 522 erat.
2694 490 2711 520 ι
2748 470 2995 537 Domine,
3016 473 3393 529 misericordia
3432 485 3521 530 tua
3554 477 3606 530 in
3640 496 3743 534 sae-

472 551 566 605 τὺν
600 551 797 617 αἰῶνα,
829 551 899 605 τὰ
929 552 1069 624 ἔργα
1113 552 1224 605 τῶν
1255 551 1459 625 χειρῶν
1508 569 1604 606 σου
1633 553 1709 625 μὴ
1739 553 1993 627 παρίδῃς.
2037 574 2054 605 ι

486 643 706 713 Ἐπειδὴ
735 642 916 697 τοίνυν
941 643 1256 715 ἀμέτρητός
1291 661 1385 699 σου
1409 645 1437 697 ὀ
1459 643 1630 708 ἔλεος,
1666 644 1763 697 καὶ
1793 644 1871 715 τῷ
1903 643 2060 698 αἰῶνι

2167 555 2374 621 culum,
2420 568 2474 614 et
2504 575 2671 631 Opera
2708 578 2972 619 manuum
3012 577 3231 622 tuarum
3270 584 3339 624 ne
3378 570 3668 639 despicias.
3720 593 3736 624 ι

2165 642 2435 710 Quoniam
2471 648 2639 719 igitur
2685 651 2953 709 immensa
2990 663 3076 710 est
3119 666 3209 712 tua
3249 657 3654 727 misericordia,
3690 672 3745 716 et

475 734 980 805 συνεκτεινόμενος,
1015 738 1242 806 ταχεῖαν
1268 735 1381 799 τοῖς
1417 737 1532 799 σοῖς
1575 736 1847 807 ποιήμασι
1875 736 2028 808 παρά

2165 737 2328 793 simul
2362 756 2487 795 cum
2517 743 2821 800 aeternitate
2852 748 3189 812 extenditur.
3223 749 3456 805 celerem
3478 751 3587 805 tuis
3613 765 3742 820 ope-

474 845 605 899 σχου
643 830 745 899 τὴν
776 829 1073 899 σωτηρίαν.
1094 826 1315 897 Ταύτην
1351 826 1409 880 δὲ
1433 828 1462 879 ὁ
1488 826 1782 897 Προφήτης
1829 842 2058 897 προσεν-

2164 829 2315 886 ribus
2371 833 2606 889 salutem
2651 834 2806 892 aii‘er.
2866 835 3019 893 Ilanc
3063 849 3245 895 autem
3297 842 3737 911 deprecationem

471 921 666 991 ήνοχεν
696 920 799 975 ὑπὸ
819 923 919 990 τῆς
942 918 1036 972 τοῦ
1063 919 1335 988 παναγίου
1366 917 1693 988 Πνεῦματος
1718 916 2031 989 μεμαθηκὼη

2160 924 2389 990 protulit
2418 925 2713 995 Propheta,
2751 943 2875 983 cum
2905 946 2933 984 a
2968 930 3206 1000 Spiritus
3236 936 3410 988 sancti
3440 936 3613 1005 gratia
3657 939 3741 993 di-

469 1010 714 1078 χάριτος,
740 1008 816 1073 ῶς
844 1009 906 1063 τὸ
934 1010 1095 1081 χρέος
1142 1008 1241 1078 τῆς
1285 1006 1502 1078 φύσεως
1529 1008 1557 1060 ὁ
1587 1006 1824 1080 Ποιητὴς
1854 1008 2031 1061 ἐκτίσε

2160 1011 2402 1082 dicisset,
2431 1016 2673 1070 debitum
2705 1029 2914 1076 naturae
2946 1022 3202 1090 Opiﬁcem
3238 1036 3449 1080 naturae
3487 1030 3740 1096 persolu-

467 1100 569 1168 τῆς
592 1099 830 1169 φύσεως.

775 1212 1042 1267 ΕΡΜΙΙΝ.
1072 1213 1206 1267 ΤΟΥ
1241 1214 1395 1267 ΡΛΗ¹
1428 1214 1754 1268 ΨΑΛΜΟΥ.

533 1334 605 1381 α’.
637 1346 656 1378 ι
705 1328 801 1391 Et;
846 1329 909 1380 τὸ
946 1327 1133 1391 τέλος*
1165 1328 1398 1397 Ψαλμὸς
1450 1329 1531 1399 τῷ
1586 1330 1772 1384 Δαϐίδ.
1829 1349 1848 1380 ι
1890 1330 1977 1383 Ἐν
2013 1332 2051 1362 ¹¹

2162 1108 2344 1156 turum
2386 1118 2525 1158 csse.

2478 1216 2752 1272 INTERP.
2800 1220 3048 1276 PSALMI
3088 1224 3421 1281 CXXXVIII.

2232 1324 2395 1381 Vens.
2438 1331 2461 1383 Ι
2504 1348 2521 1381 ι
2545 1330 2600 1385 In
2630 1332 3084 1401 tinem,Psalmtts
3106 1339 3316 1396 Davidi.
3357 1361 3376 1394 ι
3412 1342 3469 1397 in
3497 1345 3736 1400 nonnul-

465 1423 632 1482 ἐνίοις
662 1421 1024 1489 ἀντιγράφοις
1084 1419 1433 1490 πρόσκειται,
1473 1441 1492 1472 ι
1528 1422 1804 1490 Ζαχαρίου
1842 1425 1921 1485 εἰς
1957 1423 2031 1491 τὴπ

2158 1417 2224 1472 lis
2259 1421 2663 1491 exemplaribus
2686 1426 3004 1496 adjunctum
3031 1442 3112 1486 est
3138 1449 3152 1486 :
3179 1451 3198 1484 ι
3238 1433 3517 1491 Zachariae
3547 1438 3601 1491 in
3624 1440 3737 1495 dis-

463 1511 789 1583 διασποράν.
837 1531 856 1563 ι
898 1512 1072 1565 Τοῦτο
1104 1513 1146 1545 ¹²
1174 1511 1299 1566 οὔτε
1332 1512 1484 1584 παρὰ
1511 1512 1589 1583 τῷ
1631 1513 1891 1585 Ἑϐραίῳ,
1925 1514 2050 1568 οὔτε

462 1603 617 1674 παρὰ
654 1606 768 1667 τοῖς
812 1604 1238 1674 Ἐϐδομήκοντα,
1268 1603 1395 1658 οὔτε
1428 1606 1581 1675 παρὰ
1610 1609 1722 1670 τοῖς
1754 1606 1937 1670 ἄλλοις
1960 1601 2051 1660 εὗ-

2155 1512 2489 1579 persionem.
2519 1534 2539 1567 ο
2571 1516 2797 1577 liocnec
2819 1525 2960 1592 apud
2978 1522 3289 1591 Hebraeum,
3309 1543 3411 1585 nec
3432 1532 3574 1600 apud
3594 1533 3731 1604 Sep-

2156 1603 2421 1672 tuaginta,
2451 1621 2551 1661 nec
2574 1612 2718 1678 apud
2739 1613 2875 1670 alios
2907 1615 3229 1686 interpretes
3250 1623 3266 1640 ⁶
3284 1619 3494 1676 inveni:
3519 1622 3611 1678 scd
3630 1603 3735 1678 ali-

463 1709 559 1763 ρον
583 1694 987 1763 έρμηνευταῖςο
1035 1694 1173 1747 ἀλλά
1219 1712 1301 1757 τις
1339 1695 1418 1758 ὡς
1460 1695 1734 1767 ἠϐουλήθη
1774 1699 2031 1769 νενοηκὼς

2153 1692 2276 1760 quis
2297 1708 2424 1748 cum
2453 1698 2725 1765 psalmum
2763 1702 3123 1760 intellexisset
3144 1715 3205 1761 ut
3224 1708 3460 1774 volebat,
3499 1711 3735 1781 inscrip-

463 1784 557 1835 τὶν
585 1783 821 1853 ψαλμὸν,
844 1784 946 1849 τῆς
990 1784 1306 1855 ἐπιγραφῆς
1347 1786 1644 1855 ἐποιήσατο
1666 1786 1764 1859 τὴν
1798 1789 2031 1861 προσθή-

2149 1782 2312 1836 tionis
2329 1787 2661 1845 auditionem
2694 1791 2840 1849 fecit.
2879 1795 3148 1853 Caeterum
3170 1800 3412 1868 psalmus
3432 1804 3735 1872 pradictio-

461 1889 587 1943 κην.
633 1875 690 1927 Ὀ
716 1874 900 1945 μέντοι
930 1873 1146 1944 ψαλμὸς
1175 1873 1270 1927 τοῦ
1311 1876 1515 1930 Ἰωσίου
1560 1877 1656 1932 τοῦ
1704 1879 1972 1950 βασιλέως
1997 1880 2043 1913 u

461 1965 768 2035 πρόρρησιν
817 1965 955 2036 ἔχει.
991 1962 1162 2029 Οὗτος
1204 1967 1315 2038 γάρ
1356 1969 1422 2020 ὲκ
1463 1969 1763 2034 δυσσεϐοῦς
1811 1971 2039 2044 βλαστή-

462 2072 560 2118 σας
584 2056 816 2126 πατρὸς,
849 2056 1098 2109 τοιούτου
1131 2056 1188 2110 δὲ
1227 2058 1322 2111 καὶ
1354 2059 1581 2114 πάππου
1612 2061 1906 2134 γενόμενος
1949 2064 2042 2119 ἔκ-

458 2162 636 2214 γονος,
663 2148 763 2216 τὴν
795 2148 893 2218 μὲν
921 2148 1147 2202 ἐκείνων
1175 2146 1433 2204 ἀσέϐειαν
1461 2151 1806 2221 ἐϐδελύξατο,
1826 2154 1916 2209 διὰ
1940 2156 2043 2211 πά-

459 2255 560 2309 σης
583 2238 641 2290 δὲ
662 2238 898 2292 ὦδευσεν
920 2238 1145 2309 ἀρετῆς,
1182 2240 1277 2293 καὶ
1307 2238 1453 2313 ζήλῳ
1483 2241 1615 2314 θείῳ
1644 2247 2038 2320 πυρποληθεὶς,

456 2330 584 2392 τοὺς
610 2328 719 2382 τῶν
736 2329 972 2383 εἰδώλων
991 2331 1176 2402 ἱερέας
1200 2334 1594 2403 κατηκόντισεν
1608 2335 1856 2403 ἅπαντας
1873 2353 1888 2368 ⁸
1910 2341 2041 2405 τοὺς

454 2422 513 2475 δὲ
542 2422 642 2492 τὴν
687 2421 975 2475 εὐσέϐειαν
1034 2423 1453 2496 ἀσπαζομένους
1504 2429 1686 2496 πάσης
1737 2430 2042 2501 θεραπείας

454 2513 677 2583 ἠξίωσε.
712 2515 900 2568 Ταῦτα
948 2517 1210 2586 προλέγει
1243 2519 1272 2570 ὁ
1299 2518 1539 2589 ψαλμόςε
1582 2521 1809 2592 Είσάγει
1852 2525 1909 2578 δὲ
1942 2526 2040 2579 αὐ-

450 2606 545 2660 τὸν
582 2606 611 2660 ὁ
636 2607 978 2677 προφητικὸς
994 2607 1153 2675 λόγος
1171 2613 1636 2681 προσευχόμενον,
1656 2615 1751 2667 καὶ
1771 2616 1872 2687 τὴν
1907 2617 2039 2688 περὶ

453 2696 619 2751 αὐτοῦ
661 2698 972 2769 πρόγνωσιν
999 2699 1460 2771 ἐκπληττόμενον.
1498 2721 1517 2754 ι
1554 2702 1743 2774 Κύριε,
1776 2706 2034 2779 ἐδοκίμα-

455 2790 553 2852 σάς
589 2806 658 2859 με
689 2830 704 2854 ,
737 2790 834 2842 καὶ
880 2789 1054 2858 έγνως
1086 2808 1175 2861 με.
1209 2811 1228 2844 ι
1259 2793 1506 2858 Βάσανος
1551 2796 1756 2869 ἀρετῆς
1780 2800 1841 2852 οὐ
1875 2801 2036 2871 μόνον

453 2884 617 2937 πενία
642 2884 736 2936 καὶ
765 2881 998 2952 ἀθυμία,
1036 2883 1175 2937 ἀλλά
1203 2885 1300 2938 καὶ
1327 2884 1579 2955 βασιλεία
1611 2890 1706 2942 καὶ
1737 2890 2032 2963 εὐπραξία.

454 2973 669 3045 Ὠσπερ
693 2974 803 3045 γὰρ
840 2976 900 3028 ὲν
929 2978 1040 3039 τοῖς
1075 2977 1322 3047 ἀνιαροῖς
1361 2978 1795 3051 δοκιμαζόμεθα,
1833 2985 1885 3036 εἰ
1935 2984 2034 3054 φέ-

452 3083 573 3137 ρειν
601 3066 865 3134 γενναίως
911 3067 1191 3137 δυνάμεθα
1216 3068 1285 3122 τά
1328 3070 1748 3141 προσπίπτοντα
1778 3073 2030 3147 λυπηρά·

2146 1889 2271 1930 nem
2290 1877 2357 1931 de
2388 1876 2538 1936 Josia
2563 1897 2689 1954 rege
2708 1889 2973 1943 continet.
3000 1889 3101 1946 Hic
3122 1890 3267 1946 enim
3297 1907 3364 1946 ex
3387 1893 3561 1963 impio
3577 1908 3732 1966 patre

2145 1977 2329 2035 natus,
2356 1972 2596 2045 talisque
2629 1978 2796 2033 etiam
2824 1980 2908 2035 avi
2934 1997 3125 2052 nepos,
3152 1983 3487 2054 impietatem
3506 1990 3729 2059 quidem

2145 2057 2364 2116 illorum
2406 2078 2723 2124 exsecratus
2746 2080 2851 2138 est,
2896 2082 2953 2129 et
2985 2075 3040 2129 in
3066 2078 3216 2132 omni
3244 2079 3447 2136 virtute
3476 2083 3726 2152 incessit,

2144 2149 2445 2224 divinaque
2466 2172 2655 2215 amore
2674 2162 2951 2232 incensus,
2976 2180 3168 2224 orestes
3187 2170 3453 2228 idolorum
3480 2179 3728 2234 sacerdo-

2144 2254 2225 2321 tes
2256 2251 2504 2318 conﬁxit,
2547 2270 2641 2312 eos
2677 2273 2828 2323 vero,
2877 2263 2972 2330 qui
3005 2264 3263 2333 pietatem
3299 2267 3571 2335 colebant,
3600 2285 3724 2326 om-

2142 2339 2199 2393 ni
2250 2355 2385 2397 cura
2431 2344 2690 2416 dignatus
2729 2360 2835 2407 est.
2901 2351 3027 2409 Haec
3071 2354 3317 2424 psalmus
3369 2360 3720 2417 vaticinatur.

2145 2429 2359 2488 lnducit
2385 2445 2566 2492 autem
2596 2440 2745 2495 illum
2778 2444 3131 2513 propheticus
3162 2462 3347 2503 sermo
3376 2461 3715 2519 precantem.

2140 2534 2194 2577 et
2218 2522 2309 2579 Dei
2337 2541 2463 2593 erga
2489 2545 2549 2586 se
2569 2536 2973 2601 praescientiam
2996 2538 3381 2595 admirantem.
3421 2562 3438 2594 ι
3464 2542 3718 2612 Domine,

2140 2616 2383 2684 probasti
2418 2635 2527 2684 me,
2561 2632 2613 2677 et
2653 2629 2958 2695 cognovisti
2991 2645 3096 2685 tne.
3134 2651 3153 2683 ι
3192 2630 3420 2689 Virtutis
3468 2636 3723 2705 probatio

2140 2720 2246 2760 non
2291 2711 2468 2765 solum
2524 2724 2609 2769 cst
2650 2729 2947 2787 paupertas
2988 2731 3044 2777 et
3076 2724 3380 2793 calamitas,
3420 2729 3514 2784 sed
3550 2728 3721 2786 etiam

2145 2796 2355 2869 1531
2392 2817 2620 2873 regnum
2663 2815 2719 2861 ει
2746 2808 3006 2869 felicitas.
3050 2814 3206 2871 Sicut
3247 2819 3395 2873 enim
3445 2819 3500 2874 in
3552 2821 3720 2877 rebus

2136 2889 2390 2946 tristibus
2442 2896 2778 2964 probamur,
2841 2902 2887 2957 si
2934 2904 3166 2961 viriliter
3213 2907 3360 2963 ferre
3421 2925 3718 2980 possumus

2136 2981 2370 3038 molesta
2407 3000 2530 3054 qua;
2558 2989 2857 3048 accidunt:
2882 2996 2963 3050 sic
2990 3012 3212 3069 quoque
3256 3001 3310 3054 in
3343 3003 3602 3059 secundis
3629 3019 3720 3060 re-

2139 3071 2243 3128 bus
2284 3090 2625 3147 exercemur,
2662 3092 2717 3138 et
2764 3088 3127 3159 ostendimur,
3181 3094 3296 3149 sive
3333 3095 3406 3150 ob
3445 3097 3718 3167 prosperi-

449 3158 626 3222 οὕτως
655 3159 751 3212 καὶ
784 3160 843 3213 ὲν
872 3162 992 3223 ταῖς
1027 3160 1352 3231 εὐημερίαις
1368 3163 1783 3235 γυμναζόμεθα,
1808 3168 1902 3220 καὶ
1922 3167 2031 3222 δει-

2141 3171 2282 3220 tates
2298 3166 2611 3237 eil‘erimur,
2645 3174 2760 3232 sive
2790 3177 2983 3235 harum
3015 3194 3268 3240 naturam
3307 3188 3718 3258 cognoscimus.

451 3248 719 3321 κνύμεοα,
755 3250 866 3302 εἴτε
902 3249 1349 3322 συνεπαιρόμεθα
1395 3255 1512 3316 ταῖς
1550 3254 1890 3325 εὐκληρίαις,
1923 3258 2033 3311 εἴτε

450 3338 549 3407 τὴν
578 3337 787 3391 τούτων
813 3338 1161 3409 ἐπιστάμεθα
1190 3339 1377 3407 φύσιν.
1411 3341 1700 3398 Βασιλείαν
1733 3346 1915 3400 τοίνυν
1939 3349 2034 3416 ἐγ-

451 3431 749 3501 χειρισθεὶς
799 3432 829 3485 ό
876 3432 1147 3501 μακάριος
1188 3432 1400 3498 Ἰωσίας
1427 3472 1442 3499 ,
1476 3436 1573 3490 καὶ
1614 3437 1731 3507 μετ’
1753 3438 2034 3504 εὐσεϐείας

450 3522 618 3593 αὐτὴν
649 3522 1010 3594 κυϐερνήσας,
1039 3523 1264 3588 εἰκότως
1293 3524 1395 3595 ἔφη
1417 3542 1433 3558 ⁹

514 3615 737 3686 (Κύριε,
753 3615 1085 3684 ὲδοκίμασάς
1111 3633 1201 3685 με,
1219 3618 1316 3671 καὶ
1329 3618 1503 3686 ἔγνως
1525 3635 1614 3688 με.
1631 3618 1748 3692 [βπ]
1767 3621 1839 3674 Σὺ
1859 3621 2033 3690 ἔγνως

450 3707 549 3778 τὴν
583 3707 854 3775 καθέδραν
882 3724 1008 3776 μου,
1047 3708 1142 3760 καὶ
1190 3709 1292 3780 τὴν
1335 3708 1555 3777 έγερσίν
1592 3726 1719 3780 μου.
1758 3730 1777 3763 ο
1817 3713 2027 3779 Πάντα,

450 3800 607 3871 φησὶ,
651 3798 985 3870 μεμάθηκας
1027 3798 1269 3870 ἀκριϐῶς
1296 3839 1310 3864 ,
1346 3800 1469 3853 τίνα
1511 3800 1851 3873 εἰργαζόμην
1901 3805 2032 3859 καθ.

449 3896 674 3964 ήμενος,
706 3891 829 3945 τίνα
858 3891 1031 3961 ἔδρων
1069 3891 1452 3962 ἀνιστάμενος.
1480 3892 1581 3944 Διά
1624 3892 1734 3963 γὰρ
1759 3895 1859 3961 τῆς
1889 3899 2029 3950 καθ-

448 3985 625 4053 ἕδρας
650 3984 743 4038 καὶ
768 3983 870 4053 τῆς
887 3984 1202 4053 ἐγέρσεως,
1233 3983 1413 4037 πάντα
1435 3983 1528 4036 τὸν
1556 3984 1671 4055 βίον
1694 3986 1936 4058 ἐδήλωσε
1958 3988 2023 4046 ⁸⁸.

448 4078 710 4147 Καθαρᾶς
747 4077 805 4131 δὲ
832 4077 1011 4146 ψυχῆς
1034 4076 1132 4131 καὶ
1168 4076 1471 4139 συνειδότος
1500 4078 1816 4149 ἐρρωμένου
1837 4081 1904 4135 τὰ
1927 4082 2027 4153 ρη-

449 4184 612 4237 ματα.
637 4167 747 4222 Καὶ
767 4167 959 4237 ἐπειδὴ
985 4162 1165 4231 εἶπεν,
1198 4184 1219 4217 ι
1246 4165 1612 4236 Ἐδοκίμασάς
1638 4184 1707 4238 με
1730 4168 1824 4222 καὶ
1852 4168 2023 4236 ἔγνως

447 4277 535 4330 με,
579 4278 598 4311 ι
630 4259 720 4312 ἵνα
749 4261 823 4329 μή
862 4275 947 4320 τις
983 4258 1232 4330 ὑπολάϐῃ
1282 4258 1424 4328 μετά
1452 4258 1512 4312 τὸ
1533 4258 1688 4325 τέλος
1711 4260 1821 4316 τῶν
1843 4278 2024 4333 πραγ-

446 4350 633 4420 μάτων
699 4350 997 4421 μανθάνειν
1026 4348 1120 4403 τδν
1171 4349 1306 4402 Θεὸν
1331 4349 1403 4404 τά
1435 4350 1717 4421 γινόμενα,
1747 4351 2022 4425 ἁρμοδίως

444 4442 592 4513 μάλα
618 4443 863 4512 ἐπήγαγε
888 4456 903 4471 ο

498 4541 580 4603 γ’.
622 4554 641 4585 ι
679 4534 752 4589 Σὺ
788 4532 1029 4601 συνῆκας
1055 4533 1183 4595 τοὺς
1213 4530 1600 4603 διαλογισμούς
1630 4550 1733 4603 μου
1762 4533 1871 4588 ἀπὸ
1912 4553 2019 4607 μα-

436 4626 654 4696 κρόθεν.
689 4645 709 4677 ι
754 4624 997 4678 ’Δνωθεν
1022 4622 1153 4693 γὰρ,
1189 4623 1286 4676 καὶ
1309 4621 1370 4687 ἐξ
1386 4624 1586 4695 ἀρχῆς,
1622 4625 1721 4678 καὶ
1743 4625 1853 4696 πρὸ
1887 4625 2017 4680 πολ-

434 4718 543 4771 λῶν
573 4717 777 4787 γενεῶν
799 4717 898 4788 τῆς
943 4714 1084 4787 ἐμῆς
1138 4714 1516 4779 διαπλάσεως,
1575 4717 1636 4771 οὐ
1696 4718 1858 4787 μόνον
1918 4718 2016 4784 τὰς

435 4810 580 4879 ἐμὰς
610 4807 974 4880 προεώρακας
1019 4803 1273 4878 πράξεις,
1313 4805 1451 4859 ἀλλὰ
1486 4808 1529 4839 ⁸³
1558 4809 1685 4872 τοὺς
1724 4810 2018 4880 ἐσομένους

437 4917 528 4968 μοι
576 4897 939 4968 προεώρακας
974 4897 1015 4928 ¹⁸
1067 4893 1385 4964 λογισμούς.
1420 4913 1439 4945 ι
1488 4895 1599 4966 Τὴν
1645 4896 1832 4965 τρίϐον
1885 4914 2010 4966 μου,

432 4992 528 5046 καὶ
556 4991 655 5063 τὴν
687 4992 728 5023 ¹⁷
752 4989 963 5061 σχοῖνόν
993 5004 1097 5059 μου
1125 4988 1188 5040 σὺ
1218 4986 1261 5019 ¹⁸
1289 4986 1620 5056 ἐξιχνίασας.
1664 5005 1682 5038 ι
1719 4987 1777 5040 '0
1803 4987 2011 5057 seeae-

428 5084 620 5138 δοτίων
688 5081 882 5148 οὕτως,
948 5080 989 5134 Τ
993 5081 1072 5145 ὴν
1128 5078 1332 5146 τρίϐον
1383 5094 1542 5144 μου,
1570 5078 1668 5133 καὶ
1718 5077 1835 5146 τὴν
1863 5078 2010 5133 ὀδόν

426 5191 547 5242 μου
576 5172 933 5242 ὲξιχνίασας
965 5167 1213 5236 ¹ξ.Ὀὅὸγ
1260 5166 1355 5220 καὶ
1392 5166 1595 5233 τρίϐον
1644 5166 1742 5239 τὰς
1777 5167 2008 5237 πράξεις

430 5267 606 5331 καλεῖ,
637 5269 844 5338 σχοῖνον
874 5265 932 5319 δὲ
966 5264 1068 5335 τὴν
1096 5265 1303 5316 τούτων
1328 5258 1600 5330 εὐθύτητα
1625 5276 1638 5289 ·
1669 5262 1734 5313 ἐκ
1768 5278 2007 5331 μεταφο-

2047 4482 2102 4541 D

2137 3256 2388 3327 Regnum
2419 3261 2588 3332 igitur
2633 3267 2794 3323 beato
2814 3268 2979 3328 Josia:
3007 3289 3133 3329 cum
3165 3256 3472 3348 obtigisset.
3501 3288 3559 3335 et
3590 3293 3717 3337 cum

2134 3349 2334 3417 pietate
2358 3352 2535 3423 ipsum
2577 3359 2958 3428 gubernasset,
2983 3365 3110 3433 jure
3140 3366 3218 3421 ait
3255 3386 3271 3423 :

2213 3634 2231 3668 ι
2261 3622 2508 3688 Domine,
2528 3626 2772 3692 probasti
2792 3643 2898 3693 me,
2914 3638 2968 3684 et
2984 3634 3288 3702 cognovisti
3302 3637 3608 3711 me.[Vsss.
3629 3642 3712 3717 2.]

2134 3706 2217 3762 Tu
2250 3712 2556 3780 cognovisti
2591 3715 2893 3772 sessionem
2924 3736 3122 3788 meam,
3165 3731 3218 3779 et
3247 3706 3708 3789 resurrectionem

2131 3813 2332 3855 meam.
2374 3819 2393 3853 ι
2433 3801 2647 3870 Omnia,
2681 3807 2878 3877 inquit,
2912 3823 3171 3869 accurate
3207 3818 3351 3872 nosti
3374 3858 3389 3882 .
3432 3834 3555 3888 quae
3578 3838 3709 3893 ope-

2130 3888 2295 3944 rabar
2330 3893 2554 3959 sedens,
2586 3905 2637 3949 et
2671 3912 2795 3966 quae
2833 3897 3098 3956 faciebam
3138 3919 3371 3976 surgens
3404 3925 3419 3962 :
3456 3924 3553 3977 per
3592 3888 3709 3992 in.

2129 3975 2332 4030 sionem
2358 3978 2503 4033 enim
2533 3989 2587 4035 et
2616 3988 3055 4042 resurrectionem
3080 4030 3096 4055 ,
3140 3975 3308 4048 totam
3360 3975 3524 4052 vitam
3559 3988 3706 4057 desi-Q

2126 4069 2331 4138 gnavit.
2375 4068 2503 4128 Haec
2534 4089 2663 4129 vero
2686 4090 2837 4145 purae
2870 4080 3067 4137 animae
3090 4092 3144 4138 et
3172 4086 3523 4144 conscientia:
3553 4107 3707 4150 sana:

2126 4170 2256 4217 sunt
2286 4164 2474 4219 verba.
2527 4165 2594 4221 Et
2622 4170 2752 4237 quia
2788 4171 2928 4227 dixit
2969 4192 2983 4228 :
3022 4191 3043 4225 ι
3090 4173 3341 4234 Probasti
3376 4196 3487 4247 me,
3522 4192 3579 4239 et
3605 4200 3703 4243 co-

2126 4254 2361 4325 gnovisti
2409 4273 2518 4323 me,
2555 4278 2573 4310 ι
2622 4276 2690 4316 ne
2748 4264 2872 4333 quis
2920 4268 3297 4338 suspicaretur
3349 4272 3520 4330 Deum
3579 4290 3705 4348 post

2124 4347 2286 4401 tinem
2342 4364 2524 4405 rerum
2569 4367 2629 4419 ea
2691 4369 2814 4423 qua:
2859 4357 2996 4413 ﬁunt
3044 4359 3293 4427 discere,
3338 4347 3703 4436 congruenter

2128 4437 2421 4495 admodum
2458 4444 2699 4500 subdidit
2723 4464 2740 4501 ε

2195 4530 2363 4588 Vens.
2415 4534 2469 4589 5.
2502 4554 2519 4585 ι
2578 4534 2660 4591 Tu
2708 4539 3023 4597 intellexisti
3079 4546 3438 4615 cogitationes
3485 4567 3636 4608 meas
3670 4570 3699 4606 e

2124 4622 2446 4694 longinquo.
2491 4646 2510 4679 ι
2552 4626 2688 4683 Nam
2727 4631 2858 4685 olim
2884 4673 2898 4697 ,
2932 4642 2987 4688 et
3020 4650 3049 4688 a
3085 4637 3392 4706 principio,
3428 4651 3485 4698 et
3513 4648 3698 4701 multis

2120 4718 2340 4773 saeculis
2375 4730 2502 4775 ante
2558 4739 2734 4778 meam
2775 4728 3145 4791 creationem,
3192 4748 3299 4786 non
3348 4736 3512 4791 modo
3546 4753 3698 4795 meas

2119 4810 2364 4866 actiones
2406 4814 2729 4882 prtevidisti,
2765 4833 2951 4873 verum
2980 4829 3035 4876 et
3066 4820 3279 4879 futuras
3307 4840 3458 4883 meas
3486 4828 3697 4900 cogita-

2120 4899 2295 4956 tiones
2328 4905 2673 4973 praescivisti.
2722 4926 2741 4958 ‹
2781 4907 3043 4966 Semitam
3075 4928 3275 4983 meam,
3306 4928 3362 4972 et
3387 4899 3693 4976 iuniculum

2117 5006 2301 5047 meum
2330 4995 2691 5068 investigasti.
2734 5017 2753 5050 ι
2782 4999 3088 5059 Theodotio
3117 5005 3198 5061 sic
3225 5007 3364 5064 dixit
3388 5026 3402 5062 :
3433 5008 3692 5067 Semitam

2117 5094 2374 5147 meum,“
2401 5087 2540 5141 viam
2568 5105 2739 5144 meam
2770 5092 3122 5165 investigasti.
3162 5096 3312 5153 Viam
3349 5110 3403 5156 et
3446 5103 3692 5158 semitam

2113 5176 2359 5231 actiones
2380 5188 2562 5245 vocat,
2598 5180 2895 5250 funiculum
2914 5202 3044 5242 vero
3063 5188 3257 5243 harum
3281 5190 3687 5262 rectitudinem,

2115 5270 2434 5338 metaphora
2465 5274 2636 5342 petita
2679 5276 2749 5332 ab
2789 5277 2856 5333 iis
2907 5281 3001 5349 qui
3032 5281 3177 5336 aedes
3215 5280 3588 5351 fabricantur,
3631 5297 3687 5343 et

1488 5418 1727 5473 VARI/13
1760 5418 2147 5478 LECTIONES
2194 5425 2284 5479 ΕΤ
2340 5426 2572 5485 ΝΟΤίΕ.

496 5543 537 5575 ¹¹
564 5541 1260 5610 Ἔτ’-ἐκπληττόμενον.
1290 5539 1510 5608 Origcni
1539 5539 1656 5610 haec
1682 5539 2000 5595 tribuuntur
2025 5558 2031 5594 :

2136 5544 2165 5595 II
2191 5543 2354 5603 Cord.
2397 5550 2434 5603 I.
2466 5566 2515 5605 c.

431 5611 477 5645 "
505 5614 830 5684 Βασιλέως.
862 5612 984 5665 cod.
1018 5612 1039 5664 I
1069 5609 1527 5684 ξιᾴῤ.-ερσε6είας.
1608 5608 1799 5684 ἥρωι.
1827 5613 1852 5665 1
1875 5608 2261 5684 παρῴῆλωσε.

1116 5680 1166 5752 ³⁷,
1193 5678 1316 5745 Τὴν
1344 5709 1417 5720 -
1438 5679 1629 5752 έξιχν.
1662 5678 1827 5737 llebr.
1851 5678 2031 5736 Accub;

2136 5701 2162 5738 η
2215 5705 2385 5745 meum
2434 5692 2672 5747 duxisti.
2753 5693 2794 5723 “‘
2828 5678 2932 5747 Σύῖ
2988 5692 3217 5748 Additur
3255 5678 3493 5751 infcod.‘
3517 5678 3675 5752 Αιεέ.

431 5681 1035 5763 ερὶᾳερπροεθεώρησας.
1058 5749 1071 5763 Ι
1116 5681 1168 5763 ³⁷.
1193 5681 1316 5745 Τὴν
1344 5709 1417 5720 ο-
1438 5681 1502 5763 ἐξ

430 5747 473 5782 ε’
522 5747 929 5820 Ἐξὶκνίασὰςί.
975 5749 1097 5806 cod.
1149 5749 1170 5802 I
1210 5764 1398 5819 prtem.
1441 5749 1527 5804 σύ.

2557 5566 2606 5621 p.
2654 5551 2779 5607 689.
2884 5553 2927 5584 "
2964 5551 3166 5607 Τοῦτο.
3201 5554 3326 5608 rod.
3363 5556 3387 5609 I
3443 5557 3571 5613 add.
3597 5558 3676 5612 δέ.

2353 5621 2395 5652 η
2435 5619 2804 5697 manu;
2832 5624 3129 5697 εεςιυορφιές
3207 5624 3675 5697 ¹⁶Προεώρακαςο
3721 5690 3726 5697 -
