4128 6430
436 278 589 382 ι’ρεδ

1444 301 1803 363 THEODOR
1813 303 1937 362 ETI
1968 303 2311 364 EPISCOPI
2353 304 2722 365 CYRENSIS

3530 303 3538 310 ’
3583 304 3722 377 1936

445 420 693 480 funiculo
757 414 995 489 parietes
1063 410 1326 480 dirigunt.
1394 407 1754 478 Cognovisti,
1817 410 2026 479 inquit,

2137 413 2237 481 ρᾶς
2256 412 2364 465 τῶν
2395 413 2861 482 οἰκοδομούντων,
2897 415 2990 466 καὶ
3030 416 3282 487 σπαρτίῳ
3334 414 3459 478 τοὺς
3509 419 3720 488 τοίχους

442 521 637 569 exacte
665 524 815 564 meas
845 504 1111 569 actiones,
1141 509 1196 556 et
1219 498 1355 555 nihil
1380 514 1625 553 mearum
1664 513 1846 553 rerum
1875 508 2025 553 tuam

2137 502 2536 556 διευθυνόντων.
2583 503 2819 572 Ἔγνως,
2842 506 3029 575 φησὶν,
3054 505 3303 577 ἀκριϐῶς
3327 524 3428 578 μου
3454 505 3550 571 τὰς
3576 517 3722 579 πρά-

444 606 731 664 scientiam
759 600 935 655 latuit.

517 691 686 750 Vens.
724 693 777 746 4.
814 710 832 743 ι
876 688 940 743 Ει
970 702 1165 742 onmes
1196 685 1314 740 vias
1362 699 1513 739 meas
1542 683 1867 755 praevidisti,
1900 683 2027 753 quia

446 804 555 844 nou
580 798 663 843 est
688 786 850 841 dolus
886 781 1099 853 1532
1140 780 1193 836 in
1222 778 1404 849 lingua
1430 793 1569 832 mea.
1612 797 1630 829 ι
1665 779 1682 799 ⁴
1710 775 1829 831 Non
1865 776 2031 831 modo

446 878 718 953 pravidit,
757 892 948 930 verum
981 876 1146 929 etiam
1172 871 1427 943 praedixit
1471 870 1857 924 universorum
1885 868 2031 923 Deus

445 990 545 1047 per
576 972 900 1043 prophetas,
926 974 979 1021 et
1008 964 1344 1020 Jeroboamo
1377 960 1735 1025 sacrificanti,
1766 958 2033 1029 etjuven-

446 1070 528 1125 cis
569 1067 821 1123 divinum
865 1063 1133 1117 honorem
1168 1056 1451 1122 offerenti,
1504 1055 1836 1109 vaticinatus
1867 1060 1951 1108 est
1986 1055 2029 1114 ί,

447 1162 619 1216 filium
653 1156 922 1211 oriturum
963 1167 1085 1207 esse
1117 1147 1310 1202 Davidi
1339 1185 1353 1210 ,
1387 1145 1598 1200 Josiam
1654 1142 1879 1198 nomine
1905 1181 1920 1207 ,
1978 1148 2031 1195 et

444 1252 718 1308 idolorum
751 1247 1071 1303 sacerdotes
1098 1250 1273 1295 morte
1303 1238 1667 1293 multaturum
1691 1276 1707 1303 ,
1750 1243 1806 1290 et
1841 1248 2030 1290 eorum

445 1358 575 1399 ossa
612 1342 665 1396 in
697 1338 792 1393 illo
832 1335 990 1390 altari
1014 1333 1457 1388 combusturum.

515 1524 686 1579 Vens.
710 1521 763 1575 5.
816 1536 835 1571 ι
866 1516 1028 1577 Ecce,
1066 1512 1326 1576 Domine,
1371 1520 1429 1564 tu
1481 1506 1783 1579 cognovisti
1822 1503 2028 1570 omnia,

445 1614 751 1673 novissima
783 1618 837 1665 et
876 1609 1126 1677 antiqua.
1174 1623 1191 1656 ι
1224 1602 1328 1658 Per
1353 1602 1503 1673 ipsos
1532 1611 1762 1656 eventus
1788 1596 1953 1652 didici
1980 1605 2032 1651 te

446 1708 694 1763 omnium
740 1701 1025 1758 scientiam
1075 1697 1307 1761 habere,
1347 1703 1458 1749 tum
1494 1707 1685 1748 eorum
1731 1706 1855 1761 quae
1891 1689 2026 1745 olim

443 1798 590 1854 facta
622 1794 798 1861 fuere,
838 1790 949 1847 tum
977 1804 1168 1845 eorum
1213 1802 1336 1855 quae
1369 1785 1613 1840 nondum
1646 1782 1838 1839 effecta
1877 1789 2025 1837 sunt.
2061 1771 2104 1831 Β

450 1909 473 1943 ι
510 1888 594 1943 Tu
627 1884 876 1942 formasti
903 1898 1011 1949 me,
1055 1890 1111 1937 et
1153 1879 1389 1951 posuisti
1452 1891 1617 1947 super
1666 1890 1754 1930 me
1805 1888 2029 1928 manum

447 1994 622 2038 tuam.
668 1999 687 2032 ι
726 1976 1018 2043 Quomodo
1041 1973 1189 2029 enim
1241 1986 1492 2027 meorum
1540 1967 1748 2038 aliquid
1779 1966 2030 2037 opificem

445 2087 630 2129 meum
664 2071 835 2125 latere
881 2075 1082 2137 potest,
1114 2064 1208 2135 qui
1237 2078 1325 2118 me
1359 2063 1505 2117 intra
1547 2068 1857 2114 maternum
1898 2072 2031 2112 ven-

444 2174 584 2221 trem
632 2158 929 2224 formavit,
977 2165 1034 2212 et
1068 2156 1216 2210 omni
1254 2169 1390 2210 cura
1438 2152 1697 2222 dignatus
1741 2148 1867 2205 est?
1917 2146 2034 2202 Hoc

443 2270 647 2329 porro:
688 2272 706 2305 ι
748 2248 992 2306 Posuisti
1021 2262 1188 2316 super
1208 2260 1297 2300 me
1320 2258 1544 2299 manum
1582 2252 1756 2305 tuam,
1805 2258 1824 2292 ι
1858 2233 2033 2296 simile

431 2359 528 2407 est
551 2348 663 2404 illi:
705 2364 724 2398 ι
763 2344 955 2399 Manus
983 2351 1089 2397 tuae
1117 2339 1367 2395 fecerunt
1391 2352 1507 2399 me,
1553 2343 1609 2389 et
1654 2334 2034 2388 formaverunt

433 2456 535 2497 .me
570 2438 616 2493 i.
644 2437 886 2494 plndicat
926 2442 1111 2489 autem
1166 2430 1363 2486 iisdem
1403 2428 1587 2483 verbis
1629 2440 1819 2482 curam
1854 2426 2030 2496 etiam

431 2539 572 2604 .post
605 2528 965 2585 creationem.

517 2621 683 2675 Vens.
709 2618 764 2674 6.
795 2637 814 2671 ι
861 2615 1130 2671 Mirabilis
1162 2613 1304 2669 facta
1327 2621 1409 2668 est
1443 2611 1672 2667 scientia
1702 2617 1793 2664 tua
1828 2624 1893 2663 ex
1921 2623 2026 2673 me,

430 2713 756 2771 ‘eonfortata
779 2719 879 2774 est,
915 2718 972 2766 et
994 2724 1106 2763 non
1140 2716 1329 2775 potero
1356 2705 1421 2759 ad
1451 2719 1570 2758 eam
1600 2702 1973 2773 (pertingere).
2007 2720 2025 2753 ι

429 2804 528 2858 -Ει
567 2803 654 2857 bis
681 2817 804 2873 qua:
837 2814 966 2870 erga
1002 2813 1092 2854 me
1128 2796 1269 2852 facta
1300 2802 1452 2857 sunt,
1495 2803 1644 2847 tuam
1678 2792 1907 2862 cognovi
1934 2805 2032 2860 po—

448 2896 674 2951 tentiam
703 2933 717 2959 ,
770 2900 825 2947 et
863 2890 1190 2961 sapientiam
1235 2896 1386 2943 tuam
1437 2884 1664 2940 laudare
1699 2884 1926 2948 volens,
1979 2892 2034 2937 et

424 2988 666 3058 assequi
710 3000 809 3056 pro
831 2984 1098 3054 dignitate
1121 2996 1232 3035 non
1276 2978 1464 3034 valens
1489 3019 1504 3044 ,
1546 2992 1635 3032 me
1665 2978 1871 3031 vietum
1900 2990 2032 3029 eou-

2133 595 2264 660 ξεις,
2299 598 2393 650 καὶ
2422 597 2575 651 οὐδὲν
2602 597 2710 651 τῶν
2745 597 2895 667 ἐμῶν
2927 598 3026 669 τὴν
3060 601 3160 670 σὴν
3190 598 3349 653 ἔλαθε
3384 599 3609 668 γνῶσιν.

2202 688 2267 740 δ’.
2309 706 2327 740 ι
2368 689 2479 742 Καὶ
2522 688 2707 750 πάσας
2734 690 2836 751 τὰς
2872 689 3024 753 ὁδούς
3061 707 3164 760 μου
3194 690 3443 761 προεῖδες
3469 731 3482 752 ,
3511 692 3593 745 ὅτι
3620 692 3724 745 οὐκ

2133 777 2248 832 ἔστι
2273 779 2423 844 δόλος
2453 780 2498 811 ⁹⁰
2526 782 2583 834 ἐν
2609 783 2676 852 τῇ
2708 782 2749 812 ³⁸
2775 780 2997 852 γλώσσῃ
3033 798 3158 851 μου.
3194 801 3213 833 ι
3259 783 3333 835 Οὐ
3392 782 3553 851 μόνον
3588 800 3725 853 προ·

2132 871 2291 937 εἶδεν,
2318 872 2455 926 ἀλλὰ
2487 873 2582 926 καὶ
2606 873 2941 944 προείρηκεν
2966 875 2994 927 ὁ
3031 873 3142 927 τῶν
3172 874 3310 927 ὅλων
3349 874 3479 938 Θεὸς
3500 874 3589 927 διὰ
3614 875 3724 927 τῶν

2133 963 2454 1034 προφητῶν,
2493 965 2586 1016 καὶ
2628 964 2707 1034 τῷ
2749 964 3035 1037 Ἱεροϐοὰμ
3078 965 3295 1030 θύοντι,
3335 965 3430 1019 καὶ
3461 968 3583 1028 ταῖς
3625 966 3725 1019 δα-

2137 1053 2333 1123 μάλεσι
2362 1053 2420 1107 τὸ
2448 1055 2594 1108 θεῖον
2635 1055 2803 1121 σέϐας
2863 1058 3236 1129 προσφέροντι
3298 1057 3721 1129 προεθέσπισεν,

2132 1145 2208 1211 ὡς
2244 1147 2616 1217 ἀναστήσεται
2638 1148 2751 1211 υἱὸς
2779 1149 2855 1221 τῷ
2890 1151 3076 1215 Δαϐὶδ,
3096 1151 3312 1214 Ἰωσίας
3341 1151 3514 1221 δνομα
3548 1152 3721 1224 αὐτῷ,

2134 1231 2228 1285 καὶ
2272 1232 2400 1295 τοὺς
2456 1232 2567 1284 τῶν
2623 1233 2862 1286 εἰδώλων
2916 1235 3098 1305 ἱερέας
3131 1235 3451 1306 παραδώσει
3479 1237 3722 1307 θανάτῳ,

2133 1323 2231 1376 καὶ
2255 1322 2323 1375 τὰ
2352 1322 2559 1376 τούτων
2586 1324 2721 1377 ὀστᾶ
2745 1326 2802 1377 ἐν
2829 1326 3027 1397 ἐκείνῳ
3047 1326 3126 1396 τῷ
3153 1326 3324 1398 βωμῷ
3354 1327 3721 1382 κατακαύσει.

2206 1524 2267 1579 ε’.
2310 1543 2330 1577 ι
2383 1524 2538 1591 Ἱδοῦ,
2572 1525 2771 1597 Κύριε,
2809 1526 2873 1579 σὺ
2930 1526 3103 1596 ἔγνως
3134 1529 3313 1583 πάντα
3347 1570 3362 1595 ,
3390 1528 3460 1582 τὰ
3516 1528 3726 1600 ἔσχατα

2135 1617 2231 1669 καὶ
2258 1616 2326 1671 τὰ
2354 1617 2576 1687 ἀρχαῖα.
2605 1635 2624 1669 ι
2661 1616 2740 1670 Δι’
2766 1617 2947 1671 αὐτῶν
2974 1618 3276 1690 μεμάθηκα
3309 1619 3421 1673 τῶν
3458 1618 3726 1691 πραγμά-

2131 1726 2241 1763 των
2267 1751 2281 1775 ,
2306 1708 2382 1773 ὡς
2431 1708 2647 1763 ἃπασαν
2674 1708 2820 1780 ἔχεις
2858 1710 2959 1781 τὴν
3000 1711 3203 1779 γνῶσιν
3231 1754 3246 1779 ,
3282 1713 3381 1764 καὶ
3417 1712 3530 1765 τῶν
3554 1711 3729 1765 πάλαι

2133 1803 2543 1873 γεγενημένων,
2594 1803 2688 1857 καὶ
2727 1801 2839 1857 τῶν
2878 1804 3106 1873 μηδέπω
3154 1804 3562 1875 γεγενημένων.
3592 1822 3612 1855 ι
3648 1805 3726 1859 Σὺ

2135 1897 2379 1961 ἔπλασάς
2403 1914 2493 1969 με,
2514 1896 2611 1950 καὶ
2638 1896 2842 1965 ἔθηκας
2861 1896 2948 1948 ἐπ’
2975 1896 3077 1967 ἐμὲ
3098 1895 3197 1968 τὴν
3216 1898 3375 1968 χεῖρά
3403 1913 3519 1950 σου.
3552 1916 3571 1950 ι
3601 1894 3728 1960 Πῶς

2134 1989 2245 2061 γὰρ
2277 1983 2391 2043 οἷόν
2424 2005 2485 2042 τε
2506 1986 2691 2042 λαθεῖν
2719 1988 2763 2018 ’³
2790 2005 2844 2040 τι
2868 1987 2977 2043 τῶν
2998 1987 3151 2059 ἐμῶν
3182 1988 3276 2042 τὸν
3302 1988 3435 2059 ἐμὸν
3466 1990 3726 2060 ποιητὴν,

2132 2080 2226 2135 τὸν
2255 2080 2403 2135 ἔνδον
2438 2082 2496 2135 ἐν
2528 2083 2597 2152 τῇ
2631 2082 2864 2152 μητρῷα
2893 2096 2960 2151 με
2994 2078 3376 2135 διαπλάσαντα
3420 2080 3594 2152 νηδύϊ,
3628 2080 3729 2135 καὶ

2135 2172 2322 2243 πάσης
2350 2170 2663 2238 ἀξιώσαντα
2694 2188 2771 2244 πρ
2786 2171 3083 2244 ομηθείας;
3113 2171 3189 2224 Τὸ
3204 2172 3282 2238 δέ,
3325 2190 3343 2222 ι
3366 2172 3614 2244 Ἔθηκας
3634 2174 3711 2227 ἐπ
3731 2171 3748 2189 ’

2134 2263 2236 2334 ἐμὲ
2265 2262 2362 2334 τὴν
2382 2264 2542 2333 χεῖρά
2576 2280 2692 2330 σου,
2719 2281 2739 2315 ι
2765 2261 2909 2316 ἔοικε
2934 2263 3037 2333 τῷ,
3056 2281 3075 2313 ι
3100 2262 3165 2316 Αἱ
3194 2262 3376 2333 χεῖρές
3411 2279 3505 2316 σου
3534 2262 3728 2336 ἐποίη-

2137 2355 2235 2408 σάν
2266 2371 2355 2424 με,
2387 2356 2482 2407 καὶ
2510 2352 2754 2407 ἔπλασάν
2789 2370 2879 2425 με.
2917 2372 2937 2405 ι
2969 2353 3231 2423 Σημαίνει
3259 2353 3317 2406 δὲ
3355 2354 3497 2407 κατὰ
3526 2354 3728 2410 ταυτὸν

2133 2445 2229 2498 καὶ
2256 2445 2354 2515 τὴν
2392 2444 2530 2516 μετὰ
2557 2443 2655 2515 τὴν
2680 2443 2971 2498 διάπλασιν
3014 2443 3379 2516 προμηθείαν.

2206 2631 2283 2691 ς’.
2323 2643 2340 2676 ι
2391 2622 2829 2694 Ἑθαυμαστώθη
2876 2624 2910 2694 ἡ
2957 2623 3159 2691 γνῶσίς
3194 2640 3288 2676 σου
3318 2622 3365 2653 ³³
3383 2622 3443 2688 ἐξ
3484 2620 3620 2691 ἐμοῦ
3652 2622 3723 2684 ³⁸,

2134 2716 2481 2788 ἐκραταιώθη
2512 2718 2581 2781 ’³,
2614 2719 2674 2769 οὐ
2734 2716 2809 2786 μὴ
2852 2714 3097 2785 δύνωμαι
3146 2715 3285 2786 πρὸς
3322 2714 3515 2785 αὑτήν.
3561 2733 3579 2766 ι
3629 2715 3731 2767 Ἐκ

2133 2810 2242 2862 τῶν
2278 2811 2355 2873 εἰς
2387 2808 2488 2879 ἐμὲ
2520 2808 2907 2878 γεγενημένων
2926 2806 3029 2878 τὴν
3064 2806 3163 2877 σὴν
3195 2806 3413 2875 ἔγνωκα
3448 2805 3682 2876 δύναμιν
3706 2820 3723 2835 ⁶

2134 2902 2228 2955 καὶ
2256 2901 2500 2971 ὑμνῆσαι
2531 2900 2629 2970 τὴν
2657 2901 2757 2970 σὴν
2787 2897 2957 2952 θέλων
2993 2898 3184 2967 σοφίαν
3206 2940 3220 2964 ,
3259 2895 3381 2951 εἶτα
3423 2897 3523 2968 τῆς
3567 2897 3731 2963 ἀξίας

2133 2993 2542 3064 διαμαρτάνων,
2573 2992 2670 3063 τὴν
2712 2985 2884 3061 ἧτταν
2952 2990 3223 3061 ὁμολογῶ.
3257 2990 3416 3044 Οὕτω
3475 2989 3575 3043 καὶ
3627 2988 3734 3060 τὴν

426 3080 626 3132 -titeor.
655 3075 794 3131 Cum
837 3089 970 3143 ergo
1013 3080 1068 3127 et
1126 3069 1414 3127 scientiam
1450 3107 1467 3134 ,
1523 3077 1578 3122 et
1631 3067 2030 3138 prarscientiam

2137 3083 2361 3153 γνῶσιν,
2397 3082 2490 3135 καὶ
2519 3081 2616 3152 τὴν
2654 3082 2965 3151 πρόγνωσιν
2997 3078 3093 3132 τοῦ
3123 3079 3260 3133 Θεοῦ
3303 3080 3412 3133 τῶν
3437 3078 3575 3133 ὅλων
3598 3078 3737 3132 θαυ-

444 3170 830 3226 universorum
865 3166 959 3221 Dei
995 3165 1300 3220 admiratus
1327 3165 1408 3219 sic
1439 3170 1609 3227 esset,
1641 3170 1694 3215 et
1720 3161 1866 3230 quod
1899 3160 2032 3213 nihil

442 3265 847 3337 prateritarnm
916 3269 971 3316 et
1026 3259 1336 3314 futurarum
1406 3272 1590 3311 rerum
1652 3256 1824 3310 latere
1876 3254 2030 3307 illum

444 3358 639 3431 possit,
681 3357 749 3412 ad
780 3355 931 3411 aliud
954 3353 1174 3417 transit,
1220 3353 1338 3405 haec
1364 3350 1592 3406 dicens:

516 3447 686 3503 Vens.
710 3447 764 3503 7.
809 3467 828 3498 ι
866 3444 989 3511 Quo
1023 3444 1115 3497 ibo
1145 3458 1173 3496 a
1211 3442 1407 3512 spiritu
1452 3440 1595 3495 tuo?
1623 3447 1678 3494 et
1708 3454 1819 3509 quo
1841 3454 1870 3493 a
1900 3438 2036 3493 facie

444 3554 540 3599 tua
569 3539 826 3612 fugiam?
874 3558 892 3590 ›
937 3536 1226 3604 Quomodo
1265 3535 1383 3589 ﬁeri
1428 3542 1643 3605 potest,
1704 3542 1766 3587 ut
1818 3531 2036 3601 fugiens

444 3638 613 3701 lateat
639 3648 787 3698 eum,
822 3630 920 3702 qui
954 3629 1094 3685 adeo
1136 3627 1431 3682 manifesto
1459 3626 1646 3681 omnia
1684 3623 1872 3680 novit?
1930 3622 2037 3678 No-

445 3728 671 3783 tandum
702 3723 1035 3794 1533,est
1100 3728 1281 3775 autem
1304 3719 1559 3772 docuisse
1597 3732 1721 3773 eum
1789 3715 2035 3771 eamdem

445 3815 821 3886 Operationem
854 3811 1055 3866 habere
1082 3817 1137 3865 et
1162 3810 1332 3863 Deum
1369 3816 1425 3862 et
1470 3807 1734 3877 Spiritum
1764 3814 2038 3862 sanetum.

426 3927 471 3976 _-t
518 3907 641 3976 Quo
696 3906 808 3970 ibo,
843 3904 939 3968 ait,
973 3917 1003 3957 a
1043 3901 1241 3972 spiritu
1266 3900 1600 3969 tuo?etquo
1631 3898 1813 3953 afacie
1838 3907 1928 3952 tua
1962 3897 2044 3951 fu-

430 3995 632 4068 giam?
656 4014 674 4047 ι
699 3993 844 4048 Sane
878 4006 1119 4062 quorum
1159 3999 1243 4046 est
1266 4005 1372 4044 una
1391 3990 1658 4059 operatio,
1679 4003 1785 4043 una
1815 3988 2040 4044 omnino

426 4098 530 4145 .est
564 4086 831 4159 potentia,
883 4092 937 4139 et
1004 4098 1243 4154 quorum
1288 4090 1372 4137 est
1445 4095 1556 4136 una
1623 4080 1896 4151 potentia,
1930 4094 2039 4135 una

431 4181 751 4252 -utique.est
796 4185 1018 4233 natura.
1068 4174 1186 4231 Una
1236 4174 1403 4246 igitur
1448 4182 1535 4228 est
1568 4172 1663 4228 Dei
1700 4181 1753 4226 et
1803 4169 2042 4242 Spiritus

444 4275 619 4331 sancti
672 4280 894 4328 natura.

518 4364 683 4420 Vens.
715 4364 768 4419 8.
809 4381 829 4415 ι
872 4362 931 4418 Si
968 4360 1267 4417 ascendere
1294 4360 1349 4414 in
1384 4359 1582 4415 coelum
1610 4397 1625 4421 ,
1659 4367 1717 4413 tu
1766 4356 1838 4412 ibi
1870 4372 1963 4413 es:
1993 4358 2042 4413 si

2142 3174 2347 3247 μάσας,
2381 3175 2475 3226 καὶ
2499 3174 2583 3226 ὅτι
2619 3173 2773 3225 οῦδὲν
2804 3172 2972 3225 αὐτὸν
3000 3170 3241 3235 ἔλαθεν,
3282 3169 3409 3223 οὒτε
3429 3169 3539 3224 τῶν
3563 3186 3735 3239 γεγε-

2138 3266 2392 3337 νημένων
2430 3266 2497 3330 ’⁸,
2544 3263 2667 3317 οὔτε
2715 3265 2824 3316 τῶν
2869 3263 3166 3334 ἐσομένων,
3230 3262 3315 3332 ἐφ’
3342 3261 3532 3333 ἔτερον
3566 3279 3739 3333 μετα-

2139 3358 2316 3410 ϐαίνει
2347 3356 2522 3409 ταῦτα
2549 3355 2934 3426 διηγούμενος·

2212 3447 2276 3512 ζ’.
2317 3468 2335 3499 ι
2374 3447 2485 3501 Ποῦ
2525 3445 2777 3517 πορευθῶ
2810 3447 2917 3499 ἀπὸ
2964 3445 3056 3499 τοῦ
3109 3447 3422 3516 πνεύματός
3467 3462 3599 3511 σου;
3635 3446 3739 3500 καὶ

2140 3540 2248 3594 ἀπὸ
2278 3540 2372 3593 τοῦ
2408 3538 2703 3609 προσώπου
2730 3556 2824 3592 σου
2862 3539 2963 3592 ποῦ
2998 3540 3184 3609 φύγω;
3216 3559 3232 3590 ι
3258 3540 3362 3592 Τὸν
3386 3538 3447 3592 οῦ
3460 3556 3529 3591 τω
3552 3538 3738 3592 πάντα

2142 3632 2331 3701 σαφῶς
2384 3632 2751 3702 ἐπιστάμενον
2811 3630 2928 3695 πῶς
2990 3632 3217 3685 δυνατὸν
3293 3631 3477 3683 λαθεῖν
3534 3632 3743 3700 δραπε-

2138 3723 2393 3790 τεύοντα;
2426 3724 2619 3794 Ἐπιση
2631 3723 2905 3794 μήνασθαι
2925 3723 2980 3775 δὲ
3013 3724 3304 3795 προσήκει,
3328 3724 3412 3775 ὅτι
3437 3723 3537 3791 τὴν
3559 3721 3740 3792 αὐτὴν

2140 3812 2420 3884 ἐνέργειαν
2466 3812 2613 3883 ἔχειν
2649 3812 2877 3878 ἐδίδαξε,
2929 3813 3022 3866 καὶ
3075 3814 3168 3865 τὸν
3196 3813 3351 3877 Θεὸν,
3381 3813 3562 3865 καὶτὸ
3600 3829 3742 3866 παν-

2141 3907 2297 3974 άγιον
2328 3905 2554 3975 Πνεῦμα
2572 3921 2585 3935 ο
2623 3922 2641 3955 ι
2672 3903 2783 3957 Ποῦ
2812 3903 3086 3976 πορευθῶ,
3110 3906 3297 3975 φησιν,
3321 3905 3431 3958 άπὸ
3455 3905 3548 3958 τοῦ
3568 3905 3706 3960 πνεύ
3722 3936 3742 3947 -

2146 3994 2317 4065 ματός
2348 4010 2462 4057 σου,
2494 3993 2588 4046 καὶ
2640 3993 2749 4046 ἀπὸ
2779 3992 3076 4065 προσώπου
3108 3994 3152 4026 ’⁷
3184 4010 3275 4046 σου
3324 3992 3429 4045 ποῦ
3470 3995 3673 4062 φύγω;
3712 4011 3736 4046 ι

2142 4081 2244 4139 Ὦν
2281 4086 2337 4139 δὲ
2376 4084 2526 4156 μίαή
2561 4085 2833 4156 ἐνέργεια,
2868 4084 2965 4155 μία
3008 4084 3227 4148 πάντως
3273 4084 3370 4140 καὶ
3394 4085 3427 4155 ἡ
3452 4084 3691 4153 δύναμις
3713 4094 3769 4119 ⁶’

2139 4171 2216 4233 ὧν
2246 4179 2302 4231 δὲ
2331 4179 2429 4249 μία
2449 4180 2483 4248 ὴ
2502 4176 2754 4243 δύναμις,
2787 4177 2887 4246 μία
2915 4179 2949 4246 ἠ
2978 4175 3141 4245 φύσις
3162 4192 3175 4207 ·
3211 4177 3311 4246 μία
3349 4176 3459 4246 ἄρα
3484 4176 3740 4231 τοῦΘεοῦ

2143 4274 2240 4328 καὶ
2270 4273 2364 4326 τοῦ
2396 4270 2713 4341 Πνεύματος
2747 4272 2780 4340 ὴ
2814 4268 2996 4339 φύσις.

2217 4371 2289 4435 η’.
2334 4383 2353 4414 ι
2398 4363 2524 4418 Ἐὰν
2583 4361 2772 4415 ἁναϐῶ
2823 4362 2902 4424 είς
2956 4360 3049 4413 τὸν
3095 4359 3348 4430 οὐρανὸν,
3390 4360 3456 4413 σὺ
3485 4361 3604 4413 ἐκεῖ
3645 4356 3739 4414 εἴ·

447 4455 785 4512 desccndero
822 4453 876 4507 in
906 4450 1183 4507 infernum
1208 4491 1224 4515 ,
1279 4452 1431 4505 ades.
1483 4468 1501 4502 ι
1539 4447 1734 4503 Omnia
1758 4490 1773 4516 ,
1820 4448 1998 4519 inquit
2022 4487 2035 4512 ,

2146 4457 2240 4511 ἐὰν
2271 4452 2495 4508 καταϐῶ
2524 4452 2569 4485 ’⁸
2598 4452 2678 4515 είς
2701 4452 2792 4506 τὸν
2820 4449 3181 4524 ᾂδην,πάρει.
3221 4470 3240 4502 δ
3268 4450 3542 4514 Ἀπαντα,
3575 4452 3739 4523 φησι,

443 4551 661 4621 imples,
685 4557 740 4604 et
780 4563 903 4618 quae
930 4562 1095 4618 supra
1147 4555 1314 4610 sunt,
1372 4553 1427 4600 et
1466 4559 1591 4614 quae
1641 4542 1805 4597 infra.
1852 4541 2034 4597 Unum

442 4641 594 4698 enim
637 4640 945 4695 altitudinis
980 4647 1064 4694 est
1100 4638 1377 4700 ultimum,
1429 4636 1661 4690 alterum
1690 4634 2036 4705 profundita-

444 4736 538 4789 tis.
575 4734 739 4787 Recte
772 4741 957 4786 autem
986 4732 1131 4787 ctelo
1177 4730 1507 4799 conjunxit:
1546 4747 1565 4781 ι
1609 4727 1691 4782 Τιι
1723 4729 1797 4783 ibi
1835 4741 1930 4790 es,
1980 4734 2037 4782 et

444 4823 662 4889 inferis,
700 4823 853 4880 ades.
914 4840 935 4875 ι
990 4823 1048 4883 In
1098 4824 1306 4894 angelis
1341 4822 1583 4893 quippe,
1636 4820 1732 4891 qui
1773 4820 1828 4873 in
1880 4818 2034 4874 cwlis

442 4920 671 4992 degunt,
705 4918 1321 4988 eonquiescit.‘Ubique
1344 4928 1525 4974 autem
1557 4917 1734 4985 adest,
1777 4925 1832 4972 et
1870 4917 2035 4973 rebus

447 5015 706 5072 omnibus
728 5021 929 5084 praesto
943 5022 1029 5068 est
1051 5030 1066 5065 :
1092 5031 1109 5065 ι
1138 5024 1193 5068 et
1225 5016 1277 5068 in
1305 5015 1423 5083 ipso
1450 5013 1707 5076 vivimus,
1732 5011 2036 5067 secundum

445 5101 694 5158 divinum
728 5102 1077 5173 Apostolum,
1105 5112 1159 5157 et
1198 5118 1497 5168 movemur,
1533 5111 1587 5155 et
1609 5116 1801 5157 sumus
1834 5102 1881 5154 ιι.
1906 5121 1925 5153 ι

514 5256 532 5307 i
576 5259 643 5316 ιιι
674 5260 809 5332 Reg.
838 5277 960 5328 xui,
991 5260 1045 5315 2.
1125 5260 1137 5299 ¹
1177 5262 1282 5319 Job
1308 5277 1360 5326 ιι,
1390 5260 1443 5314 8.
1522 5261 1545 5300 ιε
1576 5266 1698 5317 Act.
1726 5277 1836 5316 xvn
1863 5302 1878 5328 ,
1902 5260 1993 5314 28.

2140 4549 2392 4619 πληροῖς,
2425 4545 2520 4599 καὶ
2548 4544 2617 4599 τὰ
2644 4544 2757 4599 ἄνω
2796 4545 2893 4599 καὶ
2915 4544 2985 4597 τὰ
3007 4543 3182 4599 κάτω.
3223 4541 3298 4595 To
3341 4542 3441 4612 μὲν
3494 4542 3606 4612 γὰρ
3642 4542 3743 4596 τοῦ

2140 4639 2308 4709 ὕψους
2337 4636 2566 4706 ἔσχατον
2591 4677 2605 4701 ,
2625 4635 2686 4688 τὸ
2731 4635 2790 4688 δὲ
2818 4634 2912 4688 τοῦ
2945 4632 3164 4704 βάθους.
3203 4632 3401 4695 Καλῶς
3432 4631 3490 4684 δὲ
3519 4632 3597 4701 τῷ
3637 4632 3743 4701 μὲν

2138 4729 2355 4804 οὐρανῷ
2383 4729 2465 4796 τὸ,
2505 4747 2525 4780 ι
2552 4729 2624 4782 Σὺ
2669 4730 2787 4781 ἐκεῖ
2821 4721 2893 4792 εἴ,
2938 4745 2957 4777 ι
2996 4723 3308 4790 συνέζευξε,
3334 4725 3413 4794 τῷ
3438 4724 3494 4777 δὲ
3525 4724 3629 4795 ᾅδῃ
3679 4726 3747 4779 τὸ

2139 4824 2334 4893 πάρει.
2366 4823 2494 4886 Τοῖς
2524 4821 2633 4892 γὰρ
2677 4821 2735 4873 ἐν
2778 4804 2996 4890 ούρανῷ
3040 4816 3428 4887 διαιτωμένοις
3480 4816 3747 4884 ἀγγέλοις

2144 4911 2581 4969 ἐπαναπαύεται.
2617 4908 2903 4979 Πανταχοῦ
2943 4908 3000 4962 δὲ
3029 4908 3285 4980 πάρεστι,
3329 4908 3423 4960 καὶ
3456 4911 3571 4970 τοῖς
3602 4909 3749 4961 πᾶσι

2149 5005 2489 5076 παρίσταται
2517 5017 2530 5030 ·
2567 5020 2585 5053 ι
2627 5001 2720 5055 καὶ
2744 5003 2802 5054 ἐν
2865 4999 3013 5071 αὐτῷ
3041 4999 3247 5069 ζῶμεν,
3276 4999 3420 5052 κατὰ
3469 5000 3562 5052 τὸν
3595 4999 3748 5053 θεῖον

2167 5096 2510 5162 Ἀπόστολον,
2538 5097 2633 5150 καὶ
2655 5092 2979 5163 κινούμεθα,
2997 5092 3092 5146 καὶ
3116 5093 3337 5162 ἐσμέν.»

1536 5375 1770 5432 VARl/E
1802 5372 2191 5433 LECTIONES
2228 5371 2316 5426 ΕΤ
2357 5368 2588 5424 NOTAE.

516 5469 564 5501 ³⁸
594 5470 806 5536 Δόλος.
842 5470 1010 5526 Hebr.
1074 5470 1312 5524 verbum.
1354 5472 1497 5539 Aqu.
1558 5472 1736 5526 λαλιά.

444 5541 614 5597 Abest
646 5556 674 5594 τι
708 5542 831 5595 cod.
870 5542 894 5592 1
925 5550 979 5594 et
1008 5557 1036 5595 a
1069 5551 1219 5596 textu
1251 5559 1361 5593 των
1393 5544 1470 5593 Ο’.

1850 5469 2032 5542 Symm

2137 5483 2212 5520 ius
2255 5464 2616 5542 έτιερολογίαζ
2645 5470 2705 5518 ιιι
2872 5462 3004 5517 edit.
3062 5463 3224 5542 Rom.
3259 5458 3478 5542 legitur.
3555 5458 3598 5487 “
3635 5458 3747 5542 ζῇ.

1549 5544 1592 5573 ἰ
1622 5543 1858 5596 Λαθεῖν.
1888 5531 2013 5596 'cou.

2137 5553 2302 5591 natm.
2336 5531 2418 5587 σέ.
2488 5531 2542 5567 ⁷⁸³
2573 5538 2713 5589 Σου.
2748 5534 2916 5606 Abest
2944 5532 3346 5606 a_textu__l‘_lebr.
3385 5531 3745 5606 bene_a_uter.t

449 5609 692 5664 additum
735 5614 804 5664 ab
838 5611 922 5664 bis
956 5612 1365 5680 interpretibus.
1447 5611 1492 5640 ”
1526 5611 1624 5675 Ἐξ
1654 5614 1822 5681 ἐμοῦ.
1860 5612 2019 5665 llebr.

2137 5624 2188 5663 ’τε
2234 5623 2333 5681 me:
2415 5607 2478 5681 ’ξ’-
2504 5604 2925 5681 ᾘΞιραταιώθηλ..
2944 5602 3108 5681 Hebr.
3144 5600 3328 5681 Etuta,
3371 5616 3417 5654 s.
3453 5599 3753 5681 sublimior

446 5689 577 5751 est:
630 5682 677 5713 "
702 5681 826 5736 cod.
861 5682 882 5734 i
923 5668 1256 5751 γενομένων.
1333 5683 1378 5712 ³⁷
1413 5668 1767 5749 Προσώπου.
1803 5683 1924 5736 cod.
1960 5685 1982 5735 1
2018 5699 2035 5751 ι

2137 5698 2206 5735 ιιι.
2239 5675 2354 5730 τοῦ.
2434 5676 2479 5708 ⁸⁸
2525 5668 2672 5730 Ἐὰν
2697 5668 2953 5730 καταϐῶ.
2994 5674 3157 5729 llebr.
3196 5671 3258 5728 Si
3293 5683 3521 5725 stratum
3575 5668 3748 5738 fecero

447 5746 597 5800 mihi.
