4128 6446
392 449 523 516 1941

1692 453 1773 514 1N
1815 454 2020 514 PSAL.
2043 454 2358 515 CXXXIX.

3526 452 3661 517 1942

384 581 514 627 τους
566 560 836 632 ἐγένοντο.
895 560 1266 633 Προθεσπίζει
1324 562 1383 616 δὲ
1414 563 1559 616 κατά
1599 564 1794 617 ταυτὸν
1822 564 1851 616 ό
1877 563 1967 616 λό·

2095 563 2327 631 Jeriorcs
2361 576 2593 618 numero
2626 559 2758 617 facti
2798 567 2951 615 sunt.
2981 560 3176 617 Sermo
3201 570 3385 617 autem
3416 563 3662 632 praecinit

382 671 501 725 γος,
537 657 633 709 καὶ
665 655 761 726 τὴν
793 654 930 725 μετά
954 654 1056 726 τὴν
1107 654 1527 727 ὲνανθρώπησιν
1570 654 1662 708 τοῦ
1703 654 1837 711 Θεοῦ
1876 655 2005 709 καίι

383 748 642 819 Σωτῆρος
687 745 846 818 ἡμῶν
899 747 1280 818 γεγενημένην
1317 746 1420 817 τῆς
1450 748 1776 818 οἰκουμένης
1804 764 1973 817 μετα·

388 840 575 911 ϐολήν.
619 839 831 892 Νικῶσι
865 839 975 908 γὰρ
1013 839 1158 892 κατά
1188 840 1345 893 πόλιν
1385 841 1628 912 ἑκάστην
1673 841 1767 894 καὶ
1790 840 1975 911 χώραν

386 932 482 988 τὸν
512 933 751 1004 ἀριθμὸν
789 932 839 986 οἰ
872 933 969 1002 τῆς
1006 930 1105 985 τοῦ
1155 932 1290 986 Θεοῦ
1344 932 1647 1004 θεραπείας
1679 931 1977 1002 ἐπιμελού-

392 1042 570 1096 μενοι.
608 1041 628 1077 ι
677 1023 1008 1095 Ἐξεγέρθην
1042 1025 1109 1090 ⁸⁸,
1138 1025 1234 1077 καὶ
1260 1024 1338 1078 ἔτι
1375 1025 1493 1095 εἰμὶ
1522 1024 1663 1095 μετά
1690 1023 1809 1078 σοῦ.
1848 1043 1867 1075 ι
1918 1025 1977 1078 Ὀ

386 1118 446 1171 δὲ
464 1116 783 1187 ,Σύμμαχος
827 1115 1027 1180 οὕτως,
1068 1115 1431 1185 Ἐευπνήσω
1453 1158 1468 1181 ,
1497 1115 1598 1170 καί
1639 1115 1732 1171 ἀεὶ
1764 1115 1979 1185 ἔσομαι

390 1208 552 1278 παρὰ
584 1209 705 1261 σοι’.
742 1207 854 1261 Ἀεὶ
882 1208 992 1280 γάρ
1019 1207 1263 1276 ἐμαυτὸν
1287 1207 1597 1279 διεγείρων,
1621 1209 1719 1261 καὶ
1747 1211 1847 1279 τῆς
1879 1211 1980 1281 ρᾳ-

391 1300 598 1371 θυμίας
626 1300 721 1353 τὸν
757 1298 926 1353 ὕπνον
971 1299 1267 1368 ἀπώσομαι
1298 1342 1314 1366 ,
1346 1300 1443 1354 καὶ
1497 1299 1596 1371 τὴν
1624 1301 1725 1371 σὴν
1756 1302 1980 1371 μνήμην

392 1392 455 1445 ὲν
487 1394 553 1462 τῇ
577 1391 788 1462 διανοίᾳ
812 1390 1055 1460 φυλάξω.
1091 1390 1250 1445 Οὕτω
1281 1390 1392 1462 γάρ
1413 1391 1514 1461 τῆς
1547 1392 1649 1463 σῆς
1672 1391 1981 1446 ἀπολαύσο-

399 1500 500 1554 μαι
529 1482 896 1553 προμηθείας.

470 1573 558 1627 ιθν.
588 1592 606 1624 ι
632 1572 758 1626 Ἑάν
788 1571 1118 1642 ἀποκτείνης
1148 1572 1531 1642 ἁμαρτωλοὺς,
1562 1573 1758 1639 όΘεὸς,
1789 1573 1982 1642 ἀνδρες

395 1667 651 1735 αἱμάτων
704 1665 992 1719 ἑκκλίνατε
1050 1664 1146 1719 ἀπ’
1174 1664 1336 1735 ἐμοῦ,
1370 1665 1517 1719 an“
1574 1663 1789 1736 ὲρισταί
1858 1666 1981 1718 ὲστε

395 1759 479 1821 εἰς
517 1756 928 1828 διαλογισμούς.
974 1775 995 1810 ι
1035 1758 1197 1811 Ἰδιον
1241 1758 1350 1812 τῶν
1377 1756 1506 1820 τοὺς
1553 1756 1796 1825 ἀγαθοὺς
1841 1757 1982 1823 ἀγαο

395 1847 628 1901 πὼντων
682 1848 813 1912 τοὺς
871 1848 1150 1911 ἐναντίους
1208 1847 1613 1919 βδελύττεσθαι.
1651 1847 1744 1901 Διό
1791 1863 1978 1917 φησιν,

394 1939 485 1992 ὅτι
513 1938 618 1992 Σοῦ
646 1938 745 1992 τοῦ
764 1938 1151 2011 φιλανθρώπου
1166 1939 1296 2002 τοὺς
1322 1939 1681 2012 ἁμαρτωλοὺς
1700 1936 1987 2009 ἀναιροῦν-

396 2045 533 2091 τος,
555 2028 736 2098 πολλῷ
775 2028 977 2099 μᾶλλον
1016 2028 1126 2097 ἐγὼ
1173 2028 1273 2098 τὴν
1302 2028 1510 2083 τούτων
1561 2031 1985 2100 ἀποστραφησοο

400 2137 500 2189 μαι
542 2120 855 2184 συνουσίαν,
908 2120 1011 2191 τὴν
1042 2119 1350 2188 φιλόνεικον
1381 2118 1564 2173 αὐτῶν
1621 2118 1987 2190 ἐπιστάμενος

398 2209 651 2281 γνώμην.
692 2212 767 2265 Οὐ
824 2209 934 2281 γὰρ
984 2209 1272 2280 ἀνέχονται
1322 2209 1436 2263 τῶν
1469 2209 1697 2280 ἀγαθῶν
1725 2209 1989 2281 παραινέ-

400 2317 562 2361 σεων,
598 2298 743 2354 ἀλλά
780 2302 849 2372 τῇ
899 2299 1153 2371 δυσκολίᾳ
1200 2301 1301 2371 τῆς
1349 2298 1579 2372 γνώμης
1639 2300 1988 2354 ἀποσείονται

398 2392 630 2456 ταύτας.

474 2489 547 2537 κ’.
581 2502 599 2533 ι
638 2484 974 2554 Λήψονται⁶¹
1000 2484 1082 2547 εἰς
1108 2484 1446 2555 ματαιότητά
1472 2483 1571 2547 τάς
1592 2483 1779 2547 πόλεις
1809 2498 1926 2539 σου.
1960 2502 1983 2537 r

413 2575 762 2638 Ἀποκτενείς
820 2574 878 2627 δὲ
935 2574 1154 2640 αὐτοὺς,
1207 2575 1404 2645 φησὶν,
1457 2574 1559 2628 οὐκ
1614 2574 1840 2641 ἀδίκως,
1874 2574 1989 2627 ἀλλ’

402 2665 595 2734 ἐπειδὴ
640 2665 818 2736 μάτην
861 2667 962 2729 τὰς
1010 2664 1199 2727 πόλεις
1235 2666 1570 2737 οἰκήσουσιν,
1602 2664 1793 2737 ὄνησιν
1836 2664 1988 2720 οὐδε-

407 2756 537 2827 μίαν
572 2758 636 2809 ὲκ
671 2757 782 2809 τῶν
813 2756 923 2810 σῶν
960 2756 1141 2826 νόμων
1175 2757 1576 2827 καρπούμενοι.

368 2920 375 2923 _
478 2855 583 2912 xat',
609 2847 744 2917 κβ¹.‹
773 2848 911 2915 Οὐχὶ
938 2848 1063 2910 τοὺς
1091 2847 1386 2918 μισοῦντας
1413 2865 1495 2914 σε,
1516 2847 1708 2919 Κύριε,
1726 2848 1987 2920 ἐμίσησα,

407 2941 505 2994 καὶ
534 2940 627 2993 ἐπὶ
654 2940 780 3001 τοὺς
807 2938 1035 3009 ἐχθρούς
1064 2955 1159 2993 σου
1188 2938 1531 3011 ἐξετηκόμην
1546 2941 1591 2972 ⁸³
1612 2958 1627 3005 ;
1648 2940 1867 2993 Τέλειον
1902 2944 1991 3011 μῖ-

407 3046 501 3093 σος
560 3029 795 3099 ἐμίσουν
842 3029 1066 3093 αὐτοὺς,
1130 3029 1211 3092 εἰς
1248 3029 1484 3100 ἐχθροὺς
1525 3029 1775 3098 ἐγένοντό
1811 3047 1922 3101 μοι.
1967 3050 1987 3084 ι

406 3120 522 3186 Τῆς
566 3119 666 3186 σῆς
696 3118 1007 3189 ἑξήρτημαι
1035 3116 1279 3188 ἀγάπης,
1310 3113 1355 3171 ὦ
1389 3119 1659 3173 Δέσποτα.
1689 3118 1882 3174 Ταυτά
1909 3121 1993 3174 σοὶ

2075 655 2240 710 etiam
2275 654 2487 725 1537
2514 652 2873 708 mutationem
2900 652 3053 709 orbis
3081 651 3282 708 factam
3314 666 3439 722 pOSt
3477 653 3660 709 incar-

2076 748 2359 802 nationem
2417 745 2511 801 Dei
2556 756 2611 800 et
2647 744 2947 801 Salvatoris
2980 746 3177 800 nostri.
3226 743 3467 800 Vincunt
3509 746 3657 800 enim

2079 852 2370 892 numerum
2421 851 2519 907 per
2572 836 2881 906 quamlibet
2941 837 3219 891 civitatem
3271 844 3327 891 et
3378 837 3657 908 regionem

2079 928 2171 984 Dei
2199 929 2381 984 cultus
2412 928 2670 984 studiosi.
2712 946 2731 979 ι
2769 927 3093 993 Exsurrexi,
3122 937 3178 984 et
3206 929 3387 984 adhuc
3418 946 3539 985 sum
3578 939 3658 985 tet-

2079 1034 2224 1074 cum.
2260 1038 2276 1069 ι
2306 1017 2669 1088 Symmachus
2693 1027 2875 1073 autem
2905 1017 3416 1088 sic;vExpergiscar,
3443 1028 3492 1073 et
3522 1036 3659 1073 sem-

2080 1125 2173 1179 per
2201 1124 2290 1161 ero
2319 1109 2460 1177 apud
2510 1118 2577 1162 te.
2608 1107 2838 1178 Semper
2861 1108 3007 1163 enim
3049 1109 3318 1179 meipsum
3367 1108 3614 1163 excitans
3642 1147 3656 1171 ,

2082 1212 2135 1256 et
2181 1200 2413 1272 pigritiae
2477 1215 2732 1256 somnum
2786 1201 3034 1271 exigam,
3096 1212 3151 1256 et
3196 1201 3275 1256 tui
3334 1200 3659 1256 memoriam

2085 1292 2138 1345 in
2190 1300 2375 1347 mente
2438 1291 2794 1347 conservabo.
2863 1289 2954 1346 Sic
3033 1292 3179 1346 enim
3256 1299 3349 1346 tua
3406 1289 3661 1362 perfruar

2084 1398 2206 1452 ope.

2158 1582 2329 1638 Vens.
2364 1584 2446 1638 l9.
2474 1603 2494 1636 ι
2529 1583 2586 1639 Si
2619 1583 2911 1647 occideris,
2936 1598 2970 1636 ο
3006 1582 3169 1644 Deus,
3197 1589 3537 1650 peccatores,
3562 1578 3663 1631 viri

2084 1674 2438 1744 sanguinum,
2466 1674 2735 1729 declinata
2770 1689 2800 1727 a
2830 1688 2945 1737 me,
2982 1673 3110 1742 quia
3152 1668 3379 1741 litigiosi
3433 1667 3566 1723 estis
3613 1670 3665 1720 iu

2084 1766 2393 1835 colloquiis.
2434 1784 2453 1817 i
2500 1764 2791 1834 Proprium
2842 1772 2928 1819 est
2971 1772 3161 1818 eorum
3198 1760 3292 1830 qui
3326 1762 3501 1816 bonos
3541 1759 3672 1812 dili-

2085 1862 2238 1926 gunt,
2265 1857 2573 1910 contrarios
2606 1852 2886 1909 detestari.
2913 1850 3122 1907 ldcirco
3140 1850 3215 1905 ait
3242 1870 3255 1905 :
3285 1849 3423 1905 Cum
3461 1854 3542 1916 tu',
3577 1849 3669 1918 qui

2090 1946 2360 2017 benignus
2400 1960 2498 2014 es,
2535 1955 2855 2016 peccatores
2905 1944 3225 2008 interimas,
3272 1941 3450 1997 muito
3497 1940 3670 2010 magis

2086 2052 2187 2108 ego
2226 2037 2424 2092 borum
2452 2036 2910 2093 consuetudinem
2935 2035 3267 2099 aversaber,
3308 2048 3440 2087 cum
3467 2031 3671 2100 litigio-

2088 2144 2203 2185 sam
2236 2144 2427 2186 eorum
2462 2140 2698 2185 mentem
2731 2128 2999 2183 noverim.
3026 2125 3146 2182 Non
3180 2126 3326 2180 enim
3360 2122 3543 2178 ferunt
3570 2122 3668 2175 bo-

2088 2234 2190 2277 nas
2228 2221 2655 2288 admonitiones,
2689 2220 2788 2277 sed
2826 2220 2899 2274 ob
2927 2217 3099 2273 animi
3145 2214 3524 2270 morositatem
3570 2214 3669 2267 bas

2090 2309 2368 2378 rejiciunt.

2164 2488 2330 2543 Vens.
2380 2487 2472 2541 20.
2522 2506 2540 2536 ι
2603 2486 2892 2556 Accipient
2951 2486 3004 2540 in
3067 2483 3364 2538 vanitatem
3421 2479 3672 2533 civitates

2092 2586 2239 2631 tuas.
2274 2596 2292 2628 ι
2330 2575 2635 2630 lnterficies
2660 2583 2841 2627 autem
2875 2573 3044 2642 ipsos,
3072 2570 3168 2635 ait,
3200 2584 3307 2623 non
3333 2565 3671 2637 injuste,sed

2090 2669 2220 2737 quia
2255 2665 2460 2721 frustra
2495 2665 2750 2720 civitates
2798 2663 3078 2728 incolcnt,
3123 2661 3413 2715 utilitatem
3460 2673 3525 2712 ex
3565 2657 3672 2711 tuis

2091 2759 2304 2829 legibus
2331 2758 2536 2812 nullam
2567 2756 2953 2827 percipientes.

2169 2849 2335 2905 Vens.
2362 2848 2454 2915 2|,
2490 2848 2582 2902 22.
2612 2867 2631 2900 ι
2670 2847 2864 2903 Nonne
2891 2847 2987 2918 qui
3029 2847 3266 2902 oderunt
3297 2853 3369 2908 te,
3419 2842 3671 2904 Domine,

2094 2943 2341 3004 oderam,
2370 2950 2426 2996 et
2454 2955 2619 3010 super
2654 2941 2912 2995 inimicos
2942 2950 3068 2996 tuos
3110 2935 3503 2994 tabescebam?
3541 2933 3676 2989 Per-

2095 3034 2240 3089 fecto
2270 3033 2396 3088 odio
2413 3032 2637 3087 oderam
2659 3031 2803 3095 illos,
2833 3040 2889 3086 et
2910 3030 3121 3085 inimici
3156 3029 3284 3084 facti
3303 3036 3432 3083 sunt
3460 3026 3618 3080 mihi.
3650 3042 3670 3075 ›

2095 3125 2141 3179 Α
2173 3135 2267 3178 tuo
2296 3137 2507 3187 amore,
2542 3120 2796 3189 Domine,
2825 3121 3059 3192 pendeo,
3087 3129 3142 3176 et
3167 3122 3357 3175 eadem
3394 3126 3675 3187 qum‘tu'et

409 3208 677 3278 βούλομαι
739 3210 839 3262 καὶ
897 3208 1078 3278 φιλεῖν
1143 3209 1242 3262 καὶ
1288 3212 1491 3279 μισεῖν.
1544 3210 1645 3265 Διά
1691 3226 1776 3264 τοι
1835 3211 1994 3265 τοῦτο

2097 3214 2323 3287 diligere
2354 3223 2409 3269 et
2437 3214 2562 3269 odio
2597 3213 2801 3269 habere
2834 3215 2980 3269 volo.
3016 3215 3310 3283 Propterea
3359 3223 3457 3266 tuo
3497 3208 3681 3264 cultui

411 3301 543 3363 τοὺς
573 3298 675 3370 μὲν
704 3298 804 3367 τῆτ
834 3298 935 3368 σῆς
962 3299 1359 3368 ἀντεχομένους
1391 3299 1694 3371 θεραπείας
1730 3301 1826 3354 καὶ
1852 3301 1993 3371 φιλῶ

2096 3308 2435 3365 adluerentes
2461 3324 2587 3365 amo
2615 3319 2667 3365 et
2693 3306 2911 3378 1538
2938 3307 3152 3362 honoro
3179 3324 3192 3358 ε
3243 3304 3373 3360 odio
3403 3319 3534 3357 vero
3575 3302 3678 3355 lia-

411 3392 507 3445 καὶ
564 3390 811 3461 γεραίρω
840 3407 853 3420 ·
906 3390 1035 3454 τοὺς
1095 3390 1155 3444 δὲ
1216 3390 1513 3460 μισοῦντάς
1575 3409 1659 3458 σε,
1711 3393 1775 3446 οὐ
1835 3394 1997 3464 μόνον

414 3486 583 3557 μισῶ,
617 3486 757 3541 ἀλλά
785 3487 880 3540 καὶ
907 3484 1209 3556 ἀνιώμενος
1231 3485 1318 3538 ἐπ’
1343 3484 1551 3551 αὐτοῖς,
1581 3485 1675 3538 καὶ
1696 3484 1997 3557 τηκόμενος

410 3575 662 3633 διατελῶ.
702 3576 864 3629 Μισῶ
922 3576 1022 3646 μὲν
1074 3574 1184 3646 γὰρ
1226 3574 1302 3638 ὡς
1331 3574 1707 3646 παρανόμους,
1738 3575 2000 3647 οἰκτείρω

414 3667 473 3721 δὲ
502 3668 579 3730 ὼς
604 3666 953 3738 ἀνθρώπους.
988 3667 1102 3721 Καὶ
1151 3666 1371 3720 πενθεῖν
1406 3667 1506 3737 μὲν
1534 3667 1731 3731 αὐτοὺς
1759 3667 1850 3722 διὰ
1898 3669 2001 3739 τὴν

415 3759 653 3828 φυσικὴν
718 3757 1067 3828 συμπάθειαν
1126 3756 1508 3827 ἀναγκάζομαι
1541 3774 1556 3788 ο
1617 3757 2000 3827 βδελύττομαι

413 3852 474 3906 δὲ
510 3852 677 3905 πάλιν
701 3851 899 3914 αὐτοὺς
926 3850 1013 3905 διὰ
1041 3849 1140 3921 τὴν
1163 3848 1369 3920 πολλὴν
1397 3848 1668 3918 πονηρίαν
1690 3850 1756 3902 ⁸³.

491 3947 599 4008 κγ’,
624 3940 725 3996 κδ’.
762 3960 781 3993 ι
819 3938 1129 4009 Δοκίμασόν
1161 3955 1253 4010 με,
1289 3939 1318 3990 ὁ
1340 3937 1500 4004 Θεὸς,
1556 3937 1654 3991 καὶ
1681 3937 1852 4007 γνῶθι
1902 3935 2003 4008 τὴν

417 4031 653 4102 καρδίαν
711 4047 851 4101 μουο
907 4030 1101 4084 ἔτασόν
1139 4048 1232 4102 με,
1280 4029 1376 4084 καὶ
1419 4027 1590 4099 γνῶθι
1629 4029 1730 4091 τὰς
1778 4026 2002 4100 τρίϐους
2062 4016 2071 4024 ’

422 4139 525 4191 μου
558 4122 624 4176 ⁸⁵.
655 4123 766 4176 Καὶ
810 4115 916 4175 εἶδε
980 4123 1030 4175 εί
1083 4121 1201 4185 όδδς
1256 4120 1490 4191 ἀνομίας
1510 4120 1555 4153 ⁸³
1590 4121 1649 4173 ὲν
1701 4120 1849 4190 ἐμοὶ,
1909 4120 2004 4173 καὶ

418 4212 687 4283 ὀδήγησόν
724 4229 793 4282 με
814 4213 882 4265 ὲν
897 4212 1004 4283 ὀδῷ
1031 4212 1250 4283 αίωνίᾳ.
1284 4230 1303 4263 ι
1334 4210 1521 4265 Ταῦτα
1542 4209 1654 4278 ἐγὼ
1687 4210 1789 4279 μὲν
1827 4208 2002 4274 οὕτως

419 4301 567 4372 ἔχειν
622 4301 1032 4372 ὑπολαμϐάνω·
1087 4303 1148 4355 σὲ
1199 4302 1256 4355 δὲ
1296 4299 1624 4372 παρακαλῶ,
1652 4299 1746 4354 τὸν
1784 4300 2006 4370 ἄριστον

419 4391 531 4446 τῶν
553 4393 744 4464 ψυχῶν
773 4392 985 4463 ἰατρὸν,
1017 4392 1109 4446 τὸν
1149 4392 1285 4462 ὲμδν
1332 4391 1447 4462 βίον
1476 4389 1816 4462 καταμαθεῖν
1849 4395 2008 4462 ἀκρι-

421 4482 557 4549 65);,
599 4485 696 4538 καὶ
727 4485 798 4538 τά
843 4484 944 4555 τῆς
1004 4484 1235 4554 καρδίας
1266 4483 1310 4515 ⁸⁸
1362 4483 1617 4548 ἐξετάσαι
1668 4482 1950 4553 κινήματα
1985 4498 2000 4513 ·

2099 3401 2290 3457 bentes
2322 3410 2397 3467 te,
2424 3417 2532 3457 non
2563 3403 2729 3456 modo
2762 3401 2888 3456 odio
2920 3414 3229 3470 prosequor
3250 3437 3264 3462 ,
3299 3411 3490 3450 verum
3514 3396 3681 3449 etiam

2097 3501 2326 3563 propter
2349 3507 2446 3548 eos
2479 3506 2727 3558 maereo,
2773 3501 2829 3546 et
2875 3491 3228 3546 contabesco.
3271 3486 3374 3543 (in
3419 3487 3566 3543 enim
3626 3494 3684 3539 ut

2101 3584 2325 3655 impios,
2354 3584 2629 3641 misereor
2649 3599 2778 3639 vero
2809 3593 2867 3638 ut
2896 3582 3167 3648 homines,
3192 3590 3247 3635 et
3273 3580 3345 3634 ob
3374 3577 3688 3634 naturalem

2100 3677 2480 3748 cognationem
2508 3689 2605 3730 eos
2629 3674 2914 3744 deplorare
2944 3676 2960 3697 ‘
2986 3687 3149 3742 cogor
3174 3690 3187 3724 :
3224 3673 3467 3727 detestor
3499 3679 3682 3726 autem

2101 3782 2295 3823 rursus
2330 3767 2480 3837 ipsos
2519 3766 2590 3821 ob
2621 3765 2916 3819 maximam
2950 3764 3292 3834 pravitatem.

2174 3947 2338 4002 Vsus.
2363 3945 2455 4011 2'5,
2482 3944 2574 4000 24.
2616 3964 2634 3997 ι
2698 3942 2878 3998 Proba
2913 3959 3022 4009 me,
3063 3941 3228 4004 Dens.
3290 3950 3342 3996 et
3401 3940 3539 3995 scito
3590 3954 3690 3994 cor

2103 4052 2318 4093 meum:
2354 4037 2632 4109 interroga
2676 4052 2763 4092 me
2790 4077 2804 4102 ,
2846 4042 2901 4090 et
2932 4050 3205 4106 cognosce
3243 4034 3470 4089 semitas
3517 4044 3685 4087 meas.

2105 4125 2175 4181 Et
2199 4124 2321 4181 vide
2346 4141 2477 4180 num
2499 4126 2588 4181 via
2612 4124 2923 4196 iniquitatis
2961 4125 3015 4177 in
3060 4139 3146 4178 me
3176 4123 3268 4190 sit,
3300 4131 3355 4177 et
3381 4122 3487 4177 due
3519 4136 3605 4174 me
3636 4123 3687 4173 in

2104 4219 2194 4273 via
2222 4224 2449 4273 aeterna.
2498 4236 2518 4271 ι
2552 4216 2680 4272 Hine
2705 4232 2808 4288 ego
2829 4217 3054 4287 quidem
3097 4214 3172 4269 ita
3207 4230 3267 4269 se
3308 4215 3511 4267 habere
3538 4212 3689 4265 arbi—

2107 4318 2264 4366 tror:
2299 4319 2349 4364 te
2375 4319 2560 4365 autem
2606 4309 2874 4379 optimum
2907 4309 3214 4362 anii‘narum
3260 4305 3534 4360 medicum
3567 4318 3690 4374 pre~

2108 4417 2225 4468 cor,
2253 4411 2314 4458 ut
2343 4417 2520 4457 meam
2545 4403 2837 4473 diligenter
2860 4401 3162 4472 perspicias
3185 4398 3372 4460 vitam,
3396 4395 3693 4465 cordisque

2110 4498 2387 4553 motiones
2442 4497 2728 4568 inquiras:
2784 4505 2837 4551 et
2882 4495 2929 4551 si
2960 4493 3091 4563 quid
3130 4492 3238 4547 tuis
3288 4490 3496 4561 legibus
3535 4505 3695 4558 repu-

422 4574 527 4629 κάν
552 4591 606 4628 τι
631 4573 743 4628 τῶν
776 4572 885 4627 σῶν
930 4573 1111 4643 νόμων
1157 4572 1401 4637 ἐναντίον
1429 4574 1488 4624 ὲν
1533 4572 1744 4634 τούτοις
1774 4570 1996 4643 εὑρεθῇ,

2110 4605 2286 4660 gnatis
2322 4589 2374 4644 in
2410 4589 2495 4645 his
2544 4589 2834 4645 inventum
2881 4586 3083 4651 fuerit,
3131 4594 3190 4640 ut
3228 4599 3258 4638 a
3303 4593 3396 4638 tua
3426 4582 3695 4651 sapientia

422 4664 531 4718 ὑπὸ
580 4667 681 4735 τῆς
735 4664 839 4734 σῆς
887 4660 1275 4732 εὑθυνθῆναι⁶⁷
1332 4661 1528 4731 σοφίας
1573 4660 1863 4728 ἀντιϐολῶ,
1909 4663 2006 4715 καὶ

429 4757 567 4829 πρὸς
599 4756 699 4828 τὴν
762 4757 981 4811 αἰώνιον
1029 4752 1366 4827 όδηγηθῆναι
1402 4755 1655 4826 πορείαν.
1693 4752 1882 4807 Ταῦτα
1916 4754 2007 4824 ep-

427 4848 564 4921 ρέθη
601 4846 698 4918 μὲν
726 4847 834 4902 ὑπὸ
882 4846 978 4901 τοῦ
1040 4845 1315 4918 μακαρίου
1359 4844 1544 4910 Δαϐἰδ,
1600 4843 1912 4916 προερρἐη
1950 4843 2010 4897 δὲ

426 4942 511 5004 εἰς
544 4938 759 4993 Ἰωσίαν
783 4939 876 4994 τὸν
905 4935 1129 5007 εὐσεϐῆ,
1160 4937 1453 5007 πρόκειται
1481 4935 1539 4989 δὲ
1568 4936 1705 4989 πᾶσι
1732 4936 1846 5000 τοῖς
1891 4933 2017 5004 βουδ

430 5031 685 5103 λομένοις
709 5031 933 5103 ἀφορμὴ
960 5032 1260 5100 σωτηρίας.
1544 5100 1548 5104 ῃ

737 5124 1003 5178 ΕΡΜΗΝ.
1040 5123 1178 5177 ΤΟΥ
1205 5121 1355 5176 PAO’
1383 5120 1701 5175 ΨΑΛΜΟΥ.

503 5221 576 5268 α’.
619 5233 638 5266 ι
677 5214 772 5278 Εἰς
818 5214 880 5267 τὸ
920 5213 1098 5276 τέλος,
1126 5211 1360 5283 Ψαλμὸς
1403 5212 1482 5282 τῷ
1529 5209 1713 5264 Δαϐίδ.
1750 5228 1769 5262 ι
1801 5206 2009 5263 Διωκό-

438 5322 601 5377 μενος
628 5305 739 5359 ὑπὸ
755 5304 848 5360 τοῦ
877 5304 1053 5358 Σαοὺλ
1082 5306 1110 5358 ό
1141 5304 1416 5376 μακάριος
1441 5302 1629 5370 Δαϐὶδ,
1665 5303 1746 5366 εἰς
1790 5304 2015 5355 ἐπικου-

439 5395 560 5467 ρίαν
591 5396 744 5450 καλεϊ
774 5396 864 5450 τὸν
890 5394 1000 5448 τῶν
1039 5396 1178 5449 ὅλων
1212 5394 1375 5451 Θεόν.

2111 4692 2337 4738 curetur
2366 4681 2623 4748 obsecro,
2653 4689 2824 4752 utque
2864 4679 2932 4734 ad
2976 4687 3243 4733 aeternum
3283 4676 3386 4729 iter
3430 4675 3696 4730 deduear.

2114 4774 2243 4832 Haec
2284 4790 2316 4830 a
2355 4775 2518 4831 beato
2569 4772 2775 4829 Davide
2813 4771 2961 4828 dicta
3006 4777 3171 4836 sunt,
3226 4776 3282 4823 et
3319 4766 3387 4823 de
3426 4766 3518 4836 pio
3547 4764 3698 4820 Josia

2115 4866 2397 4939 praedicta,
2415 4874 2475 4922 et
2488 4864 2771 4933 omnibus,
2799 4863 2895 4934 qui
2920 4860 3123 4918 salutis
3142 4859 3492 4917 occasionem
3508 4857 3704 4913 volunt

2119 4962 2385 5033 arripere,
2421 4966 2552 5017 sunt
2582 4957 2884 5029 proposita.

2458 5111 2733 5169 INTERP.
2777 5108 3033 5167 PSALMI
3069 5107 3361 5166 CXXXIX.

2190 5207 2356 5263 Vsus.
2381 5208 2429 5262 Ι.
2458 5226 2478 5259 ι
2508 5206 2568 5261 In
2587 5205 2775 5270 ﬁnem,
2795 5202 3049 5260 Psalmus
3075 5200 3318 5257 Davidi.»
3350 5198 3486 5254 Cum
3512 5198 3706 5254 beatus

2123 5299 2294 5355 David
2340 5316 2372 5354 a
2406 5298 2572 5355 Saule
2618 5296 3059 5368 persecutionem
3096 5300 3397 5365 pateretur,
3435 5290 3490 5345 in
3546 5290 3707 5344 auxi-

2122 5392 2256 5448 lium
2285 5393 2455 5449 Deum
2485 5391 2867 5448 universorum
2896 5396 3075 5444 vocat.

1513 5506 1749 5563 VABIIE
1788 5503 2174 5562 LEC'I‘lONES
2224 5503 2312 5558 ET
2352 5503 2588 5560 NOTAE.

506 5608 555 5642 ”
584 5606 768 5677 cod.l
804 5602 1136 5677 ὲγηγέρθην.
1206 5604 1259 5677 ξ’
1283 5603 1414 5677 ξὈτι
1435 5630 1511 5677 -έτ
1534 5602 1693 5656 διαὶ.
1740 5600 1815 5677 Ita
1849 5601 1958 5677 leg:

2095 5600 2176 5660 ed.
2218 5600 2351 5677 Adsi-
2395 5608 2447 5653 et
2491 5596 2709 5677 .Cpmw-
2748 5595 3006 5677 ,Βεοςρεθ
3043 5586 3429 5677 θεηεεφέεοιῖρ.
3473 5587 3710 5677 (ξετεεὲῖι

438 5656 1094 5748 ἑρεϊςῖἰῖδῖαλὸιξίσμόνξ-
1118 5673 1222 5748 etsi
1251 5656 1362 5748 sint
1386 5673 1476 5741 qui
1499 5672 1677 5748 legere
1700 5656 1990 5725 ιηοίυηιυὸτ

2095 5656 2178 5732 ης.
2218 5668 2393 5748 Ηιξὶινἒ
2413 5670 2516 5748 qui
2536 5656 2835 5748 loquuntur
2861 5656 2930 5748 d‘é
2952 5671 3010 5748 te
3020 5660 3361 5748 AsgeleArlate;1
3381 5656 3709 5748 ﬁgam-‘0‘}:-

433 5738 530 5799 τὶιι
554 5738 627 5788 -Ᾰ-
646 5738 852 5811 16.18:;-
877 5738 1016 5799 σοὺ.
1050 5741 1215 5797 Hebr.
1240 5738 1465 5811 επεν-απτ
1516 5738 1626 5811 δέξο
1654 5743 1715 5794 in
1762 5756 1965 5811 genum

2095 5750 2186 5797 stes
2221 5743 2317 5795 tui.
2375 5738 2451 5794 na

439 5793 1214 5900 ξξῑωςρςέεξεῖεξιλδςεςνξτί

2095 5793 2314 5900 “fere
2342 5811 2387 5842 “
2415 5793 2636 5900 [ξςνέιρ-
2655 5793 2794 5900 ,οδά-
2820 5804 2850 5900 ,⁸
2899 5793 3271 5900 ’ίξαξαζίειέξῖῂ
3339 5793 3629 5900 ξιξειίιέ

365 5895 377 5906 ’
440 5878 764 5955 gowilebr.
797 5878 1175 5955 Cogitationes
1243 5898 1383 5936 mea;
1457 5881 1501 5914 ⁸⁸
1551 5878 1849 5949 Ἀνομίας.
1906 5878 2070 5934 Hebr;

446 5953 522 6010 Ib.
554 5954 790 6026 ἰαθῆναι.

2492 5724 2631 5808 Ααυῖ
2681 5731 2823 5808 ἦραν
2853 5734 2931 5796 είς
2962 5728 3089 5801 εἰκῆ
3157 5730 3206 5784 al.
3263 5724 3581 5798 ἐπήρθησαν
3612 5742 3715 5795 μα-

2492 5822 2631 5847 ινιηη
2673 5807 2771 5847 nml
2828 5804 2849 5847 4
2899 5798 3262 5847 παρανομίαν-
3339 5798 3384 5829 ⁸⁵
3416 5793 3532 5847 Τὰς
3561 5795 3709 5847 τοίὸ.

2128 5834 2267 5865 ῖῐατῖ
2343 5834 2387 5842 ’⁷
2415 5834 2636 5875 ηυγ-ηρ.
2673 5834 2794 5869 υυυ,
2828 5834 2850 5857 νι
2899 5834 3262 5870 -ιιυψυι-ιυμιυιν.
3420 5834 3525 5862 ...ς
3564 5834 3709 5861 ηιμ..

2128 5882 2350 5936 doloris.
2446 5880 2491 5912 “
2522 5876 2704 5946 Καρδ.
2734 5877 2857 5932 cod.
2923 5868 3291 5933 διδασκαλίας.
3384 5867 3427 5945 ἔτ
3453 5866 3714 5920 Εὐθυνθ.
