4128 6420
478 407 611 471 1943

1453 416 1945 477 TIIEODURETI
1994 419 2333 481 EPISCOPI
2384 424 2752 486 CYRENSIS

3611 428 3746 494 1941

550 523 716 581 Vens.
747 524 802 579 ἓ.
841 546 858 577 ι
890 526 1052 598 Eripe
1082 545 1189 593 me,
1226 529 1475 595 Domine,
1501 532 1570 585 ab
1590 531 1993 598 hominetnalo,
2019 548 2046 585 a

2227 533 2293 604 β’.
2326 554 2344 587 ι
2386 537 2601 605 Ἐξελοῦ
2640 559 2708 611 με
2729 542 2794 609 ⁸⁸,
2826 542 3022 613 Κύριε,
3044 544 3103 610 ἐξ
3139 544 3431 615 ἀνθρώπου
3480 543 3745 613 πονηροῦ,

477 620 595 674 viro
628 619 819 690 iniquo
848 621 1018 675 libera
1045 638 1145 676 me.
1174 641 1193 674 ι
1233 622 1477 692 lnjustus
1500 620 1647 687 Sanl,
1678 633 1875 692 eterga
1895 625 2053 680 bcne~

477 711 736 767 factorem
782 712 1053 782 ingratus.
1106 713 1331 769 Studuit
1364 713 1509 767 enim
1550 715 1772 768 beatum
1798 716 2057 770 Davidetn

476 803 747 869 occidere,
777 804 869 874 qui
904 820 1011 859 non
1052 807 1213 861 modo
1234 806 1417 875 ipsum
1460 806 1605 862 nulla
1638 807 1838 876 injuria
1861 808 2059 864 aﬂecc—

474 902 580 960 rat,
610 910 800 948 verum
836 896 998 950 etiam
1039 898 1336 953 multorum
1381 900 1775 954 beneﬁciorum
1804 900 1854 956 ei
1880 899 2061 957 fuerat

474 994 686 1040 auctor.

553 1077 714 1131 Vens.
738 1081 792 1132 5.
822 1097 839 1130 ι
863 1078 966 1145 Qui
991 1081 1371 1151 cogitaverant
1404 1082 1721 1152 iniquitates
1748 1085 1911 1139 corde
1933 1098 2056 1149 suo,

478 1168 692 1240 1539
710 1178 824 1226 toto
852 1171 940 1227 die
954 1174 1365 1228 constituebant
1385 1175 1622 1244 praelia.»
1646 1176 1779 1230 Nam
1809 1192 1915 1231 non
1940 1192 2062 1247 pra-

474 1261 557 1314 vis
583 1261 763 1315 solum
791 1278 924 1318 usus
955 1275 1039 1319 eSt
1064 1264 1520 1334 cogitationibus,
1568 1266 1661 1320 sed
1695 1269 1861 1321 etiam
1895 1284 2056 1337 opera

472 1349 903 1419 cogitationibus
928 1353 1161 1408 addidit.
1202 1354 1305 1407 Pro
1337 1364 1447 1407 toto
1478 1355 1565 1409 die
1596 1366 1775 1410 autem
1807 1355 2060 1427 Symma-

473 1442 611 1497 chus
647 1446 884 1513 quotidie
919 1445 1317 1516 interpretatus
1352 1457 1451 1502 est.

546 1618 712 1673 Vens.
744 1621 799 1675 4.
840 1642 857 1673 ‹
889 1626 1173 1678 Acueruut
1196 1625 1410 1695 linguas
1440 1640 1570 1680 suas
1593 1626 1737 1680 sicut
1762 1627 2054 1696 serpentis,

475 1727 742 1767 venenum
779 1716 1031 1784 aSpidum
1054 1716 1159 1771 sub
1189 1716 1348 1773 labiis
1380 1733 1592 1773 eorum.
1632 1737 1650 1769 ι
1687 1716 1822 1772 Nam
1858 1719 2056 1789 satpius

474 1804 624 1859 illum
677 1805 804 1860 dolo
853 1806 1167 1864 interimere
1210 1817 1442 1865 conatus
1484 1821 1602 1866 est:
1647 1821 1700 1867 et
1743 1828 1884 1882 saepe
1928 1828 2052 1867 cum

2163 626 2273 680 ἀπὸ
2293 629 2487 698 ἀνδρὸς
2517 631 2702 685 ἀδίκου
2735 633 2898 704 ῥῦσαί
2928 654 3017 706 με.
3071 657 3089 690 ι
3131 639 3353 701 Ἀδικος
3378 639 3404 689 ὁ
3428 636 3621 701 Σαοὺλ,
3648 635 3747 688 καὶ

2163 717 2291 788 περὶ
2335 720 2426 771 τὸν
2456 722 2754 795 εὐεργέτην
2784 727 3104 797 ἀχάριστος.
3135 730 3211 783 Ού
3241 729 3347 799 γὰρ
3383 729 3548 799 μόνον
3590 728 3745 779 οὐδὲν

2159 807 2460 877 ἠδικηκότα
2491 811 2581 863 τὸν
2622 814 2765 867 θεῖον
2794 816 2981 881 Δαϐὶδ,
3014 818 3150 871 ἀλλὰ
3193 822 3288 871 καὶ
3319 819 3535 872 πολλῶν
3592 815 3746 887 αύτῷ

2160 901 2453 970 γενόμενον
2514 904 2773 974 πρόξενον
2828 909 3072 977 ἀγαθῶν,
3113 910 3452 976 ἐσπούδαζεν
3502 907 3741 963 ἀνελεῖν.

2234 1081 2299 1143 γ’.
2337 1094 2354 1126 ι
2388 1077 2597 1143 Οἴτινες
2630 1080 2946 1149 ἐλογίσαντο
2976 1086 3194 1140 ἀδικίαν
3241 1089 3300 1140 ὲν
3340 1087 3565 1159 καρδίᾳ,
3610 1087 3743 1157 ὅλην

2160 1165 2258 1239 τὴν
2291 1168 2503 1238 ἡμέραν
2538 1174 2947 1242 παρετάσσοντο
2974 1176 3248 1248 πολέμους
3262 1179 3330 1232 ⁸⁸.
3365 1197 3384 1230 ›
3411 1179 3486 1231 Οὐ
3511 1178 3618 1248 γὰρ
3638 1177 3737 1235 v.6-

2161 1278 2249 1313 νον
2275 1265 2531 1332 πονηροῖς
2559 1265 2833 1335 ἐχρήσατο
2862 1266 3166 1339 λογισμοῖς,
3200 1269 3340 1323 ἀλλὰ
3358 1270 3457 1322 καὶ
3511 1270 3581 1323 τὰ
3603 1269 3746 1340 ἔργα

2162 1352 2472 1422 προσέθηκε
2510 1359 2624 1419 τοῖς
2673 1355 2974 1428 λογισμοῖς,
3010 1361 3086 1413 Τὸ
3124 1361 3205 1422 δὲ,
3234 1360 3392 1429 ὅλην
3435 1360 3551 1428 τὴν
3605 1360 3726 1428 ήμέ

2158 1459 2295 1511 ραν,
2324 1445 2352 1496 ὁ
2367 1444 2683 1516 Σύμμαχος,
2702 1449 2853 1502 κατὰ
2868 1448 3077 1504 πᾶσαν
3096 1450 3347 1520 ἡμέραν,
3368 1450 3743 1521 ἡρμήνευσεν.

2230 1624 2292 1678 δ’.
2325 1643 2343 1675 ι
2403 1625 2708 1697 Ἡκόνησαν
2743 1627 2997 1696 γλῶσσαν
3030 1630 3210 1685 αὐτῶν
3234 1631 3368 1684 ὡσεὶ
3405 1631 3621 1700 ὄφεως·
3666 1629 3747 1695 ἰὸς

2160 1716 2402 1771 ἀσπίδων
2439 1718 2544 1771 ὑπὸ
2577 1720 2643 1772 τά
2682 1719 2831 1790 χείλη
2882 1722 3085 1776 αὐτῶν.
3129 1741 3147 1771 ι
3186 1723 3336 1792 Δόλῳ
3384 1722 3492 1792 γὰρ
3532 1724 3746 1793 χρησά-

2164 1823 2329 1877 μενος
2383 1807 2645 1872 πολλάκις
2712 1811 2924 1865 ἀνελεῖν
2990 1812 3153 1866 αὐτὸν
3216 1814 3582 1883 ἐπεχείρησεο
3648 1813 3751 1866 καὶ

474 1899 730 1967 iurasset,
765 1899 1071 1970 amicisque
1101 1903 1281 1958 verbis
1314 1920 1448 1960 usus
1480 1914 1644 1971 esset,
1667 1905 2053 1975 jusjurandum

2165 1900 2424 1965 πολλάκις
2458 1901 2791 1973 ὀμωμοκὼς,
2840 1905 2936 1958 καὶ
2978 1905 3214 1974 φιλικοῖς
3262 1907 3617 1975 χρησάμενος
3647 1904 3742 1957 λό-

476 1990 715 2045 violavit.
773 1991 1068 2047 Subdolam
1139 1995 1305 2063 igitur
1356 2007 1625 2062 mentem,
1677 2007 1732 2052 et
1780 1999 2056 2053 occultum

474 2083 696 2149 dolum,
748 2084 872 2152 jure
915 2098 1227 2155 serpentum
1280 2088 1522 2143 ferarum
1570 2105 1784 2144 veneno
1830 2106 2055 2159 compa-

470 2175 627 2229 ravit.

546 2267 708 2320 Vens.
745 2267 794 2323 5.
838 2288 856 2319 ι
900 2268 1126 2323 Custodi
1178 2286 1285 2333 me,
1332 2269 1580 2335 Domine,
1620 2274 1713 2343 (nt
1740 2275 1997 2345 evadant)
2027 2290 2058 2330 e

472 2374 637 2414 manu
670 2363 995 2429 peccatoris,
1039 2363 1107 2416 ab
1130 2365 1449 2419 hominibus
1485 2365 1689 2435 iniquis
1720 2367 1869 2436 eripe
1896 2383 1999 2422 me.
2031 2387 2051 2419 ι

473 2454 628 2508 Justo
670 2455 927 2508 convenit
972 2454 1088 2509 hazc
1129 2458 1396 2523 precatio.
1445 2458 1563 2511 Non
1618 2459 1763 2510 enim
1819 2459 2056 2513 inimicis

473 2545 777 2609 interitum,
827 2548 919 2600 sed
967 2546 1071 2600 sibi
1119 2546 1220 2616 ipsi
1271 2548 1504 2602 salutem
1554 2547 1832 2617 vlﬂagitat.
1888 2569 1905 2600 ι
1950 2549 2053 2615 Qui

472 2637 855 2704 cogitaverunt
888 2637 1242 2708 supplantare
1282 2654 1507 2706 gressus
1553 2655 1723 2691 mens.
1766 2658 1784 2691 ι
1816 2639 2055 2696 Exaetus

472 2744 500 2779 a
540 2725 702 2781 Saule
732 2729 747 2747 ‘
785 2727 980 2783 beatus
1025 2726 1195 2781 David
1231 2729 1297 2783 ad
1339 2728 1658 2798 Allophylos
1703 2728 1868 2799 fugit:
1905 2731 2052 2801 impii

472 2832 654 2878 autem
708 2831 866 2878 erant
911 2822 1025 2888 illi,
1074 2831 1130 2876 et
1188 2823 1368 2878 omnis
1426 2823 1731 2892 iniquitatis
1794 2825 2052 2895 operarii.

472 2915 682 2970 Idcirco
724 2916 889 2986 igitur
915 2914 1278 2969 admiratione
1320 2916 1518 2984 dignus
1559 2926 1677 2969 est:
1720 2917 1920 2986 quippe
1960 2919 2053 2986 qui

472 3007 678 3078 ubique
723 3007 943 3074 pietatis
989 3014 1178 3063 custos
1219 3006 1342 3070 fuit,
1400 3017 1453 3061 et
1505 3009 1733 3077 tempori
1790 3009 2056 3065 inservire

476 3100 668 3156 noluit.
709 3099 1132 3163 Verumtamen,
1168 3099 1272 3164 ait,
1318 3115 1509 3169 parum
1550 3101 1746 3168 abfuit,
1792 3105 1924 3170 quin
1964 3102 2056 3159 ille

473 3209 561 3249 me
589 3193 838 3264 exigens,
867 3206 1093 3263 gressus
1122 3191 1341 3261 pietatis
1373 3208 1506 3247 mea:
1530 3194 1919 3266 supplautaret.

550 3461 717 3517 Vens.
744 3462 799 3516 6.
837 3481 854 3513 ι
892 3461 1315 3517 Absconderunt
1355 3465 1575 3532 superbi
1614 3465 1867 3534 laqueum
1902 3468 2057 3534 mibi,

476 3564 533 3612 et
578 3555 807 3611 funibus
867 3555 1236 3611 extenderunt
1285 3559 1539 3627 laqueum
1598 3561 1827 3627 pedibus
1887 3562 2056 3617 meis:

472 3649 629 3717 juxta
666 3649 806 3705 viam
832 3648 1163 3704 oll'eudicula
1192 3663 1484 3719 posuerunt
1519 3654 1671 3707 mihi.
1703 3673 1720 3703 ι
1753 3655 2058 3723 Superbum

479 3748 760 3808 nuncupat
794 3739 970 3808 ipsum
1010 3738 1253 3794 Saulem.
1287 3739 1525 3810 Laqueos
1560 3753 1763 3807 autem,
1800 3754 1852 3799 et
1883 3745 2058 3813 funes,

479 3846 532 3890 ct
565 3834 864 3898 scandala,
900 3835 1147 3891 diversas
1192 3837 1449 3901 insidias,
1494 3838 1744 3906 fraudes,
1788 3848 1840 3894 et
1878 3843 2055 3898 dolos.

479 3923 608 3981 Haec
644 3934 826 3980 autem
877 3925 1085 3996 tropice
1128 3928 1286 3991 dixit,
1328 3930 1646 3996 metaphora
1696 3934 1978 3998 desumpta
2030 3949 2059 3987 a

478 4018 860 4083 venatoribus,
905 4027 961 4072 et
1015 4020 1262 4088 laqueos,
1310 4019 1525 4092 1540
1571 4037 1776 4089 casses,
1826 4036 1879 4079 et
1925 4027 2061 4081 retia

479 4110 921 4167 extendentibus.

556 4204 719 4261 Vens.
754 4208 806 4260 7.
841 4226 860 4256 ‹
900 4204 1017 4259 Dixi
1051 4204 1324 4261 Domino:
1355 4207 1496 4263 Deus
1525 4224 1677 4263 meus
1702 4227 1759 4265 es
1792 4219 1871 4267 tu.
1896 4231 1914 4264 ι
1949 4212 2064 4282 Ego

480 4308 688 4360 autem,
727 4299 999 4368 despectis
1039 4299 1297 4355 omnibus
1333 4301 1590 4357 humanis
1622 4319 1708 4356 me
1748 4304 1924 4375 ipsum
1967 4306 2064 4361 tibi

481 4391 893 4455 commendavi,
928 4400 982 4445 et
1016 4401 1068 4445 te
1111 4391 1402 4447 Dominum
1445 4409 1509 4449 ac
1542 4393 1712 4449 Deum
1759 4397 1911 4464 novi,
1946 4405 2001 4452 et
2033 4413 2063 4452 a

482 4492 535 4535 te
555 4498 713 4551 opem
736 4492 1017 4551 exspecto.

2161 2008 2296 2061 γοις,
2329 1992 2543 2062 παρέϐη
2576 1994 2702 2057 τοὺς
2726 1994 2944 2066 ὅρκους.
2978 1995 3092 2067 Τὴν
3121 1997 3355 2051 ὓπουλον
3399 1998 3581 2050 τοίνυν
3602 1996 3750 2065 γνῶ-

2163 2100 2291 2153 μην,
2312 2084 2419 2136 ’καὶ
2460 2083 2548 2137 τὸν
2578 2086 2962 2156 κεκρυμμένον
2991 2087 3164 2153 δόλον,
3197 2089 3425 2152 εἰκότως
3464 2086 3743 2141 ἀπείκασε

2160 2171 2237 2241 τῷ
2269 2171 2377 2224 τῶν
2409 2173 2746 2242 ὲρπιστικῶν
2771 2175 2978 2245 θηρίων
3011 2176 3096 2247 ίῷ.

2159 2286 2173 2316 :
2232 2271 2297 2317 ε’.
2350 2282 2369 2314 ι
2401 2264 2642 2333 Φύλαξόν
2692 2284 2791 2337 με,
2824 2262 3018 2339 Κύριε,
3057 2270 3121 2322 ὲκ
3161 2270 3347 2341 χειρὸς
3388 2269 3747 2342 ἁμαρτωλοῦ,

2162 2355 2272 2408 ἀπὸ
2299 2354 2601 2423 ἀνθρώπων
2650 2359 2850 2413 ἀδίκων
2912 2360 3095 2424 ἐξελοῦ
3166 2377 3255 2431 με.
3304 2379 3321 2413 ι
3356 2361 3561 2432 Δικαίῳ
3606 2361 3749 2434 πρέ-

2163 2461 2341 2498 πουσα
2371 2448 2403 2516 ἡ
2434 2448 2585 2517 εύχή.
2622 2450 2696 2501 υῦ
2742 2450 2851 2520 γὰρ
2895 2453 3009 2513 τοῖς
3055 2451 3272 2523 ἐχθροῖς
3325 2452 3567 2524 ὄλεθρον,
3622 2452 3746 2507 ἀλλ’

2162 2535 2342 2606 ἑαυτῷ
2397 2538 2671 2610 σωτηρίαν
2738 2543 2898 2593 αἰτεῖ.
2971 2562 2989 2593 ι
3030 2542 3241 2606 Οἴτινες
3285 2544 3660 2612 διελογίσαντο
3696 2544 3747 2577 ’⁸

2160 2624 2257 2678 τοῦ
2312 2626 2666 2682 ὑποσκελίσαι
2714 2628 2782 2682 τὰ
2839 2630 3155 2702 διαϐἡματά
3189 2651 3316 2702 μου.
3364 2653 3383 2686 ι
3428 2634 3750 2699 Ἔξελαυνό-

2165 2734 2324 2786 μενος
2357 2718 2462 2770 ὑπὸ
2498 2719 2591 2771 τοῦ
2637 2721 2811 2773 Σαοὺλ
2835 2723 2862 2773 ὁ
2898 2723 3172 2794 μακάριος
3204 2724 3372 2778 Δαϐὶδ
3430 2725 3570 2797 πρὸς
3612 2728 3749 2791 τοὺς

2175 2806 2534 2876 Ἀλλοφύλους
2570 2809 2881 2879 κατέφυγε’
2917 2810 3199 2874 δυσσεϐεῖς
3267 2812 3325 2866 δὲ
3371 2812 3592 2877 ἐκεῖνοι,
3650 2813 3752 2866 καὶ

2163 2898 2343 2966 πάσης
2380 2899 2727 2969 παρανομίας
2758 2901 3012 2970 ἐργάται.
3067 2902 3177 2954 Καὶ
3222 2900 3313 2955 διὰ
3342 2902 3502 2955 τοῦτο
3554 2918 3749 2970 τοιγα-

2163 2990 2292 3062 ροῦν
2342 2989 2696 3059 ἀξιάγαστος,
2743 2993 2818 3056 ὡς
2871 2993 3147 3064 πανταχοῦ
3188 2992 3367 3062 φύλαξ
3420 2994 3522 3062 τῆς
3585 2994 3754 3046 εὗσε-

2162 3084 2317 3147 ϐείας
2360 3085 2676 3154 γενόμενος,
2712 3087 2804 3138 καὶ
2854 3086 3138 3140 δουλεῦσαι
3183 3089 3306 3149 ταῖς
3336 3085 3608 3153 ἀνάγκαις
3644 3087 3751 3140 οὐκ

2161 3176 2510 3245 ἀνεχόμενος.
2529 3175 2672 3228 Ἀλλ’
2692 3178 2720 3229 ὁ
2753 3177 2933 3242 sitv“,
2964 3177 3152 3247 φησιν,
3171 3169 3325 3240 οὗτος
3377 3177 3406 3229 ὁ
3439 3174 3752 3240 ἐξελαύνων

2164 3284 2254 3336 με,
2302 3266 2500 3338 μικροῦ
2553 3269 2664 3321 δεῖν
2707 3269 3033 3322 ὑπεσκέλισέ
3069 3286 3169 3337 μου
3210 3268 3311 3339 τῆς
3349 3268 3633 3333 εὐσεϐείας
3676 3269 3755 3324 τὰ

2159 3357 2316 3428 διαϐἡ
2325 3375 2489 3427 ματα.

2234 3453 2308 3512 ς’.
2344 3467 2362 3499 ι
2401 3450 2690 3519 Ἔκρυψαν
2718 3450 3058 3519 ὑπερήφανοι
3090 3449 3296 3518 παγίδα
3330 3466 3443 3520 μοι,
3472 3449 3568 3502 καὶ
3598 3465 3756 3519 σχοι·

2162 3542 2296 3606 νίοις
2350 3541 2619 3594 διέτειναν
2668 3541 2934 3610 παγίδα⁷¹
2992 3543 3104 3605 τοῖς
3142 3541 3270 3595 ποσί
3321 3557 3446 3610 μου,
3506 3539 3755 3611 ἐχόμενα

2160 3633 2348 3705 τρίϐου
2387 3634 2658 3688 σκάνδαλα
2698 3633 2880 3689 ἔθεντό
2925 3651 3040 3703 μοι.
3085 3653 3103 3686 ι
3147 3632 3533 3705 Ὑπερήφανον
3582 3631 3758 3685 αὐτὸν

2162 3725 2316 3778 καλεί
2360 3725 2453 3778 τὸν
2508 3724 2701 3779 Σαούλ.
2735 3743 2754 3776 ι
2795 3724 3029 3794 Παγίδα
3061 3724 3140 3789 δὲ,
3188 3723 3284 3776 καὶ
3325 3721 3592 3791 σχοινία,
3652 3722 3758 3775 καὶ

2163 3815 2506 3881 σκάνδαλα,
2535 3816 2633 3880 τὰς
2661 3816 2949 3888 διαφόρους
3000 3813 3318 3881 ἐπιϐουλὰς,
3368 3814 3496 3878 τοὺς
3531 3813 3755 3883 λόχους,

2162 3909 2262 3972 τὰς
2296 3907 2541 3977 ἐνέδρας.
2577 3908 2780 3978 Εῖρηκε
2821 3907 2878 3960 δὲ
2925 3905 3101 3960 ταῦτα
3142 3906 3443 3975 τροπικῶς,
3475 3906 3541 3958 ὲκ
3582 3921 3756 3975 μετα-

2165 4003 2339 4071 φορᾶς
2365 4000 2475 4053 τῶν
2522 3999 2871 4071 θηρευόντων
2900 3999 2994 4053 καὶ
3042 3998 3375 4070 ἁρπεδόνας,
3439 3996 3538 4049 καὶ
3583 3994 3759 4048 ποδά-

2164 4111 2327 4166 γρας,
2365 4094 2456 4146 καὶ
2483 4093 2675 4146 δίκτυα
2713 4091 3106 4146 διατεινόντων.

2235 4184 2300 4251 ζ’.
2316 4207 2333 4238 ι
2366 4180 2509 4238 Εἷπα
2533 4183 2612 4254 τῷ
2640 4183 2830 4254 Κυρίῳ
2850 4183 3012 4246 ’Θεός
3047 4200 3149 4252 μου
3172 4177 3222 4234 εἳ
3240 4180 3360 4234 σύ.)
3381 4177 3523 4248 Ἐγὼ
3547 4175 3758 4242 ama»

2167 4281 2529 4352 ἀνθρωπίνων
2591 4281 2847 4334 ἁπάντων
2901 4278 3327 4349 καταφρονήσας
3379 4271 3619 4345 ἐμαυτόν
3668 4287 3759 4324 σοι

2167 4372 2430 4444 ἀνέθηκα,
2466 4373 2559 4425 καὶ
2603 4371 2662 4424 σὲ
2710 4367 2825 4424 οῖδα
2876 4369 3086 4441 Κύριον
3144 4367 3242 4422 καὶ
3304 4366 3459 4431 Θεὸν,
3510 4364 3608 4419 καὶ
3653 4362 3760 4434 τὴν

2170 4466 2321 4538 παρὰ
2352 4464 2445 4518 σοῦ
2473 4462 2767 4536 προσμένω
2799 4461 3074 4532 βοήθειαν.

554 4571 801 4631 Exaudi,
848 4573 1118 4634 Domine.
1165 4588 1350 4628 vocem
1420 4573 1818 4644 deprecationis
1908 4592 2058 4633 meat.

2248 4576 2267 4610 ι
2315 4557 2621 4621 Ἐνῶτισαι,
2640 4552 2956 4627 Κύριε,τὴν
2987 4551 3170 4624 φωνὴν
3202 4550 3307 4622 τῆς
3338 4545 3577 4656 δεήσεώς
3622 4563 3754 4616 μου.

483 4659 670 4731 lVeus.
687 4658 743 4730 8]
768 4659 1012 4723 Domine,
1038 4661 1284 4725 Domine,
1307 4639 1701 4720 virtus—salutis
1726 4680 1878 4720 meae.
1907 4685 1926 4717 ι
1949 4664 2058 4723 Hect

2175 4649 2298 4725 [ηπ]
2328 4648 2527 4719 Κύριε,
2561 4649 2759 4718 Κύριε,
2800 4646 3032 4716 δύναμις
3078 4643 3177 4714 τῆς
3239 4639 3533 4731 σωτηρίας
3572 4654 3752 4731 μους

482 4728 742 4821 repetitio
762 4752 1035 4809 credentis
1070 4762 1125 4809 et
1169 4756 1411 4809 amantis
1430 4764 1532 4810 est.
1560 4758 1618 4811 In
1668 4768 1737 4822 te,
1759 4759 1856 4826 ait,
1879 4758 2058 4814 salutis

2170 4740 2529 4803 Πιστεύοντος
2582 4739 2677 4793 καὶ
2738 4735 3033 4798 ποθοῦντος
3091 4735 3119 4788 ό
3167 4729 3589 4799 διπλασιασμός.
3664 4728 3759 4826 ’ξῦν
3858 4780 3861 4783 .

482 4859 634 4915 spem
673 4843 955 4899 liabeo:tu
984 4847 1129 4900 enim
1168 4847 1318 4903 solus
1364 4847 1596 4903 salutem
1645 4847 1840 4905 aﬂ'erre
1891 4857 2069 4919 potes.

2173 4834 2277 4897 σοὶ,
2311 4833 2501 4904 φησὶν,
2548 4830 2656 4901 ἔχω
2685 4828 2784 4898 τὴν
2812 4828 2910 4898 τῆς
2952 4825 3228 4898 σωτηρίας
3261 4822 3457 4878 ἐλπίδα
3482 4839 3499 4854 ο
3545 4820 3610 4874 σὺ
3641 4819 3761 4891 γὰρ

487 4911 889 4993 c-Obumbrasti
922 4953 1087 5007 super
1102 4947 1265 5008 caput
1298 4953 1478 4994 meum
1509 4939 1597 4995 die
1633 4940 1778 4996 belli.
1811 4958 1833 4993 ι
1869 4911 1935 4997 lit
1969 4942 2058 4999 hoc

2164 4912 2336 4995 ’μόνος
2358 4923 2619 4994 παρέχειν
2636 4921 2736 4992 τὴν
2758 4919 3036 4990 σωτηρίαν
3064 4916 3292 4987 ίσχύεις.
3381 4911 3762 5008 ἶΕπεσκίασας

481 5030 816 5101 experientia
840 5027 1004 5084 didici
1024 5047 1036 5082 :
1054 5030 1249 5085 etenim
1278 5032 1496 5101 quando
1524 5048 1648 5087 cum
1673 5032 1927 5089 Goliatho
1956 5035 2071 5090 sin-

485 5124 673 5194 gulare
703 5129 976 5176 certamen
1012 5120 1199 5189 habui,
1225 5104 1512 5191 etquando
1528 5134 1717 5179 contra
1745 5125 2066 5195 Allophylos

485 5215 543 5268 iu
564 5214 679 5270 acie
701 5213 851 5278 steti,
876 5211 1045 5267 veluti
1082 5220 1237 5268 scuto
1272 5211 1476 5266 auxilio
1505 5220 1599 5266 tuo
1648 5215 1933 5270 munivisti
1971 5230 2076 5274 me.

2175 5017 2271 5070 ἐπὶ
2316 5015 2415 5086 τὴν
2454 5013 2702 5083 κεφαλήν
2761 5028 2862 5082 μου
2912 5012 2971 5064 ὲν
3014 5009 3202 5080 ἡμέρᾳ
3266 5005 3533 5077 πολέμου.
3571 5022 3591 5055 ι
3639 5002 3763 5057 Καὶ

2172 5108 2331 5164 τοῦτο
2361 5109 2430 5179 τῇ
2458 5106 2623 5178 πείρᾳ
2659 5103 2979 5175 μεμάθηκα.
3015 5101 3127 5155 Καὶ
3148 5098 3260 5171 γὰρ
3280 5098 3446 5168 ἡνίκα
3470 5095 3571 5164 τὴν
3591 5092 3761 5165 ῗπρὸς

2171 5201 2263 5254 τὸν
2296 5197 2491 5253 Γολιάθ
2534 5195 2874 5264 ἀνεδεξάμην
2926 5192 3289 5264 μονομαχίαν,
3349 5189 3445 5243 καὶ
3501 5188 3593 5241 ὅτε
3638 5187 3759 5249 τοῖς

2184 5289 2532 5360 ’Δλλοφύλοις
2557 5286 2973 5359 παρεταξάμην,
2997 5283 3250 5356 καθάπερ
3287 5281 3475 5337 ἀσπίδι
3502 5279 3658 5351 μετῇ
3684 5279 3758 5349 σῇ

2177 5384 2317 5454 ῥοπῇ
2340 5380 2732 5452 περιέφραξας.

1595 5538 1828 5594 VARUS
1863 5539 2253 5597 LECTIONES
2304 5541 2391 5595 ET
2423 5538 2653 5596 NOTAE.

553 5679 600 5711 ⁸⁸
632 5676 887 5749 Ἕξελοῦ
924 5676 1176 5749 118.com
1213 5674 1596 5749 [ὲιξελοῦμιιιιἒ
1667 5675 1709 5708 ⁸⁸
1730 5679 1956 5749 Παρεπ.
1979 5692 2058 5749 λπο

2164 5679 2512 5749 Cougreqaut.
2547 5690 2584 5733 t.
2614 5679 2917 5749 cumulant,
2951 5676 3111 5731 bella.

3217 5673 3264 5708 ⁷⁸
3290 5674 3423 5729 Rec.
3457 5670 3581 5727 lecti
3615 5670 3672 5727 lt.
3713 5670 3757 5731 Ι.

493 5757 581 5799 est
607 5737 942 5818 ελο-ίίσαντοῖ
1013 5747 1057 5779 ⁷⁸
1098 5746 1159 5798 '0
1188 5737 1333 5812 μέν(
1353 5737 1484 5802 cod:
1512 5745 1535 5797 1
1572 5744 1741 5814 ὅμως.
1817 5737 1860 5778 θ’
1884 5747 1993 5800 Καὶ
2024 5779 2058 5787 -

2169 5737 2527 5818 αγίδαίῐιρο.
2562 5749 2718 5804 lectio
2772 5750 2828 5803 lt.
2864 5737 2914 5801 Ι.⁷
2962 5757 3044 5803 est
3098 5748 3191 5801 καὶ
3252 5744 3459 5816 σχοινία
3484 5742 3761 5800 διέτειναν

501 5814 748 5878 παγίδας.
