4128 6420
376 433 515 503 19ἱὸ

1638 439 1722 500 ΙΝ
1785 439 1990 500 PSAL.
2049 438 2364 501 CXXXIX.

3507 433 3643 499 1946

443 552 513 607 θ’.
548 569 567 603 ι
596 550 745 620 Mt"
771 551 1029 622 παρεδῷς
1067 569 1157 621 με,
1181 552 1498 625 Κύριε,άπδ
1530 552 1631 623 τῆς
1657 553 1948 625 ἐπιθυμίας

2125 553 2288 608 \‘sns.
2322 558 2375 612 9.
2408 575 2425 605 ι
2453 553 2529 609 Ne
2559 555 2745 609 tradas
2769 570 2875 616 me,
2902 553 3152 615 Domine,
3173 567 3200 606 a
3222 551 3492 605 desiderio
3520 566 3637 605 meo

1740 644 1752 661 I
1820 641 1884 661 ﬁ",

377 660 481 714 μου
513 641 844 713 ἁμαρτωλῷ.
881 662 899 693 ι
933 643 991 696 '0
1014 644 1070 698 δὲ
1096 642 1393 713 Σύμμαχος
1430 641 1603 705 οὕτως
1624 660 1637 673 ⁸
1672 644 1767 710 Μὴ
1809 641 1948 709 δῷς,

373 735 577 803 Κύριε,
607 735 711 799 τὰς
757 735 1079 802 ἐπιθυμίας
1133 733 1244 789 τοῦ
1285 737 1660 803 παρανόμου.
1721 734 1954 803 Ὁμοίως

375 828 434 883 δὲ
468 829 564 882 καὶ
595 828 624 880 ὁ
677 826 995 891 Θεοδοτίων,
1050 827 1145 880 καὶ
1197 828 1225 879 ὁ
1269 826 1579 887 Ἀκύλαςτδ.
1635 827 1747 895 Τῆς
1789 825 1949 895 ἐμῆς,

378 920 567 999 φησίιν,
596 920 872 989 ἐφιεμένῳ
896 919 1112 989 σφαγῆς
1152 920 1227 990 μὴ
1256 919 1361 989 δῷς
1402 917 1500 989 τὴν
1523 918 1622 987 τῆς
1658 915 1953 986 ἐπιθυμίας

376 1011 695 1065 ἀπόλαυσιν.
772 1010 884 1064 Καὶ
948 1011 1089 1063 κατά
1139 1012 1267 1073 τοὺς
1329 1009 1733 1077 Ἐϐδομὴκοντα
1807 1007 1949 1062 οὕτω

374 1103 616 1173 ωητέον,
647 1100 744 1169 Μὴ
783 1102 860 1154 δι’
909 1099 1058 1169 ἐμοῦ
1086 1101 1433 1154 ἀπολαῦσαι
1456 1099 1500 1130 ⁷⁸
1527 1092 1616 1150 ὧν
1662 1098 1950 1166 γλίχεται.

385 1193 531 1260 Ἐγὼ
592 1194 691 1264 μὲν
737 1193 846 1264 γὰρ
875 1194 922 1225 ⁷⁸
974 1192 1229 1261 ἐπιθυμῶ
1283 1190 1522 1260 σωθῆναι
1554 1206 1569 1222 ⁸
1634 1192 1845 1253 ἐκεῖνος
1897 1190 1956 1243 δὲ

372 1285 637 1354 ἐπιθυμεῖ
670 1284 888 1338 ἀνελεῖν
915 1301 1004 1353 με.
1034 1282 1126 1352 Μὴ
1154 1282 1335 1334 τοίνυν
1373 1281 1469 1350 τὴν
1496 1280 1634 1350 ἐμὴν
1656 1278 1954 1347 ἐπιθυμίαν

370 1377 569 1448 ἐκείνῳ
621 1378 931 1447 παράσχῃς.
996 1395 1016 1428 ι
1079 1374 1460 1442 Διελογίσαντο
1494 1374 1537 1405 ⁷⁷
1597 1373 1718 1426 κατ’
1767 1371 1901 1441 ἐμοῦ
1938 1389 1951 1402 ·

374 1470 450 1540 μὴ
480 1468 855 1539 ὲγκαταλίπῃς
917 1485 1007 1538 με,
1069 1467 1283 1538 μήποτε
1341 1464 1651 1533 ὐψωθῶσιν.
1695 1484 1714 1519 ι
1768 1464 1955 1518 Πάντα

368 1560 635 1629 λογισμὸν
661 1558 874 1613 κινοῦσι
908 1558 1052 1626 κατὰ
1080 1557 1179 1627 τῆς
1202 1557 1345 1627 ἐμῆς
1373 1556 1591 1627 σφαγῆς
1609 1573 1623 1588 ·
1659 1556 1735 1626 μὴ
1774 1556 1955 1609 τοίνυν

372 1667 441 1721 με
471 1650 573 1720 τῆς
612 1650 717 1720 σῆς
740 1647 1038 1722 γυμνώσῃς
1072 1648 1351 1720 προνοίας,
1406 1648 1492 1700 ἵνα
1553 1648 1627 1719 μὴ
1679 1646 1956 1718 πρόφασιν

366 1742 555 1804 αὐτοῖς
574 1740 893 1805 ἀλαζονείας
930 1741 1241 1810 παράσχῃς.

444 1838 497 1885 ι’.
535 1831 599 1884 Ἦ
619 1831 665 1863 ⁷⁸
699 1831 913 1901 κεφαλὴ
961 1830 1053 1883 τοῦ
1110 1827 1469 1899 κυκλώματος
1521 1828 1721 1892 αὐτῶν,
1780 1827 1951 1891 κόπος

2053 648 2350 716 peccaturi.
2385 668 2403 699 ι
2446 648 2814 718 Symmachus
2846 647 2959 700 sic:
3006 642 3081 698 Ne
3114 644 3230 710 des,
3266 643 3510 707 Domine,
3550 643 3640 695 ἀε-

2055 739 2251 792 sideria
2304 740 2491 809 iniqui.
2547 738 2814 793 Similiter
2861 746 3043 790 autem
3103 746 3153 790 et
3208 736 3545 798 'l‘lteodotio,
3588 744 3642 788 et

2053 828 2269 897 Aquila.
2329 829 2700 894 Desideranti,
2764 830 2881 890 ait,
2950 843 3125 881 meam
3170 828 3369 881 caedem
3429 842 3494 878 ne
3542 825 3639 879 des

2053 920 2308 973 desiderii
2358 933 2634 976 eventum.
2681 920 2748 974 Et
2795 920 3097 973 secundum
3155 919 3512 987 Septuaginta
3557 918 3639 971 sic

2056 1012 2463 1081 intelligendum
2489 1023 2572 1067 est
2600 1032 2614 1067 :
2639 1012 2719 1067 Ne
2747 1028 2838 1081 per
2867 1028 2945 1066 me
2964 1021 3318 1082 consequatur
3332 1026 3450 1079 qua!
3470 1009 3635 1077 cupit.

2059 1106 2171 1173 Ego
2202 1105 2348 1158 enim
2375 1105 2558 1159 salvus
2595 1120 2718 1159 esse
2747 1106 2931 1174 cupio,
2964 1105 3053 1158 ille
3088 1118 3215 1158 vero
3247 1118 3332 1157 me
3370 1102 3640 1170 perimere

2057 1197 2233 1265 CUpit:
2290 1213 2356 1251 ne
2406 1198 2572 1267 igitur
2621 1214 2799 1251 meum
2851 1197 3180 1252 desiderium
3242 1195 3320 1249 illi
3367 1194 3635 1264 prazbeas.

2065 1308 2084 1340 ι
2120 1288 2512 1359 Cogitaverunt
2553 1298 2744 1343 contra
2782 1306 2888 1353 me,
2927 1305 2993 1343 ne
3036 1289 3383 1356 derelinquas
3416 1302 3535 1350 me,
3570 1299 3640 1339 ne

2057 1378 2196 1434 forte
2238 1381 2566 1435 exaltentur.
2603 1399 2621 1431 ι
2658 1379 2884 1434 Omnem
2934 1380 3316 1447 cngitatiunem
3365 1379 3417 1431 in
3458 1392 3636 1431 meam

2057 1469 2257 1524 caedent
2304 1480 2665 1525 convertunt:
2715 1486 2783 1524 ne
2825 1471 2989 1539 igitur
3032 1486 3119 1524 tne
3157 1480 3247 1523 tua
3294 1470 3639 1538 providentia

2055 1563 2255 1633 prives,
2290 1579 2355 1617 ne
2387 1579 2575 1619 ansam
2610 1563 2880 1632 superbia:
2912 1562 3045 1632 ipsis
3077 1561 3345 1631 praebeas.

2126 1826 2294 1882 Vnus.
2345 1826 2430 1880 lO.
2478 1844 2498 1877 ι
2546 1826 2721 1896 Caput
2770 1825 3037 1882 circuitus
3083 1840 3275 1880 eorum
3322 1823 3531 1895 1541
3588 1833 3645 1879 et

366 1922 476 1978 τῶν
540 1922 771 1993 χειλέων
822 1922 1004 1975 αὐτῶν
1051 1921 1282 1989 καλύψει
1325 1922 1544 1983 αὐτούς.
1592 1938 1611 1971 ι
1660 1917 1944 1972 Ἐντεῦθεν

2052 1918 2205 1972 labor
2240 1919 2508 1972 labiorqu
2547 1919 2792 1985 ipsorum
2821 1919 3173 1987 operictcos.
3220 1936 3236 1968 ι
3283 1917 3417 1970 llinc
3457 1916 3639 1968 futura

366 2012 624 2083 προλέγει
652 2013 724 2066 τά
760 2014 993 2084 ἐσόμενα
1035 2015 1219 2075 αὐτοῖς
1266 2013 1432 2066 κακά.
1477 2011 1648 2065 Τοῦτο
1675 2011 1731 2064 δέ
1782 2011 1950 2080 σαφέ-

367 2121 559 2175 στερον
590 2106 635 2137 ⁷⁸
664 2107 692 2158 ὁ
720 2104 1019 2175 Σύμμαχος
1070 2106 1417 2176 ἡρμήνευσεν
1442 2122 1457 2136 ~
1505 2104 1557 2156 '0
1608 2103 1950 2172 πικρασμός

364 2192 487 2247 τῶν
509 2196 907 2248 κυκλούντων
923 2213 1021 2265 με,
1051 2199 1084 2249 ό
1093 2198 1323 2263 μόχθος
1344 2194 1461 2248 τῶν
1478 2196 1729 2265 χειλέων
1749 2194 1950 2249 αὐτῶν

362 2284 704 2353 πωμασάτω
733 2287 978 2349 αὐτούς.
1007 2286 1138 2349 Ταῖς
1156 2286 1402 2350 οἰκείαις,
1425 2286 1613 2357 φησὶν,
1632 2287 1948 2351 ἐπιϐουλαῖς

361 2376 738 2446 περιπέσοιεν,
772 2376 865 2431 καὶ
893 2375 929 2430 ἃ
956 2379 1076 2430 κατ’
1108 2377 1243 2447 ἐμοῦ
1293 2377 1673 2431 τεκταίνουσιν
1717 2378 1948 2448 ὑπομεί-

360 2462 538 2533 ναιεν,
594 2469 688 2521 καὶ
738 2470 772 2538 ἡ
833 2467 957 2522 κατ’
1009 2468 1144 2539 ἐμοῦ
1195 2469 1539 2541 τυρευομένη
1587 2469 1786 2540 πικρία
1822 2469 1949 2533 τοὺς

358 2558 537 2632 ταύτῃ
600 2560 917 2629 χρωμένους
960 2560 1238 2623 παντελῶς
1302 2560 1645 2630 συγκαλύψαι
1668 2561 1734 2615 ⁸⁰.
1776 2560 1949 2615 Τοῦτο

359 2649 509 2703 ἔοικε
527 2650 606 2720 τῷ
633 2652 690 2703 ἐν
719 2649 797 2720 τῷ
818 2650 1034 2721 ἑϐδόμῳ
1065 2651 1347 2721 εἰρημένῳ
1395 2652 1596 2722 ψαλμῷ
1622 2667 1636 2682 ο
1681 2671 1700 2703 ι
1730 2652 1949 2707 Λάκκον

359 2739 540 2811 ὤρυξε
594 2741 690 2794 καὶ
733 2740 973 2810 ἔσκαψεν
1000 2739 1045 2774 ⁸⁸
1103 2742 1286 2807 αὐτὸν,
1350 2743 1443 2796 καὶ
1497 2745 1816 2814 ἐμπεσεῖται
1866 2744 1948 2808 εἰς

360 2830 574 2904 βόθρον,
602 2832 661 2886 ὃν
689 2834 1000 2904 εἰργάσατο.
1031 2852 1051 2885 ι

440 2924 530 2981 ια’.
571 2942 590 2975 t
629 2924 930 2978 Πεσοῦνται
978 2927 1071 2980 ἐπὶ
1100 2927 1297 2990 αὐτοὺς
1345 2928 1635 2999 ἄνθρακες,
1694 2929 1788 2982 καὶ
1812 2929 1858 2961 δ’
1889 2928 1947 2984 ἐν

361 3016 499 3084 πυρὶ
542 3015 874 3079 καταϐαλεῖς
915 3015 1132 3081 αὐτούς.
1166 3035 1184 3068 ι
1225 3013 1351 3071 Οἷον
1403 3018 1512 3089 γάρ
1561 3035 1665 3071 τινι
1722 3018 1853 3089 πυρὶ
1879 3021 1945 3090 τῇ

357 3106 498 3175 ὀργῇ
536 3105 945 3170 καταναλώσεις
981 3106 1199 3170 αὐτούς.
1253 3126 1271 3158 ‹
1324 3108 1410 3161 Ἐν
1452 3106 1847 3179 ταλαιπωρίαις
1876 3109 1944 3174 ⁸³,

356 3196 453 3249 καὶ
485 3195 547 3248 οὐ
591 3195 667 3266 μὴ
700 3195 1032 3252 ὑποστῶσιν.
1074 3215 1092 3246 ι
1140 3195 1571 3268 Περιπεσοῦνται
1615 3200 1945 3270 συμφοραῖς,

358 3285 455 3340 καὶ
481 3286 544 3338 οὐ
573 3284 621 3317 ⁸⁵
649 3286 994 3356 περιέσονται
1057 3284 1261 3339 τούτων
1280 3286 1345 3342 ⁸⁸.
1411 3286 1596 3340 Ταῦτα
1643 3287 1698 3340 δὲ
1746 3289 1944 3359 συνέϐη

356 3376 437 3446 τῷ
488 3376 661 3430 Σαοὺλ
711 3379 769 3430 ἐν
802 3377 880 3447 τῷ
936 3377 1077 3430 κατά
1133 3378 1260 3441 τοὺς
1301 3377 1656 3448 Ἀλλοφύλους
1702 3379 1943 3451 πολέμῳ.

369 3468 519 3521 Ἐκεῖ
551 3468 659 3539 γὰρ
686 3469 915 3537 σφαγεὶς
939 3468 1163 3536 ἐδέξατο
1183 3469 1277 3523 τοῦ
1318 3469 1433 3539 βίου
1465 3470 1526 3523 τὸ
1553 3472 1750 3543 πέρας.

435 3558 523 3629 ιβ’.
567 3578 585 3611 ι
633 3559 800 3631 Ἀνὴρ
838 3561 1169 3632 γλωσσὼδης
1196 3563 1258 3614 οὐ
1306 3563 1807 3635 κατευθυνθήσεται
1857 3568 1948 3620 ἐπὶ

359 3651 462 3719 τῆς
501 3652 627 3720 γῆς.
669 3670 689 3705 ι
728 3654 865 3717 Τοὺς
900 3652 1288 3716 διαϐάλλοντας
1320 3655 1484 3708 αὑτὸν
1525 3657 1767 3727 συνεχῶς
1796 3659 1949 3729 παρὰ

359 3740 439 3813 τῷ
469 3743 643 3797 Σαοὺλ
694 3743 785 3798 διὰ
840 3744 1047 3797 τούτων
1100 3745 1418 3810 αἰνίττεται,
1466 3746 1558 3799 τὸν
1602 3748 1783 3818 Δωὴκ,
1822 3749 1947 3810 τοὺς

359 3832 642 3902 Ζιφαίους,
689 3836 817 3900 τοὺς
866 3823 1081 3900 ἄλλους,
1150 3836 1201 3889 οἳ
1254 3836 1482 3900 πολλαῖς
1553 3839 1947 3906 συκοφαντίαις

359 3925 677 3996 ἐκέχρηντο.
736 3926 848 3979 Καὶ
921 3924 1160 3979 διδάσκει
1227 3926 1305 3990 ὡς
1366 3927 1796 3998 διαμαρτάνουσι
1851 3928 1945 3981 τοῦ

360 4017 566 4068 σκοποῦ
599 4018 648 4069 οἱ
689 4015 922 4069 πλούτου
953 4017 1114 4087 χάριν
1158 4016 1254 4070 καὶ
1283 4017 1604 4082 δυναστείας
1637 4021 1704 4090 τῇ
1755 4018 1946 4089 ψευδο-

357 4103 519 4175 λογίᾳ
552 4104 846 4175 χρώμενοι.
901 4106 994 4157 καί
1039 4106 1100 4157 οὐ
1154 4107 1516 4175 τυγχάνουσιν
1565 4099 1640 4160 ὧν
1675 4107 1942 4175 ἐφίενται.

365 4213 384 4244 ι
431 4193 631 4264 ’Ἄνδρα
672 4194 856 4247 ἄδικον
895 4195 1044 4247 κακά
1075 4192 1330 4265 θηρεύσει
1372 4195 1454 4256 εἰς
1496 4194 1798 4265 διαφθοράν
1819 4194 1887 4250 ⁸⁸.
1922 4214 1942 4247 ι

358 4281 551 4337 Ταῦτα
588 4284 700 4353 γὰρ
744 4284 838 4337 καὶ
898 4285 926 4336 ὁ
980 4284 1153 4338 Σαοὺλ
1215 4285 1541 4356 ὑπέμεινεν·
1576 4284 1693 4355 ἥλω
1745 4286 1855 4359 γάρ
1889 4288 1947 4340 ἐν

357 4375 436 4444 τῷ
465 4373 708 4444 πολέμῳ,
738 4373 834 4427 καὶ
882 4371 1100 4438 ἐδέξατο
1145 4374 1247 4444 τὴν
1280 4373 1658 4447 θανατηφόρον
1700 4375 1940 4447 πληγήν.

432 4471 522 4534 ιγ’.
559 4483 577 4515 ι
616 4466 830 4534 Ἔγνων
858 4464 941 4519 ὅτι
974 4466 1192 4538 ποιήσει
1234 4467 1441 4536 Κύριος
1487 4469 1588 4537 τὴν
1617 4468 1800 4540 κρίσιν
1834 4468 1944 4523 τῶν

2049 2009 2130 2063 cis
2163 2010 2304 2062 mala
2342 2010 2611 2079 praedicit.
2645 2008 2762 2064 Hoc
2792 2018 2976 2063 autem
3023 2008 3242 2078 planius
3275 2007 3642 2078 Symmachus

2051 2101 2440 2170 interpretatus
2495 2111 2608 2156 est:
2666 2102 2942 2154 Acerbitas
3001 2116 3204 2166 eorum,
3265 2099 3354 2168 qui
3411 2098 3641 2151 circum-

2050 2191 2306 2245 dederunt
2338 2208 2437 2255 me,
2474 2191 2624 2244 labor
2653 2190 2920 2245 labiorum
2960 2190 3200 2258 ipsorum
3233 2190 3247 2210 '
3293 2190 3494 2258 aperiat
3526 2203 3639 2242 eos.

2051 2278 2109 2332 ln
2158 2279 2430 2349 proprias,
2478 2279 2687 2348 inquit,
2726 2278 2955 2332 insidias
2996 2276 3272 2340 incidant,
3317 2285 3371 2329 et
3414 2290 3533 2343 qute
3583 2275 3640 2328 in

2051 2386 2138 2424 me
2161 2370 2335 2425 moliti
2367 2379 2516 2435 sunt,
2550 2370 2849 2439 patiantur,
2876 2377 2930 2422 et
2959 2368 3229 2422 acerbitas
3254 2382 3415 2437 quam
3439 2366 3642 2420 adver-

2051 2476 2147 2516 sus
2174 2477 2259 2514 me
2282 2461 2574 2514 machinati
2605 2469 2756 2524 sunt,
2793 2476 2913 2525 eos,
2940 2460 3034 2530 qui
3064 2458 3169 2513 hac
3200 2467 3456 2522 utuntur,
3482 2457 3641 2526 peni-

2051 2564 2138 2609 tus
2168 2553 2399 2621 operiat.
2436 2551 2551 2607 Hoc
2598 2553 2781 2607 simile
2828 2562 2914 2608 est
2967 2552 3073 2616 illi,
3113 2551 3261 2620 quod
3311 2551 3364 2604 in
3407 2550 3642 2619 septimo

2051 2643 2260 2712 psalmo
2320 2643 2527 2697 dictum
2580 2650 2703 2709 est;
2764 2662 2783 2694 ‹
2830 2639 3034 2696 Lacum
3078 2642 3318 2711 aperuit,
3364 2650 3417 2697 et
3454 2639 3645 2696 ell'odit

2049 2749 2198 2799 eum,
2232 2742 2286 2789 ct
2317 2734 2520 2788 incidet
2551 2733 2606 2788 in
2635 2732 2874 2799 foveam,
2907 2747 3074 2803 quam
3108 2731 3238 2786 l‘ccit
3269 2742 3317 2785 ι).
3353 2749 3371 2782 ι

2119 2913 2287 2970 Vens.
2330 2913 2419 2969 ll.
2475 2931 2494 2964 ι
2542 2910 2754 2967 Cadent
2796 2927 2962 2982 super
3003 2926 3100 2966 eos
3144 2910 3438 2977 carbones,
3483 2919 3538 2965 et
3584 2911 3638 2965 in

2051 3001 2229 3072 ignem
2258 3002 2485 3071 dejicies
2514 3016 2632 3056 eos.
2672 3020 2691 3053 ›
2737 2998 2873 3054 Nam
2910 2999 3078 3055 veluti
3114 3000 3351 3069 quodam
3390 2999 3515 3069 igne
3558 3000 3641 3053 ira

2051 3093 2201 3162 ipsos
2222 3106 2537 3146 consumes.
2576 3110 2595 3143 ι
2638 3092 2694 3145 ln
2727 3091 2988 3157 miseriis,
3018 3100 3074 3146 et
3103 3106 3213 3145 non
3250 3090 3577 3145 subsistant.
3615 3110 3635 3144 ι

2050 3183 2110 3236 In
2161 3183 2506 3238 calamitates
2561 3182 2828 3246 incident,
2880 3183 2975 3237 sed
3026 3182 3114 3237 his
3163 3182 3482 3252 superiores
3530 3198 3639 3235 non

2052 3282 2239 3330 erunt.
2283 3272 2408 3329 Haec
2433 3283 2616 3328 autem
2653 3273 2807 3329 Sauli
2837 3274 3159 3329 acciderunt
3184 3273 3238 3327 in
3269 3273 3411 3328 bello
3446 3281 3640 3328 contra

2051 3365 2407 3439 Allapliylos:
2457 3366 2529 3422 ibt
2580 3367 2724 3422 enim
2772 3382 2978 3435 caesus,
3032 3368 3156 3422 vitae
3201 3365 3363 3421 tinem
3397 3368 3633 3423 sortitus

2052 3466 2158 3513 est.
3214 3441 3218 3447 ’

2109 3549 2272 3605 Vens.
2307 3549 2394 3605 12.
2417 3568 2436 3601 ι
2456 3547 2555 3605 Vir
2580 3549 2867 3618 linguosus
2891 3563 3001 3602 non
3037 3546 3305 3617 dirigetur
3335 3547 3389 3599 in
3426 3553 3592 3599 terra.
3616 3562 3637 3596 ι

2053 3643 2157 3696 Per
2214 3643 2332 3697 lucc
2388 3643 2551 3695 tacite
2607 3641 2815 3695 indicat
2858 3654 2977 3702 eos,
3030 3639 3125 3708 qui
3183 3638 3445 3693 continue
3498 3637 3641 3707 apud

2054 3732 2273 3787 Saulem
2307 3732 2487 3797 ipsum
2515 3732 3023 3786 calumniabantur.
3049 3729 3379 3798 Huiusmodi
3413 3728 3642 3783 fuerunt

2053 3825 2218 3891 Doeg,
2242 3823 2470 3892 Ziphaei,
2491 3832 2546 3877 et
2575 3822 2690 3889 alii,
2716 3821 2810 3892 qui
2842 3820 3031 3875 multis
3054 3820 3139 3875 usi
3168 3827 3302 3874 sunt
3328 3818 3643 3872 calumniis.

2051 3913 2117 3967 Et
2147 3912 2310 3966 docet
2344 3926 2440 3966 eos
2500 3910 2609 3964 voti
2640 3916 2927 3980 compotes
2962 3923 3074 3963 non
3109 3907 3250 3972 fore,
3281 3907 3375 3977 qui
3406 3908 3474 3961 ob
3498 3906 3641 3960 divi-

2050 4004 2155 4057 tias
2214 4010 2271 4056 et
2326 4001 2617 4071 imperium
2682 4000 2836 4055 falsis
2881 4006 3112 4055 utuntur
3162 3998 3388 4064 verbis,
3464 4012 3642 4066 neque

2050 4101 2450 4149 consecuturos
2507 4107 2631 4162 qua
2674 4091 3010 4146 desiderant.
3058 4110 3078 4142 ‹
3135 4089 3327 4144 Virum
3373 4089 3639 4158 injustnm

2049 4183 2193 4238 mala
2226 4183 2448 4252 capient
2479 4182 2535 4236 in
2566 4180 2820 4236 interitu.
2858 4199 2876 4232 ι
2916 4180 3046 4236 Haec
3082 4181 3227 4235 enim
3259 4190 3311 4233 et
3344 4177 3473 4232 Saul
3514 4193 3640 4247 per-

2048 4285 2247 4342 pessus
2281 4279 2401 4325 est:
2452 4285 2582 4325 nam
2611 4276 2806 4339 captus
2841 4276 2928 4325 est
2968 4268 3022 4322 in
3070 4267 3233 4334 bello,
3270 4265 3642 4334 lethalemque

2049 4365 2264 4435 plagam
2310 4363 2539 4433 accepit.

2121 4456 2291 4511 Vens.
2335 4456 2423 4510 t5.
2463 4471 2486 4508 ι
2522 4453 2771 4524 Cognovi
2824 4451 2944 4508 fore
2984 4460 3045 4506 ut
3107 4449 3322 4523 1542
3364 4447 3640 4504 Dominus

360 4554 596 4626 πτωχῶν
615 4555 684 4620 ⁸⁷,
726 4555 820 4608 καὶ
877 4555 981 4626 τὴν
1035 4555 1193 4625 δίκην
1239 4556 1349 4610 τῶν
1381 4558 1653 4627 πενήτων.
1686 4577 1705 4609 ι
1746 4559 1946 4629 Μεμά-

2058 4547 2299 4604 vindicet
2315 4545 2585 4617 judicium
2619 4544 2821 4614 inepis,
2845 4552 2899 4598 et
2929 4542 3230 4596 vindictam
3263 4554 3587 4611 pauperum.
3613 4558 3634 4592 ι

360 4644 531 4717 θηκα,
564 4647 721 4718 φησὶ,
752 4646 851 4718 τῆς
877 4646 1027 4710 θείας
1054 4646 1101 4678 ⁸⁸
1126 4648 1312 4719 ψήφου
1341 4648 1402 4701 τὸ
1430 4647 1662 4712 δίκαιον,
1699 4650 1793 4703 καὶ
1829 4645 1948 4704 οῖδα

2056 4641 2200 4697 Sane
2236 4637 2426 4701 didici,
2467 4635 2668 4708 inquit,
2695 4634 2897 4690 divinae
2943 4633 3233 4689 sententiae
3259 4631 3552 4703 justitiam,
3585 4637 3642 4685 et

358 4733 444 4788 ὅτι
470 4734 599 4798 τοὺς
640 4734 823 4805 πάσης
867 4734 1216 4807 ἀνθρωπείας
1270 4734 1523 4806 βοηθείας
1569 4739 1810 4809 ἐρήμους
1839 4739 1942 4794 οὐκ

356 4825 511 4880 ἐάσει
539 4825 865 4896 προχείρους
887 4827 1002 4889 τοῖς
1043 4824 1380 4896 πολεμοῦσιν
1412 4828 1496 4889 εἰς
1526 4826 1755 4899 βλάϐην,
1805 4828 1945 4883 ἀλλὰ

359 4914 629 4987 πράξεται
666 4914 824 4978 δίκας
848 4916 976 4979 τοὺς
1007 4914 1226 4979 ἀδίκους
1256 4915 1302 4948 ⁸³
1336 4916 1514 4980 ἀξίας.

430 5006 515 5062 ιδ’.
545 5025 567 5060 ι
598 5007 746 5079 Πλὴν
783 5007 985 5062 δίκαιοι
1033 5007 1520 5080 ἐξομολογήσονται
1582 5008 1662 5081 τῷ
1713 5009 1943 5082 ὀνόματί

430 5151 462 5196 r
483 5141 631 5200 Psal.
657 5158 758 5210 vn,
798 5143 888 5200 i5.
944 5154 947 5157 ‘

2055 4732 2217 4797 novi,
2260 4729 2408 4800 quod
2442 4743 2572 4791 eos,
2612 4727 2708 4797 qui
2743 4727 2898 4781 omni
2926 4725 3174 4780 humano
3202 4723 3409 4780 auxilio
3443 4722 3640 4795 privati

2053 4830 2206 4887 sunt,
2254 4820 2482 4875 minime
2530 4817 2772 4873 hostium
2829 4816 3050 4888 injuriis
3110 4816 3490 4886 expositurus,
3542 4813 3641 4870 sed

2052 4916 2248 4985 dignas
2273 4912 2344 4968 ab
2376 4912 2644 4981 improbis
2673 4926 2867 4981 poenas
2893 4919 3192 4967 exacturus
3225 4911 3317 4966 sit.

2124 5005 2295 5061 Vitas.
2331 5003 2420 5058 M.
2457 5020 2478 5055 ι
2517 5002 2909 5059 Verumtamen
2934 5002 3071 5074 justi
3097 5002 3513 5060 conﬁtebuntur
3539 5014 3640 5055 no-

1471 5229 1705 5286 VARLE
1746 5229 2135 5287 LECTIONES
2190 5229 2285 5286 ET
2313 5228 2552 5285 ΝΟΤιΕ.

429 5319 479 5354 ⁷⁸
509 5323 606 5392 Μὴ
635 5355 706 5366 -
733 5320 1082 5393 άμαρτοκέᾦ.
1115 5319 1282 5379 Hebr.
1317 5321 1401 5394 Ne
1435 5340 1705 5394 annuas.o
1730 5322 1948 5390 Jeltova,

2052 5324 2261 5394 sideriis
2323 5324 2497 5394 impii.

356 5404 445 5455 est
466 5395 677 5465 Aquila;
715 5392 1091 5463 interpretatio
1132 5395 1274 5465 apud
1330 5392 1521 5465 Montt‘.
1558 5395 1613 5449 in
1662 5392 1892 5465 Hexapl.
1947 5395 2039 5450 ad.
2076 5393 2202 5465 h._l.

2596 5321 2646 5356 "
2673 5323 2784 5378 Kal
2807 5325 2841 5379 ὁ
2869 5324 3153 5389 Ἀκύλας.
3194 5324 3420 5378 Diversa
3453 5331 3635 5380 autem

2291 5394 2336 5426 ⁷⁵
2367 5392 2459 5448 od.
2498 5392 2522 5446 1
2564 5393 2891 5447 άπολαύσοι.
2988 5394 3034 5425 ⁷⁸
3061 5392 3208 5461 Γάρ.
3238 5392 3373 5447 Ibid.
3405 5408 3564 5463 sequ.

358 5460 548 5537 φησιξ
589 5460 918 5537 ’τῃ-Διελρῇσ.
942 5492 1011 5504 —-
1060 5460 1407 5537 ὑψωθῶσιν.
1440 5464 1605 5537 Hebr.
1667 5460 1948 5537 Cogitatio:

2052 5504 2054 5509 .
2112 5463 2229 5537 ejus
2280 5479 2344 5517 ne
2401 5463 2688 5537 praealtas,
2743 5466 2960 5537 egerent
3009 5464 3171 5537 (nam
3201 5478 3344 5515 sese.
3381 5464 3429 5496 ⁷⁵
3472 5460 3544 5537 'H_
3569 5493 3639 5537 --_-

356 5533 603 5601 αὐτούς.
631 5533 795 5589 Hebr.

360 5607 485 5661 add.
547 5604 749 5667 αὐτοῖς.

359 5676 521 5731 sentit
555 5690 679 5728 eum
729 5673 850 5729 cod.
885 5673 1038 5726 Alex.
1065 5670 1123 5725 In
1179 5672 1302 5728 eod.
1347 5670 1516 5729 Vatic.
1557 5685 1737 5729 autem

882 5548 1105 5603 enenunt
1129 5533 1577 5588 circumdantium
1625 5550 1725 5598 me,
1758 5535 1911 5587 labor
1938 5534 2182 5588 laborum
2207 5534 2440 5601 ipsorum
2472 5533 2674 5603 aperiat
2722 5550 2832 5588 eos.

824 5602 870 5635 '°
896 5604 1016 5674 cod.
1065 5602 1108 5674 _l
1171 5603 1530 5674 συγκαλύψοι.
1606 5604 1752 5659 ειη).
1800 5605 1948 5657 ἀνέσ)

2052 5622 2130 5658 εν.
2205 5604 2251 5636 ⁸⁸
2290 5604 2423 5658 Καί.
2446 5601 2677 5674 Αῧεειίιι
2710 5603 2835 5658 cod.
2869 5601 3084 5674 [cujus
3119 5601 3281 5674 lectio
3330 5601 3386 5674 lt.
3411 5604 3464 5674 Al
3506 5617 3639 5657 con-

1835 5682 1919 5746 oﬁst
1969 5670 2239 5746 ἄνθρακες
2285 5689 2454 5746 sequ.
2503 5673 2674 5746 πυρδς
2716 5674 2808 5746 ἐπί
2854 5672 2956 5746 τῆς
2982 5670 3108 5746 [ἧς.
3140 5670 3304 5746 καίκ-
3408 5672 3506 5746 Ἐγ
3534 5689 3642 5746 ζα-

2909 5534 2955 5565 ⁷⁹
3009 5530 3416 5601 Σαφέστερσν.
3447 5533 3567 5587 cod.
3606 5534 3631 5587 ί

357 5749 528 5822 ἶἰαιπ.
564 5742 729 5822 Hebr.
765 5745 818 5796 in
840 5741 1037 5822 [ουεᾳε.
1064 5741 1272 5822 ὅχιιιηι.
1301 5752 1356 5822 e_t
1386 5744 1772 5822 ἰξίιεοιιοιιείςι
1794 5740 1948 5822 βοθύν

2055 5740 2085 5798 .’
2104 5814 2116 5822 _
2143 5744 2208 5822 ⁸⁸.
2222 5745 2326 5797 Οὐ.
2358 5740 2480 5822 cod.
2508 5743 2532 5796 1
2565 5740 2690 5798 add.
2710 5743 2880 5822 Jan.“
2908 5742 2957 5822 εξ
2988 5740 3243 5822 fautor.
3266 5740 3401 5797 Ibid.
3430 5740 3633 5822 αὐτῶν.

359 5815 406 5848 ⁸ο
431 5811 785 5882 Διαφθοράν.
843 5814 919 5867 Ita
971 5813 1075 5881 leg.
1108 5811 1211 5865 ’in.
1236 5815 1359 5870 cod.
1402 5814 1555 5871 Alex.

366 5883 746 5959 θυμιδικαυς.
776 5883 898 5940 cod.
935 5883 956 5937 1
1001 5882 1201 5951 ἀξίους.

1651 5816 1695 5849 ⁸⁷
1737 5810 1865 5872 llec.
1914 5817 1948 5871 lt

2052 5831 2074 5872 3
2104 5814 2161 5871 h.
2195 5814 2233 5870 l.
2264 5822 2349 5871 est
2370 5812 2465 5869 τοῦ
2521 5810 2759 5884 πτωχοῦ.
2798 5810 2881 5845 ’⁸⁸
2918 5813 3115 5879 Θείας.
3146 5811 3315 5869 Abest
3342 5826 3375 5868 a
3416 5811 3540 5869 cod.
3578 5810 3632 5868 l.
