4128 6422
486 419 625 485 I‘Ji'l

1461 422 1955 484 THEODORETI
2030 423 2375 485 EPISCOPI
2427 424 2802 487 CYRENSIS

3630 426 3767 489 1948

484 537 623 591 mini
664 546 781 601 tuo,
812 547 867 593 et
914 535 1240 591 habitabant
1290 534 1425 591 recti
1468 552 1657 591 coram
1705 538 1857 590 vultu
1902 544 2016 591 tuo.
2047 556 2067 588 ι

2180 553 2311 600 σου,”
2356 539 2451 590 καὶ
2507 541 2934 609 κατοικήσουσιν
2987 539 3167 604 εὐθετς
3201 540 3301 594 σὺν
3348 538 3428 612 τῷ
3483 542 3768 614 προσώπῳ

484 627 698 682 Idcirco
723 628 886 697 igitur
903 628 1184 698 justorum
1226 629 1433 684 chorus
1460 639 1511 683 te
1541 629 1750 694 laudat,
1796 630 1899 684 hoc
1930 644 2072 698 pra:-

484 716 629 772 sidio
685 733 715 772 a
772 728 825 772 te
874 718 1129 787 adjutus:
1184 728 1239 773 et
1294 729 1440 773 tuam
1494 719 1817 788 dignitatem
1860 727 2068 785 amant,

485 824 703 879 semper
734 810 800 863 de
825 817 881 864 te
905 810 1232 880 cogitantes,
1267 820 1530 879 tuamque
1557 809 1751 865 faciem
1785 826 1845 865 se
1870 810 2072 865 intueri

484 911 759 970 putantes.
816 902 1146 974 Huiusmodi
1196 914 1282 958 est
1330 904 1495 967 illud,
1570 903 1714 972 quod
1758 903 1812 956 in
1855 903 2073 957 decimo

484 993 679 1062 quinto
707 995 919 1063 psalmo
946 997 1155 1051 dictum
1186 1006 1302 1052 est:
1335 1015 1355 1049 ι
1386 996 1747 1051 Providebam
1773 994 2069 1049 Dominum

486 1086 542 1139 in
581 1099 881 1158 conspectu
914 1105 1036 1144 meo
1080 1105 1333 1159 semper,
1373 1089 1635 1160 quoniam
1670 1104 1700 1142 a
1742 1088 1953 1144 dextris
1987 1098 2073 1144 est

485 1178 640 1248 mihi,
675 1196 743 1237 ne
775 1196 1130 1237 commovear
1154 1193 1206 1238 οι.
1245 1201 1264 1234 ι

904 1379 1180 1436 INTERP.
1212 1379 1459 1436 ΡδΑιιιι
1490 1380 1650 1437 CXL.

560 1486 730 1546 Vens.
766 1492 816 1547 i.
849 1510 867 1544 ι
907 1494 1161 1551 Psalmus
1191 1493 1403 1550 Davidi.
1452 1513 1481 1548 ι·
1502 1495 1601 1552 Hie
1630 1499 1794 1551 etiam
1826 1497 2071 1567 pSalmus

483 1582 739 1637 eumdem
792 1584 955 1640 habet
996 1602 1243 1651 sensum,
1292 1603 1454 1656 quem
1506 1590 1838 1658 przecedcns.
1877 1592 1892 1612 ‘
1931 1588 2069 1643 Nam

488 1685 614 1724 eum
658 1686 689 1726 a
739 1671 903 1727 Saule
939 1677 1378 1744 persecutionem
1415 1685 1722 1747 pateretur,
1758 1679 1931 1733 Deum
1972 1682 2070 1734 ob-

486 1768 687 1812 secrat.
739 1778 757 1811 ι
800 1759 1053 1826 Domine,
1108 1763 1342 1818 clamavi
1394 1766 1461 1818 ad
1515 1775 1596 1830 te,
1647 1767 1843 1819 exaudi
1894 1783 1999 1822 me.
2043 1787 2063 1820 ι

486 1848 791 1905 Clamorem
819 1854 965 1908 enim
1007 1856 1205 1910 anima:
1244 1857 1591 1912 alacritatem
1634 1869 1939 1928 nuncupat.
1978 1859 2071 1915 Sic

484 1942 632 1996 enim
669 1954 724 1997 et
754 1943 889 2000 Mosi
923 1949 1124 2002 tacenti
1151 1947 1298 2005 Deus
1326 1950 1498 2004 dixit:
1539 1968 1559 2001 ι
1597 1948 1736 2016 Quid
1773 1951 1979 2007 clamas
2003 1953 2070 2007 ad

485 2047 573 2088 me
602 2034 671 2087 τί)
700 2053 717 2081 ι
738 2053 836 2087 -νι
866 2038 1098 2093 Attende
1128 2038 1193 2093 ad
1233 2054 1416 2094 vocem
1446 2040 1714 2095 orationis
1748 2055 1912 2106 mea},
1946 2056 2072 2096 cum

484 2128 796 2183 clamavero
846 2131 912 2184 ad
971 2140 1041 2185 te.
1091 2149 1112 2183 ι
1160 2131 1469 2198 Benevole,
1514 2133 1625 2200 ait,
1684 2148 1837 2188 meas
1883 2149 2073 2204 preces

482 2221 730 2287 admitte,
762 2223 1007 2281 Domine.

556 2310 724 2375 Vens.
767 2312 803 2366 2
856 2332 875 2366 ι
910 2313 1189 2385 Dirigatur
1213 2317 1394 2372 oratio
1424 2331 1571 2383 mea,
1608 2317 1754 2371 sicut
1784 2317 2073 2373 incensum

483 2406 538 2461 in
569 2416 864 2478 conspectu
891 2418 1024 2464 tuo:
1058 2410 1294 2465 elevatio
1320 2427 1585 2466 manuum
1620 2426 1866 2466 mearum
1900 2412 2072 2467 sacri-

485 2496 669 2552 ﬁcium
724 2500 1117 2568 vespertinum.
1159 2519 1178 2553 ι
1217 2499 1452 2556 Virtutis
1493 2501 1764 2556 actionem
1816 2502 2073 2572 precibus

484 2592 808 2661 conjunxit:
847 2593 1059 2667 1543
1096 2597 1542 2667 quandoquidem
1576 2614 1837 2653 manuum
1870 2600 2073 2655 erectio

486 2680 627 2736 hanc
655 2682 934 2738 declarat:
980 2701 1106 2738 nant
1143 2701 1284 2755 opus
1318 2686 1572 2741 manibus
1603 2689 1872 2742 committi
1907 2692 2069 2743 solet.

482 2773 617 2827 Orat
667 2782 875 2841 autem,
929 2784 988 2829 ut
1039 2777 1265 2845 perinde
1314 2792 1380 2831 ac
1427 2777 1607 2833 thuris
1661 2793 1831 2847 vapor
1880 2793 2072 2848 preces

482 2866 827 2933 ascendant,
890 2866 1150 2938 illiusque
1204 2867 1409 2922 bonum
1469 2869 1694 2924 odorem
1750 2869 2069 2923 imitentur:

485 2958 793 3029 eodemque
834 2960 999 3013 modo
1047 2971 1105 3015 ut
1151 2974 1413 3014 manuum
1459 2959 1713 3015 extensio
1760 2961 2073 3028 vespertino

484 3050 762 3105 sacriﬁcio
806 3051 1003 3107 similis
1048 3052 1318 3107 videatur.
1366 3050 1676 3123 Vespertini
1728 3054 1972 3122 quidem,
2020 3060 2076 3108 et

486 3159 600 3198 non
637 3144 917 3211 matutini,
956 3146 1296 3202 mentionem
1340 3144 1489 3210 fecit,
1532 3145 1795 3215 quoniam
1830 3146 1883 3199 in
1922 3144 2073 3214 cala-

2174 644 2292 684 σου.
2328 646 2347 679 ι
2381 628 2589 682 Τούτου
2636 630 2702 700 δὴ
2742 631 2907 701 χάριν
2935 631 2966 684 ό
2990 630 3099 682 τῶν
3138 630 3368 684 δικαίων
3420 631 3654 702 ἁνυμνεῖ
3703 650 3767 686 σε

2173 720 2354 790 χορὸς,
2403 720 2610 791 ταύτης
2639 723 2790 792 παρὰ
2829 721 2923 775 σοῦ
2944 725 3047 791 τῆς
3094 722 3423 793 κηδεμονίας
3453 724 3764 794 τυγχάνων.

2175 812 2286 865 Kal.
2315 811 2417 882 τὴν
2449 812 2547 883 σὴν
2586 814 2845 879 ἀγαπῶσι
2886 813 3233 885 προεδρείαν,
3261 815 3351 868 ἀεί
3386 832 3448 869 σε
3499 816 3770 884 φανταζό-

2177 918 2348 971 μενοι.
2395 903 2490 956 καὶ
2534 903 2594 955 τὸ
2624 904 2719 956 σὸν
2741 907 2875 975 όρᾷν
2908 904 3397 974 ὑπολαμϐάνοντες
3436 908 3762 977 πρόσωπον.

2174 991 2428 1046 Τοιοῦτόν
2467 996 2585 1047 ἐστι
2618 994 2680 1047 τὸ
2709 997 2767 1047 ὲν
2814 995 2891 1064 τῷ
2931 996 3175 1066 πέμπτῳ
3205 997 3300 1050 καὶ
3351 996 3568 1066 δεκάτῳ
3607 997 3769 1068 εἰρη-

2176 1084 2338 1155 μένον
2370 1085 2595 1156 ψαλμῷ,
2632 1104 2652 1137 ι
2702 1087 3062 1159 Προωρώμην
3106 1088 3198 1142 τὸν
3222 1088 3431 1161 Κύριον
3459 1087 3695 1142 ἐνώπιόν
3716 1089 3769 1123 ⁸⁸

2176 1193 2278 1246 μου
2305 1177 2621 1246 διαπαντὸς,
2663 1181 2748 1233 ὅτι
2802 1182 2867 1233 ὲκ
2896 1180 3091 1248 δεξιῶν
3136 1182 3241 1253 μού
3295 1183 3473 1251 ἐστιν,
3538 1182 3627 1236 ἵνα
3685 1181 3767 1253 μὴ

2175 1266 2444 1322 σαλευθῶ.
2492 1288 2512 1320 ι

2490 1380 2757 1438 ΕΡΜΗΝ.
2784 1382 2923 1437 ΤΟΥ
2961 1382 3072 1438 PM’
3114 1382 3440 1440 ‘PAAMOY.

2241 1498 2312 1546 a'.
2358 1512 2377 1545 ι
2412 1494 2643 1565 Ψαλμδς
2672 1495 2751 1566 τῷ
2777 1496 2962 1553 Δαόἰδ.
2999 1516 3017 1548 ι
3052 1498 3224 1550 Ka't"
3259 1492 3416 1562 οὗτος
3466 1499 3495 1549 ὁ
3544 1497 3769 1568 ψαλμδς

2172 1585 2271 1656 τὴν
2302 1587 2475 1657 αὐτὴν
2508 1586 2622 1657 ἔχει
2661 1586 2737 1658 τῷ
2768 1589 3205 1660 προτεταγμένῳ
3242 1588 3488 1643 διάνοιαν
3514 1606 3528 1619 ·
3564 1590 3764 1643 διωκό-

2176 1696 2337 1748 μενος
2384 1678 2495 1750 γὰρ
2544 1680 2650 1733 ὑπὸ
2688 1680 2785 1734 τοῦ
2831 1680 3004 1736 Σαοὺλ
3055 1681 3397 1736 ἀντιϐολεῖθ’
3447 1682 3541 1735 τὸν
3599 1682 3761 1734 θεόν.

2179 1789 2197 1820 ι
2229 1769 2710 1842 Κύριε,ὲκέκραξα
2755 1772 2889 1844 πρὸς
2933 1773 3015 1835 σὲ,
3090 1771 3411 1826 εἰσάκουσόν
3487 1790 3590 1843 μου
3625 1772 3697 1824 ’³.
3741 1790 3763 1824 ι

2174 1860 2458 1930 Κραυγὴν
2511 1863 2621 1933 γὰρ
2666 1862 2713 1895 ’⁸
2751 1864 2909 1916 καλεί
2946 1862 3044 1935 τὴν
3078 1863 3179 1933 τῆς
3214 1862 3392 1936 ψυχῆς
3424 1863 3766 1935 προθυμίαν.

2178 1949 2334 2003 Οὕτω
2378 1952 2488 2023 γὰρ
2545 1953 2639 2005 καὶ
2699 1952 2901 2006 Μωσοῦ
2945 1953 3207 2022 σιγῶντος
3234 1956 3264 2008 ό
3291 1954 3423 2019 Θεὸς
3474 1952 3657 2023 ἐφη,ἰ
3696 1952 3768 2005 Τί

2178 2040 2309 2113 βοᾷς
2335 2043 2473 2115 πρός
2517 2061 2585 2114 με
2609 2062 2627 2111 ;
2659 2064 2678 2098 ι
2710 2074 2779 2087 -—
2810 2064 2828 2096 ι
2854 2044 3098 2117 Πρόσχες
3122 2049 3188 2118 τῇ
3212 2050 3365 2118 φωνῇ
3389 2047 3488 2118 τῆς
3522 2045 3771 2116 δεήσεὼς

2179 2150 2279 2202 μου
2304 2136 2361 2187 ὲν
2381 2133 2459 2206 τῷ
2484 2139 2816 2206 κεκραγέναι
2849 2156 2916 2208 με
2942 2139 3081 2210 πρὸς
3104 2138 3187 2192 σέ.
3229 2157 3249 2191 ι
3290 2138 3576 2211 Εὑμενῶς,
3605 2138 3769 2209 φησι,

2174 2225 2443 2291 Δέσποτα,
2487 2227 2635 2293 δέξαι
2671 2229 2771 2299 τὴν
2797 2230 2936 2300 ἐμὴν
2971 2229 3227 2284 ἱκετείαν.

2248 2318 2313 2388 β’.
2350 2336 2368 2370 ι
2401 2318 2841 2393 Κατευθυνθήτω
2875 2323 2910 2393 ή
2942 2323 3220 2392 προσευχὴ
3249 2338 3374 2391 μου,
3406 2321 3482 2384 ὡς
3512 2319 3772 2390 θυμίαμα

2175 2404 2406 2459 ἐνώπιόν
2436 2425 2530 2460 σου
2553 2424 2567 2439 ⁸
2601 2405 2833 2481 ἔπαρσις
2859 2410 2967 2463 τῶν
3007 2409 3207 2480 χειρῶν
3249 2426 3354 2479 μου
3392 2408 3558 2462 θυσία
3596 2410 3766 2462 ὲσπε.

2176 2499 2317 2568 ιίνή.
2348 2517 2368 2550 ι
2420 2499 2498 2570 Τῇ
2552 2502 2829 2572 προσευχῇ
2890 2501 3199 2567 συνέζευξεν
3242 2502 3342 2573 τὴν
3412 2501 3614 2573 πρᾶξιν
3662 2502 3771 2571 τῆς

2175 2591 2396 2661 ἀρετῆς.
2443 2591 2507 2643 Ἡ
2534 2591 2643 2664 γὰρ
2674 2592 3045 2664 ἔωρσιςπῶν
3086 2593 3287 2665 χειρῶν
3336 2594 3541 2664 ταύτην
3583 2610 3772 2666 παρα-

2173 2678 2355 2749 δηλοῖ·
2395 2681 2492 2752 τὴν
2545 2684 2809 2752 ἐργασίαν
2837 2685 2948 2754 γὰρ
2973 2685 3029 2737 αἱ
3065 2685 3249 2755 χεῖρες
3282 2681 3771 2752 ὲνεχειρίσθησαν.

2190 2771 2445 2826 Ἰκετέύει
2484 2772 2647 2842 δέτῷ
2701 2772 2795 2826 τοῦ
2845 2773 3193 2845 θυμιάματος
3250 2770 3413 2844 ἀτμῷ
3472 2771 3774 2842 παραπλη-

2177 2861 2307 2925 σίως
2336 2864 2760 2934 ἀναπεμφθῑψαι
2792 2866 2893 2936 τὴν
2938 2866 3274 2937 προσευχὴν,
3306 2865 3402 2919 καὶ
3425 2864 3523 2935 τὴν
3552 2863 3772 2917 ἐκείνου

2174 2956 2439 3027 εὐοσμίαν
2479 2958 2842 3028 μιμήσασθαι.
2880 2958 3157 3022 Ὡσαύτως
3194 2953 3251 3012 δὲ
3287 2960 3382 3013 καὶ
3412 2956 3522 3012 τῶν
3563 2955 3775 3028 χειρῶν

2173 3050 2273 3121 τὴν
2317 3050 2538 3104 ἔκτασιν
2578 3052 2844 3123 ὲσπερινῇ
2888 3046 3051 3124 θυσίᾲ
3084 3052 3323 3122 φανῆναι
3354 3049 3771 3123 παραπλησίαν.

2191 3141 2514 3215 Ἑσπερινῆς
2551 3143 2753 3213 μέντοι,
2790 3144 2886 3198 καὶ
2918 3145 3017 3216 οὐχ
3047 3143 3279 3215 ἑωθινῆς
3326 3143 3771 3214 ἐμνημόνευσεν,

485 3237 772 3294 mitatibus
813 3247 871 3293 et
917 3241 1250 3296 mteroribus
1298 3239 1659 3295 versabatur:
1698 3241 1940 3297 tenebris
1973 3255 2073 3295 au-

2178 3238 2363 3309 ἐπειδὴ
2394 3239 2452 3290 ἐν
2481 3240 2789 3310 συμφοραῖς
2810 3233 2878 3310 ἧν
2912 3239 3010 3292 καλ⁵
3037 3238 3266 3302 λύπαις·
3304 3238 3486 3309 σκότῳ
3507 3237 3566 3291 δὲ
3588 3237 3775 3291 ἔοικεν

486 3339 598 3385 tem
626 3338 681 3385 et
712 3330 858 3385 nocti
886 3331 1096 3386 similes
1128 3340 1258 3386 sunt
1286 3330 1648 3387 calamitates.

558 3418 725 3474 Vens.
763 3418 816 3476 3.
862 3440 880 3472 ι
919 3425 1163 3491 AppOue,
1196 3421 1445 3487 Domine,
1472 3426 1779 3480 custodiam
1805 3426 1888 3481 ori
1928 3440 2070 3491 meo,

486 3518 545 3566 et
586 3511 792 3566 ostium
839 3512 1266 3568 circumstantiae
1306 3513 1453 3570 circa
1497 3515 1639 3571 labia
1679 3532 1822 3572 mea.
1864 3536 1883 3569 ι
1928 3517 2075 3575 Duos

490 3604 732 3673 parietes
773 3602 956 3674 opifex
1003 3602 1207 3673 lingua:
1256 3604 1438 3673 dedit,
1483 3623 1650 3662 unum
1700 3609 1975 3673 dentium,
2021 3622 2077 3668 et

490 3694 724 3749 alterum
761 3695 1065 3760 labiorum,
1113 3697 1439 3754 temerarios
1473 3697 1594 3767 ejus
1640 3700 1878 3770 impetus
1923 3704 2076 3757 cohi-

490 3783 648 3839 bens.
685 3781 1078 3839 Verumtamen
1121 3781 1391 3853 Propheta
1423 3795 1491 3841 ιιι
1532 3795 1583 3843 et
1628 3788 1767 3845 alias
1795 3793 2075 3849 custodias

491 3884 865 3947 consequatur
897 3875 1173 3944 obsecrat,
1206 3878 1426 3948 timens,
1458 3894 1526 3935 ne
1557 3881 1691 3950 quid
1723 3881 2075 3950 indecorum,

490 3970 621 4023 dum
650 3985 781 4026 suas
813 3969 1134 4039 deplorabat
1174 3971 1450 4038 miserias,
1479 3973 1708 4028 diceret.
1737 3973 1873 4030 Nam
1901 3993 2080 4049 neque

494 4064 705 4134 ipsum,
739 4078 864 4118 cum
911 4079 938 4115 a
968 4061 1133 4117 Sanle
1165 4063 1602 4132 persecutionem
1630 4075 1939 4135 pateretur,
1974 4070 2077 4123 aii-

492 4150 641 4222 quod
675 4151 1028 4206 maledictum
1057 4165 1300 4220 unquam
1333 4151 1518 4206 dicere
1552 4152 1813 4219 voluisse,
1846 4156 2078 4213 historia

493 4250 749 4298 testatur.
795 4230 939 4308 Quin
986 4251 1041 4296 et
1083 4255 1209 4296 cum
1256 4241 1346 4296 alii
1394 4242 1574 4312 ipsum
1623 4242 1842 4299 Saulem
1882 4262 2081 4304 necare

494 4343 834 4400 tentassent,
874 4335 989 4405 ipse
1032 4333 1270 4390 Unctum
1310 4335 1530 4390 Domini
1572 4351 1698 4391 eum
1736 4340 1972 4393 vocavit.
2017 4339 2082 4394 Et

495 4431 678 4499 ipsum
710 4429 1002 4500 alloquens
1019 4462 1043 4490 ,ς
1074 4442 1295 4483 servum
1331 4441 1395 4484 se
1428 4429 1795 4498 nuncupavit,
1829 4440 1887 4485 et
1921 4447 2078 4497 eum,

496 4522 588 4591 qui
633 4522 836 4577 caedem
878 4521 1188 4590 nuntiabat,
1219 4538 1278 4578 se
1310 4524 1453 4579 hanc
1485 4522 1734 4581 effecisse
1760 4525 2079 4594 iuveniliter

2176 3331 2210 3400 ή
2243 3331 2495 3400 συμφορὰ
2518 3332 2612 3383 καὶ
2647 3331 2822 3385 νυκτί.

2246 3427 2315 3488 γ’.
2358 3440 2376 3473 ι
2419 3421 2546 3486 Θοῦ,
2583 3421 3055 3495 Κύριε,-φυλακὴν
3081 3421 3163 3495 τῷ
3178 3422 3410 3495 στόματί
3448 3422 3576 3493 μου,
3606 3423 3705 3477 καλ⁸
3722 3423 3778 3456 ³⁸

2188 3514 2360 3583 θύραν
2416 3515 2681 3586 περιοχῆς
2728 3517 2858 3586 περὶ
2897 3516 2968 3569 τὰ
3020 3516 3176 3587 χείλη
3228 3534 3353 3587 μου.
3401 3534 3421 3568 ι
3455 3514 3560 3569 Δύο
3616 3516 3715 3585 μὲν
3746 3514 3780 3565 ὁ

2176 3605 2521 3675 Δημιουργδς
2563 3606 2734 3658 ἔδωκε
2764 3606 2811 3638 ⁸⁸
2835 3608 2901 3677 τῇ
2930 3604 3155 3680 γλώττῃ
3188 3606 3377 3678 τείχεα
3409 3605 3482 3672 9",
3540 3602 3603 3656 τὸ
3658 3603 3780 3656 τῶν

2177 3697 2423 3762 ὸδόντωνέ
2461 3698 2555 3750 καὶ
2585 3697 2646 3749 τὸ
2677 3696 2787 3750 τῶν
2815 3698 3040 3767 χειλέων
3081 3698 3151 3762 ⁸⁸,
3190 3698 3291 3761 τὰς
3338 3697 3571 3766 ἀλόγους
3600 3694 3781 3765 αὐτῆς

2178 3788 2396 3858 ὑπέχων
2419 3790 2464 3821 ’θ
2497 3789 2694 3860 ὁρμάς.
2757 3790 2898 3842 Ἀλλ’
2933 3791 3084 3860 ὅμως
3123 3790 3152 3842 ό
3193 3791 3487 3863 Προφήτης
3523 3789 3616 3842 καὶ
3656 3788 3784 3840 ἑτέ-

2182 3898 2278 3950 ρας
2344 3880 2657 3934 ἀπολαῦσαι
2714 3881 3029 3952 παρακαλεῖ
3070 3881 3345 3952 φυλακῆς,
3382 3881 3570 3943 δεδιὼς
3609 3880 3687 3949 μή
3723 3896 3780 3931 τι

2180 3970 2481 4042 φθέγξηται
2516 3971 2851 4041 σχετλιάζων
2885 3972 2986 4026 οὐκ
3020 3973 3318 4044 εὐπρεπές.
3366 3973 3487 4025 Ὅτι
3515 3971 3625 4041 γὰρ
3663 3970 3781 4024 οὐδ’

2182 4060 2289 4115 ὑπὸ
2337 4060 2431 4115 τοῦ
2490 4062 2664 4116 Σαοὺλ
2695 4062 3028 4131 διωκόμενος
3092 4064 3267 4115 εἰπεῖν
3342 4079 3396 4115 τι
3449 4060 3780 4130 βλάσφημον

2183 4156 2443 4228 ἠνέσχετο
2471 4159 2715 4219 πώποτε,
2771 4158 3045 4227 μαρτυρεῖ
3092 4157 3126 4226 ἠ
3157 4156 3391 4227 ἱστορία.
3447 4153 3612 4205 Ἀλλὰ
3665 4152 3779 4222 γὰρ

2182 4250 2426 4319 ἀναιρεῖν
2447 4253 2462 4278 ³
2483 4247 2648 4301 αὐτὸν
2689 4246 3082 4317 πειραθέντων,
3118 4246 3284 4309 αὐτὸς
3301 4244 3539 4314 Χριστὸν
3554 4243 3781 4311 ὠνόμα-

2186 4359 2246 4395 σε
2278 4341 2502 4413 Κυρίου.
2540 4341 2656 4395 Καὶ
2712 4341 2851 4411 πρὸς
2898 4340 3064 4393 αὑτὸν
3123 4339 3531 4409 διαλεγόμενος,
3587 4335 3782 4389 δοῦλον

2186 4434 2375 4489 ἑαυτὸν
2406 4433 2678 4487 ἀποκαλεῖ
2710 4435 2752 4496 ³,
2796 4432 2892 4485 καὶ
2916 4432 3008 4486 τὸν
3039 4431 3372 4503 μηνύσαντα
3421 4432 3521 4499 τὴν
3560 4428 3782 4497 σφαγὴν

2158 4526 2374 4588 αὑτοῦ,
2413 4524 2619 4593 ταύτην
2649 4526 3013 4592 πεποιηκέναι
3036 4522 3514 4591 νεανιευσάμενον,
3539 4519 3778 4582 ἀνεῖλεν,

491 4612 786 4681 jactantem
821 4613 1128 4681 interemit,
1160 4613 1383 4670 dicens:
1417 4634 1439 4667 ι
1481 4615 1716 4686 Sanguis
1750 4626 1880 4671 tuus
1909 4632 2073 4685 super

2184 4616 2418 4688 εἰρηκώς
2442 4633 2454 4645 ·
2490 4636 2506 4666 ι
2538 4616 2611 4667 Τὸ
2648 4609 2791 4685 αἷμά
2817 4633 2908 4669 σου
2949 4616 3043 4669 ἐπὶ
3088 4616 3188 4685 τὴν
3227 4615 3472 4685 κεφαλήν
3516 4629 3638 4677 σου,
3692 4612 3781 4665 ὅτι

499 4712 663 4773 caput
694 4715 869 4767 tuum.
888 4706 1150 4775 quoniam
1184 4714 1243 4762 tu
1268 4706 1459 4762 dixisti
1487 4707 1823 4765 occidissete
1845 4706 2079 4763 Unctum

500 4794 717 4850 Domini
753 4806 803 4849 ³.
843 4814 866 4848 ι

570 4885 737 4942 Vens.
769 4886 822 4941 4.
853 4904 876 4938 ι
918 4886 1034 4941 Non
1060 4887 1303 4946 declines
1327 4904 1425 4946 cor
1456 4906 1639 4947 meum
1672 4891 1740 4947 ad
1774 4891 1937 4946 verba
1967 4905 2083 4944 nia-

501 4978 667 5043 litiaa,
717 4977 785 5032 ad
832 4981 1176 5036 excusandas
1213 4984 1600 5040 excusationes
1649 4983 1704 5037 in
1754 4981 2015 5053 peccatis.
2057 5001 2076 5035 ι

497 5068 794 5134 Obsecrat,
847 5077 910 5125 ut
952 5086 1060 5125 non
1106 5072 1286 5128 solum
1326 5075 1543 5147 lingua,
1588 5075 1685 5131 sed
1732 5075 1900 5130 etiam
1950 5074 2082 5145 ipsae

568 5277 601 5321 (ι
628 5267 773 5326 Psal.
808 5284 899 5337 xv,
932 5268 989 5326 8.
1069 5278 1093 5307 ι’
1123 5267 1296 5324 Exod.
1324 5266 1548 5337 xrv,15.
1610 5280 1633 5308 ⁸
1664 5286 1704 5326 ιι
1743 5266 1874 5344 Reg.
1911 5287 1949 5339 ι,
1982 5270 2071 5325 16.

2185 4712 2281 4766 σὲ³
2314 4707 2472 4775 εἶπας
2503 4712 2834 4783 ἀνῃρηκέναι
2870 4711 2962 4764 τὸν
2996 4710 3231 4780 Χριστὸν
3261 4707 3493 4780 Κυρίου.
3536 4724 3555 4757 ι

2255 4887 2316 4943 δ’.
2349 4905 2367 4938 ι
2432 4886 2523 4958 Μὴ
2576 4887 2835 4959 ἐκκλίνῃς
2890 4886 2991 4955 τὴν
3050 4884 3285 4956 καρδίαν
3324 4901 3427 4955 μου
3466 4885 3547 4947 εἰς
3582 4881 3783 4949 λόγους

2188 4978 2478 5050 πονηρίας,
2509 4978 2640 5032 τοῦδ
2672 4979 3106 5050 προφασίζεσθαι
3151 4977 3453 5048 προφάσεις
3500 4977 3559 5029 ὲν
3594 4974 3788 5044 ἁμαρ·

2187 5071 2352 5135 τίαις.
2391 5089 2411 5122 ι
2490 5071 2568 5125 Οὐ
2615 5072 2778 5141 μόνον
2828 5071 3120 5141 γλῶτταν⁵
3163 5068 3540 5143 φρουρηθῆναι
3599 5082 3788 5138 παρα-

1611 5453 1849 5511 VARLE
1874 5454 2265 5512 LECTIONES
2321 5455 2411 5511 ΕΤ
2445 5455 2680 5512 NOTAE.

572 5564 625 5598 eo
648 5562 962 5639 ’ἕφπιοκ
988 5566 1068 5623 Ib.
1094 5580 1285 5639 prtem.
1320 5597 1389 5609 —
1413 5564 1515 5620 ότι.
1535 5565 1625 5639 “'f
1656 5568 1759 5620 Kal
1799 5567 1966 5622 Θεὸν.
1991 5567 2073 5639 Ba

2178 5547 2210 5622 ei
2243 5568 2347 5623 alia
2377 5569 2542 5639 hujus
2580 5567 2779 5639 psalmi
2819 5565 3039 5639 Origeni
3069 5565 3569 5639 tribuunturapud:
3596 5563 3788 5639 Δ(Ζοιοιι.

506 5632 546 5687 1.
578 5648 665 5705 ρη
690 5632 815 5689 723.
850 5652 1004 5705 seqq.

508 5702 690 5777 codd.
765 5707 812 5777 ξ’
841 5702 1041 5777 Kal}-
1071 5725 1213 5777 μου.
1270 5702 1434 5777 Hebr.
1460 5706 1560 5777 iEt
1593 5714 1771 5777 custos
1790 5707 1871 5777 sis
1906 5707 1973 5759 ad

515 5839 702 5894 σύ.⁶

1079 5633 1125 5672 ⁸³
1159 5641 1281 5691 cdd.
1315 5639 1343 5690 ῐ
1397 5633 1691 5707 ἠντιϐόλει.
1768 5638 1814 5670 ’³
1852 5635 2073 5690 Εἰσάκσ

2178 5641 2242 5691 όν
2296 5633 2649 5706 μουῘΗειὴκ
2686 5633 3023 5693 Festina'ad
3068 5654 3168 5691 me.

2024 5711 2253 5775 januam
2302 5709 2567 5763 labiorum
2608 5726 2865 5763 meorum.

511 5770 872 5849 "."h-Fejxn-
925 5775 994 5849 ,νο
1042 5770 1319 5849 Xersem.
1359 5776 1495 5849 ista;
1532 5788 1688 5849 sequ.
1719 5775 1972 5828 δέδωκεν.
2025 5770 2071 5809 *ν

2178 5793 2209 5830 ι.
2243 5779 2479 5849 ἐπέχων.
2559 5780 2576 5810 ί
2611 5778 2689 5835 Ib.
2708 5778 2962 5849 ἀνελεῖν.

736 5844 848 5898 Τοῦ
904 5845 1118 5914 ἁμαρτ.
1148 5844 1312 5904 Hebr.
1351 5844 1421 5902 Ut
1456 5844 1656 5916 faciam
1681 5861 1727 5901 s.
1754 5860 2025 5915 peragam.
2058 5861 2214 5914 opera
2242 5849 2295 5900 in
2335 5844 2625 5917 impietate.

3279 5638 3326 5669 θ’
3354 5635 3501 5705 Γάρ.
3543 5635 3716 5689 Abest
3754 5653 3787 5691 a

2964 5709 3010 5741 9°
3044 5707 3284 5761 Ἔδωκε.
3312 5707 3481 5760 Abest
3502 5721 3531 5759 a
3567 5706 3692 5760 cod.
3733 5708 3789 5762 ι.

3068 5777 3194 5833 'lb.
3256 5775 3547 5831 ἀπεκάλει.
3648 5776 3671 5807 ³
3707 5779 3787 5832 ιι».

2703 5848 2729 5881 ⁸
2756 5841 3061 5905 Γλῶτταν.
3112 5849 3234 5904 cod.
3276 5849 3299 5900 1
3328 5862 3517 5917 praem.
3553 5845 3676 5916 τήν.
