4128 6416
503 462 635 531 1951

1513 456 2002 517 THEODORETI
2030 454 2372 516 EPISCOPI
2395 454 2642 514 CYREN
2656 454 2771 513 SIS

3636 448 3775 512 1932

496 578 929 649 dissipabuntur.
963 573 1134 642 Prope
1163 572 1428 641 infernum
1458 575 1604 627 enim
1643 574 1897 643 sepulcra
1930 588 2083 626 nun-

2199 570 2320 624 5στᾶ
2346 568 2828 637 σκεδασθήσονται.
2864 564 3031 633 Παρὰ
3058 564 3166 618 τὸν
3196 563 3355 632 ᾅδην
3375 562 3487 634 γὰρ
3516 564 3643 628 τοὺς
3674 566 3783 619 τάς

500 689 640 739 cupa
650 672 744 724 \‘i’t.

570 762 736 816 Vens.
771 761 877 815 8.‘¢
896 758 1168 824 Quoniam
1204 758 1270 812 ad
1304 769 1376 820 te,
1402 756 1647 823 Domine,
1671 754 2082 816 Domine,oculi

496 856 626 918 mei,
671 854 723 906 in
770 861 820 906 te
874 850 1113 921 speravi.
1155 864 1222 903 ne
1267 848 1483 903 auferas
1529 849 1767 901 animam
1824 862 2022 900 meam.
2060 864 2077 895 ι

500 944 612 1013 Εεο
669 953 850 997 autem
902 942 955 995 in
1003 940 1169 1013 nullis
1210 939 1375 994 rebus
1417 938 1671 993 humanis
1704 937 1941 1002 conlldo,
1988 936 2083 990 sed

501 1046 651 1089 tuam
683 1042 943 1103 exspecto
979 1047 1161 1101 opem,
1189 1040 1240 1083 et
1270 1045 1484 1099 precor,
1512 1044 1579 1083 ne
1616 1029 1714 1083 hac
1746 1042 1865 1081 mea
1900 1026 2084 1080 anima

499 1125 570 1179 sit
602 1127 837 1194 privata.

567 1216 733 1272 Vens.
764 1216 815 1270 9.
856 1234 873 1264 ι
905 1211 1131 1267 Custodi
1158 1226 1244 1265 me
1270 1228 1298 1263 a
1325 1210 1542 1280 laqueo,
1571 1224 1736 1279 quem
1764 1216 2082 1263 statuerunt

499 1309 657 1371 mihi,
690 1318 743 1361 et
768 1322 797 1359 a
836 1304 1112 1359 scandalis
1142 1302 1487 1369 Operantium
1520 1300 1889 1369 iniquitatem.
1932 1318 1949 1350 ι
1984 1297 2087 1352 La-

499 1415 765 1470 queorum
801 1398 1034 1451 istorum
1076 1393 1292 1463 1556
1321 1404 1374 1446 et
1412 1393 1822 1456 scandalorum,
1863 1392 1916 1445 in
1951 1407 2088 1459 prte-

499 1489 716 1543 ccdt-nti
770 1487 935 1539 etiam
986 1484 1200 1553 psalmo
1254 1483 1586 1537 mentionem
1644 1480 1792 1537 fecit.
1849 1480 2087 1550 Laqueo:

501 1590 711 1643 autem,
760 1586 814 1632 et
856 1575 1149 1646 scandala,
1188 1574 1420 1630 insidias
1462 1583 1653 1640 vocat,
1701 1591 1731 1629 a
1782 1576 1984 1645 quibus
2032 1582 2090 1628 ut

504 1670 768 1725 liberetur
800 1669 1073 1722 obsecrat.

579 1760 745 1816 Vens.
774 1760 863 1813 l0.
897 1780 917 1811 ‹
954 1759 1163 1813 Cadent
1191 1758 1245 1812 in
1271 1757 1501 1811 reticulo
1531 1757 1650 1827 ejus
1684 1763 2021 1827 peccatores.
2063 1772 2083 1805 ι

505 1850 618 1907 Hoc
648 1860 751 1917 est,
784 1850 898 1904 Dei.
938 1849 1044 1916 Qui
1077 1850 1222 1903 enim
1249 1848 1369 1902 aliis
1395 1847 1621 1916 laqueos
1646 1855 1863 1916 parant,
1897 1846 2086 1900 divino

505 1946 776 2016 supplicio
806 1943 1363 2014 comprehendentur,
1396 1942 1560 1996 veluti
1596 1942 1833 2011 quodam
1867 1940 1965 1994 reti
1988 1982 2000 2000 ,
2033 1948 2086 1993 et

504 2052 629 2107 quae
666 2036 901 2098 faciunt,
954 2033 1330 2095 sustinebunt,
1382 2042 1429 2086 et
1467 2048 1588 2101 qum
1620 2033 1743 2086 aliis
1768 2032 2091 2085 machinan-

505 2138 614 2195 tur,
644 2129 943 2200 patientur.
985 2147 1005 2179 ι
1046 2125 1289 2181 Seorsim
1340 2126 1551 2193 positus
1592 2140 1711 2178 smn
1753 2138 1875 2194 ego,
1917 2123 2092 2177 donec

504 2231 799 2275 transeam.
827 2239 846 2272 ι
896 2218 1009 2289 Ego
1039 2232 1168 2272 vero
1196 2217 1265 2270 ab
1295 2216 1417 2270 istis
1447 2225 1688 2271 remotus
1723 2230 1937 2284 semper
1976 2230 2090 2277 cro,

505 2315 676 2367 donec
710 2311 834 2365 vitae
860 2309 1021 2363 linem
1053 2309 1342 2378 accipiam.

918 2506 1193 2561 INTERP.
1223 2504 1473 2560 PSALMI
1506 2503 1686 2559 CXLI.

579 2620 748 2676 Vens.
787 2621 838 2675 Ι.
874 2638 893 2671 ι
940 2620 1254 2675 Intellectus
1286 2619 1476 2674 Davidi
1498 2660 1512 2684 ,
1543 2634 1669 2674 cum
1704 2627 1851 2674 esset
1881 2618 1933 2672 in
1970 2633 2096 2688 spe-

514 2712 674 2766 lunca
725 2726 914 2766 orans.
968 2730 987 2763 ι
1034 2708 1265 2764 Planum
1310 2718 1395 2765 est
1438 2709 1632 2779 psalmi
1682 2718 2090 2779 argumentum.

514 2802 652 2858 Cum
711 2801 860 2856 enim
905 2816 935 2855 a
979 2801 1144 2855 Saule
1191 2801 1382 2856 beatus
1441 2799 1606 2854 David
1657 2800 2092 2869 persecutionem

509 2903 811 2962 pateretur,
861 2893 917 2947 in
964 2894 1282 2961 speluncam
1332 2890 1545 2960 aufugit
1597 2902 1644 2954 ιι,
1680 2899 1735 2945 et
1774 2890 1828 2944 in
1882 2891 2093 2946 intimis

507 2984 627 3053 t-jus
659 2982 1035 3053 penetralibus
1068 2982 1307 3035 delituit.
1340 2979 1544 3035 Deinde
1576 2978 1926 3049 conspicatus
1952 2978 2092 3032 Sau-

508 3074 617 3127 lem
670 3072 804 3127 illuc
844 3072 1119 3137 delatutn,
1164 3070 1363 3125 mentis
1413 3070 1662 3123 timorem
1703 3069 1916 3138 exegit,
1955 3068 2095 3123 divi-

509 3179 754 3235 numque
801 3164 1065 3219 auxilium
1112 3162 1458 3232 imploravit,
1504 3170 1558 3215 et
1615 3160 1721 3217 hoc
1762 3170 2095 3217 consecutus

508 3266 611 3311 εει.

578 3344 748 3402 Vens.
773 3348 832 3401 2.
867 3364 887 3398 ι
925 3344 1070 3401 Voce
1096 3359 1217 3399 mea
1245 3345 1311 3399 ad
1339 3343 1630 3398 Dominum
1661 3342 1916 3407 clamavi,
1959 3357 2096 3397 voce

513 3452 634 3493 mea
670 3438 815 3508 apud
849 3437 1019 3489 Deum
1062 3437 1387 3504 deprecatus
1427 3450 1572 3488 sum.
1616 3453 1634 3484 ι
1676 3435 1743 3488 Ει
1772 3435 1899 3487 hinc
1927 3442 2094 3502 patet,

511 3531 801 3584 clamorem
859 3528 1060 3583 mentis
1119 3528 1477 3581 intentionem
1541 3527 1749 3582 vocari.
1808 3526 2097 3592 Quomodo

511 3620 660 3674 enim
708 3621 801 3689 qui
841 3618 1112 3673 delitescit
1156 3626 1209 3671 et
1258 3616 1429 3670 latere
1467 3615 1757 3679 desiderat,
1802 3625 1981 3686 potest
2018 3617 2095 3670 uti

516 3726 677 3778 voce,
709 3720 763 3766 et
784 3708 1056 3765 clamare?
1084 3708 1222 3763 Dicit
1245 3708 1413 3779 igitur
1434 3726 1447 3762 :
1468 3708 1604 3762 Cum
1635 3708 1782 3762 omni
1816 3708 2098 3763 alacritate

518 3807 816 3861 Dominum
847 3805 1023 3861 oravi.

586 3896 750 3952 Vens.
776 3898 829 3951 5.
869 3915 888 3948 ι
925 3896 1212 3950 Effundam
1238 3894 1292 3948 iu
1324 3904 1624 3965 conspectu
1646 3895 1765 3965 ejus
1790 3896 2096 3950 orationem

512 4000 712 4050 meam,
743 3993 799 4039 et
833 3984 1244 4038 tribulationem
1295 3999 1470 4038 meam
1504 3993 1632 4038 ante
1669 3985 1846 4053 ipsum
1880 4000 2089 4038 annun-

512 4078 680 4131 tiabo.
712 4096 730 4127 ι
766 4077 831 4130 Ει
853 4058 1242 4138 calamitatem,
1266 4076 1361 4142 ait,
1387 4085 1571 4130 notam
1601 4077 1700 4145 ipsi
1729 4075 1939 4147 1547
1973 4075 2096 4139 feci,

512 4176 567 4223 et
609 4184 706 4238 pro
749 4183 813 4223 ea
862 4167 1232 4237 precationem
1271 4167 1461 4221 sedulo
1500 4168 1711 4222 obtuli:
1769 4167 2100 4237 precationis

515 4272 699 4314 autem
735 4258 1138 4315 vehementiam
1177 4272 1274 4327 per
1308 4257 1440 4313 illud
1473 4257 1743 4327 effundant
1777 4258 2098 4312 declaravit.

587 4348 751 4404 Vens.
785 4349 840 4402 4.
882 4367 901 4400 ι
948 4348 1087 4403 Cum
1124 4349 1381 4403 deficeret
1425 4349 1652 4418 spiritus
1701 4364 1877 4404 meus.
1914 4369 1931 4402 ι
1976 4349 2102 4405 llaec

515 4451 699 4496 autem
736 4441 1028 4507 faciebam,
1065 4458 1190 4497 cum
1226 4443 1494 4498 malorum
1547 4443 1983 4513 magnitudinem
2018 4445 2101 4498 vi-

2186 678 2324 729 φους
2354 661 2638 714 ἐκάλεσεν.

2253 759 2324 822 η’.
2350 770 2369 802 ‹
2400 752 2524 804 Ὀτι
2550 751 2686 818 πρὸς
2718 748 2798 814 σὲ,
2828 747 3025 820 Κύριε,
3052 746 3249 815 Κύριε,
3272 747 3322 800 oi
3346 746 3614 817 ὀφθαλμοί
3648 764 3778 816 μου,

2187 841 2280 895 ἐπὶ
2315 841 2397 894 σοὶ
2429 841 2656 911 ήλπισα,
2692 840 2767 911 μὴ
2791 839 3087 910 ἀντανέλῃς
3110 839 3211 909 τὴν
3231 838 3413 909 ψυχήν
3437 856 3557 908 μου.
3588 858 3604 889 ι
3635 838 3780 904 Ἐγὼ

2186 931 2244 985 δὲ
2280 932 2459 984 οὐδενὶ
2496 931 2604 984 τῶν
2654 931 3017 1002 ἀνθρωπίνων
3071 927 3297 1000 θαρρῶ,
3336 929 3474 982 ἀλλά
3520 929 3621 999 τὴν
3678 929 3781 997 σὴν

2187 1025 2486 1094 προσμὲνω
2522 1023 2799 1093 βοήθειαν,
2824 1023 2919 1075 καὶ
2950 1020 3255 1089 παρακαλῶ
3280 1020 3487 1091 ταύτης
3510 1018 3611 1091 τὴν
3635 1021 3783 1090 ἐμὴν

2191 1114 2267 1184 μὴ
2302 1114 2661 1183 γυμνωθῆναι
2687 1113 2889 1183 ψυχήν.

2260 1204 2325 1258 θ’.
2366 1224 2383 1256 t
2421 1204 2662 1269 Φύλαξὸν
2698 1224 2765 1276 με
2809 1206 2917 1258 ἀπὸ
2950 1205 3176 1273 παγίδος
3200 1244 3216 1270 ,
3263 1200 3333 1277 ἦς
3376 1205 3788 1274 συνεστήσαντό

2191 1313 2302 1366 μοι,
2332 1298 2426 1349 καί
2449 1297 2559 1349 ἀπὸ
2591 1297 2908 1350 σκανδάλων
2940 1296 3050 1349 τῶν
3085 1296 3480 1368 ἐργαζομένων
3516 1296 3616 1366 τὴν
3648 1298 3785 1349 άνο-

2192 1390 2340 1459 μίαν,
2375 1409 2393 1441 ι
2429 1390 2551 1443 Τῶν
2569 1390 2614 1421 ’⁸
2665 1390 2912 1458 παγίδων
2950 1391 3160 1443 τούτων
3191 1390 3286 1442 καὶ
3318 1388 3426 1441 τῶν
3461 1387 3786 1441 σκανδάλων

2190 1482 2569 1552 ἐμνημόνευσε
2602 1482 2697 1535 καὶ
2718 1485 2776 1535 ἐν
2802 1480 2879 1551 τῷ
2904 1482 3013 1552 πρὸ
3039 1481 3231 1534 τούτου
3261 1477 3484 1549 ψαλμῷ.
3514 1476 3787 1547 Παγίδας

2188 1574 2246 1627 δὲ
2273 1577 2370 1628 καὶ
2393 1573 2714 1627 σκάνδαλα
2749 1575 2851 1637 τὰς
2879 1572 3175 1636 ἐπιϐουλὰς
3201 1571 3402 1638 καλεῖ,
3428 1562 3506 1626 ὧν
3533 1558 3787 1623 ἀπαλλα-

2189 1665 2355 1735 γῆναι
2385 1664 2721 1736 παρακαλεῖ.

2265 1763 2317 1811 ι’.
2353 1776 2371 1808 ι
2404 1757 2707 1811 Πεσοῦνται
2751 1760 2809 1810 ἐν
2854 1755 3261 1827 ἀμφιδλήστρῳ
3289 1752 3458 1807 αὑτοῦ
3491 1754 3543 1806 οἱ
3594 1752 3789 1821 ἀμαρ-

2192 1850 2374 1904 τωλοί.
2413 1868 2432 1900 ι
2462 1850 2747 1912 Τουτέστι,
2774 1848 2870 1901 τοῦ
2897 1847 3056 1901 Θεοῦ.
3083 1849 3145 1900 Ol
3182 1846 3291 1916 γὰρ
3327 1847 3443 1908 τοῖς
3471 1843 3653 1906 ἄλλοις
3682 1843 3789 1905 τὰς

2196 1942 2435 2009 παγίδας
2450 1943 2495 1974 ’⁸
2526 1941 2859 2010 πηγνύντες,
2883 1940 3136 2010 καθάπερ
3169 1939 3277 1992 τινὶ
3304 1935 3529 2006 δικτύῳ,
3556 1938 3625 2005 τῇ
3658 1934 3788 2003 θείᾳ

2196 2033 2672 2104 συλληφθήσονται
2701 2030 2967 2102 τιμωρίᾳ,
3005 2031 3103 2083 καὶ
3148 2030 3296 2099 ἅπερ
3326 2027 3530 2098 δρῶσιν
3572 2026 3790 2093 ὑπομε-

2196 2123 2411 2187 νοῦσιν,
2475 2124 2569 2176 καὶ
2623 2122 2905 2176 πείσονται
2964 2120 3000 2174 ἃ
3051 2123 3165 2183 τοῖς
3218 2119 3399 2183 ἄλλοις
3453 2117 3785 2185 ἐπάγουσιν.

2204 2231 2223 2264 ι
2265 2213 2653 2283 Καταμόνας’⁷
2683 2214 2802 2283 είμὶ
2830 2211 2962 2280 ἐγὼ,
2989 2212 3095 2275 ἕως
3118 2206 3180 2265 οὗ
3197 2211 3247 2244 ’⁸
3272 2210 3549 2281 παρέλθω.
3582 2229 3599 2261 ι
3639 2207 3789 2277 Ἐγὼ

2197 2304 2255 2357 δὲ
2284 2304 2490 2357 τούτων
2520 2304 2928 2375 κεχωρισμένος
2963 2302 3280 2367 διατελέσω,
3306 2302 3410 2365 ἕως
3442 2300 3508 2355 ἂν
3542 2300 3790 2370 δέξωμαι

2197 2392 2293 2445 τοῦ
2319 2392 2437 2463 βίου
2466 2393 2528 2445 τὸ
2553 2393 2749 2462 πέρας.

2481 2508 2747 2562 ΕΡΜΗΝ.
2787 2506 2926 2562 ΤΟΥ
2961 2508 3125 2561 PMA’
3163 2504 3484 2560 ΨΔΛΜΟΥ.

2270 2628 2340 2677 a'.
2379 2639 2399 2674 ι
2433 2621 2714 2687 Συνέσεως
2738 2621 2819 2693 τῷ
2850 2621 3037 2689 Δαϐὶδ,
3069 2622 3128 2675 ἐν
3156 2618 3231 2690 τῷ
3262 2616 3404 2673 εἶναι
3434 2619 3598 2673 αὐτὸν
3621 2619 3681 2671 ἐν
3708 2617 3790 2688 τῷ

2203 2711 2455 2782 σπηλαίῳ
2502 2712 3025 2783 προσευχόμενον¹⁹.
3059 2729 3080 2764 ι
3122 2710 3267 2782 Δήλη
3282 2710 3328 2742 ⁸ο
3356 2709 3453 2763 τοῦ
3494 2708 3716 2779 ψαλμοῦ
3753 2711 3789 2779 ή

2202 2801 2487 2865 ὑπόθεσις.
2528 2803 2868 2873 Διωκόμενος
2919 2800 3030 2873 γὰρ
3072 2803 3101 2855 ὀ
3148 2801 3293 2863 θεῖος
3330 2799 3496 2854 Δαϐὶδ
3538 2799 3646 2852 ὑπὸ
3688 2798 3790 2852 τοῦ

2201 2889 2395 2955 Σαοὺλ,
2414 2891 2752 2960 καταφεύγει
2789 2891 2886 2961 μὲν
2913 2888 3019 2943 ὑπὸ
3047 2889 3110 2944 τὸ
3141 2889 3428 2961 σπήλαιον,
3458 2888 3553 2942 καὶ
3578 2890 3637 2941 ἐν
3663 2892 3784 2952 τοῖς

2201 2980 2505 3045 ἐνδοτάτοις
2566 2980 2759 3035 τούτου
2826 2979 3282 3051 κατακρύπτεται
3342 2979 3587 3050 χωρίοις.
3650 2975 3793 3032 Εἶτα

2203 3073 2539 3145 θεασάμενος
2586 3074 2680 3126 τὸν
2727 3074 2904 3128 Σαοὺλ
2952 3074 3072 3126 ἐκεῖ
3120 3071 3484 3143 καταχθέντα,
3533 3071 3633 3142 τὴν
3683 3072 3793 3140 μὲν

2201 3165 2404 3219 δειλίαν
2428 3164 2528 3235 τῆς
2554 3164 2795 3227 διανοίας
2823 3164 3060 3235 ἐξήλασε
3082 3180 3096 3196 ο
3129 3164 3229 3235 τὴν
3273 3164 3330 3218 δὲ
3375 3163 3530 3219 θείαν
3560 3166 3789 3217 ἐπικου-

2123 3246 2167 3305 C
2204 3258 2326 3328 ρίαν
2356 3256 2607 3321 ἐκάλεσε,
2645 3257 2740 3309 καὶ
2767 3257 2971 3326 ταύτης
2996 3253 3285 3325 τετύχηκε.

2271 3347 2338 3418 β’.
2377 3367 2395 3399 ι
2436 3348 2592 3417 Φωνῇ
2629 3363 2732 3416 μου
2765 3346 2903 3416 πρὸς
2933 3345 3139 3416 Κύριον
3171 3344 3473 3416 ἐκέκραξα,
3498 3346 3652 3417 φωνῇ
3683 3362 3794 3416 μου

2199 3440 2339 3509 πρὸς
2401 3437 2605 3509 Κύριον
2655 3436 2904 3509 ἐδεήθην.
2941 3455 2961 3489 ι
3021 3437 3130 3490 Καὶ
3176 3436 3434 3493 ἐντεῦθεν
3486 3437 3670 3507 δῆλον,
3712 3439 3798 3502 ὡς

2200 3529 2452 3599 κραυγὴν
2490 3530 2591 3600 τὴν
2632 3528 2734 3598 τῆς
2796 3529 3038 3591 διανοίας
3082 3528 3394 3600 προθυμίαν
3441 3530 3614 3583 καλεῖ.
3662 3530 3798 3595 Πῶς

2199 3619 2307 3688 γὰρ
2339 3618 2405 3673 ἂν
2434 3618 2703 3690 ἐκέκραξε
2740 3621 2891 3689 φωνῇ
2929 3619 3284 3689 χρησάμενος
3318 3620 3347 3672 ὁ
3383 3620 3796 3690 κρυπτόμενος,

2201 3711 2294 3764 καὶ
2338 3710 2520 3764 λαθεῖν
2571 3711 3053 3782 προθυμούμενος;
3081 3712 3243 3780 Λέγει
3287 3714 3491 3776 τοίνυν,
3520 3713 3604 3767 δτι
3634 3715 3799 3769 Μετὰ

2201 3802 2383 3873 πάσης
2412 3803 2725 3874 προθυμίας
2761 3804 3021 3857 ἱκέτευσα
3049 3803 3141 3857 τὸν
3167 3804 3322 3858 Θεόν.

2272 3902 2343 3962 γ’.
2378 3917 2393 3945 ι
2435 3895 2646 3965 Ἐγχεῶ
2690 3896 2923 3950 ἐνώπιον
2967 3897 3136 3949 αὑτοῦ
3165 3896 3263 3967 τὴν
3295 3896 3481 3968 δέησίν
3511 3916 3639 3968 μου,
3689 3899 3800 3971 τὴν

2203 3985 2382 4056 θλίψιν
2427 4003 2528 4056 μου
2574 3989 2806 4041 ἐνώπιον
2856 3987 3019 4040 αὑτοῦ
3053 3988 3427 4057 ἐπαγγελῶ³¹.
3471 4010 3490 4041 ι
3537 3991 3651 4044 Καὶ
3691 3992 3799 4063 τὴν

2205 4076 2510 4146 συμφορὰν,
2546 4076 2749 4145 φησιν,
2778 4074 2926 4145 αύτῷ
2977 4076 3259 4147 πεποίηκα
3309 4078 3501 4150 δήλην,
3554 4079 3652 4133 καὶ
3694 4081 3799 4153 τὴν

2204 4159 2359 4238 ὑπὲρ
2389 4167 2593 4237 ταύτης
2642 4168 2880 4220 ίκετείαν
2933 4168 3212 4237 ἐπιμελῶς
3272 4173 3687 4242 προσενήνοχαο
3735 4174 3800 4227 τὸ

2204 4259 2339 4312 πολὺ
2375 4258 2431 4311 δὲ
2468 4259 2567 4328 τῆς
2609 4259 2852 4329 δεήσεως
2893 4259 2981 4312 διὰ
3012 4260 3108 4313 τοῦ
3141 4261 3335 4330 ἐκχεῶ
3378 4264 3797 4334 παρεδήλωσεν.

2276 4349 2339 4403 δ’.
2374 4367 2393 4400 ι
2430 4351 2521 4402 Ἐν
2559 4349 2638 4421 τῷ
2669 4349 2943 4403 ἐκλείπειν
2974 4351 3033 4417 ἐξ
3065 4352 3200 4421 ἐμοῦ
3246 4353 3309 4407 τὸ
3337 4354 3558 4425 πνεῦμά
3594 4371 3724 4425 μου.
3774 4378 3794 4409 ι

2207 4441 2395 4495 Ταῦτα
2446 4442 2505 4496 δὲ
2545 4442 2718 4513 ἔδρων
2747 4444 2849 4513 τὴν
2894 4443 3207 4515 ὑπερϐολὴν
3240 4443 3517 4516 θεώμενος
3555 4446 3666 4499 τῶν
3696 4465 3803 4500 κα·-

518 4533 702 4588 derem
734 4552 747 4590 :
782 4551 906 4588 nam
931 4550 1099 4604 prope
1130 4535 1307 4605 ipsam
1347 4546 1577 4590 mortem
1613 4536 1948 4590 habitabam.
1985 4555 2003 4587 ι
2033 4535 2093 4590 Et

2208 4530 2355 4584 κῶν·
2413 4532 2549 4602 παρ’
2599 4533 2763 4584 αὑτὸν
2812 4531 2923 4602 γὰρ
2972 4532 3323 4605 ἐσκηνούμην
3385 4535 3480 4589 τὸν
3538 4535 3799 4592 θάνατον.

519 4624 537 4644 ⁹
573 4631 631 4677 ιιι
668 4625 968 4691 cognovisti
1016 4626 1244 4681 semitas
1293 4642 1464 4681 meas.
1504 4644 1523 4678 ι
1578 4625 1773 4682 Omnia
1824 4642 1946 4682 mea
2001 4628 2093 4682 tibi

2209 4641 2228 4673 ‹
2275 4623 2387 4676 Καὶ
2415 4624 2478 4676 σὺ
2499 4597 2687 4690 τέγνως
2716 4597 3073 4696 τὰς-τρίϐους
3098 4597 3227 4695 μουί
3322 4626 3508 4681 Πάντα
3529 4628 3669 4698 δῆλά
3715 4647 3800 4682 σοι

520 4720 649 4767 sunt
679 4714 849 4777 nuda,
885 4722 941 4767 et
974 4715 1120 4769 nulla
1158 4729 1403 4769 mearum
1442 4715 1723 4770 actionum
1761 4724 1915 4771 tuum
1955 4732 2101 4788 pra:-

522 4802 649 4859 terit
676 4803 921 4858 oculum.
961 4806 1049 4861 cln
1072 4806 1158 4862 via
1187 4808 1307 4876 hac,
1328 4821 1432 4877 qua
1456 4806 1825 4873 ambulabam,
1859 4809 2103 4863 abscon-

522 4896 722 4950 derunt
764 4895 1017 4965 laqueum
1067 4898 1222 4953 mihi.
1259 4918 1277 4951 ι
1336 4898 1401 4955 Et
1434 4900 1529 4971 qui
1559 4910 1834 4956 venantur
1864 4899 2104 4957 ferarum

520 4984 641 5042 vias
678 4986 1030 5060 investigarit,
1061 4996 1114 5043 et
1150 4990 1203 5043 in
1238 4989 1347 5046 illis
1380 4991 1511 5045 retia
1544 5000 1813 5048 statuunt.
1845 4992 1960 5048 Hos
1986 4992 2108 5046 imi-

525 5084 672 5133 tatus
710 5077 865 5145 Saul,
900 5087 955 5135 et
1001 5080 1068 5135 de
1114 5079 1317 5135 Davide
1354 5082 1632 5139 curiosius
1667 5083 1999 5154 inquirebat,
2048 5093 2103 5140 et

526 5167 620 5223 ubi
652 5168 832 5240 ipsum
866 5169 1067 5240 degere
1091 5170 1448 5239 intelligebat,
1483 5172 1557 5227 ibi
1592 5173 1821 5230 insidias
1855 5176 2099 5245 parabat.

529 5253 648 5314 Hoc
682 5258 850 5314 etiam
883 5259 1137 5316 diabolus
1170 5260 1324 5324 facit,
1355 5268 1410 5314 et
1437 5261 1708 5318 incedenti
1752 5265 1808 5319 in
1836 5265 1924 5322 via
1964 5274 2101 5322 tem-

549 5459 569 5477 .
602 5392 684 5453 ιιι
719 5395 853 5470 Reg.
888 5414 1040 5467 ntv,
1073 5398 1099 5452 l
1136 5414 1255 5467 seq.

2197 4713 2266 4767 τὰ
2297 4704 2428 4785 ἐμά,
2454 4715 2547 4768 καὶ
2574 4715 2727 4768 οὐδὲν
2754 4717 2860 4769 τῶν
2885 4717 3039 4785 ἐμῶν
3075 4717 3331 4785 πράξεων
3358 4719 3451 4772 τὸν
3484 4720 3572 4773 σὺν
3601 4721 3802 4776 ἔλαθεν

2202 4803 2501 4874 ὀφθαλμόν.
2541 4821 2559 4855 ι
2591 4803 2681 4856 Ἐν
2706 4804 2809 4875 ὁδῷ
2839 4806 3034 4876 ταύτῃ,
3139 4807 3510 4877 ἐπορευόμην,
3549 4806 3800 4877 ἔκρυψαν

2206 4896 2412 4966 παγίδα
2468 4914 2580 4966 μοι.
2616 4915 2634 4947 ι
2679 4897 2788 4949 Καὶ
2817 4896 2867 4948 oi
2905 4895 3236 4967 θηρεύοντες
3276 4897 3387 4950 τῶν
3434 4896 3645 4969 θηρίων
3696 4899 3802 4962 τὰς

2209 4988 2362 5051 ὁδοὺς
2395 4988 2741 5058 ἀνιχνεύουσι
2761 5028 2776 5052 ,
2810 4989 2905 5042 καὶ
2938 4991 2996 5041 ἐν
3023 4989 3262 5052 ἐκείναις
3298 4990 3477 5043 ἱστᾶσι
3524 4991 3591 5042 τὰ
3622 4989 3799 5060 θήρα-

2210 5097 2336 5152 τρα.
2372 5078 2607 5143 Τούτους
2635 5078 2975 5151 μιμούμενος
3000 5080 3028 5132 ὁ
3058 5080 3254 5147 Σαοὺλ,
3286 5098 3351 5133 πε
3364 5080 3800 5152 ριεργαζόμενος

2206 5174 2277 5227 τὰ
2313 5174 2455 5226 κατὰ
2485 5173 2578 5225 τὸν
2606 5171 2771 5225 Δα6¹ιδ
2799 5172 3066 5238 διετέλει,
3100 5174 3199 5228 καὶ
3230 5173 3360 5227 ἔνθα
3388 5174 3598 5242 διάγειν
3630 5174 3797 5229 αὐτὸν

2209 5265 2545 5337 ἐμάνθανεν,
2583 5265 2702 5318 ἐκεῖ
2732 5265 2855 5326 ταῖς
2883 5263 3131 5337 ἐνέδραις
3159 5264 3450 5337 ἐκέχρητο.
3481 5265 3654 5320 Τοῦτο
3689 5268 3792 5322 καὶ

1628 5556 1866 5615 VARIAE
1907 5561 2296 5619 LECTIONES
2347 5558 2432 5615 ET
2482 5557 2718 5613 NOTAE.

613 5679 662 5713 ³⁸
697 5680 841 5739 Τῶν.
892 5685 1060 5742 Abest
1124 5704 1154 5741 a
1208 5686 1330 5741 cod.
1360 5685 1411 5740 l.

1507 5688 1557 5763 ’ἦ
1575 5691 1697 5763 god.
1751 5693 1774 5745 1
1822 5696 2024 5763 πάγας,

540 5755 802 5805 transeam
854 5772 925 5809 σε.
960 5767 1072 5811 rete
1131 5772 1344 5811 ΘΟΙῚΙΙΙΙ.

1507 5697 1697 5746 “cod.
1751 5697 1774 5745 t
1822 5697 2024 5763 πάγας,

1452 5757 1498 5789 η
1527 5755 1608 5789 n1
1680 5763 1774 5789 ..ΛΑ
1833 5765 1854 5789 ι
1906 5768 1964 5789 ι-.
2060 5772 2093 5789 ιε

2226 5701 2574 5789 Καταμόεςας
2623 5697 3047 5789 Γ-μπίξρέἷίϐω.
3103 5697 3266 5754 Hebr.
3322 5697 3504 5789 ροιιιξ1
3546 5713 3660 5789 ego,
3690 5715 3807 5756 mm

1527 5762 1638 5846 915..
1678 5763 1805 5846 eod._
1899 5768 2021 5846 ἄν..
2060 5772 2093 5804 ιε

2199 5762 2436 5846 ρρᾳευᾷί.
2465 5762 2603 5846 ιιρο.
2623 5767 2788 5846 lectio
2817 5762 2870 5820 li.
2898 5768 2932 5820 l.
2968 5768 3385 5846 οιςῑςξτροσευχήἶ
3460 5768 3504 5798 ³ο
3537 5762 3703 5846 Aﬁr-tn
3727 5798 3798 5811 .—

541 5819 845 5887 τετύχηκε.
876 5823 1001 5880 Haec
1032 5835 1092 5881 ut
1121 5828 1226 5882 alia
1258 5824 1420 5895 hujus
1452 5828 1641 5896 psalmi
1670 5833 1808 5901 apud
1823 5819 1987 5891 (Σοὶ-(Ι.
2010 5838 2045 5892 l.
2068 5856 2093 5895 c

2380 5819 2604 5908 [Dirigeui
2629 5819 3102 5893 tribuuntur.""l
3129 5819 3324 5894 'eoM
3350 5819 3684 5905 ’ἄπα-ίγελῶ.
