4128 6424
330 307 352 363 ι
366 300 475 364 953

1680 293 1763 354 IN
1791 294 1997 354 PSAL.
2038 295 2268 357 CXLII.

3475 306 3616 370 195's

336 413 368 463 6
392 409 647 474 διάϐολος
678 410 819 482 δρᾷ’
858 412 953 465 καὶ
984 410 1062 482 τῷ
1094 410 1194 479 μὲν
1233 408 1474 463 ὁδεύοντι
1520 407 1622 481 τὴν
1666 408 1770 479 τῆς
1814 425 1923 463 σω-

2040 414 2331 483 perantiae,
2385 413 2620 470 luxuriae
2661 414 2921 485 laqueum
2984 422 3176 485 parat;
3240 417 3291 469 ei
3342 432 3473 473 vero
3517 427 3612 490 qui

332 502 615 575 φροσύνης
659 503 804 567 ὁδὸν,
846 503 1032 574 τίθησι
1066 503 1167 573 τῆς
1216 501 1528 573 φιληδονίας
1558 501 1659 573 τὴν
1704 502 1920 571 πάγην·

331 594 414 665 τῷ
470 594 528 648 δέ
583 594 929 668 ἐλεημοσύνη
985 596 1272 667 χαίροντι,
1330 594 1432 666 τῆς
1490 592 1805 660 κενοδοξίας
1866 592 1927 647 τὸ

332 687 582 741 δίκτυοψ
645 686 724 757 τῷ
774 687 1234 758 ἀφιλοχρημάτῳ,
1293 687 1393 756 τῆς
1450 685 1771 751 πλεονεξίας
1825 686 1926 749 τὰς

334 778 599 849 ἀφορμάς
622 797 637 812 ο
680 781 746 851 τῇ
794 779 1066 852 παρθενίᾳ
1095 778 1194 849 τὴν
1223 778 1572 846 ἀλαζονείαν,
1620 778 1717 833 καὶ
1746 778 1921 844 ἀπαξ-

336 871 543 934 απλῶς.
569 872 789 942 ἑκάστῳ
822 871 925 943 βίῳ
949 871 1042 926 τὸν
1068 872 1371 943 εὐθήρατον
1404 870 1583 942 λόχον.

407 959 473 1015 ε’.
527 979 545 1012 ι
580 961 949 1017 Κατενόουν⁸¹
988 963 1070 1026 είς
1111 962 1179 1017 τὰ
1223 962 1410 1029 δεξιὰ,
1458 962 1552 1015 καὶ
1602 960 1926 1026 ἐπέϐλεπον,

335 1053 436 1106 καὶ
454 1052 501 1084 ³³
529 1054 633 1106 οὐκ
686 1049 755 1123 ἦν
785 1056 813 1107 6
846 1052 1230 1123 ἐπιγινώσκων
1262 1071 1354 1125 με.
1386 1073 1405 1107 ι
1458 1054 1662 1107 Οὐδένα
1687 1094 1702 1119 ,
1739 1054 1928 1123 φησὶν,

335 1144 648 1215 οὐδαμόθεν
686 1144 876 1217 ἐώρων
925 1147 1243 1218 ἐπίκουρον.
1278 1147 1455 1210 Δεξιὰ
1479 1145 1586 1216 γὰρ
1615 1144 1675 1197 τὸ
1697 1145 1930 1215 πρᾶγμα

338 1232 451 1286 τῶν
495 1235 870 1308 εὐνουστέρων
919 1235 1201 1290 ἐκάλεσεν.
1262 1254 1282 1287 ι
1316 1235 1592 1288 Ἀπώλετο
1643 1233 1791 1305 φυγὴ
1835 1234 1929 1286 ἀπ’

339 1327 503 1395 ἐμοῦ,
542 1328 637 1379 καὶ
671 1327 775 1381 οὐκ
806 1326 957 1381 ἐστιν
1005 1329 1034 1381 6
1074 1327 1327 1399 ἐκζητῶν
1368 1327 1466 1398 τὴν
1512 1326 1690 1396 ψυχήν
1741 1343 1864 1395 μου.
1905 1343 1924 1377 ι

355 1414 656 1484 Ἀφύκτοις
691 1416 883 1487 ἕρκεσι
910 1417 1240 1487 περιέπεσα,
1259 1418 1351 1471 καὶ
1377 1417 1543 1488 πόρον
1567 1418 1664 1486 οὐχ
1692 1415 1933 1487 εὑρίσκω

342 1511 546 1578 φυγῆς,
584 1508 710 1563 οὐδὲ
743 1509 835 1562 τὸν
871 1509 1311 1580 ἐπαμυνόμενον.

418 1602 494 1667 ς’.
521 1622 539 1654 ι
564 1601 876 1673 Ἐκέκραξα
908 1602 1043 1675 πρὸς
1062 1603 1145 1666 σὲ,
1174 1601 1368 1672 Κύριε,
1397 1596 1528 1656 εἶπα
1547 1617 1561 1631 '
1588 1601 1661 1654 Σὺ
1698 1595 1747 1653 εἳ
1776 1600 1809 1669 ἡ
1840 1598 1932 1652 ἐλά

343 1694 440 1755 πίς
474 1711 597 1764 μου.
639 1714 658 1746 ι
694 1694 761 1748 Σὲ
793 1693 973 1748 τοίνυν
1010 1693 1238 1748 ίκετεύω
1262 1732 1278 1758 ,
1312 1688 1373 1748 οὗ
1401 1694 1498 1757 τὰς
1532 1693 1672 1764 ἐμὰς
1708 1689 1932 1753 ἐλπίδας

341 1782 439 1854 ἐξή
449 1799 647 1853 ρτησα.

422 1894 440 1924 ι
480 1874 654 1946 Μερίς
683 1891 788 1945 μου
818 1869 869 1928 εί
908 1877 968 1928 ἐν
998 1876 1069 1945 γῇ
1099 1872 1337 1938 ζώντων.
1516 1872 1761 1943 Πρόσχες
1795 1873 1932 1942 πρὸς

340 1970 444 2040 τὴν
469 1969 657 2037 δέησίν
696 1986 824 2037 μου,
847 1969 930 2022 ὅτι
962 1966 1337 2036 ἐταπεινώοην
1364 1967 1570 2037 σφόδρα
1585 1967 1649 2021 ³⁵.
1678 1985 1698 2020 ι
1730 1966 1935 2020 Πολλά-

343 2080 434 2125 κις
460 2061 488 2114 ὁ
513 2059 659 2125 θεῖος
689 2061 856 2115 Δαϐὶδ
875 2060 1090 2130 μερίδα
1134 2060 1363 2114 οἰκείαν
1391 2059 1617 2112 ἐκάλεσε
1647 2060 1738 2112 τὸν
1769 2059 1931 2111 Θεόν·

343 2152 442 2205 καὶ
460 2150 553 2205 νῦν
578 2150 635 2203 δὲ
660 2149 924 2212 ὡσαύτως
958 2148 1118 2202 τοῦτο
1148 2148 1476 2219 πεποίηκεν.
1506 2147 1781 2217 Οὐδεμίαν
1801 2148 1932 2217 γὰρ,

345 2240 538 2311 φησὶν,
559 2241 725 2310 ἄλλην
753 2240 862 2310 ἔχω
891 2239 1168 2311 βοήθειαν,
1187 2239 1323 2293 ἀλλὰ
1352 2241 1412 2292 σὲ
1438 2240 1598 2310 μόνον
1623 2239 1935 2309 ἐπίκουρον,

343 2337 444 2390 καὶ
482 2333 573 2388 διὰ
604 2333 697 2387 σοῦ
728 2334 913 2403 τυχεῖν
935 2331 1207 2386 ἀντιϐολῶ
1236 2332 1336 2402 τῆς
1367 2331 1533 2400 ζωῆς.
1566 2331 1938 2385 Ταπείνωσιν

343 2427 404 2479 δὲ
453 2426 550 2489 τὰς
583 2423 875 2496 συμφορὰς
924 2423 1161 2478 ἐνταῦθα
1195 2425 1372 2478 καλεῖ.
1414 2422 1586 2475 ἰὀῦτο
1632 2422 1740 2492 γὰρ
1787 2423 1880 2474 καὶ
1910 2423 1939 2475 6

343 2516 648 2587 Σύμμαχος
685 2515 1098 2586 παρεδήλωσεν,
1135 2514 1461 2582 Ἀκρόασαι
1502 2512 1612 2577 τὰς
1639 2511 1861 2577 ,ιαλιάς
1891 2513 1936 2545 ³³

337 2621 494 2674 μου,
547 2604 637 2657 ὅτι
686 2604 967 2673 ἠτόνησα
1010 2604 1271 2674 σφόδρα.
1328 2621 1347 2655 ι
1395 2603 1584 2656 Ῥὗσαί
1618 2620 1687 2672 με
1728 2605 1792 2655 ἐκ
1830 2605 1937 2658 τῶν

344 2696 804 2751 καταδιωκόντων
845 2714 935 2768 με,
961 2698 1044 2751 ὅτι
1077 2696 1533 2769 ἐκραταιὼθησαν
1570 2696 1710 2767 ὑπὲρ
1744 2697 1864 2766 ἐμέ.
1914 2716 1934 2750 ι

360 2787 727 2859 Ἰσχυρότεροί
764 2805 855 2858 μοι
874 2787 919 2819 ³⁸
967 2789 1295 2860 γεγένηνται
1335 2790 1384 2841 οἱ
1430 2788 1717 2857 πολέμιοι·
1764 2788 1853 2841 διὰ
1883 2789 1939 2843 δὲ

342 2881 451 2952 τῆς
486 2880 586 2950 σῆς
620 2881 795 2952 ῥοπῆς
825 2882 924 2945 τὰς
955 2882 1164 2936 τούτων
1193 2880 1550 2953 διαφεύξομαι
1576 2888 1785 2957 χεῖρας.

421 2970 495 3042 η’.
533 2991 553 3024 ι
586 2972 860 3042 Ἐξάγαγε
903 2977 970 3029 ἐκ
1002 2974 1253 3045 φυλακῆς
1305 2976 1403 3044 τὴν
1445 2975 1625 3046 ψυχήν
1671 2994 1795 3048 μου,
1843 2975 1937 3029 τοῦ

348 3062 923 3135 ἐξομολογήσασθαι³⁷
966 3066 1045 3137 τῷ
1073 3065 1298 3136 ὀνόματί
1330 3083 1423 3119 σου
1439 3066 1503 3120 ³⁸.
1541 3086 1561 3119 ι
1603 3067 1660 3120 '0
1689 3068 1746 3120 δὲ
1770 3066 1937 3120 Ἀκύ-

348 3154 455 3217 λας
492 3152 687 3218 οὕτως,
728 3152 1021 3226 Ἐξάγαγε
1052 3154 1122 3220 ἐξ
1148 3156 1566 3224 ἀποκλεισμοῦ
1590 3155 1703 3224 τὴν
1728 3157 1940 3224 ψυχήν

339 3262 492 3316 μου.
531 3244 622 3308 Ὠς
655 3248 713 3299 ἐν
740 3246 932 3317 εἱρκτῇ
977 3247 1085 3318 γάρ
1127 3263 1235 3299 τινι
1268 3249 1362 3299 καὶ
1406 3246 1767 3318 δεσμωτηρίῳ
1807 3264 1942 3300 κατ-

350 3337 557 3407 είχετο,
581 3337 692 3391 τῶν
730 3338 1006 3409 πολεμίων
1045 3341 1111 3410 τῇ
1143 3338 1286 3409 θύρᾳ
1327 3338 1423 3391 τοῦ
1466 3339 1735 3410 σπηλαίου
1774 3355 1944 3410 προσ-

353 3426 709 3499 καθημένων.
756 3428 1134 3499 ’Υπισχνεῖται
1178 3429 1236 3483 δὲ
1286 3429 1389 3499 τῆς
1437 3429 1715 3501 σωτηρίας
1766 3429 1945 3499 τυχὼν

354 3517 549 3589 ὕμνοις
585 3518 686 3584 τὰς
734 3520 1060 3592 εὐεργεσίας
1109 3519 1462 3591 ἀμείϐεσθαι.
1511 3538 1531 3573 ι
1569 3521 1703 3591 Ἐμὲ
1727 3520 1771 3553 ³⁸
1811 3522 1945 3574 ὑπο-

358 3608 589 3679 μενοῦσι
632 3608 856 3672 δίκαιοι,
921 3609 1027 3674 ἕως
1080 3604 1141 3665 οὗ
1193 3610 1514 3681 ἀνταποδῷς
1569 3627 1683 3681 μοι.
1712 3629 1730 3662 ι
1781 3612 1839 3665 '0
1888 3612 1946 3665 δὲ

354 3701 658 3772 Σύμμαχος
701 3701 910 3768 οὕτως,
963 3701 1035 3757 Τὸ
1079 3700 1271 3771 ὄνομά
1300 3717 1419 3756 σου
1450 3701 1946 3771 στερανώσονται

352 3791 611 3857 δίκαιοι,
659 3790 809 3844 ὅταν
842 3788 1251 3859 εὐεργετήσῃς
1281 3805 1391 3858 με·
1438 3788 1537 3859 τὴν
1581 3789 1691 3860 γὰρ
1733 3791 1812 3851 είς
1845 3791 1946 3859 ἐμὲ

352 3884 738 3955 γεγενημένην
786 3883 1108 3955 εὐεργεσίαν
1159 3882 1418 3952 ἐνέχυρον
1465 3883 1567 3951 τῆς
1616 3884 1696 3945 είς
1744 3883 1945 3946 αὐτοὺς

352 3973 622 4046 λήψονται
679 3974 989 4045 σωτηρίας,
1047 3972 1142 4026 καί
1201 3989 1260 4026 σε
1335 3971 1423 4024 τὸν
1482 3972 1690 4026 δίκαιον
1752 3971 1946 4043 κριτὴν

354 4070 457 4123 ἀνυ
466 4062 780 4139 μνήσουσιν.

654 4176 922 4230 EPMHN.
965 4174 1104 4228 ΤΟΥ
1145 4175 1299 4229 PMB’
1341 4173 1677 4228 ΨΑᾹΜΟΥ.

430 4299 502 4346 α’.
550 4311 569 4344 ι
603 4289 695 4361 Τῷ
724 4288 893 4344 Δαϐὶδ
925 4288 1174 4359 ψαλμδς,
1220 4288 1384 4342 ὁπότε
1404 4287 1449 4320 ⁸ο
1489 4287 1816 4342 κατεδίωκεν
1852 4288 1945 4341 αὐ-

354 4384 453 4439 τὸν
488 4380 815 4453 Ἀϐεσαλὼμ
858 4383 888 4435 6
932 4381 1046 4444 υἱὸς
1095 4379 1284 4435 αὐτοῦ.
1322 4399 1341 4432 ι
1397 4381 1485 4433 Ἐν
1501 4381 1545 4412 ⁵³
1591 4380 1756 4443 ἐνίοις
1802 4383 1952 4435 ἅντι-

2030 506 2396 579 eleemosynis
2430 507 2651 579 gaudet,
2706 508 2890 564 inanis
2930 509 3116 578 gloria:
3164 517 3281 563 rete
3330 510 3483 579 ponit
3511 525 3527 574 ;
3558 510 3607 564 ei

2028 605 2211 652 autem
2247 599 2339 668 qui
2391 612 2526 668 opes
2564 613 2665 668 pro
2715 599 2885 653 nihilo
2925 599 3098 663 ducit,
3147 598 3393 653 avaritia:
3448 614 3609 655 occa-

2029 689 2219 745 siones
2253 690 2411 745 atl'ert
2447 708 2462 746 :
2496 700 2549 745 et
2592 691 2895 761 virginitati
2944 690 3281 759 superbiam.
3318 698 3372 744 et
3404 699 3464 745 ut
3497 705 3613 747 uno

2030 781 2199 836 verbo
2224 781 2426 847 dicam,
2461 782 2689 837 cuilibet
2719 781 2937 837 vivendi
2968 782 3133 836 modo
3163 781 3417 851 laqueum
3449 797 3614 835 vena-

2031 873 2165 927 tioni
2202 873 2677 929 accommodatum
2710 873 2899 928 nectit.

2101 964 2269 1020 Vens.
2298 966 2351 1021 5.
2388 986 2407 1016 ι
2447 965 2874 1020 Considerabam
2908 964 2973 1018 ad
3006 963 3323 1025 dexteram,
3376 972 3431 1018 et
3462 963 3613 1017 vide-

2030 1056 2178 1119 bam,
2212 1065 2266 1111 et
2298 1072 2408 1111 non
2455 1064 2593 1121 erat,
2642 1056 2735 1125 qui
2774 1065 3278 1135 cognoscerct‘me.
3317 1073 3335 1105 ι
3367 1053 3622 1119 Nullum,

2032 1147 2247 1217 inquit,
2307 1148 2561 1201 alicunde
2623 1146 2929 1216 adjutorem
2995 1147 3266 1200 videbam.
3328 1145 3620 1202 Dextera»:

2033 1239 2179 1293 enim
2215 1239 2608 1293 benevolorum
2645 1237 2913 1290 auxilium
2943 1237 3175 1291 vocavit.
3217 1254 3235 1287 ι
3266 1235 3442 1290 Periit
3486 1234 3617 1305 luga

2032 1348 2062 1384 a
2098 1347 2220 1394 me,
2261 1338 2316 1385 et
2365 1346 2473 1383 non
2522 1338 2606 1383 est
2649 1331 2743 1398 qui
2780 1328 3023 1398 requirat
3060 1329 3298 1382 animam
3348 1342 3548 1382 meam.
3595 1347 3614 1379 ι

2034 1423 2092 1476 lu
2134 1432 2287 1491 septa
2326 1421 2700 1476 iueluctabilia
2747 1420 2940 1483 incidi,
2990 1427 3044 1473 et
3094 1419 3194 1473 iter
3247 1433 3359 1473 non
3394 1415 3613 1472 invenio

2032 1516 2194 1586 fugm,
2227 1528 2330 1569 uec
2361 1514 2453 1584 qui
2486 1513 2753 1568 auxilium
2788 1512 2921 1566 mihi
2955 1511 3163 1566 all‘erat.

2105 1606 2274 1662 Vens.
2309 1608 2360 1661 6.
2407 1625 2428 1656 ι
2465 1605 2709 1660 Clamavi
2742 1606 2809 1659 ad
2858 1614 2931 1669 te,
2967 1603 3232 1665 Domine,
3268 1599 3381 1656 dixi
3410 1619 3422 1653 :
3456 1598 3537 1654 Tu
3558 1614 3619 1653 es

2035 1714 2161 1768 spes
2195 1712 2337 1752 mea.
2371 1716 2390 1748 ι
2430 1695 2506 1749 Te
2558 1697 2725 1767 igitur
2753 1709 2971 1765 precor,
3011 1694 3065 1748 in
3097 1710 3208 1764 quo
3247 1705 3425 1746 meam
3463 1705 3618 1761 spem

2034 1788 2215 1860 posui.

2114 1900 2132 1931 ι
2171 1881 2358 1936 Portio
2410 1896 2529 1933 mea
2574 1894 2633 1934 es
2680 1879 2735 1932 in
2779 1888 2924 1932 terra
2957 1876 3282 1929 viventium.
3316 1874 3508 1945 [Vt-ms.
3541 1869 3621 1943 7.]

2036 1972 2266 2027 Attende
2293 1973 2359 2026 ad
2390 1972 2834 2042 deprecationem
2862 1985 3063 2028 meam,
3093 1968 3221 2037 quia
3259 1966 3414 2020 valde
3443 1964 3626 2018 humi-

2036 2064 2203 2119 liatus
2238 2080 2382 2119 sum.
2423 2082 2441 2114 ι
2496 2062 2710 2132 Saepius
2764 2062 2982 2115 divinus
3021 2058 3183 2112 David
3224 2067 3429 2122 partem
3472 2070 3625 2109 suam

2035 2157 2255 2211 vocavit
2277 2155 2446 2209 Deum
2474 2164 2565 2209 :et
2589 2155 2691 2207 hoc
2720 2154 2840 2207 loco
2872 2152 3010 2205 idem
3040 2150 3188 2204 fecit.
3218 2147 3433 2218 155.8
3453 2144 3622 2213 Opem

2039 2251 2273 2313 nullam,
2310 2249 2509 2317 inquit,
2546 2247 2705 2300 aliam
2741 2245 2943 2307 habeo,
2980 2242 3073 2295 sed
3110 2251 3161 2295 te
3195 2240 3373 2295 solum
3406 2237 3626 2305 adjuto—
3704 2238 3710 2243 ’

2038 2356 2177 2404 rem,
2210 2349 2265 2396 et
2300 2355 2395 2410 per
2431 2347 2481 2393 te
2517 2347 2576 2391 ut
2613 2337 2775 2391 vitam
2810 2346 3121 2402 consequar
3142 2344 3356 2400 precor.
3386 2325 3624 2380 Humili.

2041 2442 2208 2486 tatem
2269 2430 2611 2485 calamitates
2669 2427 2775 2481 hoc
2823 2426 2945 2480 loco
2998 2429 3176 2476 vocat.
3227 2418 3340 2473 Hoc
3385 2418 3531 2473 enim
3570 2426 3627 2471 et

2042 2524 2410 2595 Symmachus
2462 2518 2760 2575 declaravit
2805 2536 2819 2570 :
2868 2514 3129 2568 Ausculta
3173 2509 3406 2581 loquelas
3460 2525 3625 2571 meas,

2038 2615 2289 2685 quoniam
2318 2613 2470 2666 valde
2499 2609 2775 2680 obtangut’.
2819 2626 2839 2659 ι
2875 2608 3070 2660 Libera
3104 2620 3190 2658 me
3226 2618 3255 2655 a
3290 2614 3626 2671 persequen-

2039 2706 2189 2761 tibus
2222 2718 2344 2767 me,
2380 2702 2511 2773 quia
2557 2700 2869 2756 continuati
2905 2704 3036 2753 sunt
3084 2708 3249 2762 super
3282 2706 3386 2745 me.
3427 2710 3443 2741 ι
3495 2690 3630 2745 For-

2041 2799 2207 2853 tiores
2265 2811 2353 2851 me
2409 2794 2540 2849 facti
2599 2802 2729 2848 sunt
2791 2790 2979 2845 hostes
3022 2806 3036 2841 :
3075 2802 3174 2857 per
3230 2793 3384 2839 tuum
3443 2790 3627 2836 autem

2040 2888 2306 2944 auxilium
2357 2887 2590 2942 istorum
2643 2897 2844 2937 manus
2892 2879 3202 2935 decliuabo.

2117 2981 2282 3034 Vsus.
2320 2978 2374 3034 8.
2416 2996 2435 3030 ι
2478 2976 2630 3032 Educ
2677 2975 2745 3030 de
2776 2973 3023 3029 custodia
3054 2971 3294 3025 animam
3338 2980 3516 3020 meam
3562 2962 3630 3017 ad

2043 3069 2416 3126 confitendum
2438 3065 2647 3121 nomini
2671 3073 2787 3120 tuo.
2812 3083 2830 3116 ι
2859 3062 3053 3132 Aquila
3078 3061 3159 3115 sic
3182 3057 3364 3113 :Educ
3389 3054 3452 3109 de
3477 3053 3634 3107 clau-

2041 3177 2171 3215 sura
2221 3159 2455 3212 animam
2512 3172 2706 3211 meam.
2761 3152 2897 3208 Nam
2954 3162 3212 3220 tanquam
3274 3149 3328 3202 in
3385 3144 3631 3201 custodia

2042 3253 2280 3323 quadam
2312 3260 2367 3305 et
2398 3264 2625 3304 carcere
2658 3246 3034 3304 detinebatur.
3069 3241 3325 3298 hostibus
3355 3238 3633 3308 speluncae

2044 3345 2189 3401 ostio
2221 3341 2617 3398 assidentibus.
2660 3339 2961 3393 l’ollicetur
3004 3344 3210 3400 autem,
3265 3332 3498 3386 salutem
3534 3343 3636 3383 na-

2040 3446 2193 3493 ctum
2246 3434 2467 3505 hymnis
2502 3431 2764 3487 beneﬁcia
2809 3446 2868 3485 se
2905 3434 3381 3483 remuneraturum
3428 3425 3445 3444 ⁸
3489 3435 3634 3476 esse.

2053 3547 2072 3580 ι
2110 3527 2197 3583 Me
2223 3524 2624 3596 exspectabunt
2671 3522 2811 3592 justi
2866 3521 3043 3575 donec
3095 3517 3372 3572 retribuas
3418 3512 3575 3566 mihi.
3610 3529 3631 3562 ι

2050 3617 2419 3689 Symmachus
2472 3615 2598 3670 sic:
2633 3611 2840 3665 Nomen
2890 3619 3039 3663 tuum
3081 3605 3414 3661 coronabunt
3462 3602 3601 3673 justi
3617 3636 3636 3665 ,

2047 3725 2166 3764 cum
2197 3707 2452 3776 beneﬁcio
2497 3720 2575 3757 me
2614 3702 2897 3771 a/feceris;
2929 3699 3058 3769 quia
3101 3698 3426 3751 beneﬁcium
3459 3694 3513 3747 in
3552 3706 3639 3746 me

2048 3801 2308 3855 collatum
2347 3796 2541 3852 salutis
2569 3809 2685 3848 suae
2717 3793 2919 3863 pignus
2951 3790 3240 3859 arripient,
3273 3795 3330 3841 et
3357 3796 3408 3841 te
3424 3784 3639 3855 justum

2044 3892 2281 3963 judicem
2323 3887 2647 3944 laudabunt.

2426 4172 2701 4227 lt‘iTEllP.
2739 4168 2989 4226 PSALMI
3023 4166 3234 4223 CXLII.

2127 4292 2292 4348 Vens.
2336 4292 2384 4344 l.
2433 4308 2451 4339 ι
2493 4287 2749 4342 Psalmus
2787 4282 2998 4345 Davidi,
3031 4278 3254 4351 quando
3298 4276 3478 4345 ipsum
3512 4287 3638 4342 per-

2057 4397 2278 4442 secutus
2332 4391 2415 4437 est
2461 4378 2699 4433 Absalou
2750 4376 2895 4430 ﬁlius
2948 4373 3069 4443 ejus
3089 4380 3138 4424 ν.
3184 4388 3203 4421 ι
3253 4368 3309 4422 ln
3348 4361 3641 4420 nonnullis

355 4476 598 4549 γράφοις
625 4470 807 4548 εὗρον,
859 4495 879 4528 ι
910 4476 1041 4527 Ὅτε
1085 4474 1252 4529 αὐτὸν
1301 4474 1530 4528 ἐδίωκεν
1567 4473 1888 4545 ’Λϐεσαλὼμ
1923 4476 1937 4527 t

2067 4474 2476 4544 exemplaribus
2520 4469 2700 4525 inveni
2738 4486 2799 4522 ει
2837 4465 3065 4532 Quando
3109 4462 3286 4531 ipsum
3322 4461 3643 4527 persecutus

360 4544 704 4633 υίὸς-αὐτοῦ..
731 4590 750 4624 ι
782 4568 929 4624 Οὐτε
952 4568 1010 4623 δὲ
1046 4567 1199 4637 παρὰ
1228 4567 1308 4639 τῷ
1348 4568 1614 4639 Ἑϐραίῳ,
1645 4567 1768 4622 οὐτε
1804 4568 1937 4640 παρὲ

2067 4576 2152 4624 est
2193 4564 2430 4619 Absalon
2464 4561 2609 4615 Illius
2640 4558 2782 4627 ejus.
2819 4576 2837 4608 ι
2871 4555 3056 4624 Neque
3094 4561 3274 4606 autem
3316 4548 3369 4602 in
3418 4544 3645 4599 llebrazo

358 4666 477 4726 τοῖς
524 4662 709 4726 ἄλλοις
755 4662 1124 4733 ἐρμηνευταῖς
1157 4660 1363 4731 ταύτην
1413 4659 1626 4731 ε’ύρηκα
1654 4660 1755 4731 τὴν
1786 4678 1956 4732 προσ-

2062 4657 2390 4729 exemplari,
2446 4670 2544 4708 nec
2578 4652 2718 4721 apud
2747 4650 2884 4704 alios
2914 4649 3244 4715 interpretes
3274 4643 3414 4695 hanc
3460 4636 3644 4693 inveni

362 4757 565 4827 θήκην.
599 4729 838 4827 Ἐχεται
871 4729 930 4809 δὲ
979 4755 1131 4826 ὅμως
1163 4754 1264 4824 τῆς
1295 4729 1580 4824 ἀληθείας.
1621 4729 1801 4823 Αὐτὴν
1832 4729 1937 4824 *γὰρ

2062 4750 2436 4810 adulitionem;
2505 4756 2689 4797 tamen
2752 4740 2965 4796 veritati
3027 4738 3275 4791 inhaeret.
3333 4732 3447 4786 Hoc
3498 4729 3644 4785 enim

361 4821 482 4923 ἔχει
500 4821 609 4920 ⁷τὴν
636 4821 899 4904 ὑπόθεσιν
924 4848 953 4901 ὁ
979 4821 1229 4918 ψαλμός.⁷
1247 4863 1266 4896 ι
1298 4821 1827 4916 Κύριε,είσάκουσον
1856 4821 1937 4914 τῆξ

2059 4840 2256 4914 psalmi
2308 4849 2390 4893 est
2428 4835 2643 4907 1549
2676 4834 3058 4903 argumentum
3095 4845 3109 4881 :
3149 4828 3397 4889 Domine,
3446 4821 3646 4878 exaudi

360 4940 681 5012 προσευχῆς
716 4957 842 5011 μου,
876 4937 1132 4993 ἐνώτισαι
1172 4939 1273 5011 τὴν
1304 4936 1491 5007 δέησίν
1518 4948 1618 5008 μου
1648 4938 1708 4990 ἐν
1731 4939 1798 5007 τῇ
1826 4935 1956 5007 ἀλη-

439 5129 471 5162 ν
511 5122 551 5175 ll
590 5120 726 5191 Reg.
767 5137 900 5187 xvtt,
938 5120 963 5175 l
1009 5135 1165 5191 seqq.

2068 4935 2375 4989 orationem
2418 4946 2621 4992 meam,
2668 4925 2896 4981 auribus
2942 4921 3162 4993 percipe
3208 4916 3644 4989 deprecationem

1477 5284 1716 5343 VARIA‘I
1749 5280 2142 5340 LECTIONES
2174 5278 2263 5333 ET
2305 5277 2539 5335 NOTAE.

415 5445 466 5482 ³³
505 5442 847 5497 Κατενόουν
877 5469 944 5481 --
977 5435 1335 5489 ἐπέϐλεπον.
1377 5429 1542 5483 llebr.
1611 5425 1922 5497 Respicef-
1955 5433 2003 5478 et
2062 5421 2197 5497 vid_c_.

361 5489 822 5582 conf-imprimit?
860 5510 1006 5582 ew;._
1043 5505 1237 5582 '_'_cod.
1278 5504 1301 5555 ι
1333 5502 1431 5570 τῆς
1461 5498 1669 5582 λαλιᾷς.
1711 5489 1793 5582 ’.τε
1826 5495 1903 5575 ιιι,

2040 5512 2071 5582 ι.
2132 5493 2191 5582 '31
2231 5489 2309 5574 Ib.
2348 5490 2849 5582 ééogolloyeiaeot.”
2915 5489 2958 5521 ιε
2988 5491 3127 5582 Σοὶ).
3161 5489 3215 5541 In
3246 5495 3410 5582 textu
3453 5489 3573 5566 raw.

968 5557 1011 5610 59
1063 5557 1202 5643 Ἐμὲ
1228 5606 1295 5615 —
1341 5557 1465 5643 μοι,
1520 5557 1694 5643 Ιιθὺι.
1723 5557 2074 5643 Μεηεὶῃξιειιι,
2219 5557 2849 5643 eircttutdaliunt,_justi
2874 5602 2887 5623 ,
2921 5559 3141 5643 quando
3183 5558 3433 5643 retribues
3500 5557 3649 5643 mihi.

362 5605 427 5640 se
452 5587 620 5649 mitur
683 5582 875 5653 Κύριε.

2300 5419 2345 5452 ⁸³
2368 5420 2498 5475 Καί.
2539 5418 2667 5474 Rec.
2704 5419 2866 5475 lectio
2895 5419 2952 5473 lt.
2988 5418 3024 5472 l.
3059 5427 3141 5475 est
3168 5418 3265 5471 ὅτι.
3345 5412 3651 5487 ’δΣφόδραο

2300 5533 2309 5541 .
2348 5490 2815 5543 ἐξομολογεῖσθαι.
2915 5489 2958 5521 ⁸⁸
2988 5491 3127 5542 Σου.
3161 5488 3215 5541 In
3259 5495 3410 5543 textu
3453 5486 3561 5540 τῶν
3596 5483 3648 5537 0'

366 5624 417 5690 ῗο
682 5624 750 5693 ί-
772 5624 977 5705 ἷιὺτοῦ.
1004 5624 1147 5699 ΒροῘ
1173 5624 1420 5699 Ιουιὶοδιι.
1450 5642 1483 5695 Ι.
1530 5651 1610 5697 est
1630 5679 1643 5706 ,
1671 5641 1759 5693 ὅτε
1792 5636 1937 5689 αὐτὸι

2062 5624 2181 5697 ὐἱὸς
2237 5631 2580 5687 κατεδιώκει.
2652 5624 2828 5685 ""Er
2853 5624 2977 5683 —-~Vd
3016 5629 3278 5698 ψαλμός.
3318 5626 3463 5683 idem
3488 5624 3649 5681 scho-

360 5727 481 5783 linu
512 5734 688 5783 exstat
722 5725 776 5778 in
839 5722 967 5778 edit.
1028 5716 1186 5771 l‘xom.
1212 5717 1276 5769 ad
1305 5720 1358 5769 h.
1399 5715 1431 5765 Ι.
