4128 6472
478 322 610 384 1055

1462 316 1958 373 'J‘hEUUUhE‘l'l
1999 315 2340 369 ΕΗΜοιί
2372 313 2749 372 LYHL‘NSIS

3615 310 3754 375 1θῖιὸ

475 447 650 486 meam
689 430 742 485 in
774 429 1003 486 veritate
1034 435 1125 482 tua
1155 443 1170 482 :
1199 425 1397 483 exaudi
1427 441 1515 480 me
1541 426 1597 480 in
1639 432 1733 478 tua
1763 424 1996 492 justitia.
2036 441 2052 474 ι

2163 421 2287 492 θείᾳ.
2336 439 2430 475 σου
2456 440 2469 453 ·
2503 422 2831 476 είσάκουσόν
2869 439 2971 491 μου
3004 423 3061 474 ἐν
3109 423 3172 490 τῇ
3214 421 3533 495 δικαιοσύνῃ
3569 439 3685 476 σου.
3729 445 3746 475 ι

475 523 674 578 Poenas
707 523 866 576 iuens
901 535 1094 575 eorum
1130 534 1254 588 qua:
1297 518 1652 574 commiserat
1685 517 1904 571 divinus
1956 517 2060 568 Da—

478 615 588 680 vid,
617 613 669 666 in
707 613 796 666 illa
832 613 1022 666 incidit
1051 611 1214 664 mala.
1243 610 1486 679 lujustus
1508 619 1710 672 tamen,
1733 618 1784 661 et
1814 607 2056 676 iniquus,

471 718 525 758 et
560 706 782 775 impius,
813 714 865 759 et
896 704 1170 774 parricida
1204 712 1321 757 erat
1350 703 1617 765 Absalon,
1669 702 1759 769 qui
1796 701 2058 770 genitoris

472 799 674 851 rzedem
708 797 1079 852 desiderabat.
1118 796 1410 864 Propterea
1446 795 1638 848 beatus
1673 793 1838 847 David
1884 791 2054 845 Deum

471 892 745 955 obsecrat,
803 899 861 943 ut
918 889 974 942 in
1020 889 1248 942 veritate
1291 896 1342 942 et
1385 887 1599 956 justiiia
1653 902 1841 956 preces
1890 901 2058 938 exau-

468 981 605 1033 diat.

541 1072 706 1126 Vnus.
741 1071 795 1124 ﬂ.
843 1089 863 1122 ‹
906 1069 973 1124 Et
1004 1086 1071 1124 ne
1105 1070 1279 1124 intres
1316 1071 1367 1122 in
1410 1069 1680 1138 judicium
1727 1084 1846 1122 cum
1895 1079 2056 1119 servo

469 1176 586 1230 tuo,
619 1164 744 1234 quia
771 1179 878 1217 non
910 1142 1306 1232 justiﬁeabitur
1337 1163 1389 1214 in
1421 1170 1720 1230 conspectu
1756 1172 1847 1214 tuo
1875 1161 2056 1213 omnis

471 1256 677 1310 vivens.
713 1273 731 1306 ι
793 1255 850 1308 In
901 1255 1130 1308 veritate
1164 1264 1218 1307 et
1263 1253 1498 1322 justitia,
1550 1252 1747 1321 inquit,
1799 1260 2056 1320 precatus

468 1365 590 1402 sum
633 1357 685 1401 te
715 1348 900 1401 verbis
934 1347 1104 1410 meis,
1145 1361 1252 1398 non
1299 1361 1415 1398 mea
1453 1345 1667 1413 justilia
1708 1344 1919 1405 fretus,
1961 1343 2054 1396 sed

469 1441 709 1494 hostium
761 1439 1105 1508 iniquitatem
1160 1438 1360 1492 sciens.
1420 1436 1554 1490 Novi
1602 1438 1747 1490 enim
1795 1437 1908 1490 lieri
1945 1450 2054 1490 non

469 1545 652 1597 posse,
675 1539 735 1582 ut
765 1530 969 1598 aliquis
1001 1530 1264 1586 innocens
1292 1543 1321 1581 a
1357 1539 1450 1582 tuo
1484 1529 1742 1582 tribunali
1789 1527 2051 1581 discedat.

469 1622 526 1673 Si
552 1621 699 1674 enim
735 1620 1021 1674 hominum
1061 1621 1183 1673 vitae
1208 1621 1447 1688 regulam
1482 1619 1662 1688 legum
1693 1635 1722 1672 a
1745 1630 1796 1674 Ie
1819 1619 2052 1671 latarum

469 1713 818 1781 apposueris,
856 1727 1018 1765 nemo
1053 1713 1354 1766 secundum
1395 1711 1494 1765 has
1526 1711 1730 1765 vixisse.
1757 1711 2050 1764 videbitur.

2160 514 2326 577 Δίκας
2365 515 2466 585 μὲν
2488 515 2650 568 τίνων
2678 517 2706 567 ὁ
2736 515 2880 577 θεῖος
2913 513 3082 568 dum
3120 510 3261 566 div"
3298 513 3750 584 ἐπλημμέλησεν,

2159 607 2389 669 ἐκείνοις
2444 606 2741 677 περιέπεσε
2792 608 2904 668 τοῖς
2957 609 3185 669 κακοῖς’
3236 605 3423 669 ἄδικος
3470 605 3525 659 δὲ
3577 607 3750 676 ὅμως,

2160 699 2254 752 καὶ
2271 701 2613 771 παράνομος,
2637 701 2731 753 καὶ
2747 699 2808 751 δυ
2818 699 3035 769 σσεϐὴς.
3054 700 3149 752 καὶ
3168 699 3504 770 πατραλοίας
3535 702 3565 752 ό
3593 700 3753 752 Ἀδε-

2159 790 2383 860 σαλὼμ,
2409 778 2508 861 τῆς
2538 792 2632 844 τοῦ
2678 793 3074 862 γεγεννηκότος
3110 791 3463 861 ἐπιθυμήσας
3509 793 3749 860 σφαγῆς.

2159 883 2258 936 Διά
2296 900 2378 935 τοι
2408 883 2567 936 τοῦτο
2596 884 2689 936 τὸν
2722 885 2857 936 Θεὸν
2887 885 2915 936 ὁ
2946 883 3214 952 μακάριος
3245 883 3476 936 ἱκετεύει
3503 883 3667 937 Δαὸὶδ
3693 886 3754 936 ἐν

2155 975 2388 1045 ἀληθείᾳ
2421 977 2514 1030 καὶ
2543 976 2864 1048 δικαιοσύνῃ
2887 978 2982 1046 τῆς
3008 977 3315 1047 προσευχῆς
3339 977 3664 1029 εἰσακοῦσαι
3683 977 3747 1027 ⁵³.

2233 1069 2296 1138 β’.
2338 1088 2356 1120 ι
2394 1069 2506 1122 Καὶ
2544 1070 2618 1138 μὴ
2650 1069 2902 1142 εἰσέλθῃς
2930 1070 3012 1131 είς
3040 1069 3224 1139 κρίσιν
3255 1070 3393 1137 μετὰ
3424 1068 3520 1120 τοῦ
3559 1067 3752 1120 δούλου

2160 1178 2277 1226 σου,
2311 1163 2392 1214 ὅτι
2437 1163 2499 1214 οὐ
2551 1161 2981 1232 δικαιωθήσεται
3021 1161 3255 1214 ἐνώπιόν
3293 1179 3386 1214 σου
3419 1161 3524 1222 πᾶς
3558 1158 3688 1222 ζῶν.
3727 1177 3745 1210 ι

2173 1252 2260 1304 Ἐν
2291 1252 2521 1323 ἀληθείᾳ
2545 1291 2559 1316 ,
2608 1254 2738 1324 φησὶ
2765 1294 2779 1317 ,
2828 1255 2920 1306 καὶ
2949 1253 3267 1324 δικαιοσύνῃ
3301 1256 3414 1316 τοῖς
3456 1254 3611 1321 ἐμοῖς
3662 1268 3749 1312 σε,

2159 1345 2348 1414 φησὶν,
2402 1345 2655 1398 ἱκέτευσα
2705 1346 2887 1413 λόγοις
2914 1386 2927 1408 ,
2964 1346 3028 1396 οὐ
3054 1347 3119 1415 τῇ
3157 1345 3398 1414 ἐμαυτοῦ
3430 1343 3752 1413 δικαιοσύνῃ

2159 1436 2401 1507 θαρρῶν,
2434 1435 2571 1490 ἀλλά
2603 1437 2703 1507 τὴν
2739 1436 2847 1488 τῶν
2874 1436 3154 1505 πολεμίων
3187 1436 3538 1506 παρανομίαν
3568 1433 3745 1497 εἰδὼς.

2160 1524 2294 1580 Οἶδα
2326 1528 2434 1598 γὰρ
2467 1526 2544 1590 ὡς
2575 1527 2838 1580 ἀδύνατον
2871 1525 3047 1579 ἀθῶόν
3081 1543 3204 1578 τινα
3235 1527 3296 1580 τὸ
3343 1526 3434 1578 σὸν
3484 1526 3753 1594 δικαστή-

2165 1638 2279 1691 ριον
2308 1623 2588 1688 ἐκφυγεῖν.
2636 1621 2698 1673 Εἰ
2743 1621 2853 1691 γὰρ
2892 1620 2985 1673 τὸν
3016 1621 3216 1673 κανόνα
3259 1619 3369 1672 τῶν
3403 1617 3510 1672 ὑπὸ
3539 1617 3635 1671 σοῦ
3662 1635 3754 1669 τε-

2161 1711 2363 1764 θέντων
2416 1713 2599 1781 νόμων
2655 1711 2733 1782 τῷ
2763 1712 2871 1764 τῶν
2910 1711 3219 1782 ἀνθρώπων
3265 1711 3574 1781 παραθείης
3621 1711 3748 1780 βίῳ,

470 1802 525 1852 Si
561 1809 746 1854 autem
780 1809 869 1854 tua
911 1802 1073 1854 etiam
1111 1800 1376 1854 benelicia
1413 1801 1466 1853 in
1503 1801 1744 1853 medium
1778 1798 2051 1864 attuleris,

2160 1803 2335 1864 οὐδεὶς
2379 1779 2861 1872 ὀφθήσεται-κατά
2904 1779 3098 1857 τοῦτον
3133 1779 3450 1873 βεϐιωκιῦςο
3496 1779 3629 1856 είδέ
3656 1779 3752 1856 καὶ

468 1901 522 1946 et
551 1901 682 1962 quot
708 1892 851 1946 bona
876 1893 1194 1946 hominibus
1218 1892 1650 1961 suppeditaveris
1676 1933 1689 1950 ,
1717 1905 1838 1959 qua:
1865 1905 2054 1944 rursus

467 1993 708 2037 humana
730 1983 946 2052 justitia
983 1985 1092 2038 tuis
1123 1984 1284 2038 donis
1315 1984 1749 2053 aequiparabitur
1776 1983 1799 2035 Υ

543 2161 705 2214 Vens.
735 2161 788 2215 5.
827 2180 842 2212 i
874 2160 1012 2226 Quia
1047 2170 1368 2230 persecutus
1409 2169 1492 2214 est
1525 2161 1782 2216 inimicus
1813 2162 2052 2216 animam

467 2269 668 2321 meam,
721 2253 1032 2309 liuuiiliavit
1076 2254 1128 2308 in
1180 2264 1323 2309 terra
1354 2256 1522 2309 vitam
1559 2271 1760 2310 meam.
1799 2275 1816 2308 ι
1854 2258 2056 2310 Precor

468 2349 653 2417 igitur,
702 2355 761 2400 ut
797 2356 942 2402 tuam
992 2348 1276 2402 veritatem
1321 2359 1375 2403 et
1403 2349 1672 2418 justitiam
1723 2365 2052 2420 consequar,

469 2457 576 2498 non
613 2441 687 2494 ita
720 2449 780 2494 ut
813 2454 1028 2494 mecum
1073 2441 1127 2493 iu
1176 2441 1446 2510 judicium
1495 2442 1820 2506 descendas,
1859 2443 1952 2496 sed
1999 2451 2057 2496 ut

464 2548 567 2600 ego
597 2541 650 2586 et
695 2533 886 2586 hostes
920 2531 1255 2601 judicemur.
1291 2534 1480 2603 Regno
1514 2535 1661 2588 enim
1693 2535 1900 2602 ejectus
1931 2551 2052 2588 sum

469 2624 537 2680 ab
563 2625 690 2689 illis,
722 2633 776 2678 et
804 2633 1038 2679 exactus
1069 2640 1190 2679 sum
1231 2628 1432 2696 patria.
1479 2625 1633 2680 Hanc
1669 2627 1789 2697 ejus
1831 2627 2056 2681 humili-

466 2723 632 2769 tatem
668 2714 834 2768 etiam
879 2714 1114 2770 historia
1150 2718 1327 2771 docet.
1379 2714 1514 2770 Nam
1565 2717 1685 2771 sine
1717 2718 1956 2780 calceis,
2002 2730 2056 2772 et

461 2807 858 2874 absconditus,
902 2817 958 2863 et
989 2809 1301 2880 lacrymans
1345 2809 1653 2864 incedebat.
1703 2828 1722 2860 ε
1753 2809 2058 2865 Collocavit

468 2904 488 2923 '
516 2915 603 2956 me
627 2900 681 2954 in
703 2901 978 2968 obscuris,
1009 2902 1157 2958 sicut
1182 2911 1433 2956 mortuos
1464 2903 1672 2957 sxculi.
1700 2923 1718 2955 ι
1756 2902 1888 2956 Nam
1921 2904 2056 2957 nihil

461 2993 660 3051 diﬂ‘ero
701 3009 730 3048 a
767 3004 985 3050 mortuo
1023 2995 1076 3048 in
1124 2996 1362 3049 tenebris
1403 2996 1644 3060 detento,
1693 2996 1908 3067 1550
1938 3000 2054 3066 eje-

458 3096 588 3142 etus
618 3094 674 3142 et
709 3087 762 3140 ia
790 3085 1025 3142 desertis
1060 3086 1200 3142 locis
1228 3089 1424 3156 degere
1449 3097 1696 3141 coactus.

535 3259 701 3314 Vnus.
731 3260 787 3314 4.
823 3278 843 3311 ε
873 3259 938 3314 Et
967 3260 1166 3314 anxius
1186 3271 1270 3315 est
1296 3277 1459 3330 super
1483 3276 1569 3314 me
1589 3261 1815 3330 Spiritus
1844 3276 2052 3315 incus.»

462 3353 761 3420 Propterea
795 3367 994 3422 magno
1025 3367 1266 3407 mwrore
1299 3363 1353 3407 et
1385 3353 1605 3406 tristitia
1649 3353 1880 3406 alfeeius
1911 3369 2054 3407 sum.

473 3442 730 3508 Spiritum
767 3444 913 3496 enim
952 3444 1060 3497 hoc
1113 3443 1234 3498 loco
1291 3445 1532 3498 animam
1583 3454 1766 3498 vocat.
1815 3464 1833 3496 ‹
1875 3445 1930 3497 1η
1975 3461 2059 3499 me

469 3535 752 3596 turbatum
802 3544 888 3588 est
949 3549 1047 3589 cor
1103 3549 1309 3589 meum.
1353 3555 1371 3587 i
1429 3535 1659 3600 Omnes,
1711 3536 1910 3606 inquit,
1968 3551 2059 3590 co-

469 3627 768 3698 gitationes
805 3641 944 3681 mete
996 3626 1239 3682 tumultu
1313 3638 1365 3682 et
1423 3628 1836 3698 perturbatione
1886 3627 2059 3698 plena:

473 3728 622 3778 sunt.

542 3813 708 3868 Vens.
741 3813 793 3868 5.
830 3831 850 3863 ι
888 3811 1094 3868 Memor
1132 3813 1210 3868 lui
1241 3814 1453 3870 dierum
1495 3816 1854 3884 antiquorum
1880 3857 1894 3879 ,
1941 3831 2060 3870 me-

463 3908 680 3962 ditatus
715 3921 834 3961 sum
870 3907 922 3959 in
964 3907 1228 3976 operibus
1252 3906 1381 3972 tuis,
1430 3916 1485 3961 et
1523 3908 1576 3960 in
1612 3906 1770 3962 lactis
1793 3924 2054 3964 manuum

473 4013 691 4056 tuarum
744 3998 1069 4053 meditabar.
1107 4018 1124 4050 ι
1166 3998 1395 4064 Animo,
1441 4000 1552 4065 ait,
1607 4001 1970 4064 consideravi,
2026 4015 2057 4054 a

474 4100 611 4162 quot
640 4091 1052 4146 calamitatibus
1095 4091 1334 4161 majores
1373 4101 1594 4146 nostros
1634 4093 1974 4156 liberaveris,
2005 4102 2059 4148 et

470 4184 869 4254 expugnabiles
905 4183 1148 4238 inimicis
1197 4199 1319 4238 esse
1367 4198 1473 4238 non
1522 4184 1718 4240 siveris
1747 4201 1759 4236 :
1791 4194 1845 4239 et
1872 4201 2056 4239 recor-

473 4274 639 4330 datus
667 4290 788 4330 sum
832 4283 1114 4345 gestorum
1159 4275 1483 4340 Abrahami,
1537 4282 1594 4330 et
1643 4275 1834 4340 lsaaci,
1873 4285 1927 4330 et
1964 4273 2057 4331 Ja-

474 4367 618 4435 cobi,
656 4375 712 4423 et
738 4365 985 4437 Iosephi,
1025 4375 1080 4422 et
1109 4365 1297 4434 Hosis,
1346 4375 1404 4421 et
1447 4367 1878 4424 consolationem
1927 4367 2056 4422 hinc

474 4477 617 4532 cepi.

549 4635 796 4698 “9.5.6.
850 4655 870 4689 ι
907 4635 1130 4708 Expand
1202 4653 1399 4694 manus
1450 4654 1600 4694 meas
1650 4640 1716 4693 ad
1763 4649 1834 4695 te.
1866 4660 1886 4693 ι
1941 4640 2059 4696 Hoc

474 4738 580 4794 est,
617 4746 742 4786 cum
792 4731 943 4785 omni
991 4730 1274 4786 alacritate
1317 4746 1508 4801 preces
1555 4732 1743 4787 ell‘udi.
1801 4753 1820 4785 ε
1863 4735 2056 4790 Anima

477 4840 598 4879 mea
644 4823 789 4878 sicut
829 4833 972 4877 terra
1010 4824 1130 4878 sine
1171 4839 1311 4894 aqua
1351 4824 1472 4878 tibi.
1512 4843 1530 4875 ι
1567 4824 1660 4880 Sic
1693 4835 1875 4880 autem
1903 4837 2055 4882 tuum

475 4917 605 4972 sitio
661 4915 963 4980 auxilium,
1031 4916 1197 4971 veluti
1256 4915 1411 4971 arida
1477 4925 1621 4971 terra
1677 4917 1911 4972 imbrem
1965 4935 2060 4975 ex-

476 5017 706 5078 Spectat.

555 5099 719 5155 Vens.
754 5102 808 5156 7.
850 5120 868 5153 ι
903 5098 1180 5157 Velociter
1203 5105 1401 5160 exaudi
1430 5121 1540 5171 me,
1578 5106 1826 5173 Domine,
1855 5107 2058 5165 defecit

478 5193 704 5262 Spiritus
737 5209 915 5248 meus.
959 5211 978 5244 ι
1027 5192 1456 5263 Magnitudinem
1502 5200 1755 5255 maeroris
1805 5217 1900 5270 per
1945 5204 2059 5258 ham

2157 1894 2257 1956 τὰς
2295 1892 2394 1955 σὰς
2420 1892 2746 1963 εὐεργεσίας
2785 1897 2867 1957 είς
2895 1895 3060 1963 μέσον
3093 1895 3350 1963 ἀγάγοις,
3384 1894 3481 1947 καὶ
3505 1896 3608 1948 ὃσα
3633 1899 3752 1957 τοῖς

2157 1985 2471 2057 ἀνθρώποις
2514 1987 2863 2058 ἐχορήγησας
2901 1987 3084 2053 ἀγαθά
3107 2028 3121 2050 ,
3155 1987 3285 2041 ποία
3337 1988 3502 2040 πάλιν
3533 1988 3751 2056 ἅνθρω-

2159 2077 2290 2144 πίνη
2328 2076 2646 2148 δικαιοσύνη
2671 2080 2794 2141 ταῖς
2827 2080 2949 2142 σαῖς
2979 2079 3376 2149 ἐξισωθήσεται
3414 2079 3675 2149 δωρεαῖςς

2229 2163 2298 2231 γ’.
2342 2184 2359 2216 ι
2391 2165 2513 2218 Ὅτι
2571 2166 2900 2232 κατεδίωξεν
2934 2169 2962 2220 δ
3001 2167 3197 2238 ἐχθρὸς
3238 2168 3338 2239 τὴν
3386 2168 3569 2240 ψυχήν
3621 2184 3748 2237 μου.

2156 2257 2530 2310 ἐταπείνωσεν
2565 2259 2644 2322 είς
2679 2260 2784 2328 γῆν
2812 2258 2912 2330 τὴν
2942 2260 3091 2330 ζωήν
3130 2278 3252 2331 μου.
3295 2281 3314 2311 ι
3359 2261 3608 2314 ’ῐκετεύω
3636 2260 3752 2314 τοί-

2159 2367 2252 2402 νυν
2286 2349 2386 2418 τῆς
2421 2352 2522 2418 σῆς
2561 2349 2824 2420 ἀληθείας
2875 2353 2968 2404 καὶ
3013 2351 3365 2424 δικαιοσύνης
3395 2357 3602 2424 τυχεῖν.
3645 2353 3750 2408 οὐκ

2157 2442 2294 2512 ἐμοῦ
2331 2442 2427 2496 καὶ
2461 2442 2555 2495 σοῦ
2589 2443 2928 2513 κρινομένων
2949 2484 2964 2511 ,
2999 2445 3115 2496 ἀλλ’
3162 2444 3297 2515 ἐμοῦ
3329 2447 3424 2498 καὶ
3454 2447 3563 2498 τῶν
3596 2447 3748 2498 πολε-

2163 2531 2302 2602 μίων
2349 2529 2744 2602 δικαζομένων.
2788 2532 3159 2603 Ἐκόέϐλημαι
3213 2535 3324 2604 γὰρ
3373 2535 3468 2586 ὑπ’
3517 2535 3749 2588 ἐκείνων

2155 2621 2257 2688 τῆς
2287 2619 2566 2690 βασιλείας
2588 2661 2602 2685 ,
2642 2621 2916 2692 ἐλήλαμαι
2957 2621 3057 2691 τῆς
3089 2624 3369 2693 πατρίδος.
3399 2625 3618 2694 Ταύτην
3647 2627 3750 2678 αύ-

2157 2711 2254 2765 τοῦ
2289 2713 2389 2782 τὴν
2417 2714 2752 2767 ταπείνωσιν
2783 2715 2878 2767 καὶ
2911 2716 2944 2784 ἡ
2983 2715 3195 2786 ἱστορία
3222 2715 3486 2770 διδάσκει.
3525 2719 3752 2772 Ἀνυπό-

2157 2807 2319 2874 δητος
2343 2806 2474 2876 γὰρ,
2512 2808 2608 2859 καὶ
2637 2808 3182 2878 συγκεκαλυμμένος,
3209 2810 3304 2862 καὶ
3335 2809 3593 2880 δακρύων
3617 2811 3752 2863 ἐϐά-

2157 2899 2324 2964 διζεν.
2359 2919 2377 2950 ι
2421 2901 2678 2954 Ἐκάθισέ
2717 2920 2779 2972 με
2811 2905 2869 2956 ἐν
2905 2906 3221 2969 σκοτεινοῖς,
3255 2904 3330 2967 ὡς
3359 2906 3585 2974 νεκροὺς
3615 2906 3751 2958 αἰῶ.

2157 3007 2271 3054 νος.
2312 3008 2330 3040 i
2365 2991 2534 3044 Οὐδὲν
2563 2991 2671 3062 γὰρ
2707 2992 2955 3064 διαφέρω
2988 2993 3188 3064 νεκροῦ
3228 2995 3286 3047 ἐν
3310 2996 3492 3048 σκότει
3520 2997 3748 3068 καθειρ-

2083 3109 2125 3167 C
2160 3083 2364 3153 γμὲνου
2386 3126 2401 3150 ,
2437 3085 2775 3155 ἐληλαμένος
2804 3087 2898 3140 καὶ
2929 3089 2987 3140 ἐν
3017 3088 3251 3158 ἐρήμοις
3283 3089 3507 3160 χωρίο;ς
3541 3090 3753 3158 διάγειν

2159 3178 2449 3248 ὴναγκασμ
2461 3180 2597 3243 ένος.

2233 3268 2299 3324 δ’.
2344 3289 2362 3322 ι
2395 3272 2506 3324 Καὶ
2559 3274 2859 3343 ἠκηδίασεν
2907 3273 2995 3328 ἐπ’
3044 3275 3146 3345 ἐμὲ
3192 3275 3256 3328 τὸ
3308 3274 3531 3346 πνεῦμά
3566 3294 3688 3347 μου.
3730 3296 3748 3328 ι

2160 3363 2368 3416 Τούτου
2401 3364 2565 3435 χάριν
2599 3365 2841 3436 ἀθυμίας
2873 3366 3079 3436 πολλῆς
3122 3367 3218 3421 καὶ
3259 3369 3556 3439 ἀχθηδόνος
3581 3372 3756 3439 ἐμπέ-

2161 3455 2438 3525 πλησμαι.
2499 3457 2747 3527 Πνεῦμα
2804 3457 2914 3527 γὰρ
2945 3459 3182 3514 ἐνταῦθα
3223 3461 3322 3530 τὴν
3363 3460 3544 3531 ψυχὴν
3575 3460 3751 3519 καλεῖ.

2167 3563 2186 3596 ‹
2221 3547 2312 3601 Ἐν
2338 3549 2463 3617 ἐμοὶ
2487 3549 2767 3621 ἐταράχθη
2796 3553 2828 3621 ἡ
2859 3552 3060 3623 καρδία
3095 3570 3218 3623 μου.
3253 3572 3270 3605 i
3302 3553 3531 3617 Πάντες,
3561 3555 3754 3625 φησιν,

2159 3639 2208 3690 οί
2238 3637 2492 3708 λογισμοί
2524 3657 2626 3709 μου
2662 3641 2912 3714 ταραχῆς
2944 3645 3040 3696 καὶ
3075 3643 3246 3715 ζάλης
3275 3643 3656 3714 ἐπλήσθησαν.

2233 3825 2293 3873 ε’.
2351 3839 2369 3870 ι
2402 3821 2716 3892 Ἐμνήσθην
2751 3823 2976 3893 ἡμερῶν
3023 3823 3307 3896 ἀρχαίων,
3351 3825 3657 3896 ἐμελέτησα
3697 3828 3756 3880 ἐν

2161 3913 2298 3965 πᾶσι
2342 3915 2456 3976 τοῖς
2510 3912 2695 3982 ἔργοις
2730 3931 2848 3979 σου,
2886 3917 2944 3968 ἐν
2980 3918 3248 3986 ποιήμασι
3277 3917 3388 3968 τῶν
3418 3918 3623 3988 χειρῶν
3654 3935 3753 3971 σου

2162 4003 2462 4072 ἐμελέτων.
2501 4023 2518 4054 ι
2554 4005 2808 4068 'E'AaGov,
2836 4008 3025 4075 φησὶν,
3055 4009 3137 4072 είς
3162 4009 3423 4073 διάνοιαν,
3453 4010 3594 4063 ὅσων
3624 4010 3754 4072 τοὺς

2161 4095 2466 4164 ἡμετέρους
2521 4097 2824 4166 προγόνους
2858 4097 3245 4171 ήλευθέρωσας
3297 4101 3619 4172 συμφορῶν,
3655 4100 3754 4154 καὶ⁵

2161 4187 2526 4257 εὐχειρώτους
2573 4190 2830 4256 γενέσθαι
2876 4194 2991 4254 τοῖς
3040 4193 3322 4263 πολεμίοις
3365 4195 3468 4247 οὐκ
3524 4196 3748 4258 εἴασας·

2162 4281 2257 4333 καὶ
2295 4281 2647 4351 ἀνεμνήσθην
2680 4282 2790 4335 τῶν
2829 4284 2974 4338 κατά
3014 4285 3096 4339 τὸν
3134 4286 3387 4357 Ἀϐραὰμ
3411 4326 3427 4351 ,
3463 4287 3575 4340 τῶν
3605 4288 3752 4341 κατά
3783 4271 3787 4276 ’

2159 4373 2253 4425 τὸν
2289 4374 2498 4438 Ίσαάκ,
2527 4374 2639 4427 τῶν
2692 4375 2837 4428 κατὰ
2889 4375 2982 4429 τὸν
3022 4377 3240 4444 Ἰακὼϐ,
3280 4379 3446 4432 τῶν⁶⁸
3475 4381 3619 4432 κατὰ
3657 4379 3751 4432 τὸν

2091 4456 2133 4510 Ι)
2175 4466 2410 4535 Ἰωσὴφ,
2449 4467 2560 4519 τῶν
2620 4468 2762 4520 κατὰ
2807 4472 2898 4522 τὸν
2948 4470 3186 4526 Μωσέα’
3235 4471 3328 4525 καὶ
3381 4471 3744 4542 ψυχαγωγίαν

2160 4557 2413 4609 ἐντεῦθεν
2465 4557 2678 4612 ἔλαϐον.
3169 4579 3198 4604 ο

2231 4649 2306 4714 ς’.
2340 4668 2358 4702 ι
2389 4651 2699 4704 Διεπέτασα
2747 4652 2886 4722 πρὸς
2918 4654 2977 4706 σέ
3009 4671 3110 4717 τας
3141 4655 3331 4725 χεῖράς
3365 4672 3486 4725 μου.
3531 4672 3549 4706 ι
3601 4653 3751 4706 Ἀντὶ

2158 4742 2274 4806 τοῦ,
2307 4743 2412 4794 Σὺν
2448 4743 2601 4815 πάσῃ
2642 4744 2926 4818 προθυμίᾳ
2964 4745 3063 4817 τὴν
3108 4748 3347 4800 ἱκετείαν
3377 4746 3749 4817 ἐποιησάμην.

2165 4854 2185 4885 ι
2229 4835 2290 4887 Ἡ
2321 4835 2465 4905 ψυχή
2503 4853 2639 4905 μου,
2674 4837 2751 4902 ὡς
2790 4839 2864 4909 γῆ
2907 4838 3136 4910 ἄνυδρός
3167 4857 3272 4893 σοι.
3316 4858 3334 4891 ι
3373 4839 3534 4894 Οῦτω
3568 4837 3627 4891 δέ
3654 4855 3751 4890 σου

2159 4927 2299 4996 διψῶ
2345 4929 2445 4997 τὴν
2499 4927 2775 4999 βοήθειαν,
2819 4929 3072 5001 καθάπερ
3122 4933 3155 5000 ὴ
3202 4931 3430 5001 ἄνυδρος
3458 4933 3530 5002 γῆ
3577 4947 3752 5000 προσ-

2163 5021 2312 5090 μένει
2327 5019 2418 5073 τὺν
2449 5021 2622 5076 ὑετόν.

2229 5112 2295 5178 ς’.
2355 5132 2372 5163 ι
2407 5115 2559 5184 Ταχὺ
2618 5115 2944 5169 είσάκουσόν
2989 5135 3112 5186 μου,
3167 5117 3365 5189 Κύριε,
3414 5119 3629 5184 ἐξέλιπε
3688 5119 3749 5172 τὸ

2166 5205 2386 5275 πνεῦμά
2418 5223 2540 5276 μου.
2575 5225 2593 5257 i
2628 5208 2738 5279 Τὴν
2769 5209 3076 5280 ὑπερϐολὴν
3106 5209 3344 5281 ἀθυμίας
3358 5210 3403 5243 ⁸⁵
3433 5212 3521 5264 διὰ
3547 5211 3756 5264 τούτων

478 5286 755 5354 expressit
784 5298 798 5312 °
836 5300 964 5337 nam
1016 5285 1174 5339 valde
1209 5286 1513 5342 dolentium
1551 5292 1770 5361 propria
1825 5302 1910 5348 est
1946 5295 2056 5349 hinc

2165 5297 2401 5368 ἐδήλωσε
2425 5316 2439 5329 ·
2483 5299 2591 5353 τῶν
2629 5300 2737 5371 γάρ
2782 5302 2904 5356 λίαν
2955 5299 3333 5373 ἀσχαλλόντων
3370 5305 3501 5357 ἴδιον
3534 5303 3655 5356 τόδε
3693 5304 3756 5356 τέ

480 5374 719 5429 atl‘cctio.
749 5392 767 5426 ι
794 5372 914 5428 Non
946 5382 1164 5429 avertas
1191 5374 1383 5430 faciem
1415 5387 1564 5434 tuam
1590 5396 1620 5434 a
1648 5397 1756 5448 me,
1783 5393 1837 5440 et
1867 5385 2064 5440 similis

2167 5390 2362 5455 πάθος.
2419 5412 2436 5442 ι
2468 5393 2560 5462 Μὴ
2620 5394 2974 5467 ἀποστρέψῃς
3026 5397 3086 5449 τὸ
3151 5397 3443 5468 πρόσωπόν
3508 5414 3599 5450 σου
3659 5398 3764 5450 ἀπ’

1563 5556 1802 5614 VARIIE
1845 5561 2230 5622 LECTIONES
2273 5566 2360 5622 ET
2391 5565 2625 5622 NOTE.

588 5660 942 5759 “rari-cod]:
983 5671 1000 5723 l
1043 5686 1228 5759 praem.
1263 5671 1350 5725 δι’.
1431 5673 1476 5754 δέ
1509 5674 1642 5729 Ibid.
1677 5675 2007 5746 ὑπακοῦσαι,
2038 5699 2056 5736 ιι

2156 5683 2272 5752 ’ἰρια
2306 5692 2484 5740 tamen
2525 5686 2694 5742 altera
2729 5688 2980 5745 lectione.
3049 5690 3094 5722 “
3121 5688 3243 5745 Τῶν
3269 5688 3516 5759 Ἰωσήφ.
3541 5688 3665 5744 Des.
3699 5687 3753 5742 in

483 5736 606 5790 cod.
647 5739 692 5791 Ι.
776 5737 820 5767 ⁸⁵
851 5736 1150 5802 Ἀθυμξιι).
1188 5758 1374 5806 pra-ni.
1408 5744 1527 5812 τῆς.
