4128 6416
365 322 501 386 195⁸7

1710 316 1790 378 IN
1824 314 2028 377 PSAL.
2077 312 2307 373 CXLII.

3506 304 3643 369 I958

362 440 524 513 ἐμοῦ,
589 439 686 495 καὶ⁹
732 436 1146 510 ὁμοιωθήσομαι
1210 439 1321 499 τοῖς
1390 431 1812 488 καταϐαίνουσιν
1872 431 1954 494 είς

2065 440 2153 479 ero
2181 422 2646 479 descendentibus
2685 422 2739 478 in
2773 422 2976 478 lacum.
3012 442 3029 474 ι
3074 421 3214 479 Nam
3261 422 3308 479 si
3358 431 3643 478 aversatus

360 534 590 589 λάκκον.
625 554 644 583 ι
698 532 763 584 Et
805 530 912 601 γὰρ
952 528 1238 599 βδελόξαιό
1284 545 1389 599 μου
1437 527 1541 598 τὴν
1576 526 1819 581 ἱκετείαν
1861 524 1949 579 διὰ

361 624 464 694 τὴν
496 620 798 693 ἁμαρτίαν,
844 621 1163 691 παραυτίκα
1205 618 1283 690 τῷ
1325 618 1541 688 Θανάτῳ
1570 616 1949 689 παραδοθήσοο

366 730 488 785 μαι.
522 712 627 765 Τὸν
675 711 787 783 γὰρ
822 710 1056 765 θάνατον
1090 710 1329 764 λάκκον
1370 709 1603 769 ἐκάλεσε
1647 708 1947 781 τροπικῶς.

362 802 635 873 Καθάπερ
665 813 775 872 ’ξαρ
809 800 900 855 τὸν
934 800 1335 871 καθειργμένον
1375 801 1435 853 ἐν
1464 799 1654 870 λάκκῳ
1704 799 1806 853 οὐκ
1834 797 1950 851 ἔστι

362 894 488 964 δίχα
511 893 622 947 τῶν
649 892 1092 965 ἐπικουρούντων
1118 893 1427 962 διαφυγεῖν,
1450 892 1630 956 οὕτως
1651 891 1952 945 ἀναϐιῶναι

363 988 458 1042 τὸν
490 987 796 1057 τεθνηκότα
838 986 948 1039 τῶν
978 986 1282 1050 ἀδυνάτων,
1328 985 1403 1057 μὴ
1430 984 1761 1056 βουλομένου
1789 983 1950 1039 Θεοῦ.

437 1086 509 1150 η’.
546 1097 568 1130 ι
610 1079 905 1135 Ἀκουστὸν
965 1078 1188 1151 ποίησόν
1241 1096 1331 1149 μοι
1379 1080 1441 1135 τὸ
1486 1077 1636 1148 πρωϊ
1685 1078 1748 1132 τὸ
1805 1078 1955 1139 ἔλεός

368 1189 466 1226 σου
487 1210 504 1239 ,
539 1171 623 1225 ὃτι
653 1171 746 1224 ἐπὶ
776 1172 863 1227 σοὶ
892 1172 1122 1243 ἦλπισα.
1153 1191 1171 1224 ι
1219 1171 1328 1242 Τὴν
1361 1172 1461 1242 σήν
1500 1189 1597 1243 μοι
1645 1170 1956 1241 φιλανθρω-

365 1263 520 1325 πίαν,
548 1262 685 1334 φησὶ
710 1301 726 1328 ,
759 1263 1023 1332 μήνυσον,
1073 1262 1169 1316 καὶ
1208 1263 1309 1333 τῆς
1350 1262 1568 1325 ἐλπίδος
1613 1263 1690 1333 μὴ
1719 1263 1956 1333 διαμάρ-

365 1373 541 1425 τοιμι.
608 1355 766 1423 Πρωῒ
817 1354 927 1425 γὰρ
986 1354 1227 1411 ἐνταῦθα
1285 1355 1348 1409 τὸ
1403 1355 1632 1424 ταχέως
1697 1354 1952 1408 ἐκάλεσε.

373 1468 395 1503 ι
423 1445 697 1517 Γνώρισόν
735 1462 851 1516 μοι,
878 1447 1073 1518 Κύριε,
1106 1446 1227 1501 ὁδὸν
1262 1447 1321 1501 ἐν
1361 1441 1395 1519 ᾗ
1448 1445 1789 1517 πορεύσομαι
1816 1485 1832 1509 ,
1869 1447 1956 1499 ὅτι

370 1539 510 1613 πρὸς
555 1539 615 1592 σὲ
650 1533 762 1609 ἦρα
799 1538 900 1607 τὴν
933 1538 1116 1609 ψυχήν
1173 1554 1297 1609 μου.
1328 1555 1347 1588 ι
1402 1535 1565 1591 Γενοῦ
1613 1550 1704 1607 μοι
1728 1577 1743 1601 ,
1794 1534 1953 1606 φησὶ,

373 1630 610 1701 ποδηγὸς
634 1668 650 1694 ,
687 1631 782 1683 καὶ
811 1629 909 1698 τὴν
950 1628 1170 1682 εὐθεῐαν
1214 1627 1443 1699 πορείαν
1474 1626 1774 1693 ὑπάδειξον.
1809 1626 1956 1679 Πάν-

371 1739 482 1779 των
521 1721 630 1791 γὰρ
674 1721 785 1774 τῶν
832 1720 1190 1791 ἀνθρωπίνων
1208 1720 1253 1750 ⁸⁸
1304 1718 1404 1790 τὴν
1452 1718 1590 1789 ἐμὴν
1635 1718 1956 1788 ἀποστήσας

368 1811 577 1883 ψυχὴν,
607 1812 693 1864 σοὶ
717 1809 926 1879 ταύτην
960 1809 1338 1879 προσήγαγον.
1373 1809 1645 1868 Δέσποτα.

440 1904 506 1957 θ’.
548 1921 566 1955 ι
590 1899 805 1966 Ἐξελοῦ
839 1917 908 1970 με
934 1902 1000 1955 ἐκ
1023 1900 1132 1953 τῶν
1158 1899 1370 1971 ἐχθρῶν
1396 1917 1522 1971 μου,
1540 1899 1734 1970 Κύριε⁹
1753 1895 1889 1968 πρδς
1906 1897 1948 1968 ιτ

370 1995 433 2049 σὲ
479 1994 806 2062 κατέφυγον.
842 2011 861 2043 ι
915 1990 1137 2061 Φεὺγων
1183 1993 1311 2055 τοὺς
1344 1992 1639 2062 πολεμίους
1680 1990 1741 2044 σὲ
1786 2007 1955 2045 κατα-

371 2085 555 2151 φυγῆς
590 2085 759 2136 τόπον
802 2080 911 2152 ἔχω
932 2121 950 2145 ,
995 2080 1217 2150 καὶτῆς
1246 2081 1468 2135 ἐκείνων
1500 2081 1796 2152 ἐπιϐουλῆς
1838 2083 1953 2136 ἀπ·-

369 2170 675 2241 α).λαγῆναι
705 2169 1029 2242 παρακαλῶ.

444 2269 496 2315 ι’.
534 2284 555 2319 ,ι
593 2263 814 2329 Δίδαξόν
848 2282 917 2332 με
950 2265 1045 2319 τοῦ
1074 2269 1247 2320 ποιεὶν
1275 2266 1336 2317 τὸ
1358 2264 1576 2339 θέλημά
1616 2282 1709 2323 σου
1728 2305 1743 2326 ,
1774 2264 1856 2317 ὅτι
1886 2264 1953 2318 σὺ

372 2353 422 2411 εἷ
451 2359 479 2410 ὁ
506 2357 644 2421 θεὸς
674 2374 802 2428 μου.
837 2375 857 2409 ι
905 2357 1157 2411 Ἱκετεῦω
1184 2357 1241 2410 δὲ
1270 2356 1421 2410 καὶ¹⁶8
1451 2357 1630 2421 τοῦτο,
1682 2356 1759 2427 μὴ
1794 2358 1959 2426 μόνον

369 2449 570 2503 εἰδέναι
616 2450 669 2501 τί
716 2447 925 2516 θέλεις,
979 2448 1115 2503 ἀλλὰ
1166 2449 1260 2505 καὶ
1309 2450 1573 2519 πράττειν
1612 2449 1649 2505 ἃ
1682 2449 1854 2511 θέλεις
1873 2448 1953 2481 *θ’

373 2543 563 2615 ἐπειδὴ
598 2543 659 2597 σέ
692 2542 827 2597 Θεὸν
877 2542 1125 2613 ἐμαυτοῦ
1160 2542 1254 2596 καὶ
1304 2543 1584 2613 Δεσπότην
1624 2542 1952 2612 ἐπίσταμαι.

379 2656 395 2688 ι
435 2635 511 2691 Τὸ
550 2634 772 2705 πνεῦμά
807 2650 902 2687 σου
950 2634 1010 2688 τὸ
1058 2633 1263 2703 ἀγαθὸν
1307 2634 1565 2705 ὁδηγήσει
1615 2651 1682 2705 με
1716 2637 1774 2687 ἐν
1820 2638 1891 2706 γῇ
1910 2635 1956 2666 ⁸ο

373 2724 582 2794 εὐθείᾳ.
615 2743 634 2779 ι
687 2724 799 2779 Καὶ
841 2721 1091 2779 ἐντεῦθεν
1146 2724 1247 2794 τὴν
1289 2724 1446 2789 ἀξίαν
1493 2725 1588 2777 τοῦ
1646 2724 1957 2795 πνεύματος

372 2817 759 2888 ἐδιδάχθημεν.
793 2816 1008 2884 Ὠσπερ
1037 2816 1147 2885 γὰρ
1188 2816 1216 2867 ὁ
1262 2815 1397 2879 Θεὸς
1429 2817 1653 2883 ἀγαθὸς,
1685 2815 1829 2869 οὕτω
1863 2818 1958 2871 καὶ

372 2910 435 2964 τὸ
457 2907 684 2979 Πνεῦμα
706 2907 1019 2977 ὠνόμασται
1048 2905 1252 2975 ἀγαθόν
1272 2924 1287 2939 ·
1315 2907 1406 2960 καὶ
1437 2908 1688 2979 καθάπερ
1713 2909 1803 2962 τὸν
1825 2909 1957 2962 Θεὸν

372 2999 643 3071 ὁδηγῆσαι
676 2998 838 3052 αὑτὸν
871 2997 1170 3060 ἱκέτευσεν,
1202 2997 1344 3053 οὕτω
1387 2999 1482 3053 καὶ
1510 3000 1609 3068 τῆς
1638 3001 1730 3054 τοῦ
1790 3001 1959 3055 lived-

378 3107 550 3162 ματος
576 3090 799 3160 ὁδηγίας
833 3090 1141 3145 ἀπολαῦσαι
1172 3091 1481 3162 summisi
1501 3131 1515 3154 ,
1542 3091 1620 3154 Lb;
1653 3092 1817 3160 μηδὲν
1861 3093 1960 3145 a6-

375 3182 456 3253 τῷ
485 3184 722 3254 φανῆναι
752 3182 1083 3254 πρόσαντες,
1121 3184 1256 3253 μηδὲ
1284 3184 1566 3253 δυσχερὲς,
1600 3187 1714 3239 ἀλλ’
1743 3186 1962 3243 εὐθεῖαν

374 3274 475 3345 τὴν
527 3273 646 3329 ὁδὸν
687 3273 914 3340 ὁδεύειν,
947 3275 1042 3328 καὶ
1075 3273 1249 3340 λείαν,
1280 3277 1437 3328 xui.“
1473 3276 1685 3348 πλάνης
1713 3279 1961 3350 ἀπηλλα-

377 3385 413 3437 γ
420 3367 611 3438 μένην.

447 3455 539 3517 ια’.
570 3457 830 3512 «Ἕνεκεν
855 3455 952 3512 τοῦ
976 3456 1238 3528 ὀνόματός
1269 3474 1384 3524 σου,
1405 3458 1802 3531 Κύριε,ζήσεις
1838 3481 1960 3532 με.»

377 3549 450 3607 Σύ
486 3567 554 3621 με
599 3549 905 3621 προεϐάλου
949 3548 1210 3619 βασιλὲαο
1256 3551 1359 3621 τῆς
1408 3555 1504 3624 σῆς
1546 3553 1607 3606 δὲ
1652 3555 1838 3626 ψήφου
1875 3557 1967 3613 καὶ

376 3642 716 3713 χειροτονίας
761 3641 1078 3712 ἀπήλαυσα,
1114 3644 1207 3696 καὶ
1241 3643 1392 3697 δέδια
1420 3645 1495 3714 μὴ
1532 3648 1837 3715 παροφθεὶς
1861 3647 1967 3700 ὑπὸ

381 3732 475 3787 σοῦ
516 3731 873 3803 βλασφημίας
910 3731 1171 3801 πρόξενος
1200 3732 1280 3801 τῷ
1312 3733 1391 3802 σῷ
1420 3735 1648 3803 ὀνόματι
1691 3737 1962 3804 γένωμαι.

377 3823 472 3894 Μὴ
503 3824 584 3886 είς
612 3823 715 3894 τὴν
753 3822 896 3897 ἐμὴν
924 3821 1105 3877 τοίνυν
1133 3823 1451 3896 ἀποϐλέψῃς
1489 3825 1668 3888 ἀξίαν,
1709 3825 1846 3877 ἀλλὰ
1872 3825 1967 3879 διὰ

378 3916 479 3984 τὴν
523 3912 620 3968 τοῦ
673 3915 768 3967 σοῦ
815 3913 1086 3982 ὀνόματος
1134 3914 1413 3985 εὐφημίαν
1460 3915 1692 3984 μετάδος
1745 3934 1838 3987 μοι
1866 3919 1967 3987 τῆς

382 4008 660 4080 σωτηρίας
679 4008 747 4060 ³⁸.
789 4026 809 4059 ι
851 4007 939 4063 Ἐν
968 4010 1036 4078 τῇ
1063 4007 1381 4080 δικαιοσύνῃ
1405 4025 1498 4062 σου
1531 4008 1742 4075 ἐξάξεις
1766 4012 1830 4063 ἐκ
1855 4010 1969 4064 θλί-

379 4098 529 4168 ψεως
558 4099 657 4169 τὴν
687 4097 867 4169 ψυχήν
915 4114 1050 4167 μου.
1082 4116 1103 4149 ι
1156 4098 1310 4168 Ἐμοὶ
1356 4100 1464 4170 γὰρ
1499 4100 1595 4152 καὶ
1636 4104 1753 4164 τοῖς
1804 4101 1968 4155 πολε-

384 4189 531 4261 μίοις
558 4189 812 4252 δικάσας,
842 4187 1067 4251 δικαίως
1099 4187 1209 4245 τῶν
1233 4189 1324 4242 ὑπ’
1348 4189 1575 4243 ἐκείνων
1603 4190 1968 4260 ἐπαγομένων

380 4279 715 4347 ἀπαλλάξεις
752 4298 821 4351 με
847 4281 1170 4353 συμφορῶν.

454 4372 546 4444 ιβ’.
598 4393 626 4426 ι
662 4374 778 4428 Καὶ
828 4375 887 4427 ἐν
935 4372 1014 4443 τῷ
1059 4373 1201 4427 ἐλέει
1256 4391 1351 4428 σου
1390 4374 1794 4446 ἐξολοθρεύσεις
1839 4376 1969 4441 τοὺς

2052 515 2226 572 (tueris
2255 531 2406 571 meas
2431 530 2623 586 preces
2648 516 2720 571 ob
2744 525 3057 584 peccatum,
3089 517 3274 572 subito
3302 526 3479 571 morte
3502 517 3642 571 mul-

2053 611 2209 671 tabor
2242 630 2255 666 :
2287 621 2519 667 mortem
2569 613 2715 671 enim
2765 612 2940 667 lacum
2975 614 3187 683 tropice
3227 613 3459 668 vocavit.
3500 609 3640 667 Nam

2052 705 2519 775 quemadmodum
2556 706 2601 759 is
2627 745 2641 770 ,
2677 705 2770 774 qni
2813 704 2868 759 in
2913 705 3033 759 lacu
3068 706 3324 761 detentus
3363 712 3485 771 est,
3529 719 3643 758 non

2054 806 2234 867 potest
2288 797 2409 854 sine
2472 797 2820 868 adjutoribus
2881 799 3110 855 evadere
3152 816 3166 853 :
3208 799 3291 854 sic
3350 797 3467 852 ﬁeri
3532 811 3642 851 non

2056 897 2271 957 potest,
2346 897 2407 944 ut
2469 897 2725 945 mortuus
2788 888 2843 945 in
2909 891 3076 943 vitam
3140 891 3363 955 redeat,
3418 888 3639 944 uolente

2058 982 2190 1037 Deo.

2132 1072 2294 1127 Vens.
2317 1073 2372 1128 8.
2404 1092 2420 1123 ι
2442 1072 2695 1127 Auditam
2720 1072 2811 1129 fac
2835 1074 2967 1127 mihi
3000 1073 3436 1133 misericordiam
3464 1084 3614 1130 tuam

2056 1166 2194 1245 quia
2242 1167 2294 1219 in
2342 1175 2394 1221 te
2435 1166 2670 1236 sperari.
2708 1184 2726 1218 ι
2766 1164 2961 1231 Tuam,
3014 1166 3211 1236 inquit,
3249 1167 3642 1239 benignitatem

2058 1257 2239 1313 indica
2281 1259 2438 1321 mihi,
2492 1257 2701 1329 1551
2755 1266 2810 1312 et
2842 1259 2909 1315 de
2942 1274 3038 1328 spe
3078 1274 3149 1317 ne
3185 1259 3456 1315 decidant.
3502 1258 3641 1315 Nam

2058 1366 2216 1404 nunc
2238 1350 2342 1406 hoc
2369 1350 2492 1405 loco
2522 1365 2621 1419 pro
2646 1348 2891 1404 celeriter
2910 1350 3067 1407 dixit.
3101 1368 3119 1402 ι
3150 1350 3343 1409 Notam
3371 1350 3461 1407 fac
3482 1351 3640 1415 mihi,

2060 1438 2309 1503 Domine,
2340 1440 2511 1504 viam,
2548 1439 2603 1492 in
2637 1452 2747 1507 qua
2783 1438 3086 1504 ambulem,
3117 1439 3249 1508 quia
3287 1439 3353 1493 ad
3384 1449 3436 1494 te
3471 1438 3644 1494 levavi

2058 1531 2302 1593 animam
2330 1546 2535 1585 meam.
2576 1549 2595 1583 ι
2632 1529 2764 1586 Esto
2791 1529 2950 1596 mihi,
2990 1530 3192 1603 inquit,
3232 1529 3343 1584 dux
3364 1572 3378 1595 ,
3408 1539 3646 1585 rectum-

2058 1641 2166 1695 que
2188 1626 2294 1681 iter
2327 1626 2457 1680 Inibi
2491 1624 2740 1680 ostende.
2772 1625 2858 1680 Ab
2881 1625 3140 1683 omnibus
3171 1624 3319 1680 enim
3350 1623 3516 1679 rebus
3544 1624 3648 1679 hu-

2060 1716 2239 1772 manis
2266 1731 2440 1777 meam
2473 1716 2754 1772 abdueens
2789 1715 3056 1782 animam,
3082 1730 3202 1771 eam
3228 1715 3349 1783 tibi,
3390 1714 3645 1782 Domine,

2059 1808 2284 1865 adduxL

2134 1898 2297 1959 Ἔτι-κε.
2329 1898 2382 1958 9.
2425 1916 2444 1951 ι
2482 1898 2647 1968 Eripe
2688 1914 2777 1954 me
2820 1901 2890 1957 de
2935 1898 3179 1957 inimicis
3204 1899 3365 1965 meis,
3394 1897 3649 1965 Domine,

2063 1991 2130 2046 ad
2161 2000 2212 2045 te
2246 1989 2497 2061 confugi.
2537 2009 2557 2042 ι
2589 1992 2608 2011 ‘
2636 1988 2881 2061 Fugiens
2915 1990 3129 2055 hostes,
3160 1997 3214 2047 te
3240 1988 3438 2059 refugii
3464 1989 3651 2047 locum

2061 2080 2263 2147 habeo,
2302 2089 2357 2135 et
2396 2088 2455 2135 ut
2487 2080 2556 2135 ab
2586 2079 2811 2135 illorum
2843 2079 3064 2140 insidiis
3090 2079 3295 2139 liberer
3318 2092 3540 2148 precor.

2135 2262 2305 2320 Vsus.
2341 2263 2428 2320 l0.
2472 2282 2492 2316 ι
2528 2265 2672 2320 Doce
2717 2277 2806 2318 me
2847 2260 3035 2319 facere
3078 2261 3418 2319 voluntatem
3459 2269 3651 2328 tuam,

2064 2357 2193 2427 quia
2239 2355 2383 2412 Deus
2413 2371 2571 2411 meus
2596 2370 2657 2412 es
2689 2365 2769 2413 tu.
2805 2374 2825 2408 ι
2860 2354 3133 2415 Caeterum
3163 2355 3417 2422 obsecro,
3448 2364 3509 2410 ut
3535 2369 3652 2415 non

2064 2447 2231 2503 modo
2278 2447 2452 2505 sciam
2503 2445 2632 2516 quid
2677 2445 2837 2512 velis,
2884 2460 3075 2501 verum
3119 2445 3286 2501 etiam
3337 2455 3399 2501 ut
3449 2444 3651 2501 faciam

2064 2555 2188 2609 quae
2223 2539 2383 2601 velis,
2419 2538 2683 2608 quoniam
2726 2546 2779 2592 te
2826 2536 3000 2592 Deum
3047 2550 3229 2591 meum
3263 2542 3318 2591 et
3354 2533 3651 2595 Dominum

2065 2632 2202 2689 scio.
2257 2649 2274 2682 ι
2315 2629 2555 2700 Spiritus
2586 2638 2713 2685 tuus
2744 2629 2925 2686 bonus
2955 2628 3191 2687 deducet
3228 2641 3319 2687 me
3350 2627 3406 2689 in
3446 2635 3650 2688 terram

2064 2735 2295 2779 rectam.
2332 2741 2351 2774 ι
2393 2721 2532 2777 l-linc
2576 2721 2742 2776 etiam
2804 2720 3035 2790 spiritus
3085 2719 3409 2790 dignitatem
3454 2719 3653 2780 didici-

2065 2830 2211 2870 mus.
2262 2813 2420 2871 Sicut
2456 2814 2603 2867 enim
2641 2812 2784 2868 Deus
2825 2812 3045 2877 bonus,
3089 2810 3172 2866 sic
3201 2811 3366 2869 etiam
3413 2808 3654 2880 Spiritus

2067 2905 2382 2961 nominatus
2437 2911 2524 2958 est
2576 2903 2760 2958 bonus
2803 2920 2815 2956 :
2855 2910 2909 2957 et
2955 2900 3421 2972 quemadmodum
3462 2900 3654 2958 Deum

2066 2993 2375 3049 obsecravit
2408 3002 2468 3047 ut
2501 2992 2684 3063 ipsum
2712 2991 3032 3053 deduceret,
3067 2989 3149 3045 sic
3172 2990 3340 3045 etiam
3372 2999 3653 3060 precatur,

2067 3095 2128 3141 ut
2173 3085 2416 3155 Spiritus
2470 3084 2647 3139 sancti
2702 3083 2932 3142 ductum
2969 3091 3370 3153 consequatur,
3423 3092 3484 3136 ut
3517 3081 3657 3143 nihil

2069 3179 2175 3250 ipsi
2209 3179 2444 3234 arduum
2472 3186 2526 3233 et
2556 3175 2779 3232 ditiieile
2807 3182 3091 3246 appareat,
3118 3175 3211 3232 sed
3242 3184 3452 3230 rectam
3479 3174 3654 3241 viam,

2066 3285 2119 3329 et
2155 3273 2373 3343 planam
2393 3311 2408 3337 ,
2458 3278 2513 3326 et
2542 3270 2611 3325 ab
2641 3284 2833 3327 errore
2864 3268 3098 3323 liberam
3130 3275 3420 3341 sequatur.

2140 3450 2311 3509 Vens.
2345 3450 2435 3504 li.
2478 3468 2497 3501 ι
2532 3450 2766 3518 Propter
2798 3462 3002 3505 nomen
3046 3454 3227 3512 tuum,
3249 3445 3501 3514 Domine,
3519 3445 3660 3502 vivi-

2069 3545 2262 3601 ﬁeabis
2315 3559 2422 3599 rue.
2461 3563 2480 3599 ›
2531 3544 2613 3598 Tu
2660 3556 2843 3613 regem
2885 3556 2974 3599 me
3005 3540 3228 3603 creasti.
3283 3548 3441 3599 tuum
3475 3548 3657 3597 autem

2072 3636 2396 3705 snﬂ‘ragium
2438 3642 2496 3688 et
2525 3630 3008 3702 inaugurationem
3044 3645 3167 3687 sum
3198 3639 3532 3688 consecutus
3564 3641 3662 3689 :et

2070 3731 2262 3792 timeo,
2304 3742 2370 3781 ne
2401 3741 2432 3781 a
2462 3734 2513 3779 te
2544 3723 2859 3793 despectus,
2894 3730 3091 3779 auctor
3122 3721 3228 3776 sim
3268 3733 3329 3776 ut
3363 3731 3517 3777 tuum
3553 3737 3663 3777 no-

2069 3834 2194 3874 men
2240 3818 2385 3875 male
2429 3815 2642 3870 audiat.
2695 3813 2775 3868 Ne
2824 3812 2992 3881 igitur
3022 3811 3090 3866 ad
3118 3825 3294 3869 meam
3335 3812 3663 3883 dignitatem

2069 3909 2357 3978 respicias,
2390 3906 2490 3962 sed
2522 3905 2594 3960 ob
2630 3902 3007 3959 celebritatem
3040 3900 3282 3957 nominis
3317 3902 3394 3957 tui
3422 3902 3659 3959 salutem

2069 4002 2206 4057 mibi
2236 3999 2480 4068 imperti.
2518 4016 2537 4051 ι
2575 3997 2636 4053 In
2673 3997 2932 4068 aequitate
2961 4005 3055 4055 tua
3091 3995 3295 4050 educes
3324 3995 3392 4051 de
3425 3995 3660 4051 tribula-

2071 4094 2220 4149 tione
2275 4092 2517 4146 animam
2568 4105 2773 4145 meam.
2810 4106 2828 4140 ι
2884 4086 3020 4143 Nam
3070 4102 3195 4141 eum
3233 4102 3323 4142 me
3369 4096 3424 4142 et
3467 4086 3663 4148 hostes

2065 4183 2424 4257 judicaveris,
2471 4183 2622 4254 juste
2669 4181 2884 4254 1552
2921 4196 2951 4236 a
2986 4181 3398 4238 calamitatibus
3435 4182 3505 4238 ab
3547 4183 3662 4240 illis

2070 4276 2331 4347 irrogatis
2365 4289 2452 4331 me
2485 4273 2770 4329 liberabis.

2142 4368 2310 4424 Vsus.
2365 4366 2457 4423 12.
2512 4384 2532 4419 ι
2571 4363 2640 4420 Et
2685 4365 2742 4421 in
2793 4362 3168 4419 misericordia
3225 4371 3319 4418 tua
3373 4362 3667 4433 dispar-des

382 4464 613 4537 ἐχθρούς
637 4482 764 4535 μου,
789 4465 887 4521 καὶ
916 4463 1139 4527 ἀπολεῖς
1168 4464 1377 4528 πάντας
1407 4466 1536 4529 τοὺς
1556 4466 1839 4531 Θλίὸοντας
1866 4468 1959 4540 τὴν

2073 4461 2328 4519 inimicos
2357 4476 2514 4516 meos
2545 4477 2561 4514 :
2591 4468 2647 4515 et
2677 4456 2872 4529 perdes
2901 4471 3096 4511 omnes
3121 4456 3214 4525 qui
3244 4456 3512 4512 tribulant
3535 4457 3660 4511 ani-

379 4557 562 4628 ψυχήν
602 4573 728 4627 μου,
759 4556 842 4610 ὃτι
872 4553 987 4624 ἐγὼ
1015 4554 1202 4617 δοῦλός
1230 4555 1325 4608 σού
1364 4558 1501 4627 είμι.
1536 4576 1556 4609 ι
1587 4557 1759 4612 Τοῦτο
1789 4560 1883 4614 καὶ
1910 4561 1971 4618 ὲν

380 4647 463 4717 τῷ
490 4647 599 4718 ρλε¹
640 4647 746 4718 ἔφη
775 4644 999 4718 ψαλμῷ,
1033 4665 1051 4700 ι
1081 4645 1173 4716 Τῷ
1222 4647 1526 4711 πατάξαντι
1563 4649 1840 4718 Αἴγυπτον
1871 4654 1971 4709 σὺν

382 4743 499 4804 τοῖς
532 4740 904 4808 πρωτοτόκοις
936 4738 1102 4796 αὐτοῦ
1124 4780 1141 4806 ,
1172 4740 1259 4794 ὅτι
1285 4743 1367 4804 εἰς
1397 4742 1489 4794 τὸν
1521 4743 1696 4797 αἰῶνα
1730 4744 1791 4797 τὺ
1820 4745 1970 4811 ἔλεος

383 4837 551 4895 αὐτου
615 4854 632 4887 ι
670 4835 784 4890 Καὶ
829 4831 1066 4889 ἐνταῦθα
1106 4831 1211 4901 ἔφη
1240 4871 1255 4896 .
1309 4852 1328 4885 ι
1375 4834 1463 4887 Ἐν
1489 4834 1536 4866 ⁵³
1570 4834 1648 4906 τῷ
1694 4837 1832 4891 ἐλέει
1871 4854 1968 4892 σου

384 4924 796 4997 ἐξολοθρεύσεις
825 4925 954 4988 τοὺς
988 4922 1217 4994 ἐχθρούς
1252 4940 1372 4994 μου.
1413 4941 1433 4974 ι
1479 4923 1539 4975 '0
1573 4925 1686 4995 γὰρ
1719 4926 1847 4996 περὶ
1875 4926 1969 4979 τὸν

384 5020 746 5091 ἀδικούμενον
774 5019 926 5081 ἔλεος
952 5016 1151 5084 ἐπάγει
1183 5017 1260 5088 τῷ
1288 5015 1563 5071 ἀδικοῦντι
1593 5019 1686 5071 τὸν
1718 5018 1964 5090 ὄλεθρον.

386 5113 546 5169 Οὕτω
606 5111 702 5167 καὶ
755 5108 1005 5181 γεωργὸς
1059 5108 1285 5180 ἀριστος
1331 5108 1668 5180 προρρίζους
1721 5113 1819 5180 μὲν
1870 5109 1970 5173 τὰς

386 5203 633 5267 ἀκάνθας
662 5201 940 5272 ἐκτέμνει,
975 5198 1131 5271 ἄρδει
1155 5199 1213 5253 δὲ
1243 5200 1337 5253 καὶ
1366 5202 1607 5271 γεωργεῖ
1634 5201 1698 5254 τὰ
1734 5200 1895 5267 φυτά.

494 5447 524 5478 ⁸
557 5436 706 5497 Psal.
748 5454 952 5505 εῖχεν,
985 5438 1077 5500 l0.

2072 4568 2219 4609 mam
2257 4566 2460 4617 meam,
2486 4548 2757 4620 quoniam
2794 4562 2897 4618 ego
2929 4562 3119 4602 servus
3151 4556 3281 4603 tuus
3316 4561 3462 4603 sum.
3494 4565 3517 4600 ι
3545 4545 3664 4605 Hoc

2072 4646 2236 4703 etiam
2272 4644 2328 4700 in
2374 4641 2679 4700 centesimo
2709 4639 2994 4695 tricesimo
3021 4639 3218 4708 quinto
3254 4641 3471 4709 psalmo
3495 4640 3657 4697 dixit.

2079 4759 2098 4791 ι
2140 4738 2247 4805 Qui
2296 4735 2575 4808 percussit
2615 4731 2915 4805 Egyptum
2966 4747 3092 4787 cum
3141 4733 3523 4804 primogenitis
3563 4749 3663 4791 eo-

2072 4847 2220 4897 rum,
2256 4828 2522 4900 quoniam
2570 4826 2628 4881 in
2663 4834 2930 4881 aeternum
2982 4823 3360 4881 misericordia
3407 4826 3529 4896 ejus
3554 4834 3661 4882 ι.)

2073 4924 2140 4976 Ει
2178 4921 2286 4977 hoc
2314 4920 2370 4975 in
2405 4919 2530 4975 loco
2556 4918 2635 4973 ait
2670 4935 2682 4971 :
2714 4934 2734 4969 ι
2768 4915 2826 4971 ln
2852 4915 3234 4972 misericordia
3262 4926 3351 4972 tua
3376 4917 3664 4988 disperdes

2074 5012 2331 5068 inimicos
2361 5025 2539 5065 meos.
2573 5028 2592 5061 ι
2620 5007 2756 5063 Nam
2781 5006 3166 5064 misericordia
3188 5024 3316 5079 erga
3340 5023 3465 5063 eum
3499 5007 3663 5063 adhi-

2073 5104 2205 5169 bita,
2255 5102 2350 5174 qui
2400 5101 2601 5171 injuria
2642 5098 2900 5164 aﬂicitnr,
2934 5098 3138 5169 injuria
3168 5098 3421 5155 allicienti
3468 5098 3663 5154 interi-

2073 5206 2188 5251 tum
2235 5195 2454 5268 inﬂigit.
2506 5193 2599 5251 Sic
2655 5192 2821 5249 etiam
2877 5192 3122 5263 Optimus
3169 5191 3414 5264 agricola
3460 5190 3663 5246 radici-

2080 5293 2170 5341 tus
2211 5284 2435 5355 quidem
2480 5284 2672 5359 spinas
2716 5280 2959 5347 excidit,
3004 5280 3197 5352 irrigat
3240 5288 3422 5335 autem
3451 5288 3508 5336 et
3531 5280 3667 5337 colit

2079 5378 2316 5449 plantas.

1493 5527 1727 5586 VARIAE
1763 5530 2156 5588 LEGTIONES
2185 5530 2272 5587 ET
2302 5533 2541 5591 ΝΟΤΕ.

311 5652 318 5658 .
458 5623 506 5654 ιο
534 5625 661 5683 Τῶν
693 5625 864 5695 ἀνθρ.
894 5624 1017 5695 cod.
1055 5623 1081 5677 1
1132 5620 1456 5695 ἀνθρώπων.

387 5701 434 5735 δ’
474 5699 688 5763 Θέλεις.
716 5694 853 5752 Ibid.
884 5694 1064 5765 θέμις.

1177 5689 1364 5759 ’θΤῇ.
1397 5693 1516 5747 cod.
1551 5689 1722 5746 Vatic.
1764 5695 1848 5763 τῇ.

386 5801 457 5817 --
486 5786 622 5825 σου.
660 5768 784 5824 Dea.
821 5767 872 5822 in
907 5764 1027 5820 00d.
1080 5764 1132 5816 1.

1558 5623 1603 5690 δ”
1636 5624 1812 5690 Πρός.
1862 5624 1917 5677 ln
1951 5633 2098 5678 textu
2166 5621 2275 5678 τῶν
2327 5625 2382 5678 0'
2446 5623 2705 5690 praecedit
2752 5624 2857 5677 ὅτι.

1951 5641 2098 5678 texui
2166 5641 2275 5678 των
2327 5641 2381 5678 υτ
2446 5641 2599 5695 οτηερς

1929 5695 1972 5726 ⁸¹
2005 5695 2135 5749 Καί.
2161 5693 2328 5751 Abest
2352 5711 2383 5749 a
2414 5696 2599 5751 cod.l.

2981 5619 3028 5653 ⁸⁸
3058 5620 3188 5674 Καί.
3231 5618 3353 5674 cod.
3419 5618 3439 5673 Ι
3474 5618 3664 5689 μπρός.

2685 5694 2731 5727 ⁸·
2760 5696 2903 5748 Σωτ.
2939 5691 3018 5748 lb.
3052 5706 3237 5763 praem.
3284 5691 3405 5755 σῆς.
3472 5682 3669 5753 ⁸⁸,Ἓν
