4128 6430
464 319 485 384 1
497 320 603 387 959

835 425 1111 484 INTERP.
1154 419 1406 480 PSALBII
1451 421 1676 477 CXLIII.

540 538 705 599 Vens.
756 543 808 596 l.
844 540 1058 595 Davidi.
1095 536 1153 593 ln
1202 535 1485 594 nonnullis
1523 532 1926 604 exemplaribus
1960 531 2047 586 in-

468 636 762 706 scriptioni
796 635 902 689 hoc
936 631 1185 688 additum
1218 630 1401 684 inveni
1434 646 1449 684 :
1488 648 1507 681 ι
1538 628 1739 683 Contra
1767 625 2038 681 Goliath.»

470 727 656 797 Neque
684 738 865 781 autem
896 725 951 779 in
975 722 1245 778 llebraico
1274 720 1593 790 exemplari,
1617 733 1719 773 nec
1739 716 1881 787 apud
1907 715 2045 771 alios

471 821 819 888 interpretes,
856 822 958 872 ne’c
988 815 1135 886 apud
1172 813 1527 883 Septuaginta
1566 810 1745 865 inveni
1784 809 1839 863 in
1869 807 2045 863 Hexa-

470 915 581 977 plo.
624 911 894 966 Czeterum
940 910 1045 963 hoc
1081 908 1243 963 habet
1280 915 1681 976 argumentum.
1718 904 1738 925 ⁴
1765 901 2045 964 Gentium,

469 1021 591 1075 qua:
630 1006 684 1059 in
719 1003 938 1058 Judzeos
983 1012 1106 1073 post
1144 1002 1378 1057 reditum
1428 1014 1458 1052 e
1504 997 1778 1066 Babylone
1816 1008 2048 1048 consur-

470 1106 750 1162 rexerunt,
796 1096 950 1151 multi
982 1095 1253 1164 propheta:
1286 1090 1618 1146 mentionem
1662 1088 1912 1141 faciunt:
1952 1085 2044 1163 sed

468 1193 748 1262 cepiosius
790 1203 954 1258 quam
985 1186 1078 1241 alii
1122 1185 1343 1238 divinus
1378 1182 1651 1235 Ezechiel.
1693 1179 1831 1234 Dicit
1863 1188 2043 1231 autem

470 1284 584 1336 haec
622 1296 747 1336 cum
792 1278 984 1332 multis
1029 1276 1152 1329 aliis
1188 1292 1202 1328 :
1257 1292 1276 1323 ι
1319 1274 1363 1324 Δ
1393 1271 1588 1325 diebus
1628 1268 1879 1336 plurimis
1910 1279 2047 1334 pra:-

468 1376 778 1446 paraberis,
827 1382 881 1427 et
925 1370 1115 1425 venies
1159 1368 1224 1421 ad
1268 1376 1504 1427 terram,
1562 1379 1683 1432 quae
1730 1376 1917 1415 eversa
1963 1370 2048 1413 est

465 1468 671 1537 gladio,
704 1474 758 1519 el
785 1470 1114 1533 congregata
1142 1468 1225 1515 est
1248 1458 1313 1513 de
1349 1456 1560 1525 populis
1608 1454 1812 1519 multis,
1855 1453 1909 1506 in
1937 1460 2049 1505 ter-

467 1574 586 1613 ram
635 1555 1052 1624 Hierosolymae,
1080 1567 1203 1621 quae
1229 1548 1334 1603 fuit
1360 1550 1575 1602 deserta
1601 1546 1821 1615 jugiter.
1850 1541 1917 1597 Et
1943 1541 2046 1610 ipsi

465 1663 531 1703 ex
563 1646 820 1717 gentibus
863 1642 1073 1713 egressi
1125 1649 1273 1704 sunt,
1327 1649 1381 1692 et
1430 1636 1753 1690 habitabunt
1806 1633 1860 1686 in
1912 1644 2047 1701 pace

466 1755 658 1795 «mines
704 1737 829 1806 ipsi.
866 1735 935 1789 Et
988 1731 1258 1789 ascendes
1309 1730 1468 1799 quasi
1508 1727 1713 1790 imber,
1762 1733 1817 1779 et
1858 1723 2043 1778 venies
2074 1761 2117 1816 Β

466 1830 627 1900 quasi
672 1837 986 1896 tempestas,
1030 1833 1083 1878 et
1132 1821 1289 1892 quasi
1329 1820 1534 1881 nubes,
1588 1827 1649 1871 ut
1687 1816 1901 1885 operias
1935 1824 2045 1869 ter-

466 1915 871 1988 ram,etcades,
890 1923 969 1983 tu,
993 1915 1244 1971 etomnia
1291 1910 1501 1981 1553
1545 1908 1761 1978 agmina
1813 1916 1941 1971 tua,
1991 1913 2046 1959 et

467 2023 655 2081 gentes
697 2010 883 2065 multa:
914 2017 1092 2062 tecum
1119 2012 1168 2058 γ.
1214 2022 1232 2055 t
1270 2001 1473 2055 Deinde
1516 2009 1638 2068 post
1686 1997 1854 2050 multa
1886 1996 2046 2049 docet

464 2101 631 2156 etiam
660 2099 853 2153 mortis
882 2097 1127 2150 modum.
1159 2112 1176 2145 ι
1205 2091 1272 2145 Ει
1298 2091 1613 2145 convocabo
1632 2088 1894 2142 adversus
1916 2100 2043 2139 eum
2077 2082 2083 2089 ’

466 2196 521 2246 in
550 2192 768 2245 cunctis
794 2188 1070 2242 montibus
1090 2184 1227 2238 meis
1252 2184 1501 2237 timorem
1522 2180 1704 2248 gladii,
1731 2179 1808 2232 ait
1832 2177 2042 2230 Adonai

468 2282 755 2336 Dominus.
785 2278 1010 2334 Gladius
1040 2273 1279 2329 hominis
1305 2282 1495 2327 contra
1529 2270 1748 2323 fratrem
1773 2269 1891 2337 ejus
1917 2268 2042 2335 erit,

464 2383 519 2429 et
549 2372 812 2441 iudicabo
856 2370 1037 2438 ipsum
1093 2367 1145 2420 in
1197 2373 1404 2429 morte,
1445 2373 1498 2418 et
1547 2363 1601 2415 in
1652 2360 1948 2429 sanguine,
1991 2367 2046 2411 et

466 2465 641 2519 imbre
672 2462 998 2525 inundante,
1022 2467 1076 2511 et
1122 2454 1393 2525 lapidibus
1440 2452 1740 2524 grandinis.
1768 2449 1948 2521 Ignem
1991 2458 2046 2503 et

466 2555 694 2623 sulphur
729 2553 910 2621 pluam
955 2565 1120 2618 super
1155 2563 1304 2611 eum,
1359 2554 1415 2599 et
1465 2559 1630 2613 super
1670 2554 1861 2595 omnes
1887 2580 1901 2605 ,
1948 2538 2042 2608 qui

465 2651 597 2698 sunt
624 2657 750 2695 cum
783 2657 871 2706 eo,
901 2649 954 2693 et
982 2654 1148 2708 super
1175 2648 1366 2708 gentes
1395 2636 1618 2695 multas,
1646 2646 1769 2702 quae
1811 2645 1936 2684 cum
1977 2643 2043 2681 eo

465 2734 705 2788 suntl‘.
749 2749 767 2782 ι
816 2728 1027 2784 Licebit
1064 2738 1247 2783 autem
1298 2727 1371 2792 ei,
1421 2726 1515 2795 qui
1572 2724 1882 2778 accuratius
1929 2721 2046 2774 ba'c

464 2826 677 2879 discere
703 2827 866 2886 volet,
900 2821 1238 2891 prophetiam
1271 2821 1449 2889 ipsam
1484 2820 1685 2888 legere.
1720 2817 1845 2870 Haec
1878 2825 1932 2869 et
1956 2814 2044 2868 hic

465 2914 718 2968 Psalmus
742 2912 1068 2977 vaticinatur
1102 2927 1115 2964 :
1142 2927 1161 2960 t
1186 2909 1393 2963 lnellna
1417 2909 1559 2961 enim
1580 2907 1768 2969 caelos,
1794 2904 2042 2965 Domine,

462 3015 520 3061 et
544 3003 839 3069 descende,
876 3012 1037 3073 tange
1069 3010 1307 3065 montes,
1351 3008 1407 3053 et
1438 2998 1819 3067 ftunigabunt:
1857 2993 2044 3049 emitte

1489 302 1986 367 THEODORETI
2029 300 2376 363 EPISCOPI
2426 302 2796 363 CYRENSIS

2076 425 2125 476 Α

3596 296 3732 365 1950

2436 419 2706 474 EPMHN.
2749 418 2887 472 ΤΟΥ
2924 418 3082 473 PMI"
3121 420 3445 478 ΨΔΛΜΟΥ.

2216 528 2285 583 α’.
2323 529 2469 595 Tib“
2495 530 2694 587 Δαϐἰδ.
2739 532 2829 585 Ἐν
2844 532 2890 564 ⁸³
2940 532 3106 596 ἐνίοις
3135 533 3246 587 τῶν
3277 533 3632 606 ἀντιγράφων
3662 536 3730 605 τῇ

2144 621 2427 693 ἐπιγραφῇ
2456 623 2855 693 προσκείμενον
2878 616 3038 694 εὗρον
3058 663 3073 689 ,
3106 644 3124 677 ι
3156 626 3301 696 Πρὸς
3329 626 3422 678 τὸν
3451 623 3671 678 Γολιάθ.
3708 637 3728 669 ι

2145 710 2283 765 Οὔτε
2323 713 2381 766 δὲ
2419 714 2572 781 παρὰ
2622 715 2702 785 τῷ
2733 714 2993 786 Ἑϐραίῳ,
3041 715 3167 771 οὔτε
3212 718 3367 789 παρὰ
3408 720 3521 781 τοῖς
3550 717 3742 777 ἄλλοις

2144 805 2535 874 ἐρμηνευταῖς,
2562 806 2689 858 οὕτε
2726 806 2835 878 μὴν
2863 808 3017 878 παρὰ
3047 811 3162 872 τοῖς
3203 809 3613 880 Ἐϐδομήκοντα
3637 802 3727 862 εῦ-

2149 912 2239 965 ρον
2270 898 2328 949 ἐν
2353 897 2433 967 τῷ
2476 898 2741 969 Ἐξαπλῷ.
2779 900 2934 969 Ἔχει
2964 899 3017 951 δὲ
3055 900 3316 954 ὑπόθεσιν
3342 902 3569 972 ταύτην
3605 899 3732 953 Τῶν

2146 987 2571 1042 ἐπαναστάντων
2611 990 2890 1054 Ἰουδαίοις
2927 990 3099 1044 ἐθνῶν
3125 1031 3139 1057 ,
3176 991 3314 1062 μετὰ
3345 993 3444 1063 τὴν
3474 993 3585 1045 ἀπὸ
3617 991 3728 1044 Βα-

2147 1074 2389 1140 ϐυλῶνος
2438 1079 2720 1144 ἐπάνοδον,
2767 1082 2954 1135 πολλοὶ
2999 1082 3108 1135 τῶν
3150 1084 3449 1154 προφητῶν
3483 1081 3729 1155 ἐμνημό-

2146 1186 2344 1223 νευσαν
2365 1186 2379 1198 ’
2406 1171 2749 1243 πλατύτερον
2780 1173 2838 1226 δέ
2866 1173 2975 1226 τῶν
3004 1175 3183 1229 ἄλλων
3211 1176 3240 1227 ὁ
3263 1176 3407 1236 θεῖος
3443 1172 3729 1243 Ἰεζεκιήλ.

2151 1260 2319 1328 Λέγει
2360 1262 2417 1315 δέ
2470 1263 2563 1316 καὶ
2613 1262 2846 1317 ταῦτα⁸⁸
2872 1265 3216 1335 μεθ’ἐτέρων
3261 1265 3510 1320 πολλῶν·
3550 1282 3570 1317 ι
3608 1264 3731 1333 Ἀφ’

2144 1352 2372 1423 ἡμερῶν
2400 1354 2665 1409 πλειόνων
2688 1356 3086 1429 ἐτοιμασθήσῃ,
3102 1359 3194 1410 καὶ
3218 1358 3371 1428 ἥξεις
3400 1358 3481 1420 εἰς
3502 1357 3608 1427 γῆν
3628 1356 3730 1426 τὴν

2148 1442 2627 1513 ἁπεστραμμένην
2678 1444 2785 1506 ἀπὸ
2844 1447 3159 1516 μαχαίρας,
3202 1446 3576 1517 ἠθροισμένην
3622 1445 3734 1497 ἀπὸ

2146 1532 2291 1585 λαῶν
2319 1534 2551 1598 πολλῶν,
2589 1537 2685 1588 ἐπὶ
2713 1540 2821 1606 γῆν
2855 1538 3211 1607 Ἰερουσαλὴμ
3230 1578 3245 1602 ,
3291 1539 3325 1608 ἧ
3352 1537 3572 1605 ἐγένετο
3599 1535 3735 1606 ἐρη-

2150 1639 2251 1692 μος
2283 1624 2350 1676 δι’
2396 1625 2543 1679 ὅλου.
2579 1626 2693 1679 Kal.
2735 1627 2889 1680 αὐτοὶ
2923 1626 2983 1692 ἐξ
3013 1627 3181 1682 ἐθνῶν
3213 1626 3593 1698 ἐξεληλύθασι,
3635 1628 3735 1680 καὶ

2149 1716 2632 1786 κατοικήσουσιν⁸’
2692 1719 2785 1773 ἐπὶ
2842 1722 3067 1791 εἰρήνης
3125 1721 3330 1784 πάντες
3383 1720 3560 1775 αὐτοί.
3615 1721 3734 1775 Kal.

2145 1805 2398 1879 ἀναϐήσῃ
2439 1808 2514 1871 ὡς
2557 1809 2733 1876 ὑετὸς,
2781 1811 2874 1863 καὶ
2906 1811 3059 1880 ἥξεις
3109 1811 3185 1872 ὡς
3209 1811 3487 1878 καταιγὶς,
3522 1810 3616 1863 καὶ
3654 1808 3736 1872 ὡς

2145 1897 2349 1968 νεφέλη
2376 1938 2391 1961 ,
2424 1898 2667 1968 καλύψαι
2695 1900 2795 1972 τὴν
2825 1901 2951 1970 γῆν,
2981 1900 3076 1954 καὶ
3120 1902 3263 1972 πέσῃ
3278 1902 3324 1935 ⁸⁸
3357 1903 3444 1966 σὺ,
3469 1901 3565 1955 καὶ
3593 1901 3736 1954 πάν-

2144 2004 2235 2052 τες
2282 1989 2333 2041 οἱ
2376 1990 2509 2059 περὶ
2556 1991 2617 2043 σὲ
2642 2031 2657 2056 ,
2696 1992 2791 2045 καὶ
2823 1992 2950 2064 ἔθνη
2999 1993 3169 2046 πολλὰ
3202 1994 3344 2062 μετὰ
3384 1993 3500 2046 σοῦ.
3538 2012 3558 2045 ι
3593 1989 3733 2046 Εἶτα

2148 2081 2289 2149 μετὰ
2339 2081 2513 2135 πολλὰ
2555 2083 2798 2138 διδάσκει
2841 2084 3061 2138 καὶτοῦ
3097 2085 3332 2138 θανάτου
3372 2086 3462 2140 τὸν
3503 2086 3730 2156 τρόπον.

2152 2190 2170 2222 ι
2202 2172 2311 2224 Καὶ
2364 2173 2685 2241 συγκαλέσω
2740 2175 2829 2227 ἐπ’
2877 2176 3253 2245 αύτὸνφόϐον
3313 2177 3591 2247 μαχαίρας
3647 2178 3733 2241 εἰς

2146 2263 2325 2317 πάντα
2368 2264 2437 2317 τὰ
2478 2265 2579 2336 ὅρη
2614 2283 2739 2336 μου,
2766 2268 2915 2335 λέγει
2954 2267 3181 2321 Ἀδωναῒ
3208 2268 3432 2340 Κύριος.
3463 2270 3735 2339 Μάχαιρα

2146 2354 2439 2425 ἀνθρώπου
2476 2358 2568 2409 ἐπὶ
2600 2357 2691 2410 τὸν
2735 2358 2965 2428 ἀδελφὸν
2994 2357 3161 2411 αὐτοῦ
3209 2358 3385 2426 ἐσται,
3435 2361 3528 2412 καὶ
3554 2359 3734 2429 κρινῶ

2146 2448 2312 2501 αὑτὸν
2360 2449 2417 2500 ἐν
2466 2447 2682 2517 θανάτῳ
2703 2491 2716 2513 ,
2765 2450 2858 2502 καὶ
2890 2452 2946 2501 ἐν
2978 2450 3173 2520 αἵματι
3199 2464 3227 2512 ,“
3259 2451 3354 2504 καὶ
3384 2450 3525 2521 ὐετῷ
3559 2467 3735 2504 κατα-

2148 2539 2424 2605 κλύζοντι,
2482 2541 2579 2592 καὶ
2622 2539 2792 2602 λίθοις
2833 2541 3095 2611 χαλάζης.
3146 2540 3258 2593 Kal.
3301 2540 3413 2612 πῦρ
3447 2542 3544 2595 καὶ
3585 2539 3734 2594 θεῖον

2150 2627 2324 2699 βρέξω
2349 2628 2443 2681 ἐπὶ
2467 2628 2690 2694 αὐτοὺς,
2723 2628 2819 2679 καὶ
2858 2628 2951 2681 ἐπὶ
2985 2628 3193 2692 πάντας
3224 2630 3352 2693 τοὺς
3390 2630 3508 2700 μετ’
3540 2629 3732 2696 αὐτοῦ,

2151 2720 2241 2773 καὶ
2283 2719 2378 2771 ἐπὶ
2406 2717 2537 2787 ἔθνη
2576 2717 2749 2771 πολλὰ
2777 2717 2846 2771 τὰ
2881 2718 2999 2788 μετ’
3029 2718 3220 2773 αὐτοῦ,
3257 2736 3276 2769 ι
3316 2718 3537 2783 Ἔξεστι
3564 2720 3622 2773 δὲ
3652 2721 3739 2791 τῷ

2150 2810 2461 2882 βουλομένῳ
2490 2808 2666 2863 ταῦτα
2703 2808 2897 2878 μαθεῖν
2923 2808 3316 2880 ἀκριϐέστερον
3343 2812 3738 2880 ἐντυγχάνοντι

2146 2904 2211 2972 τῇ
2251 2901 2583 2972 προφητείᾳ.
2603 2900 2791 2953 Ταῦτα
2821 2901 2919 2953 καὶ
2948 2896 3103 2963 οὗτος
3132 2903 3161 2953 ὁ
3193 2900 3408 2971 satae;
3437 2901 3740 2972 προθεσπί-

2147 2995 2259 3059 ζει·
2297 3011 2316 3044 ι
2341 2993 2539 3047 Κλῑνον
2556 2994 2663 3064 γὰρ
2695 2993 3040 3064 οὺρανοὺς⁸⁹,
3072 2992 3274 3064 Κύριε,
3300 2995 3394 3047 καὶ
3423 2993 3699 3065 κατάϐηθι
3720 3012 3736 3026 °

468 3098 687 3167 fulgura
723 3106 834 3157 tua,
873 3103 923 3149 ct
955 3092 1259 3162 dissipabis
1288 3106 1406 3157 eos,
1440 3091 1627 3143 emitte
1650 3090 1876 3157 sagittas
1901 3097 2044 3147 tuas.

2150 3087 2285 3157 ἅψαι
2342 3086 2453 3140 τῶν
2503 3085 2697 3155 ὀρέων,
2746 3086 2840 3139 καὶ
2892 3085 3392 3155 καπνισθήσονταιο
3455 3087 3741 3158 ἄστραψον

463 3200 519 3246 et
543 3188 902 3243 conturbabis
930 3202 1044 3240 eos.
1061 3204 1081 3237 ι
1106 3184 1330 3238 Planius
1359 3192 1538 3237 autem
1564 3183 1680 3236 haec
1704 3179 2043 3250 singularum

464 3283 702 3353 partium
754 3279 1139 3347 interpretatio
1169 3276 1406 3332 docebit.
1455 3295 1472 3327 ι
1507 3275 1832 3330 Benedictus
1860 3272 2048 3325 Domi-

466 3388 575 3427 nus
606 3372 749 3425 Deus
777 3386 957 3431 meus.
990 3368 1084 3437 qui
1130 3368 1358 3421 instruit
1399 3382 1595 3420 manus
1623 3380 1771 3419 meas
1808 3364 1875 3417 ad
1909 3377 2048 3431 pra:-

466 3465 627 3529 lium,
656 3462 859 3529 digitos
891 3474 1043 3512 meos
1073 3458 1142 3511 ad
1183 3458 1408 3510 bellum.
1443 3475 1461 3506 ι
1505 3454 1641 3508 Nam
1691 3469 1866 3523 nuper
1893 3468 1925 3507 e
1953 3451 2050 3505 Ba-

467 3554 666 3624 bylone
707 3550 934 3614 reversi,
973 3558 1027 3602 et
1056 3546 1231 3602 muris
1278 3562 1343 3600 ac
1371 3546 1542 3600 armis
1586 3544 1806 3614 privati,
1838 3559 1934 3614 per
1967 3542 2050 3597 di-

467 3647 655 3698 vinum
694 3642 962 3697 auxilium
1000 3639 1388 3694 invadentibus
1437 3638 1692 3692 hostibus
1737 3638 2050 3707 superiores

466 3738 713 3792 fuerunt.
747 3735 891 3788 Sane
916 3734 1082 3788 etiam
1109 3732 1269 3787 nobis
1295 3730 1635 3785 conveniunt
1665 3744 1727 3783 ea
1761 3744 1885 3799 qua:
1906 3729 2046 3784 dicta

467 3838 617 3885 sunt.
681 3824 818 3880 Nam
864 3840 895 3879 a
941 3822 1149 3879 diaboli
1206 3821 1495 3892 tyrannide
1544 3820 1795 3885 liberati,
1845 3834 1875 3872 a
1937 3818 2049 3873 Deo

468 3935 714 3991 pugnare
756 3917 902 3973 docti
938 3931 1135 3973 sumus
1168 3933 1181 3970 :
1219 3914 1476 3969 manibus
1519 3914 1739 3981 quidem
1775 3912 2047 3980 justitiam

469 4019 762 4081 operantes
787 4050 801 4074 ,
849 4019 905 4064 et
952 4024 1048 4079 per
1083 4007 1285 4079 digitos
1318 4007 1499 4061 crucis
1527 4004 1744 4073 signum
1774 4003 2049 4059 frontibus

468 4103 838 4172 imponentes.

547 4363 708 4420 Vens.
742 4364 797 4419 2.
826 4382 844 4415 ι
870 4362 1251 4419 Misericordia
1282 4379 1428 4429 mea,
1461 4373 1516 4418 et
1548 4362 1815 4434 refugium
1840 4381 2045 4432 meum,

2147 3177 2440 3250 ἀστραπήν
2473 3193 2604 3241 σου,
2633 3176 2726 3229 καὶ
2757 3179 3040 3247 σκορπιείς
3075 3177 3272 3240 αὐτούς
3294 3193 3310 3207 ·
3342 3176 3743 3241 ἐξαπόστειλον

2147 3272 2215 3325 τά
2255 3270 2384 3341 βέλη
2421 3287 2551 3332 σου,
2582 3268 2678 3322 καὶ
2710 3267 3061 3339 συνταράξεις
3083 3267 3303 3329 αὐτούς.
3339 3288 3356 3320 ι
3393 3269 3743 3341 Σαφέστερον

2151 3362 2205 3417 δὲ
2234 3361 2407 3415 ταῦτα
2437 3363 2471 3432 ἡ
2508 3362 2651 3415 κατὰ
2681 3360 2848 3431 μέρος
2875 3360 3142 3430 ἑρμηνεία
3176 3360 3399 3424 διδάξει.
3439 3379 3457 3411 ι
3495 3360 3744 3431 Εὐλογη-

2152 3452 2241 3510 τὸς
2272 3452 2479 3522 Κύριος
2505 3455 2533 3506 ὁ
2558 3452 2691 3516 Θεός
2722 3470 2824 3522 μου
2846 3453 2913 3517 σθ,
2939 3452 2967 3503 ὁ
2998 3452 3269 3506 διδάσκων
3295 3453 3394 3517 τὰς
3421 3456 3609 3523 χεῖράς
3632 3472 3742 3526 μου

2153 3546 2233 3607 είς
2278 3544 2608 3615 παράταξιν,
2652 3545 2780 3607 τοὺς
2814 3543 3110 3607 δακτύλους
3154 3563 3257 3615 μου
3303 3547 3382 3609 είς
3423 3546 3682 3618 πόλεμον.
3717 3567 3737 3600 ι

2152 3636 2219 3687 ’Λ
2230 3652 2315 3704 ρτι
2338 3636 2448 3706 γὰρ
2475 3635 2585 3688 ἀπὸ
2614 3634 2934 3699 Βαϐυλῶνος
2957 3635 3346 3700 ἐπανελθόντες
3365 3677 3381 3703 ,
3422 3638 3516 3690 καλ⁸
3555 3639 3745 3695 ὅπλων

2150 3727 2246 3781 καὶ
2294 3727 2599 3798 περιϐόλων
2636 3727 3027 3798 ἐστερημένοι,
3073 3727 3161 3781 διὰ
3212 3728 3314 3799 τῆς
3361 3729 3511 3792 θείας
3562 3734 3746 3803 ῥοπῆς

2149 3820 2258 3873 τῶν
2297 3820 2708 3874 ἐπανελθόντων
2735 3820 3119 3890 περιεγένοντο
3157 3820 3464 3889 δυσμενῶν.
3505 3823 3746 3893 Ἀρμότ-

2148 3930 2233 3966 τει
2254 3913 2293 3943 ⁶¹
2343 3913 2402 3966 δὲ
2428 3913 2524 3966 καὶ
2548 3914 2681 3983 ἡμῖν
2709 3912 2777 3965 τὰ
2814 3912 3100 3984 εἰρημένα.
3147 3915 3261 3985 Τῆς
3286 3914 3397 3985 γάρ
3424 3916 3519 3969 τοῦ
3550 3916 3745 3972 διαϐὀο

2149 4007 2242 4059 λου
2282 4005 2598 4074 τυραννίδος
2645 4006 3091 4074 ἀπαλλαγέντες,
3132 4006 3239 4060 ὑπὸ
3266 4008 3362 4061 τοῦ
3409 4006 3545 4061 θεοῦ
3577 4009 3745 4063 πολε-

2153 4097 2274 4164 μεῖν
2305 4092 2698 4163 ἐδιδάχθημεν·
2727 4093 2826 4158 τὰς
2870 4097 3060 4166 χεῖρας
3096 4095 3216 4166 μὲν,
3261 4097 3625 4168 ἐργαζόμενοι
3660 4100 3745 4153 δι-

2155 4181 2484 4251 καιοσύνην·
2536 4182 2627 4235 διὰ
2681 4183 2739 4236 δέ
2786 4183 2895 4237 τῶν
2937 4185 3241 4252 δακτύλων,
3300 4190 3412 4250 τοῖς
3460 4189 3742 4258 μετώποις

2152 4272 2494 4337 ἐπιτιθέντες
2522 4273 2615 4326 τοῦ
2651 4273 2889 4344 σταυροῦ
2923 4276 3024 4345 τὴν
3058 4278 3352 4347 σφραγῖδα.

2224 4363 2290 4433 β’.
2326 4381 2344 4415 ι
2387 4363 2579 4428 Ἐλεὸς
2624 4382 2748 4435 μου,
2793 4366 2887 4419 καὶ
2926 4371 3216 4440 καταφυγή
3265 4389 3387 4440 μου,
3428 4374 3745 4444 ὑπερασπι-

472 4468 763 4527 susceptor
792 4472 970 4522 meus,
999 4464 1052 4511 et
1080 4456 1346 4510 liberator
1367 4471 1544 4519 meus,
1562 4466 1840 4526 protector
1869 4473 2046 4523 meus,

2155 4455 2287 4525 στής
2346 4472 2448 4525 μου
2474 4458 2517 4489 ⁶²
2552 4457 2908 4530 ἁντιλήπτωρ
2953 4476 3057 4529 μου
3083 4434 3441 4535 ήκαὶτρύστης
3481 4434 3606 4535 μου,
3643 4470 3743 4522 καὶ

477 4549 535 4603 in
585 4548 705 4617 ipso
752 4547 992 4615 speravi.
1053 4564 1072 4597 ι
1117 4544 1199 4599 ΑΙ)
1238 4544 1458 4600 entibus
1507 4544 1901 4612 appellationes
1949 4545 2047 4600 de—

474 4641 730 4709 sumpsit.
770 4636 985 4709 1554
1020 4635 1099 4691 Tu
1133 4638 1302 4701 enim,
1329 4654 1346 4688 ι
1380 4636 1757 4691 misericordia
1788 4651 1906 4691 mea
1927 4657 1946 4692 ›
1968 4654 2051 4707 es,

473 4746 504 4785 a
540 4740 590 4785 te
617 4729 763 4784 enim
799 4727 1196 4782 misericordiae
1224 4727 1410 4782 fontes
1435 4727 1643 4796 accepi.
1689 4724 1771 4780 Tu
1804 4741 1864 4781 es
1890 4745 1927 4782 .c
1963 4742 2050 4780 re-

471 4821 681 4891 fugium
733 4834 952 4886 meum;
990 4837 1008 4870 ›
1048 4835 1174 4873 nam
1220 4819 1287 4873 ad
1336 4828 1388 4872 te
1432 4816 1757 4887 confugiens
1802 4826 2052 4873 servatus

469 4929 619 4969 sum.
658 4910 735 4965 Tu
764 4926 823 4966 es
856 4929 874 4962 ι
906 4922 1194 4981 susceptor
1239 4925 1424 4977 meus;
1459 4931 1479 4963 ι
1516 4921 1669 4965 tuum
1703 4911 1848 4966 enim
1895 4912 2053 4965 auxi-

475 5006 606 5058 lium
633 5012 984 5070 consecutus,
1013 5003 1203 5058 hostes
1234 5004 1512 5070 superavi.
1546 5002 1624 5057 Tu
1657 5018 1714 5057 es
1742 5023 1761 5055 ι
1796 5002 2058 5057 liberator

477 5090 700 5166 "meus,
752 5104 801 5148 et
855 5102 1135 5164 protector
1188 5108 1364 5148 meus.
1403 5111 1421 5144 ›
1459 5092 1540 5147 Tu
1586 5095 1732 5149 enim
1779 5110 1867 5150 me
1914 5095 2055 5150 bello

430 5248 439 5260 ο
543 5219 574 5260 1
613 5211 815 5265 Ezcclt.
869 5225 1100 5269 xxxviii,
1145 5206 1199 5271 8,
1243 5206 1295 5261 9.
1370 5208 1427 5253 1·
1466 5206 1599 5260 ibid.
1640 5206 1835 5260 9.0»‘22.

2152 4547 2239 4599 ἐπ’
2266 4546 2433 4601 αὐτοῦ
2457 4548 2501 4578 ⁸³
2549 4548 2776 4615 ἤλπισα.
2817 4569 2836 4601 ι
2908 4550 3042 4604 Ἀπὸ
3086 4551 3195 4607 τῶν
3245 4558 3592 4625 πραγμάτων
3636 4562 3742 4625 τὰς

2153 4638 2527 4709 προσηγορίας
2555 4639 2869 4709 ἐποιήσατο.
2902 4642 2974 4693 Σὺ
2992 4643 3117 4713 γὰρ,
3143 4645 3327 4713 φησιν,
3360 4666 3380 4699 ι
3405 4649 3552 4713 ἔλεός
3573 4669 3734 4721 μουοι

2154 4730 2305 4800 παρὰ
2336 4730 2431 4784 σοῦ
2477 4731 2586 4801 γὰρ
2632 4731 2901 4803 ἐδεξάμην
2936 4734 3036 4797 τάς
3062 4735 3156 4789 τοῦ
3193 4737 3377 4803 ἐλέους
3425 4746 3627 4812 πηγάς.
3663 4747 3742 4801 Σὸ

2162 4839 2180 4871 ι
2215 4821 2512 4890 καταφυγή
2552 4839 2654 4889 μου
2677 4840 2689 4853 ·
2706 4841 2724 4873 ι
2749 4824 2887 4894 πρὸς
2912 4825 2972 4877 σὲ
2987 4825 3094 4897 γὰρ
3126 4830 3461 4898 καταφυγὼν
3474 4834 3518 4866 ⁸⁸
3545 4835 3742 4889 διεσώ-

2155 4911 2275 4981 θην.
2306 4911 2378 4964 Σὺ
2423 4931 2442 4962 ι
2476 4911 2830 4983 ἁντιλήπτωρ
2863 4931 2965 4983 μου
2989 4929 3003 4943 ·
3043 4934 3062 4967 ι
3098 4916 3197 4985 τῆς
3228 4919 3339 4989 γὰρ
3366 4923 3464 4991 σῆς
3492 4924 3744 4980 ἀπολαύ-

2157 5022 2256 5097 σας
2292 5010 2485 5079 ῥοπῆς,
2530 5010 2797 5080 κρείττων
2842 5011 3114 5082 ἐγενόμην
3160 5012 3267 5066 τῶν
3317 5014 3613 5081 πολεμίων.
3664 5020 3743 5073 Σὺ

2164 5119 2183 5151 ι
2219 5099 2421 5171 ρύστης
2460 5117 2562 5171 μου
2601 5102 2697 5155 καὶ
2745 5102 3167 5175 ὑπερασπιστὴς
3219 5120 3342 5174 μου.
3377 5124 3397 5157 ι
3428 5105 3500 5158 Σὺ
3529 5107 3639 5178 γάρ
3669 5125 3743 5178 με

1594 5320 1832 5376 νΑῙῖΙᾹΞ
1866 5321 2249 5377 LECTIONES
2278 5322 2364 5377 ET
2388 5319 2621 5376 NOTAE.

539 5445 586 5479 “
620 5442 728 5509 Τῷ.
764 5443 842 5497 Ib.
877 5458 1066 5511 prtem.
1085 5440 1338 5511 ιἰξαλμύς.
1365 5441 1421 5474 ⁸⁵⁵
1464 5441 1567 5493 Ἐν
1591 5469 1661 5479 -
1683 5437 2049 5511 éﬁrru.1@._ldl

2169 5438 2429 5511 Scholion
2461 5447 2641 5511 exstat
2691 5438 2745 5491 in
2789 5436 2919 5511 edit.
2959 5434 3116 5511 lion].
3151 5445 3207 5511 et
3257 5437 3399 5511 apud
3459 5436 3648 5492 Montf.
3682 5441 3746 5497 in

478 5514 706 5585 Hexapl.
736 5515 803 5567 ad
846 5514 900 5566 li.
938 5514 975 5567 Ι.

478 5586 522 5616 ⁵⁸
566 5586 619 5637 '0
634 5579 800 5648 ’Θεός
817 5598 954 5649 μου.
981 5581 1142 5635 ilebr.
1198 5579 1355 5632 Petra
1383 5596 1517 5634 mea.

1036 5513 1082 5543 "
1116 5507 1328 5564 Ταῦτα.
1363 5510 1486 5564 cod.
1521 5511 1546 5563 1
1579 5508 1833 5561 ἐνταῦθα.
1870 5511 1914 5544 ⁸⁷
1961 5508 2037 5562 Il).
2072 5507 2444 5562 κατοικοῦσιν.
2520 5508 2566 5539 ⁸⁸
2595 5508 2672 5562 Ib.
2710 5509 2874 5574 πεσῇ.

1600 5579 1642 5608 ⁵³
1685 5577 1986 5646 Ἀρμόττει
2027 5595 2049 5630 c

2149 5578 2313 5647 εγῖδα.
2366 5577 2578 5631 Similia
2634 5593 2699 5647 ex
2753 5576 2904 5647 Orig.
2966 5576 3375 5647 ἤπειροι-(1.1.
3408 5592 3459 5632 c.
3500 5576 3551 5647 ρ.
3638 5580 3722 5641 Π,

2958 5506 3003 5578 ιξθ
3031 5508 3170 5574 οὺρ.
3191 5505 3246 5559 In
3269 5505 3391 5578 cod.
3427 5522 3580 5578 sequ.
3617 5528 3739 5565 σου.

476 5655 522 5686 ⁸³
560 5642 893 5719 ’Υπδραὸαλ
919 5669 1058 5720 μου.
1089 5652 1145 5704 In
1180 5650 1302 5720 cod.
1360 5655 1384 5703 1
1454 5648 1676 5718 ponitur
1726 5642 1846 5717 post
1873 5647 2045 5719 ρύστη

2149 5642 2240 5715 δυ,
2271 5658 2331 5702 ut
2367 5649 2419 5701 in
2451 5657 2598 5702 textu
2632 5646 2739 5701 τῶν
2778 5642 2875 5702 Ο⁰ξ
2926 5647 2971 5677 ⁸³
3010 5649 3141 5702 Hec.
3174 5642 3331 5702 lectio
3357 5647 3409 5699 ὴ.
3435 5652 3472 5706 1.
3500 5642 3588 5703 εει
3630 5659 3730 5705 αὑ..

459 5728 567 5804 τῷ.
613 5721 700 5795 ,⁸⁸
734 5722 854 5776 cod.
902 5719 928 5775 ί
976 5719 1357 5789 καταφεύγων.
