4128 6430
405 398 543 469 1965

1706 404 1789 467 IN
1829 406 2039 467 PSAL.
2081 405 2327 472 CXLIV.

3542 420 3677 486 1966

402 513 688 586 ἀφθονίαν,
718 513 777 570 ἐν
806 518 987 589 τρυφῇ
1028 517 1125 572 καὶ
1153 517 1354 588 γέλωτι
1381 520 1710 589 διατελοῦσι,
1745 521 1857 577 τῶν
1885 538 1988 577 πο-

2096 521 2207 578 risu
2233 523 2459 595 degunt,
2490 537 2670 597 neque
2706 528 2849 587 ullas
2891 528 3253 592 adversitates
3279 533 3666 606 experiuntur.

400 607 585 679 νηρὼν
601 608 649 640 ⁸⁸
677 607 740 660 οὔ
769 607 1050 678 δεχόμενοι
1080 611 1299 681 πεῖραν.
1351 611 1538 665 Ταῦτα
1570 611 1665 666 καὶ
1695 614 1755 666 ὲν
1785 613 1865 683 τῷ
1895 612 1991 666 ἐδ-

399 700 724 772 δομηκοστῷ
758 702 852 754 καὶ
888 702 1129 774 δευτέρῳ
1156 702 1263 774 ἔφη
1288 704 1512 776 ψαλμῷ,
1541 707 1623 759 ὅτι
1656 725 1674 758 ι
1704 707 1819 761 Οὐκ
1844 706 1991 761 ἔστιν

401 790 694 853 ἀνανευσις
720 792 779 844 ὲν
799 791 878 860 τῷ
901 792 1119 864 θανάτῳ
1151 794 1354 860 αὐτῶν,
1387 797 1482 850 καὶ
1512 797 1801 869 στερέωμα
1833 800 1891 853 ἐν
1919 800 1988 870 τῇ

405 882 633 955 μάστιγι
672 883 876 938 αὐτῶν.
924 886 1012 937 Ἐν
1040 885 1232 951 κόποις
1260 887 1563 958 ἀνθρώπων
1602 889 1704 942 οὐκ
1733 891 1861 955 εἰσὶ,
1894 889 1991 943 καὶ

404 976 545 1049 μετά
583 975 893 1046 ἀνθρώπων
919 979 980 1032 ού
1024 983 1555 1055 μαστιγωοήσονται.
1589 1006 1608 1040 ι
1643 987 1991 1060 Εὗρίσκομεν

386 1068 573 1121 δὲκαὶ
603 1069 756 1139 παρὰ
804 1072 918 1134 τοῖς
957 1071 1140 1136 ἄλλοις
1183 1080 1496 1147 προφήταις
1534 1079 1750 1150 συνῳδὰ
1780 1079 1995 1146 τούτοις

401 1157 602 1212 πολλά³
639 1160 776 1214 ἀλλὰ
802 1163 1002 1226 πάντες
1032 1165 1357 1237 ἐπιφέρουσι
1394 1167 1501 1222 τῶν
1531 1171 1991 1243 ἀμφισϐητουμέ-

401 1265 510 1300 νων
551 1249 652 1319 τὴν
690 1249 864 1304 λύσιν.
902 1253 944 1304 Τ
947 1251 1076 1307 οῠτο
1121 1254 1177 1307 δὲ
1218 1258 1316 1309 καὶ
1359 1258 1597 1314 ἐνταῦθα
1629 1262 1931 1332 πεποίηκεν
1961 1263 1989 1317 6

402 1338 545 1403 θεῖος
578 1341 761 1396 Δαϐίδ.
806 1341 1086 1415 Ἐπήγαγε
1116 1347 1225 1418 γάρ
1245 1363 1258 1376 ·

477 1428 559 1486 ιε’.
596 1451 615 1484 ι
661 1433 1038 1503 Ἐμακὰρισαν
1067 1436 1158 1490 τὸν
1195 1438 1325 1492 λαὸν
1349 1439 1393 1471 ⁸⁷
1437 1432 1482 1509 ᾧ
1514 1441 1687 1495 ταῦτά
1723 1444 1860 1507 ἐστι,
1896 1459 1992 1511 μα·

402 1523 596 1593 κάριος
622 1527 650 1578 6
681 1524 830 1589 λαὸς,
868 1520 931 1580 οὗ
960 1527 1157 1598 Κύριος
1185 1532 1213 1584 6
1234 1530 1365 1594 Θεὸς
1391 1533 1577 1588 αὑτοῦ.
1611 1552 1630 1585 ι
1666 1535 1729 1587 Oi
1758 1535 1866 1603 γὰρ
1893 1534 1992 1605 τῆς

399 1618 665 1689 ἀληθείας
706 1621 945 1691 ἀμύητοι
989 1624 1090 1676 οὐκ
1136 1625 1456 1680 ἐπίστανται
1499 1627 1609 1681 τῶν
1643 1627 1991 1699 πραγμάτων

401 1708 703 1780 διακρίνειν
736 1715 835 1783 τὴν
865 1714 1050 1783 φύσιν,
1080 1714 1216 1771 ἀλλὰ
1254 1722 1458 1790 τρυφῇ,
1501 1721 1598 1774 καὶ
1629 1720 1863 1792 πλούτῳ.
1901 1723 1994 1776 καὶ

400 1799 692 1872 δυναστείᾳ
721 1800 820 1872 τὴν
852 1803 1150 1876 εὐκληρίαν
1179 1807 1476 1877 ὁρίζονται.
1510 1809 1604 1863 καὶ
1629 1810 1755 1874 τοὺς
1784 1811 2001 1865 τούτων-

403 1891 782 1956 ἀτιολαύοντας
808 1893 1087 1965 ζηλωτοὺς
1129 1898 1485 1963 ἀποκαλοῦσι,
1524 1902 1619 1954 καὶ
1658 1902 1984 1974 μακαρίους.

403 1982 466 2033 υἱ
490 1981 545 2035 δὲ
573 1983 776 2053 μύσται
800 1988 901 2055 τῆς
934 1987 1137 2057 ἀρετῆς
1180 1989 1280 2059 τῆς
1320 1989 1472 2052 θείας
1516 1993 1708 2060 σοφίας
1749 1996 1991 2064 μετειλη-

402 2076 586 2143 φότες,
616 2076 708 2129 τὸν
755 2078 863 2131 ὑπὸ
913 2078 1007 2132 σοῦ
1061 2082 1518 2153 προμηθούμενον
1575 2084 1705 2139 λαδν
1749 2087 1990 2158 μακαρί-

401 2165 578 2231 ζουσι,
605 2168 701 2220 καὶ
728 2167 826 2222 τοῦ
862 2168 980 2239 βίου
1006 2172 1211 2236 παντὸς
1237 2173 1337 2243 τὴν
1365 2174 1467 2245 σὴν
1492 2177 1804 2247 προτιμῶσι
1836 2179 1991 2248 κηδε-

406 2261 619 2331 μονίαν.
644 2262 785 2326 Τοὺς
807 2263 1083 2329 τοιούτους
1108 2267 1259 2337 ἡμᾶς
1293 2271 1680 2340 μακαρισμοὺς
1707 2273 1802 2325 καὶ
1826 2274 1854 2327 6
1881 2272 1991 2326 Κύ-

404 2368 521 2423 ριος
552 2352 904 2417 ἐξεπαίδευσε
923 2371 939 2386 ο
985 2373 1005 2407 ι
1045 2357 1570 2429 Μακάριοι,·λέγων,
1601 2362 1649 2415 oi
1680 2363 1886 2434 πτωχοὶ
1914 2362 1992 2434 τῷ

403 2444 702 2514 πνεύματι,
737 2446 999 2518 μακάριοι
1043 2447 1094 2500 oi
1124 2449 1418 2514 πεινῶντες
1464 2451 1559 2505 καὶ⁸
1602 2444 1866 2523 διψῶντες
1892 2455 2001 2526 τὴν

399 2537 770 2609 δικαιοσύνην,
790 2539 885 2593 καὶ
925 2540 1197 2612 μακάριοι·
1222 2542 1274 2595 οἱ
1303 2540 1766 2613 πενθοῦντες,καὶ
1814 2549 1993 2619 μακᾶ-

405 2646 511 2701 ριοι
557 2630 608 2683 οί
657 2620 1013 2701 δεδιωγμένοι
1056 2632 1246 2688 ἕνεκεν
1290 2634 1674 2708 δικαιοσύνης*
1733 2638 1842 2692 τῶν
1880 2641 1991 2711 γὰρ

400 2721 659 2776 τοιούτων
689 2723 839 2777 ἐστὶν
869 2724 902 2795 ἡ
932 2723 1180 2794 βασιλεία
1220 2726 1331 2780 τῶν
1360 2727 1629 2800 οὐρανῶν.
1660 2749 1678 2782 ι
1712 2732 1777 2785 υἱ
1811 2731 1869 2786 δὲ
1893 2733 1991 2787 τοῦ

403 2812 520 2884 βίου
546 2814 648 2883 τὴν
672 2814 868 2886 ἡδονὴν
906 2816 1355 2889 προαιρούμενοι,
1394 2820 1533 2893 πρὸς
1562 2822 1744 2892 ὀλίγον
1784 2816 1992 2895 ταύτης

401 2905 840 2969 ἀπολαύσαντες,
871 2906 970 2977 τὴν
1009 2909 1231 2979 μακρὰν
1273 2910 1466 2984 ὀδύνην
1498 2914 1563 2966 ἐκ
1596 2914 1695 2985 τῆς
1729 2914 1991 2987 βραχείας

399 2999 767 3070 τρυγήσουσιν
789 2999 1001 3069 ἡδονῆς.

708 3114 978 3171 EPMHN.
1019 3116 1157 3172 ΤΟΥ
1184 3119 1337 3175 ΡΜΔ¹
1364 3122 1683 3180 ΨΑΛΜΟΥ.

2019 1868 2066 1924 Β

2091 613 2219 672 Bac
2276 625 2334 672 et
2394 619 2451 674 in
2506 624 2913 694 septuagesimo
2983 628 3231 684 secundo
3285 629 3363 685 ait
3422 631 3671 701 psalmo:

2098 728 2119 764 ι
2154 709 2294 779 Quia
2326 728 2434 770 non
2465 723 2553 771 est
2583 728 2862 788 respectus
2906 719 2963 776 in
2995 726 3176 778 mone
3206 737 3398 780 eorum
3423 764 3439 791 ,
3481 739 3536 783 et
3576 729 3673 784 lir-

2092 816 2428 862 mamentum
2459 808 2513 864 in
2555 809 2709 882 plaga
2742 820 2957 869 eorum.
2995 813 3053 869 In
3082 814 3366 873 laboribus
3387 817 3675 876 hominum

2091 910 2201 951 non
2234 907 2385 963 sunt,
2416 908 2629 956 etcum
2664 903 2985 961 hominibus
3001 921 3110 961 non
3140 905 3674 979 ﬂagellabunturb.»

2094 983 2363 1043 Caeterum
2417 992 2560 1060 apud
2607 992 2744 1049 alios
2783 995 3079 1065 prophetas
3117 998 3289 1053 multa
3336 999 3422 1057 his
3473 1016 3678 1059 conso-

2093 1082 2282 1137 nantia
2331 1083 2679 1140 invenimus:
2721 1087 2815 1142 sed
2864 1102 3059 1144 omnes
3095 1089 3391 1148 dubiorum
3440 1096 3683 1152 solutio-

2092 1172 2532 1241 nem_inl'erunt.
2576 1174 2694 1231 Hoc
2726 1192 2859 1233 sane
2889 1178 2981 1235 hic
3023 1182 3189 1236 etiam
3226 1178 3451 1241 divinus
3506 1186 3680 1245 David

2092 1261 2243 1318 fecit.
2274 1263 2444 1321 lnl'ert
2465 1267 2645 1324 enim:

2166 1438 2335 1496 Vens.
2370 1440 2461 1498 lii.
2500 1460 2520 1495 ι
2563 1442 2787 1500 Beatum
2814 1445 3070 1504 dixerunt
3102 1449 3364 1521 populum
3387 1493 3401 1516 ,
3435 1453 3522 1509 cui
3563 1454 3682 1511 haec

2095 1540 2260 1597 sunt,
2302 1533 2497 1590 beatus
2545 1535 2815 1606 populus,
2868 1538 3028 1608 cujus
3074 1540 3343 1597 Dominus
3379 1541 3523 1599 Deus
3558 1545 3681 1614 ejus

2094 1632 2198 1680 est.
2239 1643 2258 1676 ι
2294 1624 2432 1680 Nam
2465 1628 2713 1683 veritatis
2746 1639 2997 1699 expertes
3022 1633 3272 1690 nesciunt
3302 1650 3487 1691 rerum
3519 1647 3680 1693 natu-

2097 1730 2213 1770 ram
2257 1714 2594 1784 discernere,
2623 1720 2720 1774 sed
2760 1720 2998 1786 deliciis,
3029 1732 3083 1777 et
3107 1724 3327 1793 opibus,
3352 1735 3409 1780 et
3438 1728 3683 1796 potentia

2099 1803 2418 1862 felicitatem
2455 1808 2778 1876 metiuntur,
2808 1822 2860 1865 et
2892 1811 3115 1883 1558
3139 1814 3234 1884 qui
3269 1814 3357 1870 his
3382 1817 3682 1886 perfruun-

2096 1907 2205 1962 tur,
2242 1896 2433 1954 felices
2484 1907 2541 1955 et
2586 1900 2778 1958 beatos
2826 1914 3172 1975 nuncupant.
3209 1905 3442 1965 Virtutis
3494 1917 3683 1964 autem

2094 1988 2352 2055 studiosi,
2386 2005 2513 2046 cum
2553 1992 2799 2049 divinam
2829 1997 3161 2066 sapientiam
3192 1999 3538 2068 acceperint,
3581 2016 3684 2072 po-

2095 2080 2284 2148 pulum
2316 2097 2347 2137 a
2380 2093 2431 2139 te
2457 2084 2827 2156 gubernatum
2851 2086 3077 2143 beatum
3110 2104 3235 2147 esse
3263 2090 3476 2159 dicunt,
3503 2101 3559 2148 et
3584 2093 3683 2147 toti

2094 2169 2219 2225 vitae
2249 2180 2399 2225 tuam
2432 2188 2623 2228 curam
2655 2174 2976 2243 praeferunt.
3013 2176 3341 2248 ﬂujusmodi
3389 2180 3686 2236 beatitudi-

2097 2276 2196 2317 nes
2225 2262 2392 2319 etiam
2439 2264 2713 2321 Dominus
2751 2282 2854 2322 nos
2902 2268 3112 2324 docuit.
3162 2289 3182 2322 ι
3239 2269 3433 2337 Beati,
3477 2272 3683 2343 inquit,

2095 2370 2365 2425 pauperes
2425 2357 2667 2428 spiritu;
2722 2356 2876 2414 Beati
2931 2359 3026 2430 qui
3055 2362 3317 2417 esuriunt
3376 2370 3434 2420 et
3483 2363 3685 2420 sitiunt

2088 2447 2385 2519 justitiam,
2425 2460 2501 2516 et,
2526 2448 2681 2505 Beati
2710 2451 2805 2522 qui
2844 2451 3055 2522 lugent,
3085 2461 3161 2522 et,
3197 2440 3352 2511 Beati
3380 2456 3476 2526 qui
3497 2472 3685 2529 perse-

2095 2541 2371 2596 cutionem
2414 2542 2702 2612 patiuntur
2733 2552 2960 2615 propter
2984 2545 3284 2615 justitiam,
3304 2547 3501 2604 talium
3533 2550 3683 2604 enim

2090 2620 2178 2689 est
2211 2649 2440 2704 regnum
2480 2636 2747 2693 caelorum
2789 2647 2838 2693 ο.
2872 2657 2892 2692 ι
2923 2637 3028 2705 Qui
3067 2650 3251 2697 autem
3287 2644 3415 2699 vitae
3457 2643 3687 2701 delicias

2094 2729 2330 2800 eligunt,
2356 2730 2445 2787 his
2470 2746 2667 2803 parum
2698 2735 2963 2805 temporis
2998 2735 3367 2807 perri-nentes,
3390 2754 3460 2796 ex
3498 2739 3684 2796 brevi-

2095 2818 2202 2875 bus
2233 2820 2450 2878 deliciis
2486 2823 2810 2880 diuturnum
2841 2824 3089 2881 dolorem
3124 2827 3452 2898 percipient.

2456 3133 2730 3191 INTERP.
2772 3135 3035 3191 PSALMI
3076 3136 3309 3192 CXLIV.

468 3231 542 3280 α’.
572 3244 591 3277 ι
622 3225 840 3291 Αἴνεσις
877 3226 958 3298 τῷ
989 3230 1172 3285 Δαὸίδ.
1214 3251 1233 3285 ι
1266 3233 1451 3305 νΔηλοῖ
1491 3237 1588 3290 καὶ
1630 3240 1662 3308 ὴ
1709 3238 1991 3312 ἐπιγραφὴ

2168 3248 2336 3306 Vens.
2381 3249 2431 3303 l.
2501 3267 2520 3300 ι
2586 3246 2856 3302 Laudatio
2939 3247 3152 3303 Davidi.
3247 3268 3265 3302 ι
3328 3250 3683 3322 Propositum

399 3316 497 3371 τοῦ
528 3316 751 3388 ψαλμοῦ
776 3319 869 3372 τὸν
901 3321 1125 3376 σκοπόν.
1159 3323 1384 3393 ’Υμνεῖν
1413 3326 1524 3398 γὰρ
1553 3330 1991 3401 παρακελεύεται

399 3411 494 3464 τὸν
520 3411 630 3465 τῶν
663 3410 803 3466 ὅλων
826 3412 984 3477 Θεὸν,
1007 3416 1109 3484 τῆς
1131 3416 1227 3470 τοῦ
1256 3417 1393 3472 Θεοῦ
1427 3420 1738 3493 δυνάμεως,
1769 3424 1866 3478 καὶ
1896 3440 1992 3495 με·

402 3501 760 3572 γαλουργίας,
821 3504 921 3558 καὶ
982 3504 1305 3575 βασιλείας,
1356 3511 1452 3565 καὶ
1508 3515 1994 3586 μεγαλοπρεπείας

405 3589 812 3665 μεμνήμῶιους.
861 3596 1141 3667 Πεποίηκε
1190 3600 1247 3653 δὲ
1298 3603 1393 3655 καὶ
1441 3604 1668 3675 ἑτέρους
1713 3605 2003 3671 τοιούτους

401 3685 654 3756 ψαλμοὺς
690 3688 722 3758 ὴ
748 3686 907 3759 χάρις
937 3688 1035 3744 τοῦ
1062 3689 1403 3761 Πνεύματος,
1451 3696 1535 3758 είς
1568 3698 1993 3769 εὐγνωμοσύνην

400 3778 494 3832 τὸν
513 3779 559 3812 ⁸⁸
590 3779 720 3834 λαὸν
743 3783 953 3836 ἐκεῖνον
979 3782 1327 3854 διεγείρουσα
1346 3787 1412 3842 ⁸⁸.
1443 3787 1597 3858 Ἔχει
1617 3790 1673 3843 δὲ
1696 3790 1792 3842 καὶ
1815 3792 1991 3864 πρόρυ

404 3873 563 3944 ῥησιν
598 3873 695 3945 τῆς
730 3874 841 3928 τῶν
885 3876 1057 3930 ἐθνῶν
1095 3878 1344 3950 κλήσεώς
1381 3896 1439 3933 τε
1484 3881 1580 3934 καὶ
1613 3883 1987 3952 ἐπιγνώσεως.

405 3958 562 4018 Κατὰ
592 3969 856 4036 στοιχεῖον
886 3967 944 4021 δὲ
971 3971 1069 4023 καὶ
1102 3965 1263 4034 οὗτος
1293 3971 1322 4024 ὀ
1357 3970 1528 4042 ὕμνος
1554 3974 1866 4044 σύγκειται,
1895 3978 1992 4031 καὶ

402 4055 493 4110 διὰ
529 4058 629 4125 τῆς
658 4059 1020 4128 ταυτολογίας
1047 4061 1295 4116 διδάσκει
1320 4063 1414 4117 τοῦ
1452 4064 1742 4139 Προφήτου
1769 4068 1860 4122 τὸν
1888 4070 1990 4123 πό-

403 4148 515 4203 Οον.
560 4169 578 4202 ι
601 4150 835 4222 ’Υψώσω
866 4169 947 4216 σε,
991 4154 1020 4207 6
1046 4153 1182 4219 Θεός
1231 4173 1357 4227 μου,
1395 4157 1650 4228 βασιλεύς
1666 4161 1711 4194 ⁸ο
1744 4180 1871 4234 μου,
1897 4164 1993 4218 καὶ

387 4229 686 4314 ἐὐλογήσω
718 4243 780 4296 τὸ
810 4243 984 4315 δνομά
1030 4262 1124 4299 σου
1152 4247 1233 4312 είς
1275 4251 1369 4303 τὸν
1415 4251 1611 4317 αἰῶνα,
1659 4256 1754 4308 καὶ
1788 4257 1868 4320 εἰς
1899 4257 1993 4311 τὸν

401 4333 576 4388 αἰῶνα
601 4334 700 4389 τοῦ
736 4338 951 4402 αἰῶνος.
999 4357 1018 4391 ι
1052 4340 1217 4394 Φύσει
1242 4342 1343 4412 μὲν
1389 4342 1616 4414 ὕψιστος
1646 4348 1675 4401 6
1702 4349 1857 4416 Θεὸς,
1899 4350 1993 4406 καὶ

401 4428 502 4480 οὐκ
528 4428 858 4485 ἐπείσακτον
887 4431 1004 4502 ἔχει
1044 4432 1107 4486 τὸ
1137 4432 1293 4504 ὕψος.
1332 4438 1689 4509 Κηρύττουσι
1730 4444 1789 4497 δὲ
1833 4443 1994 4499 τοῦτο

319 4561 339 4576 ,
402 4520 502 4589 τῆς
532 4520 817 4586 εὐσεϐείας
845 4523 894 4576 οἱ
924 4523 1208 4595 τρόφιμοι,
1243 4529 1340 4583 καὶ
1380 4530 1509 4594 τοὺς
1547 4532 1878 4600 ἀγνοοῦντας
1909 4536 1991 4591 δι-
2026 4569 2069 4623 D

402 4613 685 4670 δάσκουσι.
719 4616 973 4671 Τοιοῦτόν
1007 4620 1125 4673 ἐστι
1147 4621 1210 4675 τὸ
1240 4622 1346 4677 ὑπὸ
1388 4623 1484 4678 τοῦ
1518 4626 1759 4696 Χριστοῦ
1786 4631 1844 4682 ὲν
1875 4633 1989 4695 τοῖς

403 4707 745 4776 εὐαγγελίοις
803 4710 1122 4781 εἰρημένον·
1159 4729 1178 4763 ι
1238 4713 1443 4787 Πάτερ,
1483 4717 1714 4785 ἐδόξασα
1772 4739 1867 4776 σου
1931 4724 1992 4776 τὸ

402 4798 575 4868 ὄνομα
604 4802 662 4853 ὲν
693 4802 759 4871 τῇ
793 4803 863 4871 γῇ
890 4802 956 4856 ⁸⁸.
996 4821 1015 4853 ι
1061 4804 1172 4858 Καὶ
1209 4807 1328 4875 μετ’
1360 4808 1518 4877 ὀλίγα
1554 4811 1797 4867 διδάσκει
1823 4814 1900 4878 ὡς
1929 4817 1988 4870 οὐ

401 4889 563 4955 δόξαν
586 4891 789 4947 ἔδωκεν
804 4894 850 4926 "
873 4894 1043 4966 αὐτῷ,
1070 4895 1138 4969 ἢν
1167 4896 1242 4969 μὴ
1274 4899 1542 4971 πρότερον
1577 4900 1746 4974 εἶχεν,
1774 4904 1893 4959 ἀλλ’
1922 4907 1992 4978 ἢν

402 4975 551 5051 εἶχεν
574 4982 672 5051 ὲγύ
681 5001 914 5054 μνωσεν.
924 4985 1071 5059 Ἔφη
1095 4987 1167 5056 γὰ
1176 5006 1227 5060 ρ,
1246 4987 1605 5063 Ἐφανέρωσά
1623 5011 1716 5048 σου
1735 4996 1797 5050 τὸ
1817 4975 1993 5069 ὄνομα

400 5074 515 5137 τοῖς
542 5073 875 5145 ἀνθρώποις.
894 5077 1051 5132 Οὕτω
1075 5080 1170 5133 καὶ
1198 5080 1226 5133 6
1250 5080 1440 5154 Πατὴρ
1458 5083 1538 5154 τῷ
1558 5085 1671 5157 Υίῷ
1699 5088 1802 5142 ούκ
1822 5089 1992 5145 ἔδωκε

400 5161 584 5231 δόξαν,
635 5167 704 5237 ἢν
738 5168 813 5237 μὴ
852 5168 1123 5240 πρότερον
1174 5167 1359 5242 εἶχεν
1395 5174 1511 5228 ἀλλ’
1564 5176 1633 5248 ἢν
1692 5178 1810 5251 εἶχε
1857 5181 1990 5246 τοὺς

402 5256 736 5326 ἀγνοοῦντας
777 5260 1019 5326 ἐδίδαξε·
1070 5283 1090 5316 ι
1138 5264 1374 5332 Δόξασόν
1418 5283 1486 5337 με
1529 5269 1659 5341 γὰρ,
1704 5274 1889 5342 φησὶν,
1925 5275 1991 5328 σὺ

2096 3343 2295 3413 psalmi
2345 3341 2886 3411 inseriptioiudicat.
2930 3339 3275 3396 Adhortatur
3332 3344 3502 3410 enim,
3566 3352 3627 3421 ut
3662 3347 3687 3373 ⁶

2097 3434 2269 3490 Deum
2328 3434 2716 3489 universorum
2768 3431 3080 3498 laudemus,
3135 3431 3231 3488 Dei
3271 3435 3568 3506 petentia,
3631 3447 3687 3493 et
3768 3499 3775 3505 ,

2097 3522 2556 3598 magniﬁcentiae,
2580 3533 2634 3578 et
2663 3521 2853 3593 regni,
2890 3531 2945 3576 et
2973 3522 3280 3593 majeslalis
3329 3525 3687 3582 reminiscen-

2101 3622 2207 3675 tes.
2258 3618 2419 3672 Alios
2466 3615 2631 3670 etiam
2680 3612 2999 3683 hujusmodi
3030 3614 3272 3683 psalmos
3302 3616 3475 3685 gratia
3509 3616 3688 3688 Spiri-

2098 3710 2189 3765 tus
2248 3707 2397 3772 fecit,
2439 3705 2507 3760 ad
2548 3704 2685 3775 grati
2724 3703 2895 3758 animi
2939 3703 3176 3757 ofﬁcium
3215 3705 3369 3759 illum
3419 3709 3683 3776 populum

2095 3802 2365 3857 excitans.
2428 3797 2606 3852 Habet
2651 3808 2823 3866 porro
2863 3795 3274 3865 praedictionem
3322 3799 3391 3854 dc
3436 3804 3681 3870 gentium

2097 3890 2384 3949 vocatione
2405 3900 2460 3945 et
2492 3888 2676 3943 divina
2732 3888 3071 3960 cognitione.
3095 3887 3194 3942 llic
3234 3898 3417 3945 autem
3445 3893 3684 3972 hymnus

2095 4001 2190 4057 per
2225 3984 2534 4039 litterarum
2572 3981 2783 4037 seriem
2804 3981 3147 4051 compositus
3172 3990 3290 4047 est,
3315 3990 3371 4037 et
3409 3999 3505 4052 per
3536 3986 3685 4055 ejus-

2095 4080 2218 4134 dem
2245 4075 2518 4134 sermonis
2579 4072 2960 4144 repetitionem
3015 4072 3303 4143 Propheta:
3344 4077 3682 4134 desiderium

2095 4171 2273 4225 docet.
2317 4185 2337 4219 ι
2371 4167 2638 4222 Exaltabo
2666 4162 2739 4231 te,
2768 4180 2802 4220 ο
2829 4163 2974 4220 Deus
3006 4166 3116 4233 mi,
3159 4182 3250 4222 rex
3285 4168 3394 4233 mi,
3427 4180 3482 4225 et
3515 4172 3684 4226 bene-

2096 4260 2274 4315 dicam
2352 4258 2560 4312 nomini
2617 4267 2710 4311 tuo
2781 4258 2836 4312 in
2884 4258 3147 4313 sarculum
3187 4294 3203 4323 ,
3290 4268 3346 4314 et
3410 4263 3462 4315 in
3514 4278 3690 4319 sa'cu-

2095 4353 2208 4407 lum
2266 4349 2475 4406 saeculi.
2533 4368 2553 4401 ι
2622 4348 2825 4404 Natura
2898 4348 3119 4420 quidem
3179 4350 3322 4407 Deus
3378 4353 3688 4411 altissimus

2096 4454 2214 4506 est,
2250 4452 2305 4498 et
2335 4443 2561 4497 minime
2595 4442 2897 4498 a‘sciti‘tiam
2936 4442 3099 4498 habet
3140 4443 3512 4501 altitudinem.
3567 4447 3686 4503 Hoc

2097 4551 2229 4591 vero
2253 4533 2551 4604 praedicant
2577 4533 2801 4603 pietatis
2829 4533 3058 4598 alumni,
3080 4535 3417 4605 nesciosque.
3437 4538 3687 4595 edocent.

2104 4627 2321 4698 1559
2349 4624 2480 4680 Tale
2512 4634 2597 4679 est
2625 4622 2757 4680 illud
2789 4641 2818 4680 a
2841 4626 3061 4680 Christo
3093 4626 3145 4679 in
3179 4626 3355 4684 sacris
3381 4628 3690 4701 Evangeliis

2100 4722 2352 4777 dictum:
2393 4738 2411 4770 ι
2466 4717 2649 4784 Pater,
2683 4718 2985 4790 gloriﬁcaVi
3020 4734 3219 4772 nomen
3277 4728 3433 4774 tuum
3488 4722 3542 4776 in
3586 4733 3693 4777 ter-

2100 4828 2159 4869 ra
2181 4813 2229 4867 d.
2245 4831 2264 4865 ι
2299 4811 2365 4866 Et
2387 4812 2550 4883 paulo
2567 4819 2691 4881 post
2706 4813 2869 4867 docet
2912 4811 3065 4866 illum
3095 4826 3201 4865 non
3222 4812 3454 4882 gloriam
3474 4815 3692 4871 dedisse

2100 4905 2173 4970 ei,
2210 4919 2381 4976 quam
2413 4904 2567 4975 prius
2599 4918 2725 4969 ,non
2772 4902 3047 4969 habebat,
3097 4906 3192 4960 sed
3246 4918 3411 4976 quam
3456 4908 3692 4962 habebat

2100 5000 2483 5071 ignorantibus
2523 4997 2961 5053 demonstrasse.
2991 4997 3083 5051 Ait
3111 4999 3259 5053 enim
3290 5017 3304 5053 :
3336 4999 3686 5055 Manifestavi

2099 5108 2300 5148 nomen
2338 5100 2488 5146 tuum
2523 5089 2865 5145 hominibus.
2897 5088 2992 5147 Sic
3021 5093 3187 5146 etiam
3220 5091 3382 5146 Pater
3417 5092 3554 5147 Filio
3579 5110 3687 5148 non

2100 5187 2250 5241 dedit
2278 5186 2534 5257 gloriam,
2559 5200 2725 5255 quam
2756 5183 2910 5254 prius
2953 5201 3062 5239 non
3103 5186 3364 5252 habebat,
3395 5186 3492 5241 sed
3519 5202 3686 5255 quant

2103 5277 2338 5332 habebat
2367 5276 2573 5331 inscios
2593 5276 2800 5331 docuit.
2835 5294 2853 5328 ι
2889 5274 3152 5332 Glorilica
3178 5277 3323 5332 enint
3344 5293 3453 5343 me,
3483 5277 3687 5348 inquit,

478 5433 506 5475 δ
535 5433 685 5492 Psal.
726 5452 898 5504 ωιτη,
934 5439 990 5503 ὁ,
1023 5439 1076 5494 5.
1162 5449 1185 5479 ο
1217 5440 1408 5498 Matth.
1442 5460 1507 5511 ν,
1543 5445 1577 5500 5
1634 5462 1789 5517 seqq.
1866 5451 1891 5488 ει
1925 5447 1990 5504 Jo

2131 5468 2243 5506 xm
2272 5492 2288 5515 ,
2331 5451 2387 5516 4,
2430 5451 2485 5505 6.

1505 5579 1744 5635 VARle
1782 5581 2168 5640 LECTIONES
2206 5584 2294 5639 ET
2335 5585 2567 5642 NOTIE.

472 5690 520 5785 τε
547 5691 1022 5785 Πργζιρῶνιηίίιξιι.
1058 5693 1341 5785 λυπηρῶν.
1365 5766 1379 5785 ι
1401 5698 1680 5785 ⁸⁷.“Εμαᾶ.
1702 5699 1818 5785 ,τὸν
1844 5702 1991 5785 {adv

2104 5700 2274 5759 ebr.0
2307 5706 2519 5785 bcat_um
2551 5709 2803 5785 populum
2824 5725 2962 5785 eun}.
3022 5710 3087 5785 ff
3279 5713 3461 5785 codJ
3493 5729 3682 5785 prtem.

403 5763 520 5838 καί.
595 5761 826 5838 ’ξἈᾼιιιγ1
849 5763 984 5838 ibid.
1016 5761 1223 5835 [ιι-ιιιιιιῖ
1238 5767 1330 5821 καὶ
1354 5766 1526 5838 ἡμᾶς.

401 5830 529 5905 γῆς.
604 5832 654 5866 ⁸⁸
677 5834 753 5888 ib.
774 5830 784 5834 ’
803 5830 1057 5889 δέδωκεν.

1618 5770 1664 5803 ⁹⁰
1691 5772 1991 5839 Βασιλεύς

2096 5789 2139 5830 ο.
2187 5790 2375 5845 prtum.
2408 5779 2472 5844 6,
2508 5770 2564 5834 ui
2603 5770 2655 5833 in
2690 5788 2838 5834 textu
2870 5778 2980 5833 τῶν
3012 5778 3090 5835 0'.
3165 5781 3209 5813 ⁹¹
3238 5781 3361 5839 cod.
3405 5784 3429 5839 1
3465 5770 3559 5839 tiri.
3580 5770 3681 5859 τῆς
