  <div class='ocr_page' id='page_1' title='image "/cluster/home/n/w/nwhite01/storage/ocr_20150623/80:no.1/coo.31924054869817/991.png"; bbox 0 0 4128 6434; ppageno 0'>
   <div class='ocr_carea' id='block_1_1' title="bbox 411 398 540 467">
    <p class='ocr_par' dir='ltr' id='par_1_1' title="bbox 411 398 540 467">
     <span class='ocr_line' id='line_1_1' title="bbox 411 398 540 467; baseline -0.047 0"><span class='ocrx_word' id='word_1_1' title='bbox 411 398 540 467; x_wconf 65' lang='lat'><strong>.967</strong></span> 
     </span>
    </p>
   </div>
   <div class='ocr_carea' id='block_1_2' title="bbox 1405 398 2693 460">
    <p class='ocr_par' dir='ltr' id='par_1_2' title="bbox 1405 398 2693 460">
     <span class='ocr_line' id='line_1_2' title="bbox 1405 398 2693 460; baseline -0.001 -2"><span class='ocrx_word' id='word_1_2' title='bbox 1405 399 1892 460; x_wconf 78' lang='lat' dir='ltr'><strong>TIlEODORETI</strong></span> <span class='ocrx_word' id='word_1_3' title='bbox 1948 399 2285 459; x_wconf 79' lang='lat' dir='ltr'><strong>EPISCOPI</strong></span> <span class='ocrx_word' id='word_1_4' title='bbox 2324 398 2693 458; x_wconf 71' lang='lat' dir='ltr'><strong>CYRENSIS</strong></span> 
     </span>
    </p>
   </div>
   <div class='ocr_carea' id='block_1_3' title="bbox 3561 403 3698 472">
    <p class='ocr_par' dir='ltr' id='par_1_3' title="bbox 3561 403 3698 472">
     <span class='ocr_line' id='line_1_3' title="bbox 3561 403 3698 472; baseline 0.044 -6"><span class='ocrx_word' id='word_1_5' title='bbox 3561 403 3698 472; x_wconf 79' lang='lat' dir='ltr'><strong>I968</strong></span> 
     </span>
    </p>
   </div>
   <div class='ocr_carea' id='block_1_4' title="bbox 407 506 2004 588">
    <p class='ocr_par' dir='ltr' id='par_1_4' title="bbox 407 513 1994 586">
     <span class='ocr_line' id='line_1_4' title="bbox 407 513 1994 586; baseline -0.001 -13"><span class='ocrx_word' id='word_1_6' title='bbox 407 537 460 575; x_wconf 77' lang='lat' dir='ltr'><strong>tu</strong></span> <span class='ocrx_word' id='word_1_7' title='bbox 499 519 677 580; x_wconf 80' lang='lat' dir='ltr'><strong>l‘atcr,</strong></span> <span class='ocrx_word' id='word_1_8' title='bbox 709 514 974 576; x_wconf 83' lang='lat' dir='ltr'><strong>claritate,</strong></span> <span class='ocrx_word' id='word_1_9' title='bbox 1011 528 1174 584; x_wconf 86' lang='lat' dir='ltr'><strong>quam</strong></span> <span class='ocrx_word' id='word_1_10' title='bbox 1215 513 1480 569; x_wconf 78' lang='lat' dir='ltr'><strong>habebam</strong></span> <span class='ocrx_word' id='word_1_11' title='bbox 1526 514 1670 583; x_wconf 88' lang='lat' dir='ltr'><strong>apud</strong></span> <span class='ocrx_word' id='word_1_12' title='bbox 1704 525 1778 583; x_wconf 88' lang='lat' dir='ltr'><strong>te,</strong></span> <span class='ocrx_word' id='word_1_13' title='bbox 1811 517 1994 586; x_wconf 91' lang='lat' dir='ltr'><strong>prius-</strong></span> 
     </span>
    </p>
   </div>
   <div class='ocr_carea' id='block_1_5' title="bbox 2105 506 3696 588">
    <p class='ocr_par' dir='ltr' id='par_1_5' title="bbox 2105 506 3696 588">
     <span class='ocr_line' id='line_1_5' title="bbox 2105 506 3696 588; baseline 0.003 -19"><span class='ocrx_word' id='word_1_14' title='bbox 2105 515 2309 588; x_wconf 86' lang='grc' dir='ltr'><strong>Πάτερ,</strong></span> <span class='ocrx_word' id='word_1_15' title='bbox 2333 517 2400 585; x_wconf 78' lang='grc' dir='ltr'>τῇ</span> <span class='ocrx_word' id='word_1_16' title='bbox 2428 513 2576 587; x_wconf 79' lang='grc' dir='ltr'>δόξῃ,</span> <span class='ocrx_word' id='word_1_17' title='bbox 2597 506 2798 586; x_wconf 81' lang='grc' dir='ltr'>εἶχον</span> <span class='ocrx_word' id='word_1_18' title='bbox 2833 512 2987 584; x_wconf 73' lang='grc' dir='ltr'>παρὰ</span> <span class='ocrx_word' id='word_1_19' title='bbox 3006 514 3111 577; x_wconf 77' lang='grc' dir='ltr'>σοὶ,</span> <span class='ocrx_word' id='word_1_20' title='bbox 3130 514 3237 586; x_wconf 76' lang='grc' dir='ltr'>πρὸ</span> <span class='ocrx_word' id='word_1_21' title='bbox 3263 514 3356 570; x_wconf 84' lang='grc' dir='ltr'>τοῦ</span> <span class='ocrx_word' id='word_1_22' title='bbox 3373 517 3462 571; x_wconf 71' lang='grc' dir='ltr'>τὸν</span> <span class='ocrx_word' id='word_1_23' title='bbox 3487 522 3696 573; x_wconf 53' lang='grc' dir='ltr'>κόριον</span> 
     </span>
    </p>
   </div>
   <div class='ocr_carea' id='block_1_6' title="bbox 406 607 1995 680">
    <p class='ocr_par' dir='ltr' id='par_1_6' title="bbox 406 607 1995 680">
     <span class='ocr_line' id='line_1_6' title="bbox 406 607 1995 680; baseline 0.001 -18"><span class='ocrx_word' id='word_1_24' title='bbox 406 627 570 679; x_wconf 68' lang='lat' dir='ltr'><strong>quam</strong></span> <span class='ocrx_word' id='word_1_25' title='bbox 597 609 836 665; x_wconf 88' lang='lat' dir='ltr'><strong>mumlus</strong></span> <span class='ocrx_word' id='word_1_26' title='bbox 859 607 1014 663; x_wconf 75' lang='lat' dir='ltr'><strong>fieret</strong></span> <span class='ocrx_word' id='word_1_27' title='bbox 1041 619 1086 661; x_wconf 76' lang='grc' dir='ltr'>ο.</span> <span class='ocrx_word' id='word_1_28' title='bbox 1119 627 1135 658; x_wconf 73' lang='grc' dir='ltr'><strong>ι</strong></span> <span class='ocrx_word' id='word_1_29' title='bbox 1180 607 1295 662; x_wconf 79' lang='lat' dir='ltr'><strong>Non</strong></span> <span class='ocrx_word' id='word_1_30' title='bbox 1328 608 1494 677; x_wconf 86' lang='lat' dir='ltr'><strong>igitur</strong></span> <span class='ocrx_word' id='word_1_31' title='bbox 1523 608 1827 678; x_wconf 86' lang='lat' dir='ltr'><strong>assumpsit</strong></span> <span class='ocrx_word' id='word_1_32' title='bbox 1845 608 1995 680; x_wconf 87' lang='lat' dir='ltr'><strong>quod</strong></span> 
     </span>
    </p>
   </div>
   <div class='ocr_carea' id='block_1_7' title="bbox 407 701 1994 773">
    <p class='ocr_par' dir='ltr' id='par_1_7' title="bbox 407 701 1994 773">
     <span class='ocr_line' id='line_1_7' title="bbox 407 701 1994 773; baseline -0.004 -10"><span class='ocrx_word' id='word_1_33' title='bbox 407 725 516 763; x_wconf 88' lang='lat' dir='ltr'><strong>non</strong></span> <span class='ocrx_word' id='word_1_34' title='bbox 559 706 815 772; x_wconf 90' lang='lat' dir='ltr'><strong>habebat,</strong></span> <span class='ocrx_word' id='word_1_35' title='bbox 851 703 945 760; x_wconf 76' lang='lat' dir='ltr'><strong>sed</strong></span> <span class='ocrx_word' id='word_1_36' title='bbox 979 703 1124 773; x_wconf 91' lang='lat' dir='ltr'><strong>quod</strong></span> <span class='ocrx_word' id='word_1_37' title='bbox 1164 701 1398 757; x_wconf 87' lang='lat' dir='ltr'><strong>habebat</strong></span> <span class='ocrx_word' id='word_1_38' title='bbox 1427 701 1652 772; x_wconf 89' lang='lat' dir='ltr'><strong>planum</strong></span> <span class='ocrx_word' id='word_1_39' title='bbox 1688 702 1994 772; x_wconf 85' lang='lat' dir='ltr'><strong>ignoranti-</strong></span> 
     </span>
    </p>
   </div>
   <div class='ocr_carea' id='block_1_8' title="bbox 407 793 1994 866">
    <p class='ocr_par' dir='ltr' id='par_1_8' title="bbox 407 793 1994 866">
     <span class='ocr_line' id='line_1_8' title="bbox 407 793 1994 866; baseline -0.003 -12"><span class='ocrx_word' id='word_1_40' title='bbox 407 803 508 856; x_wconf 87' lang='lat' dir='ltr'><strong>bus</strong></span> <span class='ocrx_word' id='word_1_41' title='bbox 541 799 746 854; x_wconf 70' lang='lat' dir='ltr'><strong>l‘artum</strong></span> <span class='ocrx_word' id='word_1_42' title='bbox 782 809 886 853; x_wconf 87' lang='lat' dir='ltr'><strong>cst.</strong></span> <span class='ocrx_word' id='word_1_43' title='bbox 921 796 1034 851; x_wconf 87' lang='lat' dir='ltr'><strong>lloc</strong></span> <span class='ocrx_word' id='word_1_44' title='bbox 1066 796 1234 865; x_wconf 80' lang='lat' dir='ltr'><strong>igitur</strong></span> <span class='ocrx_word' id='word_1_45' title='bbox 1269 795 1323 849; x_wconf 89' lang='lat' dir='ltr'><strong>in</strong></span> <span class='ocrx_word' id='word_1_46' title='bbox 1365 793 1489 850; x_wconf 92' lang='lat' dir='ltr'><strong>loco</strong></span> <span class='ocrx_word' id='word_1_47' title='bbox 1520 795 1687 850; x_wconf 81' lang='lat' dir='ltr'><strong>etiam</strong></span> <span class='ocrx_word' id='word_1_48' title='bbox 1715 794 1994 866; x_wconf 86' lang='lat' dir='ltr'><strong>Propheta</strong></span> 
     </span>
    </p>
   </div>
   <div class='ocr_carea' id='block_1_9' title="bbox 407 884 1997 954">
    <p class='ocr_par' dir='ltr' id='par_1_9' title="bbox 407 884 1997 954">
     <span class='ocr_line' id='line_1_9' title="bbox 407 884 1997 954; baseline -0.003 -12"><span class='ocrx_word' id='word_1_49' title='bbox 407 906 513 943; x_wconf 94' lang='lat' dir='ltr'><strong>non</strong></span> <span class='ocrx_word' id='word_1_50' title='bbox 557 889 726 942; x_wconf 89' lang='lat' dir='ltr'><strong>altum</strong></span> <span class='ocrx_word' id='word_1_51' title='bbox 761 887 932 942; x_wconf 88' lang='lat' dir='ltr'><strong>Deum</strong></span> <span class='ocrx_word' id='word_1_52' title='bbox 965 902 1023 941; x_wconf 89' lang='lat' dir='ltr'><strong>se</strong></span> <span class='ocrx_word' id='word_1_53' title='bbox 1055 885 1377 940; x_wconf 73' lang='lat' dir='ltr'><strong>eﬂ‘ertnrum</strong></span> <span class='ocrx_word' id='word_1_54' title='bbox 1413 884 1705 954; x_wconf 89' lang='lat' dir='ltr'><strong>promittit,</strong></span> <span class='ocrx_word' id='word_1_55' title='bbox 1741 886 1834 939; x_wconf 90' lang='lat' dir='ltr'><strong>sed</strong></span> <span class='ocrx_word' id='word_1_56' title='bbox 1875 884 1997 954; x_wconf 77' lang='lat' dir='ltr'><strong>ejus</strong></span> 
     </span>
    </p>
   </div>
   <div class='ocr_carea' id='block_1_10' title="bbox 405 977 1992 1047">
    <p class='ocr_par' dir='ltr' id='par_1_10' title="bbox 405 977 1992 1047">
     <span class='ocr_line' id='line_1_10' title="bbox 405 977 1992 1047; baseline -0.003 -15"><span class='ocrx_word' id='word_1_57' title='bbox 405 980 756 1035; x_wconf 71' lang='lat' dir='ltr'><strong>altitudinem</strong></span> <span class='ocrx_word' id='word_1_58' title='bbox 815 977 1136 1034; x_wconf 84' lang='lat' dir='ltr'><strong>hominibus</strong></span> <span class='ocrx_word' id='word_1_59' title='bbox 1190 987 1588 1042; x_wconf 85' lang='lat' dir='ltr'><strong>ostensurum,</strong></span> <span class='ocrx_word' id='word_1_60' title='bbox 1639 978 1823 1047; x_wconf 85' lang='lat' dir='ltr'><strong>quoad</strong></span> <span class='ocrx_word' id='word_1_61' title='bbox 1876 977 1992 1030; x_wconf 76' lang='grc' dir='ltr'><strong>ίίιϊί</strong></span> 
     </span>
    </p>
   </div>
   <div class='ocr_carea' id='block_1_11' title="bbox 404 1069 1992 1141">
    <p class='ocr_par' dir='ltr' id='par_1_11' title="bbox 404 1069 1992 1141">
     <span class='ocr_line' id='line_1_11' title="bbox 404 1069 1992 1141; baseline -0.003 -16"><span class='ocrx_word' id='word_1_62' title='bbox 404 1083 601 1141; x_wconf 81' lang='lat' dir='ltr'><strong>potest.</strong></span> <span class='ocrx_word' id='word_1_63' title='bbox 621 1072 682 1127; x_wconf 87' lang='lat' dir='ltr'><strong>Et</strong></span> <span class='ocrx_word' id='word_1_64' title='bbox 701 1073 945 1126; x_wconf 90' lang='lat' dir='ltr'><strong>omnium</strong></span> <span class='ocrx_word' id='word_1_65' title='bbox 971 1071 1164 1135; x_wconf 89' lang='lat' dir='ltr'><strong>Deum,</strong></span> <span class='ocrx_word' id='word_1_66' title='bbox 1178 1084 1229 1124; x_wconf 86' lang='lat' dir='ltr'><strong>et</strong></span> <span class='ocrx_word' id='word_1_67' title='bbox 1251 1071 1420 1125; x_wconf 88' lang='lat' dir='ltr'><strong>Deum</strong></span> <span class='ocrx_word' id='word_1_68' title='bbox 1440 1081 1493 1124; x_wconf 90' lang='lat' dir='ltr'><strong>et</strong></span> <span class='ocrx_word' id='word_1_69' title='bbox 1511 1085 1692 1140; x_wconf 89' lang='lat' dir='ltr'><strong>regem</strong></span> <span class='ocrx_word' id='word_1_70' title='bbox 1712 1069 1992 1140; x_wconf 88' lang='lat' dir='ltr'><strong>proprium</strong></span> 
     </span>
    </p>
   </div>
   <div class='ocr_carea' id='block_1_12' title="bbox 419 1162 1992 1234">
    <p class='ocr_par' dir='ltr' id='par_1_12' title="bbox 419 1162 1992 1234">
     <span class='ocr_line' id='line_1_12' title="bbox 419 1162 1992 1234; baseline -0.002 -14"><span class='ocrx_word' id='word_1_71' title='bbox 419 1169 682 1234; x_wconf 86' lang='lat' dir='ltr'><strong>nominat,</strong></span> <span class='ocrx_word' id='word_1_72' title='bbox 734 1166 939 1222; x_wconf 87' lang='lat' dir='ltr'><strong>amoris</strong></span> <span class='ocrx_word' id='word_1_73' title='bbox 992 1166 1042 1218; x_wconf 67' lang='lat' dir='ltr'><strong>\‘i</strong></span> <span class='ocrx_word' id='word_1_74' title='bbox 1081 1167 1147 1219; x_wconf 86' lang='lat' dir='ltr'><strong>ad</strong></span> <span class='ocrx_word' id='word_1_75' title='bbox 1204 1166 1306 1219; x_wconf 88' lang='lat' dir='ltr'><strong>hoc</strong></span> <span class='ocrx_word' id='word_1_76' title='bbox 1345 1163 1654 1219; x_wconf 77' lang='lat' dir='ltr'><strong>faciendum</strong></span> <span class='ocrx_word' id='word_1_77' title='bbox 1699 1162 1992 1232; x_wconf 90' lang='lat' dir='ltr'><strong>impulsus.</strong></span> 
     </span>
    </p>
   </div>
   <div class='ocr_carea' id='block_1_13' title="bbox 479 1275 1998 1347">
    <p class='ocr_par' dir='ltr' id='par_1_13' title="bbox 479 1275 1998 1347">
     <span class='ocr_line' id='line_1_13' title="bbox 479 1275 1998 1347; baseline -0.001 -17"><span class='ocrx_word' id='word_1_78' title='bbox 479 1280 646 1335; x_wconf 71' lang='lat' dir='ltr'><strong>Vens.</strong></span> <span class='ocrx_word' id='word_1_79' title='bbox 682 1280 738 1334; x_wconf 70' lang='lat'><strong>2.</strong></span> <span class='ocrx_word' id='word_1_80' title='bbox 770 1298 788 1331; x_wconf 76' lang='grc' dir='ltr'><strong>ι</strong></span> <span class='ocrx_word' id='word_1_81' title='bbox 839 1279 942 1334; x_wconf 86' lang='lat' dir='ltr'><strong>Per</strong></span> <span class='ocrx_word' id='word_1_82' title='bbox 991 1279 1239 1347; x_wconf 82' lang='lat' dir='ltr'><strong>singulos</strong></span> <span class='ocrx_word' id='word_1_83' title='bbox 1271 1277 1388 1332; x_wconf 90' lang='lat' dir='ltr'><strong>dies</strong></span> <span class='ocrx_word' id='word_1_84' title='bbox 1421 1276 1740 1332; x_wconf 90' lang='lat' dir='ltr'><strong>benedicam</strong></span> <span class='ocrx_word' id='word_1_85' title='bbox 1775 1275 1907 1339; x_wconf 90' lang='lat' dir='ltr'><strong>tibi,</strong></span> <span class='ocrx_word' id='word_1_86' title='bbox 1943 1282 1998 1328; x_wconf 88' lang='lat' dir='ltr'><strong>ct</strong></span> 
     </span>
    </p>
   </div>
   <div class='ocr_carea' id='block_1_14' title="bbox 405 1366 1993 1432">
    <p class='ocr_par' dir='ltr' id='par_1_14' title="bbox 405 1366 1993 1432">
     <span class='ocr_line' id='line_1_14' title="bbox 405 1366 1993 1432; baseline -0.006 -7"><span class='ocrx_word' id='word_1_87' title='bbox 405 1371 642 1426; x_wconf 82' lang='lat' dir='ltr'><strong>laudabo</strong></span> <span class='ocrx_word' id='word_1_88' title='bbox 685 1386 883 1425; x_wconf 89' lang='lat' dir='ltr'><strong>nomen</strong></span> <span class='ocrx_word' id='word_1_89' title='bbox 909 1380 1062 1425; x_wconf 92' lang='lat' dir='ltr'><strong>tuum</strong></span> <span class='ocrx_word' id='word_1_90' title='bbox 1092 1370 1144 1422; x_wconf 92' lang='lat' dir='ltr'><strong>in</strong></span> <span class='ocrx_word' id='word_1_91' title='bbox 1186 1367 1448 1424; x_wconf 73' lang='lat' dir='ltr'><strong>sarculum</strong></span> <span class='ocrx_word' id='word_1_92' title='bbox 1474 1409 1488 1432; x_wconf 89' lang='lat'><strong>,</strong></span> <span class='ocrx_word' id='word_1_93' title='bbox 1532 1377 1586 1420; x_wconf 87' lang='lat' dir='ltr'><strong>et</strong></span> <span class='ocrx_word' id='word_1_94' title='bbox 1627 1367 1684 1420; x_wconf 91' lang='lat' dir='ltr'><strong>in</strong></span> <span class='ocrx_word' id='word_1_95' title='bbox 1732 1366 1993 1423; x_wconf 69' lang='lat' dir='ltr'><strong>sacculum</strong></span> 
     </span>
    </p>
   </div>
   <div class='ocr_carea' id='block_1_15' title="bbox 407 1455 1992 1531">
    <p class='ocr_par' dir='ltr' id='par_1_15' title="bbox 407 1455 1992 1531">
     <span class='ocr_line' id='line_1_15' title="bbox 407 1455 1992 1531; baseline -0.004 -15"><span class='ocrx_word' id='word_1_96' title='bbox 407 1464 613 1518; x_wconf 63' lang='lat' dir='ltr'><strong>saeculi.</strong></span> <span class='ocrx_word' id='word_1_97' title='bbox 651 1480 670 1512; x_wconf 70' lang='grc' dir='ltr'><strong>ι</strong></span> <span class='ocrx_word' id='word_1_98' title='bbox 707 1461 938 1531; x_wconf 79' lang='lat' dir='ltr'><strong>Semper</strong></span> <span class='ocrx_word' id='word_1_99' title='bbox 978 1473 1049 1524; x_wconf 89' lang='lat' dir='ltr'><strong>te,</strong></span> <span class='ocrx_word' id='word_1_100' title='bbox 1097 1459 1300 1528; x_wconf 88' lang='lat' dir='ltr'><strong>inquit,</strong></span> <span class='ocrx_word' id='word_1_101' title='bbox 1337 1457 1658 1522; x_wconf 84' lang='lat' dir='ltr'><strong>celebrabo,</strong></span> <span class='ocrx_word' id='word_1_102' title='bbox 1697 1465 1749 1511; x_wconf 90' lang='lat' dir='ltr'><strong>et</strong></span> <span class='ocrx_word' id='word_1_103' title='bbox 1781 1455 1992 1511; x_wconf 88' lang='lat' dir='ltr'><strong>nullum</strong></span> 
     </span>
    </p>
   </div>
   <div class='ocr_carea' id='block_1_16' title="bbox 405 1551 1305 1622">
    <p class='ocr_par' dir='ltr' id='par_1_16' title="bbox 405 1551 1305 1622">
     <span class='ocr_line' id='line_1_16' title="bbox 405 1551 1305 1622; baseline -0.007 -12"><span class='ocrx_word' id='word_1_104' title='bbox 405 1556 550 1610; x_wconf 87' lang='lat' dir='ltr'><strong>diem</strong></span> <span class='ocrx_word' id='word_1_105' title='bbox 580 1553 764 1609; x_wconf 83' lang='lat' dir='ltr'><strong>laudis</strong></span> <span class='ocrx_word' id='word_1_106' title='bbox 790 1560 1068 1622; x_wconf 79' lang='lat' dir='ltr'><strong>expertem</strong></span> <span class='ocrx_word' id='word_1_107' title='bbox 1106 1551 1305 1605; x_wconf 88' lang='lat' dir='ltr'><strong>sinam.</strong></span> 
     </span>
    </p>
   </div>
   <div class='ocr_carea' id='block_1_17' title="bbox 478 1639 1995 1712">
    <p class='ocr_par' dir='ltr' id='par_1_17' title="bbox 478 1639 1995 1712">
     <span class='ocr_line' id='line_1_17' title="bbox 478 1639 1995 1712; baseline -0.005 -13"><span class='ocrx_word' id='word_1_108' title='bbox 478 1646 648 1701; x_wconf 71' lang='lat' dir='ltr'><strong>Vsus.</strong></span> <span class='ocrx_word' id='word_1_109' title='bbox 684 1647 736 1700; x_wconf 80' lang='grc'>5.</span> <span class='ocrx_word' id='word_1_110' title='bbox 781 1664 800 1696; x_wconf 76' lang='grc' dir='ltr'><strong>ι</strong></span> <span class='ocrx_word' id='word_1_111' title='bbox 841 1643 1069 1712; x_wconf 74' lang='lat' dir='ltr'><strong>Magnus</strong></span> <span class='ocrx_word' id='word_1_112' title='bbox 1113 1642 1376 1697; x_wconf 88' lang='lat' dir='ltr'><strong>Dominus</strong></span> <span class='ocrx_word' id='word_1_113' title='bbox 1402 1682 1416 1706; x_wconf 95' lang='lat'><strong>,</strong></span> <span class='ocrx_word' id='word_1_114' title='bbox 1456 1649 1508 1695; x_wconf 87' lang='lat' dir='ltr'><strong>et</strong></span> <span class='ocrx_word' id='word_1_115' title='bbox 1543 1639 1836 1694; x_wconf 84' lang='lat' dir='ltr'><strong>admodum</strong></span> <span class='ocrx_word' id='word_1_116' title='bbox 1873 1639 1995 1692; x_wconf 90' lang='lat' dir='ltr'><strong>lau-</strong></span> 
     </span>
    </p>
   </div>
   <div class='ocr_carea' id='block_1_18' title="bbox 410 1726 1994 1805">
    <p class='ocr_par' dir='ltr' id='par_1_18' title="bbox 410 1726 1994 1805">
     <span class='ocr_line' id='line_1_18' title="bbox 410 1726 1994 1805; baseline -0.007 -14"><span class='ocrx_word' id='word_1_117' title='bbox 410 1738 630 1803; x_wconf 87' lang='lat' dir='ltr'><strong>dabilis,</strong></span> <span class='ocrx_word' id='word_1_118' title='bbox 655 1745 711 1790; x_wconf 92' lang='lat' dir='ltr'><strong>et</strong></span> <span class='ocrx_word' id='word_1_119' title='bbox 743 1733 1140 1805; x_wconf 82' lang='lat' dir='ltr'><strong>magnitudinis</strong></span> <span class='ocrx_word' id='word_1_120' title='bbox 1172 1731 1294 1802; x_wconf 79' lang='lat' dir='ltr'><strong>ejus</strong></span> <span class='ocrx_word' id='word_1_121' title='bbox 1320 1746 1428 1785; x_wconf 92' lang='lat' dir='ltr'><strong>non</strong></span> <span class='ocrx_word' id='word_1_122' title='bbox 1458 1739 1546 1784; x_wconf 90' lang='lat' dir='ltr'><strong>est</strong></span> <span class='ocrx_word' id='word_1_123' title='bbox 1588 1729 1735 1784; x_wconf 84' lang='lat' dir='ltr'><strong>linis.</strong></span> <span class='ocrx_word' id='word_1_124' title='bbox 1785 1746 1804 1780; x_wconf 78' lang='grc' dir='ltr'><strong>ι</strong></span> <span class='ocrx_word' id='word_1_125' title='bbox 1841 1726 1994 1793; x_wconf 85' lang='lat' dir='ltr'><strong>Quo-</strong></span> 
     </span>
    </p>
   </div>
   <div class='ocr_carea' id='block_1_19' title="bbox 409 1820 1992 1898">
    <p class='ocr_par' dir='ltr' id='par_1_19' title="bbox 409 1820 1992 1898">
     <span class='ocr_line' id='line_1_19' title="bbox 409 1820 1992 1898; baseline -0.008 -13"><span class='ocrx_word' id='word_1_126' title='bbox 409 1833 556 1887; x_wconf 72' lang='lat' dir='ltr'><strong>uiam</strong></span> <span class='ocrx_word' id='word_1_127' title='bbox 582 1830 766 1885; x_wconf 90' lang='lat' dir='ltr'><strong>omnis</strong></span> <span class='ocrx_word' id='word_1_128' title='bbox 795 1826 1114 1898; x_wconf 83' lang='lat' dir='ltr'><strong>magnitudo</strong></span> <span class='ocrx_word' id='word_1_129' title='bbox 1144 1823 1446 1886; x_wconf 89' lang='lat' dir='ltr'><strong>sensibilis,</strong></span> <span class='ocrx_word' id='word_1_130' title='bbox 1487 1821 1534 1877; x_wconf 93' lang='lat' dir='ltr'><strong>si</strong></span> <span class='ocrx_word' id='word_1_131' title='bbox 1575 1820 1992 1892; x_wconf 81' lang='lat' dir='ltr'><strong>longitudinem,</strong></span> 
     </span>
    </p>
   </div>
   <div class='ocr_carea' id='block_1_20' title="bbox 409 1911 2065 1988">
    <p class='ocr_par' dir='ltr' id='par_1_20' title="bbox 409 1911 2065 1988">
     <span class='ocr_line' id='line_1_20' title="bbox 409 1911 2065 1988; baseline -0.009 -10"><span class='ocrx_word' id='word_1_132' title='bbox 409 1933 463 1978; x_wconf 76' lang='lat' dir='ltr'><strong>et</strong></span> <span class='ocrx_word' id='word_1_133' title='bbox 494 1921 861 1985; x_wconf 82' lang='lat' dir='ltr'><strong>latitudinem,</strong></span> <span class='ocrx_word' id='word_1_134' title='bbox 896 1929 950 1973; x_wconf 90' lang='lat' dir='ltr'><strong>et</strong></span> <span class='ocrx_word' id='word_1_135' title='bbox 995 1915 1426 1988; x_wconf 77' lang='lat' dir='ltr'><strong>profunditatem</strong></span> <span class='ocrx_word' id='word_1_136' title='bbox 1476 1911 1724 1968; x_wconf 86' lang='lat' dir='ltr'><strong>metiaris</strong></span> <span class='ocrx_word' id='word_1_137' title='bbox 1749 1955 1763 1980; x_wconf 91' lang='lat'><strong>,</strong></span> <span class='ocrx_word' id='word_1_138' title='bbox 1803 1920 1992 1967; x_wconf 87' lang='lat' dir='ltr'><strong>osten-</strong></span> <span class='ocrx_word' id='word_1_139' title='bbox 2023 1921 2065 1976; x_wconf 80' lang='grc' dir='ltr'><strong>Β</strong></span> 
     </span>
    </p>
   </div>
   <div class='ocr_carea' id='block_1_21' title="bbox 407 2003 1998 2084">
    <p class='ocr_par' dir='ltr' id='par_1_21' title="bbox 407 2003 1998 2084">
     <span class='ocr_line' id='line_1_21' title="bbox 407 2003 1998 2084; baseline -0.008 -14"><span class='ocrx_word' id='word_1_140' title='bbox 407 2017 558 2070; x_wconf 84' lang='lat' dir='ltr'><strong>d:tur</strong></span> <span class='ocrx_word' id='word_1_141' title='bbox 586 2027 810 2084; x_wconf 86' lang='lat' dir='ltr'><strong>magna,</strong></span> <span class='ocrx_word' id='word_1_142' title='bbox 844 2009 1042 2064; x_wconf 88' lang='lat' dir='ltr'><strong>merito</strong></span> <span class='ocrx_word' id='word_1_143' title='bbox 1076 2007 1356 2062; x_wconf 84' lang='lat' dir='ltr'><strong>subdidit:</strong></span> <span class='ocrx_word' id='word_1_144' title='bbox 1389 2026 1406 2058; x_wconf 78' lang='grc' dir='ltr'><strong>ι</strong></span> <span class='ocrx_word' id='word_1_145' title='bbox 1451 2004 1848 2076; x_wconf 80' lang='lat' dir='ltr'><strong>Magnitudinis</strong></span> <span class='ocrx_word' id='word_1_146' title='bbox 1877 2003 1998 2074; x_wconf 83' lang='lat' dir='ltr'><strong>ejus</strong></span> 
     </span>
    </p>
   </div>
   <div class='ocr_carea' id='block_1_22' title="bbox 410 2098 2000 2172">
    <p class='ocr_par' dir='ltr' id='par_1_22' title="bbox 410 2098 2000 2172">
     <span class='ocr_line' id='line_1_22' title="bbox 410 2098 2000 2172; baseline -0.009 -7"><span class='ocrx_word' id='word_1_147' title='bbox 410 2125 518 2165; x_wconf 88' lang='lat' dir='ltr'><strong>non</strong></span> <span class='ocrx_word' id='word_1_148' title='bbox 558 2115 645 2163; x_wconf 86' lang='lat' dir='ltr'><strong>est</strong></span> <span class='ocrx_word' id='word_1_149' title='bbox 675 2105 840 2171; x_wconf 84' lang='lat' dir='ltr'><strong>linis;</strong></span> <span class='ocrx_word' id='word_1_150' title='bbox 878 2123 898 2157; x_wconf 74' lang='grc' dir='ltr'><strong>ι</strong></span> <span class='ocrx_word' id='word_1_151' title='bbox 950 2112 1008 2157; x_wconf 92' lang='lat' dir='ltr'><strong>ut</strong></span> <span class='ocrx_word' id='word_1_152' title='bbox 1049 2117 1202 2164; x_wconf 87' lang='lat' dir='ltr'><strong>eum,</strong></span> <span class='ocrx_word' id='word_1_153' title='bbox 1237 2100 1332 2172; x_wconf 90' lang='lat' dir='ltr'><strong>qui</strong></span> <span class='ocrx_word' id='word_1_154' title='bbox 1367 2099 1701 2164; x_wconf 85' lang='lat' dir='ltr'><strong>celebratur,</strong></span> <span class='ocrx_word' id='word_1_155' title='bbox 1745 2098 2000 2166; x_wconf 88' lang='lat' dir='ltr'><strong>incorpo-</strong></span> 
     </span>
    </p>
   </div>
   <div class='ocr_carea' id='block_1_23' title="bbox 412 2186 1996 2264">
    <p class='ocr_par' dir='ltr' id='par_1_23' title="bbox 412 2186 1996 2264">
     <span class='ocr_line' id='line_1_23' title="bbox 412 2186 1996 2264; baseline -0.009 -9"><span class='ocrx_word' id='word_1_156' title='bbox 412 2217 564 2256; x_wconf 89' lang='lat' dir='ltr'><strong>reum</strong></span> <span class='ocrx_word' id='word_1_157' title='bbox 608 2208 661 2252; x_wconf 88' lang='lat' dir='ltr'><strong>et</strong></span> <span class='ocrx_word' id='word_1_158' title='bbox 709 2195 1254 2264; x_wconf 87' lang='lat' dir='ltr'><strong>incircumscriptum</strong></span> <span class='ocrx_word' id='word_1_159' title='bbox 1299 2206 1422 2247; x_wconf 88' lang='lat' dir='ltr'><strong>esse</strong></span> <span class='ocrx_word' id='word_1_160' title='bbox 1453 2191 1817 2247; x_wconf 81' lang='lat' dir='ltr'><strong>demonstret.</strong></span> <span class='ocrx_word' id='word_1_161' title='bbox 1861 2186 1996 2242; x_wconf 88' lang='lat' dir='ltr'><strong>Nam</strong></span> 
     </span>
    </p>
   </div>
   <div class='ocr_carea' id='block_1_24' title="bbox 411 2284 1997 2364">
    <p class='ocr_par' dir='ltr' id='par_1_24' title="bbox 411 2284 1997 2364">
     <span class='ocr_line' id='line_1_24' title="bbox 411 2284 1997 2364; baseline -0.008 -17"><span class='ocrx_word' id='word_1_162' title='bbox 411 2307 669 2364; x_wconf 76' lang='lat' dir='ltr'><strong>magunum</strong></span> <span class='ocrx_word' id='word_1_163' title='bbox 707 2289 935 2360; x_wconf 76' lang='lat' dir='ltr'><strong>quidem</strong></span> <span class='ocrx_word' id='word_1_164' title='bbox 979 2287 1183 2358; x_wconf 89' lang='lat' dir='ltr'><strong>ipsum,</strong></span> <span class='ocrx_word' id='word_1_165' title='bbox 1224 2285 1426 2355; x_wconf 86' lang='lat' dir='ltr'><strong>inquit,</strong></span> <span class='ocrx_word' id='word_1_166' title='bbox 1472 2284 1623 2348; x_wconf 88' lang='lat' dir='ltr'><strong>novi,</strong></span> <span class='ocrx_word' id='word_1_167' title='bbox 1663 2299 1768 2337; x_wconf 93' lang='lat' dir='ltr'><strong>non</strong></span> <span class='ocrx_word' id='word_1_168' title='bbox 1812 2290 1997 2337; x_wconf 88' lang='lat' dir='ltr'><strong>tamen</strong></span> 
     </span>
    </p>
   </div>
   <div class='ocr_carea' id='block_1_25' title="bbox 411 2373 1994 2454">
    <p class='ocr_par' dir='ltr' id='par_1_25' title="bbox 411 2373 1994 2454">
     <span class='ocr_line' id='line_1_25' title="bbox 411 2373 1994 2454; baseline -0.008 -15"><span class='ocrx_word' id='word_1_169' title='bbox 411 2381 807 2454; x_wconf 89' lang='lat' dir='ltr'><strong>comprehendi</strong></span> <span class='ocrx_word' id='word_1_170' title='bbox 863 2393 1064 2450; x_wconf 84' lang='lat' dir='ltr'><strong>posse,</strong></span> <span class='ocrx_word' id='word_1_171' title='bbox 1093 2392 1193 2434; x_wconf 89' lang='lat' dir='ltr'><strong>nec</strong></span> <span class='ocrx_word' id='word_1_172' title='bbox 1242 2373 1804 2445; x_wconf 80' lang='lat' dir='ltr'><strong>mensurari.&#39;Neque</strong></span> <span class='ocrx_word' id='word_1_173' title='bbox 1848 2373 1994 2429; x_wconf 88' lang='lat' dir='ltr'><strong>enim</strong></span> 
     </span>
    </p>
   </div>
   <div class='ocr_carea' id='block_1_26' title="bbox 413 2467 1995 2544">
    <p class='ocr_par' dir='ltr' id='par_1_26' title="bbox 413 2467 1995 2544">
     <span class='ocr_line' id='line_1_26' title="bbox 413 2467 1995 2544; baseline -0.005 -15"><span class='ocrx_word' id='word_1_174' title='bbox 413 2475 784 2544; x_wconf 87' lang='lat' dir='ltr'><strong>principium,</strong></span> <span class='ocrx_word' id='word_1_175' title='bbox 838 2486 1016 2542; x_wconf 90' lang='lat' dir='ltr'><strong>neque</strong></span> <span class='ocrx_word' id='word_1_176' title='bbox 1067 2471 1232 2526; x_wconf 84' lang='lat' dir='ltr'><strong>tinem</strong></span> <span class='ocrx_word' id='word_1_177' title='bbox 1290 2467 1688 2541; x_wconf 78' lang='lat' dir='ltr'><strong>magnitudinis</strong></span> <span class='ocrx_word' id='word_1_178' title='bbox 1734 2469 1995 2523; x_wconf 90' lang='lat' dir='ltr'><strong>invenio:</strong></span> 
     </span>
    </p>
   </div>
   <div class='ocr_carea' id='block_1_27' title="bbox 413 2562 1997 2631">
    <p class='ocr_par' dir='ltr' id='par_1_27' title="bbox 413 2562 1997 2631">
     <span class='ocr_line' id='line_1_27' title="bbox 413 2562 1997 2631; baseline -0.004 -9"><span class='ocrx_word' id='word_1_179' title='bbox 413 2569 527 2624; x_wconf 59' lang='lat' dir='ltr'><strong>hinc</strong></span> <span class='ocrx_word' id='word_1_180' title='bbox 577 2567 725 2622; x_wconf 88' lang='lat' dir='ltr'><strong>enim</strong></span> <span class='ocrx_word' id='word_1_181' title='bbox 785 2564 1000 2620; x_wconf 81' lang='lat' dir='ltr'><strong>inﬁnita</strong></span> <span class='ocrx_word' id='word_1_182' title='bbox 1041 2573 1150 2630; x_wconf 86' lang='lat' dir='ltr'><strong>est,</strong></span> <span class='ocrx_word' id='word_1_183' title='bbox 1179 2574 1234 2619; x_wconf 90' lang='lat' dir='ltr'><strong>et</strong></span> <span class='ocrx_word' id='word_1_184' title='bbox 1264 2576 1490 2618; x_wconf 88' lang='lat' dir='ltr'><strong>omnem</strong></span> <span class='ocrx_word' id='word_1_185' title='bbox 1539 2562 1743 2616; x_wconf 86' lang='lat' dir='ltr'><strong>mentis</strong></span> <span class='ocrx_word' id='word_1_186' title='bbox 1775 2575 1997 2631; x_wconf 87' lang='lat' dir='ltr'><strong>captum</strong></span> 
     </span>
    </p>
   </div>
   <div class='ocr_carea' id='block_1_28' title="bbox 411 2659 785 2719">
    <p class='ocr_par' dir='ltr' id='par_1_28' title="bbox 411 2659 785 2719">
     <span class='ocr_line' id='line_1_28' title="bbox 411 2659 785 2719; baseline -0.016 0"><span class='ocrx_word' id='word_1_187' title='bbox 411 2659 785 2719; x_wconf 86' lang='lat' dir='ltr'><strong>transcendit.</strong></span> 
     </span>
    </p>
   </div>
   <div class='ocr_carea' id='block_1_29' title="bbox 491 2747 1999 2820">
    <p class='ocr_par' dir='ltr' id='par_1_29' title="bbox 491 2747 1999 2820">
     <span class='ocr_line' id='line_1_29' title="bbox 491 2747 1999 2820; baseline -0.003 -12"><span class='ocrx_word' id='word_1_188' title='bbox 491 2754 657 2808; x_wconf 71' lang='lat' dir='ltr'><strong>Vsus.</strong></span> <span class='ocrx_word' id='word_1_189' title='bbox 679 2753 732 2806; x_wconf 71' lang='grc'>4.</span> <span class='ocrx_word' id='word_1_190' title='bbox 774 2770 791 2799; x_wconf 79' lang='grc' dir='ltr'><strong>ι</strong></span> <span class='ocrx_word' id='word_1_191' title='bbox 827 2747 1119 2804; x_wconf 86' lang='lat' dir='ltr'><strong>Gcneratio</strong></span> <span class='ocrx_word' id='word_1_192' title='bbox 1148 2757 1202 2802; x_wconf 89' lang='lat' dir='ltr'><strong>et</strong></span> <span class='ocrx_word' id='word_1_193' title='bbox 1239 2748 1523 2819; x_wconf 85' lang='lat' dir='ltr'><strong>generatio</strong></span> <span class='ocrx_word' id='word_1_194' title='bbox 1551 2749 1800 2804; x_wconf 90' lang='lat' dir='ltr'><strong>laudabit</strong></span> <span class='ocrx_word' id='word_1_195' title='bbox 1830 2763 1999 2820; x_wconf 80' lang='lat' dir='ltr'><strong>opera</strong></span> 
     </span>
    </p>
   </div>
   <div class='ocr_carea' id='block_1_30' title="bbox 414 2840 1997 2914">
    <p class='ocr_par' dir='ltr' id='par_1_30' title="bbox 414 2840 1997 2914">
     <span class='ocr_line' id='line_1_30' title="bbox 414 2840 1997 2914; baseline -0.003 -14"><span class='ocrx_word' id='word_1_196' title='bbox 414 2855 530 2911; x_wconf 89' lang='lat' dir='ltr'><strong>tua,</strong></span> <span class='ocrx_word' id='word_1_197' title='bbox 568 2857 621 2900; x_wconf 90' lang='lat' dir='ltr'><strong>et</strong></span> <span class='ocrx_word' id='word_1_198' title='bbox 645 2843 944 2914; x_wconf 89' lang='lat' dir='ltr'><strong>potentiam</strong></span> <span class='ocrx_word' id='word_1_199' title='bbox 985 2849 1133 2895; x_wconf 88' lang='lat' dir='ltr'><strong>tuam</strong></span> <span class='ocrx_word' id='word_1_200' title='bbox 1179 2840 1636 2910; x_wconf 85' lang='lat' dir='ltr'><strong>pronuntiabunt.</strong></span> <span class='ocrx_word' id='word_1_201' title='bbox 1675 2860 1692 2893; x_wconf 86' lang='grc'>›</span> <span class='ocrx_word' id='word_1_202' title='bbox 1732 2841 1997 2910; x_wconf 90' lang='lat' dir='ltr'><strong>Deinceps</strong></span> 
     </span>
    </p>
   </div>
   <div class='ocr_carea' id='block_1_31' title="bbox 413 2933 1997 3008">
    <p class='ocr_par' dir='ltr' id='par_1_31' title="bbox 413 2933 1997 3008">
     <span class='ocr_line' id='line_1_31' title="bbox 413 2933 1997 3008; baseline -0.003 -16"><span class='ocrx_word' id='word_1_203' title='bbox 413 2939 659 3008; x_wconf 78' lang='lat' dir='ltr'><strong>gentium</strong></span> <span class='ocrx_word' id='word_1_204' title='bbox 718 2934 931 3005; x_wconf 71' lang='lat'><strong>1560</strong></span> <span class='ocrx_word' id='word_1_205' title='bbox 993 2933 1244 3004; x_wconf 63' lang='lat' dir='ltr'><strong>prwcinit</strong></span> <span class='ocrx_word' id='word_1_206' title='bbox 1315 2933 1558 2988; x_wconf 89' lang='lat' dir='ltr'><strong>divinam</strong></span> <span class='ocrx_word' id='word_1_207' title='bbox 1607 2935 1997 3004; x_wconf 83' lang='lat' dir='ltr'><strong>cognitionem.</strong></span> 
     </span>
    </p>
   </div>
   <div class='ocr_carea' id='block_1_32' title="bbox 414 3021 2002 3094">
    <p class='ocr_par' dir='ltr' id='par_1_32' title="bbox 414 3021 2002 3094">
     <span class='ocr_line' id='line_1_32' title="bbox 414 3021 2002 3094; baseline -0.003 -12"><span class='ocrx_word' id='word_1_208' title='bbox 414 3026 532 3082; x_wconf 61' lang='lat' dir='ltr'><strong>Non</strong></span> <span class='ocrx_word' id='word_1_209' title='bbox 571 3025 750 3081; x_wconf 84' lang='lat' dir='ltr'><strong>solum</strong></span> <span class='ocrx_word' id='word_1_210' title='bbox 789 3025 962 3086; x_wconf 87' lang='lat' dir='ltr'><strong>enim,</strong></span> <span class='ocrx_word' id='word_1_211' title='bbox 1007 3023 1220 3094; x_wconf 90' lang='lat' dir='ltr'><strong>inquit,</strong></span> <span class='ocrx_word' id='word_1_212' title='bbox 1261 3037 1362 3078; x_wconf 88' lang='lat' dir='ltr'><strong>nos</strong></span> <span class='ocrx_word' id='word_1_213' title='bbox 1397 3023 1493 3093; x_wconf 88' lang='lat' dir='ltr'><strong>qui</strong></span> <span class='ocrx_word' id='word_1_214' title='bbox 1533 3040 1598 3078; x_wconf 78' lang='lat' dir='ltr'><strong>ex</strong></span> <span class='ocrx_word' id='word_1_215' title='bbox 1661 3021 1860 3078; x_wconf 87' lang='lat' dir='ltr'><strong>lsraele</strong></span> <span class='ocrx_word' id='word_1_216' title='bbox 1906 3023 2002 3077; x_wconf 92' lang='lat' dir='ltr'><strong>de-</strong></span> 
     </span>
    </p>
   </div>
   <div class='ocr_carea' id='block_1_33' title="bbox 419 3115 2000 3190">
    <p class='ocr_par' dir='ltr' id='par_1_33' title="bbox 419 3115 2000 3190">
     <span class='ocr_line' id='line_1_33' title="bbox 419 3115 2000 3190; baseline -0.004 -15"><span class='ocrx_word' id='word_1_217' title='bbox 419 3120 761 3186; x_wconf 89' lang='lat' dir='ltr'><strong>scendimus,</strong></span> <span class='ocrx_word' id='word_1_218' title='bbox 792 3133 888 3190; x_wconf 89' lang='lat' dir='ltr'><strong>per</strong></span> <span class='ocrx_word' id='word_1_219' title='bbox 911 3118 1056 3172; x_wconf 89' lang='lat' dir='ltr'><strong>hanc</strong></span> <span class='ocrx_word' id='word_1_220' title='bbox 1084 3115 1495 3187; x_wconf 81' lang='lat' dir='ltr'><strong>generationem</strong></span> <span class='ocrx_word' id='word_1_221' title='bbox 1515 3125 1567 3170; x_wconf 90' lang='lat' dir='ltr'><strong>te</strong></span> <span class='ocrx_word' id='word_1_222' title='bbox 1594 3115 2000 3170; x_wconf 80' lang='lat' dir='ltr'><strong>benefactorem</strong></span> 
     </span>
    </p>
   </div>
   <div class='ocr_carea' id='block_1_34' title="bbox 419 3206 1999 3276">
    <p class='ocr_par' dir='ltr' id='par_1_34' title="bbox 419 3206 1999 3276">
     <span class='ocr_line' id='line_1_34' title="bbox 419 3206 1999 3276; baseline -0.006 -7"><span class='ocrx_word' id='word_1_223' title='bbox 419 3213 793 3276; x_wconf 87' lang='lat' dir='ltr'><strong>laudabimus,</strong></span> <span class='ocrx_word' id='word_1_224' title='bbox 819 3211 912 3265; x_wconf 84' lang='lat' dir='ltr'><strong>sed</strong></span> <span class='ocrx_word' id='word_1_225' title='bbox 949 3209 1111 3264; x_wconf 90' lang='lat' dir='ltr'><strong>etiam</strong></span> <span class='ocrx_word' id='word_1_226' title='bbox 1153 3209 1258 3262; x_wconf 88' lang='lat' dir='ltr'><strong>alia</strong></span> <span class='ocrx_word' id='word_1_227' title='bbox 1295 3208 1597 3276; x_wconf 83' lang='lat' dir='ltr'><strong>generatio,</strong></span> <span class='ocrx_word' id='word_1_228' title='bbox 1635 3207 1882 3262; x_wconf 85' lang='lat' dir='ltr'><strong>Ecclesia</strong></span> <span class='ocrx_word' id='word_1_229' title='bbox 1911 3206 1999 3261; x_wconf 90' lang='lat' dir='ltr'><strong>ni-</strong></span> 
     </span>
    </p>
   </div>
   <div class='ocr_carea' id='block_1_35' title="bbox 419 3301 1492 3375">
    <p class='ocr_par' dir='ltr' id='par_1_35' title="bbox 419 3301 1492 3375">
     <span class='ocr_line' id='line_1_35' title="bbox 419 3301 1492 3375; baseline -0.005 -14"><span class='ocrx_word' id='word_1_230' title='bbox 419 3308 624 3361; x_wconf 82' lang='lat' dir='ltr'><strong>mirum</strong></span> <span class='ocrx_word' id='word_1_231' title='bbox 664 3302 1129 3375; x_wconf 82' lang='lat' dir='ltr'><strong>magnilicentiam</strong></span> <span class='ocrx_word' id='word_1_232' title='bbox 1155 3301 1492 3372; x_wconf 69' lang='lat' dir='ltr'><strong>praedicabit.</strong></span> 
     </span>
    </p>
   </div>
   <div class='ocr_carea' id='block_1_36' title="bbox 487 3393 2084 3464">
    <p class='ocr_par' dir='ltr' id='par_1_36' title="bbox 487 3393 2084 3464">
     <span class='ocr_line' id='line_1_36' title="bbox 487 3393 2084 3464; baseline -0.003 -12"><span class='ocrx_word' id='word_1_233' title='bbox 487 3397 655 3452; x_wconf 71' lang='lat' dir='ltr'><strong>Vsus.</strong></span> <span class='ocrx_word' id='word_1_234' title='bbox 691 3398 744 3451; x_wconf 83' lang='lat'><strong>5.</strong></span> <span class='ocrx_word' id='word_1_235' title='bbox 787 3414 806 3446; x_wconf 78' lang='grc' dir='ltr'><strong>ι</strong></span> <span class='ocrx_word' id='word_1_236' title='bbox 843 3393 1301 3464; x_wconf 81' lang='lat' dir='ltr'><strong>Magnilicentiam</strong></span> <span class='ocrx_word' id='word_1_237' title='bbox 1329 3393 1519 3462; x_wconf 65' lang='lat' dir='ltr'><strong>gloriae</strong></span> <span class='ocrx_word' id='word_1_238' title='bbox 1561 3393 1868 3450; x_wconf 87' lang='lat' dir='ltr'><strong>sanctitatis</strong></span> <span class='ocrx_word' id='word_1_239' title='bbox 1902 3402 2007 3448; x_wconf 71' lang='lat' dir='ltr'><strong>tua:</strong></span> <span class='ocrx_word' id='word_1_240' title='bbox 2075 3411 2084 3419; x_wconf 91' lang='grc'><strong>·</strong></span> 
     </span>
    </p>
   </div>
   <div class='ocr_carea' id='block_1_37' title="bbox 418 3480 2005 3559">
    <p class='ocr_par' dir='ltr' id='par_1_37' title="bbox 418 3480 2005 3559">
     <span class='ocr_line' id='line_1_37' title="bbox 418 3480 2005 3559; baseline -0.006 -15"><span class='ocrx_word' id='word_1_241' title='bbox 418 3490 750 3559; x_wconf 84' lang='lat' dir='ltr'><strong>loquentur,</strong></span> <span class='ocrx_word' id='word_1_242' title='bbox 805 3496 858 3540; x_wconf 90' lang='lat' dir='ltr'><strong>et</strong></span> <span class='ocrx_word' id='word_1_243' title='bbox 902 3483 1177 3538; x_wconf 90' lang='lat' dir='ltr'><strong>mirabilia</strong></span> <span class='ocrx_word' id='word_1_244' title='bbox 1222 3493 1314 3537; x_wconf 88' lang='lat' dir='ltr'><strong>tua</strong></span> <span class='ocrx_word' id='word_1_245' title='bbox 1371 3484 1695 3537; x_wconf 88' lang='lat' dir='ltr'><strong>narrabunt.</strong></span> <span class='ocrx_word' id='word_1_246' title='bbox 1734 3502 1752 3534; x_wconf 74' lang='grc' dir='ltr'><strong>ι</strong></span> <span class='ocrx_word' id='word_1_247' title='bbox 1800 3480 2005 3536; x_wconf 84' lang='lat' dir='ltr'><strong>Natura</strong></span> 
     </span>
    </p>
   </div>
   <div class='ocr_carea' id='block_1_38' title="bbox 418 3572 2007 3652">
    <p class='ocr_par' dir='ltr' id='par_1_38' title="bbox 418 3572 2007 3652">
     <span class='ocr_line' id='line_1_38' title="bbox 418 3572 2007 3652; baseline -0.005 -16"><span class='ocrx_word' id='word_1_248' title='bbox 418 3581 542 3652; x_wconf 85' lang='lat' dir='ltr'><strong>ejus</strong></span> <span class='ocrx_word' id='word_1_249' title='bbox 564 3579 658 3650; x_wconf 89' lang='lat' dir='ltr'><strong>qui</strong></span> <span class='ocrx_word' id='word_1_250' title='bbox 694 3576 950 3632; x_wconf 81' lang='lat' dir='ltr'><strong>laudatur</strong></span> <span class='ocrx_word' id='word_1_251' title='bbox 985 3575 1272 3645; x_wconf 77' lang='lat' dir='ltr'><strong>Propheta:</strong></span> <span class='ocrx_word' id='word_1_252' title='bbox 1298 3575 1446 3630; x_wconf 81' lang='lat' dir='ltr'><strong>vires</strong></span> <span class='ocrx_word' id='word_1_253' title='bbox 1477 3583 1721 3646; x_wconf 88' lang='lat' dir='ltr'><strong>superat.</strong></span> <span class='ocrx_word' id='word_1_254' title='bbox 1753 3572 1890 3629; x_wconf 85' lang='lat' dir='ltr'><strong>Nam</strong></span> <span class='ocrx_word' id='word_1_255' title='bbox 1924 3574 2007 3628; x_wconf 85' lang='lat' dir='ltr'><strong>di-</strong></span> 
     </span>
    </p>
   </div>
   <div class='ocr_carea' id='block_1_39' title="bbox 418 3665 2008 3745">
    <p class='ocr_par' dir='ltr' id='par_1_39' title="bbox 418 3665 2008 3745">
     <span class='ocr_line' id='line_1_39' title="bbox 418 3665 2008 3745; baseline -0.003 -20"><span class='ocrx_word' id='word_1_256' title='bbox 418 3689 556 3745; x_wconf 81' lang='lat' dir='ltr'><strong>guas</strong></span> <span class='ocrx_word' id='word_1_257' title='bbox 582 3682 635 3726; x_wconf 89' lang='lat' dir='ltr'><strong>et</strong></span> <span class='ocrx_word' id='word_1_258' title='bbox 656 3678 863 3724; x_wconf 81' lang='lat' dir='ltr'><strong>natura-</strong></span> <span class='ocrx_word' id='word_1_259' title='bbox 884 3677 1041 3738; x_wconf 89' lang='lat' dir='ltr'><strong>aptas</strong></span> <span class='ocrx_word' id='word_1_260' title='bbox 1059 3666 1456 3737; x_wconf 84' lang='lat' dir='ltr'><strong>appellationes</strong></span> <span class='ocrx_word' id='word_1_261' title='bbox 1481 3665 1788 3736; x_wconf 85' lang='lat' dir='ltr'><strong>inquirens,</strong></span> <span class='ocrx_word' id='word_1_262' title='bbox 1811 3665 2008 3721; x_wconf 86' lang='lat' dir='ltr'><strong>deinde</strong></span> 
     </span>
    </p>
   </div>
   <div class='ocr_carea' id='block_1_40' title="bbox 419 3758 2008 3834">
    <p class='ocr_par' dir='ltr' id='par_1_40' title="bbox 419 3758 2008 3834">
     <span class='ocr_line' id='line_1_40' title="bbox 419 3758 2008 3834; baseline -0.006 -14"><span class='ocrx_word' id='word_1_263' title='bbox 419 3763 642 3834; x_wconf 82' lang='lat' dir='ltr'><strong>assequi</strong></span> <span class='ocrx_word' id='word_1_264' title='bbox 678 3777 786 3815; x_wconf 90' lang='lat' dir='ltr'><strong>non</strong></span> <span class='ocrx_word' id='word_1_265' title='bbox 825 3761 1041 3824; x_wconf 73' lang='lat' dir='ltr'><strong>valens,</strong></span> <span class='ocrx_word' id='word_1_266' title='bbox 1091 3758 1262 3814; x_wconf 88' lang='lat' dir='ltr'><strong>multa</strong></span> <span class='ocrx_word' id='word_1_267' title='bbox 1301 3759 1356 3813; x_wconf 92' lang='lat' dir='ltr'><strong>in</strong></span> <span class='ocrx_word' id='word_1_268' title='bbox 1394 3773 1563 3814; x_wconf 92' lang='lat' dir='ltr'><strong>unum</strong></span> <span class='ocrx_word' id='word_1_269' title='bbox 1610 3759 1832 3813; x_wconf 89' lang='lat' dir='ltr'><strong>nomina</strong></span> <span class='ocrx_word' id='word_1_270' title='bbox 1873 3773 2008 3813; x_wconf 89' lang='lat' dir='ltr'><strong>con-</strong></span> 
     </span>
    </p>
   </div>
   <div class='ocr_carea' id='block_1_41' title="bbox 423 3850 2009 3922">
    <p class='ocr_par' dir='ltr' id='par_1_41' title="bbox 423 3850 2009 3922">
     <span class='ocr_line' id='line_1_41' title="bbox 423 3850 2009 3922; baseline -0.005 -10"><span class='ocrx_word' id='word_1_271' title='bbox 423 3858 610 3922; x_wconf 86' lang='lat' dir='ltr'><strong>nectit,</strong></span> <span class='ocrx_word' id='word_1_272' title='bbox 647 3854 958 3910; x_wconf 84' lang='lat' dir='ltr'><strong>sanctitatis</strong></span> <span class='ocrx_word' id='word_1_273' title='bbox 989 3853 1218 3920; x_wconf 72' lang='lat' dir='ltr'><strong>gloriam</strong></span> <span class='ocrx_word' id='word_1_274' title='bbox 1249 3861 1304 3906; x_wconf 91' lang='lat' dir='ltr'><strong>et</strong></span> <span class='ocrx_word' id='word_1_275' title='bbox 1328 3850 1792 3921; x_wconf 81' lang='lat' dir='ltr'><strong>magniﬁcentiam</strong></span> <span class='ocrx_word' id='word_1_276' title='bbox 1823 3851 2009 3922; x_wconf 89' lang='lat' dir='ltr'><strong>appel-</strong></span> 
     </span>
    </p>
   </div>
   <div class='ocr_carea' id='block_1_42' title="bbox 423 3943 2008 4018">
    <p class='ocr_par' dir='ltr' id='par_1_42' title="bbox 423 3943 2008 4018">
     <span class='ocr_line' id='line_1_42' title="bbox 423 3943 2008 4018; baseline -0.004 -14"><span class='ocrx_word' id='word_1_277' title='bbox 423 3952 563 4005; x_wconf 88' lang='lat' dir='ltr'><strong>lans.</strong></span> <span class='ocrx_word' id='word_1_278' title='bbox 604 3948 730 4003; x_wconf 64' lang='lat' dir='ltr'><strong>Haec</strong></span> <span class='ocrx_word' id='word_1_279' title='bbox 761 3946 928 4018; x_wconf 78' lang='lat' dir='ltr'><strong>igitur</strong></span> <span class='ocrx_word' id='word_1_280' title='bbox 966 3943 1217 4014; x_wconf 63' lang='lat' dir='ltr'><strong>praecinit</strong></span> <span class='ocrx_word' id='word_1_281' title='bbox 1241 3944 1310 3998; x_wconf 86' lang='lat' dir='ltr'><strong>ab</strong></span> <span class='ocrx_word' id='word_1_282' title='bbox 1344 3943 1450 3998; x_wconf 87' lang='lat' dir='ltr'><strong>alia</strong></span> <span class='ocrx_word' id='word_1_283' title='bbox 1487 3943 1840 4015; x_wconf 87' lang='lat' dir='ltr'><strong>generatione</strong></span> <span class='ocrx_word' id='word_1_284' title='bbox 1871 3959 2008 4015; x_wconf 68' lang='lat' dir='ltr'><strong>prte-</strong></span> 
     </span>
    </p>
   </div>
   <div class='ocr_carea' id='block_1_43' title="bbox 420 4044 822 4101">
    <p class='ocr_par' dir='ltr' id='par_1_43' title="bbox 420 4044 822 4101">
     <span class='ocr_line' id='line_1_43' title="bbox 420 4044 822 4101; baseline -0.002 -3"><span class='ocrx_word' id='word_1_285' title='bbox 420 4044 650 4101; x_wconf 88' lang='lat' dir='ltr'><strong>dicanda</strong></span> <span class='ocrx_word' id='word_1_286' title='bbox 679 4056 822 4098; x_wconf 90' lang='lat' dir='ltr'><strong>esse.</strong></span> 
     </span>
    </p>
   </div>
   <div class='ocr_carea' id='block_1_44' title="bbox 497 4150 2010 4215">
    <p class='ocr_par' dir='ltr' id='par_1_44' title="bbox 497 4150 2010 4215">
     <span class='ocr_line' id='line_1_44' title="bbox 497 4150 2010 4215; baseline -0.007 0"><span class='ocrx_word' id='word_1_287' title='bbox 497 4159 666 4215; x_wconf 67' lang='lat' dir='ltr'><strong>Vsus.</strong></span> <span class='ocrx_word' id='word_1_288' title='bbox 700 4158 755 4213; x_wconf 82' lang='grc' dir='ltr'><strong>θ.</strong></span> <span class='ocrx_word' id='word_1_289' title='bbox 781 4175 804 4208; x_wconf 70' lang='grc' dir='ltr'><strong>ι</strong></span> <span class='ocrx_word' id='word_1_290' title='bbox 837 4155 904 4210; x_wconf 87' lang='lat' dir='ltr'><strong>Et</strong></span> <span class='ocrx_word' id='word_1_291' title='bbox 925 4153 1192 4209; x_wconf 69' lang='lat' dir='ltr'><strong>virtutem</strong></span> <span class='ocrx_word' id='word_1_292' title='bbox 1218 4150 1545 4206; x_wconf 85' lang='lat' dir='ltr'><strong>terribilium</strong></span> <span class='ocrx_word' id='word_1_293' title='bbox 1580 4159 1802 4206; x_wconf 89' lang='lat' dir='ltr'><strong>tuorum</strong></span> <span class='ocrx_word' id='word_1_294' title='bbox 1826 4151 2010 4207; x_wconf 88' lang='lat' dir='ltr'><strong>dicent</strong></span> 
     </span>
    </p>
   </div>
   <div class='ocr_carea' id='block_1_45' title="bbox 422 4239 2008 4320">
    <p class='ocr_par' dir='ltr' id='par_1_45' title="bbox 422 4239 2008 4320">
     <span class='ocr_line' id='line_1_45' title="bbox 422 4239 2008 4320; baseline -0.006 -14"><span class='ocrx_word' id='word_1_295' title='bbox 422 4261 476 4306; x_wconf 91' lang='lat' dir='ltr'><strong>et</strong></span> <span class='ocrx_word' id='word_1_296' title='bbox 501 4247 948 4320; x_wconf 84' lang='lat' dir='ltr'><strong>magnitudinem</strong></span> <span class='ocrx_word' id='word_1_297' title='bbox 986 4253 1139 4300; x_wconf 87' lang='lat' dir='ltr'><strong>tuam</strong></span> <span class='ocrx_word' id='word_1_298' title='bbox 1190 4241 1512 4298; x_wconf 81' lang='lat' dir='ltr'><strong>narrabunt.</strong></span> <span class='ocrx_word' id='word_1_299' title='bbox 1551 4257 1571 4291; x_wconf 74' lang='grc' dir='ltr'><strong>ι</strong></span> <span class='ocrx_word' id='word_1_300' title='bbox 1613 4239 1844 4295; x_wconf 80' lang='lat' dir='ltr'><strong>Videtur</strong></span> <span class='ocrx_word' id='word_1_301' title='bbox 1880 4240 2008 4310; x_wconf 82' lang='lat' dir='ltr'><strong>qui-</strong></span> 
     </span>
    </p>
   </div>
   <div class='ocr_carea' id='block_1_46' title="bbox 423 4330 2011 4410">
    <p class='ocr_par' dir='ltr' id='par_1_46' title="bbox 423 4330 2011 4410">
     <span class='ocr_line' id='line_1_46' title="bbox 423 4330 2011 4410; baseline -0.007 -13"><span class='ocrx_word' id='word_1_302' title='bbox 423 4345 548 4398; x_wconf 88' lang='lat' dir='ltr'><strong>dem</strong></span> <span class='ocrx_word' id='word_1_303' title='bbox 585 4339 887 4410; x_wconf 88' lang='lat' dir='ltr'><strong>tautologia</strong></span> <span class='ocrx_word' id='word_1_304' title='bbox 926 4337 1032 4403; x_wconf 89' lang='lat' dir='ltr'><strong>uti,</strong></span> <span class='ocrx_word' id='word_1_305' title='bbox 1073 4334 1289 4391; x_wconf 80' lang='lat' dir='ltr'><strong>diversa</strong></span> <span class='ocrx_word' id='word_1_306' title='bbox 1327 4340 1514 4388; x_wconf 90' lang='lat' dir='ltr'><strong>tamen</strong></span> <span class='ocrx_word' id='word_1_307' title='bbox 1545 4331 1836 4402; x_wconf 81' lang='lat' dir='ltr'><strong>signiﬁcat.</strong></span> <span class='ocrx_word' id='word_1_308' title='bbox 1873 4330 2011 4387; x_wconf 86' lang='lat' dir='ltr'><strong>Nam</strong></span> 
     </span>
    </p>
   </div>
   <div class='ocr_carea' id='block_1_47' title="bbox 424 4424 2009 4496">
    <p class='ocr_par' dir='ltr' id='par_1_47' title="bbox 424 4424 2009 4496">
     <span class='ocr_line' id='line_1_47' title="bbox 424 4424 2009 4496; baseline -0.006 -8"><span class='ocrx_word' id='word_1_309' title='bbox 424 4434 696 4488; x_wconf 79' lang='lat' dir='ltr'><strong>mirabilia</strong></span> <span class='ocrx_word' id='word_1_310' title='bbox 714 4431 871 4496; x_wconf 88' lang='lat' dir='ltr'><strong>dicit,</strong></span> <span class='ocrx_word' id='word_1_311' title='bbox 904 4427 1174 4485; x_wconf 81' lang='lat' dir='ltr'><strong>miracula</strong></span> <span class='ocrx_word' id='word_1_312' title='bbox 1196 4427 1252 4481; x_wconf 90' lang='lat' dir='ltr'><strong>in</strong></span> <span class='ocrx_word' id='word_1_313' title='bbox 1278 4426 1648 4496; x_wconf 89' lang='lat' dir='ltr'><strong>quorumdam</strong></span> <span class='ocrx_word' id='word_1_314' title='bbox 1684 4424 2009 4480; x_wconf 87' lang='lat' dir='ltr'><strong>benelicium</strong></span> 
     </span>
    </p>
   </div>
   <div class='ocr_carea' id='block_1_48' title="bbox 423 4514 2011 4585">
    <p class='ocr_par' dir='ltr' id='par_1_48' title="bbox 423 4514 2011 4585">
     <span class='ocr_line' id='line_1_48' title="bbox 423 4514 2011 4585; baseline -0.009 -4"><span class='ocrx_word' id='word_1_315' title='bbox 423 4527 606 4582; x_wconf 86' lang='lat' dir='ltr'><strong>edita:</strong></span> <span class='ocrx_word' id='word_1_316' title='bbox 635 4526 883 4579; x_wconf 78' lang='lat' dir='ltr'><strong>virtutem</strong></span> <span class='ocrx_word' id='word_1_317' title='bbox 909 4530 1097 4576; x_wconf 84' lang='lat' dir='ltr'><strong>autem</strong></span> <span class='ocrx_word' id='word_1_318' title='bbox 1141 4518 1482 4582; x_wconf 77' lang='lat' dir='ltr'><strong>terribilium,</strong></span> <span class='ocrx_word' id='word_1_319' title='bbox 1517 4531 1713 4585; x_wconf 81' lang='lat' dir='ltr'><strong>magna</strong></span> <span class='ocrx_word' id='word_1_320' title='bbox 1745 4529 1909 4584; x_wconf 86' lang='lat' dir='ltr'><strong>Opera</strong></span> <span class='ocrx_word' id='word_1_321' title='bbox 1941 4514 2011 4567; x_wconf 89' lang='lat' dir='ltr'><strong>ob</strong></span> 
     </span>
    </p>
   </div>
   <div class='ocr_carea' id='block_1_49' title="bbox 2095 602 3696 683">
    <p class='ocr_par' dir='ltr' id='par_1_49' title="bbox 2095 602 3696 683">
     <span class='ocr_line' id='line_1_49' title="bbox 2095 602 3696 683; baseline 0.005 -26"><span class='ocrx_word' id='word_1_322' title='bbox 2095 605 2372 676; x_wconf 86' lang='grc' dir='ltr'>γενέσθαι.</span> <span class='ocrx_word' id='word_1_323' title='bbox 2403 624 2420 657; x_wconf 77' lang='grc' dir='ltr'><strong>ι</strong></span> <span class='ocrx_word' id='word_1_324' title='bbox 2447 606 2522 658; x_wconf 89' lang='grc' dir='ltr'>Οὐ</span> <span class='ocrx_word' id='word_1_325' title='bbox 2553 606 2732 658; x_wconf 78' lang='grc' dir='ltr'>τοίνυν</span> <span class='ocrx_word' id='word_1_326' title='bbox 2761 605 2954 658; x_wconf 73' lang='grc' dir='ltr'>ἔλαϐεν</span> <span class='ocrx_word' id='word_1_327' title='bbox 2983 604 3013 658; x_wconf 81' lang='grc' dir='ltr'><strong>δ</strong></span> <span class='ocrx_word' id='word_1_328' title='bbox 3053 606 3128 677; x_wconf 83' lang='grc' dir='ltr'>μὴ</span> <span class='ocrx_word' id='word_1_329' title='bbox 3163 602 3336 679; x_wconf 81' lang='grc' dir='ltr'>εἶχεν,</span> <span class='ocrx_word' id='word_1_330' title='bbox 3375 609 3491 664; x_wconf 82' lang='grc' dir='ltr'>ἀλλ’</span> <span class='ocrx_word' id='word_1_331' title='bbox 3523 611 3553 663; x_wconf 86' lang='grc' dir='ltr'><em>ὃ</em></span> <span class='ocrx_word' id='word_1_332' title='bbox 3578 607 3696 683; x_wconf 70' lang='grc' dir='ltr'>εἶχε</span> 
     </span>
    </p>
   </div>
   <div class='ocr_carea' id='block_1_50' title="bbox 2097 698 3698 768">
    <p class='ocr_par' dir='ltr' id='par_1_50' title="bbox 2097 698 3698 768">
     <span class='ocr_line' id='line_1_50' title="bbox 2097 698 3698 768; baseline 0.005 -17"><span class='ocrx_word' id='word_1_333' title='bbox 2097 698 2257 768; x_wconf 80' lang='grc' dir='ltr'>δῆλον</span> <span class='ocrx_word' id='word_1_334' title='bbox 2286 701 2401 762; x_wconf 81' lang='grc' dir='ltr'>τοῖς</span> <span class='ocrx_word' id='word_1_335' title='bbox 2426 699 2528 752; x_wconf 84' lang='grc' dir='ltr'><strong>οὐκ</strong></span> <span class='ocrx_word' id='word_1_336' title='bbox 2573 698 2772 752; x_wconf 71' lang='grc' dir='ltr'>εἰδόσιν</span> <span class='ocrx_word' id='word_1_337' title='bbox 2816 699 3054 766; x_wconf 81' lang='grc' dir='ltr'>ἐγένετο.</span> <span class='ocrx_word' id='word_1_338' title='bbox 3093 700 3203 752; x_wconf 71' lang='grc' dir='ltr'><strong>Καὶ</strong></span> <span class='ocrx_word' id='word_1_339' title='bbox 3246 702 3484 756; x_wconf 80' lang='grc' dir='ltr'>ἐνταῦθα</span> <span class='ocrx_word' id='word_1_340' title='bbox 3515 705 3698 759; x_wconf 86' lang='grc' dir='ltr'>τοίνυν</span> 
     </span>
    </p>
   </div>
   <div class='ocr_carea' id='block_1_51' title="bbox 2096 791 3697 864">
    <p class='ocr_par' dir='ltr' id='par_1_51' title="bbox 2096 791 3697 864">
     <span class='ocr_line' id='line_1_51' title="bbox 2096 791 3697 864; baseline 0.002 -18"><span class='ocrx_word' id='word_1_341' title='bbox 2096 794 2124 846; x_wconf 86' lang='grc' dir='ltr'><strong>ὁ</strong></span> <span class='ocrx_word' id='word_1_342' title='bbox 2157 791 2454 862; x_wconf 70' lang='grc' dir='ltr'>Προφήτης</span> <span class='ocrx_word' id='word_1_343' title='bbox 2481 793 2581 862; x_wconf 84' lang='grc' dir='ltr'><strong>οὐχ</strong></span> <span class='ocrx_word' id='word_1_344' title='bbox 2620 791 2826 862; x_wconf 65' lang='grc' dir='ltr'>ὑψηλὸν</span> <span class='ocrx_word' id='word_1_345' title='bbox 2860 795 3038 845; x_wconf 78' lang='grc' dir='ltr'><strong>ποιεῖν</strong></span> <span class='ocrx_word' id='word_1_346' title='bbox 3067 793 3159 846; x_wconf 78' lang='grc' dir='ltr'><strong>τὸν</strong></span> <span class='ocrx_word' id='word_1_347' title='bbox 3193 794 3326 846; x_wconf 68' lang='grc' dir='ltr'>Θεὸν</span> <span class='ocrx_word' id='word_1_348' title='bbox 3360 796 3697 864; x_wconf 82' lang='grc' dir='ltr'>ἐπαγγέλλε-</span> 
     </span>
    </p>
   </div>
   <div class='ocr_carea' id='block_1_52' title="bbox 2095 883 3696 955">
    <p class='ocr_par' dir='ltr' id='par_1_52' title="bbox 2095 883 3696 955">
     <span class='ocr_line' id='line_1_52' title="bbox 2095 883 3696 955; baseline 0.003 -19"><span class='ocrx_word' id='word_1_349' title='bbox 2095 900 2208 944; x_wconf 87' lang='grc' dir='ltr'>ται,</span> <span class='ocrx_word' id='word_1_350' title='bbox 2238 883 2375 937; x_wconf 79' lang='grc' dir='ltr'>ἀλλὰ</span> <span class='ocrx_word' id='word_1_351' title='bbox 2401 883 2461 934; x_wconf 79' lang='grc' dir='ltr'>τὸ</span> <span class='ocrx_word' id='word_1_352' title='bbox 2495 883 2628 952; x_wconf 65' lang='grc' dir='ltr'>ὕψος</span> <span class='ocrx_word' id='word_1_353' title='bbox 2657 883 2827 936; x_wconf 78' lang='grc' dir='ltr'>αὐτοῦ</span> <span class='ocrx_word' id='word_1_354' title='bbox 2860 887 2972 948; x_wconf 86' lang='grc' dir='ltr'>τοῖς</span> <span class='ocrx_word' id='word_1_355' title='bbox 3007 884 3340 955; x_wconf 78' lang='grc' dir='ltr'>ἀνθρώποις,</span> <span class='ocrx_word' id='word_1_356' title='bbox 3374 889 3448 952; x_wconf 80' lang='grc' dir='ltr'>ὡς</span> <span class='ocrx_word' id='word_1_357' title='bbox 3488 883 3600 941; x_wconf 66' lang='grc' dir='ltr'><strong>ιῖὗν</strong></span> <span class='ocrx_word' id='word_1_358' title='bbox 3636 908 3696 943; x_wconf 82' lang='grc' dir='ltr'><strong>τε</strong></span> 
     </span>
    </p>
   </div>
   <div class='ocr_carea' id='block_1_53' title="bbox 2095 976 3695 1053">
    <p class='ocr_par' dir='ltr' id='par_1_53' title="bbox 2095 976 3695 1053">
     <span class='ocr_line' id='line_1_53' title="bbox 2095 976 3695 1053; baseline 0.004 -23"><span class='ocrx_word' id='word_1_359' title='bbox 2095 976 2402 1030; x_wconf 72' lang='grc' dir='ltr'>δεικνύναιο</span> <span class='ocrx_word' id='word_1_360' title='bbox 2437 978 2533 1030; x_wconf 81' lang='grc' dir='ltr'><strong>καὶ</strong></span> <span class='ocrx_word' id='word_1_361' title='bbox 2571 976 2664 1028; x_wconf 78' lang='grc' dir='ltr'><strong>τὸν</strong></span> <span class='ocrx_word' id='word_1_362' title='bbox 2698 977 2958 1031; x_wconf 79' lang='grc' dir='ltr'>ἁπάντων</span> <span class='ocrx_word' id='word_1_363' title='bbox 2991 977 3145 1042; x_wconf 75' lang='grc' dir='ltr'>Θεὸν,</span> <span class='ocrx_word' id='word_1_364' title='bbox 3181 981 3276 1032; x_wconf 79' lang='grc' dir='ltr'><strong>καὶ</strong></span> <span class='ocrx_word' id='word_1_365' title='bbox 3305 981 3439 1034; x_wconf 78' lang='grc' dir='ltr'>Θεὸν</span> <span class='ocrx_word' id='word_1_366' title='bbox 3470 983 3564 1034; x_wconf 73' lang='grc' dir='ltr'>καὶ</span> <span class='ocrx_word' id='word_1_367' title='bbox 3595 983 3695 1053; x_wconf 78' lang='grc' dir='ltr'><strong>βα-</strong></span> 
     </span>
    </p>
   </div>
   <div class='ocr_carea' id='block_1_54' title="bbox 2099 1053 3753 1143">
    <p class='ocr_par' dir='ltr' id='par_1_54' title="bbox 2099 1053 3753 1143">
     <span class='ocr_line' id='line_1_54' title="bbox 2099 1053 3753 1143; baseline 0.002 -20"><span class='ocrx_word' id='word_1_368' title='bbox 2099 1069 2250 1125; x_wconf 84' lang='grc' dir='ltr'>σιλέα</span> <span class='ocrx_word' id='word_1_369' title='bbox 2281 1071 2413 1124; x_wconf 74' lang='grc' dir='ltr'>ἴδιον</span> <span class='ocrx_word' id='word_1_370' title='bbox 2457 1070 2737 1141; x_wconf 80' lang='grc' dir='ltr'>ὀνομάζει,</span> <span class='ocrx_word' id='word_1_371' title='bbox 2772 1072 2878 1126; x_wconf 76' lang='grc' dir='ltr'>ὐπὸ</span> <span class='ocrx_word' id='word_1_372' title='bbox 2920 1070 3016 1125; x_wconf 82' lang='grc' dir='ltr'>τοῦ</span> <span class='ocrx_word' id='word_1_373' title='bbox 3061 1071 3290 1143; x_wconf 71' lang='grc' dir='ltr'>φίλτρου</span> <span class='ocrx_word' id='word_1_374' title='bbox 3326 1073 3484 1128; x_wconf 74' lang='grc' dir='ltr'><strong>τοίτο</strong></span> <span class='ocrx_word' id='word_1_375' title='bbox 3519 1078 3697 1127; x_wconf 77' lang='grc' dir='ltr'>ποιεῖν</span> <span class='ocrx_word' id='word_1_376' title='bbox 3746 1053 3753 1070; x_wconf 48' lang='grc'><strong><em>⁸</em></strong></span> 
     </span>
    </p>
   </div>
   <div class='ocr_carea' id='block_1_55' title="bbox 2098 1162 2496 1232">
    <p class='ocr_par' dir='ltr' id='par_1_55' title="bbox 2098 1162 2496 1232">
     <span class='ocr_line' id='line_1_55' title="bbox 2098 1162 2496 1232; baseline 0.01 -20"><span class='ocrx_word' id='word_1_377' title='bbox 2098 1162 2496 1232; x_wconf 82' lang='grc' dir='ltr'><strong>προαγόμενος.</strong></span> 
     </span>
    </p>
   </div>
   <div class='ocr_carea' id='block_1_56' title="bbox 2170 1273 3698 1348">
    <p class='ocr_par' dir='ltr' id='par_1_56' title="bbox 2170 1273 3698 1348">
     <span class='ocr_line' id='line_1_56' title="bbox 2170 1273 3698 1348; baseline 0.001 -20"><span class='ocrx_word' id='word_1_378' title='bbox 2170 1273 2235 1345; x_wconf 83' lang='grc' dir='ltr'><strong>β’.</strong></span> <span class='ocrx_word' id='word_1_379' title='bbox 2277 1294 2296 1328; x_wconf 77' lang='grc' dir='ltr'><strong>ι</strong></span> <span class='ocrx_word' id='word_1_380' title='bbox 2337 1277 2478 1329; x_wconf 82' lang='grc' dir='ltr'>Καθ’</span> <span class='ocrx_word' id='word_1_381' title='bbox 2512 1276 2749 1346; x_wconf 80' lang='grc' dir='ltr'>ἑκάστην</span> <span class='ocrx_word' id='word_1_382' title='bbox 2788 1275 3004 1347; x_wconf 80' lang='grc' dir='ltr'>ἡμέραν</span> <span class='ocrx_word' id='word_1_383' title='bbox 3035 1276 3318 1348; x_wconf 75' lang='grc' dir='ltr'><strong>εὐλογήσω</strong></span> <span class='ocrx_word' id='word_1_384' title='bbox 3355 1295 3436 1341; x_wconf 84' lang='grc' dir='ltr'><strong>σε,</strong></span> <span class='ocrx_word' id='word_1_385' title='bbox 3481 1277 3576 1330; x_wconf 74' lang='grc' dir='ltr'>καὶ</span> <span class='ocrx_word' id='word_1_386' title='bbox 3609 1279 3698 1330; x_wconf 82' lang='grc' dir='ltr'>αῖ-</span> 
     </span>
    </p>
   </div>
   <div class='ocr_carea' id='block_1_57' title="bbox 2097 1365 3697 1438">
    <p class='ocr_par' dir='ltr' id='par_1_57' title="bbox 2097 1365 3697 1438">
     <span class='ocr_line' id='line_1_57' title="bbox 2097 1365 3697 1438; baseline 0.004 -20"><span class='ocrx_word' id='word_1_387' title='bbox 2097 1365 2238 1419; x_wconf 89' lang='grc' dir='ltr'>νέσω</span> <span class='ocrx_word' id='word_1_388' title='bbox 2266 1367 2327 1420; x_wconf 83' lang='grc' dir='ltr'><strong>τὸ</strong></span> <span class='ocrx_word' id='word_1_389' title='bbox 2349 1367 2522 1438; x_wconf 78' lang='grc' dir='ltr'>ὄνομα</span> <span class='ocrx_word' id='word_1_390' title='bbox 2561 1385 2656 1421; x_wconf 90' lang='grc' dir='ltr'><strong>σου</strong></span> <span class='ocrx_word' id='word_1_391' title='bbox 2689 1369 2769 1430; x_wconf 86' lang='grc' dir='ltr'>εἰς</span> <span class='ocrx_word' id='word_1_392' title='bbox 2811 1368 2902 1420; x_wconf 80' lang='grc' dir='ltr'><strong>τὸν</strong></span> <span class='ocrx_word' id='word_1_393' title='bbox 2947 1368 3141 1432; x_wconf 81' lang='grc' dir='ltr'>αἰῶνα,</span> <span class='ocrx_word' id='word_1_394' title='bbox 3175 1370 3268 1422; x_wconf 75' lang='grc' dir='ltr'><strong>καὶ</strong></span> <span class='ocrx_word' id='word_1_395' title='bbox 3298 1371 3379 1433; x_wconf 80' lang='grc' dir='ltr'>εις</span> <span class='ocrx_word' id='word_1_396' title='bbox 3406 1370 3498 1423; x_wconf 70' lang='grc' dir='ltr'>τὸν</span> <span class='ocrx_word' id='word_1_397' title='bbox 3518 1371 3697 1424; x_wconf 82' lang='grc' dir='ltr'>αἰῶνα</span> 
     </span>
    </p>
   </div>
   <div class='ocr_carea' id='block_1_58' title="bbox 2095 1446 3697 1532">
    <p class='ocr_par' dir='ltr' id='par_1_58' title="bbox 2095 1446 3697 1532">
     <span class='ocr_line' id='line_1_58' title="bbox 2095 1446 3697 1532; baseline 0.003 -19"><span class='ocrx_word' id='word_1_398' title='bbox 2095 1461 2190 1514; x_wconf 77' lang='grc' dir='ltr'><strong>τοῦ</strong></span> <span class='ocrx_word' id='word_1_399' title='bbox 2225 1460 2442 1524; x_wconf 84' lang='grc' dir='ltr'>αἰῶνος.</span> <span class='ocrx_word' id='word_1_400' title='bbox 2481 1481 2499 1513; x_wconf 73' lang='grc' dir='ltr'><strong>ι</strong></span> <span class='ocrx_word' id='word_1_401' title='bbox 2558 1461 2668 1513; x_wconf 82' lang='grc' dir='ltr'>Ἀεί</span> <span class='ocrx_word' id='word_1_402' title='bbox 2702 1477 2782 1522; x_wconf 87' lang='grc' dir='ltr'><strong>σε,</strong></span> <span class='ocrx_word' id='word_1_403' title='bbox 2821 1460 3009 1530; x_wconf 60' lang='grc' dir='ltr'>φησιν,</span> <span class='ocrx_word' id='word_1_404' title='bbox 3045 1462 3229 1532; x_wconf 83' lang='grc' dir='ltr'>ὑμνῶν</span> <span class='ocrx_word' id='word_1_405' title='bbox 3257 1462 3570 1529; x_wconf 82' lang='grc' dir='ltr'>διατελέσω,</span> <span class='ocrx_word' id='word_1_406' title='bbox 3601 1446 3697 1518; x_wconf 75' lang='grc' dir='ltr'><strong>καὶ</strong></span> 
     </span>
    </p>
   </div>
   <div class='ocr_carea' id='block_1_59' title="bbox 2096 1553 3491 1626">
    <p class='ocr_par' dir='ltr' id='par_1_59' title="bbox 2096 1553 3491 1626">
     <span class='ocr_line' id='line_1_59' title="bbox 2096 1553 3491 1626; baseline 0.005 -22"><span class='ocrx_word' id='word_1_407' title='bbox 2096 1553 2358 1624; x_wconf 82' lang='grc' dir='ltr'>οὐδεμίαν</span> <span class='ocrx_word' id='word_1_408' title='bbox 2384 1553 2599 1625; x_wconf 78' lang='grc' dir='ltr'>ἡμέραν</span> <span class='ocrx_word' id='word_1_409' title='bbox 2624 1553 2855 1626; x_wconf 78' lang='grc' dir='ltr'>ἄμοιρον</span> <span class='ocrx_word' id='word_1_410' title='bbox 2887 1555 3033 1610; x_wconf 83' lang='grc' dir='ltr'>ἐάσω</span> <span class='ocrx_word' id='word_1_411' title='bbox 3064 1555 3166 1626; x_wconf 85' lang='grc' dir='ltr'>τῆς</span> <span class='ocrx_word' id='word_1_412' title='bbox 3195 1555 3491 1626; x_wconf 86' lang='grc' dir='ltr'>ὐμνῳδίας.</span> 
     </span>
    </p>
   </div>
   <div class='ocr_carea' id='block_1_60' title="bbox 2168 1667 3698 1743">
    <p class='ocr_par' dir='ltr' id='par_1_60' title="bbox 2168 1667 3698 1743">
     <span class='ocr_line' id='line_1_60' title="bbox 2168 1667 3698 1743; baseline 0.005 -24"><span class='ocrx_word' id='word_1_413' title='bbox 2168 1673 2238 1736; x_wconf 81' lang='grc' dir='ltr'>γ’.</span> <span class='ocrx_word' id='word_1_414' title='bbox 2284 1686 2301 1717; x_wconf 78' lang='grc' dir='ltr'><strong>ι</strong></span> <span class='ocrx_word' id='word_1_415' title='bbox 2333 1667 2526 1737; x_wconf 81' lang='grc' dir='ltr'><strong>Μέγας</strong></span> <span class='ocrx_word' id='word_1_416' title='bbox 2566 1667 2795 1739; x_wconf 84' lang='grc' dir='ltr'>Κύριος,</span> <span class='ocrx_word' id='word_1_417' title='bbox 2819 1671 2913 1721; x_wconf 76' lang='grc' dir='ltr'><strong>καὶ</strong></span> <span class='ocrx_word' id='word_1_418' title='bbox 2959 1669 3172 1731; x_wconf 80' lang='grc' dir='ltr'>αἰνετὸς</span> <span class='ocrx_word' id='word_1_419' title='bbox 3203 1671 3432 1741; x_wconf 74' lang='grc' dir='ltr'>σφόδρα,</span> <span class='ocrx_word' id='word_1_420' title='bbox 3466 1673 3559 1725; x_wconf 76' lang='grc' dir='ltr'><strong>καὶ</strong></span> <span class='ocrx_word' id='word_1_421' title='bbox 3593 1676 3698 1743; x_wconf 82' lang='grc' dir='ltr'>τῆς</span> 
     </span>
    </p>
   </div>
   <div class='ocr_carea' id='block_1_61' title="bbox 2101 1756 3698 1833">
    <p class='ocr_par' dir='ltr' id='par_1_61' title="bbox 2101 1756 3698 1833">
     <span class='ocr_line' id='line_1_61' title="bbox 2101 1756 3698 1833; baseline 0.005 -23"><span class='ocrx_word' id='word_1_422' title='bbox 2101 1757 2496 1829; x_wconf 78' lang='grc' dir='ltr'>μεγαλωσύνης</span> <span class='ocrx_word' id='word_1_423' title='bbox 2531 1756 2700 1812; x_wconf 78' lang='grc' dir='ltr'>αὐτοῦ</span> <span class='ocrx_word' id='word_1_424' title='bbox 2741 1759 2842 1812; x_wconf 82' lang='grc' dir='ltr'><strong>οὐκ</strong></span> <span class='ocrx_word' id='word_1_425' title='bbox 2886 1758 3002 1812; x_wconf 82' lang='grc' dir='ltr'>ἐστι</span> <span class='ocrx_word' id='word_1_426' title='bbox 3028 1759 3224 1830; x_wconf 81' lang='grc' dir='ltr'>πέρας.</span> <span class='ocrx_word' id='word_1_427' title='bbox 3258 1779 3277 1812; x_wconf 75' lang='grc' dir='ltr'><strong>ι</strong></span> <span class='ocrx_word' id='word_1_428' title='bbox 3325 1761 3542 1833; x_wconf 77' lang='grc' dir='ltr'>Ἐπειδὴ</span> <span class='ocrx_word' id='word_1_429' title='bbox 3584 1766 3698 1818; x_wconf 82' lang='grc' dir='ltr'><strong>πᾶν</strong></span> 
     </span>
    </p>
   </div>
   <div class='ocr_carea' id='block_1_62' title="bbox 2105 1850 3697 1924">
    <p class='ocr_par' dir='ltr' id='par_1_62' title="bbox 2105 1850 3697 1924">
     <span class='ocr_line' id='line_1_62' title="bbox 2105 1850 3697 1924; baseline 0.004 -22"><span class='ocrx_word' id='word_1_430' title='bbox 2105 1850 2337 1921; x_wconf 89' lang='grc' dir='ltr'>μέγεθος</span> <span class='ocrx_word' id='word_1_431' title='bbox 2368 1850 2630 1922; x_wconf 75' lang='grc' dir='ltr'>αξσθητὸν</span> <span class='ocrx_word' id='word_1_432' title='bbox 2664 1853 2852 1922; x_wconf 87' lang='grc' dir='ltr'>μήκει,</span> <span class='ocrx_word' id='word_1_433' title='bbox 2889 1854 2980 1905; x_wconf 85' lang='grc' dir='ltr'><strong>καὶ</strong></span> <span class='ocrx_word' id='word_1_434' title='bbox 3016 1852 3230 1919; x_wconf 88' lang='grc' dir='ltr'>πλάτει,</span> <span class='ocrx_word' id='word_1_435' title='bbox 3265 1853 3360 1907; x_wconf 77' lang='grc' dir='ltr'><strong>καὶ</strong></span> <span class='ocrx_word' id='word_1_436' title='bbox 3393 1853 3546 1923; x_wconf 85' lang='grc' dir='ltr'>βάθει</span> <span class='ocrx_word' id='word_1_437' title='bbox 3592 1875 3697 1924; x_wconf 77' lang='grc' dir='ltr'>με·-</span> 
     </span>
    </p>
   </div>
   <div class='ocr_carea' id='block_1_63' title="bbox 2102 1944 3696 2017">
    <p class='ocr_par' dir='ltr' id='par_1_63' title="bbox 2102 1944 3696 2017">
     <span class='ocr_line' id='line_1_63' title="bbox 2102 1944 3696 2017; baseline 0.004 -23"><span class='ocrx_word' id='word_1_438' title='bbox 2102 1944 2403 2014; x_wconf 87' lang='grc' dir='ltr'>τρούμενον</span> <span class='ocrx_word' id='word_1_439' title='bbox 2463 1944 2742 1998; x_wconf 83' lang='grc' dir='ltr'>δείκνυται</span> <span class='ocrx_word' id='word_1_440' title='bbox 2791 1944 2955 2014; x_wconf 84' lang='grc' dir='ltr'>μέγα,</span> <span class='ocrx_word' id='word_1_441' title='bbox 2999 1945 3228 2009; x_wconf 77' lang='grc' dir='ltr'>εἰκότως</span> <span class='ocrx_word' id='word_1_442' title='bbox 3267 1947 3574 2017; x_wconf 88' lang='grc' dir='ltr'>ἐπήγαγεν,</span> <span class='ocrx_word' id='word_1_443' title='bbox 3611 1949 3696 2000; x_wconf 77' lang='grc' dir='ltr'>ὅτι</span> 
     </span>
    </p>
   </div>
   <div class='ocr_carea' id='block_1_64' title="bbox 2107 2035 3697 2108">
    <p class='ocr_par' dir='ltr' id='par_1_64' title="bbox 2107 2035 3697 2108">
     <span class='ocr_line' id='line_1_64' title="bbox 2107 2035 3697 2108; baseline 0.001 -19"><span class='ocrx_word' id='word_1_444' title='bbox 2107 2057 2125 2089; x_wconf 82' lang='grc' dir='ltr'><strong>ι</strong></span> <span class='ocrx_word' id='word_1_445' title='bbox 2162 2037 2274 2106; x_wconf 85' lang='grc' dir='ltr'><strong>Τῆς</strong></span> <span class='ocrx_word' id='word_1_446' title='bbox 2305 2035 2700 2107; x_wconf 78' lang='grc' dir='ltr'>μεγαλωσύνης</span> <span class='ocrx_word' id='word_1_447' title='bbox 2733 2036 2899 2090; x_wconf 88' lang='grc' dir='ltr'>αὐτοῦ</span> <span class='ocrx_word' id='word_1_448' title='bbox 2936 2037 3035 2090; x_wconf 85' lang='grc' dir='ltr'><strong>οὐκ</strong></span> <span class='ocrx_word' id='word_1_449' title='bbox 3065 2035 3183 2090; x_wconf 81' lang='grc' dir='ltr'>ἐστι</span> <span class='ocrx_word' id='word_1_450' title='bbox 3213 2037 3413 2108; x_wconf 82' lang='grc' dir='ltr'>πέρας,</span> <span class='ocrx_word' id='word_1_451' title='bbox 3436 2057 3456 2090; x_wconf 73' lang='grc' dir='ltr'><strong>ι</strong></span> <span class='ocrx_word' id='word_1_452' title='bbox 3483 2039 3570 2092; x_wconf 77' lang='grc' dir='ltr'>ἵνα</span> <span class='ocrx_word' id='word_1_453' title='bbox 3598 2039 3697 2091; x_wconf 76' lang='grc' dir='ltr'><strong>καὶ</strong></span> 
     </span>
    </p>
   </div>
   <div class='ocr_carea' id='block_1_65' title="bbox 2099 2127 3691 2200">
    <p class='ocr_par' dir='ltr' id='par_1_65' title="bbox 2099 2127 3691 2200">
     <span class='ocr_line' id='line_1_65' title="bbox 2099 2127 3691 2200; baseline 0.003 -20"><span class='ocrx_word' id='word_1_454' title='bbox 2099 2127 2392 2198; x_wconf 85' lang='grc' dir='ltr'>ἀσώματον</span> <span class='ocrx_word' id='word_1_455' title='bbox 2423 2127 2593 2200; x_wconf 79' lang='grc' dir='ltr'>δείξῃ,</span> <span class='ocrx_word' id='word_1_456' title='bbox 2641 2128 2737 2182; x_wconf 81' lang='grc' dir='ltr'><strong>καὶ</strong></span> <span class='ocrx_word' id='word_1_457' title='bbox 2782 2127 3165 2200; x_wconf 83' lang='grc' dir='ltr'>ἀπερίγραφον</span> <span class='ocrx_word' id='word_1_458' title='bbox 3206 2129 3299 2182; x_wconf 86' lang='grc' dir='ltr'><strong>τὸν</strong></span> <span class='ocrx_word' id='word_1_459' title='bbox 3330 2129 3691 2200; x_wconf 85' lang='grc' dir='ltr'>ὑμνούμενον.</span> 
     </span>
    </p>
   </div>
   <div class='ocr_carea' id='block_1_66' title="bbox 2100 2215 3694 2293">
    <p class='ocr_par' dir='ltr' id='par_1_66' title="bbox 2100 2215 3694 2293">
     <span class='ocr_line' id='line_1_66' title="bbox 2100 2215 3694 2293; baseline -0.001 -18"><span class='ocrx_word' id='word_1_460' title='bbox 2100 2223 2296 2290; x_wconf 85' lang='grc' dir='ltr'>Μέγαν</span> <span class='ocrx_word' id='word_1_461' title='bbox 2337 2221 2438 2292; x_wconf 84' lang='grc' dir='ltr'><strong>μὲν</strong></span> <span class='ocrx_word' id='word_1_462' title='bbox 2472 2221 2580 2292; x_wconf 89' lang='grc' dir='ltr'><strong>γάρ</strong></span> <span class='ocrx_word' id='word_1_463' title='bbox 2609 2221 2798 2286; x_wconf 83' lang='grc' dir='ltr'>αὐτὸν,</span> <span class='ocrx_word' id='word_1_464' title='bbox 2830 2223 3019 2292; x_wconf 73' lang='grc' dir='ltr'>φησὶν,</span> <span class='ocrx_word' id='word_1_465' title='bbox 3047 2215 3187 2286; x_wconf 73' lang='grc' dir='ltr'>οἴδα,</span> <span class='ocrx_word' id='word_1_466' title='bbox 3221 2222 3282 2274; x_wconf 90' lang='grc' dir='ltr'><strong>οὐ</strong></span> <span class='ocrx_word' id='word_1_467' title='bbox 3313 2221 3421 2293; x_wconf 81' lang='grc' dir='ltr'>μὴν</span> <span class='ocrx_word' id='word_1_468' title='bbox 3447 2222 3694 2290; x_wconf 71' lang='grc' dir='ltr'>ἐφικτὸν,</span> 
     </span>
    </p>
   </div>
   <div class='ocr_carea' id='block_1_67' title="bbox 2100 2311 3696 2386">
    <p class='ocr_par' dir='ltr' id='par_1_67' title="bbox 2100 2311 3696 2386">
     <span class='ocr_line' id='line_1_67' title="bbox 2100 2311 3696 2386; baseline -0.001 -20"><span class='ocrx_word' id='word_1_469' title='bbox 2100 2312 2224 2366; x_wconf 81' lang='grc' dir='ltr'>οὔτε</span> <span class='ocrx_word' id='word_1_470' title='bbox 2261 2313 2368 2384; x_wconf 84' lang='grc' dir='ltr'><strong>μὴν</strong></span> <span class='ocrx_word' id='word_1_471' title='bbox 2390 2314 2436 2344; x_wconf 82' lang='grc'><strong>⁹³</strong></span> <span class='ocrx_word' id='word_1_472' title='bbox 2469 2313 2762 2386; x_wconf 85' lang='grc' dir='ltr'>μετρητόν.</span> <span class='ocrx_word' id='word_1_473' title='bbox 2810 2313 2949 2367; x_wconf 75' lang='grc' dir='ltr'>Οὔτε</span> <span class='ocrx_word' id='word_1_474' title='bbox 2981 2314 3092 2385; x_wconf 89' lang='grc' dir='ltr'><strong>γάρ</strong></span> <span class='ocrx_word' id='word_1_475' title='bbox 3125 2313 3324 2385; x_wconf 79' lang='grc' dir='ltr'>ἀρχὴν,</span> <span class='ocrx_word' id='word_1_476' title='bbox 3374 2311 3499 2367; x_wconf 82' lang='grc' dir='ltr'>οὔτε</span> <span class='ocrx_word' id='word_1_477' title='bbox 3542 2312 3696 2375; x_wconf 75' lang='grc' dir='ltr'>τέλος</span> 
     </span>
    </p>
   </div>
   <div class='ocr_carea' id='block_1_68' title="bbox 2100 2404 3694 2478">
    <p class='ocr_par' dir='ltr' id='par_1_68' title="bbox 2100 2404 3694 2478">
     <span class='ocr_line' id='line_1_68' title="bbox 2100 2404 3694 2478; baseline 0 -20"><span class='ocrx_word' id='word_1_478' title='bbox 2100 2405 2194 2459; x_wconf 82' lang='grc' dir='ltr'><strong>τοῦ</strong></span> <span class='ocrx_word' id='word_1_479' title='bbox 2227 2404 2493 2476; x_wconf 85' lang='grc' dir='ltr'>μεγέθους</span> <span class='ocrx_word' id='word_1_480' title='bbox 2520 2405 2783 2476; x_wconf 85' lang='grc' dir='ltr'>εὑρίσκω.</span> <span class='ocrx_word' id='word_1_481' title='bbox 2819 2407 3084 2478; x_wconf 76' lang='grc' dir='ltr'>’Ἄπειρον</span> <span class='ocrx_word' id='word_1_482' title='bbox 3115 2405 3223 2478; x_wconf 84' lang='grc' dir='ltr'><strong>γάρ</strong></span> <span class='ocrx_word' id='word_1_483' title='bbox 3250 2404 3428 2472; x_wconf 80' lang='grc' dir='ltr'>τοῦτο,</span> <span class='ocrx_word' id='word_1_484' title='bbox 3466 2405 3559 2460; x_wconf 79' lang='grc' dir='ltr'><strong>καὶ</strong></span> <span class='ocrx_word' id='word_1_485' title='bbox 3581 2405 3694 2458; x_wconf 78' lang='grc' dir='ltr'><strong>πᾶ-</strong></span> 
     </span>
    </p>
   </div>
   <div class='ocr_carea' id='block_1_69' title="bbox 2103 2496 2928 2568">
    <p class='ocr_par' dir='ltr' id='par_1_69' title="bbox 2103 2496 2928 2568">
     <span class='ocr_line' id='line_1_69' title="bbox 2103 2496 2928 2568; baseline 0 -18"><span class='ocrx_word' id='word_1_486' title='bbox 2103 2513 2205 2551; x_wconf 90' lang='grc' dir='ltr'><strong>σαν</strong></span> <span class='ocrx_word' id='word_1_487' title='bbox 2234 2496 2566 2568; x_wconf 81' lang='grc' dir='ltr'>ὐπερὸαῖνον</span> <span class='ocrx_word' id='word_1_488' title='bbox 2596 2496 2928 2567; x_wconf 76' lang='grc' dir='ltr'>κατάληψιν.</span> 
     </span>
    </p>
   </div>
   <div class='ocr_carea' id='block_1_70' title="bbox 2173 2755 3697 2829">
    <p class='ocr_par' dir='ltr' id='par_1_70' title="bbox 2173 2755 3697 2829">
     <span class='ocr_line' id='line_1_70' title="bbox 2173 2755 3697 2829; baseline 0.001 -21"><span class='ocrx_word' id='word_1_489' title='bbox 2173 2755 2234 2808; x_wconf 84' lang='grc' dir='ltr'>δ’.</span> <span class='ocrx_word' id='word_1_490' title='bbox 2275 2775 2292 2806; x_wconf 79' lang='grc' dir='ltr'><strong>ι</strong></span> <span class='ocrx_word' id='word_1_491' title='bbox 2339 2757 2508 2811; x_wconf 80' lang='grc' dir='ltr'>Γενεὰ</span> <span class='ocrx_word' id='word_1_492' title='bbox 2537 2757 2631 2810; x_wconf 75' lang='grc' dir='ltr'><strong>καὶ</strong></span> <span class='ocrx_word' id='word_1_493' title='bbox 2653 2756 2816 2826; x_wconf 74' lang='grc' dir='ltr'>γενεὰ</span> <span class='ocrx_word' id='word_1_494' title='bbox 2848 2757 3127 2812; x_wconf 76' lang='grc' dir='ltr'>ἐπαινέσει</span> <span class='ocrx_word' id='word_1_495' title='bbox 3163 2759 3232 2812; x_wconf 78' lang='grc' dir='ltr'>τὰ</span> <span class='ocrx_word' id='word_1_496' title='bbox 3261 2759 3399 2829; x_wconf 79' lang='grc' dir='ltr'>ἔργα</span> <span class='ocrx_word' id='word_1_497' title='bbox 3445 2777 3564 2821; x_wconf 89' lang='grc' dir='ltr'>σου,</span> <span class='ocrx_word' id='word_1_498' title='bbox 3598 2761 3697 2811; x_wconf 74' lang='grc' dir='ltr'><strong>καὶ</strong></span> 
     </span>
    </p>
   </div>
   <div class='ocr_carea' id='block_1_71' title="bbox 2102 2847 3699 2919">
    <p class='ocr_par' dir='ltr' id='par_1_71' title="bbox 2102 2847 3699 2919">
     <span class='ocr_line' id='line_1_71' title="bbox 2102 2847 3699 2919; baseline 0.001 -17"><span class='ocrx_word' id='word_1_499' title='bbox 2102 2847 2201 2918; x_wconf 85' lang='grc' dir='ltr'>τὴν</span> <span class='ocrx_word' id='word_1_500' title='bbox 2226 2848 2456 2919; x_wconf 79' lang='grc' dir='ltr'>δύναμίν</span> <span class='ocrx_word' id='word_1_501' title='bbox 2489 2867 2580 2902; x_wconf 92' lang='grc' dir='ltr'><strong>σου</strong></span> <span class='ocrx_word' id='word_1_502' title='bbox 2603 2850 3003 2919; x_wconf 81' lang='grc' dir='ltr'>ἀπαγγελοῦσι.</span> <span class='ocrx_word' id='word_1_503' title='bbox 3029 2869 3048 2903; x_wconf 72' lang='grc' dir='ltr'><strong>ι</strong></span> <span class='ocrx_word' id='word_1_504' title='bbox 3086 2849 3366 2906; x_wconf 80' lang='grc' dir='ltr'>Ἐντεῦθεν</span> <span class='ocrx_word' id='word_1_505' title='bbox 3395 2851 3502 2905; x_wconf 73' lang='grc' dir='ltr'><strong>τῶν</strong></span> <span class='ocrx_word' id='word_1_506' title='bbox 3526 2851 3699 2904; x_wconf 76' lang='grc' dir='ltr'>ἐθνῶν</span> 
     </span>
    </p>
   </div>
   <div class='ocr_carea' id='block_1_72' title="bbox 2105 2939 3696 3011">
    <p class='ocr_par' dir='ltr' id='par_1_72' title="bbox 2105 2939 3696 3011">
     <span class='ocr_line' id='line_1_72' title="bbox 2105 2939 3696 3011; baseline 0.001 -20"><span class='ocrx_word' id='word_1_507' title='bbox 2105 2939 2448 3010; x_wconf 79' lang='grc' dir='ltr'>προεκήρυξε</span> <span class='ocrx_word' id='word_1_508' title='bbox 2499 2939 2600 3011; x_wconf 85' lang='grc' dir='ltr'>τὴν</span> <span class='ocrx_word' id='word_1_509' title='bbox 2645 2940 2796 2994; x_wconf 84' lang='grc' dir='ltr'>θείαν</span> <span class='ocrx_word' id='word_1_510' title='bbox 2844 2940 3162 3009; x_wconf 87' lang='grc' dir='ltr'>ἐπίγνωσιν.</span> <span class='ocrx_word' id='word_1_511' title='bbox 3220 2940 3295 2992; x_wconf 88' lang='grc' dir='ltr'>Οὐ</span> <span class='ocrx_word' id='word_1_512' title='bbox 3351 2940 3458 3009; x_wconf 78' lang='grc' dir='ltr'><strong>γάρ</strong></span> <span class='ocrx_word' id='word_1_513' title='bbox 3511 2941 3696 3010; x_wconf 73' lang='grc' dir='ltr'>μόνον,</span> 
     </span>
    </p>
   </div>
   <div class='ocr_carea' id='block_1_73' title="bbox 2105 3031 3698 3104">
    <p class='ocr_par' dir='ltr' id='par_1_73' title="bbox 2105 3031 3698 3104">
     <span class='ocr_line' id='line_1_73' title="bbox 2105 3031 3698 3104; baseline -0.001 -20"><span class='ocrx_word' id='word_1_514' title='bbox 2105 3033 2292 3102; x_wconf 68' lang='grc' dir='ltr'>φησὶν,</span> <span class='ocrx_word' id='word_1_515' title='bbox 2321 3033 2504 3102; x_wconf 77' lang='grc' dir='ltr'>ἡμεῖς,</span> <span class='ocrx_word' id='word_1_516' title='bbox 2530 3033 2577 3085; x_wconf 74' lang='grc' dir='ltr'>οἱ</span> <span class='ocrx_word' id='word_1_517' title='bbox 2608 3033 2666 3098; x_wconf 86' lang='grc' dir='ltr'><strong>ἐξ</strong></span> <span class='ocrx_word' id='word_1_518' title='bbox 2705 3033 2925 3104; x_wconf 80' lang='grc' dir='ltr'>Ἰσραὴλ</span> <span class='ocrx_word' id='word_1_519' title='bbox 2946 3032 3014 3098; x_wconf 58' lang='lat'><strong>9‘,</strong></span> <span class='ocrx_word' id='word_1_520' title='bbox 3043 3033 3184 3085; x_wconf 82' lang='grc' dir='ltr'>κατά</span> <span class='ocrx_word' id='word_1_521' title='bbox 3212 3031 3366 3104; x_wconf 80' lang='grc' dir='ltr'>τήνδε</span> <span class='ocrx_word' id='word_1_522' title='bbox 3385 3031 3483 3100; x_wconf 84' lang='grc' dir='ltr'><strong>τὴν</strong></span> <span class='ocrx_word' id='word_1_523' title='bbox 3503 3031 3698 3098; x_wconf 75' lang='grc' dir='ltr'>γενεάν</span> 
     </span>
    </p>
   </div>
   <div class='ocr_carea' id='block_1_74' title="bbox 2107 3121 3696 3193">
    <p class='ocr_par' dir='ltr' id='par_1_74' title="bbox 2107 3121 3696 3193">
     <span class='ocr_line' id='line_1_74' title="bbox 2107 3121 3696 3193; baseline -0.002 -19"><span class='ocrx_word' id='word_1_524' title='bbox 2107 3137 2168 3174; x_wconf 86' lang='grc' dir='ltr'><strong>σε</strong></span> <span class='ocrx_word' id='word_1_525' title='bbox 2199 3121 2289 3174; x_wconf 75' lang='grc' dir='ltr'>τὸν</span> <span class='ocrx_word' id='word_1_526' title='bbox 2316 3122 2615 3193; x_wconf 82' lang='grc' dir='ltr'>εὐεργέτην</span> <span class='ocrx_word' id='word_1_527' title='bbox 2649 3123 2987 3193; x_wconf 79' lang='grc' dir='ltr'>ὑμνήσομεν,</span> <span class='ocrx_word' id='word_1_528' title='bbox 3013 3121 3146 3176; x_wconf 86' lang='grc' dir='ltr'>άλλά</span> <span class='ocrx_word' id='word_1_529' title='bbox 3187 3121 3282 3175; x_wconf 77' lang='grc' dir='ltr'><strong>καὶ</strong></span> <span class='ocrx_word' id='word_1_530' title='bbox 3317 3121 3479 3192; x_wconf 80' lang='grc' dir='ltr'>ἑτέρα</span> <span class='ocrx_word' id='word_1_531' title='bbox 3507 3121 3696 3189; x_wconf 69' lang='grc' dir='ltr'>γενεὰ,</span> 
     </span>
    </p>
   </div>
   <div class='ocr_carea' id='block_1_75' title="bbox 2105 3213 3703 3285">
    <p class='ocr_par' dir='ltr' id='par_1_75' title="bbox 2105 3213 3703 3285">
     <span class='ocr_line' id='line_1_75' title="bbox 2105 3213 3703 3285; baseline -0.001 -18"><span class='ocrx_word' id='word_1_532' title='bbox 2105 3216 2140 3285; x_wconf 89' lang='grc' dir='ltr'><strong>ή</strong></span> <span class='ocrx_word' id='word_1_533' title='bbox 2174 3214 2233 3281; x_wconf 84' lang='grc' dir='ltr'><strong>ἐξ</strong></span> <span class='ocrx_word' id='word_1_534' title='bbox 2265 3214 2435 3267; x_wconf 88' lang='grc' dir='ltr'>ἐθνῶν</span> <span class='ocrx_word' id='word_1_535' title='bbox 2483 3215 2819 3281; x_wconf 82' lang='grc' dir='ltr'>Ἐκκλησία,</span> <span class='ocrx_word' id='word_1_536' title='bbox 2863 3214 2972 3267; x_wconf 88' lang='grc' dir='ltr'><strong>τῶν</strong></span> <span class='ocrx_word' id='word_1_537' title='bbox 3016 3214 3193 3284; x_wconf 76' lang='grc' dir='ltr'>ἔργων</span> <span class='ocrx_word' id='word_1_538' title='bbox 3237 3231 3331 3266; x_wconf 92' lang='grc' dir='ltr'><strong>σου</strong></span> <span class='ocrx_word' id='word_1_539' title='bbox 3379 3213 3480 3284; x_wconf 83' lang='grc' dir='ltr'>τὴν</span> <span class='ocrx_word' id='word_1_540' title='bbox 3527 3229 3703 3282; x_wconf 76' lang='grc' dir='ltr'>μεγαο</span> 
     </span>
    </p>
   </div>
   <div class='ocr_carea' id='block_1_76' title="bbox 2108 3304 2642 3377">
    <p class='ocr_par' dir='ltr' id='par_1_76' title="bbox 2108 3304 2642 3377">
     <span class='ocr_line' id='line_1_76' title="bbox 2108 3304 2642 3377; baseline 0.006 -21"><span class='ocrx_word' id='word_1_541' title='bbox 2108 3304 2365 3377; x_wconf 89' lang='grc' dir='ltr'>λουργίαν</span> <span class='ocrx_word' id='word_1_542' title='bbox 2394 3305 2642 3377; x_wconf 75' lang='grc' dir='ltr'>κηρύξει.</span> 
     </span>
    </p>
   </div>
   <div class='ocr_carea' id='block_1_77' title="bbox 2179 3396 3703 3468">
    <p class='ocr_par' dir='ltr' id='par_1_77' title="bbox 2179 3396 3703 3468">
     <span class='ocr_line' id='line_1_77' title="bbox 2179 3396 3703 3468; baseline 0.001 -18"><span class='ocrx_word' id='word_1_543' title='bbox 2179 3403 2241 3451; x_wconf 85' lang='grc' dir='ltr'>ε’.</span> <span class='ocrx_word' id='word_1_544' title='bbox 2268 3414 2286 3448; x_wconf 76' lang='grc' dir='ltr'><strong>ι</strong></span> <span class='ocrx_word' id='word_1_545' title='bbox 2313 3397 2425 3466; x_wconf 84' lang='grc' dir='ltr'>Τὴν</span> <span class='ocrx_word' id='word_1_546' title='bbox 2441 3398 2487 3428; x_wconf 77' lang='grc'>⁸⁸</span> <span class='ocrx_word' id='word_1_547' title='bbox 2510 3396 2990 3468; x_wconf 83' lang='grc' dir='ltr'>μεγαλοπρέπειαν</span> <span class='ocrx_word' id='word_1_548' title='bbox 3009 3397 3109 3468; x_wconf 84' lang='grc' dir='ltr'>τῆς</span> <span class='ocrx_word' id='word_1_549' title='bbox 3139 3397 3298 3468; x_wconf 82' lang='grc' dir='ltr'>δόξης</span> <span class='ocrx_word' id='word_1_550' title='bbox 3325 3397 3425 3468; x_wconf 83' lang='grc' dir='ltr'>τῆς</span> <span class='ocrx_word' id='word_1_551' title='bbox 3446 3397 3494 3430; x_wconf 81' lang='grc'><strong>⁹⁶</strong></span> <span class='ocrx_word' id='word_1_552' title='bbox 3526 3397 3703 3466; x_wconf 69' lang='grc' dir='ltr'>άγιωο</span> 
     </span>
    </p>
   </div>
   <div class='ocr_carea' id='block_1_78' title="bbox 2110 3487 3703 3560">
    <p class='ocr_par' dir='ltr' id='par_1_78' title="bbox 2110 3487 3703 3560">
     <span class='ocr_line' id='line_1_78' title="bbox 2110 3487 3703 3560; baseline -0.001 -19"><span class='ocrx_word' id='word_1_553' title='bbox 2110 3489 2280 3560; x_wconf 86' lang='grc' dir='ltr'>σύνης</span> <span class='ocrx_word' id='word_1_554' title='bbox 2331 3506 2423 3541; x_wconf 89' lang='grc' dir='ltr'><strong>σου</strong></span> <span class='ocrx_word' id='word_1_555' title='bbox 2469 3488 2786 3559; x_wconf 89' lang='grc' dir='ltr'>λαλήσουσι,</span> <span class='ocrx_word' id='word_1_556' title='bbox 2822 3489 2916 3542; x_wconf 69' lang='grc' dir='ltr'><strong>καὶ</strong></span> <span class='ocrx_word' id='word_1_557' title='bbox 2951 3487 3021 3542; x_wconf 85' lang='grc' dir='ltr'><strong>τά</strong></span> <span class='ocrx_word' id='word_1_558' title='bbox 3055 3488 3339 3558; x_wconf 88' lang='grc' dir='ltr'>θαυμάσιά</span> <span class='ocrx_word' id='word_1_559' title='bbox 3377 3505 3472 3542; x_wconf 90' lang='grc' dir='ltr'><strong>σου</strong></span> <span class='ocrx_word' id='word_1_560' title='bbox 3502 3489 3703 3560; x_wconf 76' lang='grc' dir='ltr'>διηγήο</span> 
     </span>
    </p>
   </div>
   <div class='ocr_carea' id='block_1_79' title="bbox 2111 3578 3710 3652">
    <p class='ocr_par' dir='ltr' id='par_1_79' title="bbox 2111 3578 3710 3652">
     <span class='ocr_line' id='line_1_79' title="bbox 2111 3578 3710 3652; baseline -0.001 -20"><span class='ocrx_word' id='word_1_561' title='bbox 2111 3595 2316 3634; x_wconf 84' lang='grc' dir='ltr'>σονται.</span> <span class='ocrx_word' id='word_1_562' title='bbox 2347 3597 2365 3630; x_wconf 72' lang='grc' dir='ltr'><strong>ι</strong></span> <span class='ocrx_word' id='word_1_563' title='bbox 2401 3579 2545 3651; x_wconf 78' lang='grc' dir='ltr'>Νικᾷ</span> <span class='ocrx_word' id='word_1_564' title='bbox 2571 3579 2667 3632; x_wconf 83' lang='grc' dir='ltr'>τοῦ</span> <span class='ocrx_word' id='word_1_565' title='bbox 2693 3580 2982 3652; x_wconf 76' lang='grc' dir='ltr'>Προφήτου</span> <span class='ocrx_word' id='word_1_566' title='bbox 3008 3578 3105 3650; x_wconf 82' lang='grc' dir='ltr'><strong>τὴν</strong></span> <span class='ocrx_word' id='word_1_567' title='bbox 3131 3578 3363 3646; x_wconf 88' lang='grc' dir='ltr'>δύναμιν</span> <span class='ocrx_word' id='word_1_568' title='bbox 3388 3578 3484 3632; x_wconf 86' lang='grc' dir='ltr'>τοῦ</span> <span class='ocrx_word' id='word_1_569' title='bbox 3507 3579 3710 3650; x_wconf 78' lang='grc' dir='ltr'>ὐμνου·</span> 
     </span>
    </p>
   </div>
   <div class='ocr_carea' id='block_1_80' title="bbox 2111 3670 3705 3744">
    <p class='ocr_par' dir='ltr' id='par_1_80' title="bbox 2111 3670 3705 3744">
     <span class='ocr_line' id='line_1_80' title="bbox 2111 3670 3705 3744; baseline -0.001 -20"><span class='ocrx_word' id='word_1_570' title='bbox 2111 3673 2277 3742; x_wconf 88' lang='grc' dir='ltr'>μένου</span> <span class='ocrx_word' id='word_1_571' title='bbox 2303 3672 2336 3742; x_wconf 82' lang='grc' dir='ltr'><strong>ή</strong></span> <span class='ocrx_word' id='word_1_572' title='bbox 2359 3671 2542 3740; x_wconf 82' lang='grc' dir='ltr'>φύσις.</span> <span class='ocrx_word' id='word_1_573' title='bbox 2579 3671 2762 3736; x_wconf 83' lang='grc' dir='ltr'>’Λξίας</span> <span class='ocrx_word' id='word_1_574' title='bbox 2781 3671 2891 3744; x_wconf 81' lang='grc' dir='ltr'><strong>γάρ</strong></span> <span class='ocrx_word' id='word_1_575' title='bbox 2915 3671 3191 3741; x_wconf 80' lang='grc' dir='ltr'>ἐπιζητῶν</span> <span class='ocrx_word' id='word_1_576' title='bbox 3218 3670 3316 3723; x_wconf 77' lang='grc' dir='ltr'>καὶ</span> <span class='ocrx_word' id='word_1_577' title='bbox 3331 3673 3633 3741; x_wconf 81' lang='grc' dir='ltr'>προσφυεῖς</span> <span class='ocrx_word' id='word_1_578' title='bbox 3654 3671 3705 3704; x_wconf 77' lang='grc'><strong>⁹⁷</strong></span> 
     </span>
    </p>
   </div>
   <div class='ocr_carea' id='block_1_81' title="bbox 2111 3760 3706 3837">
    <p class='ocr_par' dir='ltr' id='par_1_81' title="bbox 2111 3760 3706 3837">
     <span class='ocr_line' id='line_1_81' title="bbox 2111 3760 3706 3837; baseline -0.001 -19"><span class='ocrx_word' id='word_1_579' title='bbox 2111 3765 2508 3836; x_wconf 87' lang='grc' dir='ltr'>προσηγορίας,</span> <span class='ocrx_word' id='word_1_580' title='bbox 2544 3760 2664 3818; x_wconf 82' lang='grc' dir='ltr'>εἷτα</span> <span class='ocrx_word' id='word_1_581' title='bbox 2690 3765 3097 3837; x_wconf 86' lang='grc' dir='ltr'>διαμαρτάνων,</span> <span class='ocrx_word' id='word_1_582' title='bbox 3129 3762 3304 3817; x_wconf 86' lang='grc' dir='ltr'>πολλὰ</span> <span class='ocrx_word' id='word_1_583' title='bbox 3335 3762 3478 3816; x_wconf 86' lang='grc' dir='ltr'>κατά</span> <span class='ocrx_word' id='word_1_584' title='bbox 3504 3764 3706 3817; x_wconf 82' lang='grc' dir='ltr'>ταυτὸν</span> 
     </span>
    </p>
   </div>
   <div class='ocr_carea' id='block_1_82' title="bbox 2109 3852 3709 3925">
    <p class='ocr_par' dir='ltr' id='par_1_82' title="bbox 2109 3852 3709 3925">
     <span class='ocr_line' id='line_1_82' title="bbox 2109 3852 3709 3925; baseline -0.001 -16"><span class='ocrx_word' id='word_1_585' title='bbox 2109 3855 2397 3910; x_wconf 79' lang='grc' dir='ltr'>ἐπιπλέκει</span> <span class='ocrx_word' id='word_1_586' title='bbox 2444 3855 2707 3925; x_wconf 82' lang='grc' dir='ltr'>ὀνόματα,</span> <span class='ocrx_word' id='word_1_587' title='bbox 2753 3854 3069 3924; x_wconf 79' lang='grc' dir='ltr'>ἁγιωσύνης</span> <span class='ocrx_word' id='word_1_588' title='bbox 3113 3853 3273 3918; x_wconf 76' lang='grc' dir='ltr'>δόξαν</span> <span class='ocrx_word' id='word_1_589' title='bbox 3327 3853 3422 3906; x_wconf 73' lang='grc' dir='ltr'>καὶ</span> <span class='ocrx_word' id='word_1_590' title='bbox 3469 3852 3709 3922; x_wconf 79' lang='grc' dir='ltr'>μεγαλο-</span> 
     </span>
    </p>
   </div>
   <div class='ocr_carea' id='block_1_83' title="bbox 2111 3942 3708 4017">
    <p class='ocr_par' dir='ltr' id='par_1_83' title="bbox 2111 3942 3708 4017">
     <span class='ocr_line' id='line_1_83' title="bbox 2111 3942 3708 4017; baseline -0.001 -19"><span class='ocrx_word' id='word_1_591' title='bbox 2111 3945 2387 4017; x_wconf 81' lang='grc' dir='ltr'>πρέπειαν</span> <span class='ocrx_word' id='word_1_592' title='bbox 2421 3944 2728 4010; x_wconf 72' lang='grc' dir='ltr'>ὀνομάζων.</span> <span class='ocrx_word' id='word_1_593' title='bbox 2778 3944 2966 3998; x_wconf 82' lang='grc' dir='ltr'>Ταῦτα</span> <span class='ocrx_word' id='word_1_594' title='bbox 3014 3945 3115 4014; x_wconf 88' lang='grc' dir='ltr'><strong>μέν</strong></span> <span class='ocrx_word' id='word_1_595' title='bbox 3157 3961 3240 3996; x_wconf 90' lang='grc' dir='ltr'><strong>τοι</strong></span> <span class='ocrx_word' id='word_1_596' title='bbox 3287 3942 3546 4014; x_wconf 80' lang='grc' dir='ltr'>προλέγει</span> <span class='ocrx_word' id='word_1_597' title='bbox 3596 3943 3708 3996; x_wconf 79' lang='grc' dir='ltr'><strong>ὐπὸ</strong></span> 
     </span>
    </p>
   </div>
   <div class='ocr_carea' id='block_1_84' title="bbox 2108 4036 3151 4109">
    <p class='ocr_par' dir='ltr' id='par_1_84' title="bbox 2108 4036 3151 4109">
     <span class='ocr_line' id='line_1_84' title="bbox 2108 4036 3151 4109; baseline 0 -19"><span class='ocrx_word' id='word_1_598' title='bbox 2108 4037 2210 4107; x_wconf 82' lang='grc' dir='ltr'>τῆς</span> <span class='ocrx_word' id='word_1_599' title='bbox 2237 4038 2432 4109; x_wconf 81' lang='grc' dir='ltr'>ἑτέρας</span> <span class='ocrx_word' id='word_1_600' title='bbox 2465 4036 2910 4108; x_wconf 81' lang='grc' dir='ltr'>κηρυχθήσεσθαι</span> <span class='ocrx_word' id='word_1_601' title='bbox 2937 4037 3151 4106; x_wconf 81' lang='grc' dir='ltr'>γενεᾶς.</span> 
     </span>
    </p>
   </div>
   <div class='ocr_carea' id='block_1_85' title="bbox 2182 4145 3704 4218">
    <p class='ocr_par' dir='ltr' id='par_1_85' title="bbox 2182 4145 3704 4218">
     <span class='ocr_line' id='line_1_85' title="bbox 2182 4145 3704 4218; baseline -0.003 -16"><span class='ocrx_word' id='word_1_602' title='bbox 2182 4145 2259 4212; x_wconf 86' lang='grc' dir='ltr'>ς’.</span> <span class='ocrx_word' id='word_1_603' title='bbox 2298 4166 2322 4200; x_wconf 83' lang='grc'><strong><em>‹</em></strong></span> <span class='ocrx_word' id='word_1_604' title='bbox 2366 4146 2480 4200; x_wconf 70' lang='grc' dir='ltr'>Καὶ</span> <span class='ocrx_word' id='word_1_605' title='bbox 2520 4147 2622 4218; x_wconf 84' lang='grc' dir='ltr'>τὴν</span> <span class='ocrx_word' id='word_1_606' title='bbox 2665 4147 2898 4218; x_wconf 86' lang='grc' dir='ltr'>δύναμιν</span> <span class='ocrx_word' id='word_1_607' title='bbox 2937 4146 3046 4200; x_wconf 89' lang='grc' dir='ltr'><strong>τῶν</strong></span> <span class='ocrx_word' id='word_1_608' title='bbox 3080 4146 3330 4218; x_wconf 75' lang='grc' dir='ltr'>φοϐερῶν</span> <span class='ocrx_word' id='word_1_609' title='bbox 3371 4163 3464 4200; x_wconf 89' lang='grc' dir='ltr'><strong>σου</strong></span> <span class='ocrx_word' id='word_1_610' title='bbox 3494 4145 3704 4218; x_wconf 77' lang='grc' dir='ltr'>ἐροῦσι,</span> 
     </span>
    </p>
   </div>
   <div class='ocr_carea' id='block_1_86' title="bbox 2112 4237 3709 4310">
    <p class='ocr_par' dir='ltr' id='par_1_86' title="bbox 2112 4237 3709 4310">
     <span class='ocr_line' id='line_1_86' title="bbox 2112 4237 3709 4310; baseline -0.002 -18"><span class='ocrx_word' id='word_1_611' title='bbox 2112 4239 2207 4293; x_wconf 71' lang='grc' dir='ltr'>καὶ</span> <span class='ocrx_word' id='word_1_612' title='bbox 2235 4238 2337 4310; x_wconf 79' lang='grc' dir='ltr'><strong>τὴν</strong></span> <span class='ocrx_word' id='word_1_613' title='bbox 2385 4237 2780 4310; x_wconf 75' lang='grc' dir='ltr'>μιγαλωσύνην</span> <span class='ocrx_word' id='word_1_614' title='bbox 2835 4254 2928 4292; x_wconf 89' lang='grc' dir='ltr'><strong>σου</strong></span> <span class='ocrx_word' id='word_1_615' title='bbox 2983 4239 3341 4310; x_wconf 84' lang='grc' dir='ltr'>διηγήσονται</span> <span class='ocrx_word' id='word_1_616' title='bbox 3362 4238 3430 4294; x_wconf 81' lang='grc'><strong>⁸⁸.</strong></span> <span class='ocrx_word' id='word_1_617' title='bbox 3468 4255 3487 4290; x_wconf 76' lang='grc' dir='ltr'><strong>ι</strong></span> <span class='ocrx_word' id='word_1_618' title='bbox 3542 4238 3709 4290; x_wconf 84' lang='grc' dir='ltr'>Δοκεῖ</span> 
     </span>
    </p>
   </div>
   <div class='ocr_carea' id='block_1_87' title="bbox 2115 4329 3707 4403">
    <p class='ocr_par' dir='ltr' id='par_1_87' title="bbox 2115 4329 3707 4403">
     <span class='ocr_line' id='line_1_87' title="bbox 2115 4329 3707 4403; baseline -0.001 -19"><span class='ocrx_word' id='word_1_619' title='bbox 2115 4331 2214 4403; x_wconf 74' lang='grc' dir='ltr'>μὲν</span> <span class='ocrx_word' id='word_1_620' title='bbox 2237 4330 2566 4403; x_wconf 80' lang='grc' dir='ltr'>ταυτολογίᾳ</span> <span class='ocrx_word' id='word_1_621' title='bbox 2590 4331 2637 4364; x_wconf 80' lang='grc'><strong><em>⁸³</em></strong></span> <span class='ocrx_word' id='word_1_622' title='bbox 2681 4329 3018 4402; x_wconf 75' lang='grc' dir='ltr'>κεχρῆσθαι,</span> <span class='ocrx_word' id='word_1_623' title='bbox 3057 4330 3288 4400; x_wconf 81' lang='grc' dir='ltr'>διάφορα</span> <span class='ocrx_word' id='word_1_624' title='bbox 3319 4330 3378 4383; x_wconf 84' lang='grc' dir='ltr'>δὲ</span> <span class='ocrx_word' id='word_1_625' title='bbox 3409 4331 3562 4400; x_wconf 86' lang='grc' dir='ltr'>ὅμως</span> <span class='ocrx_word' id='word_1_626' title='bbox 3603 4346 3707 4399; x_wconf 87' lang='grc' dir='ltr'>ση-</span> 
     </span>
    </p>
   </div>
   <div class='ocr_carea' id='block_1_88' title="bbox 2117 4422 3708 4496">
    <p class='ocr_par' dir='ltr' id='par_1_88' title="bbox 2117 4422 3708 4496">
     <span class='ocr_line' id='line_1_88' title="bbox 2117 4422 3708 4496; baseline -0.001 -19"><span class='ocrx_word' id='word_1_627' title='bbox 2117 4423 2320 4494; x_wconf 83' lang='grc' dir='ltr'>μαίνει.</span> <span class='ocrx_word' id='word_1_628' title='bbox 2345 4422 2660 4493; x_wconf 73' lang='grc' dir='ltr'>Θαυμάσαι</span> <span class='ocrx_word' id='word_1_629' title='bbox 2676 4423 2774 4494; x_wconf 80' lang='grc' dir='ltr'><strong>μὲν</strong></span> <span class='ocrx_word' id='word_1_630' title='bbox 2801 4422 2912 4496; x_wconf 77' lang='grc' dir='ltr'>γὰρ</span> <span class='ocrx_word' id='word_1_631' title='bbox 2932 4423 3102 4492; x_wconf 83' lang='grc' dir='ltr'>λέγει,</span> <span class='ocrx_word' id='word_1_632' title='bbox 3131 4422 3201 4475; x_wconf 77' lang='grc' dir='ltr'><strong>τά</strong></span> <span class='ocrx_word' id='word_1_633' title='bbox 3236 4423 3323 4476; x_wconf 77' lang='grc' dir='ltr'>ἐπ’</span> <span class='ocrx_word' id='word_1_634' title='bbox 3355 4422 3708 4494; x_wconf 84' lang='grc' dir='ltr'>εὐεργεσίαις</span> 
     </span>
    </p>
   </div>
   <div class='ocr_carea' id='block_1_89' title="bbox 2111 4514 3710 4587">
    <p class='ocr_par' dir='ltr' id='par_1_89' title="bbox 2111 4514 3710 4587">
     <span class='ocr_line' id='line_1_89' title="bbox 2111 4514 3710 4587; baseline 0.001 -20"><span class='ocrx_word' id='word_1_635' title='bbox 2111 4516 2274 4569; x_wconf 83' lang='grc' dir='ltr'>τινῶν</span> <span class='ocrx_word' id='word_1_636' title='bbox 2301 4517 2564 4586; x_wconf 85' lang='grc' dir='ltr'>γινόμενα</span> <span class='ocrx_word' id='word_1_637' title='bbox 2599 4515 2886 4587; x_wconf 84' lang='grc' dir='ltr'>θαύματα·</span> <span class='ocrx_word' id='word_1_638' title='bbox 2919 4516 3178 4585; x_wconf 79' lang='grc' dir='ltr'>δύναμιν</span> <span class='ocrx_word' id='word_1_639' title='bbox 3203 4515 3260 4568; x_wconf 80' lang='grc' dir='ltr'><strong>δὲ</strong></span> <span class='ocrx_word' id='word_1_640' title='bbox 3290 4514 3579 4584; x_wconf 64' lang='grc' dir='ltr'>φοϐερῶν,</span> <span class='ocrx_word' id='word_1_641' title='bbox 3604 4515 3710 4579; x_wconf 77' lang='grc' dir='ltr'>τὰς</span> 
     </span>
    </p>
   </div>
   <div class='ocr_carea' id='block_1_90' title="bbox 425 4599 2004 4686">
    <p class='ocr_par' dir='ltr' id='par_1_90' title="bbox 425 4607 2004 4686">
     <span class='ocr_line' id='line_1_90' title="bbox 425 4607 2004 4686; baseline -0.009 -12"><span class='ocrx_word' id='word_1_642' title='bbox 425 4620 660 4674; x_wconf 84' lang='lat' dir='ltr'><strong>aliorum</strong></span> <span class='ocrx_word' id='word_1_643' title='bbox 701 4615 969 4686; x_wconf 86' lang='lat' dir='ltr'><strong>supplicia</strong></span> <span class='ocrx_word' id='word_1_644' title='bbox 1019 4619 1264 4683; x_wconf 86' lang='lat' dir='ltr'><strong>peracta.</strong></span> <span class='ocrx_word' id='word_1_645' title='bbox 1305 4608 1471 4664; x_wconf 71' lang='lat' dir='ltr'><strong>Verbi</strong></span> <span class='ocrx_word' id='word_1_646' title='bbox 1520 4609 1694 4678; x_wconf 87' lang='lat' dir='ltr'><strong>gratia</strong></span> <span class='ocrx_word' id='word_1_647' title='bbox 1739 4607 1881 4676; x_wconf 88' lang='lat' dir='ltr'><strong>quod</strong></span> <span class='ocrx_word' id='word_1_648' title='bbox 1916 4622 2004 4675; x_wconf 87' lang='lat' dir='ltr'><strong>per</strong></span> 
     </span>
    </p>
   </div>
   <div class='ocr_carea' id='block_1_91' title="bbox 2105 4599 3710 4686">
    <p class='ocr_par' dir='ltr' id='par_1_91' title="bbox 2116 4599 3710 4681">
     <span class='ocr_line' id='line_1_91' title="bbox 2116 4599 3710 4681; baseline -0.003 -19"><span class='ocrx_word' id='word_1_649' title='bbox 2116 4611 2210 4662; x_wconf 79' lang='grc' dir='ltr'><strong>ἐπὶ</strong></span> <span class='ocrx_word' id='word_1_650' title='bbox 2235 4609 2478 4679; x_wconf 81' lang='grc' dir='ltr'>τιμωρίᾳ</span> <span class='ocrx_word' id='word_1_651' title='bbox 2511 4609 2717 4681; x_wconf 82' lang='grc' dir='ltr'>ἐτέρων</span> <span class='ocrx_word' id='word_1_652' title='bbox 2759 4608 3066 4679; x_wconf 86' lang='grc' dir='ltr'>δειχθείσας</span> <span class='ocrx_word' id='word_1_653' title='bbox 3114 4607 3552 4679; x_wconf 78' lang='grc' dir='ltr'>μεγαλουργίας’</span> <span class='ocrx_word' id='word_1_654' title='bbox 3594 4599 3710 4658; x_wconf 75' lang='grc' dir='ltr'>οἷον</span> 
     </span>
    </p>
   </div>
   <div class='ocr_carea' id='block_1_92' title="bbox 426 4699 2008 4776">
    <p class='ocr_par' dir='ltr' id='par_1_92' title="bbox 426 4699 2008 4776">
     <span class='ocr_line' id='line_1_92' title="bbox 426 4699 2008 4776; baseline -0.01 -10"><span class='ocrx_word' id='word_1_655' title='bbox 426 4711 672 4766; x_wconf 79' lang='lat' dir='ltr'><strong>divinum</strong></span> <span class='ocrx_word' id='word_1_656' title='bbox 711 4707 898 4762; x_wconf 81' lang='lat' dir='ltr'><strong>Mosen</strong></span> <span class='ocrx_word' id='word_1_657' title='bbox 928 4704 1165 4776; x_wconf 64' lang='lat' dir='ltr'><strong>IEgypto</strong></span> <span class='ocrx_word' id='word_1_658' title='bbox 1191 4703 1339 4757; x_wconf 74' lang='lat' dir='ltr'><strong>varia</strong></span> <span class='ocrx_word' id='word_1_659' title='bbox 1371 4700 1580 4772; x_wconf 79' lang='lat' dir='ltr'><strong>ﬂagella</strong></span> <span class='ocrx_word' id='word_1_660' title='bbox 1629 4699 1909 4762; x_wconf 79' lang='lat' dir='ltr'><strong>inﬂixerit,</strong></span> <span class='ocrx_word' id='word_1_661' title='bbox 1954 4700 2008 4751; x_wconf 90' lang='lat' dir='ltr'><strong>in</strong></span> 
     </span>
    </p>
   </div>
   <div class='ocr_carea' id='block_1_93' title="bbox 428 4792 2011 4864">
    <p class='ocr_par' dir='ltr' id='par_1_93' title="bbox 428 4792 2011 4864">
     <span class='ocr_line' id='line_1_93' title="bbox 428 4792 2011 4864; baseline -0.008 -6"><span class='ocrx_word' id='word_1_662' title='bbox 428 4803 536 4858; x_wconf 84' lang='lat' dir='ltr'><strong>illis</strong></span> <span class='ocrx_word' id='word_1_663' title='bbox 581 4800 757 4854; x_wconf 80' lang='lat' dir='ltr'><strong>virtus</strong></span> <span class='ocrx_word' id='word_1_664' title='bbox 819 4795 1143 4853; x_wconf 85' lang='lat' dir='ltr'><strong>terribilium</strong></span> <span class='ocrx_word' id='word_1_665' title='bbox 1193 4793 1543 4864; x_wconf 87' lang='lat' dir='ltr'><strong>intelligenda</strong></span> <span class='ocrx_word' id='word_1_666' title='bbox 1595 4800 1718 4848; x_wconf 84' lang='lat' dir='ltr'><strong>est:</strong></span> <span class='ocrx_word' id='word_1_667' title='bbox 1773 4792 1917 4861; x_wconf 87' lang='lat' dir='ltr'><strong>quod</strong></span> <span class='ocrx_word' id='word_1_668' title='bbox 1955 4793 2011 4846; x_wconf 86' lang='lat' dir='ltr'><strong>in</strong></span> 
     </span>
    </p>
   </div>
   <div class='ocr_carea' id='block_1_94' title="bbox 434 4887 2016 4960">
    <p class='ocr_par' dir='ltr' id='par_1_94' title="bbox 434 4887 2016 4960">
     <span class='ocr_line' id='line_1_94' title="bbox 434 4887 2016 4960; baseline -0.007 -10"><span class='ocrx_word' id='word_1_669' title='bbox 434 4894 734 4950; x_wconf 78' lang='lat' dir='ltr'><strong>solitudine</strong></span> <span class='ocrx_word' id='word_1_670' title='bbox 765 4905 967 4945; x_wconf 87' lang='lat' dir='ltr'><strong>manna</strong></span> <span class='ocrx_word' id='word_1_671' title='bbox 1004 4889 1205 4960; x_wconf 88' lang='lat' dir='ltr'><strong>populo</strong></span> <span class='ocrx_word' id='word_1_672' title='bbox 1235 4887 1694 4958; x_wconf 81' lang='lat' dir='ltr'><strong>suppeditaverit,</strong></span> <span class='ocrx_word' id='word_1_673' title='bbox 1731 4895 1784 4940; x_wconf 92' lang='lat' dir='ltr'><strong>et</strong></span> <span class='ocrx_word' id='word_1_674' title='bbox 1821 4897 2016 4940; x_wconf 82' lang='lat' dir='ltr'><strong>cotur-</strong></span> 
     </span>
    </p>
   </div>
   <div class='ocr_carea' id='block_1_95' title="bbox 429 4977 2012 5056">
    <p class='ocr_par' dir='ltr' id='par_1_95' title="bbox 429 4977 2012 5056">
     <span class='ocr_line' id='line_1_95' title="bbox 429 4977 2012 5056; baseline -0.006 -14"><span class='ocrx_word' id='word_1_675' title='bbox 429 4988 578 5042; x_wconf 88' lang='lat' dir='ltr'><strong>nices</strong></span> <span class='ocrx_word' id='word_1_676' title='bbox 609 4983 768 5056; x_wconf 84' lang='lat' dir='ltr'><strong>quasi</strong></span> <span class='ocrx_word' id='word_1_677' title='bbox 821 4983 922 5037; x_wconf 91' lang='lat' dir='ltr'><strong>reti</strong></span> <span class='ocrx_word' id='word_1_678' title='bbox 963 4980 1287 5051; x_wconf 78' lang='lat' dir='ltr'><strong>complexus</strong></span> <span class='ocrx_word' id='word_1_679' title='bbox 1315 4979 1421 5044; x_wconf 87' lang='lat' dir='ltr'><strong>sit,</strong></span> <span class='ocrx_word' id='word_1_680' title='bbox 1464 4988 1520 5033; x_wconf 86' lang='lat' dir='ltr'><strong>et</strong></span> <span class='ocrx_word' id='word_1_681' title='bbox 1559 4988 1758 5034; x_wconf 83' lang='lat' dir='ltr'><strong>terram</strong></span> <span class='ocrx_word' id='word_1_682' title='bbox 1801 4977 2012 5032; x_wconf 88' lang='lat' dir='ltr'><strong>aridam</strong></span> 
     </span>
    </p>
   </div>
   <div class='ocr_carea' id='block_1_96' title="bbox 427 5070 2015 5142">
    <p class='ocr_par' dir='ltr' id='par_1_96' title="bbox 427 5070 2015 5142">
     <span class='ocr_line' id='line_1_96' title="bbox 427 5070 2015 5142; baseline -0.008 -5"><span class='ocrx_word' id='word_1_683' title='bbox 427 5078 804 5142; x_wconf 78' lang='lat' dir='ltr'><strong>inundaverit,</strong></span> <span class='ocrx_word' id='word_1_684' title='bbox 838 5077 954 5132; x_wconf 84' lang='lat' dir='ltr'><strong>haec</strong></span> <span class='ocrx_word' id='word_1_685' title='bbox 979 5075 1034 5131; x_wconf 90' lang='lat' dir='ltr'><strong>in</strong></span> <span class='ocrx_word' id='word_1_686' title='bbox 1071 5073 1493 5129; x_wconf 78' lang='lat' dir='ltr'><strong>admirationem</strong></span> <span class='ocrx_word' id='word_1_687' title='bbox 1517 5081 1803 5139; x_wconf 79' lang='lat' dir='ltr'><strong>gratorum</strong></span> <span class='ocrx_word' id='word_1_688' title='bbox 1835 5070 2015 5125; x_wconf 86' lang='lat' dir='ltr'><strong>homi-</strong></span> 
     </span>
    </p>
   </div>
   <div class='ocr_carea' id='block_1_97' title="bbox 488 5279 940 5346">
    <p class='ocr_par' dir='ltr' id='par_1_97' title="bbox 488 5279 940 5346">
     <span class='ocr_line' id='line_1_97' title="bbox 488 5279 940 5346; baseline -0.015 -8"><span class='ocrx_word' id='word_1_689' title='bbox 488 5297 509 5321; x_wconf 76' lang='grc' dir='ltr'><strong>ε·</strong></span> <span class='ocrx_word' id='word_1_690' title='bbox 538 5283 697 5337; x_wconf 81' lang='lat' dir='ltr'><strong>.luan.</strong></span> <span class='ocrx_word' id='word_1_691' title='bbox 728 5297 861 5346; x_wconf 79' lang='lat' dir='ltr'><strong>xvn,</strong></span> <span class='ocrx_word' id='word_1_692' title='bbox 886 5279 940 5332; x_wconf 82' lang='lat'><strong>5.</strong></span> 
     </span>
    </p>
   </div>
   <div class='ocr_carea' id='block_1_98' title="bbox 2113 4695 3712 4771">
    <p class='ocr_par' dir='ltr' id='par_1_98' title="bbox 2113 4695 3712 4771">
     <span class='ocr_line' id='line_1_98' title="bbox 2113 4695 3712 4771; baseline -0.002 -19"><span class='ocrx_word' id='word_1_693' title='bbox 2113 4700 2202 4753; x_wconf 76' lang='grc' dir='ltr'><strong>διὰ</strong></span> <span class='ocrx_word' id='word_1_694' title='bbox 2239 4697 2333 4752; x_wconf 81' lang='grc' dir='ltr'>τοῦ</span> <span class='ocrx_word' id='word_1_695' title='bbox 2366 4699 2660 4752; x_wconf 88' lang='grc' dir='ltr'>θεσπεσίου</span> <span class='ocrx_word' id='word_1_696' title='bbox 2682 4698 2919 4753; x_wconf 83' lang='grc' dir='ltr'>Μωῦσοῦ</span> <span class='ocrx_word' id='word_1_697' title='bbox 2953 4702 3022 4771; x_wconf 84' lang='grc' dir='ltr'>τῇ</span> <span class='ocrx_word' id='word_1_698' title='bbox 3051 4699 3315 4769; x_wconf 74' lang='grc' dir='ltr'>Αἰγύπτῳ</span> <span class='ocrx_word' id='word_1_699' title='bbox 3352 4695 3712 4759; x_wconf 72' lang='grc' dir='ltr'>παντοδαπάς</span> 
     </span>
    </p>
   </div>
   <div class='ocr_carea' id='block_1_99' title="bbox 2115 4787 3715 4864">
    <p class='ocr_par' dir='ltr' id='par_1_99' title="bbox 2115 4787 3715 4864">
     <span class='ocr_line' id='line_1_99' title="bbox 2115 4787 3715 4864; baseline -0.004 -18"><span class='ocrx_word' id='word_1_700' title='bbox 2115 4793 2368 4864; x_wconf 84' lang='grc' dir='ltr'>ἐπήγαγε</span> <span class='ocrx_word' id='word_1_701' title='bbox 2410 4793 2684 4864; x_wconf 84' lang='grc' dir='ltr'>μάστιγας</span> <span class='ocrx_word' id='word_1_702' title='bbox 2710 4808 2724 4824; x_wconf 72' lang='grc'><strong><em>⁸</em></strong></span> <span class='ocrx_word' id='word_1_703' title='bbox 2786 4795 2972 4847; x_wconf 78' lang='grc' dir='ltr'>ἐκεῖνα</span> <span class='ocrx_word' id='word_1_704' title='bbox 3015 4792 3235 4862; x_wconf 86' lang='grc' dir='ltr'>νοητέον</span> <span class='ocrx_word' id='word_1_705' title='bbox 3279 4789 3510 4860; x_wconf 86' lang='grc' dir='ltr'>δύναμιν</span> <span class='ocrx_word' id='word_1_706' title='bbox 3542 4787 3715 4858; x_wconf 74' lang='grc' dir='ltr'>φοϐε-</span> 
     </span>
    </p>
   </div>
   <div class='ocr_carea' id='block_1_100' title="bbox 2117 4884 3715 4962">
    <p class='ocr_par' dir='ltr' id='par_1_100' title="bbox 2117 4884 3715 4962">
     <span class='ocr_line' id='line_1_100' title="bbox 2117 4884 3715 4962; baseline -0.004 -20"><span class='ocrx_word' id='word_1_707' title='bbox 2117 4889 2249 4960; x_wconf 88' lang='grc' dir='ltr'>ρῶν.</span> <span class='ocrx_word' id='word_1_708' title='bbox 2291 4888 2380 4942; x_wconf 84' lang='grc' dir='ltr'>Ἐν</span> <span class='ocrx_word' id='word_1_709' title='bbox 2406 4892 2471 4960; x_wconf 82' lang='grc' dir='ltr'>τῇ</span> <span class='ocrx_word' id='word_1_710' title='bbox 2505 4891 2700 4962; x_wconf 81' lang='grc' dir='ltr'>ἐρήμῳ</span> <span class='ocrx_word' id='word_1_711' title='bbox 2733 4891 2908 4960; x_wconf 90' lang='grc' dir='ltr'>μάννα</span> <span class='ocrx_word' id='word_1_712' title='bbox 2951 4889 3176 4959; x_wconf 87' lang='grc' dir='ltr'>ἐκόμισε</span> <span class='ocrx_word' id='word_1_713' title='bbox 3210 4886 3289 4958; x_wconf 81' lang='grc' dir='ltr'>τῷ</span> <span class='ocrx_word' id='word_1_714' title='bbox 3321 4884 3455 4957; x_wconf 85' lang='grc' dir='ltr'>λαῷ,</span> <span class='ocrx_word' id='word_1_715' title='bbox 3485 4884 3577 4938; x_wconf 83' lang='grc' dir='ltr'>καὶ</span> <span class='ocrx_word' id='word_1_716' title='bbox 3613 4884 3715 4954; x_wconf 81' lang='grc' dir='ltr'><strong>ὀρ-</strong></span> 
     </span>
    </p>
   </div>
   <div class='ocr_carea' id='block_1_101' title="bbox 2113 4976 3714 5054">
    <p class='ocr_par' dir='ltr' id='par_1_101' title="bbox 2113 4976 3714 5054">
     <span class='ocr_line' id='line_1_101' title="bbox 2113 4976 3714 5054; baseline -0.003 -20"><span class='ocrx_word' id='word_1_717' title='bbox 2113 4981 2473 5053; x_wconf 88' lang='grc' dir='ltr'>τυγομήτρας</span> <span class='ocrx_word' id='word_1_718' title='bbox 2530 4983 2804 5054; x_wconf 84' lang='grc' dir='ltr'>ἐπέδησε,</span> <span class='ocrx_word' id='word_1_719' title='bbox 2849 4983 2948 5036; x_wconf 77' lang='grc' dir='ltr'><strong>καὶ</strong></span> <span class='ocrx_word' id='word_1_720' title='bbox 2984 4982 3086 5052; x_wconf 79' lang='grc' dir='ltr'>τὴν</span> <span class='ocrx_word' id='word_1_721' title='bbox 3131 4980 3358 5052; x_wconf 81' lang='grc' dir='ltr'>ἄνυδρον</span> <span class='ocrx_word' id='word_1_722' title='bbox 3403 4976 3714 5032; x_wconf 79' lang='grc' dir='ltr'>ἐπέκλυσε·</span> 
     </span>
    </p>
   </div>
   <div class='ocr_carea' id='block_1_102' title="bbox 2115 5069 3718 5147">
    <p class='ocr_par' dir='ltr' id='par_1_102' title="bbox 2115 5069 3718 5147">
     <span class='ocr_line' id='line_1_102' title="bbox 2115 5069 3718 5147; baseline -0.002 -21"><span class='ocrx_word' id='word_1_723' title='bbox 2115 5073 2290 5128; x_wconf 79' lang='grc' dir='ltr'>ταῦτα</span> <span class='ocrx_word' id='word_1_724' title='bbox 2329 5075 2408 5139; x_wconf 76' lang='grc' dir='ltr'><strong>είς</strong></span> <span class='ocrx_word' id='word_1_725' title='bbox 2437 5074 2623 5147; x_wconf 82' lang='grc' dir='ltr'>θαῦμα</span> <span class='ocrx_word' id='word_1_726' title='bbox 2653 5075 2764 5131; x_wconf 88' lang='grc' dir='ltr'><strong>τῶν</strong></span> <span class='ocrx_word' id='word_1_727' title='bbox 2798 5075 3160 5147; x_wconf 83' lang='grc' dir='ltr'>εὐγνωμόνων</span> <span class='ocrx_word' id='word_1_728' title='bbox 3185 5074 3284 5138; x_wconf 82' lang='grc' dir='ltr'>τὰς</span> <span class='ocrx_word' id='word_1_729' title='bbox 3322 5071 3570 5143; x_wconf 72' lang='grc' dir='ltr'>γλώττας</span> <span class='ocrx_word' id='word_1_730' title='bbox 3594 5069 3718 5125; x_wconf 81' lang='grc' dir='ltr'>ἐκί-</span> 
     </span>
    </p>
   </div>
   <div class='ocr_carea' id='block_1_103' title="bbox 1465 5498 2532 5558">
    <p class='ocr_par' dir='ltr' id='par_1_103' title="bbox 1465 5498 2532 5558">
     <span class='ocr_line' id='line_1_103' title="bbox 1465 5498 2532 5558; baseline -0.004 -2"><span class='ocrx_word' id='word_1_731' title='bbox 1465 5503 1703 5558; x_wconf 64' lang='lat' dir='ltr'><strong>VARI/ﬁ</strong></span> <span class='ocrx_word' id='word_1_732' title='bbox 1749 5499 2133 5557; x_wconf 81' lang='lat' dir='ltr'><strong>LECTIUNES</strong></span> <span class='ocrx_word' id='word_1_733' title='bbox 2177 5498 2263 5552; x_wconf 71' lang='grc' dir='ltr'><strong>ΕΤ</strong></span> <span class='ocrx_word' id='word_1_734' title='bbox 2295 5498 2532 5553; x_wconf 64' lang='lat' dir='ltr'><strong>NOTAE.</strong></span> 
     </span>
    </p>
   </div>
   <div class='ocr_carea' id='block_1_104' title="bbox 508 5643 1174 5714">
    <p class='ocr_par' dir='ltr' id='par_1_104' title="bbox 508 5643 1174 5714">
     <span class='ocr_line' id='line_1_104' title="bbox 508 5643 1174 5714; baseline -0.003 -16"><span class='ocrx_word' id='word_1_735' title='bbox 508 5643 554 5673; x_wconf 79' lang='grc'><strong>⁹³</strong></span> <span class='ocrx_word' id='word_1_736' title='bbox 581 5646 729 5698; x_wconf 76' lang='grc' dir='ltr'>Οὔτε</span> <span class='ocrx_word' id='word_1_737' title='bbox 750 5644 896 5714; x_wconf 73' lang='grc' dir='ltr'>μήν.</span> <span class='ocrx_word' id='word_1_738' title='bbox 927 5644 999 5698; x_wconf 89' lang='lat' dir='ltr'><strong>ib.</strong></span> <span class='ocrx_word' id='word_1_739' title='bbox 1031 5644 1174 5697; x_wconf 86' lang='grc' dir='ltr'>οὐδέ.</span> 
     </span>
    </p>
   </div>
   <div class='ocr_carea' id='block_1_105' title="bbox 433 5787 902 5851">
    <p class='ocr_par' dir='ltr' id='par_1_105' title="bbox 433 5787 902 5851">
     <span class='ocr_line' id='line_1_105' title="bbox 433 5787 902 5851; baseline 0.004 -16"><span class='ocrx_word' id='word_1_740' title='bbox 433 5787 727 5851; x_wconf 61' lang='grc' dir='ltr'>προψανείς</span> <span class='ocrx_word' id='word_1_741' title='bbox 784 5789 902 5846; x_wconf 80' lang='grc' dir='ltr'>τάς.</span> 
     </span>
    </p>
   </div>
   <div class='ocr_carea' id='block_1_106' title="bbox 1286 5640 2085 5709">
    <p class='ocr_par' dir='ltr' id='par_1_106' title="bbox 1286 5640 2085 5709">
     <span class='ocr_line' id='line_1_106' title="bbox 1286 5640 2085 5709; baseline 0.011 -22"><span class='ocrx_word' id='word_1_742' title='bbox 1286 5645 1334 5675; x_wconf 62' lang='grc' dir='ltr'>οι</span> <span class='ocrx_word' id='word_1_743' title='bbox 1375 5641 1634 5709; x_wconf 78' lang='grc' dir='ltr'>Ἰσραήλ.</span> <span class='ocrx_word' id='word_1_744' title='bbox 1674 5641 1797 5695; x_wconf 91' lang='lat' dir='ltr'><strong>cod.</strong></span> <span class='ocrx_word' id='word_1_745' title='bbox 1835 5641 1858 5694; x_wconf 74' lang='grc'>1</span> <span class='ocrx_word' id='word_1_746' title='bbox 1892 5640 2085 5696; x_wconf 81' lang='grc' dir='ltr'>ἐθνῶν.</span> 
     </span>
    </p>
   </div>
   <div class='ocr_carea' id='block_1_107' title="bbox 430 5711 2911 5782">
    <p class='ocr_par' dir='ltr' id='par_1_107' title="bbox 430 5711 2911 5782">
     <span class='ocr_line' id='line_1_107' title="bbox 430 5711 2911 5782; baseline 0 -17"><span class='ocrx_word' id='word_1_747' title='bbox 430 5711 845 5782; x_wconf 61' lang='grc' dir='ltr'>διηγήσονται.</span> <span class='ocrx_word' id='word_1_748' title='bbox 900 5715 1060 5768; x_wconf 81' lang='lat' dir='ltr'><strong>llcbr.</strong></span> <span class='ocrx_word' id='word_1_749' title='bbox 1105 5713 1407 5782; x_wconf 76' lang='lat' dir='ltr'><strong>Majestatis</strong></span> <span class='ocrx_word' id='word_1_750' title='bbox 1466 5725 1590 5776; x_wconf 72' lang='lat' dir='ltr'><strong>(tur,</strong></span> <span class='ocrx_word' id='word_1_751' title='bbox 1635 5721 1682 5764; x_wconf 85' lang='lat' dir='ltr'><strong>et</strong></span> <span class='ocrx_word' id='word_1_752' title='bbox 1716 5711 1869 5782; x_wconf 56' lang='lat' dir='ltr'><strong>verba</strong></span> <span class='ocrx_word' id='word_1_753' title='bbox 1906 5727 1951 5763; x_wconf 91' lang='lat' dir='ltr'><strong>s.</strong></span> <span class='ocrx_word' id='word_1_754' title='bbox 1981 5726 2144 5779; x_wconf 85' lang='lat' dir='ltr'><strong>opera</strong></span> <span class='ocrx_word' id='word_1_755' title='bbox 2171 5713 2463 5776; x_wconf 86' lang='lat' dir='ltr'><strong>mirabilia,</strong></span> <span class='ocrx_word' id='word_1_756' title='bbox 2510 5724 2601 5765; x_wconf 79' lang='lat' dir='ltr'><strong>tua</strong></span> <span class='ocrx_word' id='word_1_757' title='bbox 2658 5715 2911 5767; x_wconf 73' lang='lat' dir='ltr'><strong>narrabo.</strong></span> 
     </span>
    </p>
   </div>
   <div class='ocr_carea' id='block_1_108' title="bbox 989 5779 2004 5851">
    <p class='ocr_par' dir='ltr' id='par_1_108' title="bbox 989 5779 2004 5851">
     <span class='ocr_line' id='line_1_108' title="bbox 989 5779 2004 5851; baseline -0.002 -16"><span class='ocrx_word' id='word_1_758' title='bbox 989 5786 1025 5814; x_wconf 80' lang='grc'><strong>⁸⁸</strong></span> <span class='ocrx_word' id='word_1_759' title='bbox 1066 5779 1483 5851; x_wconf 44' lang='lat' dir='ltr'><strong>Auﬁda-orem.</strong></span> <span class='ocrx_word' id='word_1_760' title='bbox 1521 5782 1684 5836; x_wconf 87' lang='lat' dir='ltr'><strong>llebr.</strong></span> <span class='ocrx_word' id='word_1_761' title='bbox 1727 5779 2004 5834; x_wconf 59' lang='lat' dir='ltr'><strong>Narrabo:</strong></span> 
     </span>
    </p>
   </div>
   <div class='ocr_carea' id='block_1_109' title="bbox 2105 5779 2908 5851">
    <p class='ocr_par' dir='ltr' id='par_1_109' title="bbox 2105 5783 2908 5851">
     <span class='ocr_line' id='line_1_109' title="bbox 2105 5783 2908 5851; baseline 0.004 -18"><span class='ocrx_word' id='word_1_762' title='bbox 2105 5798 2133 5834; x_wconf 78' lang='grc' dir='ltr'><strong>ι.</strong></span> <span class='ocrx_word' id='word_1_763' title='bbox 2211 5783 2254 5813; x_wconf 76' lang='grc'><strong>⁸³</strong></span> <span class='ocrx_word' id='word_1_764' title='bbox 2285 5783 2404 5836; x_wconf 80' lang='lat' dir='ltr'><strong>cod.</strong></span> <span class='ocrx_word' id='word_1_765' title='bbox 2442 5783 2462 5834; x_wconf 85' lang='grc'>1</span> <span class='ocrx_word' id='word_1_766' title='bbox 2510 5785 2908 5851; x_wconf 59' lang='grc' dir='ltr'>ταυτολογίαις.</span> 
     </span>
    </p>
   </div>
   <div class='ocr_carea' id='block_1_110' title="bbox 2182 5640 3718 5711">
    <p class='ocr_par' dir='ltr' id='par_1_110' title="bbox 2182 5640 3718 5711">
     <span class='ocr_line' id='line_1_110' title="bbox 2182 5640 3718 5711; baseline 0.001 -16"><span class='ocrx_word' id='word_1_767' title='bbox 2182 5641 2228 5673; x_wconf 81' lang='grc'>⁹⁸</span> <span class='ocrx_word' id='word_1_768' title='bbox 2271 5643 2407 5706; x_wconf 72' lang='grc' dir='ltr'>Τήν.</span> <span class='ocrx_word' id='word_1_769' title='bbox 2438 5642 2489 5695; x_wconf 91' lang='lat' dir='ltr'><strong>in</strong></span> <span class='ocrx_word' id='word_1_770' title='bbox 2530 5651 2675 5696; x_wconf 82' lang='lat' dir='ltr'><strong>textu</strong></span> <span class='ocrx_word' id='word_1_771' title='bbox 2715 5641 2819 5694; x_wconf 78' lang='grc' dir='ltr'><strong>τῶν</strong></span> <span class='ocrx_word' id='word_1_772' title='bbox 2868 5647 2921 5694; x_wconf 89' lang='lat'><strong>0&#39;</strong></span> <span class='ocrx_word' id='word_1_773' title='bbox 2968 5657 3132 5711; x_wconf 72' lang='lat' dir='ltr'><strong>prmm</strong></span> <span class='ocrx_word' id='word_1_774' title='bbox 3188 5643 3318 5697; x_wconf 82' lang='grc' dir='ltr'>Καί.</span> <span class='ocrx_word' id='word_1_775' title='bbox 3424 5644 3470 5678; x_wconf 76' lang='grc'><strong>³⁸</strong></span> <span class='ocrx_word' id='word_1_776' title='bbox 3504 5640 3611 5707; x_wconf 73' lang='grc' dir='ltr'><strong>Τῆς</strong></span> <span class='ocrx_word' id='word_1_777' title='bbox 3641 5671 3718 5686; x_wconf 79' lang='lat'><strong>~—</strong></span> 
     </span>
    </p>
   </div>
   <div class='ocr_carea' id='block_1_111' title="bbox 3007 5712 3709 5782">
    <p class='ocr_par' dir='ltr' id='par_1_111' title="bbox 3007 5712 3709 5782">
     <span class='ocr_line' id='line_1_111' title="bbox 3007 5712 3709 5782; baseline 0.003 -18"><span class='ocrx_word' id='word_1_778' title='bbox 3007 5713 3053 5743; x_wconf 68' lang='lat'><strong>9&quot;</strong></span> <span class='ocrx_word' id='word_1_779' title='bbox 3088 5712 3448 5782; x_wconf 60' lang='grc' dir='ltr'>[Ιροσφυεῖς.</span> <span class='ocrx_word' id='word_1_780' title='bbox 3507 5716 3634 5770; x_wconf 78' lang='lat' dir='ltr'><strong>eod.</strong></span> <span class='ocrx_word' id='word_1_781' title='bbox 3685 5717 3709 5766; x_wconf 73' lang='grc'><strong>1</strong></span> 
     </span>
    </p>
   </div>
  </div>
