  <div class='ocr_page' id='page_1' title='image "/cluster/home/n/w/nwhite01/storage/ocr_20150623/80:no.1/coo.31924054869817/996.png"; bbox 0 0 4128 6420; ppageno 0'>
   <div class='ocr_carea' id='block_1_1' title="bbox 366 319 505 383">
    <p class='ocr_par' dir='ltr' id='par_1_1' title="bbox 366 319 505 383">
     <span class='ocr_line' id='line_1_1' title="bbox 366 319 505 383; baseline -0.022 0"><span class='ocrx_word' id='word_1_1' title='bbox 366 319 505 383; x_wconf 76' lang='grc' dir='ltr'><strong>ΠΠἾ</strong></span> 
     </span>
    </p>
   </div>
   <div class='ocr_carea' id='block_1_2' title="bbox 1716 312 2335 382">
    <p class='ocr_par' dir='ltr' id='par_1_2' title="bbox 1716 312 2335 382">
     <span class='ocr_line' id='line_1_2' title="bbox 1716 312 2335 382; baseline 0.011 -7"><span class='ocrx_word' id='word_1_2' title='bbox 1716 316 1793 375; x_wconf 73' lang='grc' dir='ltr'><strong>ΙΝ</strong></span> <span class='ocrx_word' id='word_1_3' title='bbox 1824 316 2030 376; x_wconf 82' lang='lat' dir='ltr'>PSAL.</span> <span class='ocrx_word' id='word_1_4' title='bbox 2063 312 2335 382; x_wconf 69' lang='grc' dir='ltr'><strong>(ΣΧΙΝΙ-⁵</strong></span> 
     </span>
    </p>
   </div>
   <div class='ocr_carea' id='block_1_3' title="bbox 3511 302 3646 367">
    <p class='ocr_par' dir='ltr' id='par_1_3' title="bbox 3511 302 3646 367">
     <span class='ocr_line' id='line_1_3' title="bbox 3511 302 3646 367; baseline 0.007 -2"><span class='ocrx_word' id='word_1_5' title='bbox 3511 302 3646 367; x_wconf 73' lang='grc' dir='ltr'><strong>19ἷ8</strong></span> 
     </span>
    </p>
   </div>
   <div class='ocr_carea' id='block_1_4' title="bbox 359 412 1972 493">
    <p class='ocr_par' dir='ltr' id='par_1_4' title="bbox 359 422 1955 493">
     <span class='ocr_line' id='line_1_4' title="bbox 359 422 1955 493; baseline -0.006 -9"><span class='ocrx_word' id='word_1_6' title='bbox 359 426 641 484; x_wconf 76' lang='grc' dir='ltr'>ἀπάντων.</span> <span class='ocrx_word' id='word_1_7' title='bbox 674 424 834 479; x_wconf 78' lang='grc' dir='ltr'>Οὕτω</span> <span class='ocrx_word' id='word_1_8' title='bbox 875 424 1055 491; x_wconf 80' lang='grc' dir='ltr'>δείξας</span> <span class='ocrx_word' id='word_1_9' title='bbox 1084 423 1249 479; x_wconf 69' lang='grc' dir='ltr'>αὑτὸν</span> <span class='ocrx_word' id='word_1_10' title='bbox 1278 424 1389 476; x_wconf 89' lang='grc' dir='ltr'><strong>τῶν</strong></span> <span class='ocrx_word' id='word_1_11' title='bbox 1436 422 1575 477; x_wconf 84' lang='grc' dir='ltr'>ὅλων</span> <span class='ocrx_word' id='word_1_12' title='bbox 1601 422 1955 493; x_wconf 67' lang='grc' dir='ltr'>δημιουργὸν,</span> 
     </span>
    </p>
   </div>
   <div class='ocr_carea' id='block_1_5' title="bbox 2075 412 3644 493">
    <p class='ocr_par' dir='ltr' id='par_1_5' title="bbox 2075 412 3644 491">
     <span class='ocr_line' id='line_1_5' title="bbox 2075 412 3644 491; baseline -0.007 -16"><span class='ocrx_word' id='word_1_13' title='bbox 2075 421 2278 491; x_wconf 74' lang='grc' dir='ltr'>ψῑίίοο.</span> <span class='ocrx_word' id='word_1_14' title='bbox 2313 421 2612 490; x_wconf 82' lang='lat' dir='ltr'><strong>Postquam</strong></span> <span class='ocrx_word' id='word_1_15' title='bbox 2640 418 2708 474; x_wconf 87' lang='lat' dir='ltr'><strong>ad</strong></span> <span class='ocrx_word' id='word_1_16' title='bbox 2746 417 2896 472; x_wconf 87' lang='lat' dir='ltr'><strong>hunc</strong></span> <span class='ocrx_word' id='word_1_17' title='bbox 2927 416 3151 473; x_wconf 91' lang='lat' dir='ltr'><strong>modum</strong></span> <span class='ocrx_word' id='word_1_18' title='bbox 3189 412 3430 470; x_wconf 73' lang='lat' dir='ltr'><strong>ostendit</strong></span> <span class='ocrx_word' id='word_1_19' title='bbox 3463 412 3644 483; x_wconf 85' lang='lat' dir='ltr'><strong>ipsum</strong></span> 
     </span>
    </p>
   </div>
   <div class='ocr_carea' id='block_1_6' title="bbox 361 509 1848 588">
    <p class='ocr_par' dir='ltr' id='par_1_6' title="bbox 361 509 1848 588">
     <span class='ocr_line' id='line_1_6' title="bbox 361 509 1848 588; baseline -0.003 -16"><span class='ocrx_word' id='word_1_20' title='bbox 361 519 638 574; x_wconf 84' lang='grc' dir='ltr'>δείκνυσιν</span> <span class='ocrx_word' id='word_1_21' title='bbox 665 517 828 571; x_wconf 81' lang='grc' dir='ltr'>αὐτὸν</span> <span class='ocrx_word' id='word_1_22' title='bbox 856 518 952 571; x_wconf 76' lang='grc' dir='ltr'><strong>καὶ</strong></span> <span class='ocrx_word' id='word_1_23' title='bbox 981 516 1438 588; x_wconf 78' lang='grc' dir='ltr'><strong>προμηθούμενον</strong></span> <span class='ocrx_word' id='word_1_24' title='bbox 1464 509 1540 569; x_wconf 78' lang='grc' dir='ltr'>ὧν</span> <span class='ocrx_word' id='word_1_25' title='bbox 1569 513 1848 583; x_wconf 71' lang='grc' dir='ltr'>ἐποίησεν.</span> 
     </span>
    </p>
   </div>
   <div class='ocr_carea' id='block_1_7' title="bbox 434 686 1949 766">
    <p class='ocr_par' dir='ltr' id='par_1_7' title="bbox 434 686 1949 766">
     <span class='ocr_line' id='line_1_7' title="bbox 434 686 1949 766; baseline -0.009 -14"><span class='ocrx_word' id='word_1_26' title='bbox 434 694 505 764; x_wconf 77' lang='grc' dir='ltr'><strong>ζ’.</strong></span> <span class='ocrx_word' id='word_1_27' title='bbox 568 714 588 749; x_wconf 79' lang='grc' dir='ltr'><strong>ι</strong></span> <span class='ocrx_word' id='word_1_28' title='bbox 618 696 722 750; x_wconf 80' lang='grc' dir='ltr'>Τδν</span> <span class='ocrx_word' id='word_1_29' title='bbox 749 695 1095 766; x_wconf 75' lang='grc' dir='ltr'><strong>φυλάσσοντα</strong></span> <span class='ocrx_word' id='word_1_30' title='bbox 1151 693 1411 766; x_wconf 85' lang='grc' dir='ltr'>ἀλήθειαν</span> <span class='ocrx_word' id='word_1_31' title='bbox 1461 693 1542 755; x_wconf 80' lang='grc' dir='ltr'><strong>είς</strong></span> <span class='ocrx_word' id='word_1_32' title='bbox 1594 689 1686 744; x_wconf 79' lang='grc' dir='ltr'><strong>τὸν</strong></span> <span class='ocrx_word' id='word_1_33' title='bbox 1741 686 1949 749; x_wconf 78' lang='grc' dir='ltr'>αἰῶνα,</span> 
     </span>
    </p>
   </div>
   <div class='ocr_carea' id='block_1_8' title="bbox 366 777 1954 860">
    <p class='ocr_par' dir='ltr' id='par_1_8' title="bbox 366 777 1954 860">
     <span class='ocr_line' id='line_1_8' title="bbox 366 777 1954 860; baseline -0.009 -17"><span class='ocrx_word' id='word_1_34' title='bbox 366 789 629 843; x_wconf 79' lang='grc' dir='ltr'>ποιοῦντα</span> <span class='ocrx_word' id='word_1_35' title='bbox 675 790 855 860; x_wconf 74' lang='grc' dir='ltr'>κρῖμα</span> <span class='ocrx_word' id='word_1_36' title='bbox 896 791 1011 851; x_wconf 80' lang='grc' dir='ltr'>τοῖς</span> <span class='ocrx_word' id='word_1_37' title='bbox 1055 786 1456 858; x_wconf 77' lang='grc' dir='ltr'><strong>ἀδικουμένοις,</strong></span> <span class='ocrx_word' id='word_1_38' title='bbox 1501 782 1713 837; x_wconf 84' lang='grc' dir='ltr'><strong>διδόντα</strong></span> <span class='ocrx_word' id='word_1_39' title='bbox 1747 777 1954 849; x_wconf 78' lang='grc' dir='ltr'>τροφὴν</span> 
     </span>
    </p>
   </div>
   <div class='ocr_carea' id='block_1_9' title="bbox 362 872 1952 949">
    <p class='ocr_par' dir='ltr' id='par_1_9' title="bbox 362 872 1952 949">
     <span class='ocr_line' id='line_1_9' title="bbox 362 872 1952 949; baseline -0.006 -13"><span class='ocrx_word' id='word_1_40' title='bbox 362 884 481 946; x_wconf 79' lang='grc' dir='ltr'>τοῖς</span> <span class='ocrx_word' id='word_1_41' title='bbox 515 879 796 935; x_wconf 85' lang='grc' dir='ltr'>πεινῶσιν.</span> <span class='ocrx_word' id='word_1_42' title='bbox 828 898 847 932; x_wconf 75' lang='grc' dir='ltr'><strong>ι</strong></span> <span class='ocrx_word' id='word_1_43' title='bbox 878 879 1145 949; x_wconf 73' lang='grc' dir='ltr'>Ἀψευδὴς</span> <span class='ocrx_word' id='word_1_44' title='bbox 1174 879 1283 949; x_wconf 84' lang='grc' dir='ltr'><strong>γάρ</strong></span> <span class='ocrx_word' id='word_1_45' title='bbox 1315 879 1468 931; x_wconf 78' lang='grc' dir='ltr'>ἐστιν</span> <span class='ocrx_word' id='word_1_46' title='bbox 1496 872 1952 943; x_wconf 77' lang='grc' dir='ltr'>ὑπισχνούμενος.</span> 
     </span>
    </p>
   </div>
   <div class='ocr_carea' id='block_1_10' title="bbox 365 962 1956 1043">
    <p class='ocr_par' dir='ltr' id='par_1_10' title="bbox 365 962 1956 1043">
     <span class='ocr_line' id='line_1_10' title="bbox 365 962 1956 1043; baseline -0.007 -15"><span class='ocrx_word' id='word_1_47' title='bbox 365 976 465 1028; x_wconf 73' lang='grc' dir='ltr'><strong>καὶ</strong></span> <span class='ocrx_word' id='word_1_48' title='bbox 495 972 802 1043; x_wconf 80' lang='grc' dir='ltr'>φιλαλήθης</span> <span class='ocrx_word' id='word_1_49' title='bbox 830 972 931 1035; x_wconf 77' lang='grc' dir='ltr'>τὰς</span> <span class='ocrx_word' id='word_1_50' title='bbox 956 970 1290 1039; x_wconf 75' lang='grc' dir='ltr'><strong>ἐπαγγελίας</strong></span> <span class='ocrx_word' id='word_1_51' title='bbox 1324 968 1547 1040; x_wconf 82' lang='grc' dir='ltr'>πληροῖ.</span> <span class='ocrx_word' id='word_1_52' title='bbox 1566 963 1871 1035; x_wconf 80' lang='grc' dir='ltr'>Ἐπαμύνει</span> <span class='ocrx_word' id='word_1_53' title='bbox 1899 962 1956 1014; x_wconf 79' lang='grc' dir='ltr'><strong>δὲ</strong></span> 
     </span>
    </p>
   </div>
   <div class='ocr_carea' id='block_1_11' title="bbox 365 1053 1958 1135">
    <p class='ocr_par' dir='ltr' id='par_1_11' title="bbox 365 1053 1958 1135">
     <span class='ocr_line' id='line_1_11' title="bbox 365 1053 1958 1135; baseline -0.008 -16"><span class='ocrx_word' id='word_1_54' title='bbox 365 1067 485 1131; x_wconf 77' lang='grc' dir='ltr'>τοῖς</span> <span class='ocrx_word' id='word_1_55' title='bbox 508 1065 913 1135; x_wconf 71' lang='grc' dir='ltr'>ἀδικουμένοις,</span> <span class='ocrx_word' id='word_1_56' title='bbox 930 1064 1024 1117; x_wconf 77' lang='grc' dir='ltr'>καὶ</span> <span class='ocrx_word' id='word_1_57' title='bbox 1045 1063 1219 1135; x_wconf 83' lang='grc' dir='ltr'>κρίνει</span> <span class='ocrx_word' id='word_1_58' title='bbox 1243 1060 1497 1123; x_wconf 83' lang='grc' dir='ltr'>δικαίως·</span> <span class='ocrx_word' id='word_1_59' title='bbox 1528 1056 1760 1127; x_wconf 76' lang='grc' dir='ltr'><strong>παρέχει</strong></span> <span class='ocrx_word' id='word_1_60' title='bbox 1778 1055 1836 1108; x_wconf 71' lang='grc' dir='ltr'>δὲ</span> <span class='ocrx_word' id='word_1_61' title='bbox 1863 1053 1958 1107; x_wconf 78' lang='grc' dir='ltr'><strong>καὶ</strong></span> 
     </span>
    </p>
   </div>
   <div class='ocr_carea' id='block_1_12' title="bbox 368 1144 1958 1224">
    <p class='ocr_par' dir='ltr' id='par_1_12' title="bbox 368 1144 1958 1224">
     <span class='ocr_line' id='line_1_12' title="bbox 368 1144 1958 1224; baseline -0.009 -14"><span class='ocrx_word' id='word_1_62' title='bbox 368 1158 508 1211; x_wconf 81' lang='grc' dir='ltr'>πᾶσι</span> <span class='ocrx_word' id='word_1_63' title='bbox 535 1162 650 1221; x_wconf 86' lang='grc' dir='ltr'>τοῖς</span> <span class='ocrx_word' id='word_1_64' title='bbox 674 1156 902 1210; x_wconf 82' lang='grc' dir='ltr'>πεινῶσι</span> <span class='ocrx_word' id='word_1_65' title='bbox 925 1154 1025 1224; x_wconf 80' lang='grc' dir='ltr'>τὴν</span> <span class='ocrx_word' id='word_1_66' title='bbox 1061 1152 1396 1223; x_wconf 78' lang='grc' dir='ltr'><strong>κατάλληλον</strong></span> <span class='ocrx_word' id='word_1_67' title='bbox 1426 1152 1655 1222; x_wconf 70' lang='grc' dir='ltr'>τροφήν.</span> <span class='ocrx_word' id='word_1_68' title='bbox 1673 1144 1958 1201; x_wconf 81' lang='grc' dir='ltr'><strong>Ἐντεῦθεν</strong></span> 
     </span>
    </p>
   </div>
   <div class='ocr_carea' id='block_1_13' title="bbox 368 1235 1959 1318">
    <p class='ocr_par' dir='ltr' id='par_1_13' title="bbox 368 1235 1959 1318">
     <span class='ocr_line' id='line_1_13' title="bbox 368 1235 1959 1318; baseline -0.011 -14"><span class='ocrx_word' id='word_1_69' title='bbox 368 1252 466 1304; x_wconf 81' lang='grc' dir='ltr'><strong>καὶ</strong></span> <span class='ocrx_word' id='word_1_70' title='bbox 498 1249 598 1312; x_wconf 88' lang='grc' dir='ltr'><strong>τάς</strong></span> <span class='ocrx_word' id='word_1_71' title='bbox 624 1248 713 1302; x_wconf 72' lang='grc' dir='ltr'><strong>διὰ</strong></span> <span class='ocrx_word' id='word_1_72' title='bbox 743 1248 841 1318; x_wconf 81' lang='grc' dir='ltr'>τῆς</span> <span class='ocrx_word' id='word_1_73' title='bbox 881 1245 1351 1317; x_wconf 81' lang='grc' dir='ltr'>ὲνανθρωπήσεως</span> <span class='ocrx_word' id='word_1_74' title='bbox 1377 1243 1475 1297; x_wconf 79' lang='grc' dir='ltr'>τοῦ</span> <span class='ocrx_word' id='word_1_75' title='bbox 1505 1240 1760 1310; x_wconf 71' lang='grc' dir='ltr'>Σωτῆρος</span> <span class='ocrx_word' id='word_1_76' title='bbox 1803 1235 1959 1306; x_wconf 82' lang='grc' dir='ltr'>ἡμῶν</span> 
     </span>
    </p>
   </div>
   <div class='ocr_carea' id='block_1_14' title="bbox 369 1334 1403 1408">
    <p class='ocr_par' dir='ltr' id='par_1_14' title="bbox 369 1334 1403 1408">
     <span class='ocr_line' id='line_1_14' title="bbox 369 1334 1403 1408; baseline -0.003 -17"><span class='ocrx_word' id='word_1_77' title='bbox 369 1337 747 1408; x_wconf 78' lang='grc' dir='ltr'>γεγενημένας</span> <span class='ocrx_word' id='word_1_78' title='bbox 774 1335 1094 1407; x_wconf 74' lang='grc' dir='ltr'>εὐεργεσίας</span> <span class='ocrx_word' id='word_1_79' title='bbox 1125 1334 1403 1405; x_wconf 79' lang='grc' dir='ltr'>προλέγει.</span> 
     </span>
    </p>
   </div>
   <div class='ocr_carea' id='block_1_15' title="bbox 442 1424 1958 1502">
    <p class='ocr_par' dir='ltr' id='par_1_15' title="bbox 442 1424 1958 1502">
     <span class='ocr_line' id='line_1_15' title="bbox 442 1424 1958 1502; baseline -0.005 -16"><span class='ocrx_word' id='word_1_80' title='bbox 442 1438 513 1502; x_wconf 85' lang='grc' dir='ltr'>η’.</span> <span class='ocrx_word' id='word_1_81' title='bbox 558 1449 577 1482; x_wconf 77' lang='grc' dir='ltr'><strong>ι</strong></span> <span class='ocrx_word' id='word_1_82' title='bbox 601 1430 809 1501; x_wconf 77' lang='grc' dir='ltr'>Κύριος</span> <span class='ocrx_word' id='word_1_83' title='bbox 856 1429 974 1482; x_wconf 78' lang='grc' dir='ltr'>λύει</span> <span class='ocrx_word' id='word_1_84' title='bbox 1015 1427 1433 1498; x_wconf 74' lang='grc' dir='ltr'>πεπεδημένους</span> <span class='ocrx_word' id='word_1_85' title='bbox 1455 1464 1470 1486; x_wconf 91' lang='grc'><strong>,</strong></span> <span class='ocrx_word' id='word_1_86' title='bbox 1502 1424 1709 1496; x_wconf 73' lang='grc' dir='ltr'>Κύριος</span> <span class='ocrx_word' id='word_1_87' title='bbox 1741 1427 1897 1494; x_wconf 75' lang='grc' dir='ltr'>σοφοί</span> <span class='ocrx_word' id='word_1_88' title='bbox 1914 1426 1958 1457; x_wconf 75' lang='grc'><strong>³⁸</strong></span> 
     </span>
    </p>
   </div>
   <div class='ocr_carea' id='block_1_16' title="bbox 368 1516 1958 1596">
    <p class='ocr_par' dir='ltr' id='par_1_16' title="bbox 368 1516 1958 1596">
     <span class='ocr_line' id='line_1_16' title="bbox 368 1516 1958 1596; baseline -0.006 -17"><span class='ocrx_word' id='word_1_89' title='bbox 368 1525 629 1596; x_wconf 83' lang='grc' dir='ltr'>τυφλοὺς,</span> <span class='ocrx_word' id='word_1_90' title='bbox 666 1524 870 1595; x_wconf 81' lang='grc' dir='ltr'>Κύριος</span> <span class='ocrx_word' id='word_1_91' title='bbox 916 1522 1142 1592; x_wconf 73' lang='grc' dir='ltr'><strong>ἀνορθοῑ.⁹</strong></span> <span class='ocrx_word' id='word_1_92' title='bbox 1180 1519 1685 1591; x_wconf 77' lang='grc' dir='ltr'>κατερῤαγμένους.</span> <span class='ocrx_word' id='word_1_93' title='bbox 1718 1536 1737 1569; x_wconf 75' lang='grc' dir='ltr'><strong>ι</strong></span> <span class='ocrx_word' id='word_1_94' title='bbox 1773 1516 1958 1571; x_wconf 78' lang='grc' dir='ltr'>Ταῦτα</span> 
     </span>
    </p>
   </div>
   <div class='ocr_carea' id='block_1_17' title="bbox 370 1612 1961 1686">
    <p class='ocr_par' dir='ltr' id='par_1_17' title="bbox 370 1612 1961 1686">
     <span class='ocr_line' id='line_1_17' title="bbox 370 1612 1961 1686; baseline -0.004 -14"><span class='ocrx_word' id='word_1_95' title='bbox 370 1619 468 1672; x_wconf 74' lang='grc' dir='ltr'>καὶ</span> <span class='ocrx_word' id='word_1_96' title='bbox 499 1616 590 1671; x_wconf 76' lang='grc' dir='ltr'><strong>διὰ</strong></span> <span class='ocrx_word' id='word_1_97' title='bbox 623 1616 850 1670; x_wconf 79' lang='grc' dir='ltr'>Ἡσαΐου</span> <span class='ocrx_word' id='word_1_98' title='bbox 879 1617 1165 1686; x_wconf 77' lang='grc' dir='ltr'>προφήτου</span> <span class='ocrx_word' id='word_1_99' title='bbox 1195 1612 1610 1686; x_wconf 74' lang='grc' dir='ltr'>προηγόρευσεν</span> <span class='ocrx_word' id='word_1_100' title='bbox 1637 1613 1669 1665; x_wconf 90' lang='lat'><strong>6</strong></span> <span class='ocrx_word' id='word_1_101' title='bbox 1691 1612 1802 1666; x_wconf 84' lang='grc' dir='ltr'><strong>τῶν</strong></span> <span class='ocrx_word' id='word_1_102' title='bbox 1823 1612 1961 1666; x_wconf 82' lang='grc' dir='ltr'>ὅλων</span> 
     </span>
    </p>
   </div>
   <div class='ocr_carea' id='block_1_18' title="bbox 371 1703 1954 1781">
    <p class='ocr_par' dir='ltr' id='par_1_18' title="bbox 371 1703 1954 1781">
     <span class='ocr_line' id='line_1_18' title="bbox 371 1703 1954 1781; baseline -0.007 -15"><span class='ocrx_word' id='word_1_103' title='bbox 371 1708 529 1774; x_wconf 79' lang='grc' dir='ltr'>Θεὸς.</span> <span class='ocrx_word' id='word_1_104' title='bbox 560 1707 811 1781; x_wconf 81' lang='grc' dir='ltr'>Είρηκὼς</span> <span class='ocrx_word' id='word_1_105' title='bbox 860 1706 991 1778; x_wconf 80' lang='grc' dir='ltr'>γὰρ,</span> <span class='ocrx_word' id='word_1_106' title='bbox 1029 1728 1046 1758; x_wconf 80' lang='grc' dir='ltr'><strong>ι</strong></span> <span class='ocrx_word' id='word_1_107' title='bbox 1078 1705 1299 1760; x_wconf 82' lang='grc' dir='ltr'>Δέδωκά</span> <span class='ocrx_word' id='word_1_108' title='bbox 1343 1721 1406 1758; x_wconf 81' lang='grc' dir='ltr'><strong>σε</strong></span> <span class='ocrx_word' id='word_1_109' title='bbox 1437 1706 1519 1768; x_wconf 84' lang='grc' dir='ltr'><strong>είς</strong></span> <span class='ocrx_word' id='word_1_110' title='bbox 1548 1704 1668 1774; x_wconf 84' lang='grc' dir='ltr'><strong>φῶς</strong></span> <span class='ocrx_word' id='word_1_111' title='bbox 1710 1703 1900 1766; x_wconf 75' lang='grc' dir='ltr'>ἐθνῶν,</span> <span class='ocrx_word' id='word_1_112' title='bbox 1934 1720 1954 1755; x_wconf 70' lang='grc' dir='ltr'><strong>ι</strong></span> 
     </span>
    </p>
   </div>
   <div class='ocr_carea' id='block_1_19' title="bbox 2064 507 3649 583">
    <p class='ocr_par' dir='ltr' id='par_1_19' title="bbox 2064 507 3649 583">
     <span class='ocr_line' id='line_1_19' title="bbox 2064 507 3649 583; baseline -0.006 -14"><span class='ocrx_word' id='word_1_113' title='bbox 2064 512 2283 583; x_wconf 75' lang='lat'><strong>1568</strong></span> <span class='ocrx_word' id='word_1_114' title='bbox 2326 527 2509 567; x_wconf 87' lang='lat' dir='ltr'><strong>rerum</strong></span> <span class='ocrx_word' id='word_1_115' title='bbox 2559 511 2807 566; x_wconf 90' lang='lat' dir='ltr'><strong>omnium</strong></span> <span class='ocrx_word' id='word_1_116' title='bbox 2863 509 3245 572; x_wconf 86' lang='lat' dir='ltr'><strong>conditorem,</strong></span> <span class='ocrx_word' id='word_1_117' title='bbox 3303 507 3649 563; x_wconf 75' lang='lat' dir='ltr'><strong>demonstrat</strong></span> 
     </span>
    </p>
   </div>
   <div class='ocr_carea' id='block_1_20' title="bbox 2062 599 3270 674">
    <p class='ocr_par' dir='ltr' id='par_1_20' title="bbox 2062 599 3270 674">
     <span class='ocr_line' id='line_1_20' title="bbox 2062 599 3270 674; baseline -0.004 -15"><span class='ocrx_word' id='word_1_118' title='bbox 2062 605 2241 674; x_wconf 88' lang='lat' dir='ltr'><strong>ipsum</strong></span> <span class='ocrx_word' id='word_1_119' title='bbox 2274 619 2462 659; x_wconf 88' lang='lat' dir='ltr'><strong>curam</strong></span> <span class='ocrx_word' id='word_1_120' title='bbox 2497 618 2686 674; x_wconf 78' lang='lat' dir='ltr'><strong>gerere</strong></span> <span class='ocrx_word' id='word_1_121' title='bbox 2714 617 2932 667; x_wconf 87' lang='lat' dir='ltr'><strong>eorum,</strong></span> <span class='ocrx_word' id='word_1_122' title='bbox 2964 616 3088 674; x_wconf 71' lang='lat' dir='ltr'><strong>qua:</strong></span> <span class='ocrx_word' id='word_1_123' title='bbox 3118 599 3270 656; x_wconf 78' lang='lat' dir='ltr'><strong>fecit.</strong></span> 
     </span>
    </p>
   </div>
   <div class='ocr_carea' id='block_1_21' title="bbox 2138 687 3648 760">
    <p class='ocr_par' dir='ltr' id='par_1_21' title="bbox 2138 687 3648 760">
     <span class='ocr_line' id='line_1_21' title="bbox 2138 687 3648 760; baseline -0.001 -13"><span class='ocrx_word' id='word_1_124' title='bbox 2138 692 2301 749; x_wconf 78' lang='lat' dir='ltr'><strong>Vsus.</strong></span> <span class='ocrx_word' id='word_1_125' title='bbox 2325 693 2380 750; x_wconf 87' lang='lat'><strong>7.</strong></span> <span class='ocrx_word' id='word_1_126' title='bbox 2426 711 2445 744; x_wconf 78' lang='grc' dir='ltr'><strong>ι</strong></span> <span class='ocrx_word' id='word_1_127' title='bbox 2481 692 2585 760; x_wconf 83' lang='lat' dir='ltr'><strong>Qui</strong></span> <span class='ocrx_word' id='word_1_128' title='bbox 2629 692 2874 748; x_wconf 77' lang='lat' dir='ltr'><strong>custodit</strong></span> <span class='ocrx_word' id='word_1_129' title='bbox 2937 691 3223 745; x_wconf 81' lang='lat' dir='ltr'><strong>veritatem</strong></span> <span class='ocrx_word' id='word_1_130' title='bbox 3265 689 3321 744; x_wconf 89' lang='lat' dir='ltr'><strong>in</strong></span> <span class='ocrx_word' id='word_1_131' title='bbox 3359 687 3648 746; x_wconf 66' lang='lat' dir='ltr'><strong>saeculum.</strong></span> 
     </span>
    </p>
   </div>
   <div class='ocr_carea' id='block_1_22' title="bbox 2061 780 3649 854">
    <p class='ocr_par' dir='ltr' id='par_1_22' title="bbox 2061 780 3649 854">
     <span class='ocr_line' id='line_1_22' title="bbox 2061 780 3649 854; baseline -0.005 -16"><span class='ocrx_word' id='word_1_132' title='bbox 2061 786 2303 841; x_wconf 89' lang='lat' dir='ltr'><strong>vindieat</strong></span> <span class='ocrx_word' id='word_1_133' title='bbox 2339 785 2612 854; x_wconf 82' lang='lat' dir='ltr'><strong>judicium</strong></span> <span class='ocrx_word' id='word_1_134' title='bbox 2658 798 2853 839; x_wconf 89' lang='lat' dir='ltr'><strong>eorum</strong></span> <span class='ocrx_word' id='word_1_135' title='bbox 2900 783 2995 854; x_wconf 93' lang='lat' dir='ltr'><strong>qui</strong></span> <span class='ocrx_word' id='word_1_136' title='bbox 3039 782 3299 853; x_wconf 86' lang='lat' dir='ltr'><strong>injuriam</strong></span> <span class='ocrx_word' id='word_1_137' title='bbox 3341 780 3649 851; x_wconf 86' lang='lat' dir='ltr'><strong>patiuntur,</strong></span> 
     </span>
    </p>
   </div>
   <div class='ocr_carea' id='block_1_23' title="bbox 2060 870 3648 939">
    <p class='ocr_par' dir='ltr' id='par_1_23' title="bbox 2060 870 3648 939">
     <span class='ocr_line' id='line_1_23' title="bbox 2060 870 3648 939; baseline -0.006 -7"><span class='ocrx_word' id='word_1_138' title='bbox 2060 876 2157 932; x_wconf 87' lang='lat' dir='ltr'><strong>dat</strong></span> <span class='ocrx_word' id='word_1_139' title='bbox 2192 891 2377 932; x_wconf 88' lang='lat' dir='ltr'><strong>escam</strong></span> <span class='ocrx_word' id='word_1_140' title='bbox 2424 874 2823 932; x_wconf 89' lang='lat' dir='ltr'><strong>esurientibus.</strong></span> <span class='ocrx_word' id='word_1_141' title='bbox 2853 892 2875 927; x_wconf 71' lang='grc' dir='ltr'><strong>ι</strong></span> <span class='ocrx_word' id='word_1_142' title='bbox 2914 871 3094 929; x_wconf 78' lang='lat' dir='ltr'><strong>Verax</strong></span> <span class='ocrx_word' id='word_1_143' title='bbox 3132 873 3280 928; x_wconf 89' lang='lat' dir='ltr'><strong>enim</strong></span> <span class='ocrx_word' id='word_1_144' title='bbox 3316 880 3402 926; x_wconf 91' lang='lat' dir='ltr'><strong>est</strong></span> <span class='ocrx_word' id='word_1_145' title='bbox 3431 870 3522 925; x_wconf 91' lang='lat' dir='ltr'><strong>ille</strong></span> <span class='ocrx_word' id='word_1_146' title='bbox 3553 871 3648 939; x_wconf 89' lang='lat' dir='ltr'><strong>qui</strong></span> 
     </span>
    </p>
   </div>
   <div class='ocr_carea' id='block_1_24' title="bbox 2063 962 3648 1038">
    <p class='ocr_par' dir='ltr' id='par_1_24' title="bbox 2063 962 3648 1038">
     <span class='ocr_line' id='line_1_24' title="bbox 2063 962 3648 1038; baseline -0.004 -15"><span class='ocrx_word' id='word_1_147' title='bbox 2063 968 2374 1038; x_wconf 84' lang='lat' dir='ltr'><strong>pollicetur,</strong></span> <span class='ocrx_word' id='word_1_148' title='bbox 2419 976 2474 1023; x_wconf 85' lang='lat' dir='ltr'><strong>et</strong></span> <span class='ocrx_word' id='word_1_149' title='bbox 2501 969 2618 1024; x_wconf 80' lang='lat' dir='ltr'><strong>veri</strong></span> <span class='ocrx_word' id='word_1_150' title='bbox 2656 982 2853 1023; x_wconf 87' lang='lat' dir='ltr'><strong>amans</strong></span> <span class='ocrx_word' id='word_1_151' title='bbox 2892 965 3141 1021; x_wconf 81' lang='lat' dir='ltr'><strong>studiose</strong></span> <span class='ocrx_word' id='word_1_152' title='bbox 3164 964 3439 1036; x_wconf 86' lang='lat' dir='ltr'><strong>promissa</strong></span> <span class='ocrx_word' id='word_1_153' title='bbox 3484 962 3648 1033; x_wconf 82' lang='lat' dir='ltr'><strong>perli-</strong></span> 
     </span>
    </p>
   </div>
   <div class='ocr_carea' id='block_1_25' title="bbox 2063 1052 3743 1128">
    <p class='ocr_par' dir='ltr' id='par_1_25' title="bbox 2063 1052 3743 1128">
     <span class='ocr_line' id='line_1_25' title="bbox 2063 1052 3743 1128; baseline -0.004 -15"><span class='ocrx_word' id='word_1_154' title='bbox 2063 1057 2161 1114; x_wconf 92' lang='lat' dir='ltr'><strong>cit.</strong></span> <span class='ocrx_word' id='word_1_155' title='bbox 2192 1057 2431 1127; x_wconf 76' lang='lat' dir='ltr'><strong>Adiuvat</strong></span> <span class='ocrx_word' id='word_1_156' title='bbox 2471 1066 2654 1113; x_wconf 89' lang='lat' dir='ltr'><strong>autem</strong></span> <span class='ocrx_word' id='word_1_157' title='bbox 2700 1073 2819 1123; x_wconf 88' lang='lat' dir='ltr'><strong>eos,</strong></span> <span class='ocrx_word' id='word_1_158' title='bbox 2853 1056 2949 1128; x_wconf 90' lang='lat' dir='ltr'><strong>qui</strong></span> <span class='ocrx_word' id='word_1_159' title='bbox 2985 1055 3189 1126; x_wconf 78' lang='lat' dir='ltr'><strong>injuria</strong></span> <span class='ocrx_word' id='word_1_160' title='bbox 3225 1052 3565 1116; x_wconf 69' lang='lat' dir='ltr'><strong>adiciuntur,</strong></span> <span class='ocrx_word' id='word_1_161' title='bbox 3595 1058 3651 1106; x_wconf 86' lang='lat' dir='ltr'><strong>et</strong></span> <span class='ocrx_word' id='word_1_162' title='bbox 3738 1092 3743 1097; x_wconf 64' lang='grc' dir='ltr'><strong><em>η</em></strong></span> 
     </span>
    </p>
   </div>
   <div class='ocr_carea' id='block_1_26' title="bbox 2062 1145 3649 1222">
    <p class='ocr_par' dir='ltr' id='par_1_26' title="bbox 2062 1145 3649 1222">
     <span class='ocr_line' id='line_1_26' title="bbox 2062 1145 3649 1222; baseline -0.008 -16"><span class='ocrx_word' id='word_1_163' title='bbox 2062 1151 2207 1222; x_wconf 72' lang='lat' dir='ltr'><strong>iuste</strong></span> <span class='ocrx_word' id='word_1_164' title='bbox 2232 1151 2477 1221; x_wconf 76' lang='lat' dir='ltr'><strong>iudicat:</strong></span> <span class='ocrx_word' id='word_1_165' title='bbox 2511 1151 2718 1221; x_wconf 79' lang='lat' dir='ltr'><strong>praebet</strong></span> <span class='ocrx_word' id='word_1_166' title='bbox 2753 1166 2885 1206; x_wconf 84' lang='lat' dir='ltr'><strong>vero</strong></span> <span class='ocrx_word' id='word_1_167' title='bbox 2912 1150 3079 1205; x_wconf 90' lang='lat' dir='ltr'><strong>etiam</strong></span> <span class='ocrx_word' id='word_1_168' title='bbox 3113 1146 3372 1203; x_wconf 89' lang='lat' dir='ltr'><strong>omnibus</strong></span> <span class='ocrx_word' id='word_1_169' title='bbox 3397 1145 3649 1201; x_wconf 86' lang='lat' dir='ltr'><strong>esurien-</strong></span> 
     </span>
    </p>
   </div>
   <div class='ocr_carea' id='block_1_27' title="bbox 2066 1238 3651 1315">
    <p class='ocr_par' dir='ltr' id='par_1_27' title="bbox 2066 1238 3651 1315">
     <span class='ocr_line' id='line_1_27' title="bbox 2066 1238 3651 1315; baseline -0.006 -15"><span class='ocrx_word' id='word_1_170' title='bbox 2066 1246 2215 1301; x_wconf 87' lang='lat' dir='ltr'><strong>tibus</strong></span> <span class='ocrx_word' id='word_1_171' title='bbox 2252 1252 2647 1315; x_wconf 74' lang='lat' dir='ltr'><strong>congruentem</strong></span> <span class='ocrx_word' id='word_1_172' title='bbox 2685 1244 2889 1299; x_wconf 89' lang='lat' dir='ltr'><strong>cibum.</strong></span> <span class='ocrx_word' id='word_1_173' title='bbox 2922 1242 3062 1298; x_wconf 83' lang='lat' dir='ltr'><strong>Hinc</strong></span> <span class='ocrx_word' id='word_1_174' title='bbox 3090 1250 3144 1297; x_wconf 88' lang='lat' dir='ltr'><strong>et</strong></span> <span class='ocrx_word' id='word_1_175' title='bbox 3175 1239 3439 1297; x_wconf 78' lang='lat' dir='ltr'><strong>beneﬁcia</strong></span> <span class='ocrx_word' id='word_1_176' title='bbox 3465 1238 3519 1292; x_wconf 91' lang='lat' dir='ltr'><strong>iu</strong></span> <span class='ocrx_word' id='word_1_177' title='bbox 3548 1252 3651 1293; x_wconf 81' lang='lat' dir='ltr'><strong>nos</strong></span> 
     </span>
    </p>
   </div>
   <div class='ocr_carea' id='block_1_28' title="bbox 2066 1330 3507 1406">
    <p class='ocr_par' dir='ltr' id='par_1_28' title="bbox 2066 1330 3507 1406">
     <span class='ocr_line' id='line_1_28' title="bbox 2066 1330 3507 1406; baseline -0.006 -15"><span class='ocrx_word' id='word_1_178' title='bbox 2066 1351 2165 1406; x_wconf 89' lang='lat' dir='ltr'><strong>per</strong></span> <span class='ocrx_word' id='word_1_179' title='bbox 2196 1335 2635 1391; x_wconf 83' lang='lat' dir='ltr'><strong>incarnationem</strong></span> <span class='ocrx_word' id='word_1_180' title='bbox 2671 1334 2978 1390; x_wconf 85' lang='lat' dir='ltr'><strong>Salvatoris</strong></span> <span class='ocrx_word' id='word_1_181' title='bbox 3006 1333 3205 1390; x_wconf 83' lang='lat' dir='ltr'><strong>collata</strong></span> <span class='ocrx_word' id='word_1_182' title='bbox 3240 1330 3507 1400; x_wconf 66' lang='lat' dir='ltr'><strong>praedicit.</strong></span> 
     </span>
    </p>
   </div>
   <div class='ocr_carea' id='block_1_29' title="bbox 2140 1418 3649 1493">
    <p class='ocr_par' dir='ltr' id='par_1_29' title="bbox 2140 1418 3649 1493">
     <span class='ocr_line' id='line_1_29' title="bbox 2140 1418 3649 1493; baseline -0.006 -12"><span class='ocrx_word' id='word_1_183' title='bbox 2140 1426 2305 1483; x_wconf 74' lang='lat' dir='ltr'><strong>Vsus.</strong></span> <span class='ocrx_word' id='word_1_184' title='bbox 2343 1425 2398 1481; x_wconf 90' lang='lat'><strong>8.</strong></span> <span class='ocrx_word' id='word_1_185' title='bbox 2444 1445 2463 1478; x_wconf 82' lang='grc' dir='ltr'><strong>ι</strong></span> <span class='ocrx_word' id='word_1_186' title='bbox 2496 1425 2767 1481; x_wconf 86' lang='lat' dir='ltr'><strong>Dominus</strong></span> <span class='ocrx_word' id='word_1_187' title='bbox 2812 1424 2980 1481; x_wconf 86' lang='lat' dir='ltr'><strong>solvit</strong></span> <span class='ocrx_word' id='word_1_188' title='bbox 3031 1422 3394 1493; x_wconf 87' lang='lat' dir='ltr'><strong>compeditos,</strong></span> <span class='ocrx_word' id='word_1_189' title='bbox 3470 1418 3649 1473; x_wconf 79' lang='lat' dir='ltr'><strong>Domi—</strong></span> 
     </span>
    </p>
   </div>
   <div class='ocr_carea' id='block_1_30' title="bbox 2066 1508 3647 1586">
    <p class='ocr_par' dir='ltr' id='par_1_30' title="bbox 2066 1508 3647 1586">
     <span class='ocr_line' id='line_1_30' title="bbox 2066 1508 3647 1586; baseline -0.008 -13"><span class='ocrx_word' id='word_1_190' title='bbox 2066 1532 2173 1573; x_wconf 90' lang='lat' dir='ltr'><strong>nus</strong></span> <span class='ocrx_word' id='word_1_191' title='bbox 2195 1516 2473 1586; x_wconf 86' lang='lat' dir='ltr'><strong>sapientes</strong></span> <span class='ocrx_word' id='word_1_192' title='bbox 2492 1515 2673 1570; x_wconf 89' lang='lat' dir='ltr'><strong>reddit</strong></span> <span class='ocrx_word' id='word_1_193' title='bbox 2701 1529 2898 1580; x_wconf 67' lang='lat' dir='ltr'><strong>caacos,</strong></span> <span class='ocrx_word' id='word_1_194' title='bbox 2930 1512 3199 1567; x_wconf 89' lang='lat' dir='ltr'><strong>Dominus</strong></span> <span class='ocrx_word' id='word_1_195' title='bbox 3225 1509 3388 1580; x_wconf 81' lang='lat' dir='ltr'><strong>erigit</strong></span> <span class='ocrx_word' id='word_1_196' title='bbox 3410 1508 3596 1563; x_wconf 87' lang='lat' dir='ltr'><strong>elisos.</strong></span> <span class='ocrx_word' id='word_1_197' title='bbox 3627 1526 3647 1560; x_wconf 74' lang='grc' dir='ltr'><strong>ι</strong></span> 
     </span>
    </p>
   </div>
   <div class='ocr_carea' id='block_1_31' title="bbox 2064 1603 3656 1682">
    <p class='ocr_par' dir='ltr' id='par_1_31' title="bbox 2064 1603 3656 1682">
     <span class='ocr_line' id='line_1_31' title="bbox 2064 1603 3656 1682; baseline -0.007 -13"><span class='ocrx_word' id='word_1_198' title='bbox 2064 1612 2195 1671; x_wconf 69' lang='lat' dir='ltr'><strong>Haec</strong></span> <span class='ocrx_word' id='word_1_199' title='bbox 2221 1612 2389 1669; x_wconf 88' lang='lat' dir='ltr'><strong>etiam</strong></span> <span class='ocrx_word' id='word_1_200' title='bbox 2427 1626 2522 1682; x_wconf 85' lang='lat' dir='ltr'><strong>per</strong></span> <span class='ocrx_word' id='word_1_201' title='bbox 2561 1611 2887 1682; x_wconf 83' lang='lat' dir='ltr'><strong>prophetam</strong></span> <span class='ocrx_word' id='word_1_202' title='bbox 2926 1609 3133 1665; x_wconf 81' lang='lat' dir='ltr'><strong>Isaiam</strong></span> <span class='ocrx_word' id='word_1_203' title='bbox 3179 1607 3323 1663; x_wconf 83' lang='lat' dir='ltr'><strong>Deus</strong></span> <span class='ocrx_word' id='word_1_204' title='bbox 3364 1603 3656 1660; x_wconf 76' lang='lat' dir='ltr'><strong>universo-</strong></span> 
     </span>
    </p>
   </div>
   <div class='ocr_carea' id='block_1_32' title="bbox 2070 1696 3657 1776">
    <p class='ocr_par' dir='ltr' id='par_1_32' title="bbox 2070 1696 3657 1776">
     <span class='ocr_line' id='line_1_32' title="bbox 2070 1696 3657 1776; baseline -0.008 -15"><span class='ocrx_word' id='word_1_205' title='bbox 2070 1721 2196 1762; x_wconf 89' lang='lat' dir='ltr'><strong>rum</strong></span> <span class='ocrx_word' id='word_1_206' title='bbox 2235 1704 2509 1776; x_wconf 68' lang='lat' dir='ltr'><strong>praadixit.</strong></span> <span class='ocrx_word' id='word_1_207' title='bbox 2552 1705 2689 1759; x_wconf 90' lang='lat' dir='ltr'><strong>Cum</strong></span> <span class='ocrx_word' id='word_1_208' title='bbox 2736 1702 2884 1760; x_wconf 90' lang='lat' dir='ltr'><strong>enim</strong></span> <span class='ocrx_word' id='word_1_209' title='bbox 2930 1700 3204 1756; x_wconf 82' lang='lat' dir='ltr'><strong>dixisset:</strong></span> <span class='ocrx_word' id='word_1_210' title='bbox 3233 1716 3253 1751; x_wconf 79' lang='grc' dir='ltr'><strong>ι</strong></span> <span class='ocrx_word' id='word_1_211' title='bbox 3282 1696 3558 1753; x_wconf 83' lang='lat' dir='ltr'><strong>Constitui</strong></span> <span class='ocrx_word' id='word_1_212' title='bbox 3602 1702 3657 1749; x_wconf 86' lang='lat' dir='ltr'><strong>te</strong></span> 
     </span>
    </p>
   </div>
   <div class='ocr_carea' id='block_1_33' title="bbox 372 1785 1972 1875">
    <p class='ocr_par' dir='ltr' id='par_1_33' title="bbox 372 1795 1964 1875">
     <span class='ocr_line' id='line_1_33' title="bbox 372 1795 1964 1875; baseline -0.006 -18"><span class='ocrx_word' id='word_1_213' title='bbox 372 1804 679 1875; x_wconf 72' lang='grc' dir='ltr'>ἐπήγαγεν,</span> <span class='ocrx_word' id='word_1_214' title='bbox 720 1820 739 1853; x_wconf 81' lang='grc' dir='ltr'><strong>ι</strong></span> <span class='ocrx_word' id='word_1_215' title='bbox 788 1799 1026 1864; x_wconf 82' lang='grc' dir='ltr'>Ἀνοῖξαι</span> <span class='ocrx_word' id='word_1_216' title='bbox 1057 1797 1371 1869; x_wconf 75' lang='grc' dir='ltr'>ὀφθαλμοὺς</span> <span class='ocrx_word' id='word_1_217' title='bbox 1398 1796 1639 1866; x_wconf 84' lang='grc' dir='ltr'>τυφλῶν,</span> <span class='ocrx_word' id='word_1_218' title='bbox 1674 1795 1964 1863; x_wconf 69' lang='grc' dir='ltr'>ἐξαγαγεῖν</span> 
     </span>
    </p>
   </div>
   <div class='ocr_carea' id='block_1_34' title="bbox 2075 1785 3657 1875">
    <p class='ocr_par' dir='ltr' id='par_1_34' title="bbox 2075 1785 3657 1866">
     <span class='ocr_line' id='line_1_34' title="bbox 2075 1785 3657 1866; baseline -0.008 -14"><span class='ocrx_word' id='word_1_219' title='bbox 2075 1797 2246 1853; x_wconf 88' lang='lat' dir='ltr'><strong>lucem</strong></span> <span class='ocrx_word' id='word_1_220' title='bbox 2297 1794 2567 1866; x_wconf 79' lang='lat' dir='ltr'><strong>gentium,</strong></span> <span class='ocrx_word' id='word_1_221' title='bbox 2597 1811 2620 1848; x_wconf 72' lang='grc' dir='ltr'><strong>ι</strong></span> <span class='ocrx_word' id='word_1_222' title='bbox 2673 1792 2941 1858; x_wconf 84' lang='lat' dir='ltr'><strong>subdidit,</strong></span> <span class='ocrx_word' id='word_1_223' title='bbox 2999 1810 3019 1843; x_wconf 80' lang='grc' dir='ltr'><strong>ι</strong></span> <span class='ocrx_word' id='word_1_224' title='bbox 3050 1790 3121 1847; x_wconf 85' lang='lat' dir='ltr'><strong>Ut</strong></span> <span class='ocrx_word' id='word_1_225' title='bbox 3174 1789 3421 1860; x_wconf 85' lang='lat' dir='ltr'><strong>aperires</strong></span> <span class='ocrx_word' id='word_1_226' title='bbox 3463 1785 3657 1841; x_wconf 88' lang='lat' dir='ltr'><strong>oculos</strong></span> 
     </span>
    </p>
   </div>
   <div class='ocr_carea' id='block_1_35' title="bbox 374 1885 1960 1964">
    <p class='ocr_par' dir='ltr' id='par_1_35' title="bbox 374 1885 1960 1964">
     <span class='ocr_line' id='line_1_35' title="bbox 374 1885 1960 1964; baseline -0.007 -13"><span class='ocrx_word' id='word_1_227' title='bbox 374 1898 442 1951; x_wconf 75' lang='grc' dir='ltr'>ἐκ</span> <span class='ocrx_word' id='word_1_228' title='bbox 477 1894 695 1964; x_wconf 85' lang='grc' dir='ltr'>δεσμῶν</span> <span class='ocrx_word' id='word_1_229' title='bbox 742 1891 1083 1962; x_wconf 78' lang='grc' dir='ltr'>δεδεμένους,</span> <span class='ocrx_word' id='word_1_230' title='bbox 1129 1890 1225 1944; x_wconf 77' lang='grc' dir='ltr'><strong>καὶ</strong></span> <span class='ocrx_word' id='word_1_231' title='bbox 1261 1889 1321 1955; x_wconf 67' lang='grc' dir='ltr'><strong>ἐξ</strong></span> <span class='ocrx_word' id='word_1_232' title='bbox 1349 1890 1503 1943; x_wconf 79' lang='grc' dir='ltr'>οἴκου</span> <span class='ocrx_word' id='word_1_233' title='bbox 1535 1886 1786 1958; x_wconf 80' lang='grc' dir='ltr'><strong>φυλακῆς</strong></span> <span class='ocrx_word' id='word_1_234' title='bbox 1831 1885 1960 1940; x_wconf 77' lang='grc' dir='ltr'>καθο</span> 
     </span>
    </p>
   </div>
   <div class='ocr_carea' id='block_1_36' title="bbox 374 1975 1962 2056">
    <p class='ocr_par' dir='ltr' id='par_1_36' title="bbox 374 1975 1962 2056">
     <span class='ocr_line' id='line_1_36' title="bbox 374 1975 1962 2056; baseline -0.006 -17"><span class='ocrx_word' id='word_1_235' title='bbox 374 1986 616 2056; x_wconf 73' lang='grc' dir='ltr'>ημένους</span> <span class='ocrx_word' id='word_1_236' title='bbox 646 1985 704 2037; x_wconf 74' lang='grc' dir='ltr'>ἔν</span> <span class='ocrx_word' id='word_1_237' title='bbox 732 1982 937 2037; x_wconf 86' lang='grc' dir='ltr'>σκότει.</span> <span class='ocrx_word' id='word_1_238' title='bbox 967 1999 987 2033; x_wconf 71' lang='grc' dir='ltr'><strong>ι</strong></span> <span class='ocrx_word' id='word_1_239' title='bbox 1027 1980 1139 2034; x_wconf 70' lang='grc' dir='ltr'><strong>Καὶ</strong></span> <span class='ocrx_word' id='word_1_240' title='bbox 1166 1977 1399 2049; x_wconf 80' lang='grc' dir='ltr'>ἑτέρωθι</span> <span class='ocrx_word' id='word_1_241' title='bbox 1432 1979 1499 2032; x_wconf 81' lang='grc' dir='ltr'>ὲκ</span> <span class='ocrx_word' id='word_1_242' title='bbox 1528 1978 1824 2048; x_wconf 85' lang='grc' dir='ltr'>προσώπου</span> <span class='ocrx_word' id='word_1_243' title='bbox 1857 1975 1962 2046; x_wconf 71' lang='grc' dir='ltr'>ἔφη</span> 
     </span>
    </p>
   </div>
   <div class='ocr_carea' id='block_1_37' title="bbox 373 2069 1967 2144">
    <p class='ocr_par' dir='ltr' id='par_1_37' title="bbox 373 2069 1967 2144">
     <span class='ocr_line' id='line_1_37' title="bbox 373 2069 1967 2144; baseline -0.005 -14"><span class='ocrx_word' id='word_1_244' title='bbox 373 2078 471 2132; x_wconf 81' lang='grc' dir='ltr'>τοῦ</span> <span class='ocrx_word' id='word_1_245' title='bbox 518 2077 796 2130; x_wconf 83' lang='grc' dir='ltr'>Δεσπότου</span> <span class='ocrx_word' id='word_1_246' title='bbox 846 2073 942 2128; x_wconf 83' lang='grc' dir='ltr'>τοῦ</span> <span class='ocrx_word' id='word_1_247' title='bbox 992 2072 1265 2144; x_wconf 73' lang='grc' dir='ltr'>Χριστοῦ·</span> <span class='ocrx_word' id='word_1_248' title='bbox 1324 2090 1344 2123; x_wconf 81' lang='grc' dir='ltr'><strong>ι</strong></span> <span class='ocrx_word' id='word_1_249' title='bbox 1376 2071 1602 2140; x_wconf 78' lang='grc' dir='ltr'>Πνεῦμα</span> <span class='ocrx_word' id='word_1_250' title='bbox 1629 2069 1838 2141; x_wconf 79' lang='grc' dir='ltr'>Κυρίου</span> <span class='ocrx_word' id='word_1_251' title='bbox 1864 2070 1967 2123; x_wconf 72' lang='grc' dir='ltr'><strong>ἐπ’</strong></span> 
     </span>
    </p>
   </div>
   <div class='ocr_carea' id='block_1_38' title="bbox 376 2161 1968 2241">
    <p class='ocr_par' dir='ltr' id='par_1_38' title="bbox 376 2161 1968 2241">
     <span class='ocr_line' id='line_1_38' title="bbox 376 2161 1968 2241; baseline -0.006 -18"><span class='ocrx_word' id='word_1_252' title='bbox 376 2171 499 2241; x_wconf 77' lang='grc' dir='ltr'>ἐμὲ,</span> <span class='ocrx_word' id='word_1_253' title='bbox 531 2163 593 2223; x_wconf 70' lang='grc' dir='ltr'>οὗ</span> <span class='ocrx_word' id='word_1_254' title='bbox 620 2169 831 2227; x_wconf 76' lang='grc' dir='ltr'>εἵνεκεν</span> <span class='ocrx_word' id='word_1_255' title='bbox 865 2166 1049 2237; x_wconf 76' lang='grc' dir='ltr'>ἔχρισέ</span> <span class='ocrx_word' id='word_1_256' title='bbox 1086 2181 1152 2233; x_wconf 89' lang='grc' dir='ltr'><strong>με</strong></span> <span class='ocrx_word' id='word_1_257' title='bbox 1176 2205 1190 2228; x_wconf 92' lang='grc'><strong>,</strong></span> <span class='ocrx_word' id='word_1_258' title='bbox 1227 2161 1689 2233; x_wconf 85' lang='grc' dir='ltr'>εὐαγγελίσασθαι</span> <span class='ocrx_word' id='word_1_259' title='bbox 1730 2164 1968 2231; x_wconf 79' lang='grc' dir='ltr'>πτωχοῖς</span> 
     </span>
    </p>
   </div>
   <div class='ocr_carea' id='block_1_39' title="bbox 376 2251 1969 2329">
    <p class='ocr_par' dir='ltr' id='par_1_39' title="bbox 376 2251 1969 2329">
     <span class='ocr_line' id='line_1_39' title="bbox 376 2251 1969 2329; baseline -0.008 -14"><span class='ocrx_word' id='word_1_260' title='bbox 376 2259 692 2315; x_wconf 70' lang='grc' dir='ltr'>ἀπέσταλκε</span> <span class='ocrx_word' id='word_1_261' title='bbox 741 2275 833 2329; x_wconf 86' lang='grc' dir='ltr'><strong>με,</strong></span> <span class='ocrx_word' id='word_1_262' title='bbox 867 2255 1128 2311; x_wconf 79' lang='grc' dir='ltr'>ίάσασθαι</span> <span class='ocrx_word' id='word_1_263' title='bbox 1157 2257 1284 2318; x_wconf 80' lang='grc' dir='ltr'>τοὺς</span> <span class='ocrx_word' id='word_1_264' title='bbox 1328 2254 1828 2325; x_wconf 83' lang='grc' dir='ltr'>συντετριμμένους</span> <span class='ocrx_word' id='word_1_265' title='bbox 1868 2251 1969 2322; x_wconf 82' lang='grc' dir='ltr'><strong>τὴν</strong></span> 
     </span>
    </p>
   </div>
   <div class='ocr_carea' id='block_1_40' title="bbox 377 2344 1970 2422">
    <p class='ocr_par' dir='ltr' id='par_1_40' title="bbox 377 2344 1970 2422">
     <span class='ocr_line' id='line_1_40' title="bbox 377 2344 1970 2422; baseline -0.005 -17"><span class='ocrx_word' id='word_1_266' title='bbox 377 2350 633 2422; x_wconf 82' lang='grc' dir='ltr'>καρδίαν,</span> <span class='ocrx_word' id='word_1_267' title='bbox 676 2347 913 2418; x_wconf 76' lang='grc' dir='ltr'>κηρύξαι</span> <span class='ocrx_word' id='word_1_268' title='bbox 942 2344 1315 2418; x_wconf 76' lang='grc' dir='ltr'>αἰχμαλώτοις</span> <span class='ocrx_word' id='word_1_269' title='bbox 1347 2345 1563 2416; x_wconf 82' lang='grc' dir='ltr'>ἀφεσιν,</span> <span class='ocrx_word' id='word_1_270' title='bbox 1591 2344 1813 2413; x_wconf 81' lang='grc' dir='ltr'>τυφλοῖς</span> <span class='ocrx_word' id='word_1_271' title='bbox 1836 2344 1970 2397; x_wconf 83' lang='grc' dir='ltr'>ἀνά·-</span> 
     </span>
    </p>
   </div>
   <div class='ocr_carea' id='block_1_41' title="bbox 381 2435 1971 2514">
    <p class='ocr_par' dir='ltr' id='par_1_41' title="bbox 381 2435 1971 2514">
     <span class='ocr_line' id='line_1_41' title="bbox 381 2435 1971 2514; baseline -0.006 -17"><span class='ocrx_word' id='word_1_272' title='bbox 381 2443 594 2514; x_wconf 79' lang='grc' dir='ltr'>6λεψιν.</span> <span class='ocrx_word' id='word_1_273' title='bbox 626 2462 644 2495; x_wconf 77' lang='grc' dir='ltr'><strong>ι</strong></span> <span class='ocrx_word' id='word_1_274' title='bbox 680 2444 790 2497; x_wconf 73' lang='grc' dir='ltr'><strong>Καὶ</strong></span> <span class='ocrx_word' id='word_1_275' title='bbox 816 2439 1076 2511; x_wconf 81' lang='grc' dir='ltr'>ἀλλαχοῦ,</span> <span class='ocrx_word' id='word_1_276' title='bbox 1114 2458 1133 2490; x_wconf 77' lang='grc' dir='ltr'><strong>ι</strong></span> <span class='ocrx_word' id='word_1_277' title='bbox 1164 2439 1301 2492; x_wconf 83' lang='grc' dir='ltr'>Τότε</span> <span class='ocrx_word' id='word_1_278' title='bbox 1336 2436 1664 2493; x_wconf 77' lang='grc' dir='ltr'>ἀκούσονται</span> <span class='ocrx_word' id='word_1_279' title='bbox 1694 2436 1867 2504; x_wconf 78' lang='grc' dir='ltr'>κωφοὶ</span> <span class='ocrx_word' id='word_1_280' title='bbox 1885 2435 1971 2488; x_wconf 81' lang='grc' dir='ltr'><strong>λό-</strong></span> 
     </span>
    </p>
   </div>
   <div class='ocr_carea' id='block_1_42' title="bbox 384 2529 1972 2607">
    <p class='ocr_par' dir='ltr' id='par_1_42' title="bbox 384 2529 1972 2607">
     <span class='ocr_line' id='line_1_42' title="bbox 384 2529 1972 2607; baseline -0.005 -18"><span class='ocrx_word' id='word_1_281' title='bbox 384 2550 522 2602; x_wconf 84' lang='grc' dir='ltr'>γους·</span> <span class='ocrx_word' id='word_1_282' title='bbox 549 2535 785 2607; x_wconf 75' lang='grc' dir='ltr'>βιϐλίου,</span> <span class='ocrx_word' id='word_1_283' title='bbox 812 2535 908 2588; x_wconf 74' lang='grc' dir='ltr'><strong>καὶ</strong></span> <span class='ocrx_word' id='word_1_284' title='bbox 935 2535 986 2588; x_wconf 79' lang='grc' dir='ltr'>οἱ</span> <span class='ocrx_word' id='word_1_285' title='bbox 1033 2535 1090 2586; x_wconf 78' lang='grc' dir='ltr'>ἐν</span> <span class='ocrx_word' id='word_1_286' title='bbox 1114 2531 1192 2602; x_wconf 81' lang='grc' dir='ltr'>τῷ</span> <span class='ocrx_word' id='word_1_287' title='bbox 1223 2532 1427 2596; x_wconf 79' lang='grc' dir='ltr'>σκότει,</span> <span class='ocrx_word' id='word_1_288' title='bbox 1459 2531 1553 2585; x_wconf 76' lang='grc' dir='ltr'><strong>καὶ</strong></span> <span class='ocrx_word' id='word_1_289' title='bbox 1585 2532 1636 2583; x_wconf 79' lang='lat' dir='ltr'><strong>oi.</strong></span> <span class='ocrx_word' id='word_1_290' title='bbox 1665 2531 1722 2583; x_wconf 79' lang='grc' dir='ltr'><strong>ἐν</strong></span> <span class='ocrx_word' id='word_1_291' title='bbox 1749 2531 1815 2600; x_wconf 80' lang='grc' dir='ltr'>τῇ</span> <span class='ocrx_word' id='word_1_292' title='bbox 1845 2529 1972 2600; x_wconf 79' lang='grc' dir='ltr'>ὁμί-</span> 
     </span>
    </p>
   </div>
   <div class='ocr_carea' id='block_1_43' title="bbox 382 2624 1342 2701">
    <p class='ocr_par' dir='ltr' id='par_1_43' title="bbox 382 2624 1342 2701">
     <span class='ocr_line' id='line_1_43' title="bbox 382 2624 1342 2701; baseline -0.003 -22"><span class='ocrx_word' id='word_1_293' title='bbox 382 2629 504 2701; x_wconf 81' lang='grc' dir='ltr'>χλῃ.</span> <span class='ocrx_word' id='word_1_294' title='bbox 543 2627 818 2699; x_wconf 65' lang='grc' dir='ltr'>ὀφθαλμοὶ</span> <span class='ocrx_word' id='word_1_295' title='bbox 850 2624 1073 2695; x_wconf 80' lang='grc' dir='ltr'>τυφλῶν</span> <span class='ocrx_word' id='word_1_296' title='bbox 1097 2624 1342 2693; x_wconf 72' lang='grc' dir='ltr'>ὄψονται.</span> 
     </span>
    </p>
   </div>
   <div class='ocr_carea' id='block_1_44' title="bbox 460 2735 1973 2813">
    <p class='ocr_par' dir='ltr' id='par_1_44' title="bbox 460 2735 1973 2813">
     <span class='ocr_line' id='line_1_44' title="bbox 460 2735 1973 2813; baseline -0.005 -20"><span class='ocrx_word' id='word_1_297' title='bbox 460 2761 479 2793; x_wconf 80' lang='grc' dir='ltr'><strong>ι</strong></span> <span class='ocrx_word' id='word_1_298' title='bbox 514 2742 720 2812; x_wconf 78' lang='grc' dir='ltr'>Κύριος</span> <span class='ocrx_word' id='word_1_299' title='bbox 770 2740 967 2813; x_wconf 69' lang='grc' dir='ltr'>ἀγαπᾷ</span> <span class='ocrx_word' id='word_1_300' title='bbox 1013 2738 1284 2802; x_wconf 77' lang='grc' dir='ltr'>δικαίους.</span> <span class='ocrx_word' id='word_1_301' title='bbox 1322 2735 1415 2811; x_wconf 81' lang='grc' dir='ltr'><strong>[θ’]</strong></span> <span class='ocrx_word' id='word_1_302' title='bbox 1463 2736 1668 2808; x_wconf 80' lang='grc' dir='ltr'>Κύριος</span> <span class='ocrx_word' id='word_1_303' title='bbox 1707 2735 1973 2805; x_wconf 79' lang='grc' dir='ltr'>φυλάσσει</span> 
     </span>
    </p>
   </div>
   <div class='ocr_carea' id='block_1_45' title="bbox 381 2825 1975 2903">
    <p class='ocr_par' dir='ltr' id='par_1_45' title="bbox 381 2825 1975 2903">
     <span class='ocr_line' id='line_1_45' title="bbox 381 2825 1975 2903; baseline -0.007 -17"><span class='ocrx_word' id='word_1_304' title='bbox 381 2831 515 2895; x_wconf 73' lang='grc' dir='ltr'>τοὺς</span> <span class='ocrx_word' id='word_1_305' title='bbox 545 2829 947 2903; x_wconf 75' lang='grc' dir='ltr'>προσηλύτους.</span> <span class='ocrx_word' id='word_1_306' title='bbox 982 2848 1001 2881; x_wconf 77' lang='grc' dir='ltr'><strong>ι</strong></span> <span class='ocrx_word' id='word_1_307' title='bbox 1039 2828 1291 2899; x_wconf 74' lang='grc' dir='ltr'>Ἐκάττῳ</span> <span class='ocrx_word' id='word_1_308' title='bbox 1332 2827 1399 2881; x_wconf 73' lang='grc' dir='ltr'>τὰ</span> <span class='ocrx_word' id='word_1_309' title='bbox 1444 2825 1760 2897; x_wconf 79' lang='grc' dir='ltr'>κατάλληλα</span> <span class='ocrx_word' id='word_1_310' title='bbox 1805 2840 1975 2896; x_wconf 84' lang='grc' dir='ltr'>προσ-</span> 
     </span>
    </p>
   </div>
   <div class='ocr_carea' id='block_1_46' title="bbox 384 2917 1973 2994">
    <p class='ocr_par' dir='ltr' id='par_1_46' title="bbox 384 2917 1973 2994">
     <span class='ocr_line' id='line_1_46' title="bbox 384 2917 1973 2994; baseline -0.011 -10"><span class='ocrx_word' id='word_1_311' title='bbox 384 2924 543 2994; x_wconf 77' lang='grc' dir='ltr'>φέρει</span> <span class='ocrx_word' id='word_1_312' title='bbox 568 2924 677 2976; x_wconf 78' lang='grc' dir='ltr'><strong>τῶν</strong></span> <span class='ocrx_word' id='word_1_313' title='bbox 719 2923 857 2977; x_wconf 75' lang='grc' dir='ltr'>ὅλων</span> <span class='ocrx_word' id='word_1_314' title='bbox 884 2922 913 2974; x_wconf 97' lang='lat'><strong>6</strong></span> <span class='ocrx_word' id='word_1_315' title='bbox 945 2919 1169 2992; x_wconf 78' lang='grc' dir='ltr'>Κύριος.</span> <span class='ocrx_word' id='word_1_316' title='bbox 1198 2918 1311 2972; x_wconf 71' lang='grc' dir='ltr'><strong>Καὶ</strong></span> <span class='ocrx_word' id='word_1_317' title='bbox 1336 2919 1465 2982; x_wconf 80' lang='grc' dir='ltr'>τοὺς</span> <span class='ocrx_word' id='word_1_318' title='bbox 1509 2918 1608 2987; x_wconf 85' lang='grc' dir='ltr'>μὲν</span> <span class='ocrx_word' id='word_1_319' title='bbox 1642 2917 1973 2984; x_wconf 83' lang='grc' dir='ltr'>ἀγαπῶντας</span> 
     </span>
    </p>
   </div>
   <div class='ocr_carea' id='block_1_47' title="bbox 384 3009 1987 3081">
    <p class='ocr_par' dir='ltr' id='par_1_47' title="bbox 384 3009 1987 3081">
     <span class='ocr_line' id='line_1_47' title="bbox 384 3009 1987 3081; baseline -0.007 -10"><span class='ocrx_word' id='word_1_320' title='bbox 384 3017 550 3071; x_wconf 77' lang='grc' dir='ltr'>αὑτὸν</span> <span class='ocrx_word' id='word_1_321' title='bbox 581 3015 824 3078; x_wconf 83' lang='grc' dir='ltr'>δικαίους</span> <span class='ocrx_word' id='word_1_322' title='bbox 852 3015 966 3077; x_wconf 79' lang='grc' dir='ltr'>τοῖς</span> <span class='ocrx_word' id='word_1_323' title='bbox 993 3011 1131 3076; x_wconf 78' lang='grc' dir='ltr'>ἴσοις</span> <span class='ocrx_word' id='word_1_324' title='bbox 1156 3010 1446 3081; x_wconf 83' lang='grc' dir='ltr'>ἀμείϐεται</span> <span class='ocrx_word' id='word_1_325' title='bbox 1465 3053 1478 3071; x_wconf 86' lang='grc'><strong>.</strong></span> <span class='ocrx_word' id='word_1_326' title='bbox 1507 3011 1601 3063; x_wconf 71' lang='grc' dir='ltr'><strong>καὶ</strong></span> <span class='ocrx_word' id='word_1_327' title='bbox 1625 3011 1849 3079; x_wconf 83' lang='grc' dir='ltr'>ἀγάπην</span> <span class='ocrx_word' id='word_1_328' title='bbox 1878 3009 1987 3061; x_wconf 53' lang='grc' dir='ltr'><strong>αὖος</strong></span> 
     </span>
    </p>
   </div>
   <div class='ocr_carea' id='block_1_48' title="bbox 2066 1880 3658 1954">
    <p class='ocr_par' dir='ltr' id='par_1_48' title="bbox 2066 1880 3658 1954">
     <span class='ocr_line' id='line_1_48' title="bbox 2066 1880 3658 1954; baseline -0.01 -8"><span class='ocrx_word' id='word_1_329' title='bbox 2066 1903 2361 1954; x_wconf 71' lang='lat' dir='ltr'><strong>caecorum.</strong></span> <span class='ocrx_word' id='word_1_330' title='bbox 2409 1897 2471 1942; x_wconf 93' lang='lat' dir='ltr'><strong>ut</strong></span> <span class='ocrx_word' id='word_1_331' title='bbox 2527 1887 2793 1942; x_wconf 85' lang='lat' dir='ltr'><strong>educeres</strong></span> <span class='ocrx_word' id='word_1_332' title='bbox 2827 1900 2860 1940; x_wconf 92' lang='lat' dir='ltr'><strong>e</strong></span> <span class='ocrx_word' id='word_1_333' title='bbox 2891 1882 3251 1954; x_wconf 87' lang='lat' dir='ltr'><strong>compedibus</strong></span> <span class='ocrx_word' id='word_1_334' title='bbox 3305 1880 3557 1942; x_wconf 82' lang='lat' dir='ltr'><strong>vinctos,</strong></span> <span class='ocrx_word' id='word_1_335' title='bbox 3603 1884 3658 1930; x_wconf 91' lang='lat' dir='ltr'><strong>ct</strong></span> 
     </span>
    </p>
   </div>
   <div class='ocr_carea' id='block_1_49' title="bbox 2067 1967 3655 2037">
    <p class='ocr_par' dir='ltr' id='par_1_49' title="bbox 2067 1967 3655 2037">
     <span class='ocr_line' id='line_1_49' title="bbox 2067 1967 3655 2037; baseline -0.01 0"><span class='ocrx_word' id='word_1_336' title='bbox 2067 1996 2099 2037; x_wconf 88' lang='lat' dir='ltr'><strong>e</strong></span> <span class='ocrx_word' id='word_1_337' title='bbox 2117 1981 2284 2037; x_wconf 86' lang='lat' dir='ltr'><strong>domo</strong></span> <span class='ocrx_word' id='word_1_338' title='bbox 2306 1978 2551 2036; x_wconf 87' lang='lat' dir='ltr'><strong>carceris</strong></span> <span class='ocrx_word' id='word_1_339' title='bbox 2580 1978 2839 2034; x_wconf 86' lang='lat' dir='ltr'><strong>sedentes</strong></span> <span class='ocrx_word' id='word_1_340' title='bbox 2870 1976 2925 2032; x_wconf 89' lang='lat' dir='ltr'><strong>in</strong></span> <span class='ocrx_word' id='word_1_341' title='bbox 2950 1974 3197 2031; x_wconf 88' lang='lat' dir='ltr'><strong>tenebris</strong></span> <span class='ocrx_word' id='word_1_342' title='bbox 3219 1984 3271 2027; x_wconf 74' lang='grc' dir='ltr'><strong>ιι.</strong></span> <span class='ocrx_word' id='word_1_343' title='bbox 3300 1990 3320 2025; x_wconf 76' lang='grc' dir='ltr'><strong>ι</strong></span> <span class='ocrx_word' id='word_1_344' title='bbox 3344 1970 3411 2026; x_wconf 83' lang='grc' dir='ltr'>Ει</span> <span class='ocrx_word' id='word_1_345' title='bbox 3437 1967 3568 2024; x_wconf 82' lang='lat' dir='ltr'><strong>alibi</strong></span> <span class='ocrx_word' id='word_1_346' title='bbox 3591 1981 3655 2022; x_wconf 78' lang='lat' dir='ltr'><strong>ex</strong></span> 
     </span>
    </p>
   </div>
   <div class='ocr_carea' id='block_1_50' title="bbox 2067 2060 3657 2144">
    <p class='ocr_par' dir='ltr' id='par_1_50' title="bbox 2067 2060 3657 2144">
     <span class='ocr_line' id='line_1_50' title="bbox 2067 2060 3657 2144; baseline -0.011 -15"><span class='ocrx_word' id='word_1_347' title='bbox 2067 2088 2299 2144; x_wconf 82' lang='lat' dir='ltr'><strong>persona</strong></span> <span class='ocrx_word' id='word_1_348' title='bbox 2344 2072 2560 2128; x_wconf 87' lang='lat' dir='ltr'><strong>Domini</strong></span> <span class='ocrx_word' id='word_1_349' title='bbox 2589 2070 2796 2127; x_wconf 87' lang='lat' dir='ltr'><strong>Christi</strong></span> <span class='ocrx_word' id='word_1_350' title='bbox 2836 2070 2916 2124; x_wconf 89' lang='lat' dir='ltr'><strong>ait</strong></span> <span class='ocrx_word' id='word_1_351' title='bbox 2944 2085 2961 2123; x_wconf 89' lang='lat'><strong>:</strong></span> <span class='ocrx_word' id='word_1_352' title='bbox 2994 2085 3014 2119; x_wconf 78' lang='grc' dir='ltr'><strong>ι</strong></span> <span class='ocrx_word' id='word_1_353' title='bbox 3043 2064 3285 2137; x_wconf 88' lang='lat' dir='ltr'><strong>Spiritus</strong></span> <span class='ocrx_word' id='word_1_354' title='bbox 3317 2060 3531 2117; x_wconf 90' lang='lat' dir='ltr'><strong>Domini</strong></span> <span class='ocrx_word' id='word_1_355' title='bbox 3564 2074 3657 2115; x_wconf 80' lang='lat' dir='ltr'><strong>su-</strong></span> 
     </span>
    </p>
   </div>
   <div class='ocr_carea' id='block_1_51' title="bbox 2069 2153 3658 2237">
    <p class='ocr_par' dir='ltr' id='par_1_51' title="bbox 2069 2153 3658 2237">
     <span class='ocr_line' id='line_1_51' title="bbox 2069 2153 3658 2237; baseline -0.01 -17"><span class='ocrx_word' id='word_1_356' title='bbox 2069 2181 2167 2237; x_wconf 89' lang='lat' dir='ltr'><strong>per</strong></span> <span class='ocrx_word' id='word_1_357' title='bbox 2192 2180 2299 2226; x_wconf 89' lang='lat' dir='ltr'><strong>me,</strong></span> <span class='ocrx_word' id='word_1_358' title='bbox 2327 2178 2395 2219; x_wconf 86' lang='lat' dir='ltr'><strong>eo</strong></span> <span class='ocrx_word' id='word_1_359' title='bbox 2415 2163 2558 2234; x_wconf 87' lang='lat' dir='ltr'><strong>quod</strong></span> <span class='ocrx_word' id='word_1_360' title='bbox 2583 2162 2741 2217; x_wconf 80' lang='lat' dir='ltr'><strong>unxit</strong></span> <span class='ocrx_word' id='word_1_361' title='bbox 2770 2175 2877 2226; x_wconf 89' lang='lat' dir='ltr'><strong>me,</strong></span> <span class='ocrx_word' id='word_1_362' title='bbox 2904 2159 2972 2214; x_wconf 90' lang='lat' dir='ltr'><strong>ad</strong></span> <span class='ocrx_word' id='word_1_363' title='bbox 2998 2153 3488 2226; x_wconf 82' lang='lat' dir='ltr'><strong>evangelizandum</strong></span> <span class='ocrx_word' id='word_1_364' title='bbox 3519 2166 3658 2221; x_wconf 79' lang='lat' dir='ltr'><strong>pau-</strong></span> 
     </span>
    </p>
   </div>
   <div class='ocr_carea' id='block_1_52' title="bbox 2071 2240 3660 2325">
    <p class='ocr_par' dir='ltr' id='par_1_52' title="bbox 2071 2240 3660 2325">
     <span class='ocr_line' id='line_1_52' title="bbox 2071 2240 3660 2325; baseline -0.011 -16"><span class='ocrx_word' id='word_1_365' title='bbox 2071 2255 2291 2325; x_wconf 87' lang='lat' dir='ltr'><strong>peribus</strong></span> <span class='ocrx_word' id='word_1_366' title='bbox 2339 2253 2495 2307; x_wconf 89' lang='lat' dir='ltr'><strong>misit</strong></span> <span class='ocrx_word' id='word_1_367' title='bbox 2540 2266 2648 2317; x_wconf 89' lang='lat' dir='ltr'><strong>me,</strong></span> <span class='ocrx_word' id='word_1_368' title='bbox 2677 2257 2736 2304; x_wconf 88' lang='lat' dir='ltr'><strong>ut</strong></span> <span class='ocrx_word' id='word_1_369' title='bbox 2785 2247 3039 2304; x_wconf 90' lang='lat' dir='ltr'><strong>mederer</strong></span> <span class='ocrx_word' id='word_1_370' title='bbox 3082 2243 3342 2301; x_wconf 88' lang='lat' dir='ltr'><strong>contritis</strong></span> <span class='ocrx_word' id='word_1_371' title='bbox 3377 2240 3563 2303; x_wconf 86' lang='lat' dir='ltr'><strong>corde,</strong></span> <span class='ocrx_word' id='word_1_372' title='bbox 3604 2247 3660 2293; x_wconf 91' lang='lat' dir='ltr'><strong>et</strong></span> 
     </span>
    </p>
   </div>
   <div class='ocr_carea' id='block_1_53' title="bbox 2071 2333 3658 2416">
    <p class='ocr_par' dir='ltr' id='par_1_53' title="bbox 2071 2333 3658 2416">
     <span class='ocr_line' id='line_1_53' title="bbox 2071 2333 3658 2416; baseline -0.011 -14"><span class='ocrx_word' id='word_1_373' title='bbox 2071 2345 2429 2416; x_wconf 77' lang='lat' dir='ltr'><strong>praedicarem</strong></span> <span class='ocrx_word' id='word_1_374' title='bbox 2462 2342 2696 2413; x_wconf 81' lang='lat' dir='ltr'><strong>captivis</strong></span> <span class='ocrx_word' id='word_1_375' title='bbox 2734 2338 3158 2408; x_wconf 72' lang='lat' dir='ltr'><strong>indulgentiam,</strong></span> <span class='ocrx_word' id='word_1_376' title='bbox 3189 2335 3353 2390; x_wconf 64' lang='lat' dir='ltr'><strong>caecis</strong></span> <span class='ocrx_word' id='word_1_377' title='bbox 3388 2333 3542 2387; x_wconf 87' lang='lat' dir='ltr'><strong>visus</strong></span> <span class='ocrx_word' id='word_1_378' title='bbox 3566 2346 3658 2384; x_wconf 88' lang='lat' dir='ltr'><strong>re-</strong></span> 
     </span>
    </p>
   </div>
   <div class='ocr_carea' id='block_1_54' title="bbox 2073 2423 3658 2511">
    <p class='ocr_par' dir='ltr' id='par_1_54' title="bbox 2073 2423 3658 2511">
     <span class='ocr_line' id='line_1_54' title="bbox 2073 2423 3658 2511; baseline -0.012 -16"><span class='ocrx_word' id='word_1_379' title='bbox 2073 2439 2484 2511; x_wconf 85' lang='lat' dir='ltr'><strong>cuperationem</strong></span> <span class='ocrx_word' id='word_1_380' title='bbox 2502 2446 2553 2492; x_wconf 78' lang='lat'><strong>&#39;.</strong></span> <span class='ocrx_word' id='word_1_381' title='bbox 2592 2455 2611 2490; x_wconf 73' lang='grc' dir='ltr'><strong>ι</strong></span> <span class='ocrx_word' id='word_1_382' title='bbox 2655 2434 2729 2490; x_wconf 77' lang='lat' dir='ltr'><strong>Et</strong></span> <span class='ocrx_word' id='word_1_383' title='bbox 2768 2433 2948 2489; x_wconf 87' lang='lat' dir='ltr'><strong>alibi:</strong></span> <span class='ocrx_word' id='word_1_384' title='bbox 2982 2450 3001 2485; x_wconf 79' lang='grc' dir='ltr'><strong>ι</strong></span> <span class='ocrx_word' id='word_1_385' title='bbox 3033 2429 3190 2485; x_wconf 87' lang='lat' dir='ltr'><strong>Tune</strong></span> <span class='ocrx_word' id='word_1_386' title='bbox 3235 2425 3460 2481; x_wconf 85' lang='lat' dir='ltr'><strong>audient</strong></span> <span class='ocrx_word' id='word_1_387' title='bbox 3506 2423 3658 2480; x_wconf 88' lang='lat' dir='ltr'><strong>surdi</strong></span> 
     </span>
    </p>
   </div>
   <div class='ocr_carea' id='block_1_55' title="bbox 2073 2515 3660 2599">
    <p class='ocr_par' dir='ltr' id='par_1_55' title="bbox 2073 2515 3660 2599">
     <span class='ocr_line' id='line_1_55' title="bbox 2073 2515 3660 2599; baseline -0.011 -13"><span class='ocrx_word' id='word_1_388' title='bbox 2073 2532 2239 2587; x_wconf 76' lang='lat' dir='ltr'><strong>verba</strong></span> <span class='ocrx_word' id='word_1_389' title='bbox 2281 2530 2432 2596; x_wconf 90' lang='lat' dir='ltr'><strong>libri,</strong></span> <span class='ocrx_word' id='word_1_390' title='bbox 2472 2538 2528 2586; x_wconf 89' lang='lat' dir='ltr'><strong>et</strong></span> <span class='ocrx_word' id='word_1_391' title='bbox 2570 2527 2665 2599; x_wconf 88' lang='lat' dir='ltr'><strong>qui</strong></span> <span class='ocrx_word' id='word_1_392' title='bbox 2706 2534 2839 2581; x_wconf 93' lang='lat' dir='ltr'><strong>sunt</strong></span> <span class='ocrx_word' id='word_1_393' title='bbox 2888 2525 2946 2579; x_wconf 92' lang='lat' dir='ltr'><strong>in</strong></span> <span class='ocrx_word' id='word_1_394' title='bbox 3001 2519 3250 2579; x_wconf 87' lang='lat' dir='ltr'><strong>tenebris</strong></span> <span class='ocrx_word' id='word_1_395' title='bbox 3294 2526 3350 2574; x_wconf 89' lang='lat' dir='ltr'><strong>et</strong></span> <span class='ocrx_word' id='word_1_396' title='bbox 3393 2517 3449 2572; x_wconf 88' lang='lat' dir='ltr'><strong>in</strong></span> <span class='ocrx_word' id='word_1_397' title='bbox 3490 2515 3660 2576; x_wconf 86' lang='lat' dir='ltr'><strong>nube.</strong></span> 
     </span>
    </p>
   </div>
   <div class='ocr_carea' id='block_1_56' title="bbox 2074 2619 2934 2679">
    <p class='ocr_par' dir='ltr' id='par_1_56' title="bbox 2074 2619 2934 2679">
     <span class='ocr_line' id='line_1_56' title="bbox 2074 2619 2934 2679; baseline -0.009 -1"><span class='ocrx_word' id='word_1_398' title='bbox 2074 2623 2218 2679; x_wconf 91' lang='lat' dir='ltr'><strong>oculi</strong></span> <span class='ocrx_word' id='word_1_399' title='bbox 2249 2637 2519 2679; x_wconf 88' lang='lat' dir='ltr'><strong>caecorum</strong></span> <span class='ocrx_word' id='word_1_400' title='bbox 2546 2619 2813 2676; x_wconf 85' lang='lat' dir='ltr'><strong>videbunt</strong></span> <span class='ocrx_word' id='word_1_401' title='bbox 2833 2630 2883 2672; x_wconf 75' lang='grc' dir='ltr'>ι.</span> <span class='ocrx_word' id='word_1_402' title='bbox 2915 2635 2934 2669; x_wconf 76' lang='grc' dir='ltr'><strong>ι</strong></span> 
     </span>
    </p>
   </div>
   <div class='ocr_carea' id='block_1_57' title="bbox 2144 2721 3665 2804">
    <p class='ocr_par' dir='ltr' id='par_1_57' title="bbox 2144 2721 3665 2804">
     <span class='ocr_line' id='line_1_57' title="bbox 2144 2721 3665 2804; baseline -0.009 -15"><span class='ocrx_word' id='word_1_403' title='bbox 2144 2739 2160 2758; x_wconf 88' lang='grc'>⁶</span> <span class='ocrx_word' id='word_1_404' title='bbox 2190 2755 2209 2788; x_wconf 75' lang='grc' dir='ltr'><strong>ι</strong></span> <span class='ocrx_word' id='word_1_405' title='bbox 2246 2735 2512 2791; x_wconf 87' lang='lat' dir='ltr'><strong>Dominus</strong></span> <span class='ocrx_word' id='word_1_406' title='bbox 2561 2731 2738 2804; x_wconf 82' lang='lat' dir='ltr'><strong>diligit</strong></span> <span class='ocrx_word' id='word_1_407' title='bbox 2775 2731 2978 2802; x_wconf 73' lang='lat' dir='ltr'><strong>iustos.</strong></span> <span class='ocrx_word' id='word_1_408' title='bbox 3027 2725 3222 2803; x_wconf 71' lang='lat' dir='ltr'><strong>[VI-ms.</strong></span> <span class='ocrx_word' id='word_1_409' title='bbox 3268 2724 3352 2799; x_wconf 85' lang='lat'><strong>9.]</strong></span> <span class='ocrx_word' id='word_1_410' title='bbox 3398 2721 3665 2778; x_wconf 86' lang='lat' dir='ltr'><strong>Dominus</strong></span> 
     </span>
    </p>
   </div>
   <div class='ocr_carea' id='block_1_58' title="bbox 2074 2804 3666 2886">
    <p class='ocr_par' dir='ltr' id='par_1_58' title="bbox 2074 2804 3666 2886">
     <span class='ocr_line' id='line_1_58' title="bbox 2074 2804 3666 2886; baseline -0.014 0"><span class='ocrx_word' id='word_1_411' title='bbox 2074 2828 2317 2886; x_wconf 83' lang='lat' dir='ltr'><strong>custodit</strong></span> <span class='ocrx_word' id='word_1_412' title='bbox 2348 2804 2611 2882; x_wconf 76' lang='lat' dir='ltr'><strong>advenas.</strong></span> <span class='ocrx_word' id='word_1_413' title='bbox 2647 2844 2667 2877; x_wconf 75' lang='grc' dir='ltr'><strong>ι</strong></span> <span class='ocrx_word' id='word_1_414' title='bbox 2720 2824 2865 2877; x_wconf 90' lang='lat' dir='ltr'><strong>Deus</strong></span> <span class='ocrx_word' id='word_1_415' title='bbox 2903 2835 3087 2876; x_wconf 89' lang='lat' dir='ltr'><strong>rerum</strong></span> <span class='ocrx_word' id='word_1_416' title='bbox 3122 2817 3370 2873; x_wconf 91' lang='lat' dir='ltr'><strong>omnium</strong></span> <span class='ocrx_word' id='word_1_417' title='bbox 3413 2811 3666 2869; x_wconf 86' lang='lat' dir='ltr'><strong>conditor</strong></span> 
     </span>
    </p>
   </div>
   <div class='ocr_carea' id='block_1_59' title="bbox 2075 2904 3665 2990">
    <p class='ocr_par' dir='ltr' id='par_1_59' title="bbox 2075 2904 3665 2990">
     <span class='ocr_line' id='line_1_59' title="bbox 2075 2904 3665 2990; baseline -0.013 -12"><span class='ocrx_word' id='word_1_418' title='bbox 2075 2922 2301 2978; x_wconf 86' lang='lat' dir='ltr'><strong>cuilibet</strong></span> <span class='ocrx_word' id='word_1_419' title='bbox 2335 2915 2692 2990; x_wconf 84' lang='lat' dir='ltr'><strong>congruentia</strong></span> <span class='ocrx_word' id='word_1_420' title='bbox 2721 2914 2968 2971; x_wconf 83' lang='lat' dir='ltr'><strong>exbibet.</strong></span> <span class='ocrx_word' id='word_1_421' title='bbox 3016 2912 3085 2967; x_wconf 88' lang='lat' dir='ltr'><strong>Et</strong></span> <span class='ocrx_word' id='word_1_422' title='bbox 3106 2911 3271 2982; x_wconf 87' lang='lat' dir='ltr'><strong>justis</strong></span> <span class='ocrx_word' id='word_1_423' title='bbox 3297 2908 3544 2980; x_wconf 86' lang='lat' dir='ltr'><strong>quidem,</strong></span> <span class='ocrx_word' id='word_1_424' title='bbox 3568 2904 3665 2974; x_wconf 90' lang='lat' dir='ltr'><strong>qui</strong></span> 
     </span>
    </p>
   </div>
   <div class='ocr_carea' id='block_1_60' title="bbox 2077 3005 3665 3086">
    <p class='ocr_par' dir='ltr' id='par_1_60' title="bbox 2077 3005 3665 3086">
     <span class='ocr_line' id='line_1_60' title="bbox 2077 3005 3665 3086; baseline -0.013 -16"><span class='ocrx_word' id='word_1_425' title='bbox 2077 3017 2254 3086; x_wconf 89' lang='lat' dir='ltr'><strong>ipsum</strong></span> <span class='ocrx_word' id='word_1_426' title='bbox 2288 3012 2546 3083; x_wconf 85' lang='lat' dir='ltr'><strong>diligunt,</strong></span> <span class='ocrx_word' id='word_1_427' title='bbox 2585 3008 2741 3079; x_wconf 90' lang='lat' dir='ltr'><strong>paria</strong></span> <span class='ocrx_word' id='word_1_428' title='bbox 2774 3005 3049 3076; x_wconf 83' lang='lat' dir='ltr'><strong>rependit,</strong></span> <span class='ocrx_word' id='word_1_429' title='bbox 3074 3011 3479 3074; x_wconf 86' lang='lat' dir='ltr'><strong>paternumque</strong></span> <span class='ocrx_word' id='word_1_430' title='bbox 3513 3011 3665 3051; x_wconf 85' lang='lat' dir='ltr'><strong>amo-</strong></span> 
     </span>
    </p>
   </div>
   <div class='ocr_carea' id='block_1_61' title="bbox 384 3090 1972 3190">
    <p class='ocr_par' dir='ltr' id='par_1_61' title="bbox 384 3100 1972 3176">
     <span class='ocr_line' id='line_1_61' title="bbox 384 3100 1972 3176; baseline -0.006 -13"><span class='ocrx_word' id='word_1_431' title='bbox 384 3112 503 3173; x_wconf 78' lang='grc' dir='ltr'>τοῖς</span> <span class='ocrx_word' id='word_1_432' title='bbox 534 3110 624 3162; x_wconf 74' lang='grc' dir='ltr'><strong>καὶ</strong></span> <span class='ocrx_word' id='word_1_433' title='bbox 660 3105 1047 3176; x_wconf 75' lang='grc' dir='ltr'>φιλοστοργίαν</span> <span class='ocrx_word' id='word_1_434' title='bbox 1075 3103 1381 3158; x_wconf 67' lang='grc' dir='ltr'>ἀντιδίδωσι</span> <span class='ocrx_word' id='word_1_435' title='bbox 1420 3104 1731 3173; x_wconf 73' lang='grc' dir='ltr'>πατρικήν·</span> <span class='ocrx_word' id='word_1_436' title='bbox 1762 3102 1887 3164; x_wconf 78' lang='grc' dir='ltr'>τοὺς</span> <span class='ocrx_word' id='word_1_437' title='bbox 1915 3100 1972 3154; x_wconf 76' lang='grc' dir='ltr'><strong>δὲ</strong></span> 
     </span>
    </p>
   </div>
   <div class='ocr_carea' id='block_1_62' title="bbox 2075 3090 3663 3190">
    <p class='ocr_par' dir='ltr' id='par_1_62' title="bbox 2078 3090 3663 3169">
     <span class='ocr_line' id='line_1_62' title="bbox 2078 3090 3663 3169; baseline -0.012 -7"><span class='ocrx_word' id='word_1_438' title='bbox 2078 3124 2190 3163; x_wconf 89' lang='lat' dir='ltr'><strong>rem</strong></span> <span class='ocrx_word' id='word_1_439' title='bbox 2230 3102 2471 3163; x_wconf 86' lang='lat' dir='ltr'><strong>ostendit</strong></span> <span class='ocrx_word' id='word_1_440' title='bbox 2503 3120 2516 3156; x_wconf 93' lang='lat'><strong>:</strong></span> <span class='ocrx_word' id='word_1_441' title='bbox 2550 3115 2647 3156; x_wconf 92' lang='lat' dir='ltr'><strong>eos</strong></span> <span class='ocrx_word' id='word_1_442' title='bbox 2677 3114 2829 3165; x_wconf 88' lang='lat' dir='ltr'><strong>vero,</strong></span> <span class='ocrx_word' id='word_1_443' title='bbox 2860 3097 2956 3169; x_wconf 83' lang='lat' dir='ltr'><strong>qui</strong></span> <span class='ocrx_word' id='word_1_444' title='bbox 3001 3105 3287 3166; x_wconf 85' lang='lat' dir='ltr'><strong>paternam</strong></span> <span class='ocrx_word' id='word_1_445' title='bbox 3322 3090 3663 3161; x_wconf 87' lang='lat' dir='ltr'><strong>impietatem</strong></span> 
     </span>
    </p>
   </div>
   <div class='ocr_carea' id='block_1_63' title="bbox 386 3178 1972 3273">
    <p class='ocr_par' dir='ltr' id='par_1_63' title="bbox 386 3193 1972 3273">
     <span class='ocr_line' id='line_1_63' title="bbox 386 3193 1972 3273; baseline -0.006 -17"><span class='ocrx_word' id='word_1_446' title='bbox 386 3204 488 3273; x_wconf 81' lang='grc' dir='ltr'><strong>τὴν</strong></span> <span class='ocrx_word' id='word_1_447' title='bbox 519 3200 782 3273; x_wconf 78' lang='grc' dir='ltr'>πατρῴαν</span> <span class='ocrx_word' id='word_1_448' title='bbox 811 3197 1085 3268; x_wconf 75' lang='grc' dir='ltr'>φυγόντας</span> <span class='ocrx_word' id='word_1_449' title='bbox 1115 3195 1397 3261; x_wconf 80' lang='grc' dir='ltr'>ἀσέϐειαν,</span> <span class='ocrx_word' id='word_1_450' title='bbox 1430 3196 1524 3248; x_wconf 76' lang='grc' dir='ltr'><strong>καὶ</strong></span> <span class='ocrx_word' id='word_1_451' title='bbox 1555 3194 1696 3264; x_wconf 88' lang='grc' dir='ltr'><strong>μετά</strong></span> <span class='ocrx_word' id='word_1_452' title='bbox 1738 3193 1972 3257; x_wconf 82' lang='grc' dir='ltr'>πίστεως</span> 
     </span>
    </p>
   </div>
   <div class='ocr_carea' id='block_1_64' title="bbox 2075 3178 3667 3273">
    <p class='ocr_par' dir='ltr' id='par_1_64' title="bbox 2076 3178 3667 3270">
     <span class='ocr_line' id='line_1_64' title="bbox 2076 3178 3667 3270; baseline -0.012 -17"><span class='ocrx_word' id='word_1_453' title='bbox 2076 3198 2356 3270; x_wconf 82' lang='lat' dir='ltr'><strong>fugerunt,</strong></span> <span class='ocrx_word' id='word_1_454' title='bbox 2400 3203 2455 3250; x_wconf 91' lang='lat' dir='ltr'><strong>et</strong></span> <span class='ocrx_word' id='word_1_455' title='bbox 2485 3208 2608 3250; x_wconf 91' lang='lat' dir='ltr'><strong>eum</strong></span> <span class='ocrx_word' id='word_1_456' title='bbox 2654 3191 2759 3247; x_wconf 85' lang='lat' dir='ltr'><strong>lide</strong></span> <span class='ocrx_word' id='word_1_457' title='bbox 2786 3190 2854 3245; x_wconf 89' lang='lat' dir='ltr'><strong>ad</strong></span> <span class='ocrx_word' id='word_1_458' title='bbox 2887 3189 3066 3260; x_wconf 88' lang='lat' dir='ltr'><strong>ipsum</strong></span> <span class='ocrx_word' id='word_1_459' title='bbox 3110 3190 3485 3250; x_wconf 88' lang='lat' dir='ltr'><strong>accesserunt,</strong></span> <span class='ocrx_word' id='word_1_460' title='bbox 3513 3178 3667 3235; x_wconf 89' lang='lat' dir='ltr'><strong>omni</strong></span> 
     </span>
    </p>
   </div>
   <div class='ocr_carea' id='block_1_65' title="bbox 387 3287 1976 3365">
    <p class='ocr_par' dir='ltr' id='par_1_65' title="bbox 387 3287 1976 3365">
     <span class='ocr_line' id='line_1_65' title="bbox 387 3287 1976 3365; baseline -0.006 -16"><span class='ocrx_word' id='word_1_461' title='bbox 387 3295 537 3365; x_wconf 77' lang='grc' dir='ltr'>αὐτῷ</span> <span class='ocrx_word' id='word_1_462' title='bbox 571 3293 919 3364; x_wconf 81' lang='grc' dir='ltr'>προσιόντας.</span> <span class='ocrx_word' id='word_1_463' title='bbox 953 3291 1137 3361; x_wconf 75' lang='grc' dir='ltr'>πάσης</span> <span class='ocrx_word' id='word_1_464' title='bbox 1164 3287 1307 3353; x_wconf 81' lang='grc' dir='ltr'>ἀξιοῖ</span> <span class='ocrx_word' id='word_1_465' title='bbox 1334 3287 1582 3358; x_wconf 75' lang='grc' dir='ltr'>φυλακῆς</span> <span class='ocrx_word' id='word_1_466' title='bbox 1611 3305 1671 3340; x_wconf 92' lang='grc' dir='ltr'><strong>τε</strong></span> <span class='ocrx_word' id='word_1_467' title='bbox 1712 3290 1805 3340; x_wconf 72' lang='grc' dir='ltr'><strong>καὶ</strong></span> <span class='ocrx_word' id='word_1_468' title='bbox 1838 3303 1976 3358; x_wconf 84' lang='grc' dir='ltr'>προ-</span> 
     </span>
    </p>
   </div>
   <div class='ocr_carea' id='block_1_66' title="bbox 393 3378 1977 3460">
    <p class='ocr_par' dir='ltr' id='par_1_66' title="bbox 393 3378 1977 3460">
     <span class='ocr_line' id='line_1_66' title="bbox 393 3378 1977 3460; baseline -0.006 -18"><span class='ocrx_word' id='word_1_469' title='bbox 393 3389 643 3460; x_wconf 80' lang='grc' dir='ltr'>μηθείας.</span> <span class='ocrx_word' id='word_1_470' title='bbox 672 3383 1057 3456; x_wconf 74' lang='grc' dir='ltr'>Προσηλύτους</span> <span class='ocrx_word' id='word_1_471' title='bbox 1082 3382 1191 3454; x_wconf 82' lang='grc' dir='ltr'>γὰρ</span> <span class='ocrx_word' id='word_1_472' title='bbox 1222 3382 1352 3446; x_wconf 79' lang='grc' dir='ltr'>τοὺς</span> <span class='ocrx_word' id='word_1_473' title='bbox 1388 3379 1573 3446; x_wconf 81' lang='grc' dir='ltr'>ξένους</span> <span class='ocrx_word' id='word_1_474' title='bbox 1613 3382 1788 3434; x_wconf 87' lang='grc' dir='ltr'>καλεῖ.</span> <span class='ocrx_word' id='word_1_475' title='bbox 1820 3378 1977 3433; x_wconf 72' lang='grc' dir='ltr'>Οὕτω</span> 
     </span>
    </p>
   </div>
   <div class='ocr_carea' id='block_1_67' title="bbox 390 3468 1980 3549">
    <p class='ocr_par' dir='ltr' id='par_1_67' title="bbox 390 3468 1980 3549">
     <span class='ocr_line' id='line_1_67' title="bbox 390 3468 1980 3549; baseline -0.008 -14"><span class='ocrx_word' id='word_1_476' title='bbox 390 3481 483 3536; x_wconf 74' lang='grc' dir='ltr'><strong>καὶ</strong></span> <span class='ocrx_word' id='word_1_477' title='bbox 511 3481 539 3532; x_wconf 88' lang='lat'><strong>6</strong></span> <span class='ocrx_word' id='word_1_478' title='bbox 572 3477 843 3549; x_wconf 80' lang='grc' dir='ltr'>μακάριος</span> <span class='ocrx_word' id='word_1_479' title='bbox 870 3475 974 3544; x_wconf 76' lang='grc' dir='ltr'><strong>ἔφη</strong></span> <span class='ocrx_word' id='word_1_480' title='bbox 1012 3473 1247 3539; x_wconf 74' lang='grc' dir='ltr'>Παῦλος,</span> <span class='ocrx_word' id='word_1_481' title='bbox 1280 3474 1363 3526; x_wconf 81' lang='grc' dir='ltr'><strong>ὅτι</strong></span> <span class='ocrx_word' id='word_1_482' title='bbox 1402 3468 1615 3543; x_wconf 78' lang='grc' dir='ltr'>ιἮμέν</span> <span class='ocrx_word' id='word_1_483' title='bbox 1645 3488 1777 3524; x_wconf 88' lang='grc' dir='ltr'>ποτε</span> <span class='ocrx_word' id='word_1_484' title='bbox 1808 3471 1980 3542; x_wconf 63' lang='grc' dir='ltr'>χωρὶς</span> 
     </span>
    </p>
   </div>
   <div class='ocr_carea' id='block_1_68' title="bbox 389 3560 1979 3644">
    <p class='ocr_par' dir='ltr' id='par_1_68' title="bbox 389 3560 1979 3644">
     <span class='ocr_line' id='line_1_68' title="bbox 389 3560 1979 3644; baseline -0.008 -18"><span class='ocrx_word' id='word_1_485' title='bbox 389 3571 629 3644; x_wconf 78' lang='grc' dir='ltr'>Χριστοῦ</span> <span class='ocrx_word' id='word_1_486' title='bbox 655 3564 1163 3640; x_wconf 84' lang='grc' dir='ltr'>ἀπηλλοτριωμένοι</span> <span class='ocrx_word' id='word_1_487' title='bbox 1192 3566 1293 3635; x_wconf 81' lang='grc' dir='ltr'>τῆς</span> <span class='ocrx_word' id='word_1_488' title='bbox 1323 3562 1600 3627; x_wconf 85' lang='grc' dir='ltr'>πολιτείας</span> <span class='ocrx_word' id='word_1_489' title='bbox 1625 3561 1715 3615; x_wconf 79' lang='grc' dir='ltr'>τοῦ</span> <span class='ocrx_word' id='word_1_490' title='bbox 1739 3560 1979 3633; x_wconf 78' lang='grc' dir='ltr'>Ἰσραὴλ,</span> 
     </span>
    </p>
   </div>
   <div class='ocr_carea' id='block_1_69' title="bbox 392 3652 1979 3731">
    <p class='ocr_par' dir='ltr' id='par_1_69' title="bbox 392 3652 1979 3731">
     <span class='ocr_line' id='line_1_69' title="bbox 392 3652 1979 3731; baseline -0.007 -13"><span class='ocrx_word' id='word_1_491' title='bbox 392 3668 487 3718; x_wconf 77' lang='grc' dir='ltr'><strong>καὶ</strong></span> <span class='ocrx_word' id='word_1_492' title='bbox 521 3663 663 3731; x_wconf 83' lang='grc' dir='ltr'>ξένοι</span> <span class='ocrx_word' id='word_1_493' title='bbox 685 3661 795 3714; x_wconf 89' lang='grc' dir='ltr'><strong>τῶν</strong></span> <span class='ocrx_word' id='word_1_494' title='bbox 820 3656 1093 3727; x_wconf 83' lang='grc' dir='ltr'>διαθηκῶν</span> <span class='ocrx_word' id='word_1_495' title='bbox 1118 3696 1132 3722; x_wconf 93' lang='grc'><strong>,</strong></span> <span class='ocrx_word' id='word_1_496' title='bbox 1174 3657 1276 3725; x_wconf 78' lang='grc' dir='ltr'><strong>τῆς</strong></span> <span class='ocrx_word' id='word_1_497' title='bbox 1306 3654 1642 3722; x_wconf 74' lang='grc' dir='ltr'>ἐπαγγελίας</span> <span class='ocrx_word' id='word_1_498' title='bbox 1670 3652 1865 3706; x_wconf 76' lang='grc' dir='ltr'>ἐλπίδα</span> <span class='ocrx_word' id='word_1_499' title='bbox 1905 3652 1979 3721; x_wconf 63' lang='grc' dir='ltr'>μὴ</span> 
     </span>
    </p>
   </div>
   <div class='ocr_carea' id='block_1_70' title="bbox 393 3743 1982 3828">
    <p class='ocr_par' dir='ltr' id='par_1_70' title="bbox 393 3743 1982 3828">
     <span class='ocr_line' id='line_1_70' title="bbox 393 3743 1982 3828; baseline -0.009 -19"><span class='ocrx_word' id='word_1_500' title='bbox 393 3757 608 3828; x_wconf 78' lang='grc' dir='ltr'>ἔχοντες</span> <span class='ocrx_word' id='word_1_501' title='bbox 625 3754 701 3787; x_wconf 77' lang='grc'><strong>³⁸⁸</strong></span> <span class='ocrx_word' id='word_1_502' title='bbox 731 3752 847 3806; x_wconf 75' lang='grc' dir='ltr'>ἀλλ’</span> <span class='ocrx_word' id='word_1_503' title='bbox 881 3752 930 3804; x_wconf 78' lang='lat' dir='ltr'><strong>oi</strong></span> <span class='ocrx_word' id='word_1_504' title='bbox 979 3749 1111 3802; x_wconf 83' lang='grc' dir='ltr'>ποτὲ</span> <span class='ocrx_word' id='word_1_505' title='bbox 1143 3747 1299 3811; x_wconf 74' lang='grc' dir='ltr'>ὄντες</span> <span class='ocrx_word' id='word_1_506' title='bbox 1341 3745 1561 3816; x_wconf 72' lang='grc' dir='ltr'>μακρὰν</span> <span class='ocrx_word' id='word_1_507' title='bbox 1592 3745 1760 3813; x_wconf 81' lang='grc' dir='ltr'>ὲγγὺς</span> <span class='ocrx_word' id='word_1_508' title='bbox 1791 3743 1982 3812; x_wconf 76' lang='grc' dir='ltr'>ἐγενή-</span> 
     </span>
    </p>
   </div>
   <div class='ocr_carea' id='block_1_71' title="bbox 394 3834 1983 3923">
    <p class='ocr_par' dir='ltr' id='par_1_71' title="bbox 394 3834 1983 3923">
     <span class='ocr_line' id='line_1_71' title="bbox 394 3834 1983 3923; baseline -0.012 -17"><span class='ocrx_word' id='word_1_509' title='bbox 394 3854 589 3923; x_wconf 64' lang='grc' dir='ltr'>θημεν.</span> <span class='ocrx_word' id='word_1_510' title='bbox 629 3869 648 3902; x_wconf 75' lang='grc' dir='ltr'><strong>ι</strong></span> <span class='ocrx_word' id='word_1_511' title='bbox 677 3880 738 3890; x_wconf 91' lang='lat'><strong>-—</strong></span> <span class='ocrx_word' id='word_1_512' title='bbox 775 3867 792 3900; x_wconf 85' lang='grc' dir='ltr'><strong>ι</strong></span> <span class='ocrx_word' id='word_1_513' title='bbox 815 3844 1083 3919; x_wconf 80' lang='grc' dir='ltr'>Ὀρφανὺν</span> <span class='ocrx_word' id='word_1_514' title='bbox 1132 3842 1226 3896; x_wconf 74' lang='grc' dir='ltr'>καὶ</span> <span class='ocrx_word' id='word_1_515' title='bbox 1275 3842 1450 3913; x_wconf 81' lang='grc' dir='ltr'>χήραν</span> <span class='ocrx_word' id='word_1_516' title='bbox 1481 3837 1853 3906; x_wconf 72' lang='grc' dir='ltr'>ἀναλήψεται,</span> <span class='ocrx_word' id='word_1_517' title='bbox 1885 3834 1983 3889; x_wconf 73' lang='grc' dir='ltr'>καὶ</span> 
     </span>
    </p>
   </div>
   <div class='ocr_carea' id='block_1_72' title="bbox 394 3927 1981 4013">
    <p class='ocr_par' dir='ltr' id='par_1_72' title="bbox 394 3927 1981 4013">
     <span class='ocr_line' id='line_1_72' title="bbox 394 3927 1981 4013; baseline -0.012 -16"><span class='ocrx_word' id='word_1_518' title='bbox 394 3944 514 3998; x_wconf 63' lang='grc' dir='ltr'>ὁδὸν</span> <span class='ocrx_word' id='word_1_519' title='bbox 565 3939 915 4013; x_wconf 82' lang='grc' dir='ltr'>ἁμαρτωλῶν</span> <span class='ocrx_word' id='word_1_520' title='bbox 954 3936 1190 4006; x_wconf 81' lang='grc' dir='ltr'>ἀφανιεῖ.</span> <span class='ocrx_word' id='word_1_521' title='bbox 1231 3953 1249 3985; x_wconf 78' lang='grc' dir='ltr'><strong>ι</strong></span> <span class='ocrx_word' id='word_1_522' title='bbox 1276 3931 1413 3986; x_wconf 76' lang='grc' dir='ltr'>Ἀπδ</span> <span class='ocrx_word' id='word_1_523' title='bbox 1439 3933 1539 4001; x_wconf 78' lang='grc' dir='ltr'>τῆς</span> <span class='ocrx_word' id='word_1_524' title='bbox 1570 3928 1804 3982; x_wconf 86' lang='grc' dir='ltr'>καθόλου</span> <span class='ocrx_word' id='word_1_525' title='bbox 1836 3927 1981 3998; x_wconf 83' lang='grc' dir='ltr'>Προ-</span> 
     </span>
    </p>
   </div>
   <div class='ocr_carea' id='block_1_73' title="bbox 396 4020 1985 4103">
    <p class='ocr_par' dir='ltr' id='par_1_73' title="bbox 396 4020 1985 4103">
     <span class='ocr_line' id='line_1_73' title="bbox 396 4020 1985 4103; baseline -0.012 -13"><span class='ocrx_word' id='word_1_526' title='bbox 396 4037 544 4100; x_wconf 87' lang='grc' dir='ltr'>νοίας</span> <span class='ocrx_word' id='word_1_527' title='bbox 573 4037 668 4089; x_wconf 76' lang='grc' dir='ltr'>ἐπὶ</span> <span class='ocrx_word' id='word_1_528' title='bbox 693 4033 764 4087; x_wconf 78' lang='grc' dir='ltr'>τὰ</span> <span class='ocrx_word' id='word_1_529' title='bbox 801 4030 1005 4103; x_wconf 71' lang='grc' dir='ltr'>μερικὰ</span> <span class='ocrx_word' id='word_1_530' title='bbox 1036 4029 1129 4082; x_wconf 69' lang='grc' dir='ltr'>τὸν</span> <span class='ocrx_word' id='word_1_531' title='bbox 1155 4026 1316 4096; x_wconf 82' lang='grc' dir='ltr'>λόγον</span> <span class='ocrx_word' id='word_1_532' title='bbox 1345 4027 1628 4091; x_wconf 84' lang='grc' dir='ltr'>κατήγαγε</span> <span class='ocrx_word' id='word_1_533' title='bbox 1647 4063 1662 4087; x_wconf 94' lang='grc'><strong>,</strong></span> <span class='ocrx_word' id='word_1_534' title='bbox 1693 4020 1788 4075; x_wconf 90' lang='grc' dir='ltr'><strong>καί</strong></span> <span class='ocrx_word' id='word_1_535' title='bbox 1820 4035 1985 4091; x_wconf 87' lang='grc' dir='ltr'>φησιν</span> 
     </span>
    </p>
   </div>
   <div class='ocr_carea' id='block_1_74' title="bbox 394 4110 1987 4193">
    <p class='ocr_par' dir='ltr' id='par_1_74' title="bbox 394 4110 1987 4193">
     <span class='ocr_line' id='line_1_74' title="bbox 394 4110 1987 4193; baseline -0.011 -11"><span class='ocrx_word' id='word_1_536' title='bbox 394 4131 472 4193; x_wconf 83' lang='grc' dir='ltr'><strong>ὡς</strong></span> <span class='ocrx_word' id='word_1_537' title='bbox 520 4127 735 4187; x_wconf 66' lang='grc' dir='ltr'>οὐδενὸς</span> <span class='ocrx_word' id='word_1_538' title='bbox 782 4123 981 4193; x_wconf 79' lang='grc' dir='ltr'>ἀμελεῖ</span> <span class='ocrx_word' id='word_1_539' title='bbox 1022 4121 1131 4174; x_wconf 83' lang='grc' dir='ltr'><strong>τῶν</strong></span> <span class='ocrx_word' id='word_1_540' title='bbox 1162 4119 1298 4173; x_wconf 82' lang='grc' dir='ltr'>ὅλων</span> <span class='ocrx_word' id='word_1_541' title='bbox 1328 4120 1355 4171; x_wconf 88' lang='grc' dir='ltr'>ὁ</span> <span class='ocrx_word' id='word_1_542' title='bbox 1385 4115 1671 4186; x_wconf 78' lang='grc' dir='ltr'>πρύτανις,</span> <span class='ocrx_word' id='word_1_543' title='bbox 1713 4112 1848 4167; x_wconf 79' lang='grc' dir='ltr'>ἀλλὰ</span> <span class='ocrx_word' id='word_1_544' title='bbox 1891 4110 1987 4166; x_wconf 80' lang='grc' dir='ltr'>καὶ</span> 
     </span>
    </p>
   </div>
   <div class='ocr_carea' id='block_1_75' title="bbox 397 4200 1989 4290">
    <p class='ocr_par' dir='ltr' id='par_1_75' title="bbox 397 4200 1989 4290">
     <span class='ocr_line' id='line_1_75' title="bbox 397 4200 1989 4290; baseline -0.013 -18"><span class='ocrx_word' id='word_1_545' title='bbox 397 4223 523 4283; x_wconf 82' lang='grc' dir='ltr'>τοὺς</span> <span class='ocrx_word' id='word_1_546' title='bbox 551 4220 795 4290; x_wconf 79' lang='grc' dir='ltr'>ἐρήμους</span> <span class='ocrx_word' id='word_1_547' title='bbox 822 4211 1173 4283; x_wconf 81' lang='grc' dir='ltr'>ἀνθρωπίνης</span> <span class='ocrx_word' id='word_1_548' title='bbox 1199 4206 1529 4279; x_wconf 82' lang='grc' dir='ltr'>κηδεμονίας</span> <span class='ocrx_word' id='word_1_549' title='bbox 1550 4205 1598 4238; x_wconf 66' lang='grc'><strong>³⁸</strong></span> <span class='ocrx_word' id='word_1_550' title='bbox 1633 4204 1815 4272; x_wconf 75' lang='grc' dir='ltr'>πάσης</span> <span class='ocrx_word' id='word_1_551' title='bbox 1847 4200 1989 4266; x_wconf 82' lang='grc' dir='ltr'>ἀξιοῖ</span> 
     </span>
    </p>
   </div>
   <div class='ocr_carea' id='block_1_76' title="bbox 398 4291 1990 4383">
    <p class='ocr_par' dir='ltr' id='par_1_76' title="bbox 398 4291 1990 4383">
     <span class='ocr_line' id='line_1_76' title="bbox 398 4291 1990 4383; baseline -0.014 -17"><span class='ocrx_word' id='word_1_552' title='bbox 398 4312 720 4383; x_wconf 77' lang='grc' dir='ltr'>ἐπιμελείας</span> <span class='ocrx_word' id='word_1_553' title='bbox 739 4309 808 4372; x_wconf 84' lang='grc'><strong>³⁵,</strong></span> <span class='ocrx_word' id='word_1_554' title='bbox 842 4307 940 4360; x_wconf 64' lang='grc' dir='ltr'>καὶ</span> <span class='ocrx_word' id='word_1_555' title='bbox 962 4305 1064 4369; x_wconf 75' lang='grc' dir='ltr'><strong>τὰς</strong></span> <span class='ocrx_word' id='word_1_556' title='bbox 1109 4300 1255 4357; x_wconf 70' lang='grc' dir='ltr'>κατὰ</span> <span class='ocrx_word' id='word_1_557' title='bbox 1298 4298 1507 4353; x_wconf 84' lang='grc' dir='ltr'>τούτων</span> <span class='ocrx_word' id='word_1_558' title='bbox 1555 4294 1849 4358; x_wconf 72' lang='grc' dir='ltr'>ἐπιϐουλὰς</span> <span class='ocrx_word' id='word_1_559' title='bbox 1875 4291 1990 4345; x_wconf 73' lang='grc' dir='ltr'>διαο</span> 
     </span>
    </p>
   </div>
   <div class='ocr_carea' id='block_1_77' title="bbox 399 4402 1566 4458">
    <p class='ocr_par' dir='ltr' id='par_1_77' title="bbox 399 4402 1566 4458">
     <span class='ocr_line' id='line_1_77' title="bbox 399 4402 1566 4458; baseline -0.007 0"><span class='ocrx_word' id='word_1_560' title='bbox 399 4402 538 4458; x_wconf 75' lang='grc' dir='ltr'>λύει.</span> <span class='ocrx_word' id='word_1_561' title='bbox 1098 4442 1111 4455; x_wconf 86' lang='lat'><strong>.</strong></span> <span class='ocrx_word' id='word_1_562' title='bbox 1559 4402 1566 4410; x_wconf 85' lang='lat'><strong>&#39;</strong></span> 
     </span>
    </p>
   </div>
   <div class='ocr_carea' id='block_1_78' title="bbox 2077 3272 3665 3356">
    <p class='ocr_par' dir='ltr' id='par_1_78' title="bbox 2077 3272 3665 3356">
     <span class='ocr_line' id='line_1_78' title="bbox 2077 3272 3665 3356; baseline -0.014 -10"><span class='ocrx_word' id='word_1_563' title='bbox 2077 3289 2328 3346; x_wconf 87' lang='lat' dir='ltr'><strong>custodia</strong></span> <span class='ocrx_word' id='word_1_564' title='bbox 2367 3294 2423 3343; x_wconf 88' lang='lat' dir='ltr'><strong>et</strong></span> <span class='ocrx_word' id='word_1_565' title='bbox 2468 3299 2572 3356; x_wconf 91' lang='lat' dir='ltr'><strong>ope</strong></span> <span class='ocrx_word' id='word_1_566' title='bbox 2611 3284 2893 3355; x_wconf 83' lang='lat' dir='ltr'><strong>dignatur.</strong></span> <span class='ocrx_word' id='word_1_567' title='bbox 2924 3279 3141 3351; x_wconf 79' lang='lat'><strong>1569</strong></span> <span class='ocrx_word' id='word_1_568' title='bbox 3166 3275 3481 3347; x_wconf 78' lang='lat' dir='ltr'><strong>Proselytos</strong></span> <span class='ocrx_word' id='word_1_569' title='bbox 3520 3272 3665 3327; x_wconf 76' lang='lat' dir='ltr'><strong>eriim</strong></span> 
     </span>
    </p>
   </div>
   <div class='ocr_carea' id='block_1_79' title="bbox 2080 3363 3667 3438">
    <p class='ocr_par' dir='ltr' id='par_1_79' title="bbox 2080 3363 3667 3438">
     <span class='ocr_line' id='line_1_79' title="bbox 2080 3363 3667 3438; baseline -0.013 -1"><span class='ocrx_word' id='word_1_570' title='bbox 2080 3383 2321 3437; x_wconf 80' lang='lat' dir='ltr'><strong>advenas</strong></span> <span class='ocrx_word' id='word_1_571' title='bbox 2360 3385 2543 3433; x_wconf 84' lang='lat' dir='ltr'><strong>vocat.</strong></span> <span class='ocrx_word' id='word_1_572' title='bbox 2591 3374 2685 3430; x_wconf 87' lang='lat' dir='ltr'><strong>Sic</strong></span> <span class='ocrx_word' id='word_1_573' title='bbox 2731 3374 2901 3430; x_wconf 88' lang='lat' dir='ltr'><strong>etiam</strong></span> <span class='ocrx_word' id='word_1_574' title='bbox 2951 3372 3145 3427; x_wconf 89' lang='lat' dir='ltr'><strong>beatus</strong></span> <span class='ocrx_word' id='word_1_575' title='bbox 3198 3367 3379 3438; x_wconf 88' lang='lat' dir='ltr'><strong>inquit</strong></span> <span class='ocrx_word' id='word_1_576' title='bbox 3423 3363 3667 3419; x_wconf 85' lang='lat' dir='ltr'><strong>Paulus:</strong></span> 
     </span>
    </p>
   </div>
   <div class='ocr_carea' id='block_1_80' title="bbox 2088 3457 3672 3542">
    <p class='ocr_par' dir='ltr' id='par_1_80' title="bbox 2088 3457 3672 3542">
     <span class='ocr_line' id='line_1_80' title="bbox 2088 3457 3672 3542; baseline -0.013 -13"><span class='ocrx_word' id='word_1_577' title='bbox 2088 3495 2108 3529; x_wconf 76' lang='grc' dir='ltr'><strong>ι</strong></span> <span class='ocrx_word' id='word_1_578' title='bbox 2136 3473 2370 3530; x_wconf 74' lang='lat' dir='ltr'><strong>Eramus</strong></span> <span class='ocrx_word' id='word_1_579' title='bbox 2392 3468 2674 3542; x_wconf 86' lang='lat' dir='ltr'><strong>quondam</strong></span> <span class='ocrx_word' id='word_1_580' title='bbox 2700 3466 2822 3521; x_wconf 84' lang='lat' dir='ltr'><strong>sine</strong></span> <span class='ocrx_word' id='word_1_581' title='bbox 2851 3462 3097 3527; x_wconf 84' lang='lat' dir='ltr'><strong>Christo,</strong></span> <span class='ocrx_word' id='word_1_582' title='bbox 3120 3457 3343 3515; x_wconf 88' lang='lat' dir='ltr'><strong>alienati</strong></span> <span class='ocrx_word' id='word_1_583' title='bbox 3379 3471 3410 3511; x_wconf 90' lang='lat' dir='ltr'><strong>a</strong></span> <span class='ocrx_word' id='word_1_584' title='bbox 3440 3469 3672 3511; x_wconf 87' lang='lat' dir='ltr'><strong>conver-</strong></span> 
     </span>
    </p>
   </div>
   <div class='ocr_carea' id='block_1_81' title="bbox 2083 3552 3674 3623">
    <p class='ocr_par' dir='ltr' id='par_1_81' title="bbox 2083 3552 3674 3623">
     <span class='ocr_line' id='line_1_81' title="bbox 2083 3552 3674 3623; baseline -0.013 -5"><span class='ocrx_word' id='word_1_585' title='bbox 2083 3561 2299 3618; x_wconf 87' lang='lat' dir='ltr'><strong>satione</strong></span> <span class='ocrx_word' id='word_1_586' title='bbox 2340 3557 2584 3622; x_wconf 90' lang='lat' dir='ltr'><strong>lsraelis,</strong></span> <span class='ocrx_word' id='word_1_587' title='bbox 2635 3564 2691 3611; x_wconf 90' lang='lat' dir='ltr'><strong>et</strong></span> <span class='ocrx_word' id='word_1_588' title='bbox 2738 3552 2985 3623; x_wconf 90' lang='lat' dir='ltr'><strong>hospites</strong></span> <span class='ocrx_word' id='word_1_589' title='bbox 3030 3556 3510 3610; x_wconf 88' lang='lat' dir='ltr'><strong>testamentorum,</strong></span> <span class='ocrx_word' id='word_1_590' title='bbox 3545 3558 3674 3615; x_wconf 63' lang='lat' dir='ltr'><strong>pro«</strong></span> 
     </span>
    </p>
   </div>
   <div class='ocr_carea' id='block_1_82' title="bbox 2084 3632 3669 3719">
    <p class='ocr_par' dir='ltr' id='par_1_82' title="bbox 2084 3632 3669 3719">
     <span class='ocr_line' id='line_1_82' title="bbox 2084 3632 3669 3719; baseline -0.013 -12"><span class='ocrx_word' id='word_1_591' title='bbox 2084 3650 2368 3709; x_wconf 84' lang='lat' dir='ltr'><strong>missionis</strong></span> <span class='ocrx_word' id='word_1_592' title='bbox 2410 3662 2563 3719; x_wconf 88' lang='lat' dir='ltr'><strong>spem</strong></span> <span class='ocrx_word' id='word_1_593' title='bbox 2611 3660 2716 3699; x_wconf 91' lang='lat' dir='ltr'><strong>non</strong></span> <span class='ocrx_word' id='word_1_594' title='bbox 2768 3637 3208 3698; x_wconf 87' lang='lat' dir='ltr'><strong>habentes:sed</strong></span> <span class='ocrx_word' id='word_1_595' title='bbox 3264 3651 3387 3701; x_wconf 92' lang='lat' dir='ltr'><strong>nos,</strong></span> <span class='ocrx_word' id='word_1_596' title='bbox 3435 3636 3533 3704; x_wconf 92' lang='lat' dir='ltr'><strong>qui</strong></span> <span class='ocrx_word' id='word_1_597' title='bbox 3571 3632 3669 3687; x_wconf 87' lang='lat' dir='ltr'><strong>ali-</strong></span> 
     </span>
    </p>
   </div>
   <div class='ocr_carea' id='block_1_83' title="bbox 2084 3725 3673 3815">
    <p class='ocr_par' dir='ltr' id='par_1_83' title="bbox 2084 3725 3673 3815">
     <span class='ocr_line' id='line_1_83' title="bbox 2084 3725 3673 3815; baseline -0.013 -18"><span class='ocrx_word' id='word_1_598' title='bbox 2084 3744 2306 3815; x_wconf 82' lang='lat' dir='ltr'><strong>quando</strong></span> <span class='ocrx_word' id='word_1_599' title='bbox 2335 3743 2495 3813; x_wconf 85' lang='lat' dir='ltr'><strong>Ionge</strong></span> <span class='ocrx_word' id='word_1_600' title='bbox 2542 3737 2734 3795; x_wconf 89' lang='lat' dir='ltr'><strong>remoti</strong></span> <span class='ocrx_word' id='word_1_601' title='bbox 2770 3747 3015 3798; x_wconf 89' lang='lat' dir='ltr'><strong>eramus,</strong></span> <span class='ocrx_word' id='word_1_602' title='bbox 3050 3729 3181 3786; x_wconf 81' lang='lat' dir='ltr'><strong>facti</strong></span> <span class='ocrx_word' id='word_1_603' title='bbox 3210 3743 3406 3784; x_wconf 90' lang='lat' dir='ltr'><strong>sumus</strong></span> <span class='ocrx_word' id='word_1_604' title='bbox 3444 3725 3673 3796; x_wconf 70' lang='lat' dir='ltr'><strong>propin~</strong></span> 
     </span>
    </p>
   </div>
   <div class='ocr_carea' id='block_1_84' title="bbox 2084 3817 3677 3907">
    <p class='ocr_par' dir='ltr' id='par_1_84' title="bbox 2084 3817 3677 3907">
     <span class='ocr_line' id='line_1_84' title="bbox 2084 3817 3677 3907; baseline -0.013 -16"><span class='ocrx_word' id='word_1_605' title='bbox 2084 3836 2179 3907; x_wconf 91' lang='lat' dir='ltr'><strong>qui</strong></span> <span class='ocrx_word' id='word_1_606' title='bbox 2201 3844 2253 3888; x_wconf 70' lang='grc' dir='ltr'>γ.</span> <span class='ocrx_word' id='word_1_607' title='bbox 2288 3851 2307 3885; x_wconf 75' lang='grc' dir='ltr'><strong>ι</strong></span> <span class='ocrx_word' id='word_1_608' title='bbox 2349 3862 2419 3872; x_wconf 92' lang='lat'><strong>——</strong></span> <span class='ocrx_word' id='word_1_609' title='bbox 2444 3851 2464 3884; x_wconf 77' lang='grc' dir='ltr'><strong>ι</strong></span> <span class='ocrx_word' id='word_1_610' title='bbox 2492 3828 2767 3900; x_wconf 81' lang='lat' dir='ltr'><strong>Popilium</strong></span> <span class='ocrx_word' id='word_1_611' title='bbox 2790 3836 2846 3881; x_wconf 86' lang='lat' dir='ltr'><strong>et</strong></span> <span class='ocrx_word' id='word_1_612' title='bbox 2898 3825 3119 3878; x_wconf 87' lang='lat' dir='ltr'><strong>viduam</strong></span> <span class='ocrx_word' id='word_1_613' title='bbox 3163 3818 3450 3889; x_wconf 84' lang='lat' dir='ltr'><strong>suscipiet,</strong></span> <span class='ocrx_word' id='word_1_614' title='bbox 3476 3827 3532 3871; x_wconf 91' lang='lat' dir='ltr'><strong>et</strong></span> <span class='ocrx_word' id='word_1_615' title='bbox 3560 3817 3677 3871; x_wconf 78' lang='lat' dir='ltr'><strong>vias</strong></span> 
     </span>
    </p>
   </div>
   <div class='ocr_carea' id='block_1_85' title="bbox 2086 3906 3676 3995">
    <p class='ocr_par' dir='ltr' id='par_1_85' title="bbox 2086 3906 3676 3995">
     <span class='ocr_line' id='line_1_85' title="bbox 2086 3906 3676 3995; baseline -0.013 -16"><span class='ocrx_word' id='word_1_616' title='bbox 2086 3906 2440 3995; x_wconf 78' lang='lat' dir='ltr'><strong>peccatorum</strong></span> <span class='ocrx_word' id='word_1_617' title='bbox 2473 3916 2772 3990; x_wconf 87' lang='lat' dir='ltr'><strong>disperdet.</strong></span> <span class='ocrx_word' id='word_1_618' title='bbox 2806 3936 2824 3968; x_wconf 74' lang='grc' dir='ltr'><strong>ι</strong></span> <span class='ocrx_word' id='word_1_619' title='bbox 2871 3914 2954 3968; x_wconf 88' lang='lat' dir='ltr'><strong>Ab</strong></span> <span class='ocrx_word' id='word_1_620' title='bbox 2989 3909 3294 3966; x_wconf 81' lang='lat' dir='ltr'><strong>universali</strong></span> <span class='ocrx_word' id='word_1_621' title='bbox 3326 3906 3676 3963; x_wconf 82' lang='lat' dir='ltr'><strong>Providentia</strong></span> 
     </span>
    </p>
   </div>
   <div class='ocr_carea' id='block_1_86' title="bbox 2088 3986 3676 4084">
    <p class='ocr_par' dir='ltr' id='par_1_86' title="bbox 2088 3986 3676 4084">
     <span class='ocr_line' id='line_1_86' title="bbox 2088 3986 3676 4084; baseline -0.014 -14"><span class='ocrx_word' id='word_1_622' title='bbox 2088 4016 2153 4070; x_wconf 88' lang='lat' dir='ltr'><strong>ad</strong></span> <span class='ocrx_word' id='word_1_623' title='bbox 2185 4011 2485 4084; x_wconf 80' lang='lat' dir='ltr'><strong>singularia</strong></span> <span class='ocrx_word' id='word_1_624' title='bbox 2518 4020 2831 4065; x_wconf 88' lang='lat' dir='ltr'><strong>sermonem</strong></span> <span class='ocrx_word' id='word_1_625' title='bbox 2864 3999 3151 4066; x_wconf 82' lang='lat' dir='ltr'><strong>transfert,</strong></span> <span class='ocrx_word' id='word_1_626' title='bbox 3186 4009 3243 4055; x_wconf 90' lang='lat' dir='ltr'><strong>et</strong></span> <span class='ocrx_word' id='word_1_627' title='bbox 3271 3999 3348 4054; x_wconf 86' lang='lat' dir='ltr'><strong>ait</strong></span> <span class='ocrx_word' id='word_1_628' title='bbox 3397 3986 3676 4051; x_wconf 77' lang='lat' dir='ltr'><strong>neminem</strong></span> 
     </span>
    </p>
   </div>
   <div class='ocr_carea' id='block_1_87' title="bbox 2090 4088 3679 4165">
    <p class='ocr_par' dir='ltr' id='par_1_87' title="bbox 2090 4088 3679 4165">
     <span class='ocr_line' id='line_1_87' title="bbox 2090 4088 3679 4165; baseline -0.016 0"><span class='ocrx_word' id='word_1_629' title='bbox 2090 4111 2159 4165; x_wconf 90' lang='lat' dir='ltr'><strong>ab</strong></span> <span class='ocrx_word' id='word_1_630' title='bbox 2184 4105 2564 4163; x_wconf 88' lang='lat' dir='ltr'><strong>universitatis</strong></span> <span class='ocrx_word' id='word_1_631' title='bbox 2591 4100 2940 4158; x_wconf 89' lang='lat' dir='ltr'><strong>moderatore</strong></span> <span class='ocrx_word' id='word_1_632' title='bbox 2967 4094 3165 4165; x_wconf 80' lang='lat' dir='ltr'><strong>negligi</strong></span> <span class='ocrx_word' id='word_1_633' title='bbox 3188 4114 3201 4147; x_wconf 87' lang='lat'><strong>:</strong></span> <span class='ocrx_word' id='word_1_634' title='bbox 3224 4092 3316 4147; x_wconf 83' lang='lat' dir='ltr'><strong>sed</strong></span> <span class='ocrx_word' id='word_1_635' title='bbox 3344 4091 3511 4146; x_wconf 91' lang='lat' dir='ltr'><strong>istum</strong></span> <span class='ocrx_word' id='word_1_636' title='bbox 3530 4088 3679 4143; x_wconf 89' lang='lat' dir='ltr'><strong>oumi</strong></span> 
     </span>
    </p>
   </div>
   <div class='ocr_carea' id='block_1_88' title="bbox 2091 4181 3680 4257">
    <p class='ocr_par' dir='ltr' id='par_1_88' title="bbox 2091 4181 3680 4257">
     <span class='ocr_line' id='line_1_88' title="bbox 2091 4181 3680 4257; baseline -0.015 -1"><span class='ocrx_word' id='word_1_637' title='bbox 2091 4202 2332 4257; x_wconf 87' lang='lat' dir='ltr'><strong>humano</strong></span> <span class='ocrx_word' id='word_1_638' title='bbox 2355 4195 2565 4252; x_wconf 82' lang='lat' dir='ltr'><strong>auxilio</strong></span> <span class='ocrx_word' id='word_1_639' title='bbox 2591 4191 2908 4256; x_wconf 89' lang='lat' dir='ltr'><strong>destitutos,</strong></span> <span class='ocrx_word' id='word_1_640' title='bbox 2942 4186 3094 4242; x_wconf 90' lang='lat' dir='ltr'><strong>omni</strong></span> <span class='ocrx_word' id='word_1_641' title='bbox 3127 4200 3263 4240; x_wconf 80' lang='lat' dir='ltr'><strong>cura</strong></span> <span class='ocrx_word' id='word_1_642' title='bbox 3296 4181 3536 4253; x_wconf 81' lang='lat' dir='ltr'><strong>dignari,</strong></span> <span class='ocrx_word' id='word_1_643' title='bbox 3558 4194 3680 4233; x_wconf 86' lang='lat' dir='ltr'><strong>mn-</strong></span> 
     </span>
    </p>
   </div>
   <div class='ocr_carea' id='block_1_89' title="bbox 2093 4276 3520 4363">
    <p class='ocr_par' dir='ltr' id='par_1_89' title="bbox 2093 4276 3520 4363">
     <span class='ocr_line' id='line_1_89' title="bbox 2093 4276 3520 4363; baseline -0.015 -14"><span class='ocrx_word' id='word_1_644' title='bbox 2093 4306 2301 4363; x_wconf 84' lang='lat' dir='ltr'><strong>nesquc</strong></span> <span class='ocrx_word' id='word_1_645' title='bbox 2330 4288 2561 4345; x_wconf 86' lang='lat' dir='ltr'><strong>insidias</strong></span> <span class='ocrx_word' id='word_1_646' title='bbox 2591 4287 2645 4342; x_wconf 89' lang='lat' dir='ltr'><strong>in</strong></span> <span class='ocrx_word' id='word_1_647' title='bbox 2678 4284 2782 4341; x_wconf 89' lang='lat' dir='ltr'><strong>hos</strong></span> <span class='ocrx_word' id='word_1_648' title='bbox 2804 4289 3157 4353; x_wconf 86' lang='lat' dir='ltr'><strong>comparatas</strong></span> <span class='ocrx_word' id='word_1_649' title='bbox 3185 4276 3520 4333; x_wconf 79' lang='lat' dir='ltr'><strong>dissolvere.</strong></span> 
     </span>
    </p>
   </div>
   <div class='ocr_carea' id='block_1_90' title="bbox 473 4442 1972 4558">
    <p class='ocr_par' dir='ltr' id='par_1_90' title="bbox 473 4473 1972 4558">
     <span class='ocr_line' id='line_1_90' title="bbox 473 4473 1972 4558; baseline -0.015 -9"><span class='ocrx_word' id='word_1_650' title='bbox 473 4496 526 4549; x_wconf 84' lang='grc' dir='ltr'>ι’.</span> <span class='ocrx_word' id='word_1_651' title='bbox 573 4515 590 4546; x_wconf 84' lang='grc' dir='ltr'><strong>ι</strong></span> <span class='ocrx_word' id='word_1_652' title='bbox 636 4490 956 4547; x_wconf 76' lang='grc' dir='ltr'>Βασιλεῦσει</span> <span class='ocrx_word' id='word_1_653' title='bbox 1003 4487 1210 4558; x_wconf 77' lang='grc' dir='ltr'>Κύριος</span> <span class='ocrx_word' id='word_1_654' title='bbox 1261 4484 1343 4546; x_wconf 82' lang='grc' dir='ltr'><strong>είς</strong></span> <span class='ocrx_word' id='word_1_655' title='bbox 1384 4481 1479 4535; x_wconf 70' lang='grc' dir='ltr'>τὸν</span> <span class='ocrx_word' id='word_1_656' title='bbox 1518 4479 1725 4537; x_wconf 83' lang='grc' dir='ltr'>αἰῶνα,</span> <span class='ocrx_word' id='word_1_657' title='bbox 1778 4479 1806 4529; x_wconf 82' lang='grc' dir='ltr'><strong>ὁ</strong></span> <span class='ocrx_word' id='word_1_658' title='bbox 1853 4473 1972 4536; x_wconf 65' lang='grc' dir='ltr'><strong>Θεός</strong></span> 
     </span>
    </p>
   </div>
   <div class='ocr_carea' id='block_1_91' title="bbox 2075 4442 3684 4558">
    <p class='ocr_par' dir='ltr' id='par_1_91' title="bbox 2163 4451 3684 4538">
     <span class='ocr_line' id='line_1_91' title="bbox 2163 4451 3684 4538; baseline -0.012 -12"><span class='ocrx_word' id='word_1_659' title='bbox 2163 4470 2332 4526; x_wconf 73' lang='lat' dir='ltr'><strong>Vsus.</strong></span> <span class='ocrx_word' id='word_1_660' title='bbox 2368 4470 2455 4526; x_wconf 86' lang='lat' dir='ltr'><strong>l0.</strong></span> <span class='ocrx_word' id='word_1_661' title='bbox 2493 4489 2512 4522; x_wconf 81' lang='grc' dir='ltr'><strong>ι</strong></span> <span class='ocrx_word' id='word_1_662' title='bbox 2545 4464 2817 4538; x_wconf 80' lang='lat' dir='ltr'><strong>Beguabit</strong></span> <span class='ocrx_word' id='word_1_663' title='bbox 2867 4460 3133 4518; x_wconf 86' lang='lat' dir='ltr'><strong>Dominus</strong></span> <span class='ocrx_word' id='word_1_664' title='bbox 3181 4457 3238 4513; x_wconf 91' lang='lat' dir='ltr'><strong>in</strong></span> <span class='ocrx_word' id='word_1_665' title='bbox 3280 4454 3504 4517; x_wconf 62' lang='lat' dir='ltr'><strong>saecula,</strong></span> <span class='ocrx_word' id='word_1_666' title='bbox 3543 4451 3684 4507; x_wconf 86' lang='lat' dir='ltr'><strong>Deus</strong></span> 
     </span>
    </p>
   </div>
   <div class='ocr_carea' id='block_1_92' title="bbox 402 4566 1990 4653">
    <p class='ocr_par' dir='ltr' id='par_1_92' title="bbox 402 4566 1990 4653">
     <span class='ocr_line' id='line_1_92' title="bbox 402 4566 1990 4653; baseline -0.015 -11"><span class='ocrx_word' id='word_1_667' title='bbox 402 4604 499 4643; x_wconf 79' lang='grc' dir='ltr'><strong>σου</strong></span> <span class='ocrx_word' id='word_1_668' title='bbox 558 4584 699 4639; x_wconf 86' lang='grc' dir='ltr'>Σιὼν</span> <span class='ocrx_word' id='word_1_669' title='bbox 749 4586 830 4645; x_wconf 83' lang='grc' dir='ltr'><strong>είς</strong></span> <span class='ocrx_word' id='word_1_670' title='bbox 881 4581 1078 4653; x_wconf 80' lang='grc' dir='ltr'>γενεὰν</span> <span class='ocrx_word' id='word_1_671' title='bbox 1127 4580 1222 4633; x_wconf 68' lang='grc' dir='ltr'>καὶ</span> <span class='ocrx_word' id='word_1_672' title='bbox 1274 4574 1494 4646; x_wconf 83' lang='grc' dir='ltr'>γενεάν.</span> <span class='ocrx_word' id='word_1_673' title='bbox 1535 4592 1554 4625; x_wconf 73' lang='grc' dir='ltr'><strong>ι</strong></span> <span class='ocrx_word' id='word_1_674' title='bbox 1610 4569 1838 4625; x_wconf 78' lang='grc' dir='ltr'>Λίὡνιον</span> <span class='ocrx_word' id='word_1_675' title='bbox 1879 4566 1990 4636; x_wconf 80' lang='grc' dir='ltr'>γὰρ</span> 
     </span>
    </p>
   </div>
   <div class='ocr_carea' id='block_1_93' title="bbox 404 4650 1991 4749">
    <p class='ocr_par' dir='ltr' id='par_1_93' title="bbox 404 4650 1991 4749">
     <span class='ocr_line' id='line_1_93' title="bbox 404 4650 1991 4749; baseline -0.014 -17"><span class='ocrx_word' id='word_1_676' title='bbox 404 4678 520 4749; x_wconf 72' lang='grc' dir='ltr'>ἔχει</span> <span class='ocrx_word' id='word_1_677' title='bbox 562 4677 622 4731; x_wconf 61' lang='grc' dir='ltr'><strong>τ’)</strong></span> <span class='ocrx_word' id='word_1_678' title='bbox 660 4674 865 4746; x_wconf 77' lang='grc' dir='ltr'>κράτος</span> <span class='ocrx_word' id='word_1_679' title='bbox 880 4650 902 4738; x_wconf 27' lang='grc'>,⁷</span> <span class='ocrx_word' id='word_1_680' title='bbox 949 4671 1046 4725; x_wconf 67' lang='grc' dir='ltr'><strong>καὶ</strong></span> <span class='ocrx_word' id='word_1_681' title='bbox 1078 4668 1178 4740; x_wconf 79' lang='grc' dir='ltr'>τὴν</span> <span class='ocrx_word' id='word_1_682' title='bbox 1226 4665 1506 4737; x_wconf 85' lang='grc' dir='ltr'>βασιλείαν</span> <span class='ocrx_word' id='word_1_683' title='bbox 1543 4661 1710 4716; x_wconf 74' lang='grc' dir='ltr'>ἀίδιον</span> <span class='ocrx_word' id='word_1_684' title='bbox 1738 4661 1768 4714; x_wconf 86' lang='grc' dir='ltr'><strong>ὁ</strong></span> <span class='ocrx_word' id='word_1_685' title='bbox 1796 4655 1912 4722; x_wconf 79' lang='grc' dir='ltr'>νῦν,</span> <span class='ocrx_word' id='word_1_686' title='bbox 1944 4650 1991 4709; x_wconf 83' lang='grc' dir='ltr'>ὧ</span> 
     </span>
    </p>
   </div>
   <div class='ocr_carea' id='block_1_94' title="bbox 404 4758 1463 4840">
    <p class='ocr_par' dir='ltr' id='par_1_94' title="bbox 404 4758 1463 4840">
     <span class='ocr_line' id='line_1_94' title="bbox 404 4758 1463 4840; baseline -0.014 -16"><span class='ocrx_word' id='word_1_687' title='bbox 404 4769 567 4837; x_wconf 85' lang='grc' dir='ltr'>Σιὼν,</span> <span class='ocrx_word' id='word_1_688' title='bbox 597 4768 767 4840; x_wconf 75' lang='grc' dir='ltr'>μόνης</span> <span class='ocrx_word' id='word_1_689' title='bbox 796 4781 891 4820; x_wconf 82' lang='grc' dir='ltr'><strong>σου</strong></span> <span class='ocrx_word' id='word_1_690' title='bbox 921 4763 1053 4825; x_wconf 72' lang='grc' dir='ltr'>Θεὸς</span> <span class='ocrx_word' id='word_1_691' title='bbox 1084 4758 1463 4832; x_wconf 78' lang='grc' dir='ltr'>νομιζόμενος.</span> 
     </span>
    </p>
   </div>
   <div class='ocr_carea' id='block_1_95' title="bbox 675 4887 1727 4962">
    <p class='ocr_par' dir='ltr' id='par_1_95' title="bbox 675 4887 1727 4962">
     <span class='ocr_line' id='line_1_95' title="bbox 675 4887 1727 4962; baseline -0.017 -5"><span class='ocrx_word' id='word_1_692' title='bbox 675 4899 944 4956; x_wconf 76' lang='grc' dir='ltr'><strong>ΕΡΜῙΙΝ.</strong></span> <span class='ocrx_word' id='word_1_693' title='bbox 999 4896 1139 4951; x_wconf 85' lang='grc' dir='ltr'><strong>ΤΟΥ</strong></span> <span class='ocrx_word' id='word_1_694' title='bbox 1187 4894 1363 4962; x_wconf 65' lang='lat' dir='ltr'><strong>PMCT&#39;</strong></span> <span class='ocrx_word' id='word_1_695' title='bbox 1406 4887 1727 4944; x_wconf 70' lang='grc' dir='ltr'><strong>ΨΔᾹΜΟΥ.</strong></span> 
     </span>
    </p>
   </div>
   <div class='ocr_carea' id='block_1_96' title="bbox 479 5018 2024 5100">
    <p class='ocr_par' dir='ltr' id='par_1_96' title="bbox 479 5018 2024 5100">
     <span class='ocr_line' id='line_1_96' title="bbox 479 5018 2024 5100; baseline -0.01 -10"><span class='ocrx_word' id='word_1_696' title='bbox 479 5040 550 5090; x_wconf 87' lang='grc' dir='ltr'>α’.</span> <span class='ocrx_word' id='word_1_697' title='bbox 604 5031 1046 5100; x_wconf 74' lang='grc' dir='ltr'><strong>’Λλ.1ηλούνα³⁶.</strong></span> <span class='ocrx_word' id='word_1_698' title='bbox 1087 5027 1352 5083; x_wconf 85' lang='grc' dir='ltr'><strong>Ἓνταῦοα</strong></span> <span class='ocrx_word' id='word_1_699' title='bbox 1402 5023 1594 5095; x_wconf 83' lang='grc' dir='ltr'>σαφῶς</span> <span class='ocrx_word' id='word_1_700' title='bbox 1638 5018 2024 5089; x_wconf 72' lang='grc' dir='ltr'>ἐδιδάχθημεν,</span> 
     </span>
    </p>
   </div>
   <div class='ocr_carea' id='block_1_97' title="bbox 2095 4545 3681 4629">
    <p class='ocr_par' dir='ltr' id='par_1_97' title="bbox 2095 4545 3681 4629">
     <span class='ocr_line' id='line_1_97' title="bbox 2095 4545 3681 4629; baseline -0.017 -8"><span class='ocrx_word' id='word_1_701' title='bbox 2095 4575 2247 4629; x_wconf 82' lang='lat' dir='ltr'><strong>tuus,</strong></span> <span class='ocrx_word' id='word_1_702' title='bbox 2287 4578 2322 4617; x_wconf 87' lang='grc' dir='ltr'><strong>ο</strong></span> <span class='ocrx_word' id='word_1_703' title='bbox 2367 4561 2525 4626; x_wconf 88' lang='lat' dir='ltr'><strong>Sion,</strong></span> <span class='ocrx_word' id='word_1_704' title='bbox 2575 4560 2630 4614; x_wconf 91' lang='lat' dir='ltr'><strong>in</strong></span> <span class='ocrx_word' id='word_1_705' title='bbox 2666 4554 3077 4628; x_wconf 87' lang='lat' dir='ltr'><strong>generationem</strong></span> <span class='ocrx_word' id='word_1_706' title='bbox 3097 4559 3152 4605; x_wconf 87' lang='lat' dir='ltr'><strong>et</strong></span> <span class='ocrx_word' id='word_1_707' title='bbox 3192 4545 3627 4618; x_wconf 75' lang='lat' dir='ltr'><strong>generationem.</strong></span> <span class='ocrx_word' id='word_1_708' title='bbox 3661 4559 3681 4593; x_wconf 74' lang='grc' dir='ltr'><strong>ι</strong></span> 
     </span>
    </p>
   </div>
   <div class='ocr_carea' id='block_1_98' title="bbox 2096 4644 3686 4726">
    <p class='ocr_par' dir='ltr' id='par_1_98' title="bbox 2096 4644 3686 4726">
     <span class='ocr_line' id='line_1_98' title="bbox 2096 4644 3686 4726; baseline -0.016 -14"><span class='ocrx_word' id='word_1_709' title='bbox 2096 4656 2232 4712; x_wconf 81' lang='lat' dir='ltr'><strong>Nam</strong></span> <span class='ocrx_word' id='word_1_710' title='bbox 2274 4667 2515 4726; x_wconf 89' lang='lat' dir='ltr'><strong>perenne</strong></span> <span class='ocrx_word' id='word_1_711' title='bbox 2550 4651 2715 4707; x_wconf 90' lang='lat' dir='ltr'><strong>habet</strong></span> <span class='ocrx_word' id='word_1_712' title='bbox 2741 4647 2931 4713; x_wconf 88' lang='lat' dir='ltr'><strong>robur,</strong></span> <span class='ocrx_word' id='word_1_713' title='bbox 2980 4654 3325 4713; x_wconf 88' lang='lat' dir='ltr'><strong>regnumque</strong></span> <span class='ocrx_word' id='word_1_714' title='bbox 3356 4644 3686 4707; x_wconf 86' lang='lat' dir='ltr'><strong>perpetuum</strong></span> 
     </span>
    </p>
   </div>
   <div class='ocr_carea' id='block_1_99' title="bbox 2098 4729 3685 4819">
    <p class='ocr_par' dir='ltr' id='par_1_99' title="bbox 2098 4729 3685 4819">
     <span class='ocr_line' id='line_1_99' title="bbox 2098 4729 3685 4819; baseline -0.017 -15"><span class='ocrx_word' id='word_1_715' title='bbox 2098 4751 2169 4813; x_wconf 88' lang='lat' dir='ltr'><strong>is,</strong></span> <span class='ocrx_word' id='word_1_716' title='bbox 2212 4749 2304 4819; x_wconf 80' lang='lat' dir='ltr'><strong>qui</strong></span> <span class='ocrx_word' id='word_1_717' title='bbox 2343 4758 2488 4802; x_wconf 89' lang='lat' dir='ltr'><strong>nunc</strong></span> <span class='ocrx_word' id='word_1_718' title='bbox 2521 4741 2869 4798; x_wconf 74' lang='lat' dir='ltr'><strong>existimatur</strong></span> <span class='ocrx_word' id='word_1_719' title='bbox 2894 4735 2972 4791; x_wconf 90' lang='lat' dir='ltr'><strong>tui</strong></span> <span class='ocrx_word' id='word_1_720' title='bbox 3017 4734 3215 4793; x_wconf 86' lang='lat' dir='ltr'><strong>solius.</strong></span> <span class='ocrx_word' id='word_1_721' title='bbox 3266 4745 3299 4785; x_wconf 91' lang='grc' dir='ltr'><strong>ο</strong></span> <span class='ocrx_word' id='word_1_722' title='bbox 3328 4729 3487 4785; x_wconf 89' lang='lat' dir='ltr'><strong>Sion.</strong></span> <span class='ocrx_word' id='word_1_723' title='bbox 3523 4729 3685 4782; x_wconf 86' lang='lat' dir='ltr'><strong>Deus.</strong></span> 
     </span>
    </p>
   </div>
   <div class='ocr_carea' id='block_1_100' title="bbox 2469 4865 3316 4935">
    <p class='ocr_par' dir='ltr' id='par_1_100' title="bbox 2469 4865 3316 4935">
     <span class='ocr_line' id='line_1_100' title="bbox 2469 4865 3316 4935; baseline -0.015 -1"><span class='ocrx_word' id='word_1_724' title='bbox 2469 4876 2744 4935; x_wconf 77' lang='lat' dir='ltr'><strong>INTERP.</strong></span> <span class='ocrx_word' id='word_1_725' title='bbox 2786 4869 3041 4931; x_wconf 80' lang='lat' dir='ltr'><strong>PSALMI</strong></span> <span class='ocrx_word' id='word_1_726' title='bbox 3084 4865 3316 4926; x_wconf 73' lang='lat' dir='ltr'><strong>CXLVI.</strong></span> 
     </span>
    </p>
   </div>
   <div class='ocr_carea' id='block_1_101' title="bbox 2175 4996 3693 5075">
    <p class='ocr_par' dir='ltr' id='par_1_101' title="bbox 2175 4996 3693 5075">
     <span class='ocr_line' id='line_1_101' title="bbox 2175 4996 3693 5075; baseline -0.018 -1"><span class='ocrx_word' id='word_1_727' title='bbox 2175 5018 2346 5075; x_wconf 73' lang='lat' dir='ltr'><strong>Vsus.</strong></span> <span class='ocrx_word' id='word_1_728' title='bbox 2405 5017 2457 5071; x_wconf 82' lang='lat' dir='ltr'><strong>l.</strong></span> <span class='ocrx_word' id='word_1_729' title='bbox 2512 5014 2769 5070; x_wconf 77' lang='lat' dir='ltr'><strong>Alleluia.</strong></span> <span class='ocrx_word' id='word_1_730' title='bbox 2796 5010 2897 5064; x_wconf 80' lang='lat' dir='ltr'><strong>Hic</strong></span> <span class='ocrx_word' id='word_1_731' title='bbox 2942 5004 3238 5062; x_wconf 80' lang='lat' dir='ltr'><strong>mauil&#39;esm</strong></span> <span class='ocrx_word' id='word_1_732' title='bbox 3285 4999 3551 5055; x_wconf 85' lang='lat' dir='ltr'><strong>discimus</strong></span> <span class='ocrx_word' id='word_1_733' title='bbox 3608 4996 3693 5047; x_wconf 84' lang='lat' dir='ltr'><strong>in-</strong></span> 
     </span>
    </p>
   </div>
   <div class='ocr_carea' id='block_1_102' title="bbox 410 5082 1972 5195">
    <p class='ocr_par' dir='ltr' id='par_1_102' title="bbox 410 5082 1972 5195">
     <span class='ocr_line' id='line_1_102' title="bbox 410 5082 1972 5195; baseline -0.013 -13"><span class='ocrx_word' id='word_1_734' title='bbox 410 5126 506 5182; x_wconf 83' lang='grc' dir='ltr'>τοῦ</span> <span class='ocrx_word' id='word_1_735' title='bbox 537 5082 880 5195; x_wconf 62' lang='grc' dir='ltr'>ἀλληλάὐϊα</span> <span class='ocrx_word' id='word_1_736' title='bbox 910 5082 1010 5194; x_wconf 61' lang='grc' dir='ltr'><strong>την</strong></span> <span class='ocrx_word' id='word_1_737' title='bbox 1033 5082 1364 5192; x_wconf 67' lang='grc' dir='ltr'>έρμηνείαν.</span> <span class='ocrx_word' id='word_1_738' title='bbox 1399 5117 1473 5171; x_wconf 83' lang='grc' dir='ltr'><strong>Τὸ</strong></span> <span class='ocrx_word' id='word_1_739' title='bbox 1490 5082 1610 5186; x_wconf 49' lang='grc' dir='ltr'>’γὰρ</span> <span class='ocrx_word' id='word_1_740' title='bbox 1638 5082 1866 5168; x_wconf 57' lang='lat' dir='ltr'><strong>Ala-sire</strong></span> <span class='ocrx_word' id='word_1_741' title='bbox 1879 5082 1972 5164; x_wconf 56' lang='lat'><strong>&quot;261</strong></span> 
     </span>
    </p>
   </div>
   <div class='ocr_carea' id='block_1_103' title="bbox 2075 5082 3691 5195">
    <p class='ocr_par' dir='ltr' id='par_1_103' title="bbox 2096 5082 3691 5177">
     <span class='ocr_line' id='line_1_103' title="bbox 2096 5082 3691 5177; baseline -0.018 -14"><span class='ocrx_word' id='word_1_742' title='bbox 2096 5108 2544 5177; x_wconf 76' lang='lat' dir='ltr'><strong>tet-pretationem</strong></span> <span class='ocrx_word' id='word_1_743' title='bbox 2582 5100 2733 5156; x_wconf 88' lang='lat' dir='ltr'><strong>vocis</strong></span> <span class='ocrx_word' id='word_1_744' title='bbox 2760 5096 3020 5152; x_wconf 77' lang='lat' dir='ltr'><strong>Alleluia.</strong></span> <span class='ocrx_word' id='word_1_745' title='bbox 3065 5090 3306 5147; x_wconf 80' lang='lat' dir='ltr'><strong>Laudale</strong></span> <span class='ocrx_word' id='word_1_746' title='bbox 3335 5085 3479 5142; x_wconf 83' lang='lat' dir='ltr'><strong>enim</strong></span> <span class='ocrx_word' id='word_1_747' title='bbox 3508 5082 3691 5136; x_wconf 83' lang='lat' dir='ltr'><strong>Domi-</strong></span> 
     </span>
    </p>
   </div>
   <div class='ocr_carea' id='block_1_104' title="bbox 447 5307 2497 5391">
    <p class='ocr_par' dir='ltr' id='par_1_104' title="bbox 447 5307 2497 5391">
     <span class='ocr_line' id='line_1_104' title="bbox 447 5307 2497 5391; baseline -0.013 -9"><span class='ocrx_word' id='word_1_748' title='bbox 447 5326 604 5384; x_wconf 73' lang='lat' dir='ltr'><strong>ulsa.</strong></span> <span class='ocrx_word' id='word_1_749' title='bbox 637 5342 768 5391; x_wconf 79' lang='lat' dir='ltr'><strong>xw,</strong></span> <span class='ocrx_word' id='word_1_750' title='bbox 802 5325 857 5380; x_wconf 86' lang='lat'><strong>6.</strong></span> <span class='ocrx_word' id='word_1_751' title='bbox 930 5325 1083 5378; x_wconf 85' lang='lat' dir='ltr'><strong>&#39;lsa.</strong></span> <span class='ocrx_word' id='word_1_752' title='bbox 1113 5338 1223 5385; x_wconf 69' lang='lat' dir='ltr'><strong>Lvr,</strong></span> <span class='ocrx_word' id='word_1_753' title='bbox 1262 5320 1310 5375; x_wconf 89' lang='lat' dir='ltr'><strong>l.</strong></span> <span class='ocrx_word' id='word_1_754' title='bbox 1387 5317 1540 5373; x_wconf 69' lang='lat' dir='ltr'><strong>J‘lsa.</strong></span> <span class='ocrx_word' id='word_1_755' title='bbox 1579 5333 1728 5380; x_wconf 69' lang='lat' dir='ltr'><strong>xxix,</strong></span> <span class='ocrx_word' id='word_1_756' title='bbox 1773 5315 1855 5371; x_wconf 77' lang='lat' dir='ltr'><strong>l8.</strong></span> <span class='ocrx_word' id='word_1_757' title='bbox 1899 5320 1926 5360; x_wconf 65' lang='grc' dir='ltr'><em>γ</em></span> <span class='ocrx_word' id='word_1_758' title='bbox 1954 5308 2152 5379; x_wconf 70' lang='lat' dir='ltr'><strong>Ep‘xes.</strong></span> <span class='ocrx_word' id='word_1_759' title='bbox 2190 5307 2375 5373; x_wconf 72' lang='grc'><strong>11,1’2,</strong></span> <span class='ocrx_word' id='word_1_760' title='bbox 2415 5308 2497 5361; x_wconf 75' lang='lat' dir='ltr'><strong>l3.</strong></span> 
     </span>
    </p>
   </div>
   <div class='ocr_carea' id='block_1_105' title="bbox 1534 5499 2587 5572">
    <p class='ocr_par' dir='ltr' id='par_1_105' title="bbox 1534 5499 2587 5572">
     <span class='ocr_line' id='line_1_105' title="bbox 1534 5499 2587 5572; baseline -0.009 -8"><span class='ocrx_word' id='word_1_761' title='bbox 1534 5510 1766 5566; x_wconf 66' lang='lat' dir='ltr'><strong>VARIA‘J</strong></span> <span class='ocrx_word' id='word_1_762' title='bbox 1807 5504 2190 5572; x_wconf 72' lang='lat' dir='ltr'><strong>LECTIONES</strong></span> <span class='ocrx_word' id='word_1_763' title='bbox 2233 5501 2318 5556; x_wconf 79' lang='lat' dir='ltr'><strong>ET</strong></span> <span class='ocrx_word' id='word_1_764' title='bbox 2355 5499 2587 5555; x_wconf 64' lang='lat' dir='ltr'><strong>NOTAE.</strong></span> 
     </span>
    </p>
   </div>
   <div class='ocr_carea' id='block_1_106' title="bbox 490 5630 1972 5731">
    <p class='ocr_par' dir='ltr' id='par_1_106' title="bbox 490 5648 1972 5731">
     <span class='ocr_line' id='line_1_106' title="bbox 490 5648 1972 5731; baseline -0.011 -14"><span class='ocrx_word' id='word_1_765' title='bbox 490 5662 537 5696; x_wconf 72' lang='lat'><strong>&quot;</strong></span> <span class='ocrx_word' id='word_1_766' title='bbox 561 5659 765 5731; x_wconf 67' lang='grc' dir='ltr'>Σοφοῖ.</span> <span class='ocrx_word' id='word_1_767' title='bbox 798 5658 959 5711; x_wconf 71' lang='grc' dir='ltr'>ΙΙρΙιν.</span> <span class='ocrx_word' id='word_1_768' title='bbox 1014 5655 1204 5731; x_wconf 63' lang='lat' dir='ltr'><strong>aperit,</strong></span> <span class='ocrx_word' id='word_1_769' title='bbox 1255 5669 1303 5708; x_wconf 87' lang='lat' dir='ltr'><strong>s.</strong></span> <span class='ocrx_word' id='word_1_770' title='bbox 1328 5652 1491 5731; x_wconf 37' lang='lat' dir='ltr'><strong>-visui</strong></span> <span class='ocrx_word' id='word_1_771' title='bbox 1531 5649 1783 5731; x_wconf 66' lang='lat' dir='ltr'><strong>restituit.</strong></span> <span class='ocrx_word' id='word_1_772' title='bbox 1865 5648 1911 5679; x_wconf 79' lang='lat'>”</span> <span class='ocrx_word' id='word_1_773' title='bbox 1938 5650 1972 5700; x_wconf 83' lang='lat' dir='ltr'><strong>‘l</strong></span> 
     </span>
    </p>
   </div>
   <div class='ocr_carea' id='block_1_107' title="bbox 2075 5630 3020 5731">
    <p class='ocr_par' dir='ltr' id='par_1_107' title="bbox 2075 5630 3020 5731">
     <span class='ocr_line' id='line_1_107' title="bbox 2075 5630 3020 5731; baseline -0.017 -33"><span class='ocrx_word' id='word_1_774' title='bbox 2075 5659 2111 5698; x_wconf 72' lang='grc' dir='ltr'>π.</span> <span class='ocrx_word' id='word_1_775' title='bbox 2169 5642 2254 5711; x_wconf 72' lang='grc' dir='ltr'>μὴ</span> <span class='ocrx_word' id='word_1_776' title='bbox 2275 5641 2570 5731; x_wconf 36' lang='grc' dir='ltr'>υέχίοντες.</span> <span class='ocrx_word' id='word_1_777' title='bbox 2633 5637 2754 5731; x_wconf 68' lang='lat' dir='ltr'><strong>Des.</strong></span> <span class='ocrx_word' id='word_1_778' title='bbox 2787 5631 2971 5731; x_wconf 49' lang='lat' dir='ltr'><strong>in‘ead</strong></span> <span class='ocrx_word' id='word_1_779' title='bbox 3004 5630 3020 5682; x_wconf 89' lang='grc' dir='ltr'><strong>Ι</strong></span> 
     </span>
    </p>
   </div>
   <div class='ocr_carea' id='block_1_108' title="bbox 1617 5712 2338 5786">
    <p class='ocr_par' dir='ltr' id='par_1_108' title="bbox 1617 5712 2338 5786">
     <span class='ocr_line' id='line_1_108' title="bbox 1617 5712 2338 5786; baseline -0.015 -11"><span class='ocrx_word' id='word_1_780' title='bbox 1617 5721 1661 5752; x_wconf 71' lang='grc'><strong>³⁶</strong></span> <span class='ocrx_word' id='word_1_781' title='bbox 1687 5720 1937 5786; x_wconf 69' lang='grc' dir='ltr'>Ἀλλιιλ.</span> <span class='ocrx_word' id='word_1_782' title='bbox 1971 5719 2023 5772; x_wconf 84' lang='lat' dir='ltr'><strong>in</strong></span> <span class='ocrx_word' id='word_1_783' title='bbox 2054 5726 2203 5770; x_wconf 78' lang='lat' dir='ltr'><strong>textu</strong></span> <span class='ocrx_word' id='word_1_784' title='bbox 2231 5712 2338 5766; x_wconf 81' lang='grc' dir='ltr'><strong>τῶν</strong></span> 
     </span>
    </p>
   </div>
   <div class='ocr_carea' id='block_1_109' title="bbox 426 5721 1498 5802">
    <p class='ocr_par' dir='ltr' id='par_1_109' title="bbox 426 5721 1498 5802">
     <span class='ocr_line' id='line_1_109' title="bbox 426 5721 1498 5802; baseline -0.01 -16"><span class='ocrx_word' id='word_1_785' title='bbox 426 5721 698 5802; x_wconf 63' lang='grc' dir='ltr'>βοηθείας.</span> <span class='ocrx_word' id='word_1_786' title='bbox 774 5733 815 5762; x_wconf 76' lang='grc'>³³</span> <span class='ocrx_word' id='word_1_787' title='bbox 849 5721 1139 5795; x_wconf 56' lang='grc' dir='ltr'>Ἐπιμζίί).</span> <span class='ocrx_word' id='word_1_788' title='bbox 1188 5721 1498 5793; x_wconf 79' lang='grc' dir='ltr'>τημελείας.</span> 
     </span>
    </p>
   </div>
   <div class='ocr_carea' id='block_1_110' title="bbox 3143 5624 3677 5694">
    <p class='ocr_par' dir='ltr' id='par_1_110' title="bbox 3143 5624 3677 5694">
     <span class='ocr_line' id='line_1_110' title="bbox 3143 5624 3677 5694; baseline -0.007 -13"><span class='ocrx_word' id='word_1_789' title='bbox 3143 5626 3191 5659; x_wconf 57' lang='grc'><strong>³⁸</strong></span> <span class='ocrx_word' id='word_1_790' title='bbox 3220 5624 3438 5694; x_wconf 81' lang='grc' dir='ltr'>Κηδεμ.</span> <span class='ocrx_word' id='word_1_791' title='bbox 3497 5626 3618 5679; x_wconf 83' lang='lat' dir='ltr'><strong>cod.</strong></span> <span class='ocrx_word' id='word_1_792' title='bbox 3661 5625 3677 5677; x_wconf 87' lang='lat' dir='ltr'><strong>l</strong></span> 
     </span>
    </p>
   </div>
   <div class='ocr_carea' id='block_1_111' title="bbox 2372 5696 3436 5779">
    <p class='ocr_par' dir='ltr' id='par_1_111' title="bbox 2372 5696 3436 5779">
     <span class='ocr_line' id='line_1_111' title="bbox 2372 5696 3436 5779; baseline -0.015 -16"><span class='ocrx_word' id='word_1_793' title='bbox 2372 5713 2425 5763; x_wconf 65' lang='grc' dir='ltr'><strong>(λ’</strong></span> <span class='ocrx_word' id='word_1_794' title='bbox 2478 5696 2635 5779; x_wconf 58' lang='lat' dir='ltr'><strong>sequ.</strong></span> <span class='ocrx_word' id='word_1_795' title='bbox 2680 5704 2935 5771; x_wconf 69' lang='grc' dir='ltr'>’Λγγκίου</span> <span class='ocrx_word' id='word_1_796' title='bbox 2992 5699 3088 5755; x_wconf 69' lang='grc' dir='ltr'><strong>καὶ</strong></span> <span class='ocrx_word' id='word_1_797' title='bbox 3143 5696 3436 5767; x_wconf 75' lang='grc' dir='ltr'>Ζαχαρίου.</span> 
     </span>
    </p>
   </div>
  </div>
