4128 6436
500 271 644 340 1979

1493 288 1988 353 THEODORETI
2015 288 2360 355 EPISCOPI
2412 293 2783 354 CYRENSIS

3650 296 3796 363 1980

496 406 648 456 num,
682 388 911 447 Alleluia
942 390 1204 453 llehrzeus
1247 395 1424 456 dicit:
1454 400 1551 456 sed
1585 400 1951 474 Symmachus
1989 405 2087 460 hoc

2197 408 2439 474 Κύριον,
2474 405 2850 472 Ἀλληλούῑα
2891 405 2921 460 6
2964 404 3216 478 Ἑϐραῖος
3259 405 3410 475 λέγει
3438 423 3454 438 ·
3482 409 3513 461 ό
3543 407 3600 462 δὲ
3640 408 3791 481 Σύμ-

497 483 619 539 sine
653 483 1108 554 interpretatione
1133 488 1379 560 reliquit,
1407 491 1542 547 dicit
1571 505 1754 550 autem
1779 496 1863 559 sic
1896 515 1910 552 :
1937 496 2087 552 Alle—

498 572 633 640 luia,
662 576 913 643 quoniam
956 576 1123 634 bonus
1153 590 1230 634 est
1262 582 1502 650 psalmus
1533 599 1552 637 :
1575 582 1886 643 Theodotio
1914 603 2042 644 vero
2069 608 2083 645 :

500 664 746 721 Laudale
796 666 881 730 Ia,
925 669 1084 727 dixit.
1117 669 1190 733 Ut
1231 674 1518 732 laudemus
1567 677 1738 750 igitur
1781 680 1946 734 etiam
1998 681 2088 736 hic

498 758 745 825 psalmus
777 775 882 815 nos
923 762 1286 831 adhortatur;
1326 768 1576 837 praedicit
1620 781 1802 826 autem
1849 750 2086 827 re‘ditum

498 860 529 897 e
551 844 854 918 Babylone,
880 858 935 904 et
956 849 1155 908 factam
1178 865 1366 923 postea
1390 857 1787 930 Hierosolyma:
1814 862 2090 918 instaura-

500 936 728 992 tionem.
778 938 896 994 Non
951 943 1121 1012 enim,
1179 956 1240 1001 ut
1280 946 1457 1007 Judaei
1510 962 1855 1023 exspectant,
1897 971 2089 1013 rursus

498 1024 877 1101 Hierosolyma
918 1031 1320 1097 instaurabitnr
1347 1057 1362 1092 ι
1389 1041 1483 1096 sed
1515 1042 1768 1099 divinum
1796 1046 2087 1101 oraculum

500 1118 645 1173 illam
683 1122 1125 1191 aediﬁcationem,
1162 1144 1285 1199 qua:
1338 1147 1369 1193 a
1416 1130 1753 1197 Zorobabcle
1788 1138 1900 1206 jam
1944 1137 2089 1203 facta

499 1223 603 1280 est,
633 1216 989 1275 vaticinatur.
1020 1219 1238 1293 1570
1264 1242 1287 1275 ι
1321 1222 1565 1287 Laudato
1598 1228 1915 1295 Dominum,
1951 1248 2089 1300 quo-

501 1306 647 1360 niam
685 1307 859 1364 hortus
906 1321 995 1367 est
1036 1316 1306 1382 psalmus,
1345 1318 1458 1375 Deo
1500 1329 1693 1379 nostro
1718 1321 1965 1390 jucunda
2015 1325 2089 1379 sit

501 1399 763 1455 laudatio.
797 1420 816 1453 ι
858 1401 1041 1468 Utilis,
1077 1406 1276 1477 inquit,
1307 1420 1395 1471 est
1434 1411 1764 1482 hymnorum
1792 1426 2007 1479 cantus,
2034 1426 2110 1473 et-

501 1491 773 1546 bonorum
805 1504 887 1549 est
919 1510 1110 1559 causa.
1139 1500 1209 1557 At
1231 1516 1338 1563 non
1366 1502 1605 1572 hymnus
1626 1506 1742 1561 Deo
1764 1520 1955 1579 gratus
1979 1521 2087 1578 est,

499 1584 594 1638 sed
630 1583 973 1643 laudantium
1019 1590 1364 1660 propositum
1399 1594 1557 1662 :ipse
1607 1607 1814 1666 autem,
1862 1616 1989 1657 cum
2026 1619 2089 1660 ne

499 1676 649 1729 nulla
678 1689 853 1748 egeat,
884 1681 1093 1751 gaudet
1122 1683 1408 1741 hominum
1444 1688 1644 1745 salute.

578 1769 595 1789 "
620 1768 781 1825 Vens.
821 1772 876 1826 2.
912 1790 938 1823 .t
968 1771 1275 1837 ASdiﬁcans
1302 1775 1745 1851 Hierosolymam
1792 1782 2084 1852 Dominus,

498 1859 874 1929 tlispcrsiones
926 1861 1146 1920 lsraelis
1176 1869 1571 1939 congregabit.
1605 1889 1623 1922 ι
1675 1870 1744 1927 Et
1794 1873 1939 1939 ideo,
1986 1877 2082 1944 ait,

496 1951 680 2020 ipsum
723 1953 949 2009 laudare
1004 1955 1182 2024 decet,
1230 1961 1495 2029 quoniam
1542 1969 1598 2018 et
1647 1962 2086 2038 Hierosolymam

498 2056 747 2097 eversam
781 2042 1092 2113 ardilicabit,
1120 2055 1176 2101 et
1208 2047 1458 2117 captivos
1496 2048 1765 2107 abductos
1799 2052 1974 2111 reditu
2005 2053 2089 2108 di-

497 2136 775 2206 gnabitur.
810 2135 967 2205 Quod
997 2139 1044 2192 si
1083 2154 1192 2195 non
1226 2156 1423 2201 omnes
1451 2143 1658 2201 reversi
1683 2153 1835 2210 sunt,
1866 2160 1974 2202 non
2004 2146 2089 2201 di-

497 2228 660 2285 vinus
685 2230 947 2286 mentitus
978 2239 1062 2289 est
1087 2247 1294 2299 sermo,
1327 2234 1423 2289 sed
1452 2234 1674 2294 illorum
1716 2238 1960 2306 pravitas
1989 2253 2088 2308 pa-

494 2321 700 2379 tefacta
757 2332 860 2381 est.
920 2322 1042 2393 ipse
1090 2326 1240 2385 enim
1294 2341 1397 2397 per
1451 2327 1658 2398 Gym-tn
1709 2329 1970 2386 omnibus
2028 2340 2088 2391 ut

496 2417 740 2472 redirent
792 2415 964 2486 jussit
1008 2436 1022 2472 :
1061 2418 1151 2479 lati
1202 2432 1335 2477 vero
1378 2430 1772 2490 repugnantem
1824 2421 2085 2478 habentes

496 2518 768 2573 mentem,
817 2509 1164 2579 pcregrinam
1217 2519 1419 2571 terram
1473 2513 1664 2581 patriae
1705 2514 2080 2584 praetulerunt.

567 2680 734 2737 Vens.
770 2683 822 2737 5.
872 2703 891 2736 ι
921 2683 1026 2752 Qui
1064 2694 1226 2749 sanat
1263 2686 1533 2742 contritos
1576 2689 1764 2755 corde,
1814 2700 1869 2746 et
1901 2692 2087 2762 alligat

495 2777 857 2847 contritiones
910 2792 1124 2832 eorum.
1157 2798 1175 2831 ι
1233 2779 1531 2851 Corporcis
1594 2782 1903 2852 spiritualia
1951 2799 2087 2840 eon-

489 2869 676 2941 junrit
697 2909 712 2933 ,
744 2879 793 2923 et
820 2871 1062 2926 ostendit
1107 2872 1277 2929 Deum
1310 2889 1417 2929 non
1463 2875 1628 2931 modo
1655 2877 1888 2946 captivis
1917 2868 2084 2933 liber-

496 2970 663 3016 tatem
702 2962 961 3031 donasse,
1013 2980 1204 3021 verum
1241 2967 1409 3021 etiam
1448 2967 1538 3033 iis,
1587 2969 1683 3039 qui
1712 2970 1923 3040 peccati
1964 2969 2085 3026 vul-

495 3072 625 3111 nera
655 3067 1034 3128 susceperant,
1060 3059 1356 3114 sanitatem
1390 3059 1726 3121 restituisse.

564 3237 734 3297 Vens.
776 3239 830 3298 4.
862 3260 879 3293 ι
911 3239 1018 3308 Qui
1046 3251 1306 3300 numerat
1337 3242 1745 3303 multitudinem
1773 3246 2081 3315 stellarum,

488 3342 549 3393 ,οι
604 3332 864 3389 omnibus
916 3334 997 3388 eis
1063 3333 1289 3389 nomina
1344 3335 1595 3404 imponit.
1630 3356 1649 3390 ι
1707 3335 1767 3391 lu
1822 3320 2086 3397 omnibus

495 3424 590 3479 Dei
623 3425 925 3494 potentiam
953 3426 1234 3494 praedicat.
1274 3426 1381 3491 Qui
1412 3436 1657 3485 numerat
1691 3427 1783 3487 hic
1813 3430 2086 3502 cognitio-

496 3533 620 3573 nem
652 3515 889 3581 vocavit,
939 3526 993 3571 ct
1037 3525 1310 3572 astrorum
1353 3519 1573 3575 nomina
1620 3528 1896 3579 astrorum
1928 3522 2086 3577 dill'e-

490 3609 725 3670 rentias.
765 3617 817 3662 et
842 3608 1039 3663 borum
1072 3607 1426 3680 positionem,
1454 3618 1508 3664 et
1532 3611 1813 3678 .ordiuem,
1836 3620 1890 3668 et
1918 3612 2087 3669 babi-

495 3711 612 3755 tum
658 3701 802 3755 inter
834 3714 916 3756 se.
952 3699 1073 3755 Non
1121 3700 1271 3755 enim
1310 3701 1629 3763 nominibus
1663 3713 1824 3760 utens
1866 3704 2090 3761 univer-

491 3809 681 3850 sorum
746 3791 893 3848 Dens
940 3792 1126 3848 stellas
1182 3804 1344 3849 vocat
1390 3795 1524 3850 :lne
1577 3796 1779 3866 quippe
1832 3797 2091 3859 inanima:

493 3896 640 3952 ειιιιι,
686 3895 740 3941 et
777 3885 1006 3949 rationis
1037 3895 1313 3955 expertes.
1365 3886 1629 3945 llomincs
1671 3898 1877 3957 autem,
1922 3890 2090 3960 impia

493 3986 677 4033 mente
708 3985 947 4040 utentes,
982 3990 1049 4030 ex
1077 3975 1278 4031 fabulis
1317 3977 1387 4041 ab
1416 3976 1551 4046 ipsis
1582 3976 1794 4053 1571
1834 3977 2090 4037 conﬁctis

493 4070 717 4125 nomina
749 4066 927 4128 stellis
960 4066 1367 4135 imposuerunt.

568 4160 733 4216 Vens.
769 4160 820 4214 5.
870 4178 888 4211 ι
917 4156 1151 4231 Magnus
1186 4168 1270 4214 est
1304 4160 1570 4217 Dominus
1614 4169 1825 4224 noster,
1870 4171 1926 4223 et
1976 4177 2091 4218 ma-

494 4269 600 4324 gna
635 4255 809 4308 virtus
846 4251 987 4323 ejus,
1030 4263 1085 4308 et
1117 4253 1405 4322 sapientiae
1454 4252 1575 4323 ejus
1614 4269 1726 4315 non
1772 4265 1860 4310 est
1895 4271 2090 4311 nume-

494 4362 613 4400 rus.
643 4365 661 4397 ι
695 4346 968 4399 lmmensa
1006 4352 1135 4400 sunt
1181 4345 1389 4408 omnia,
1433 4356 1481 4400 et
1519 4345 1860 4415 magnitudo,
1905 4357 1961 4401 et
1996 4363 2089 4403 ro-

494 4438 624 4500 hnr,
669 4447 724 4492 et
756 4436 877 4492 laus
906 4453 919 4490 :
951 4444 1131 4491 tamen
1161 4443 1221 4489 ut
1246 4450 1562 4504 possumus,
1597 4435 1908 4491 laudamus.

572 4528 735 4585 Vsus.
768 4528 823 4585 6.
869 4547 889 4580 ι
926 4527 1247 4599 Suscipiens
1287 4538 1610 4595 mansuetos
1648 4528 1949 4591 Dominus:
1978 4528 2083 4584 hu,-

482 4622 717 4683 milians
749 4630 932 4677 autem
957 4632 1280 4691 peccatores
1308 4635 1488 4690 usque
1512 4619 1578 4676 ad
1606 4630 1836 4676 terram.
1869 4639 1889 4674 ι
1922 4618 2083 4693 Sym-

495 4714 729 4773 machus
775 4713 1019 4782 re/iciens
1069 4711 1231 4767 dixit.
1274 4710 1345 4767 Et
1394 4712 1500 4768 hoc
1552 4722 1637 4767 est
1677 4712 1959 4783 proprium
1999 4712 2087 4767 di-

495 4806 640 4861 vinae
666 4805 1054 4868 Providentiae,
1092 4815 1150 4859 ut
1188 4820 1283 4861 eos
1308 4804 1551 4875 quidem,
1595 4804 1686 4875 qui
1717 4805 1791 4860 ob
1824 4819 2084 4859 mansue-

498 4898 747 4955 tudinem
774 4913 805 4952 a
832 4896 1160 4967 quibusdam
1193 4897 1425 4951 insidias
1454 4895 1760 4965 patiuntur,
1789 4895 2088 4951 Providen-

498 4991 570 5046 tia
599 4990 856 5060 dignetur
882 5007 896 5045 :
925 5004 1022 5044 eos
1046 5004 1196 5053 vero,
1228 4989 1322 5059 qui
1351 4988 1553 5059 injuste
1582 4989 1732 5058 ipsos
1759 4987 2084 5052 invaserint,

496 5092 677 5138 morte
718 5082 933 5137 tuultet.
969 5079 1037 5136 Et
1066 5082 1207 5138 alios
1238 5082 1484 5138 illustres
1522 5095 1589 5139 ac
1620 5079 1948 5151 spectabiles
1974 5078 2088 5134 elli-

496 5176 593 5241 cit,
630 5174 864 5230 aliorum
908 5174 1236 5230 memoriam
1282 5172 1545 5229 oblivioni
1579 5173 1767 5229 tradit.
1819 5173 1912 5227 Sic
1957 5187 2086 5226 san-

498 5279 712 5322 ctorum
749 5267 1127 5338 apostolorum
1164 5267 1372 5321 chorus
1420 5265 1655 5320 celebris
1697 5262 1801 5318 fuit
1835 5281 1850 5314 :
1881 5262 1964 5318 sic
1995 5276 2088 5317 ce-

499 5358 776 5414 leberrimi
815 5368 1117 5429 martyrum
1159 5368 1355 5413 coetus.
1386 5356 1590 5411 Eorum
1624 5371 1759 5411 vero
1795 5354 2081 5419 memoria,

498 5452 595 5522 qui
623 5451 748 5508 illos
769 5461 1178 5523 oppugnarunt,
1203 5451 1481 5507 oblivione
1518 5449 1699 5504 deleta
1730 5458 1835 5504 est.

2194 516 2370 570 μαχος
2448 500 2546 553 καὶ
2619 499 3031 571 ἀνερμήνευτον
3086 499 3220 553 αὐτὸ
3285 500 3479 554 εἴασε·
3537 501 3688 570 λέγει
3732 500 3791 555 δὲ

2189 591 2386 656 οὕτως,
2446 592 2816 659 Ἀλληλούτα
2847 631 2865 654 ,
2918 591 3008 646 ὅτι
3038 592 3260 663 ἀγαθὸς
3309 594 3574 661 ﬁrm/lude.
3642 594 3701 647 Ὀ
3731 592 3791 646 δὲ

2189 682 2505 751 Θεοδοτίων,
2529 683 2759 739 Αἰνεῖτε
2787 682 2997 737 τὸνἹά
3008 684 3052 717 ³*
3072 700 3088 719 ο
3113 686 3285 738 αἰνεῖν
3313 685 3409 738 καὶ
3429 675 3584 747 οὗτος
3603 684 3790 738 τοίνυν

2190 778 2220 830 6
2259 776 2477 845 ψαλμδς
2521 776 2966 849 παρακελεύεται
3002 791 3014 805 ·
3071 777 3434 849 προθεσπίζει
3478 776 3535 830 δὲ
3588 778 3690 846 τὴν
3722 777 3791 830 ἐκ

2190 866 2513 932 Βαϐυλῶνος
2544 867 2825 933 ἐπάνοδον,
2851 868 2948 922 καὶ
2968 867 3070 940 τὴν
3106 868 3247 938 μετὰ
3274 868 3451 922 ταῦτα
3485 867 3789 940 γενομένην

2188 959 2292 1028 τῆς
2324 958 2712 1030 ῖἹερουσαλὴμ
2761 959 3097 1031 οἰκοδομίαν.
3132 960 3207 1015 ού
3246 960 3378 1031 γὰρ,
3429 962 3507 1025 ὡς
3546 961 3790 1014 Ἰουδαῖοι

2191 1050 2594 1120 προσδοκῶσιν,
2648 1048 2809 1116 αὖθις
2861 1052 3225 1125 Ἰερουσαλὴμ
3272 1053 3788 1124 οἰκοδομηθήσεται,

2190 1141 2327 1197 ἀλλά
2357 1142 2458 1214 τὴν
2491 1144 2593 1215 ήδη
2637 1144 3022 1217 γεγενημένην
3072 1145 3179 1199 ὑπὸ
3221 1144 3531 1217 Ζοροϐάὸελ
3577 1145 3790 1198 οἰκοδο-

2194 1231 2343 1302 μίαν,
2366 1233 2395 1286 6
2427 1234 2768 1305 προφητικδς
2793 1235 3150 1305 προθεσπίζει
3179 1234 3357 1304 λόγος.
3400 1254 3419 1288 t
3455 1237 3664 1288 Αἰνεῖτε
3694 1234 3791 1287 τὸν

2190 1324 2420 1395 Κύριον,
2439 1326 2523 1379 ὅτι
2549 1317 2754 1393 ἀγαθὸς
2776 1327 2821 1359 ³⁸
2843 1327 3079 1398 ψαλμδς,
3111 1326 3190 1396 τῷ
3215 1326 3336 1396 Θεῷ
3357 1328 3514 1396 ἡμῶν
3534 1324 3790 1394 ήδυνθείη

2190 1415 2417 1479 αῐνεσις.
2463 1435 2483 1468 ι
2527 1417 2840 1487 Ὀνήσιμος,
2873 1419 3059 1489 φησιν,
3096 1419 3130 1486 ή
3162 1415 3431 1486 ὑμνιρδία,
3460 1414 3556 1467 καὶ
3585 1412 3791 1483 πρόξε-

2190 1525 2282 1572 νος
2309 1507 2536 1577 ἀγαθῶν
2564 1524 2582 1541 ⁶
2616 1507 2762 1579 θυμή
2773 1525 2872 1579 ρης
2896 1508 2955 1561 δὲ
2982 1507 3060 1578 τῷ
3098 1506 3221 1578 Θεῷ
3249 1508 3349 1577 οὐχ
3367 1507 3396 1560 6
3425 1505 3612 1577 ὕμνος,
3650 1503 3791 1558 ἀλλὰ

2187 1601 2300 1657 τῶν
2343 1601 2662 1674 ὑμνούντων
2690 1605 2719 1658 6
2750 1602 2955 1666 σκοπός
2982 1616 2997 1633 ο
3034 1601 3198 1666 αὐτὸς
3225 1600 3284 1655 δὲ
3315 1599 3573 1671 ἀνενδεὴς
3605 1599 3788 1669 χαίρει

2188 1696 2256 1765 τῇ
2293 1694 2543 1765 σωτηρίᾳ
2570 1693 2683 1748 τῶν
2710 1691 3040 1764 ἀνθρώπων.

2264 1787 2334 1859 β’·
2373 1805 2393 1838 ⁸
2430 1786 2746 1857 Οἰκοδομῶν
2814 1784 3175 1858 Ἰερουσαλὴμ
3221 1784 3251 1837 6
3303 1782 3551 1855 Κύριος,
3616 1780 3717 1844 τὰς
3742 1780 3790 1815 ss

2189 1874 2487 1945 διασπορὰς
2522 1875 2616 1930 τοῦ
2652 1874 2873 1946 Ἰσραὴλ
2913 1872 3253 1938 ἐπισυνάξει.
3284 1890 3304 1924 ›
3340 1872 3452 1925 Καὶ
3482 1870 3571 1924 διὰ
3598 1869 3785 1935 τοῦτο,

2192 1966 2379 2036 φησὶν,
2409 1964 2573 2018 αὐτὸν
2591 1962 2881 2034 ὑμνεῖσθαι
2918 1963 3213 2033 προσήκει,
3246 1961 3330 2015 ὅτι
3361 1959 3456 2014 καὶ
3484 1961 3584 2027 τὴν
3606 1975 3787 2012 κατα-

2189 2055 2445 2109 λυθεῖσαν
2488 2053 2855 2127 Ίερουσαλὴμ
2895 2050 3334 2124 οἰκοδομήσειδο,
3382 2049 3480 2104 καὶ
3524 2048 3652 2112 τοὺς
3694 2047 3786 2101 δο-

2192 2147 2507 2215 ρυαλώτους
2538 2145 2941 2218 γεγενημένους
2988 2142 3215 2209 ἀξιώσει
3253 2142 3354 2211 τῆς
3386 2139 3673 2194 ἐπανόδου.
3720 2139 3787 2192 Ei

2188 2234 2248 2289 δὲ
2278 2233 2354 2306 μὴ
2387 2234 2589 2296 πάντες
2628 2230 2954 2304 ἐπανῆλθον,
2990 2231 3090 2303 ούχ
3121 2233 3150 2284 6
3170 2230 3313 2292 θεῖος
3342 2227 3669 2298 διεψεύσατο
3696 2226 3789 2280 16-

2190 2346 2307 2397 γος,
2360 2327 2475 2381 ἀλλ’
2528 2328 2563 2398 ή
2603 2327 2833 2381 ἐκείνων
2878 2324 3124 2396 ἠλέγχθη
3160 2322 3416 2393 πονηρία.
3462 2321 3635 2384 Αὐτὸς
3682 2320 3784 2389 μὲν

2190 2419 2301 2490 γὰρ
2338 2418 2425 2473 διὰ
2465 2417 2560 2473 τοῦ
2605 2417 2791 2489 Κύρου
2825 2418 2994 2471 πᾶσιν
3014 2414 3341 2471 ἐπανελθεῖν
3373 2413 3782 2485 παρεγγύησεν,

2187 2512 2239 2565 οἰ
2286 2511 2343 2565 δὲ
2382 2509 2677 2564 ἀντίτυπον
2718 2509 3022 2580 ἐσχηκότες
3063 2506 3311 2579 γνώμην,
3359 2506 3459 2577 τὴν
3495 2504 3786 2578 ἀλλοτρίαν

2190 2602 2314 2658 ἀντὶ
2339 2602 2438 2673 τῆς
2468 2601 2732 2674 πατρίδος
2757 2600 3097 2674 προείλοντο.

2261 2695 2329 2765 γ’.
2362 2715 2379 2747 ι
2408 2695 2466 2748 '0
2491 2695 2719 2767 ἰώμενος
2732 2697 2865 2759 τοὺς
2886 2693 3389 2765 συντετριμμένους
3408 2693 3508 2753 τὴν
3530 2690 3784 2763 καρδίαν,

2191 2785 2285 2839 καὶ
2309 2783 2592 2855 δεσμεύων
2615 2785 2685 2839 τὰ
2719 2783 3107 2856 συντρίμματα
3138 2783 3343 2839 αὐτῶν.
3374 2801 3396 2834 ι
3432 2781 3646 2852 Συνῆψε
3670 2783 3788 2845 τοῖς

2192 2878 2528 2947 σωματικοῖς
2558 2876 2627 2930 τά
2649 2877 3020 2946 πνευματικὰ,
3054 2876 3151 2930 καί⁵
3179 2873 3380 2940 ἔδειξεν
3407 2874 3568 2929 αὑτὸν
3591 2873 3653 2927 οὐ
3685 2872 3788 2943 μό-

2191 2986 2280 3025 νον
2300 2971 2411 3033 τοῖς
2424 2968 2795 3041 αἰχμαλώτοις
2813 2970 2910 3041 τὴν
2932 2968 3248 3039 ἐλευθερίαν
3268 2967 3632 3037 δωρούμενον,
3651 2966 3791 3022 ἀλλὰ

2192 3059 2288 3114 καὶ
2333 3062 2450 3124 τοῖς
2481 3061 2551 3113 τὰ
2583 3059 2681 3128 τῆς
2717 3059 2992 3131 ἁμαρτίας
3018 3059 3313 3132 τραύματα
3337 3058 3656 3130 δεξαμένοις
3685 3057 3791 3129 τήν

2190 3153 2333 3206 ἴασιν
2364 3151 2746 3224 χαριζόμενον.

2254 3242 2317 3300 δ’.
2358 3262 2380 3297 ‹
2429 3244 2486 3297 '0
2512 3242 2765 3315 ἀριθμῶν
2796 3242 2981 3316 πλήθη
3016 3243 3255 3315 ἄστρων,
3279 3242 3377 3298 καὶ
3405 3243 3571 3297 πᾶσιν
3601 3241 3790 3305 αὐτοῖς

2184 3333 2427 3405 ὀνόματα
2458 3334 2696 3389 καλῶν.»
2733 3334 2835 3389 Διά
2862 3336 3086 3389 πάντων
3117 3332 3212 3388 τοῦ
3242 3332 3378 3387 Θεοῦ
3416 3332 3516 3403 τὴν
3555 3329 3791 3401 δύναμιν

2187 3426 2472 3497 κηρύττει.
2527 3426 2589 3480 '0
2639 3425 2906 3496 ἀριθμῶν
2929 3426 2973 3458 ⁸³
3026 3427 3083 3480 δὲ
3131 3424 3366 3480 ἐνταῦθα
3423 3426 3526 3498 τὴν
3583 3423 3791 3494 γνῶσιν

2190 3518 2442 3583 ἐκάλεσε,
2471 3518 2568 3572 καὶ
2610 3518 2851 3587 ἂστρων
2877 3517 2935 3571 δὲ
2974 3519 3240 3588 ὀνόματα
3274 3518 3374 3583 τὰς
3400 3519 3511 3571 τῶν
3538 3516 3793 3586 ἀστέρων

2187 3610 2491 3682 διαφορὰς,
2527 3610 2621 3664 καὶ
2662 3609 2761 3682 τὴν
2810 3607 3016 3664 τούτων
3062 3609 3210 3665 θέσιν
3256 3624 3316 3663 τε
3384 3608 3479 3663 καὶ
3517 3607 3788 3674 διάταξιν,

2193 3702 2292 3759 καὶ
2311 3701 2411 3773 τὴν
2438 3701 2577 3772 πρὸς
2602 3700 2805 3772 ἄλληλα
2831 3700 3036 3773 σχέσιν.
3069 3702 3143 3755 Οὐ
3179 3700 3289 3773 γάρ
3313 3699 3545 3771 ὀνόμασι
3582 3716 3792 3770 κεχρη-

2195 3794 2356 3866 μένος
2390 3795 2419 3849 6
2449 3792 2559 3848 τῶν
2596 3793 2734 3848 ὅλων
2759 3792 2892 3858 Θεὸς
2922 3794 3050 3857 τοὺς
3079 3791 3319 3863 ἀστέρας
3357 3790 3517 3851 καλεῖ
3544 3806 3561 3823 ο
3595 3790 3784 3861 ἄψυχα

2189 3886 2301 3956 γὰρ
2352 3885 2551 3953 ταῦτα,
2604 3886 2700 3940 καὶ
2744 3885 2906 3954 λόγου
2952 3884 3319 3956 ἐστερημένα.
3358 3883 3673 3953 ’Ἄνθρωποι
3707 3881 3788 3943 δὲ,

2189 3980 2383 4036 ἀσεϐεῖ
2427 3978 2626 4052 γνώμῃ
2675 3979 3037 4050 χρησάμενοι,
3090 3977 3200 4032 ἀπὸ
3246 3975 3436 4049 μύθων
3481 3976 3573 4030 ὑπ’
3605 3974 3791 4029 αὐτῶν

2191 4070 2609 4136 πεπλασμένων
2639 4069 2832 4124 ἔθεσαν
2871 4072 2984 4134 τοῖς
3013 4070 3234 4140 ἄστροις
3269 4067 3533 4139 ὀνόματα.

2263 4171 2326 4219 ε’.
2366 4185 2386 4217 ι
2409 4163 2600 4232 Μέγας
2635 4165 2663 4217 ὁ
2704 4162 2914 4233 Κύριος
2945 4161 3125 4233 ήμῶν,
3153 4161 3248 4215 καὶ
3294 4160 3510 4233 μεγάλη
3566 4161 3601 4232 η
3634 4160 3791 4231 ίσχὺς

2182 4255 2381 4323 αὐτοῦ,
2414 4257 2512 4311 καὶ
2545 4255 2647 4325 τῆς
2674 4254 2945 4318 συνέσεως
2969 4253 3135 4309 αὑτοῦ
3159 4253 3261 4309 οὐκ
3287 4253 3435 4308 ἔστιν
3463 4254 3723 4326 ἀριθμός.
3761 4271 3782 4305 ι

2205 4347 2517 4419 Ἀμέτρητα
2554 4346 2752 4409 πάντα,
2784 4344 2878 4398 καὶ
2909 4343 2970 4397 τὸ
3002 4343 3255 4415 μέγεθος,
3292 4346 3388 4398 καὶ
3417 4346 3450 4415 ή
3484 4344 3659 4415 ἰσχὺς,
3692 4345 3792 4398 καὶ

2120 4456 2167 4515 ι)
2194 4437 2228 4509 ἠ
2251 4434 2480 4500 αἵνεσις.
2500 4435 2593 4499 Ὡς
2626 4433 2913 4505 χωροῦμεν
2943 4433 3001 4489 δὲ
3023 4434 3174 4505 ὅμως
3208 4434 3511 4505 ὐμνοῦμεν.

2263 4534 2338 4594 ς’.
2376 4546 2396 4581 ι
2445 4526 2875 4597 Ἀναλαμόάνων
2915 4529 3116 4600 πραεῖς
3161 4526 3191 4580 6
3239 4525 3468 4598 Κύριος,
3513 4524 3792 4580 ταπεινῶν

2174 4622 2241 4683 ,δὲ
2271 4619 2634 4695 ἁμαρτωλοὺς
2658 4619 2765 4685 ἕως
2788 4618 2915 4690 γῆς.
2958 4639 2976 4671 ι
3014 4620 3073 4674 '0
3111 4618 3414 4692 Σύμμαχος
3441 4616 3793 4689 ἀνακτώμε-

2183 4729 2292 4778 νος
2311 4713 2550 4783 είρηκεν.
2574 4712 2682 4765 Καὶ
2705 4711 2864 4765 τοῦτο
2883 4711 2941 4766 δὲ
2960 4711 3061 4783 τῆς
3077 4711 3230 4776 θείας
3266 4712 3398 4766 ῐδιον
3420 4710 3789 4782 προμηθείας

2189 4803 2317 4867 τοὺς
2348 4803 2448 4872 μὲν
2475 4801 2582 4875 γὰρ
2608 4802 2998 4858 δι’ὲπιείκειαν
3029 4804 3134 4856 ὑπό
3164 4820 3328 4857 τινων
3351 4802 3785 4871 ἐπιϐουλευομέ-

2186 4912 2311 4960 νους
2341 4895 2669 4967 κηδεμονίας
2693 4894 2835 4961 ἀξιοῖ
2860 4909 2875 4924 ⁸
2920 4896 3048 4959 τοὺς
3073 4896 3130 4949 δὲ
3157 4894 3360 4959 ἀδίκως
3382 4895 3569 4958 αὐτοῖς
3599 4892 3791 4946 ἐπιόν-

2184 5003 2285 5049 τας
2312 4988 2680 5058 παραπέμπει
2704 4987 2940 5058 θανάτῳ.
2963 4988 3076 5040 Καὶ
3099 4988 3225 5052 τοὺς
3251 4988 3352 5057 μὲν
3377 4986 3787 5058 περιϐλέπτους

2187 5079 2333 5130 ποιεῖ
2361 5076 2456 5131 καὶ
2486 5079 2826 5148 περιφανεῖςο
2852 5076 2960 5130 τῶν
2981 5077 3037 5130 δὲ
3066 5075 3166 5147 τὴν
3193 5077 3417 5146 μνήμην
3441 5072 3785 5145 παραδίδωσι

2185 5170 2346 5244 λήθῃ.
2374 5169 2532 5225 Οὕτω
2563 5170 2670 5224 τῶν
2699 5171 2874 5240 ἀγίων
2900 5170 3221 5223 ἀποστόλων
3256 5168 3502 5238 ἀοίδιμος
3527 5167 3556 5219 6
3578 5165 3742 5235 χορός
3762 5182 3779 5197 ⁸

2186 5262 2331 5318 οὕτω
2365 5261 2797 5335 πολυθρύλλητοι
2840 5261 2950 5317 τῶν
2974 5260 3281 5332 μαρτύρων
3297 5259 3549 5330 οἱδῆμοι.
3571 5256 3697 5310 Τῶν
3723 5255 3784 5309 δὲ

2187 5353 2397 5418 τούτοις
2466 5352 2933 5424 πεπολεμηκότων
3015 5352 3050 5422 ή
3132 5351 3325 5422 μνήμη
3410 5346 3784 5419 παραδέδοται

2186 5444 2345 5518 λήθῃ.
2809 5492 2818 5502 .
2936 5446 2939 5449 ’

1601 5558 1840 5617 νΑιιιιΕ
1879 5555 2264 5613 LECTIONES
2305 5556 2391 5610 ET
2421 5554 2660 5611 ΝΟΤᾹΞ.

577 5658 621 5689 ³⁷
664 5659 765 5713 Ἰώ.
802 5661 920 5716 md.
968 5665 983 5718 Ι
1018 5664 1165 5717 ὄντα.

1245 5662 1289 5693 ³⁸
1327 5659 1455 5713 Bue.
1487 5658 1646 5712 let-tio
1673 5658 1726 5711 lt.
1758 5658 1794 5710 l.
1826 5666 1909 5710 est
1940 5654 2162 5723 ἀγαθόν.

2267 5654 2313 5686 ³⁹
2348 5652 2476 5719 Τάς.
2514 5653 2572 5707 In
2625 5660 2777 5708 textu
2822 5652 2932 5707 τῶν
2976 5650 3033 5707 0⁸
3073 5667 3261 5723 praem.
3315 5651 3431 5723 καί.
3495 5650 3550 5723 _‘°
3587 5647 3713 5707 cod.
3751 5654 3778 5708 Ι

502 5729 933 5800 ἀνοικοδομήσει.
1011 5735 1052 5765 ει
1095 5734 1157 5787 '0
1187 5728 1470 5803 ἀριθμῶν.
1505 5728 1659 5799 Apul
1694 5727 1857 5782 ϐοτά.
1892 5727 1928 5780 l.
1961 5721 2011 5780 ei.
2037 5742 2087 5795 p.

2196 5722 2250 5777 0.
2286 5724 2387 5795 leg.
2421 5723 2670 5794 ἀριθμόν.
2707 5723 2756 5780 Is
2788 5738 2918 5779 vero
2950 5721 3309 5791 hmeOrigeni
3343 5721 3556 5777 tribuit.
