4128 6416
557 271 695 343 1983

1580 276 2076 339 THEODORETI
2110 279 2452 342 EPISCOPI
2512 278 2885 342 CYRENSIS

3687 276 3854 344 198!

627 384 794 441 Vens.
827 384 908 454 1‘2,
938 388 1277 454 {5.ci.anda,
1310 401 1343 441 o
1371 384 1776 459 Hierosolyma,
1809 388 2105 444 Dominum
2134 431 2146 453 ,

2327 389 2418 461 ιβ’,
2437 397 2529 460 ιγ’.
2551 410 2571 444 ι
2596 393 2865 455 Ἐπαίνει,
2912 387 3299 463 Ἰερουσαλὴμ,
3331 385 3427 442 τὸν
3452 385 3687 459 Κύριον,
3702 388 3852 442 αἴνει

551 475 641 529 lau
666 476 714 529 la
733 476 900 532 Deum
923 488 1103 545 tuum,
1126 479 1281 533 Sion.
1305 477 1578 545 Quoniam
1605 481 1938 536 confortavit
1960 492 2141 536 vectes

551 576 837 635 portarum
866 578 1111 624 tuarum.
1150 588 1170 620 ι
1221 567 1325 624 Per
1375 570 1802 640 inexpugnabile
1843 569 1937 626 Dei
1988 572 2145 626 auxi-

552 655 730 722 lium,
776 666 833 714 et
873 660 943 713 ab
980 661 1235 716 hostibus
1280 661 1534 727 liberata,
1582 671 1637 716 et
1674 677 1785 718 non
1835 674 2143 734 expugnata

553 761 805 812 manens,
840 762 875 802 o
907 746 1288 821 Hierosolyma
1317 792 1333 816 ,
1367 750 1603 819 hymnos
1641 750 1890 807 beneficii
1927 753 2143 808 auctori

552 839 812 908 repende.
850 838 1277 912 Hierosolymam
1314 853 1496 898 autem
1531 859 1642 898 non
1681 844 1908 901 aediﬁcia
1950 854 2141 911 vocat,

555 932 653 984 sed
690 932 812 1001 ejus
844 934 1073 989 incolas.
1116 953 1136 984 σ
1172 932 1456 990 Bcnedixit
1493 935 1620 991 tiliis
1644 936 1756 991 tuis
1776 936 1830 990 in
1864 944 1972 990 te.»
2007 935 2143 991 Nam

555 1021 939 1080 benedictione
986 1033 1212 1095 accepta
1263 1027 1333 1081 de
1388 1025 1750 1097 procreandis
1806 1024 2037 1091 liberis,
2089 1034 2146 1081 et

557 1115 769 1179 ntultis,
801 1115 853 1169 iu
891 1117 1302 1172 multitudinem
1334 1127 1494 1173 aucta
1527 1132 1607 1174 es.

626 1212 798 1268 Vens.
834 1208 924 1262 14.
965 1227 983 1260 ι
1016 1207 1119 1275 Qui
1157 1211 1313 1278 ponit
1344 1211 1480 1266 fines
1512 1220 1636 1265 tuos
1672 1226 1880 1280 pacem.
1915 1229 1934 1262 ι
1973 1208 2147 1265 Undi-

556 1314 664 1365 que
699 1299 795 1352 tibi
825 1314 1015 1368 pacem
1051 1300 1296 1355 donavit.
1338 1300 1596 1355 Exterriti
1630 1303 1772 1356 enim
1804 1316 2018 1366 eorum,
2049 1302 2144 1372 qui

557 1387 612 1441 in
650 1388 790 1443 bello
820 1391 1240 1454 occubuerunt,
1271 1399 1441 1458 metu,
1470 1392 1657 1446 caueri
1693 1392 1871 1446 redire
1898 1408 2009 1447 non
2041 1393 2145 1448 ite-

556 1494 683 1532 rum
723 1480 949 1535 audent.
1002 1499 1021 1533 ι
1051 1481 1119 1536 Et
1151 1481 1313 1551 adipe
1361 1480 1621 1538 frumenti
1668 1483 1834 1538 satiat
1875 1493 1945 1538 te.
1981 1504 2001 1536 ι
2038 1483 2147 1540 Co-

557 1570 713 1639 piose
752 1570 919 1626 etiam
960 1572 1113 1628 dedit
1154 1574 1255 1629 tibi
1300 1573 1446 1631 bona
1488 1590 1521 1631 e
1563 1584 1708 1631 terra
1744 1586 1887 1633 orta.
1924 1576 2148 1646 Adipcm

558 1662 706 1715 enim
732 1662 987 1729 {mutanti
1014 1663 1292 1720 fructuum
1317 1666 1653 1722 afﬂuentiam
1676 1668 1913 1734 vocarit,
1939 1684 1969 1722 a
1991 1675 2147 1738 parte

562 1762 736 1807 totum
764 1769 1001 1821 vocans;
1036 1772 1159 1811 nam
1190 1757 1517 1826 frumentum
1545 1766 1631 1813 est
1668 1732 1912 1814 triticum
1935 1800 1951 1826 ,
1980 1732 2144 1830 adeps
2176 1732 2219 1788 Β

557 1854 741 1898 autem
776 1845 1031 1915 frumenti
1062 1857 1145 1903 est
1181 1848 1589 1918 pulcherrimus
1624 1851 1805 1921 panis.
1846 1852 1953 1908 Per
1998 1852 2145 1908 hunc

559 1944 747 1991 autem
780 1936 1000 1994 fructus
1031 1940 1172 1997 alios
1200 1940 1518 1996 declaravit.
1558 1942 1758 1999 Verum
1806 1943 1910 1998 hac
1959 1942 2145 2015 provi-

557 2027 742 2082 dentia
770 2028 900 2082 olim
934 2028 1107 2085 ,ιιιόωί
1144 2032 1302 2102 potiti
1332 2040 1506 2089 sunt:
1550 2042 1674 2104 post
1720 2033 1932 2089 rabiem
1965 2049 2140 2099 vero,

557 2134 664 2186 qua
694 2119 747 2172 in
791 2119 1135 2176 Salvatorem
1163 2123 1358 2192 perciti
1389 2122 1652 2190 fuerunt,
1689 2124 1950 2181 omnibus
1980 2125 2145 2181 bonis

556 2211 735 2264 orbati
782 2220 930 2267 sunt.
976 2212 1270 2283 Propterea
1316 2230 1501 2270 sermo
1542 2218 1899 2286 propheticus
1934 2218 2000 2273 de
2036 2219 2143 2275 illis

556 2301 673 2356 hmc
705 2302 924 2367 cﬂ'atus,
953 2305 1197 2374 gentium
1215 2305 1546 2363 vaticinatur
1578 2308 1833 2363 salutem.

625 2474 916 2533 Vens.15.
965 2498 985 2532 ο
1020 2480 1125 2548 Qui
1173 2482 1342 2537 mittit
1388 2484 1672 2555 eloquium
1727 2502 1891 2543 suum
1941 2498 2139 2554 terrm,

553 2570 817 2624 velociter
847 2572 1021 2627 currit
1051 2588 1236 2629 sermo
1276 2575 1417 2646 ejus.
1456 2596 1477 2630 ι
1517 2575 1822 2633 Sermonem
1871 2580 1977 2635 hoc
2020 2579 2141 2635 loco

555 2657 835 2729 Evangelii
869 2662 1316 2731 prazdicationem
1338 2669 1577 2726 vocavit.
1609 2670 1764 2725 Hanc
1803 2669 2019 2742 1574
2042 2687 2141 2726 δυο

560 2757 671 2802 tem
703 2765 812 2805 non
844 2750 1047 2810 Judaeis
1075 2756 1252 2812 solum
1274 2800 1289 2825 ,
1333 2759 1430 2814 sed
1472 2759 1638 2814 etiam
1673 2761 1930 2831 gentibus
1963 2763 2142 2817 omni-

557 2839 661 2893 bus
706 2842 875 2898 misit.
929 2864 948 2898 ι
987 2845 1194 2905 Euntes
1226 2849 1415 2916 enim,
1464 2851 1684 2922 inquit,
1719 2852 1914 2909 docete
1947 2869 2144 2909 omnes

555 2940 746 3000 gentes
769 2945 817 2987 ιι.
839 2953 858 2985 ι
896 2933 1145 2995 Ostendit
1166 2956 1297 2997 vero
1319 2957 1537 3013 quoque
1556 2944 1890 3005 celeritatem
1921 2960 2140 3002 cursus.

2253 481 2347 535 τὸν
2369 482 2504 536 Θεόν
2534 500 2652 547 σου,
2686 482 2978 537 Σιών.⁶’οτι
3019 482 3274 553 ὲνίσχυσε
3314 481 3441 544 τοὺς
3474 478 3704 550 μοχλοὺς
3734 480 3853 533 τῶν

2249 573 2436 627 πυλῶν
2471 590 2589 628 σου.
2616 593 2636 626 ι
2674 573 2775 628 Διὰ
2805 574 2908 645 τὴν
2951 573 3171 644 ἄμαχον
3198 570 3296 629 τοῦ
3329 570 3467 626 Θεοῦ
3511 564 3710 642 ῥοπὴν,
3751 571 3853 624 καὶ

2245 663 2357 719 τῶν
2406 664 2687 735 πολεμίων
2736 663 3120 732 ἀπαλλαγεῖσα
3140 702 3157 724 .
3179 662 3278 717 καὶ
3326 661 3753 733 ἀπολιόρκητος,
3799 654 3852 713 ὧ

2257 757 2635 829 Ἰερουσαλὴμ,
2657 758 2911 828 μείνασα,
2937 755 3129 827 ὕμνοις
3150 754 3382 826 ἀμείϐου
3406 755 3501 809 τὸν
3520 756 3846 826 εὐεργέτην.

2261 850 2662 919 Ἰερουσαλὴμ
2694 849 2754 903 δὲ
2800 850 2865 903 οὐ
2891 848 2993 912 τὰς
3016 847 3335 919 οἰκοδομίας
3360 847 3537 913 καὶεί,
3555 846 3693 900 ἀλλὰ
3720 847 3851 910 τοὺς

2243 942 2449 1014 ταύτης
2494 944 2807 1016 οἰκήτορας.
2861 961 2884 994 ε
2919 941 3200 1011 Εύλόγησε
3248 941 3379 1004 τοὺς
3423 937 3580 1004 υίούς
3641 956 3738 992 σου
3782 940 3849 992 ἂν

2247 1034 2353 1089 σοί.
2391 1053 2410 1087 ι
2448 1031 2752 1098 Ε’ύπαιδίας
2786 1034 2897 1104 γὰρ
2926 1034 3025 1088 καὶ
3054 1031 3428 1095 πολυπαιδίας
3457 1029 3713 1100 εὐλογίαν
3743 1030 3843 1083 λα-

2248 1125 2421 1179 6οὗσα
2452 1126 2533 1186 είς
2562 1124 2770 1194 πλῆθος
2801 1122 3071 1195 ηὐξήθης.

2318 1214 2399 1268 ιδ’.
2447 1232 2466 1266 ι
2487 1215 2548 1267 Ὀ
2581 1214 2752 1276 τιθεὶς
2783 1213 2851 1266 τὰ
2874 1213 3002 1283 δριά
3041 1230 3138 1266 σου
3171 1213 3419 1284 εἰρήνην.
3451 1230 3470 1261 ι
3523 1209 3844 1282 Δεδὼρηταί

2249 1323 2333 1359 σοι
2365 1306 2463 1359 καὶ
2505 1303 2847 1375 πανταχόθεν
2889 1305 3137 1376 εἰρήνην.
3163 1302 3690 1374 Ἐκδειματωθέντες
3730 1302 3846 1372 γὰρ

2246 1398 2325 1469 τῷ
2366 1398 2476 1452 δέει
2523 1398 2634 1451 τῶν
2676 1397 3075 1469 ἀναιρεθέντων
3112 1398 3290 1468 ἕτεροι
3318 1397 3483 1450 πάλιν
3522 1395 3843 1449 ἐπανελθεῖν

2246 1490 2310 1543 οὐ
2354 1488 2650 1560 τολμῶσιν.
2682 1507 2703 1541 ι
2756 1489 2870 1543 Καὶ
2915 1489 3086 1561 στέαρ
3137 1489 3317 1560 πυροῦ
3372 1487 3668 1559 ἐμπιπλῶν
3696 1503 3780 1541 σε.
3816 1504 3838 1538 ι

2262 1579 2562 1635 Ἐπέκλυσέ
2586 1595 2649 1634 τε
2680 1580 2777 1633 καὶ
2806 1581 2924 1644 τοῖς
2955 1579 3067 1634 ἀπὸ
3093 1582 3200 1651 γῆς
3223 1578 3473 1647 ἀγαθοῖς.
3505 1578 3695 1646 Στέαρ
3728 1576 3845 1650 γὰρ

2249 1671 2446 1742 πυροῦ
2477 1670 2589 1725 τῶν
2616 1671 2848 1744 καρπῶν
2868 1671 2971 1746 τὴν
2993 1671 3259 1741 ἀφθονίαν
3287 1669 3573 1736 ἑκὰλεσεν,
3600 1668 3711 1723 ἀπὸ
3742 1667 3845 1723 τοῦ

2249 1765 2450 1837 μέρους
2471 1765 2533 1820 τὸ
2570 1765 2680 1820 πᾶν
2701 1765 3002 1836 ὀνομάσας.
3032 1764 3235 1832 Πυρὸς
3262 1761 3375 1834 γάρ
3403 1763 3554 1815 ἐστιν
3599 1762 3629 1815 ό
3671 1763 3844 1826 σῖτος,

2245 1854 2430 1924 στέαρ
2453 1853 2511 1908 δὲ
2538 1854 2734 1923 πυροῦ
2762 1857 2791 1909 ό
2822 1854 3110 1920 κάλλιστος
3140 1855 3326 1925 ἀρτος.
3354 1852 3638 1923 Δεδήλωκε
3667 1851 3725 1905 δὲ
3750 1849 3848 1905 διὰ

2244 1945 2435 2001 τούτου
2462 1945 2559 2000 καί⁵
2582 1947 2709 2009 τοὺς
2729 1944 2927 2009 ἀλλους
2950 1944 3223 2017 καρπούς.
3240 1943 3405 1998 Ἀλλά
3436 1943 3647 2013 ταύτης
3669 1941 3845 1996 πάλαι

2244 2037 2346 2109 τῆς
2366 2036 2625 2110 προνοίας
2658 2036 2944 2109 ἀπήλαυον
2966 2035 3212 2092 Ἰουδαῖοι
3228 2051 3244 2067 ο
3269 2035 3413 2089 κατά
3434 2033 3493 2088 δὲ
3519 2032 3616 2088 τοῦ
3647 2031 3843 2101 Σωτῆ-

2248 2145 2340 2201 ρος
2375 2126 2736 2197 λυττήσαντες
2764 2125 2963 2198 ἔρημοι
3008 2126 3226 2180 πάντων
3256 2126 3506 2194 ἐγένοντο
3549 2122 3660 2177 τῶν
3703 2123 3845 2191 ἀγα-

2246 2220 2376 2275 θῶν.
2404 2220 2506 2275 Διά
2533 2219 2690 2274 τοῦτο
2729 2220 2827 2273 καὶ
2873 2218 2903 2271 ό
2945 2216 3289 2288 προφητικδς
3317 2216 3476 2286 λόγος
3507 2214 3682 2270 ταῦτα
3707 2216 3846 2288 περὶ

2246 2308 2467 2363 ἐκείνων
2494 2306 2806 2372 διεξελθὼν,
2834 2306 2946 2360 τῶν
2992 2304 3168 2360 ἐθνῶν
3215 2304 3579 2377 προθεσπίζει
3604 2303 3708 2376 τὴν
3734 2320 3845 2357 σω-

2244 2416 2312 2469 τη
2320 2399 2466 2469 ρίαν.

2317 2416 2466 2548 Ξῗνέ
2487 2491 2548 2544 ’0
2577 2487 2929 2544 ἀποστέλλων
2974 2484 3036 2541 τδ
3086 2484 3272 2553 λόγιον
3314 2482 3482 2538 αὐτοῦ
3510 2485 3576 2554 τῇ
3607 2484 3703 2553 γῇ,
3733 2481 3844 2546 ἕως

2245 2585 2447 2656 τάχους
2486 2582 2776 2655 δραμεῖται
2816 2582 2846 2635 ό
2875 2580 3038 2649 λόγος
3070 2579 3259 2634 αὐτοῦ.
3291 2598 3311 2634 ι
3364 2580 3562 2648 Λόγον
3602 2577 3845 2632 ἐνταῦθα

2247 2674 2601 2746 εὐαγγελικὸν
2620 2673 2846 2729 ἐκάλεσε
2868 2674 3153 2748 κήρυγμα.
3173 2669 3346 2725 Τοῦτο
3367 2670 3425 2724 δὲ
3442 2670 3543 2724 ούκ
3560 2669 3843 2733 Ἰουδαίοις

2248 2770 2429 2839 μόνον,
2476 2765 2612 2821 ἀλλὰ
2656 2766 2751 2819 καὶ
2792 2768 2907 2829 τοίς
2937 2764 3118 2827 ἄλλοις
3150 2765 3319 2818 πᾶσιν
3366 2761 3678 2832 ἀνθρώποις
3730 2760 3843 2814 ἀπ-

2245 2857 2478 2910 έστειλε.
2533 2874 2551 2907 ι
2596 2854 2964 2927 Πορευθέντες
3008 2852 3158 2924 γὰρ,
3214 2852 3352 2921 ιρησλ¹
3381 2893 3398 2917 ,
3455 2850 3842 2920 μαθητεύσατε

2246 2949 2426 3003 πάντα
2448 2947 2518 3002 τὰ
2537 2946 2686 3017 ἔθνη.
2712 2964 2732 2999 ι
2765 2945 2975 3011 Ἐδειξε
3005 2945 3059 2998 δὲ
3086 2948 3182 2999 καὶ
3205 2944 3303 3016 τὴν
3329 2944 3565 3015 ὀξύτητα
3590 2943 3685 2995 τοῦ
3714 2942 3835 3012 δρό-

558 3021 715 3077 lirevi
746 3026 892 3080 enim
921 3036 1168 3100 tempore
1200 3040 1371 3088 totam
1397 3043 1596 3090 terram
1626 3044 1682 3091 et
1714 3052 1867 3094 mare
1891 3037 2143 3095 doctrina

2252 3040 2484 3110 μου.Ἑν
2516 3037 2686 3109 ὀλίγῳ
2726 3036 2836 3108 γὰρ
2873 3037 3051 3107 χρόνῳ
3083 3038 3263 3089 πᾶσαν
3295 3035 3396 3105 γῆν
3429 3033 3524 3087 καὶ
3553 3034 3843 3086 θάλασσαν

558 3114 942 3183 impleverunt.
975 3119 1090 3177 Iloc
1117 3126 1424 3193 praevidens
1446 3126 1717 3198 Propheta
1739 3130 1910 3186 dicit:
1938 3150 1957 3182 ι
1992 3131 2150 3187 Velo-

556 3208 695 3262 citer
727 3212 905 3266 currit
937 3229 1123 3269 sermo
1150 3217 1293 3288 ejus.
1323 3237 1343 3271 D
1383 3217 1441 3275 ld
1471 3236 1603 3277 vero
1638 3238 1748 3278 non
1789 3239 2015 3289 novum,
2050 3241 2151 3280 nec

556 3316 722 3368 supra
762 3302 926 3359 fidem
953 3316 1036 3363 est
1064 3347 1081 3374 ,
1111 3311 1307 3365 omnia
1340 3313 1491 3368 enim
1519 3314 1718 3371 divinae
1749 3316 2019 3372 voluntati
2059 3333 2150 3373 ce-

556 3390 714 3445 dunt.
750 3392 939 3465 Itaque
964 3413 1234 3466 aquarum
1272 3414 1548 3473 naturam,
1582 3422 1707 3464 cum
1748 3424 1854 3464 una
1888 3410 1996 3473 sit,
2022 3426 2149 3467 mox

556 3490 620 3537 ut
650 3484 842 3551 voluit,
877 3486 933 3541 in
962 3488 1207 3547 intinitas
1229 3494 1445 3563 species
1476 3497 1762 3553 transfert.

626 3661 795 3719 Vsus.
822 3664 925 3734 16,
961 3666 1046 3723 17.
1092 3687 1111 3722 ι
1137 3671 1242 3736 Qui
1270 3671 1365 3728 dat
1394 3671 1575 3730 nivem
1618 3675 1764 3732 sicut
1791 3676 2012 3747 lanam,
2047 3695 2150 3738 ne-

561 3753 745 3809 bulam
775 3757 923 3814 sicut
945 3760 1188 3818 cinerem
1212 3766 1439 3835 spargit.
1457 3766 1624 3823 Mittit
1639 3770 1959 3842 crystallum
1984 3788 2145 3829 suam

552 3846 694 3901 sicut
714 3849 1013 3907 buccellas.
1037 3871 1054 3905 ι
1080 3852 1215 3909 Nam
1253 3872 1320 3912 ex
1349 3873 1455 3912 una
1489 3875 1760 3930 aquarum
1794 3872 1989 3920 natura
2007 3864 2067 3920 fit
2094 3873 2150 3921 et

553 3938 758 4003 glacies
783 3942 955 3997 solida
988 3952 1044 3998 et
1071 3947 1357 4015 resistens,
1395 3959 1449 4004 ct
1482 3950 1572 4005 nix
1603 3968 1728 4009 rara
1761 3962 1817 4009 et
1852 3955 2053 4021 mollis,
2088 3972 2151 4025 et

555 4028 692 4085 lana;
718 4030 1011 4087 fracturam
1048 4035 1291 4093 imitans.
1323 4037 1408 4093 Fit
1432 4041 1596 4095 etiam
1628 4043 1805 4112 pulvis
1840 4047 2141 4104 humidus:

556 4119 678 4175 talis
701 4122 846 4176 enim
875 4133 957 4179 est
980 4126 1192 4182 nebula:
1220 4138 1439 4184 natura.
1476 4148 1494 4182 ι
1514 4132 1714 4188 Coram
1744 4133 1950 4207 frigore
1980 4139 1999 4157 ⁶
2022 4140 2145 4209 ejus

557 4209 683 4276 quis
720 4213 1028 4270 consistet?
1074 4216 1309 4273 «Aerem
1350 4222 1516 4277 etiam
1556 4222 1715 4280 facile
1754 4226 2046 4295 immutat,
2090 4236 2148 4286 et

555 4314 679 4445 eum
718 4302 813 4374 qui
861 4306 1024 4362 modo
1072 4308 1284 4365 calidus
1311 4324 1464 4381 erat,
1507 4316 1671 4385 [νιιιιει
1708 4328 1831 4373 onst
1882 4320 2140 4393 frigidum

580 4392 709 4445 acit.

580 4392 709 4447 'acit.

626 4564 794 4623 Vsus.
821 4569 909 4625 l8.
949 4590 969 4618 σ
1002 4570 1227 4631 Emittet
1253 4577 1481 4633 verbum
1513 4595 1674 4637 suum
1696 4622 1712 4648 ,
1741 4593 1795 4639 et
1822 4584 2140 4655 liquefacict

554 4671 643 4721 ea,
676 4656 830 4713 ﬂabit
856 4662 1081 4737 Spiritus
1109 4665 1254 4735 ejus,
1279 4676 1334 4722 et
1356 4666 1528 4723 fluent
1553 4686 1765 4741 aquae,»
1802 4673 1907 4730 Sed
1940 4692 2135 4733 rursus

554 4762 679 4839 cum
701 4750 815 4802 vult
840 4766 1038 4839 aquam
1063 4757 1457 4825 conglaciatam
1485 4760 1646 4818 facile
1669 4765 1940 4833 dissolvit,
1965 4777 2020 4822 et
2044 4785 2140 4839 per

556 4833 705 4889 rivos
736 4850 959 4894 currere
989 4838 1138 4899 facit.
1168 4842 1304 4900 Nam
1335 4848 1579 4917 spirante
1609 4862 1820 4922 austro,
1845 4865 1900 4911 et
1930 4833 2061 4925 nix,
2085 4870 2141 4914 et

555 4925 759 4994 glacies
787 4928 1037 4987 solvitur.
1062 4932 1178 4990 Non
1211 4946 1416 4994 temere
1440 4954 1619 4998 atttem
1653 4947 1719 5002 de
1752 4949 1837 5005 his
1867 4953 2143 5006 narratio-

557 5031 679 5108 nem
714 5019 995 5087 instituit,
1038 5025 1134 5080 sed
1168 5029 1271 5082 alia
1314 5047 1410 5100 per
1450 5036 1565 5089 tunc
1600 5037 1871 5095 indicans.
1932 5040 2144 5108 Quem-

555 5107 852 5166 admodum
882 5113 1030 5169 enim
1060 5118 1153 5173 nix
1181 5120 1436 5177 deorsum
1469 5127 1645 5183 deleta
1672 5140 1889 5187 montes
1927 5133 2141 5204 implet,

627 5322 656 5352 ι
689 5310 877 5367 Matth.
915 5330 1103 5379 xxvut,
1145 5317 1227 5375 l9.

2252 3131 2350 3199 τῆς
2381 3128 2732 3192 διδασκαλίας
2759 3127 3112 3197 ἐπλήρωσαν.
3145 3126 3318 3180 Τοῦτο
3353 3123 3601 3196 προορῶν
3628 3125 3656 3176 ὁ
3697 3124 3844 3192 Προ-

2251 3223 2430 3293 φήτης
2458 3220 2585 3291 ἔφη,
2624 3218 2799 3282 «Ἕως
2826 3218 3025 3289 τάχους
3050 3218 3341 3289 δραμεῖται
3366 3218 3395 3269 ὁ
3419 3216 3574 3282 λόγος
3609 3212 3836 3268 αὐτοῦ.»

2252 3314 2363 3367 Καὶ
2403 3312 2588 3367 καινὸν
2631 3310 2805 3372 οὐδὲν,
2831 3310 2954 3364 οὐδὲ
2987 3308 3312 3381 παράδοξον.
3355 3308 3538 3362 Πάντα
3567 3306 3672 3376 γὰρ
3698 3304 3841 3357 εἴκει

2251 3404 2329 3475 τῷ
2369 3403 2497 3474 θείῳ
2526 3401 2850 3474 βουλήματι.
2888 3402 3098 3456 Δύτίκα
3137 3400 3316 3455 τοίνυν
3346 3398 3454 3453 τῶν
3497 3397 3706 3451 ὑδάτων
3738 3395 3842 3464 τὴν

2252 3494 2415 3562 φύσιν
2441 3491 2571 3564 μίαν
2594 3487 2760 3546 οὖσαν
2792 3493 2871 3556 εἰς
2903 3490 3104 3563 μυρίας
3150 3489 3295 3554 ἰδέας
3329 3487 3613 3562 βουληθεὶς
3664 3502 3841 3556 μετα-

2252 3584 2461 3639 ϐάλλει.

2323 3677 2422 3744 ις’,
2451 3677 2538 3742 ιζ’.
2586 3697 2603 3729 ι
2640 3675 2886 3739 Διδόντος
2903 3675 2947 3707 ³⁸
2974 3674 3131 3745 χιόνα
3158 3668 3329 3728 αὑτοῦ
3361 3669 3495 3724 ὡσεὶ
3528 3669 3697 3740 ἔριον,
3720 3666 3846 3737 ὀμί-

2249 3770 2386 3843 χλην
2416 3770 2549 3824 ὡσεὶ
2580 3768 2773 3823 σποδὸν
2811 3767 3133 3830 πάσσοντος.
3164 3764 3461 3828 Βάλλοντος
3500 3760 3844 3833 κρύσταλλον

2250 3862 2413 3916 αὐτοῦ
2428 3862 2470 3893 ³⁸
2507 3859 2642 3914 ὡσεὶ
2671 3858 2924 3929 ψωμούς.
2957 3876 2976 3911 i
3013 3857 3109 3911 Ἐκ
3136 3857 3245 3928 γάρ
3270 3855 3371 3925 τῆς
3418 3855 3547 3925 μιᾶς
3570 3850 3680 3906 τῶν
3718 3850 3845 3904 ύδά-

2249 3970 2356 4007 των
2379 3952 2565 4015 οὐσίας
2594 3950 2805 4020 γίνεται
2834 3948 2934 4020 μὲν
2960 3947 3251 4007 ἀντίτυπος
3288 3942 3656 4017 κρύσταλλος·
3689 3942 3842 4010 γίνε-

2249 4062 2340 4098 ται
2372 4044 2429 4097 δὲ
2452 4043 2583 4114 χιὼν
2609 4042 2754 4112 μανή
2786 4057 2846 4093 τε
2880 4039 2974 4093 καὶ
3007 4036 3249 4110 μαλακὴ,
3276 4037 3373 4089 καὶ
3402 4034 3553 4106 ἐρίου
3574 4034 3841 4103 κάταγμα

2254 4136 2565 4207 μιμουμένη
2588 4149 2601 4162 ·
2635 4132 2845 4200 γίνεται
2870 4130 2929 4184 δὲ
2960 4129 3057 4184 καὶ
3086 4129 3233 4192 κόνις
3263 4127 3429 4198 ὑγρά.
3462 4124 3699 4196 Τοιαύτη
3728 4124 3843 4193 γὰρ

2249 4227 2346 4298 τῆς
2378 4224 2606 4296 ὁμίχλης
2635 4225 2669 4294 ἡ
2710 4223 2893 4292 φύσις.
2946 4239 2966 4272 ι
2998 4220 3157 4274 Κατά
3188 4219 3482 4291 πρόσωπον
3509 4215 3603 4271 τοῦ
3629 4214 3844 4286 ψύχους

2248 4316 2417 4372 αὑτοῦ
2449 4317 2532 4378 τίς
2560 4314 2958 4384 ύποστήσεται;
2992 4329 3013 4363 ι
3048 4309 3164 4365 Καὶ
3191 4309 3285 4364 τδν
3311 4309 3451 4381 ἀέρα
3477 4307 3534 4361 δὲ
3561 4305 3844 4379 μεταϐάλ⁶

2174 4435 2221 4493 η
2248 4408 2331 4462 λει
2363 4406 2584 4481 ῥᾳδίως,
2607 4405 2706 4459 καὶ
2751 4404 2843 4458 τδν
2885 4403 3012 4476 ἄρτι
3041 4399 3292 4473 φλογώδη
3332 4400 3453 4473 μετ’
3482 4398 3666 4468 ὀλίγον
3702 4414 3845 4467 κρυ·

2248 4497 2403 4570 μώδη
2434 4498 2603 4552 ποιεῖ.

2321 4586 2409 4660 ιη’.
2456 4606 2476 4640 ι
2499 4584 2881 4655 Ἐεαποστελεϊ
2897 4585 2945 4619 ⁸⁸
2996 4582 3088 4639 τὸν
3135 4583 3297 4653 λόγον
3346 4580 3534 4647 αὑτοῦ,
3562 4579 3659 4634 καὶ
3684 4578 3848 4649 τήξει

2245 4679 2391 4735 αύτά
2410 4693 2425 4708 ⁶
2454 4677 2680 4733 πνεύσει
2708 4678 2772 4731 τὸ
2804 4676 3023 4748 πνεῦμα
3053 4674 3220 4730 αὐτοῦ
3241 4716 3257 4743 ,
3290 4674 3386 4729 καὶ⁹
3415 4674 3679 4746 ῥυήσεται
3708 4671 3845 4725 ὓδα-

2245 4787 2337 4824 τα.
2370 4787 2388 4820 ι
2428 4767 2590 4821 Ἀλλά
2628 4767 2791 4821 πάλιν
2818 4765 3101 4838 βουληθεὶς
3140 4765 3201 4819 τὸ
3238 4765 3417 4833 παγὲν
3446 4763 3592 4834 ὕδωρ
3624 4761 3844 4816 διαλύει

2251 4859 2468 4933 ῥᾳδίως,
2500 4858 2598 4912 καὶ
2626 4857 2922 4930 κρουνηδὺν
2942 4855 3208 4928 φέρεσθαι
3232 4856 3393 4910 τοῦτο
3415 4858 3577 4909 ποιεῖ.
3596 4853 3706 4906 Τοῦ
3728 4854 3845 4924 γὰρ

2252 4957 2407 5007 νότου
2456 4951 2729 5015 πνέοντος,
2764 4952 2860 5004 καὶ
2905 4949 3061 5020 χιὼν,
3091 4949 3189 5004 καὶ
3232 4947 3569 5019 κρύσταλλος
3622 4946 3840 5002 λύεται.

2252 5043 2367 5113 Οὐχ
2392 5041 2582 5105 ἁπλῶς
2611 5041 2671 5095 δὲ
2696 5040 2902 5093 τούτων
2930 5040 3231 5110 ἐποιήσατο
3264 5039 3363 5108 τὴν
3390 5037 3669 5108 διήγησιν,
3699 5036 3844 5090 ἀλλά

2252 5134 2417 5205 ἔτερα
2458 5133 2548 5188 διὰ
2577 5132 2786 5186 τούτων
2816 5130 3118 5203 σημαίνων.
3160 5129 3431 5202 Καθάπερ
3461 5129 3571 5198 γὰρ
3615 5128 3650 5200 ἡ
3702 5125 3843 5199 χιιῖιν

1670 5440 1900 5498 VARI/li
1942 5442 2326 5502 LECTIONES
2359 5441 2447 5498 ET
2477 5441 2713 5500 ΝΟΤᾸΒ.

606 5602 968 5690 ’ίριδόντοᾳ
1046 5612 1287 5690 ln_tevtu
1323 5616 1428 5671 τῶν
1459 5621 1511 5674 Ο¹
1556 5635 1738 5688 [ιντοηι.
1767 5621 1877 5674 τοῦ.
1956 5622 1999 5654 θ’
2028 5622 2146 5690 ιε’ρύ

2247 5622 2656 5679 “dormitat
2689 5617 2854 5676 Hebr.
2888 5616 3122 5676 Claciem
3150 5636 3322 5676 suam.
3408 5619 3455 5653 ⁸³
3489 5620 3617 5677 Rcc.
3671 5619 3845 5677 lectio

568 5677 627 5731 Ιι.
668 5675 706 5730 ι.
733 5689 810 5733 ρει
842 5675 1148 5737 ἀποστελεῖ.
