4038 6210
417 342 485 407 31
1612 318 2095 412 TESTIMONIA
2125 334 2519 409 VETERUM.
3618 336 3690 401 32

410 454 634 520 direxit.
666 457 998 529 agnovimus
1019 453 1368 514 dilectionem
1408 464 1556 512 tuam
1596 470 1839 527 superno
1876 454 2151 524 adjutorio
2172 454 2461 511 nobiseum
2499 464 2608 510 tam
2637 453 2977 511 Nestoriana
3005 450 3304 523 impietatis
3330 466 3495 522 quam
3519 448 3691 525 Euty-

409 548 621 606 chiana
650 551 886 608 vesania
913 550 1192 609 exstitisse
1210 551 1512 608 victricem.
1547 549 1616 605 Et
1651 560 1767 621 post
1796 549 1926 604 alia.
1963 546 2070 605 Sed
2093 550 2412 607 benedictus
2438 549 2584 606 Deus
2618 559 2826 617 noster,
2851 550 3011 621 cujus
3034 546 3368 605 invincibilis
3397 545 3600 602 veritas
3623 545 3693 599 ab

400 635 561 702 omni
588 642 864 700 haereseos
886 643 1101 699 macula
1133 643 1401 698 mundum
1416 652 1478 699 te
1507 640 1810 697 secundum
1848 638 1996 695 sedis
2025 641 2339 711 apostolicae
2361 639 2568 711 judicia
2597 641 3016 695 demonstravit.
3039 639 3141 695 Cui
3165 637 3386 710 dignam
3421 636 3689 692 retribues

402 748 511 812 pro
528 740 904 797 totlaboribus
932 739 1187 813 gratiam,
1219 738 1267 795 si
1289 738 1452 795 talem
1479 750 1549 805 te,
1578 736 1793 809 qualem
1817 737 2173 807 probavimus
2196 753 2259 793 ac
2279 738 2597 807 probamus,
2625 752 2725 807 pro
2749 736 3075 791 universalis
3095 733 3351 790 Ecclesia
3369 732 3690 788 defensioue

401 833 741 888 servaveris.
783 831 919 888 Nam
947 832 1090 903 quod
1118 832 1265 889 Deus
1303 824 1553 887 omnium
1605 829 2076 887 calumniosorum
2119 829 2365 886 fallacias
2393 830 2579 894 solvit,
2614 828 2914 884 maximam
2954 827 3259 892 beatissimi
3298 822 3447 881 Petri
3496 839 3685 879 curam

404 942 510 998 pro
543 923 702 981 nobis
746 927 960 981 cunctis
994 924 1367 1029 agnoscimus,
1410 923 1506 995 qui
1546 933 1835 994 postquam
1867 937 1983 977 sua
2020 922 2168 978 sedis
2196 922 2461 994 judicium
2501 923 2555 977 in
2605 922 2728 978 fidei
2760 920 3079 978 defensione
3108 918 3366 985 firmavit,
3397 934 3496 973 nec
3539 917 3686 972 circa

400 1017 736 1088 cujusquam
768 1026 1033 1083 vestrum,
1058 1016 1152 1088 qui
1188 1011 1474 1073 nobiscum
1507 1030 1607 1087 pro
1626 1016 1896 1071 catholica
1916 1014 2021 1070 ﬁde
2043 1016 2357 1081 laborastis,
2385 1032 2682 1087 personam
2718 1016 3021 1087 quidquam
3046 1015 3335 1086 rcprobnm
3364 1011 3531 1068 videri
3567 1026 3689 1080 pcr-

403 1111 562 1167 ‘misit
591 1127 606 1166 :
639 1110 770 1183 quia
798 1125 900 1167 ncc
921 1108 1361 1182 pctcratSpiritu
1383 1114 1578 1165 sancto
1608 1107 1890 1178 iudicante
1917 1104 2211 1178 quisquam
2233 1122 2302 1163 ex
2326 1106 2406 1164 eis
2437 1121 2547 1163 non
2568 1107 2747 1162 victor
2776 1105 3059 1171 exsistere,
3088 1117 3323 1174 quorum
3348 1102 3467 1172 jam
3496 1100 3682 1155 vicerit

411 1203 568 1262 ﬁdes.

1158 1452 1423 1510 Geunadii
1453 1452 1769 1524 presbyteri,
1798 1453 1856 1508 in
1881 1451 2017 1507 libro
2052 1448 2131 1505 De
2179 1446 2310 1504 uiris
2342 1446 2667 1516 illustribus,
2701 1464 2820 1520 cap.
2852 1448 2943 1503 89.

487 1558 870 1626 Theodoretus
915 1567 1209 1639 episcopus
1237 1567 1364 1640 Cyri
1397 1567 1634 1625 civitatis
1664 1567 1718 1639 (a
1739 1566 1884 1641 Cyro
1904 1567 2050 1624 enim
2078 1580 2206 1637 rege
2224 1564 2518 1624 Persarum
2544 1564 2767 1621 condita
2790 1569 2973 1622 servat
2994 1561 3269 1632 hodieque
3295 1558 3438 1631 apud
3472 1558 3689 1631 Syriam

399 1661 607 1716 nomen
643 1661 933 1733 auctoris),
969 1660 1261 1732 scripsisse
1286 1661 1490 1717 dicitur
1513 1662 1685 1718 multa
1714 1678 1728 1716 :
1761 1663 1830 1718 ad
1862 1676 2039 1717 meam
2071 1668 2255 1717 tamen
2288 1659 2539 1717 notitiam
2569 1659 2672 1714 ista
2704 1667 2836 1714 sunt
2861 1674 2986 1729 quae
3013 1665 3301 1713 venerunt.
3327 1655 3402 1711 De
3431 1655 3685 1710 incarna-

402 1750 552 1809 tione
592 1751 811 1808 Domini
862 1755 1129 1811 adversus
1171 1744 1471 1827 Eutychem
1504 1756 1909 1828 presbyterum,
1940 1764 1995 1812 et
2022 1753 2348 1813 Dioscorum
2381 1753 2726 1809 Alexandria
2777 1753 3122 1824 episcopum,
3164 1751 3260 1822 qui
3294 1750 3592 1805 humanam
3631 1748 3683 1800 in

392 1840 631 1902 ’Christo
662 1859 885 1900 carnem
910 1844 1081 1901 fuisse
1104 1855 1325 1917 negant,
1351 1846 1558 1917 scripta
1583 1846 1767 1914 fortia,
1792 1863 1892 1919 per
1914 1862 2037 1918 qua
2067 1847 2358 1903 confirmat
2384 1853 2438 1901 et
2465 1846 2678 1900 ratione
2704 1852 2759 1900 et
2779 1843 3110 1901 testimoniis
3137 1841 3577 1913 'Scripturarum,
3614 1840 3685 1893 ita

399 1936 562 1989 illum
603 1950 787 1992 veram
822 1944 1083 1995 materna
1110 1937 1436 1994 substantia
1476 1955 1701 1996 carnem
1740 1939 2026 2005 habuisse,
2064 1953 2230 2008 quam
2269 1954 2338 1995 ex
2378 1946 2555 1994 matre
2591 1936 2817 2009 Virgine
2850 1943 3183 2006 sumpserat,
3220 1935 3364 1991 sicut
3400 1941 3455 1988 et
3496 1947 3683 1987 ueram

401 2029 699 2095 'Deitatem,
730 2046 897 2102 quam
924 2038 1130 2087 aterna
1168 2032 1536 2089 nascibilitate
1567 2049 1599 2089 a
1634 2031 1746 2090 Deo
1779 2033 1942 2090 Patre
1975 2033 2233 2105 gignente
2258 2032 2376 2102 ipse
2403 2030 2683 2088 nascendo
2706 2029 2972 2101 suscepit.
3005 2030 3073 2085 Et
3099 2029 3283 2084 decem
3317 2026 3569 2081 Historia:
3594 2041 3686 2078 cc-

394 2121 723 2179 ‘clesiasticae
757 2124 904 2191 libri,
931 2139 1072 2195 quos
1101 2125 1347 2182 imitatus
1374 2125 1678 2183 Eusebium
1715 2125 2108 2183 Caesariensem
2149 2124 2393 2197 scripsit,
2428 2124 2698 2195 incipiens
2730 2139 2763 2179 a
2792 2124 2900 2179 line
2934 2123 3202 2178 librorum
3239 2121 3482 2188 Eusebii,
3511 2135 3688 2190 usque

411 2215 477 2269 ad
535 2231 695 2271 suum
735 2225 974 2290 tempus,
1015 2217 1070 2276 id
1096 2227 1201 2291 est,
1229 2234 1261 2277 a
1289 2217 1683 2277 Vicennalibus
1704 2218 2049 2278 Constantini
2077 2236 2251 2293 usque
2271 2219 2341 2277 ad
2364 2217 2660 2291 imperium
2688 2216 2890 2276 Leonis
2918 2216 3173 2285 senioris,
3201 2216 3305 2274 sub
3322 2232 3432 2289 quo
3456 2225 3510 2272 et
3536 2232 3685 2271 mor-

396 2312 539 2363 ‘tuus
564 2314 670 2364 est.

1089 2559 1348 2616 Theodori
1376 2558 1584 2616 abbatis
1626 2570 1677 2615 et
1712 2560 2009 2631 philosophi
2034 2536 2091 2619 in
2121 2565 2447 2636 Argumen'to
2475 2546 2667 2638 synodi
2696 2564 2993 2638 Ephesium.

482 2692 697 2767 Εὑρέθη
722 2694 781 2749 δὲ
821 2694 963 2767 μετὰ
997 2695 1248 2752 Ἰωάννου
1276 2695 1624 2769 Θεοδώρητός
1648 2714 1755 2764 τις,
1789 2696 1997 2766 ἐλλογιο

2172 2700 2310 2758 Cum
2344 2702 2555 2761 Joanne
2583 2703 2758 2760 adfuit
2784 2703 3161 2759 Theodoretus
3195 2700 3687 2772 eloquentissimus

400 2785 663 2859 illam?“
686 2788 908 2861 Κύῤῥου
941 2788 1243 2856 ἐπίσκοπος
1265 2790 1476 2856 πόλεως
1503 2789 1852 2861 ἀνατολικῆς.
1892 2781 1995 2844 οὖ-

2103 2796 2397 2868 episcopus
2437 2797 2565 2870 Cyri
2605 2797 2848 2853 civitatis
2877 2794 3180 2851 orientalis.
3222 2792 3326 2849 Hie
3356 2803 3548 2849 contra
3580 2792 3687 2865 Cy~

396 2882 502 2944 ’τος
546 2878 689 2934 κατὰ
738 2879 1009 2953 Κυρίλλου
1058 2880 1260 2951 λέγων,
1306 2880 1724 2953 ἐπελαμϐάνετο
1758 2880 1991 2936 καὶτῶν

2100 2890 2286 2945 rillum
2311 2905 2499 2960 agens,
2516 2890 2806 2947 duodecim
2832 2889 2951 2961 ejus
2974 2887 3211 2958 capitula
3235 2885 3685 2957 reprehendebat,

394 2967 617 3025 ’δώδεκα
642 2970 976 3038 κεφαλαίων,
1005 2962 1080 3025 ὧν
1103 2970 1345 3041 ἔγραψεν
1377 2972 1436 3024 ἐν
1464 2973 1530 3042 τῇ
1552 2969 1712 3043 τρίτῃ
1736 2969 1989 3042 ἐπιστολῇ

2102 2996 2225 3052 qua
2250 2982 2310 3038 'in
2344 2983 2503 3039 tertia
2531 2983 2598 3039 ad
2626 2981 2940 3039 Nestorium
2967 2979 3194 3051 epistola
3217 2978 3573 3063 conscripsit,
3598 2992 3685 3031 re-

400 3064 472 3134 ’τῇ
509 3061 646 3133 πρὸς
682 3062 1003 3134 Νεστόριον.
1037 3062 1148 3116 Καὶ
1179 3060 1480 3132 ἀνέτρεπεν
1516 3062 1679 3127 αὐτὰ,
1712 3060 1887 3130 λέγων
1912 3062 1995 3116 ὅτι

2103 3071 2428 3144 fellebatque
2465 3072 2578 3137 illa,
2610 3071 2800 3128 dicens
2832 3072 3098 3128 Ariauum
3131 3084 3253 3127 esse
3285 3076 3534 3125 sanctum
3562 3060 3684 3139 'Cy-

418 3152 696 3225 ’Δρειανός
726 3155 877 3209 ἐστιν
908 3154 939 3207 ὁ
981 3153 1138 3225 ἅγιος
1176 3152 1469 3227 Κύριλλος,
1498 3152 1595 3208 καὶ
1622 3153 1693 3208 τὰ
1724 3153 1994 3226 Εὑνομίου

2102 3162 2310 3234 rillum,
2357 3174 2413 3222 et
2462 3180 2587 3221 cum
2641 3163 2916 3220 Eunomio
2975 3170 3032 3219 et
3092 3158 3397 3233 Apollinari
3453 3156 3680 3213 sentire.

405 3246 502 3300 καὶ
540 3244 922 3319 Ἀπολιναρίου
953 3247 1161 3316 φρονεῖ.
1200 3244 1260 3299 Ὀ
1289 3245 1396 3318 γὰρ
1419 3244 1688 3318 Κύριλλος
1711 3245 1996 3317 Νεστορίῳ

2100 3256 2336 3328 Cyrillus
2379 3257 2582 3329 quippe
2633 3255 2888 3313 Nestorio
2946 3255 3206 3311 resistens
3252 3252 3681 3310 incarnationem

398 3337 828 3421 λάπομαχόμενος
878 3338 956 3410 τῷ
1009 3337 1307 3408 διαιροῦντι
1354 3339 1454 3410 τὴν
1498 3339 1835 3410 οἰκονομίαν,
1890 3339 1993 3411 τῆς

2100 3349 2384 3417 dividenti,
2406 3350 2668 3421 majorem
2693 3350 2915 3407 unionis
2935 3363 3122 3406 curam
3147 3362 3258 3419 pra
3281 3362 3342 3404 se
3364 3346 3519 3401 tulit:
3541 3341 3685 3399 unde

397 3418 654 3493 ῗένὼσεως
679 3429 880 3501 μᾶλλον
910 3429 1172 3502 φροντίδα
1199 3429 1524 3501 πεποίηται’
1548 3430 1671 3485 ὅθεν
1693 3431 1787 3486 καὶ
1815 3430 1992 3485 ἐδόκει

2099 3449 2153 3496 et
2186 3418 2533 3496 Theodoreto
2576 3439 2797 3496 unicam
2842 3448 3093 3494 naturam
3139 3418 3334 3493 docere
3371 3435 3682 3502 videbatur,

391 3526 526 3585 ’πως
566 3519 645 3593 τῷ
684 3521 1015 3594 Θεοδωρήτῳ
1069 3512 1146 3587 ὧς
1181 3520 1310 3592 μίαν
1340 3522 1504 3593 φύσιν
1531 3521 1793 3589 δοξάζων,
1823 3522 1900 3588 ὠς
1938 3523 1986 3578 οΙ

2098 3533 2240 3590 sicut
2260 3532 2448 3588 Ariani
2479 3541 2533 3589 et
2564 3531 2914 3604 Apollinaris.
2951 3531 3057 3587 Sed
3087 3545 3265 3602 neque
3306 3528 3683 3585 Theodoretus

418 3606 689 3685 Ἆρειανοὶ
739 3615 832 3669 καὶ
861 3615 911 3668 οἱ
941 3614 1069 3689 περὶ
1097 3615 1191 3671 τὸν
1235 3615 1630 3687 Ἀπολινάριον.
1673 3616 1819 3689 Πλὴν
1866 3615 1990 3672 οὔτε

2096 3623 2409 3683 Nestorium
2458 3626 2752 3683 defendere
2793 3612 3038 3696 unquam
3074 3625 3227 3680 visus
3261 3631 3364 3688 est,
3391 3621 3487 3678 sed
3510 3619 3686 3692 Cyril—

386 3696 753 3778 Ἒεοδὼρητος
778 3705 1029 3776 φαίνεται
1058 3705 1279 3762 πώποτε
1323 3706 1418 3762 τὸν
1465 3708 1766 3780 Νεστόριον
1812 3708 1981 3780 ὑπερ-

2097 3719 2211 3775 lum
2241 3720 2506 3776 duntaxat
2543 3734 2809 3776 accusare
2838 3719 2911 3775 ob
2934 3719 3139 3773 illatam
3168 3715 3367 3772 Joanni
3394 3723 3680 3770 contume-

334 3856 351 3875 ,
392 3793 736 3884 ξμαχὸμενος,
764 3793 901 3850 ἀλλὰ
929 3795 1201 3884 μόνον-τὸν
1226 3796 1497 3870 Κύριλλον
1521 3798 1929 3873 ἀπομεμφόμεν

2096 3812 2247 3869 liam.
2276 3813 2435 3880 Quod
2481 3813 2528 3870 si
2570 3812 2694 3884 quis
2731 3828 2895 3869 nosse
2924 3811 3054 3867 velit
3077 3825 3307 3866 exosum
3331 3810 3685 3864 vehementer

386 3880 495 3978 ξδιὲ
524 3887 625 3959 τὴν
663 3887 954 3961 συμϐᾶσαν
985 3889 1067 3954 εἰς
1086 3880 1351 3962 Ἰωάννην
1379 3890 1629 3963 ἀτιμίαν.
1666 3892 1730 3945 El
1769 3891 1828 3947 δὲ
1862 3891 1981 3964 βού-

2095 3902 2442 3960 Theodoreto
2475 3880 2644 3962 fuisse
2690 3902 3025 3969 Nestorium,
3074 3901 3277 3956 librum
3330 3901 3474 3970 legat
3514 3912 3682 3969 quem

396 3979 558 4070 ileml
594 3986 680 4046 tu"
713 3981 940 4051 γνῶναι,
975 3981 1059 4036 ὄτι
1106 3981 1453 4056 Θεοδὼρητος
1495 3985 1591 4040 καὶ
1638 3984 1758 4039 λίαν
1802 3985 1988 4058 ἐμίσει

1926 4003 1988 4041 ῖει
2096 3994 2475 4055 Theodoretus
2500 3997 2617 4070 ipse
2645 3997 2911 4053 Aduersus
2942 3995 3168 4052 liter-eses
3191 3990 3521 4065 composuit.

389 4059 720 4153 ᾟεστὸριον,
754 4073 974 4146 ἀναγνῷ
1002 4073 1062 4129 τὸ
1092 4077 1222 4148 περὶ
1245 4076 1357 4133 τῶν
1382 4078 1652 4150 αερὲσεων
1676 4078 1989 4153 αὐτῷ’Θεοο
2158 4094 2167 4103 ·

386 4150 635 4239 ίᾶυρήτῳ
654 4167 1046 4240 γεγραμμένον
1082 4162 1309 4241 βιόὶίίον.

1145 4392 1376 4458 Joannis
1417 4402 1693 4462 Eae/mitte
1732 4406 1788 4462 in
1819 4404 2028 4481 Elogiis
2068 4409 2391 4478 scriptorum
2426 4407 2929 4465 ecclesiasticarum.
3018 4453 3025 4457 .

540 4532 943 4617 ’Ἑνιστορήσας
968 4544 1099 4610 τοὺς
1125 4548 1326 4615 σοφοὺς
1352 4548 1707 4615 διδασκάλους
2092 4557 2133 4607 1)

2092 4557 2292 4608 noctes
2323 4555 2616 4623 magistros
2641 4553 2837 4609 litteris
2876 4553 3005 4609 dum
3030 4566 3352 4625 prosequor,

544 4633 656 4687 Καὶ
687 4636 779 4689 τὸν
812 4636 1160 4709 Θεοδὼρητον
1197 4639 1381 4704 αὐτοῖς
1414 4642 1701 4713 ἐγγράφω,
2087 4642 2139 4699 ,ιι

2087 4642 2220 4701 iure
2245 4644 2622 4702 Theodoretus
2655 4647 2793 4702 inter
2826 4646 2927 4703 hos
2952 4647 3259 4702 censendus
3284 4650 3384 4709 est,

559 4721 648 4787 Ὧς
677 4723 848 4796 ἄνδρα
878 4726 1044 4796 θεῖον,
1081 4728 1159 4793 ὼς
1186 4728 1510 4785 διδάσκαλον
1540 4733 1735 4803 μέγαν,
2092 4737 2150 4791 Di

1599 4733 1735 4803 Ξγαν,
2092 4737 2317 4795 Divinus
2345 4749 2404 4793 ut
2432 4739 2533 4804 vir,
2559 4748 2617 4793 ut
2643 4740 2903 4811 magister
2933 4739 3194 4810 optimus,

552 4816 643 4881 Ὠς
705 4817 1045 4888 ἁκράδαντον
1070 4821 1384 4890 ὀρθοδοξίας
1416 4823 1628 4881 στύλον.
2088 4828 2147 4883 Fi

2088 4828 2239 4884 Fidei
2268 4830 2587 4886 orthodoxa
2610 4847 2709 4887 ceu
2741 4832 2997 4886 columna
3029 4830 3348 4885 immobilis.

544 4906 642 4961 Ἂν
672 4906 719 4961 δ’
748 4906 1012 4993 ἐκλονήθη
1048 4912 1243 4984 μικρὸν
1267 4913 1331 4967 ἔκ
1359 4931 1506 4978 τινος
1533 4916 1727 4988 τύχης,
2088 4921 2132 4987 Q

2088 4921 2295 4987 Quodsi
2322 4936 2626 4991 parumper
2650 4920 2790 4977 forte
2823 4922 3061 4993 quadam
3107 4932 3287 4976 motus
3321 4930 3422 4987 est,

545 4996 870 5070 ’Ἄνθρωπος
889 4992 985 5069 ἦν,
1015 5000 1286 5070 ἄνθρωπε,
1322 5005 1398 5076 μὴ
1435 5008 1770 5082 κατακρίνῃς
1792 5024 1806 5040 ·
2090 5013 2140 5067 ιι.

2090 5013 2263 5067 llomn
2288 5023 2426 5079 erat,
2462 5015 2555 5084 qui
2583 5015 2743 5069 homo
2767 5031 2845 5078 es,
2870 5030 2938 5069 ne
2964 5015 3171 5069 crimen
3199 5014 3422 5077 inferas,
3448 5029 3595 5067 rare.

542 5092 620 5146 Οὐ
650 5092 759 5163 γὰρ
787 5093 1044 5147 τοσοῦτον
1076 5093 1342 5169 δυσσεϐὴς
1375 5095 1443 5171 ἦν
1469 5099 1499 5153 ὁ
1534 5101 1743 5168 κλόνος,
2088 5105 2132 5161 Ν

1703 5119 1743 5168 ς,
2088 5105 2205 5162 Non
2240 5116 2348 5162 tam
2375 5107 2615 5164 sinistra
2655 5117 2837 5162 motus
2875 5106 2963 5162 hic
2989 5106 3298 5172 sententia,

545 5183 711 5239 Ὅσον
734 5187 956 5257 μετεῖχε
984 5188 1085 5258 τῆς
1118 5189 1403 5259 ἐριστικῆς
1431 5192 1574 5262 βίας.
2087 5202 2140 5268 ρι

2087 5202 2258 5268 Quam
2288 5201 2579 5271 pertinacis
2607 5202 2843 5271 impetus
2867 5217 3061 5272 pugna
3086 5199 3207 5279 fuit.

544 5273 611 5328 Τί
642 5277 752 5347 γάρ
777 5295 794 5343 ;
836 5279 1104 5347 Κύριλ).ον
1138 5282 1419 5352 πανταχοῦ
1444 5288 1600 5355 νικᾷν
1629 5286 1757 5349 ἔδει,
2087 5293 2139 5360 ρι

2087 5293 2228 5360 Quid
2266 5293 2452 5349 enim?
2481 5294 2745 5366 Cyrillum
2784 5295 2985 5365 ubique
3017 5273 3234 5348 vincere
3260 5307 3358 5362 pur
3390 5302 3527 5355 erat,

546 5369 657 5423 Kal.
679 5370 1049 5444 δογματιστὴν
1088 5373 1238 5439 ὄντα,
1277 5377 1369 5428 καὶ
1404 5376 1768 5448 λογογράφον.
2089 5385 2141 5440 Si

1679 5398 1768 5437 λον.
2089 5385 2328 5440 Summa
2354 5386 2530 5440 virum
2559 5387 2823 5441 doctrina
2844 5396 2897 5441 et
2925 5386 3274 5454 eloquentia.

546 5461 735 5532 Ὅμως
762 5465 818 5517 δέ
853 5465 1026 5533 eodem
1058 5466 1148 5521 καὶ
1175 5467 1483 5537 διώρθωται
1522 5471 1703 5526 πάλιν.
2064 5476 2141 5529 'St

2064 5476 2194 5530 'Sed
2229 5487 2414 5545 postea
2447 5479 2549 5530 hoc
2587 5475 2765 5545 ipsum
2801 5477 2915 5544 ipse
2944 5474 3184 5530 correxit
3216 5483 3399 5527 tamen

545 5551 628 5605 Τὰ
661 5552 862 5633 61am
900 5555 1075 5609 πάντα
1104 5556 1214 5607 τῶν
1247 5557 1519 5627 μεγίστων
1553 5561 1826 5629 ποιμένων
2090 5564 2130 5617 Il

1694 5561 1826 5616 ἔνων
2090 5564 2246 5617 Ilnnc
2278 5579 2408 5632 ergo
2443 5580 2672 5619 cernens
2698 5565 2909 5618 cateris
2938 5564 2990 5617 in
3026 5563 3286 5617 (minibus

552 5642 775 5697 Βλεπων
805 5645 893 5699 τὸν
922 5647 1090 5719 ἄνδρα
1126 5650 1351 5719 μηδενὸς
1371 5649 1749 5722 λελειμμένον·
2089 5655 2147 5709 Νι

1697 5673 1749 5705 ν·
2089 5655 2204 5709 Non
2237 5655 2498 5723 imparem
2524 5672 2645 5711 esse
2678 5655 2929 5709 maximis
2956 5656 3290 5723 pastoribus,

561 5733 824 5791 Ἐνταῦθα
860 5739 1065 5804 τούτοις
1091 5740 1314 5806 εἰκότως
1348 5744 1728 5816 συνεγγράλεω.
2092 5749 2156 5802 .\l(

1604 5744 1728 5815 ipe).
2092 5749 2281 5802 .‘lcrito
2310 5748 2447 5803 inter
2483 5749 2605 5803 illos
2646 5750 2749 5803 hoc
2780 5750 2898 5803 loco
2931 5749 3199 5804 t'cccnsui.
