4038 6210
388 284 462 353 35
1341 278 1442 340 DE
1473 275 1654 339 VlTA
1693 275 1788 336 ET
1825 271 2170 334 SCRIPTIS
2201 268 2695 334 THEODOBETI
3583 260 3657 326 36

564 395 715 453 Idem
744 396 799 451 in
832 393 1031 451 librum
1066 392 1133 450 II
1157 392 1382 465 Regum,
1405 402 1597 465 quiest.
1624 388 1845 458 XLIII,
1881 389 1945 445 de
1975 390 2168 461 hymno
2201 392 2442 461 loquens.
2482 404 2573 442 seu
2598 386 2806 441 cantico
2839 381 3063 438 Doridis
3089 380 3152 435 ob
3180 378 3477 435 victoriam.

465 515 745 569 Consonat
773 518 956 566 autem
992 508 1207 581 psalmo
1232 523 1366 573 xvu,
1397 507 1480 561 vel
1511 505 1690 576 potius
1718 504 1856 560 idem
1879 508 1983 568 est,

391 619 593 675 paucas
638 600 848 656 habens
904 601 1190 655 nominum
1241 599 1591 653 mutationes.
1635 595 1748 666 Ego
1800 602 1982 648 autem

392 712 517 752 cum
536 695 668 750 aliis
692 693 924 750 Psalmis
947 694 1097 750 hunc
1120 706 1340 765 quoque
1363 692 1771 761 interpretatus,
1796 703 1986 758 super.

393 802 699 844 vacaneum
751 786 1063 843 existimavi
1108 783 1405 841 secundam
1443 794 1772 854 componere
1809 779 1976 834 inter-

397 880 781 952 pretationem.

1977 1077 2047 1090 ﬂ

2151 502 2309 556 Ἔστι
2333 502 2391 557 δὲ
2415 500 2704 572 σύμφωνος
2732 495 2813 570 τῷ
2843 493 2909 560 ιζ’
2930 492 3152 566 ψαλμῷ,
3184 491 3384 565 μᾶλλον
3410 490 3468 544 δὲ
3496 490 3661 556 αὑτός

2079 598 2252 662 ἐστιν,
2297 594 2485 664 ὀλίγας
2532 592 2673 662 ἔχων
2716 589 2996 659 ὀνομάτων
3039 582 3365 652 ὲναλλαγάς.
3419 581 3561 652 Ἐγὼ
3601 581 3659 637 δὲ

2081 690 2222 762 μετὰ
2266 686 2373 741 τῶν
2419 685 2596 740 ἄλλων
2620 681 2869 753 Ψαλμῶν
2909 679 3006 735 καὶ⁵
3052 676 3242 732 τοῦτον
3290 674 3658 747 ἑρμηνεύσας,

2079 777 2335 851 περιττὸν
2398 775 2672 856 ῥπέλαϐᾳν
2736 772 2998 844 δευτέραν
3057 766 3358 843 ἑρμηνείαν
3427 767 3660 848 ⁸ξκςςηήςτα-

2081 870 2229 929 σθαι.

1157 1207 1487 1279 Nicephorns
1513 1207 1606 1263 lib.
1638 1222 1746 1272 xw,
1782 1222 1897 1275 cap.
1926 1205 2017 1268 5i,
2048 1200 2361 1257 Theodoreti
2389 1215 2547 1268 Opera
2585 1212 2922 1255 enumerans.

473 1320 737 1393 Similiter
760 1332 815 1381 et
838 1325 894 1383 in
918 1322 1152 1383 Psaltcm
1180 1320 1328 1395 aliud
1349 1336 1491 1395 Opus
1520 1321 1765 1412 reliquit.

436 1650 450 1663 I

2164 1313 2444 1378 Ὡσαύτως
2473 1312 2568 1368 καὶ
2592 1313 2671 1378 εἰς
2699 1310 2791 1366 τὸν
2816 1309 3088 1383 Ψαλτῆρα
3113 1307 3304 1382 ἕτερον
3328 1304 3669 1379 σύγγραμμα

2082 1410 2399 1465 κατέλιπεν.

1395 1609 3645 1639 MM

1475 1767 2596 1901 DISSERTATIO

910 2015 1059 2109 DE
1147 1978 1455 2115 VITA'
1515 2013 1667 2105 ET
1733 2010 2265 2106 SCRIPTIS
2329 2008 3156 2106 THEODORETI.

2003 2225 2081 2247 Ἀ

472 2360 555 2438 [3]
588 2361 918 2435 Dignissima
955 2370 1041 2419 est
1070 2376 1195 2433 quae
1240 2368 1528 2418 enarratur
1564 2357 1685 2415 Vita
1732 2358 1984 2415 'I‘beodo-
2015 2370 2061 2429 Α
2088 2358 2222 2428 Quae
2253 2374 2377 2417 cum
2412 2361 2488 2417 ita
2519 2361 2651 2428 sint,
2682 2376 2905 2419 auream
2954 2364 3389 2421 mediocritatem
3447 2380 3671 2424 servare

401 2456 528 2524 reti,
559 2456 675 2510 sive
722 2454 1082 2527 multiplicem
1123 2453 1224 2510 viri
1263 2454 1588 2520 doctrinam,
1620 2452 1735 2507 sive
1780 2452 1986 2507 variam

401 2550 524 2621 ejus
557 2548 833 2604 fortunam
863 2556 1202 2617 spectemus.
1275 2547 1395 2614 Illa,
1454 2554 1516 2601 ut
1570 2544 1984 2600 admirationem

402 2641 553 2698 omni
583 2641 988 2712 juremeretur,
1020 2639 1095 2694 ita
1128 2652 1349 2709 quoque
1374 2637 1601 2691 multam
1634 2652 1735 2692 nos
1765 2636 1831 2690 ad
1862 2635 1989 2690 imi-

402 2734 664 2789 tationem
696 2732 971 2787 exciiandi
1003 2732 1112 2786 vim
1150 2732 1345 2798 habet;
1380 2729 1496 2785 haec
1524 2743 1676 2793 vero,
1709 2729 1808 2784 etsi
1840 2738 1990 2784 tanto

407 2825 539 2883 Viro
573 2826 758 2881 minus
788 2824 948 2897 digna
986 2824 1156 2881 videri
1175 2824 1370 2895 possit,
1400 2832 1578 2878 tamen
1608 2837 1861 2893 magnam
1894 2837 1992 2877 no-

404 2919 491 2977 bis
517 2927 748 2992 praestat
775 2919 1091 2973 utilitatem.
1140 2916 1347 2972 Illustri
1408 2915 1551 2970 enim
1586 2914 1837 2985 egemplo
1888 2928 1990 2970 suo

403 3028 508 3070 nos
537 3009 1136 3073 docuitThcodoretus,
1172 3017 1286 3062 tum
1305 3022 1427 3077 qum
1456 3007 1614 3062 nobis
1643 3006 1989 3077 ingredienda

388 3106 479 3177 ‘sit
515 3104 627 3172 via,
668 3103 715 3160 si
772 3104 842 3159 de
871 3109 1020 3158 metu
1059 3098 1377 3156 Christiano
1408 3098 1547 3155 bene
1586 3098 1784 3153 mereri
1832 3100 1992 3153 volu-

404 3214 552 3267 mus,
584 3208 700 3254 tum
733 3204 937 3267 quanta
972 3209 1112 3266 opus
1140 3193 1213 3249 sit
1239 3192 1749 3264 circumspectione,
1781 3209 1846 3248 ne
1868 3193 1992 3255 vitae

407 3308 531 3349 cum
597 3291 757 3364 laude
803 3296 942 3344 actas
996 3295 1052 3343 et
1121 3286 1360 3342 nominis
1395 3287 1623 3358 -εὶοιοὶπ
1689 3286 1772 3341 vel
1854 3285 1990 3343 leris

411 3390 738 3454 aspergatur
769 3379 1004 3436 macula.
1028 3377 1261 3444 Norunt,
1292 3384 1558 3447 quotquot
1587 3376 1769 3431 saeculi
1795 3390 1826 3447 v
1853 3387 1907 3431 et
1937 3392 1989 3449 vi

410 3487 476 3530 ac
506 3472 865 3544 synodorum,
914 3484 1148 3541 quarum
1177 3469 1443 3524 memoria
1491 3468 1546 3523 in
1583 3470 1699 3524 haec
1746 3479 1989 3539 tempora

408 3564 623 3631 incidit,
660 3563 950 3633 historiam
1001 3561 1419 3627 consuluerunt,
1462 3575 1626 3632 quam
1654 3554 1990 3616 variamlor-

410 3667 599 3713 tunam
649 3662 908 3726 expertus
965 3655 1036 3711 sit
1091 3651 1493 3719 Theodoretus,
1567 3651 1725 3722 cujus
1774 3653 1984 3728 eadem,

407 3765 531 3823 quae
563 3749 695 3805 olim
723 3746 947 3804 Eusebii
1009 3746 1386 3812 Caesariensis,
1442 3760 1563 3801 sors
1636 3745 1757 3800 l'uit.
1812 3743 1985 3811 Quem

407 3843 556 3901 enim
588 3841 809 3913 plurimi
842 3839 1079 3896 summis
1127 3848 1467 3894 exornarunt
1508 3838 1784 3903 laudibus,
1830 3853 1989 3893 eum-

407 3937 533 3992 dem
567 3935 659 3991 alii
697 3934 765 3990 de
794 3932 898 3988 [ide
926 3942 1240 4003 suspectum
1293 3931 1621 3998 habuerunt,
1688 3946 1787 3987 sua
1841 3947 1990 3988 com-

410 4029 672 4084 munione
709 4027 801 4081 vix
830 4025 1054 4097 dignum
1086 4033 1370 4096 putarunt,
1400 4034 1455 4080 et
1482 4040 1604 4095 qua:
1633 4040 1822 4080 eorum
1864 4035 1991 4080 tem-

408 4135 605 4194 porum
643 4118 750 4175 fuit
777 4119 1060 4189 iniquitas,
1097 4117 1445 4173 anathemate
1493 4116 1778 4173 ferierunt.
1836 4116 1991 4174 Haud

410 4211 583 4267 multo
615 4208 696 4284 [4]
720 4209 990 4281 aequiores
1020 4215 1212 4263 nostro
1236 4207 1400 4263 etiam
1444 4216 1689 4279 tempore
1721 4207 1989 4279 quosdam

408 4317 619 4374 invenit
641 4317 878 4387 judices,
918 4323 1111 4370 contra
1134 4330 1274 4385 quos
1307 4312 1526 4371 diliicile
1561 4322 1646 4370 est
1671 4315 1990 4388 Apologiam

407 4425 520 4465 non
549 4408 814 4465 scribere.
848 4406 944 4464 llis
976 4407 1205 4462 omnino
1230 4405 1633 4462 accensendum
1662 4422 1785 4464 esse
1835 4417 1993 4478 puta-

408 4516 533 4556 mus
578 4500 936 4566 Garnerium,
983 4500 1080 4571 qui
1131 4499 1337 4570 passim
1395 4498 1451 4554 in
1501 4497 1992 4558 Dissertationibus

409 4609 549 4663 quas
580 4594 853 4650 Auctario
869 4609 971 4651 suo
1003 4594 1325 4664 complexus
1352 4601 1456 4658 est,
1488 4591 1748 4648 acerbum
1799 4593 1993 4650 adver-

409 4701 506 4743 sus
527 4685 846 4755 scriptorem
878 4695 1124 4742 nostrum
1148 4685 1257 4758 egit
1288 4685 1551 4759 judicem,
1574 4683 1662 4739 cui
1693 4694 1871 4741 tamen
1895 4701 1991 4756 po-

410 4781 519 4835 ti‘us
547 4794 707 4849 quam
727 4778 1071 4836 'I‘heoJoreto
1107 4779 1378 4835 accidisse
1404 4776 1816 4843 existimamus,
1840 4777 1989 4848 quod

409 4875 447 4929 I.
472 4888 523 4928 c.
553 4888 609 4944 p.
642 4871 766 4944 115,
802 4869 871 4925 de
914 4867 1112 4939 Nostro
1141 4871 1295 4952 dicit,
1337 4890 1356 4924 ‹
1390 4870 1443 4925 Id
1478 4885 1673 4941 passus
1707 4877 1810 4927 cst.
1844 4870 1990 4941 quod

408 4966 589 5021 solent
618 4962 764 5019 oculi
808 4960 1155 5028 vehementer
1183 4964 1397 5019 allecti:
1449 4965 1603 5021 visus
1662 4971 1747 5019 est
1798 4979 1992 5033 nempe

2091 2452 2454 2521 studebimus,
2508 2469 2577 2509 ne
2636 2454 2720 2509 vel
2772 2454 2975 2532 iniquis
3031 2456 3480 2529 accusationibus
3537 2456 3670 2521 Viro

2090 2546 2300 2618 optimo
2337 2558 2546 2619 partem
2594 2548 2772 2605 laudis
2816 2550 3123 2616 detrahere,
3178 2552 3261 2607 vel
3321 2552 3492 2607 nimio
3554 2553 3675 2608 lau-

2084 2639 2281 2704 dandi,
2302 2650 2395 2695 aut
2419 2640 2464 2696 si
2495 2642 2627 2712 quid
2663 2642 2885 2697 humani
2916 2658 3112 2713 passus
3138 2654 3221 2700 est
3242 2643 3461 2711 Noster,
3506 2644 3675 2702 dissi-

2091 2731 2337 2788 mulandi
2381 2734 2583 2803 studio,
2619 2749 2651 2790 a
2693 2736 2921 2791 veritate
2975 2737 3156 2792 aliena
3217 2739 3434 2794 tradere
3483 2738 3672 2795 videa-

2092 2843 2237 2881 llllll‘.
2680 2844 2685 2853 '

2161 2917 2242 2977 Ne
2263 2919 2458 2977 ordine
2484 2927 2670 2976 careat
2700 2918 2817 2981 haec
2841 2922 3023 2978 omnis
3051 2921 3375 3003 Disputatio,
3406 2933 3516 2981 tres
3541 2941 3673 2981 con-

2095 3009 2387 3067 stituemus
2427 3021 2611 3084 partes
2646 3010 2782 3069 Vitae
2811 3012 3165 3071 Theodoreti.
3196 3017 3378 3073 Prima
3428 3019 3672 3073 narrabit

2092 3102 2213 3171 ejus
2243 3102 2567 3173 primordia,
2604 3120 2895 3162 successus
2925 3121 2990 3162 ac
3018 3107 3199 3162 studia
3234 3123 3409 3179 usque
3451 3109 3517 3164 ad
3566 3125 3671 3165 an-

2095 3208 2224 3247 num
2256 3194 2418 3249 istum
2454 3211 2566 3266 quo
2588 3196 2658 3252 ad
2705 3196 3070 3269 episcopalem
3101 3199 3421 3271 dignitatem
3450 3211 3673 3258 evectus

2091 3296 2194 3342 est.
2234 3286 2485 3343 Secunda
2512 3299 2751 3360 exponet
2798 3291 2866 3363 de
2895 3291 3060 3348 rebus
3097 3293 3268 3364 gestis
3321 3295 3443 3366 ejus
3499 3312 3676 3365 usque

2092 3378 2159 3433 ad
2186 3380 2476 3451 concilium
2502 3381 2963 3451 Cbalcedonense,
2983 3400 3078 3440 seu
3096 3387 3497 3456 meumenicum
3515 3405 3675 3458 quan-

2091 3478 2232 3529 tum.
2271 3471 2454 3528 Tertia
2481 3474 2719 3547 denique
2750 3478 3056 3542 recepsehit
3095 3480 3286 3552 ultima
3316 3483 3435 3552 ejus
3467 3483 3576 3537 fata
3618 3492 3679 3540 et

2092 3576 2276 3637 motus
2308 3579 2432 3638 post
2458 3569 2670 3633 obitum
2709 3569 2856 3628 illius
2913 3583 3083 3640 ortos,
3139 3574 3341 3644 quibus
3405 3575 3567 3631 tinem
3623 3575 3674 3632 si

2095 3672 2203 3724 non
2250 3657 2397 3724 fecit,
2432 3658 2612 3729 facere
2638 3661 2829 3717 saltem
2858 3662 3047 3724 debuit
3072 3666 3372 3722 concilium
3402 3668 3676 3725 Constan-

2095 3751 2518 3822 tinopolitanum
2548 3766 2644 3809 seu
2695 3755 3094 3812 tecumenicum
3122 3757 3399 3829 quintum.

2160 3842 2338 3910 Quam
2389 3847 2649 3901 nascendi
2706 3859 2908 3903 sortem
2965 3845 3215 3905 habuerit
3270 3850 3673 3921 Theodoretus,

2092 3937 2494 4008 ignoraremus,
2522 3938 2627 3994 nisi
2664 3939 2780 4011 ipse
2812 3939 2983 4011 (Hist.
3033 3943 3182 4015 relig.
3214 3960 3337 4017 cap.
3373 3945 3464 4016 15)
3497 3961 3673 4017 pauca

2091 4032 2381 4103 attigisset,
2413 4034 2665 4104 e’quibus
2694 4035 2991 4106 colligitur,
3035 4052 3160 4093 eum
3181 4038 3491 4094 Antiochiae
3522 4042 3671 4096 circa

2091 4125 2156 4179 Δ.
2193 4124 2256 4181 C.
2290 4124 2417 4193 386,
2454 4126 2508 4180 in
2540 4126 2717 4183 lucem
2775 4127 2984 4183 editum
3025 4144 3170 4195 esse,
3201 4132 3303 4185 etsi
3352 4131 3432 4205 [5]
3473 4132 3672 4190 Fabri-

2093 4218 2213 4275 cius
2246 4217 2527 4290 (Bibliotla.
2559 4217 2654 4275 Gr.
2685 4220 2797 4275 vol.
2827 4219 2943 4286 VII,
2972 4237 3025 4293 p.
3054 4220 3180 4292 430)
3214 4225 3424 4280 natales
3454 4227 3576 4297 ejus
3603 4229 3671 4283 ad

2092 4312 2159 4367 A.
2184 4311 2248 4366 C.
2274 4313 2378 4367 595
2407 4312 2613 4368 referre
2647 4315 2922 4371 maluerit.
2948 4314 3065 4372 Non
3114 4317 3539 4374 immorabimur
3565 4324 3672 4375 mi-

2092 4402 2297 4459 raculis
2332 4405 2682 4461 recensendis
2729 4407 2994 4478 quasipse
3043 4408 3165 4465 loco
3219 4408 3332 4479 jam
3389 4410 3556 4465 citato
3604 4412 3671 4464 de

2093 4494 2413 4552 Macedonio
2440 4496 2637 4554 Asccta
2667 4498 2853 4565 refert,
2884 4484 3043 4570 cujus
3078 4502 3332 4573 precibus
3362 4517 3519 4557 suam
3574 4519 3672 4557 na-

2094 4588 2360 4643 tivitatem
2385 4590 2597 4646 tribuit.
2631 4588 2759 4646 llaec
2816 4590 2940 4647 ideo
2971 4602 3184 4649 tantum
3246 4594 3548 4664 attigimus,
3614 4605 3673 4649 nt

2092 4692 2375 4752 appareat,
2436 4697 2562 4737 eum
2616 4683 2825 4738 dictum
2873 4682 3049 4741 fuisse
3110 4684 3478 4757 Θεοδώρητον,
3541 4688 3670 4756 quia

2093 4773 2416 4842 parentibus
2454 4789 2486 4829 a
2519 4774 2631 4831 Deo
2660 4776 2819 4848 quasi
2869 4777 3109 4834 donatus
3141 4787 3282 4834 erat.
3308 4772 3434 4833 .Non
3475 4780 3674 4834 lallun-

2094 4873 2183 4919 tur
2214 4866 2397 4935 itaque
2425 4865 2520 4938 qui
2555 4884 2749 4924 nomen
2809 4870 2933 4940 ejus
2978 4867 3166 4936 (ξι-ποθ
3207 4886 3303 4953 per
3358 4890 3393 4945 η
3433 4873 3675 4939 scribere

2088 4957 2303 5028 juheut,
2329 4961 2475 5031 quod
2511 4961 2564 5015 in
2592 4962 2875 5020 codicibus
2907 4965 3072 5019 etiam
3106 4965 3223 5043 lleri
3251 4966 3675 5049 observavimus

408 5060 512 5117 sibi
548 5059 734 5114 videre
764 5065 931 5119 totam
964 5071 1022 5111 re
1043 5056 1162 5133 ipsa
1215 5059 1471 5122 haeresi",
1527 5059 1841 5128 ubicunque
1905 5059 2057 5120 vclc
2092 5063 2379 5124 postquam
2431 5055 2643 5124 primus
2676 5056 2780 5111 hoc
2831 5072 2934 5113 nos
2981 5057 3169 5113 docuit
3210 5056 3331 5113 Joa.
3392 5058 3555 5114 Picus
3617 5060 3671 5138 in

408 5152 638 5207 minima
668 5151 883 5222 species
912 5149 1219 5218 umbraque
1269 5160 1605 5207 occurreret.
1653 5171 1673 5205 ι
1745 5150 1989 5206 Fuerunt

406 5254 590 5301 autem
626 5244 775 5300 omni
808 5255 1073 5315 tempore,
1105 5241 1201 5314 qui
1230 5257 1450 5298 causam
1503 5241 1831 5299 Theodoreti
1893 5245 1988 5299 de-

409 5337 689 5394 fendentes
715 5337 818 5409 ipsi
852 5336 1065 5393 veritati
1099 5334 1426 5405 patrocinati
1461 5345 1610 5401 sunt,
1669 5337 1773 5392 etsi
1843 5335 1989 5391 Cou-

405 5430 587 5494 siuus,
620 5431 713 5501 qui
750 5431 805 5485 in
837 5428 1165 5491 Praefatione
1198 5427 1267 5482 ad
1307 5426 1808 5497 interpretationem
1860 5428 1989 5484 Gal-

406 5523 567 5579 licam
621 5523 877 5579 Historice
911 5523 1097 5577 εει-[ες.
1131 5519 1456 5577 Theodoreti
1492 5535 1688 5590 magno
1718 5537 1842 5577 cum
1898 5537 1987 5577 ar-

405 5614 535 5670 dore
566 5631 660 5684 pro
695 5615 786 5669 illo
808 5615 1085 5687 pugnavit,
1115 5623 1169 5669 et
1198 5612 1423 5668 forsitan
1448 5611 1693 5669 nonnulli
1725 5613 1815 5667 alii
1843 5614 1983 5669 haud

409 5705 683 5764 Immerito
714 5706 896 5763 nimia:
946 5707 1000 5763 iu
1037 5706 1189 5761 illum
1218 5702 1514 5759 voluntatis
1550 5703 1626 5759 rei
1656 5703 1981 5759 habeantur.

2096 5145 2254 5203 Praef.
2294 5148 2363 5203 ad
2394 5147 2725 5204 Theodoreti
2764 5150 3106 5216 Quwstiones
3136 5150 3192 5204 in
3248 5149 3671 5220 (lctateuchum,

2093 5255 2232 5308 quas
2255 5240 2441 5296 Graece
2471 5242 2640 5296 edidit
2668 5241 2842 5298 Paris.
2874 5257 2926 5296 a.
2962 5242 3120 5297 1558.
3154 5242 3294 5295 Idem
3331 5257 3555 5312 quoque
3581 5247 3675 5301 de-

2094 5330 2317 5387 fendere
2377 5334 2592 5387 videtur
2627 5331 2848 5400 Suidas,
2906 5334 2999 5403 qui
3054 5330 3387 5403 Θεοδὼριτος
3452 5337 3669 5406 quidem

2094 5439 2291 5479 nomen
2326 5424 2607 5494 proprium
2644 5440 2767 5480 esse
2797 5426 3078 5491 observat,
3114 5426 3340 5479 alteram
3379 5443 3509 5481 vero
3536 5427 3672 5483 scri-

2092 5515 2251 5570 bendi
2279 5518 2543 5570 iationem
2585 5517 2866 5570 meliorem
2909 5514 3200 5570 esschaud
3243 5516 3482 5573 obscure
3529 5515 3671 5571 indi.-

2092 5615 2201 5673 cat,
2237 5610 2418 5664 verbis
2443 5609 2562 5665 istis
2588 5625 2710 5680 qua:
2754 5609 3001 5681 proxima
3032 5618 3183 5677 sunt,
3218 5609 3564 5682 Θεοδώρητος
3605 5614 3660 5667 δὲ

2088 5699 2179 5756 διὰ
2211 5703 2302 5757 τοῦ
2340 5720 2373 5772 η
2399 5705 2431 5774 ἡ
2462 5704 2641 5775 δωρεὰ
2667 5704 2761 5758 τοῦ
2791 5702 2950 5758 Θεοῦ.
3006 5703 3277 5761 Nolumus
3334 5715 3513 5764 tamen
3560 5701 3669 5759 illis
