4038 6210
291 319 350 384 37
1378 346 1385 353 ·
1682 324 2207 391 DISSERTATIO.
3497 320 3570 386 38

291 448 614 507 magnopere
632 435 943 505 adversari,
968 437 1063 510 qui
1083 451 1286 494 nomen
1317 437 1451 497 illud
1482 453 1613 510 peri
1636 440 1882 497 scribere
1911 450 1954 506 Α
1985 440 2223 510 cogitur,
2258 436 2387 495 talia
2420 437 2653 495 subinde
2675 437 2731 495 in
2764 438 2990 495 Catenis
3021 437 3125 509 legi
3155 455 3221 494 ex
3276 436 3569 494 Theodoro

292 525 520 592 malunt,
572 528 705 596 quia
748 528 832 584 sic
861 545 1082 601 quoque
1117 530 1172 584 in
1220 529 1510 589 codicibus
1558 530 1874 601 frequenter

291 618 572 686 Scribitur,
610 620 893 692 imprimis
928 623 983 677 in
1014 623 1391 680 Acrostichide
1423 623 1667 685 Canonis
1718 634 1873 679 cala-

264 712 481 791 7nyctici
516 713 586 769 ad
638 714 1015 782 Servatorem,
1050 718 1194 787 apud
1249 717 1504 773 Lamhce.
1560 717 1658 774 liii.
1709 733 1763 784 v,
1817 733 1871 786 p.

289 804 411 859 268.
456 806 564 861 Sed
597 807 868 864 mittimus
897 808 1035 875 haec,
1092 818 1147 865 et
1200 810 1266 863 ad
1338 809 1650 875 historiam,
1680 826 1710 864 a
1765 827 1874 880 qua

289 899 571 971 paululum
601 888 837 973 digressi
862 919 1104 968 eramus,
1144 904 1496 960 revertimur.
1534 902 1793 968 Liberali,
1818 914 1879 963 ut

293 1002 529 1060 tempora
566 993 863 1060 ferebant,
893 996 1239 1052 institutione
1270 996 1373 1050 frui
1427 998 1580 1052 licuit
1629 997 1880 1053 Theodo-

292 1097 426 1140 reto.
458 1090 501 1139 A
537 1088 711 1156 prima
750 1088 896 1141 enim
923 1089 1209 1158 juventutc
1255 1090 1421 1143 vitam
1454 1090 1563 1159 egit
1592 1090 1644 1144 in
1689 1106 1880 1146 mona-

292 1178 457 1233 sterio
500 1179 753 1248 Euprepii
790 1196 958 1250 prope
1000 1181 1372 1247 Antiochiam,
1419 1180 1508 1235 ubi
1538 1198 1714 1251 prima
1753 1198 1880 1237 cru-

290 1268 510 1322 ditionis
542 1271 727 1338 posuit
770 1270 1152 1333 fundamenta,
1212 1273 1442 1344 adjutus
1507 1272 1695 1329 favore
1750 1272 1882 1329 Por-

292 1361 491 1432 pltyrii,
526 1362 622 1432 qui
657 1377 724 1416 eo
748 1372 997 1433 tempore
1032 1363 1291 1420 Ecclesia:
1332 1364 1690 1420 Antiochena
1744 1381 1884 1436 pra:-

290 1451 768 1509 erat.lllonaStic:e
818 1455 942 1510 vitae
975 1471 1006 1510 a
1044 1458 1362 1526 parentibus
1421 1458 1549 1514 inde
1598 1474 1629 1512 a
1683 1460 1883 1513 nativi-

293 1555 400 1601 tate
430 1563 808 1613 consecratus,
844 1564 939 1620 per
974 1549 1192 1620 triginta
1207 1551 1276 1605 ad
1310 1552 1597 1607 minimum
1628 1568 1807 1608 annos
1827 1552 1881 1607 in

292 1639 621 1692 monasterio
643 1637 735 1693 illo
764 1650 1016 1694 versatus
1039 1648 1143 1703 est,
1164 1656 1266 1696 nec
1296 1639 1423 1695 inde
1452 1640 1738 1697 discedere
1788 1657 1886 1696 vo-

293 1728 411 1792 luit,
431 1745 553 1784 cum
575 1730 688 1800 jam
726 1731 945 1788 lectoris
965 1733 1248 1788 etdiacoui
1279 1734 1511 1788 honores
1530 1734 1583 1788 in
1616 1750 1742 1788 eum
1772 1733 1885 1788 col-

298 1821 387 1873 lati
414 1831 614 1875 essent.
641 1821 793 1875 llaud
819 1822 959 1879 male
985 1840 1113 1880 vero
1130 1825 1199 1879 ab
1230 1825 1321 1879 illo
1350 1825 1678 1883 collocatum
1714 1826 1884 1881 fuisse
1917 1795 1959 1854 Β

295 1921 507 1983 tempus
558 1916 702 1984 quod
754 1916 824 1971 ibi
871 1919 1160 1989 transegit,
1213 1926 1488 1973 testantur
1517 1918 1734 1990 egregia
1796 1919 1888 1974 illa

296 2005 498 2075 ingenii
548 2007 663 2061 fere
721 2007 892 2061 divini
925 2017 981 2062 et
1028 2009 1242 2073 subacti
1308 2007 1496 2078 judicii
1565 2008 1885 2083 speciniina,

296 2112 417 2168 qua:
441 2097 655 2162 deinde,
704 2114 829 2153 cum
878 2100 944 2154 ad
1016 2116 1220 2155 munus
1278 2100 1589 2170 episcopale
1664 2110 1888 2160 evectus

297 2199 461 2251 esset,
492 2190 681 2244 edidit.
726 2190 906 2247 Libris
936 2191 1019 2269 [6]
1065 2193 1211 2258 istis,
1248 2193 1341 2268 qui
1403 2209 1600 2265 magno
1660 2210 1889 2255 numero

297 2290 614 2351 supersunt,
651 2282 1024 2348 elaborandis,
1060 2284 1513 2356 gravissimisque
1545 2285 1650 2343 illis
1686 2301 1882 2357 .negor

299 2372 392 2427 tiis
438 2388 559 2442 quae
587 2382 775 2442 postea
822 2375 1013 2439 subiit,
1047 2392 1130 2439 se,
1167 2390 1292 2430 cum
1328 2379 1382 2431 in
1418 2376 1520 2430 hoc
1547 2377 1737 2431 lateret
1770 2393 1888 2431 mo-

297 2467 561 2532 nasterio,
615 2468 874 2522 idoneum
918 2468 1172 2523 reddidit.
1220 2469 1331 2524 Nec
1363 2469 1653 2535 miramur,
1706 2478 1889 2529 tantos

298 2559 452 2614 illum
486 2560 538 2614 in
570 2575 851 2616 sacrarum
883 2559 1218 2615 Litterarum
1275 2561 1457 2616 stmlio
1515 2561 1708 2616 fecisse
1764 2576 1887 2631 pro-

297 2666 539 2719 gressus,
610 2667 735 2706 cum
806 2651 1024 2707 licuerit
1070 2652 1147 2706 illi
1196 2652 1609 2722 exoptatissima
1659 2650 1888 2707 Joannis

299 2744 989 2816 Clirysostomidisciplina
1037 2755 1092 2801 et
1146 2746 1497 2801 institutione
1531 2746 1655 2809 ",uti.
1705 2745 1883 2811 Quam

300 2838 416 2892 sint
451 2837 657 2904 felices,
694 2837 899 2908 quibus
928 2838 1224 2906 contingit,
1286 2839 1474 2907 probis
1543 2840 1887 2895 lllliilltSCcl‘e

301 2930 459 2993 viris,
491 2929 558 2983 ab
604 2945 796 2983 eorum
831 2944 927 2985 ore
972 2931 1229 2999 pendere,
1262 2947 1527 3001 suamque
1556 2932 1622 2987 ad
1670 2932 1885 2985 illorum

300 3023 609 3090 exemplum
650 3036 982 3091 componere
1013 3021 1202 3088 vitam,
1236 3022 1339 3077 nisi
1373 3023 1618 3077 omnium
1676 3033 1885 3092 tempo-

304 3127 427 3167 rum
473 3113 696 3168 doceret
727 3113 978 3180 historia,
1006 3112 1113 3168 hoc
1170 3113 1333 3169 unico
1379 3114 1626 3184 exemplo
1670 3114 1886 3168 abunde

302 3211 494 3274 posset
527 3201 895 3273 comprobari.
939 3201 1307 3260 Concedimus
1338 3204 1585 3275 quidem,
1616 3206 1682 3259 ad
1735 3220 1886 3259 suin-

307 3312 458 3351 mum
484 3297 612 3351 illud
644 3297 698 3351 iti
743 3305 862 3352 arte
908 3296 1049 3353 bene
1098 3296 1315 3352 dicendi
1371 3296 1678 3367 fastigium,
1741 3299 1887 3368 quod

305 3392 451 3446 inter
476 3391 723 3447 rhetores
751 3405 940 3447 sacros
980 3406 1125 3446 unus
1175 3387 1289 3446 fere
1338 3392 1514 3445 tenuit
1562 3390 1891 3461 Clirysosto-

310 3499 456 3548 mus,
502 3498 612 3538 non
641 3484 1017 3539 assurrexisse
1038 3482 1467 3547 Theodoretum,
1498 3483 1548 3537 id
1576 3492 1757 3537 tamen
1799 3497 1890 3537 as-

313 3591 498 3630 serere
524 3589 634 3629 non
695 3574 1035 3640 dubitamus,
1071 3574 1124 3629 in
1192 3574 1421 3631 scientia
1473 3574 1577 3630 ista
1638 3572 1891 3644 tlicologo

310 3667 556 3736 apprime
597 3665 784 3735 digna,
814 3680 938 3736 qua:
992 3673 1203 3735 spectat
1255 3665 1321 3719 ad
1382 3664 1890 3734 interpretationem

308 3772 590 3812 sacrarum
634 3755 995 3823 Litterarum,
1049 3771 1158 3810 non
1207 3755 1493 3827 mysticam
1543 3756 1720 3820 illam,
1792 3755 1887 3811 sed

309 3850 550 3920 planam,
578 3848 925 3919 perspicuam
971 3855 1026 3903 et
1068 3848 1502 3918 uniuscujusque
1555 3847 1736 3918 captui
1796 3862 1892 3903 ac-

310 3938 734 4002 commodatam,
768 3938 856 3992 vix
903 3952 1026 3993 esse
1084 3952 1421 4009 quemquam
1496 3939 1590 4008 qui
1655 3939 1895 4010 Chryso-

312 4042 492 4088 stomo
526 4032 597 4087 sit
620 4030 872 4087 similior.
916 4030 974 4084 ln
1008 4030 1115 4086 hoc
1165 4029 1432 4085 imitando
1463 4030 1600 4086 adeo
1644 4028 1774 4085 felix
1794 4029 1897 4084 fuit

312 4125 715 4186 Tlieodoretus,
766 4122 899 4179 utsi
932 4121 1376 4183 Commentarios
1415 4120 1536 4192 ejus
1591 4122 1645 4177 in
1706 4138 1895 4178 sacros

312 4218 482 4273 libros
527 4216 662 4271 Novi
711 4217 1064 4287 potissimum
1120 4214 1463 4271 Testamenti
1521 4216 1892 4281 consulimus,

312 4309 455 4363 haud
473 4311 788 4378 raroipsum
814 4308 1263 4380 Clirysostomum
1294 4309 1469 4379 legere
1496 4316 1768 4377 putemus.
1791 4307 1896 4362 Sed

313 4420 422 4458 non
453 4405 671 4458 unicum
699 4403 844 4456 hunc
871 4400 1064 4455 habuit
1098 4401 1232 4455 artis
1265 4415 1378 4455 suae
1402 4384 1747 4469 magistrum.
1787 4397 1897 4452 lla-

1976 531 2084 585 isto
2118 531 2172 585 in
2209 528 2481 594 Psalmos,
2513 546 2637 600 qua:
2661 532 2978 599 ostendant,
3011 530 3081 586 ab
3126 531 3246 600 ipso
3283 530 3569 585 litteralem

1979 636 2204 676 sensum
2239 620 2470 677 feliciter
2500 623 2810 692 espositum
2845 623 3035 678 fuisse.
3072 622 3203 677 Ητεο
3250 621 3377 677 licet
3423 621 3570 677 haud

1978 712 2114 763 adro
2163 710 2391 765 multum
2428 710 2494 765 ad
2552 713 2810 767 tuendam
2837 711 3109 768 Theodori
3139 727 3361 769 causam
3392 711 3573 767 facere

1977 807 2284 873 vidcantur,
2314 817 2518 874 tamen,
2554 811 2683 879 quia
2708 811 2777 865 ab
2822 811 3141 866 adversario
3197 826 3374 881 eoque
3430 810 3570 865 alias

1979 898 2115 952 satis
2147 897 2338 968 iniquo
2369 899 2820 970 proficiscuntur,
2850 901 3118 972 majorem
3146 900 3213 955 ad
3248 916 3372 956 eum
3406 915 3564 956 com-

1981 990 2351 1045 mendandum
2408 991 2521 1046 vim
2557 992 2859 1057 habebunt,
2891 1008 3056 1064 quam
3095 1009 3220 1064 quae
3275 992 3570 1050 Facundos

1980 1080 2170 1135 multis
2201 1082 2522 1152 complexus
2572 1090 2657 1140 est
2717 1085 2892 1140 libris.
2951 1084 3229 1154 Quidquid
3287 1101 3418 1141 vero
3478 1087 3569 1154 sit,

1982 1188 2173 1243 parum
2204 1178 2445 1240 prolicua
2480 1176 2583 1233 fuit
2606 1176 2954 1231 Theodoreto
2997 1174 3368 1241 familiaritas,
3402 1193 3572 1247 quam

1982 1280 2108 1320 cum
2160 1266 2253 1320 illo
2301 1276 2677 1323 contraxerat.
2749 1269 2988 1341 Uterque
3044 1271 3214 1337 enim,
3282 1279 3570 1341 postquam

1983 1359 2120 1414 satis
2135 1359 2227 1413 diu
2256 1358 2469 1415 finiesta
2506 1363 2571 1416 de
2606 1362 2785 1417 tribus
2814 1361 3079 1432 Capitulis
3112 1364 3313 1436 agitata
3342 1374 3459 1418 erat
3485 1365 3571 1429 lis,

1986 1451 2039 1504 in
2086 1452 2300 1522 synodo
2335 1467 2363 1505 ν
2398 1451 3012 1524 Constantinopolitana
3050 1458 3114 1511 Α.
3142 1457 3206 1512 C.
3242 1458 3367 1524 555,
3417 1459 3574 1512 dam-

1986 1552 2151 1598 natus
2178 1530 2281 1599 est.
2317 1544 2393 1598 De
2418 1542 2679 1600 Nestorio
2719 1556 2901 1601 autem
2937 1548 3067 1619 quid
3103 1550 3397 1605 dicamus?
3460 1549 3571 1620 0p-

1988 1636 2215 1691 tandum
2249 1652 2383 1693 sane
2417 1646 2592 1703 esset,
2649 1640 2855 1694 nullam
2888 1639 3087 1696 Nostro
3120 1657 3245 1696 cum
3276 1642 3369 1696 illo
3399 1642 3573 1697 inter-

1991 1731 2223 1786 cchisse
2259 1731 2737 1788 consuetudinem.
2776 1731 2970 1804 Magna
2998 1746 3177 1789 autem
3206 1735 3423 1805 pietatis
3451 1750 3576 1804 spc—

1986 1822 2119 1882 cies,
2156 1833 2321 1889 quam
2353 1835 2419 1875 eo
2452 1831 2715 1892 tempore,
2760 1837 2872 1893 quo
2925 1822 3303 1879 Theodoretus
3359 1826 3412 1879 in
3457 1840 3577 1878 mo-

1987 1914 2232 1968 nasterio
2274 1913 2619 1980 versabatur,
2656 1929 2768 1985 prae
2801 1930 2861 1970 se
2918 1913 3130 1970 ferebat
3161 1914 3446 1979 Nestor-ius
3491 1916 3567 1971 ef-

1990 2001 2139 2069 fecit,
2184 2013 2242 2058 ut
2280 2006 2589 2060 arctissima
2629 2006 2771 2060 inter
2801 2014 3102 2077 utrumque
3151 2009 3572 2063 contraheretur

1987 2097 2250 2165 amicitia,
2277 2114 2398 2170 quae
2430 2099 2689 2157 maximis
2717 2099 3143 2157 adversitatibus
3173 2116 3318 2172 aegre
3347 2100 3574 2156 dissolvi

1989 2194 2185 2264 potuit.
2230 2190 2614 2250 Tlicodoretus
2642 2192 2789 2247 enim
2826 2193 3133 2248 amicorum
3170 2208 3399 2249 suorum
3455 2201 3576 2249 erat

1988 2285 2433 2345 studiosissimus
2457 2294 2514 2341 et
2548 2286 2600 2339 in
2633 2284 2990 2341 defendendis
3036 2287 3144 2343 illis
3191 2287 3576 2343 constantissi-

1989 2390 2133 2429 mus.
2166 2374 2465 2430 Multorum
2500 2376 2617 2431 hare
2665 2376 2768 2447 ipsi
2802 2378 2905 2432 fuit
2935 2392 3103 2433 causa
3156 2377 3447 2445 malorum,
3509 2378 3577 2434 de

1987 2468 2188 2539 quibus
2218 2469 2269 2523 in
2302 2470 2554 2539 proxima
2583 2469 2750 2539 hujus
2776 2468 3192 2527 Disscrtationis
3219 2480 3374 2541 parte
3397 2472 3578 2542 aptior

1986 2561 2091 2621 erit
2118 2559 2335 2617 dicendi
2367 2560 2543 2619 locus.
2579 2559 2695 2617 lloc
2726 2563 2951 2617 unicum
3010 2578 3158 2619 nunc
3205 2563 3574 2633 adjiciendum

1990 2654 2127 2718 crit,
2170 2667 2386 2708 errores
2442 2654 2569 2720 viri,
2609 2654 2769 2726 cujus
2816 2669 3111 2725 personam
3162 2656 3395 2723 colebat,
3455 2671 3575 2711 ina-

1990 2760 2225 2813 gnop'rc
2276 2746 2607 2799 detestatum
2634 2761 2759 2801 esse
2799 2743 3230 2810 Theodorctum,
3260 2757 3321 2802 ut
3373 2747 3577 2819 scripta

1989 2836 2110 2907 ejus
2143 2846 2195 2891 ct
2226 2839 2359 2892 Acta
2409 2839 2628 2893 concilii
2658 2838 3127 2896 Chalcedonensis
3155 2848 3448 2896 testantur.

2062 2929 2194 2997 Quae
2235 2927 2441 2983 fuerint
2463 2930 2752 2999 scriptoris
2785 2935 2956 2988 nostri
2986 2932 3310 3002 primordia,
3336 2948 3448 3003 quo
3482 2934 3577 2989 de-

1990 3021 2224 3075 luctatus
2254 3021 2325 3075 sit
2351 3021 2659 3076 studiorum
2699 3038 2920 3093 genere,
2950 3039 3092 3093 quos
3121 3025 3376 3079 habuerit
3440 3040 3572 3095 pra:-

1990 3123 2264 3182 ceptores,
2303 3128 2553 3183 quosque
2583 3114 2821 3169 coluerit
2853 3116 3082 3182 amicos,
3116 3117 3382 3171 hactenus
3440 3115 3576 3171 vidi-

1993 3222 2135 3261 mus.
2175 3206 2480 3260 Verendum
2517 3215 2700 3262 autem
2728 3217 2835 3271 est,
2864 3223 2953 3271 ne,
2990 3216 3049 3262 ut
3070 3207 3223 3277 justo
3253 3207 3461 3263 diutius
3503 3208 3571 3262 il-

1992 3299 2102 3352 lum
2159 3298 2214 3351 in
2254 3297 2507 3351 ccenobio
2558 3295 2744 3350 Santti
2781 3295 3038 3367 Euprepii
3091 3296 3371 3351 delituisse
3438 3308 3577 3350 non-

1992 3391 2129 3444 nulli
2193 3398 2407 3460 putant,
2454 3389 2527 3442 ita
2581 3405 2801 3459 quoque
2855 3404 2955 3443 nos
3001 3387 3116 3458 jam
3149 3388 3282 3442 satis
3344 3386 3436 3441 diu
3491 3387 3578 3442 his

1993 3483 2118 3537 vitm
2176 3484 2297 3551 ejus
2345 3481 2517 3536 initiis
2569 3482 2896 3535 imnioratos
2951 3496 3073 3535 esse
3125 3480 3461 3535 existiment.
3495 3475 3575 3552 [8]

1993 3571 2330 3628 Comitemur
2381 3570 2564 3641 itaque
2590 3584 2739 3625 nunc
2769 3569 3173 3626 'l'heodorctum
3203 3586 3266 3625 ex
3324 3569 3579 3640 angustis

1994 3662 2316 3718 monasterii
2350 3662 2497 3718 illius
2533 3663 2795 3717 cancellis
2833 3662 2887 3715 in
2934 3661 3256 3732 ampliorem
3319 3671 3371 3715 et
3425 3669 3580 3715 tanto

1995 3758 2114 3812 viro
2152 3755 2457 3827 digniorem
2518 3771 2739 3811 scenam
2812 3754 3194 3826 prodeuntem.
3260 3751 3576 3820 Videamus,

1996 3864 2160 3921 quam
2190 3848 2387 3903 deinde
2416 3862 2704 3917 personam
2745 3848 2938 3918 egerit,
2971 3856 3027 3903 et
3059 3861 3183 3917 qua:
3236 3845 3404 3902 fuerit
3459 3849 3581 3917 ejus

1996 3941 2052 3996 in
2095 3937 2532 3995 administrando
2554 3939 3087 4009 munerecpiscopali
3107 3954 3231 3993 rara
3258 3938 3580 3994 assiduitas.

1995 4034 2282 4090 Publicum
2319 4032 2577 4090 Ecclesiae
2605 4032 2883 4088 doctorem
2939 4031 3056 4103 jam
3095 4046 3259 4103 agere
3311 4041 3575 4103 coeperat,

1998 4142 2122 4181 cum
2164 4127 2234 4181 ab
2263 4126 2571 4180 Alexandro
2601 4124 3019 4181 Antiochiaehoc
3048 4133 3293 4195 tempore
3322 4126 3583 4195 episcopo

1998 4217 2267 4273 diaconus
2326 4215 2660 4270 constitutus
2707 4223 2873 4269 esset.
2913 4213 3029 4270 lloc
3078 4229 3330 4280 munere,
3385 4213 3491 4268 etsi
3552 4228 3583 4267 e

1999 4309 2331 4364 monasterio
2350 4324 2451 4363 suo
2476 4306 2713 4362 nondum
2739 4322 3014 4378 egressus,
3040 4321 3254 4363 summa
3272 4321 3395 4361 cum
3422 4292 3583 4359 laude

2001 4399 2223 4455 functus
2254 4406 2361 4463 est,
2389 4414 2515 4453 cum
2553 4397 2608 4451 in
2649 4397 3022 4463 sermonibus,
3053 4411 3195 4467 quos
3221 4409 3406 4450 coram
3436 4403 3580 4449 coetu

315 4497 431 4550 linit
454 4496 617 4550 etiam
636 4492 1007 4560 Theodorum,
1036 4490 1647 4561 quemMopsuestenum
1674 4491 1886 4557 dicunt,
1926 4499 1968 4553 ι)
1999 4508 2156 4548 sacro
2188 4492 2473 4558 recitabat,
2518 4491 3052 4562 Apollinaristarum,
3084 4490 3412 4543 Arianorum
3447 4486 3585 4541 alio-

312 4590 383 4644 de
432 4602 543 4658 quo
575 4586 855 4641 nescimus
883 4598 950 4639 an
981 4583 1117 4640 satis
1147 4594 1294 4639 recte
1316 4582 1583 4653 judicent,
1619 4583 1713 4654 qui
1769 4599 1891 4639 cum

313 4680 574 4736 Patribus
603 4677 797 4752 synodi
839 4678 1047 4748 quintae
1067 4692 1286 4732 omnem
1323 4676 1443 4745 ejus
1489 4676 1754 4732 damnant
1784 4692 1899 4732 me-

318 4774 575 4829 moriam.
619 4770 960 4827 Paucissima
993 4768 1140 4824 illius
1192 4767 1260 4822 ad
1305 4782 1406 4822 nos
1442 4776 1708 4823 venerunt
1762 4767 1898 4823 scri-

323 4866 653 4937 pta,Gmco
692 4863 951 4919 idiomate
1007 4859 1348 4930 consignata,
1399 4860 1556 4930 plura
1629 4874 1777 4922 vero,
1840 4868 1899 4913 ut

322 4960 466 5014 bene
494 4965 683 5012 contra
709 4954 1008 5026 bupinium
1045 4954 1259 5009 monuit
1306 4953 1463 5008 Rich.
1509 4951 1700 5007 Simon
1756 4949 1894 5006 Crit.

316 5060 452 5105 tom.
489 5048 530 5115 l,
562 5047 772 5118 p.107.
839 5046 984 5102 inter
1034 5044 1201 5118 Syros
1258 5046 1554 5116 quaarenda
1610 5052 1755 5100 sunt.
1820 5043 1898 5099 Ex

312 5144 506 5216 paucis
549 5141 677 5200 illis.
715 5153 837 5209 quae
861 5138 976 5195 sive
1009 5139 1271 5209 temporis
1299 5138 1415 5193 sive
1455 5138 1896 5191 adversariorum

311 5238 437 5307 ejus
471 5223 753 5304 iniquitate
783 5233 943 5288 nobis
970 5233 1155 5287 relicta
1192 5241 1341 5294 sunt,
1373 5236 1459 5284 vix
1492 5232 1625 5286 satis
1649 5229 1900 5301 judicare

308 5330 601 5398 licet,quae
626 5326 793 5382 fuerit
814 5327 917 5380 viri
951 5325 1187 5380 illiussic
1203 5325 1344 5379 dicta
1365 5324 1701 5393 improbitas.
1733 5323 1898 5376 Sum-

308 5440 460 5479 mam
480 5431 660 5477 tamen
682 5420 804 5490 ejus
844 5418 898 5473 in
927 5426 1040 5472 toto
1076 5415 1298 5471 Oriente
1329 5416 1499 5471 fuisse
1515 5417 1895 5471 auctoritatem

308 5516 593 5579 novimus,
621 5520 676 5568 et
703 5512 752 5567 si
784 5528 849 5568 ex
886 5509 1253 5580 Fragmentis,
1285 5525 1406 5579 quae
1435 5509 1487 5562 in
1522 5509 1743 5563 Catenis
1776 5525 1901 5576 pas-

306 5610 419 5665 sim
469 5606 631 5662 obvia
656 5612 808 5667 sunt,
836 5602 999 5675 dum
1036 5603 1140 5656 hoc
1172 5600 1730 5670 Scriptorejmlicium
1758 5600 1899 5653 ferre

316 5700 556 5764 licuerit,
594 5698 755 5752 laude
802 5695 983 5764 potius
1030 5710 1193 5765 quam
1246 5693 1646 5762 vituperatione
1701 5691 1900 5759 dignus

317 5792 609 5851 videbitur.
642 5789 764 5858 ipse
789 5786 1090 5841 Gamerius
1122 5785 1387 5848 Auctarii,
1434 5800 1486 5854 p.
1553 5784 1671 5849 itii,
1739 5784 1896 5837 fateri

2004 4603 2235 4656 rumque
2263 4602 2339 4640 eri
2354 4601 2476 4641 ores
2512 4584 2712 4639 acriter
2743 4586 3158 4653 perstringeret.
3191 4578 3380 4635 Sacris
3412 4580 3582 4642 hisce,

2000 4682 2045 4737 si
2080 4682 2156 4741 ita
2184 4681 2365 4737 dicere
2397 4680 2480 4735 fas
2510 4681 2601 4745 sit,
2637 4679 2855 4749 puellis,
2898 4676 3244 4749 gravioribus
3270 4691 3399 4747 qua:
3435 4686 3585 4746 post-

1999 4788 2063 4827 ea
2114 4771 2305 4837 subiit,
2342 4770 2740 4837 certaminibus
2772 4770 2928 4840 quasi
2964 4768 3262 4839 praeludere
3296 4769 3448 4824 visus
3478 4778 3581 4836 est,

2001 4870 2319 4933 tantamque
2344 4863 2409 4917 de
2444 4876 2502 4917 se
2533 4877 2684 4932 spem
2736 4860 2885 4925 fecit,
2941 4867 3001 4914 ut
3042 4874 3164 4914 cum
3196 4858 3344 4930 Cyri,
3414 4855 3586 4929 Syriae

2001 4954 2375 5023 Euphratesiae
2402 4953 2576 5017 urbis,
2604 4968 2770 5024 quam
2801 4951 2889 5014 alii
2917 4951 3186 5024 Chyrrum
3218 4950 3432 5016 dicunt,
3464 4952 3582 5022 epi-

2008 5062 2209 5117 scopus
2251 5046 2359 5100 vita
2392 5045 2686 5100 delunctus
2755 5055 2918 5113 esset,
2956 5044 3272 5103 Theodotus
3327 5059 3392 5097 eo
3448 5052 3585 5097 tem-

2002 5156 2133 5209 pore
2165 5138 2472 5193 Antiochia:
2505 5138 2724 5207 praesul,
2767 5136 3025 5192 Nostrum
3062 5134 3445 5205 dignissimum
3483 5150 3585 5204 pu-

2005 5241 2166 5297 taret,
2198 5229 2290 5301 qui
2324 5229 2436 5284 sedi
2485 5228 2614 5284 huic
2668 5229 2962 5299 episcopali
3020 5228 3425 5285 admoveretur.
3481 5223 3585 5279 Fa-

2003 5337 2150 5381 ctum
2187 5325 2289 5378 hoc
2314 5338 2436 5378 esse
2488 5332 2681 5394 putant
2711 5324 2979 5377 Baronius
3023 5330 3076 5374 et
3107 5318 3398 5373 Tillemont
3422 5318 3483 5370 A.
3520 5316 3582 5373 C.

2001 5417 2127 5471 423.
2165 5414 2459 5468 Sententiae
2493 5430 2604 5468 suae
2634 5413 3047 5467 fundamentum
3087 5420 3281 5481 petunt
3306 5423 3373 5462 ex
3409 5407 3585 5461 Theo-

2002 5505 2179 5561 doreti
2210 5504 2277 5557 ad
2303 5504 2539 5557 Leonem
2592 5504 2907 5573 episcopum
2983 5501 3291 5554 Romanum
3333 5497 3583 5567 epistola,

2003 5613 2126 5668 qua:
2154 5607 2237 5650 est
2267 5596 2567 5655 centesima
2590 5596 2798 5648 decima
2834 5595 3011 5647 tertia.
3048 5590 3104 5643 In
3134 5590 3223 5643 illa
3259 5588 3402 5642 enim
3433 5586 3583 5652 dicit,

2004 5705 2062 5744 se
2090 5704 2183 5744 sex
2225 5698 2278 5742 et
2309 5688 2498 5759 viginti
2553 5687 2714 5756 annis
2752 5701 2781 5738 a
2819 5685 2928 5739 Deo
2964 5684 3064 5738 sibi
3114 5681 3425 5736 commissa:
3481 5680 3585 5733 Ec-

2004 5783 2184 5837 clesiae
2249 5780 2549 5852 prwfuisse.
2625 5777 2892 5832 Eumdem
2948 5774 3274 5846 episcopalis
3338 5772 3586 5826 muneris
