4038 6210
423 281 498 349 36
1391 267 1492 330 DE
1529 267 1708 329 VITA
1746 265 1842 326 ET
1875 259 2220 325 SCRIPTIS
2249 257 2741 328 Tl-IEODORETI
3667 261 3750 327 4ο

427 401 634 444 artuum
677 381 832 456 ponit
855 381 913 437 in
946 379 1109 453 epist.
1151 377 1275 445 116,
1309 393 1433 448 qua:
1457 375 1668 432 [leuato
1700 375 2021 446 presbytero
2054 383 2094 436 Α
2127 384 2251 424 rum
2282 369 2563 424 erroribus
2595 384 2722 440 grex
2757 375 2943 422 noster
2974 379 3196 439 ereptus
3247 374 3353 422 est.
3401 364 3570 422 Novit
3633 369 3747 436 qui

429 477 689 548 inscripta
737 482 844 532 est.
879 471 1003 529 .lam
1045 486 1177 527 vero
1205 480 1436 540 utraque
1467 469 1585 524 haec
1612 467 1845 537 epistola
1904 479 2016 519 non

426 568 604 640 potuit
635 567 805 624 scribi
836 576 964 622 ante
1009 564 1076 621 A.
1110 563 1177 619 (ἶ.
1209 562 1336 630 449,
1365 564 1418 616 in
1450 578 1616 634 quam
1691 560 1880 616 incidit
1931 573 2021 629 sy-

431 662 608 718 nodus
638 658 930 733 λῃστρικὴ,
961 659 1029 714 de
1057 674 1164 729 qua
1198 659 1250 712 in
1280 658 1364 712 his
1387 658 1580 713 litteris
1592 652 2017 726 jnre"qucritur.

434 751 597 807 Recte
626 752 813 822 itaque
846 767 907 808 se
941 750 1107 807 habet
1156 749 1424 817 calculus,
1471 747 1515 804 si
1561 761 1792 804 summae
1843 758 2021 799 anno-

433 862 555 900 rum
586 845 691 901 449
721 845 1087 901 detrahuntur
1115 842 1187 898 26
1233 843 1385 898 anni.
1416 842 1591 897 Aliam
1627 849 1810 896 tamen
1864 854 2020 894 com-

431 938 659 1008 putandi
691 939 959 994 rationem
1024 945 1352 1007 sequuntur,
1405 935 1498 1006 qui
1550 949 1757 993 annum
1808 941 2023 1004 ponunt

431 1032 559 1087 420.
585 1030 725 1087 lluic
764 1029 1050 1086 sententia:
1078 1044 1180 1085 nos
1203 1026 1368 1082 etiam
1398 1025 1825 1092 subscribimus,
1899 1032 2017 1079 tum

430 1127 558 1194 quia
605 1122 921 1179 conﬁrmari
976 1121 1196 1177 videtur
1262 1136 1359 1193 per
1417 1119 1711 1192 epistolam
1757 1119 1828 1175 83
1898 1134 2022 1190 quae

402 1217 633 1287 scripta
666 1224 750 1270 est
780 1214 847 1270 ad
900 1213 1224 1271 Dioscorum
1280 1212 1603 1284 episcopum
1652 1211 2018 1281 Alexandriae,

433 1317 548 1362 tum
590 1307 719 1376 quia
747 1306 854 1363 alio
885 1305 1087 1376 duplici
1136 1304 1422 1376 scriptoris
1471 1303 1648 1360 nostri
1697 1303 2017 1360 testimonio

432 1398 569 1455 satis
603 1395 683 1471 (9]
718 1397 982 1452 munitur.
1016 1395 1098 1451 Ad
1156 1394 1514 1451 Eutrecbium
1564 1395 1711 1449 enim
1773 1395 2020 1451 scribens

433 1485 722 1556 (Epistula
765 1493 848 1540 est
874 1487 1210 1556 octogesima
1258 1484 1537 1554 numero)
1585 1483 1910 1542 Pontilicem
1961 1499 2022 1541 se

432 1577 682 1630 nominat
709 1574 804 1645 qui
836 1574 1216 1646 episcopatum
1271 1590 1371 1645 per
1407 1574 1478 1630 25
1533 1588 1712 1631 annos
1765 1575 2018 1646 gesserit.

430 1667 695 1723 Eumdem
729 1684 1024 1723 numerum
1062 1668 1212 1739 ponit
1250 1667 1305 1723 in
1347 1668 1548 1725 litteris
1570 1684 1713 1739 quas
1779 1669 1847 1724 ad
1903 1666 2018 1723 No-

430 1774 581 1814 mum
627 1760 912 1815 consulem
943 1760 1095 1815 dedit
1149 1758 1397 1832 (epistola
1426 1744 1519 1816 est.
1544 1760 1659 1830 81).
1689 1759 1835 1816 ‘Jam
1886 1775 2019 1817 vero

428 1851 640 1907 Nemus
666 1852 860 1907 consul
888 1851 993 1907 fuit
1023 1865 1154 1909 ann.
1184 1852 1313 1908 445.
1351 1851 1409 1907 Si
1436 1852 1623 1924 itaque
1642 1851 2019 1910 dcmasannos

431 1944 525 2013 25,
555 1944 753 2000 incidit
782 1945 1002 2001 initium
1032 1944 1316 2017 dignitatis
1337 1947 1670 2019 episcopalis
1688 1947 2020 2003 Theodoreti

431 2041 487 2098 in
517 2057 649 2096 ann.
691 2039 755 2097 C.
792 2041 920 2099 49.0.
951 2042 1011 2098 In
1043 2042 1234 2099 eadem
1256 2043 1324 2099 ad
1364 2043 1600 2099 Nonium
1654 2043 1887 2114 epistola
1942 2051 2021 2100 te-

432 2145 633 2201 Statur,
650 2151 711 2191 se
736 2137 968 2192 invitum
995 2136 1310 2194 ordinatum
1344 2154 1490 2195 esse.
1516 2139 1674 2206 Quod
1703 2155 1770 2194 ne
1790 2138 2021 2194 miretur

431 2228 748 2298 quisquam,
782 2229 894 2284 duo
924 2231 1603 2299 commemorandaerunt,
1631 2246 1754 2303 quae
1774 2232 1829 2286 in
1853 2245 2021 2288 causa

435 2322 608 2377 fuisse
660 2321 938 2390 videntur,
965 2336 1066 2378 cur
1100 2323 1308 2382 invitus
1337 2325 1478 2381 hanc
1503 2326 1842 2396 provinciam
1874 2326 1929 2381 in
1963 2340 2024 2382 se

433 2414 759 2484 susceperit.
791 2414 959 2486 Regio
986 2416 1296 2488 Cyrestica,
1329 2418 1456 2474 licet
1493 2419 1840 2490 octingentos
1868 2418 2021 2479 vicos

435 2507 943 2578 comprehenderet,
994 2518 1054 2564 ut
1101 2524 1170 2565 ex
1209 2510 1443 2580 epistola
1473 2512 1540 2567 ad
1594 2511 1835 2567 Leonem
1892 2512 2021 2568 data

436 2600 579 2672 (qua:
608 2609 692 2663 est
742 2600 864 2672 115)
899 2611 1069 2672 patet,
1099 2603 1202 2659 soli
1234 2611 1416 2660 tamen
1451 2605 1743 2661 sterilitate
1792 2620 2020 2677 magno-

434 2706 561 2761 pere
590 2692 963 2762 premebatur,
993 2695 1407 2765 montibusque,
1440 2704 1503 2749 ut
1548 2694 1748 2751 Noster
1782 2697 1849 2751 ad
1879 2694 2022 2751 Con-

435 2788 700 2840 stantium
737 2786 1054 2856 praefectum
1081 2788 1273 2844 scribit
1304 2787 1486 2859 (epist.
1510 2787 1624 2858 42),
1666 2788 1877 2845 inclusa
1901 2797 2022 2844 erat

437 2879 627 2933 multis
661 2888 716 2935 et
746 2881 983 2951 magnis,
1022 2881 1224 2953 partim
1256 2881 1423 2952 plane
1456 2882 1640 2948 nudis,
1682 2885 1881 2953 partim
1936 2882 2024 2936 in-

436 2969 734 3028 fructuosis
760 2973 1055 3029 arboribus
1088 2973 1341 3030 consitis.
1371 2972 1624 3029 Miseram
1654 2989 1877 3045 quoque
1902 2990 2022 3043 eam

2121 459 2306 514 omnia
2354 458 2520 522 videt,
2554 466 2690 528 quot
2726 457 2931 526 lapides
2969 471 3000 510 a
3050 454 3302 510 nefandis
3333 453 3617 509 haereticis
3677 451 3742 521 in

2121 568 2210 608 me
2235 554 2516 624 cunjcctos
2547 551 2882 622 exceperint,
2934 564 3098 620 quam
3151 548 3341 604 multis
3384 548 3439 603 in
3485 545 3744 602 urbibus

2122 645 2365 702 Orientis
2396 645 2701 701 certamina
2730 644 2866 723 mihi
2898 641 3189 699 subeunda
3247 640 3454 698 fuerint
3514 640 3743 697 adver-

2121 759 2219 802 sus
2255 743 2512 815 gentiles,
2540 742 2805 797 adversus
2837 738 3061 796 Judaeus
3095 748 3152 795 et
3203 740 3468 794 adversus
3518 749 3745 792 omnes

2121 836 2505 892 haereticorum
2535 848 2776 890 errores.
2810 852 2829 886 ι
2864 832 2991 890 Ητιεο
3014 842 3197 889 autem
3257 846 3327 887 ne
3380 829 3506 904 quis
3565 829 3741 902 justo

2120 928 2475 984 ambitiosius
2507 943 2538 983 a
2576 926 2779 1003 Nostro
2805 927 2949 983 dicta
2985 941 3111 982 esse
3147 933 3318 997 putet,
3375 922 3741 980 monendum

2118 1021 2244 1097 erit,
2299 1020 2496 1077 acerba
2547 1020 2648 1075 viri
2690 1019 2876 1075 multis
2900 1017 3304 1075 calamitatibus
3341 1031 3407 1073 eo
3466 1024 3744 1097 tempore

2120 1114 2365 1184 Oppressi
2408 1113 2517 1168 fata
2532 1113 2674 1169 hanc
2695 1114 2818 1168 vita:
2835 1112 2993 1182 quasi
3022 1111 3315 1182 imaginem
3345 1118 3400 1164 et
3426 1107 3738 1164 defensio-

2121 1222 2245 1263 nem
2276 1205 2627 1278 efﬂagitasse.
2662 1205 2818 1263 Alias
2850 1205 3069 1262 enimin
3086 1203 3340 1259 laudibus
3370 1202 3487 1258 suis
3515 1199 3743 1273 praedi-

2120 1300 2330 1367 candis,
2356 1299 2501 1371 quod
2523 1300 2786 1357 modestis
2808 1298 3091 1370 proprium
3105 1312 3226 1354 esse
3251 1296 3407 1360 solet,
3424 1296 3741 1361 estadmoe

2122 1393 2253 1449 dum
2288 1408 2509 1464 parcus.
2570 1393 2776 1464 Ecquis
2800 1393 2985 1463 itaque
3000 1399 3104 1459 est,
3129 1390 3222 1462 qui
3256 1406 3364 1446 non
3395 1388 3738 1462 perspiciat,

2119 1502 2339 1544 summo
2371 1488 2556 1547 studio
2585 1486 2846 1544 Nostrum
2908 1489 2962 1543 in
3007 1501 3075 1543 eo
3122 1487 3425 1551 laborasse,
3494 1493 3563 1539 ut
3625 1500 3741 1554 pu-

2119 1581 2321 1637 riorem
2366 1582 2484 1638 suis
2543 1580 2787 1637 traderet
2850 1579 3178 1646 doctrinam,
3236 1591 3469 1648 eamque
3523 1584 3741 1653 contra

2121 1670 2883 1744 quosvis‘errores'mascule
2913 1670 3276 1729 defenderet?
3313 1669 3378 1726 Et
3416 1669 3549 1749 quis
3612 1682 3734 1721 non

2122 1766 2419 1821 mirabitur
2451 1766 2834 1822 assiduitatem
2859 1774 2914 1823 et
2943 1765 3281 1843 indefessum
3314 1762 3555 1820 studium
3595 1761 3735 1826 viri,

2122 1860 2217 1930 qui
2246 1874 2371 1915 cum
2403 1860 2751 1930 octingentas
2798 1874 2947 1915 curae
2981 1875 3095 1915 sure
3126 1856 3456 1913 commissas
3493 1855 3736 1927 haberet

2122 1953 2422 2019 Ecclesiae,
2478 1955 2715 2009 aliorum
2764 1969 2986 2026 quoque
3015 1953 3314 2008 multorum
3360 1950 3526 2008 saluti
3592 1965 3736 2021 pro:-

2123 2043 2341 2119 spexi't'!
2399 2047 2514 2105 Hoc
2565 2049 2668 2105 sibi
2719 2049 2905 2104 datum
2959 2063 3084 2106 esse
3161 2047 3439 2117 negotium
3503 2042 3738 2116 putavit

2123 2142 2527 2211 Thcodoretus,
2565 2154 2625 2197 ut
2679 2159 2787 2198 non
2847 2141 3142 2215 Cyrcstica:
3180 2141 3343 2197 modo
3394 2138 3734 2211 provinciae,

2124 2238 2218 2295 sed
2247 2238 2599 2293 Antiochenis
2616 2252 2853 2309 quoque,
2874 2235 3329 2291 Berrhmensibus
3345 2234 3585 2303 aliisque
3602 2231 3735 2303 plu-.-

2125 2333 2280 2390 ribus
2311 2333 2554 2389 etelcstis
2596 2333 2864 2389 doctrinm
2898 2331 3159 2387 veritates
3223 2330 3521 2386 occasione
3557 2340 3734 2403 enata

2125 2436 2478 2497 proponeret.
2512 2425 2624 2479 Nec
2652 2425 2813 2481 laude
2842 2433 2991 2481 caret
3019 2422 3344 2490 liberalitas,
3388 2438 3498 2493 qua
3548 2436 3731 2493 egens

2127 2520 2276 2582 tibus
2322 2518 2600 2575 distribuit
2630 2519 2797 2581 bona,
2828 2533 2951 2588 quae
2981 2532 3010 2571 a
3042 2515 3362 2588 parentibus
3402 2524 3732 2585 acceperat,

2125 2613 2330 2678 omnia,
2358 2624 2411 2670 ct
2442 2613 2647 2669 reditus
2671 2628 2798 2672 suos
2827 2612 3059 2682 publica:
3084 2611 3309 2665 utilitati
3337 2608 3454 2683 [ll]
3521 2624 3733 2673 consc:

2126 2708 2318 2776 cravit.
2369 2706 2581 2774 Quibus
2611 2720 2671 2761 ut
2700 2704 2862 2759 fidem
2897 2703 3187 2770 faciamus,
3219 2704 3387 2760 verba
3433 2692 3620 2775 ipsius
3659 2719 3730 2779 es

2128 2803 2371 2875 Epistula
2403 2803 2469 2873 ad
2514 2801 2754 2877 Leonem
2786 2798 3163 2865 Romanorum
3194 2799 3509 2870 episcopum
3544 2814 3731 2871 appot-

2126 2898 2334 2952 nimus.
2370 2915 2388 2949 ι
2425 2894 2754 2965 Episcopatu
2807 2894 3008 2964 inquit,
3045 2901 3128 2947 tot
3186 2893 3348 2948 annis
3400 2903 3562 2963 gesto
3613 2906 3731 2951 non

2127 2987 2352 3042 domum
2405 2984 2699 3055 acquisivi,
2733 2998 2842 3038 non
2869 2997 3082 3052 agrum,
3137 2996 3246 3036 non
3305 2980 3553 3048 obolum,
3615 2994 3732 3046 non

434 3074 596 3121 vocat
621 3062 899 3136 regionem
931 3066 984 3122 in
1020 3067 1218 3122 litteris
1249 3067 1316 3124 ad
1344 3065 1690 3123 Pulcheriam
1718 3068 2019 3138 Augustam
2050 3087 2097 3151 ο
2127 3078 2461 3149 sepulcrum,
2494 3077 2585 3132 sed
2620 3082 2814 3146 sponte
2834 3080 3210 3144 paupertatem
3244 3070 3530 3141 amplexus
3573 3084 3729 3136 sum,

438 3158 585 3213 datis
616 3157 801 3229 (epist.
833 3160 948 3229 45).
981 3158 1152 3231 Magis
1179 3170 1362 3216 autem
1404 3160 1682 3221 deterrere
1710 3175 1836 3215 eum
1869 3170 2024 3230 pote-

441 3261 523 3306 rat
551 3251 996 3309 Marcieaitarum
1016 3256 1460 3325 Arianorumque
1490 3254 1726 3311 nefanda
1758 3254 2019 3325 haeresis,

438 3361 561 3415 qua:
588 3357 694 3402 tam
732 3349 870 3403 altas
903 3348 976 3402 ibi
1007 3356 1193 3420 egerat
1229 3349 1464 3415 radices,
1501 3358 1559 3403 ut
1587 3364 1696 3405 non
1736 3349 1856 3404 sine
1877 3364 2030 3405 sum-

438 3440 546 3495 niis
599 3439 1008 3498 difﬁcultatibus
1064 3441 1356 3513 exstirpari
1408 3444 1666 3514 potuerit.
1741 3441 1848 3499 Sed
1908 3458 2031 3514 qua:

437 3548 539 3605 per
567 3544 811 3588 extrema
851 3536 1097 3606 pericula
1136 3544 1190 3592 et
1221 3552 1473 3593 summas
1503 3537 1847 3593 calamitates
1896 3537 2027 3592 illu-

449 3626 620 3681 strior
649 3637 894 3696 apparet,
935 3628 1123 3684 divina
1156 3630 1352 3702 gratia,
1385 3639 1584 3701 prmsto
1615 3629 1720 3686 fuit
1758 3630 1820 3686 B.
1851 3628 2031 3687 Theo-

442 3721 656 3785 doreto,
684 3719 1042 3791 animumque
1071 3722 1149 3778 illi
1182 3724 1414 3791 addidit,
1452 3732 1513 3780 ut
1545 3724 1762 3794 abiecto
1785 3725 1937 3781 omni
1958 3723 2029 3780 ti-

440 3829 596 3868 more
624 3814 801 3870 adiret
827 3815 1191 3886 provinciam,
1225 3834 1368 3889 quae,
1406 3817 1454 3875 si
1512 3819 1619 3873 ulla
1647 3818 1777 3886 alia,
1819 3817 1928 3874 fido
1976 3826 2032 3874 et

441 3905 619 3975 perito
651 3922 789 3975 opus
819 3907 1060 3963 habebat
1090 3910 1356 3967 antistite.
1390 3909 1501 3966 Nec
1532 3926 1792 3969 successu
1838 3926 2031 3967 carue-

441 4006 574 4052 runt
605 4008 838 4055 conatus
864 4001 1006 4071 ejus,
1039 4001 1242 4073 quibus
1272 4018 1339 4060 eo
1374 4004 1551 4074 major
1599 4004 1827 4059 debetur
1890 4003 2029 4069 laus,

442 4108 555 4164 quo
590 4094 825 4165 majores
857 4096 1183 4166 superanda)
1241 4097 1468 4154 fuerunt
1496 4096 1863 4155 difﬁcultates.
1920 4096 2031 4152 llas

443 4187 617 4257 ipsius
647 4189 1091 4257 praestantissimi
1157 4191 1259 4251 viri
1292 4190 1478 4248 verbis
1501 4208 1567 4247 ex
1619 4193 1777 4262 epist.
1811 4192 1872 4248 8|
1934 4193 2031 4247 de-

418 4282 681 4353 .sumptis
711 4283 908 4340 Latino
932 4300 1188 4340 sermone
1219 4300 1507 4341 recensere
1528 4284 1762 4355 juvabit.
1809 4304 1828 4337 ι
1872 4284 2028 4351 Octo,

442 4376 644 4446 inquit,
702 4377 858 4433 vicos
904 4375 1167 4434 Marciani
1219 4378 1413 4434 haeresi
1461 4377 1713 4443 infectos,
1748 4394 1901 4450 aeque
1965 4394 2029 4434 ac

442 4465 595 4539 locos
630 4469 863 4535 vicinos,
887 4469 956 4524 ad
979 4468 1258 4524 veritatem
1284 4468 1528 4525 volentes
1552 4469 1799 4539 perduxi.
1834 4469 2024 4525 Vicum

444 4554 613 4610 alium
648 4557 1031 4630 Eunomianis,
1067 4559 1236 4615 alium
1270 4559 1488 4617 Arianis
1520 4558 1802 4627 refertum,
1833 4561 1900 4616 ad
1942 4562 2026 4615 di-

446 4648 587 4705 vina:
609 4653 939 4722 cognitionis
992 4654 1170 4710 lucem
1225 4654 1453 4720 adduxi,
1523 4654 1846 4724 nullumque
1908 4652 2029 4727 [l0]

447 4740 592 4811 apud
623 4756 746 4807 nos,
782 4742 874 4797 Dei
902 4744 1187 4813 beneficio,
1222 4746 1606 4805 haereticorum
1659 4746 1925 4815 reliquum
1948 4754 2033 4801 est

447 4834 661 4889 lolium.
713 4833 833 4888 Non
890 4836 1009 4891 sine
1051 4839 1309 4907 periculis
1362 4847 1546 4894 autem
1607 4838 1722 4893 haec
1780 4840 2031 4909 przestiti,

451 4929 544 4985 sed
580 4929 753 4984 elfuso
782 4929 982 4999 saepius
996 4934 1257 5004 sanguine
1286 4948 1429 4997 meo,
1458 4932 1603 4989 haud
1626 4949 1748 4988 raro
1762 4932 2034 5002 lapidibus

449 5021 521 5076 ab
547 5020 679 5092 ipsis
709 5023 935 5092 petitus,
970 5032 1025 5078 et
1060 5026 1216 5093 quasi
1275 5028 1341 5081 ad
1400 5027 1547 5097 ipsas
1600 5025 1794 5081 inferni
1847 5036 2034 5096 portas

450 5115 684 5170 delatus.
725 5133 743 5167 ›
782 5114 876 5170 llis
902 5116 1254 5187 respondent,
1274 5134 1396 5188 quae
1421 5121 1560 5175 idem
1579 5120 1745 5176 Leoni
1776 5120 2036 5190 episcopo

452 5207 703 5264 Romano
761 5208 953 5264 scribit
976 5209 1157 5279 (epist.
1192 5208 1335 5280 115),
1374 5230 1392 5263 ι
1431 5211 1620 5267 Divina
1646 5213 1775 5267 mihi
1805 5227 2037 5267 succur-

453 5311 605 5355 rente
634 5303 809 5372 gratia
844 5317 1010 5373 supra
1039 5301 1186 5356 mille
1215 5303 1429 5359 animas
1458 5318 1487 5357 a
1521 5304 1813 5362 Marcionis
1842 5306 2038 5361 morbo

454 5393 702 5458 liberavi,
765 5395 1076 5466 multasque
1100 5394 1238 5450 alias
1266 5411 1389 5466 quae
1411 5395 1523 5451 Arii
1549 5407 1603 5454 et
1625 5396 1877 5455 Eunomii
1907 5415 2037 5470 par-

455 5487 603 5544 tibus
632 5487 977 5546 adhaeserant
1014 5490 1083 5547 ad
1110 5489 1395 5545 Christum
1428 5487 1717 5547 Dominum
1781 5494 2035 5565 perduxi.

457 5579 525 5635 Et
573 5581 1013 5653 octingentarum
1067 5582 1427 5639 ecclesiarum
1490 5592 1677 5654 pastor
1713 5588 2041 5644 constitutus

454 5687 572 5726 sum
618 5673 721 5743 (tot
758 5674 903 5730 enim
937 5674 1115 5747 Cyrus
1156 5675 1320 5732 habet
1369 5675 1685 5754 parochias)
1727 5678 1783 5733 in
1841 5682 2042 5751 quibus

456 5764 647 5823 lolium
689 5766 899 5823 nullum
939 5767 1190 5826 relictum
1215 5776 1321 5837 est,
1355 5769 1452 5827 sed
1478 5768 1734 5826 omnibus
1757 5769 2042 5829 haaretico-

2130 3179 2186 3227 ct
2209 3185 2295 3236 ea,
2331 3185 2452 3240 quae
2479 3184 2511 3223 a
2536 3166 2857 3239 parentibus
2882 3178 3223 3236 acceperam,
3292 3172 3419 3233 post
3488 3162 3727 3218 illorum

2131 3271 2366 3318 mortem
2400 3261 2585 3318 statim
2610 3258 2888 3323 distribui,
2922 3267 2984 3314 ut
3024 3257 3209 3313 sciunt
3240 3271 3432 3312 omnes
3470 3255 3572 3324 qui
3630 3254 3733 3309 ha-

2130 3352 2308 3408 bitant
2337 3351 2392 3406 in
2421 3351 2659 3406 Oriente.
2694 3370 2716 3402 ι
2747 3348 2948 3404 Eadem
2987 3345 3101 3403 fere
3147 3355 3280 3403 sunt
3325 3362 3449 3418 qua:
3481 3345 3554 3401 ad
3611 3344 3729 3401 No-

2132 3461 2284 3502 nium
2317 3445 2599 3511 consulem
2655 3442 2871 3508 scribit,
2922 3456 3046 3512 qua:
3086 3456 3154 3497 ne
3203 3440 3485 3511 longiores
3546 3440 3727 3495 simus

2128 3540 2241 3612 jam
2307 3529 2636 3605 omittimus,
2683 3545 2739 3592 et
2788 3537 2892 3592 ista
2947 3544 3164 3591 tantum
3216 3552 3283 3591 ex
3332 3534 3436 3590 hac
3490 3531 3726 3606 epistola

2133 3634 2279 3706 (quae
2308 3642 2392 3690 est
2419 3632 2756 3704 octogesima
2806 3631 3008 3703 prima)
3055 3629 3113 3685 in
3155 3631 3234 3685 rei
3287 3628 3448 3685 fidem
3493 3627 3728 3686 adduci-

2133 3743 2297 3794 mus,
2349 3711 2472 3798 quae
2529 3724 2812 3797 providam
2870 3723 2989 3795 ejus
3036 3722 3104 3779 de
3148 3723 3330 3779 salute
3408 3721 3560 3779 urbis
3608 3734 3728 3779 sua:

2133 3836 2324 3877 curam
2387 3826 2680 3875 testantur.
2718 3835 2738 3870 ε
2777 3817 3049 3885 Publicas,
3109 3815 3305 3887 inquit.
3364 3815 3634 3886 porticus,
3687 3827 3721 3869 e

2133 3911 2441 3970 redditibus
2470 3909 2864 3966 ecclesiasticis
2895 3908 3064 3974 erexi,
3112 3918 3304 3979 pontes
3353 3908 3493 3965 duos
3546 3905 3724 3962 maxi-

2132 4020 2253 4059 mos
2270 4002 2534 4066 exstruxi,
2567 4001 2887 4056 balneorum
2918 3998 3295 4055 communium
3327 4013 3516 4054 curam
3549 3997 3715 4070 gessi,

2133 4110 2367 4166 cumque
2395 4111 2461 4149 ex
2491 4094 2729 4148 alluente
2758 4091 2923 4147 fluvio
2951 4106 3147 4162 aquam
3180 4091 3234 4147 in
3260 4092 3449 4148 urbem
3474 4100 3718 4149 nostram

2133 4190 2336 4246 deferri
2368 4188 2693 4251 invenirem,
2747 4186 3128 4256 aqumductum
3160 4184 3343 4257 parari
3399 4183 3608 4249 curavi,
3667 4191 3722 4236 et

2134 4286 2324 4340 urbem
2356 4297 2495 4353 aqua
2529 4289 2801 4336 carentem
2834 4279 2993 4349 aquis
3023 4279 3281 4349 replevi.»
3319 4277 3446 4335 Haec
3478 4275 3719 4346 insignia

2136 4377 2189 4430 in
2221 4377 2369 4432 cives
2402 4375 2558 4430 urbis
2590 4373 2714 4446 Cyri
2749 4373 2945 4428 collata
3004 4372 3271 4429 beneficia
3326 4379 3715 4429 commemorat

2134 4483 2354 4541 quoque
2383 4470 2436 4523 in
2468 4467 2692 4537 epistola
2725 4466 2792 4521 ad
2822 4465 3133 4521 Anatolium
3154 4465 3439 4537 patricium
3472 4465 3614 4536 (quae
3628 4467 3713 4515 est

2136 4563 2540 4634 septuagesima
2574 4577 2722 4617 nona
2754 4560 3008 4631 numero)
3038 4561 3216 4623 vdata.
3276 4559 3561 4622 Mircntur,
3618 4552 3712 4625 qui

2136 4655 2252 4710 haec
2284 4654 2489 4724 legunt,
2527 4667 2707 4706 raram
2767 4650 2949 4707 Nostri
2999 4650 3052 4705 in
3114 4652 3316 4720 Opibus
3367 4644 3718 4718 disponendis

2135 4750 2584 4819 collocandisque
2615 4749 3069 4810 moderationem.
3105 4756 3376 4820 quantum
3413 4746 3650 4803 abfuerit
3686 4760 3717 4799 a

2138 4843 2279 4898 lucri
2329 4842 2587 4913 cupidine
2644 4841 3116 4912 immoderateque
3165 4843 3440 4898 bonorum
3498 4839 3723 4896 saecula-

2140 4938 2280 4991 rium
2343 4951 2468 5001 usu,
2521 4944 2575 4991 et
2654 4950 2820 5005 quam
2910 4935 3135 5006 dignum
3196 4949 3429 5005 persona
3485 4930 3723 5004 episcopi

2142 5030 2432 5101 putaverit,
2491 5045 2601 5087 non
2653 5029 2816 5087 modo
2873 5044 3061 5085 curam
3136 5029 3446 5084 animarum
3485 5038 3723 5104 gerere,

2140 5127 2233 5183 sed
2267 5126 2429 5182 saluti
2462 5142 2683 5196 quoque
2711 5135 2952 5181 externae
2982 5140 3239 5190 suorum,
3270 5138 3575 5193 eorumque
3630 5134 3726 5176 ne-

2139 5221 2484 5276 cessitatibus
2517 5221 2822 5291 invigilare.
2884 5219 3062 5275 Studii
3120 5218 3285 5289 hujus
3334 5218 3480 5290 quod
3511 5216 3725 5272 laudem

2141 5330 2274 5370 sane
2301 5323 2561 5379 meretur,
2590 5322 2645 5368 et
2674 5313 2860 5383 inquo
2890 5312 2976 5368 vix
3009 5311 3109 5367 sibi
3125 5326 3308 5382 parem
3340 5310 3531 5367 habuit
3551 5311 3730 5364 Theo-

2142 5404 2387 5469 doretus,
2424 5420 2597 5457 unum
2631 5403 2936 5458 alterumve
2965 5401 3147 5457 adhuc
3194 5415 3632 5458 commemorare
3661 5398 3728 5452 li-

2143 5504 2266 5550 ceat
2296 5494 2695 5550 testimonium.
2730 5492 3151 5563 Euphratesiam
3207 5493 3442 5564 ejusque
3495 5492 3726 5563 primam

2144 5582 2332 5637 urbem
2375 5583 2600 5653 Cyrum,
2632 5583 2937 5654 ingressus,
2997 5597 3119 5639 cum
3178 5597 3317 5654 opus
3344 5599 3468 5641 esse
3521 5582 3730 5638 videret

2143 5680 2393 5743 medicis,
2426 5694 2645 5735 omnem
2694 5680 2845 5737 dedit
2897 5696 3141 5752 Operam,
3198 5693 3261 5738 ut
3308 5683 3444 5740 artis
3471 5678 3729 5739 salutaris

2145 5772 2461 5829 exercendae
2490 5771 2697 5842 peritos
2727 5773 2794 5829 ad
2824 5772 2969 5832 hanc
2997 5775 3340 5847 provinciam
3383 5774 3726 5833 incolendam
