4038 6210
300 310 357 377 Η
1656 316 1874 378 DlSSE

1984 318 2178 379 ΑΤΙΟ.
3482 314 3555 378 42

305 430 561 501 pter-ibus
635 430 947 497 adduceret,
1012 448 1248 502 quorum
1310 450 1477 487 unum
1555 451 1882 504 magnopere
1911 443 1956 499 Α
1988 435 2109 490 foro
2139 436 2285 491 civili
2317 449 2493 504 poena:
2541 443 2877 502 statuuntur,
2934 450 3043 489 non
3084 445 3266 490 autem
3298 435 3366 491 de
3423 452 3557 490 ron-

302 521 705 578 commendavit
750 523 950 592 Apella:
979 524 1032 578 in
1065 525 1293 594 epistola
1341 542 1463 597 qua:
1492 537 1577 582 est
1616 526 1723 581 115
1774 543 1879 581 nn-

305 631 476 670 mero.
510 614 623 670 Nec
673 612 790 688 [l2]
820 618 1005 673 minus
1051 627 1360 688 paternum,
1395 635 1506 690 quo
1561 636 1693 676 suos
1725 621 1873 676 {ove-

304 708 408 770 bat,
441 724 688 764 amorem
721 718 950 766 testatus
977 718 1082 777 est,
1114 728 1238 767 cum
1271 712 1546 785 Cyrestica
1581 723 1723 770 terra
1749 730 1879 770 one-

306 800 447 855 ribus
493 801 732 872 publicis
763 819 1093 875 magnopere
1122 817 1481 874 premeretur.
1515 806 1667 863 Adeo
1696 808 1876 879 ipsum

307 893 532 964 angebat
560 909 753 950 eorum
806 912 947 967 quos
993 912 1141 952 cura!
1170 913 1284 954 suae.
1328 899 1657 956 commissos
1708 900 1878 956 habe-

309 987 669 1052 batmiscria,
703 997 761 1042 ut
791 1005 891 1058 pro
944 990 1185 1044 lcvandis
1236 990 1495 1047 oneribus
1553 992 1674 1047 istis
1734 995 1877 1063 apud

308 1081 649 1138 Pulcheriam
682 1083 981 1155 Augustam
1011 1093 1067 1140 et
1111 1085 1497 1143 Constantium
1556 1085 1875 1159 praefectum

307 1172 697 1230 intercederet:
731 1191 853 1244 quae
883 1185 1116 1247 utraque
1149 1177 1380 1246 epistola
1438 1178 1530 1249 μὶ
1559 1188 1614 1233 et
1642 1178 1757 1250 45),
1820 1193 1880 1235 ut

308 1274 649 1335 argumento,
693 1265 774 1321 sic
805 1282 1023 1337 quoque
1060 1282 1291 1323 numero
1321 1277 1404 1324 est
1457 1278 1707 1339 cognata.
1766 1268 1879 1326 Nec

304 1355 515 1410 silentio
549 1359 927 1427 praetereunda
957 1368 1042 1413 est
1071 1359 1275 1413 eximia
1324 1358 1416 1414 illa
1478 1360 1877 1425 muniﬁcentia,

302 1463 400 1519 qua
435 1460 554 1518 post
582 1436 949 1521 expugnatam
1000 1467 1032 1506 a
1065 1451 1325 1508 Vaudalis
1383 1463 1439 1508 et
1464 1452 1732 1523 direptam
1754 1452 1882 1511 Car-

303 1540 570 1610 thaginem
611 1542 754 1596 haud
786 1545 1121 1614 paucos,qui
1145 1560 1270 1603 cum
1291 1554 1534 1601 extrena
1564 1554 1881 1616 paupertate

297 1630 759 1698 ,colluctabamur,
792 1633 1091 1690 liberaliter
1130 1636 1370 1706 h05pitio
1401 1637 1635 1706 exeo-pit,
1667 1648 1721 1692 et
1748 1654 1877 1709 pro-

302 1722 420 1776 vida
467 1738 568 1777 sua
594 1738 728 1778 cura
757 1724 1013 1796 dignatus
1041 1736 1148 1792 est,
1181 1728 1234 1782 in
1261 1729 1455 1797 primis
1486 1728 1876 1795 Celestiacum,

300 1826 460 1881 quem
493 1821 684 1882 postea
713 1814 906 1871 amicis
954 1815 1071 1871 suis
1102 1817 1287 1887 (epist.
1320 1818 1516 1890 29-56)
1574 1821 1642 1875 de
1670 1821 1880 1875 meliori

300 1904 731 1961 commendavit.
766 1903 1040 1961 llactenus
1071 1906 1125 1960 in
1161 1909 1514 1963 recensendis
1545 1907 1880 1965 Theodoreti

299 1995 612 2059 virtutibus,
649 2005 708 2051 ut
740 2012 837 2068 par
864 2007 1005 2064 erat,
1038 1999 1290 2069 occupati
1322 1999 1550 2064 fuimus,
1584 2016 1707 2072 qua:
1760 2019 1881 2058 om-

300 2102 416 2151 nes,
461 2088 505 2141 si
536 2088 851 2155 conjuncta:
890 2099 1233 2162 spectantur,
1294 2093 1582 2148 amabilem
1646 2096 1759 2149 veri
1798 2095 1884 2156 di-

298 2178 500 2250 gnique
545 2180 811 2238 antistitis
853 2183 1114 2238 exhibent
1169 2185 1484 2255 imaginem.
1552 2185 1691 2242 Huic
1748 2187 1882 2257 quid

297 2270 516 2342 adjungi
571 2272 746 2343 possit
806 2273 893 2328 vel
952 2273 1164 2341 debeat,
1206 2291 1315 2330 non
1386 2275 1658 2334 videmus.
1713 2276 1879 2344 Num,

298 2376 507 2432 quaeso,
556 2362 653 2433 qui
698 2364 816 2418 haec
842 2364 1028 2419 omnia
1065 2364 1472 2436 legerit,lidem
1504 2376 1749 2424 nostram
1773 2369 1879 2424 du-

300 2454 442 2509 biam
474 2454 684 2521 reddet,
718 2455 765 2511 si
799 2456 1122 2524 dixerimus,
1172 2472 1298 2513 eum
1352 2460 1448 2530 qui
1506 2459 1574 2515 de
1626 2461 1881 2519 erunibus

297 2547 435 2602 bene
464 2549 685 2613 mereri,
725 2560 782 2604 et
813 2564 924 2604 non
966 2549 1085 2605 suis
1138 2551 1322 2617 modo,
1355 2550 1448 2606 sed
1478 2540 1699 2616 exteris;
1714 2553 1879 2608 etiam

295 2639 622 2711 benignum,
654 2641 932 2697 liberalem
968 2658 1032 2698 ac
1062 2643 1385 2699 muuilicum
1416 2659 1476 2698 se
1492 2645 1749 2701 exhibere
1771 2658 1883 2703 stuo

295 2733 437 2797 duit,
476 2750 675 2806 pacem
700 2752 922 2806 quoque
972 2737 1234 2803 coluisse,
1291 2738 1366 2793 ita
1425 2749 1486 2793 ut
1540 2755 1643 2796 nec
1696 2742 1763 2796 de
1828 2743 1881 2797 vi

297 2835 480 2896 aperta
525 2826 620 2881 ulli
660 2827 829 2891 illata,
863 2843 962 2882 nec
991 2828 1058 2883 de
1087 2828 1214 2884 dolo
1246 2829 1373 2885 aliis
1404 2838 1616 2885 structo
1638 2848 1879 2902 unquam

296 2920 570 2985 accusari,
605 2922 722 2975 sive
747 2921 800 2975 in
827 2921 919 2991 jus
946 2923 1136 2979 vocari
1165 2922 1443 2995 potuerit?
1472 2923 1551 2979 lta
1582 2926 1730 2979 omni
1752 2926 1880 2996 jure

295 3016 362 3069 de
390 3012 590 3071 Nostro
621 3014 997 3083 statuendum,
1031 3034 1134 3074 nec
1170 3019 1282 3073 ullo
1312 3018 1551 3089 amplius
1583 3035 1724 3089 opus
1755 3034 1879 3074 esse

295 3118 555 3179 putamus
604 3109 946 3165 testimonio.
993 3109 1221 3176 Tamen,
1254 3128 1322 3166 ne
1356 3111 1443 3167 vel
1507 3111 1612 3168 levi
1692 3113 1877 3181 suspi-

292 3200 438 3255 cioni
471 3202 815 3273 relinquatur
839 3203 1014 3269 locus,
1051 3212 1246 3260 testem
1279 3203 1644 3260 excitabimus
1673 3203 1881 3275 episto-

294 3293 401 3348 lam
485 3310 652 3364 quam
702 3296 850 3351 dedit
896 3298 962 3352 ad
1008 3295 1245 3352 Nomum
1309 3297 1614 3354 consulem.
1672 3296 1730 3351 In
1776 3296 1881 3352 hac

293 3390 439 3459 (qua:
458 3391 650 3446 ordine
698 3401 783 3447 est
808 3390 899 3461 8|)
963 3391 1159 3447 scribit
1189 3411 1201 3447 :
1245 3410 1263 3443 ι
1293 3392 1482 3448 Annos
1513 3390 1703 3462 viginti
1721 3390 1883 3462 quin-

293 3500 401 3554 que
431 3485 507 3541 ita
556 3485 688 3552 vixi,
741 3494 801 3540 ut
832 3500 1012 3556 neque
1059 3485 1113 3540 in
1149 3485 1243 3555 jus
1277 3495 1505 3541 vocatus
1552 3487 1655 3543 sim
1684 3504 1715 3543 a
1747 3502 1882 3556 quo-

292 3591 480 3645 quam,
512 3592 692 3647 neque
722 3577 841 3646 ipse
886 3593 1221 3648 quemquam
1274 3581 1674 3638 accusaverim.
1724 3582 1879 3640 Toti-

293 3666 417 3721 dem
478 3666 639 3722 anuis
695 3666 879 3723 nullus
925 3667 1467 3739 religiosissimorum
1530 3672 1876 3741 clericorum,

292 3757 497 3827 quibus
527 3772 813 3828 praeeram,
849 3757 1146 3813 tribunalia
1170 3757 1559 3829 frequentavit.
1591 3760 1709 3818 Non
1743 3764 1876 3821 obo-

293 3851 431 3913 lum,
465 3866 571 3905 non
602 3861 810 3906 vestem
843 3866 875 3905 a
898 3866 1177 3921 quoquam
1233 3853 1448 3923 sumpsi
1483 3873 1497 3909 :
1554 3870 1622 3910 ne
1653 3858 1876 3925 unicum

293 3943 517 4014 quidem
566 3960 783 4014 panem,
821 3954 917 3999 aut
972 3960 1137 3999 ovum
1187 3943 1303 4018 [151
1353 3947 1499 4004 ullus
1548 3949 1881 4006 domestico-

296 4052 419 4091 rum
478 4052 724 4092 meorum
756 4039 969 4108 accepit
1002 4053 1266 4108 unquam.
1298 4040 1503 4096 Prazter
1554 4043 1881 4112 panuiculos

294 4130 496 4197 quibus
532 4129 775 4184 amictus
806 4146 953 4196 sum,
988 4130 1123 4184 nihil
1181 4132 1461 4200 possidere
1514 4135 1684 4190 volui.
1723 4156 1743 4189 ι
1805 4138 1882 4193 lla

294 4234 516 4289 quoque
544 4220 612 4274 ad
644 4219 998 4291 Eutrecbinm
1030 4220 1369 4290 praefectum,
1402 4225 1617 4289 eodem,
1654 4226 1713 4281 'ut
1767 4227 1880 4299 jam

293 4308 428 4364 alibi
458 4310 798 4381 notavimus,
838 4321 1102 4382 tempore,
1154 4314 1406 4369 scribens
1439 4315 1621 4387 (epist.
1651 4318 1742 4388 80)
1804 4329 1884 4374 te-

294 4411 495 4469 statur,
529 4420 590 4459 se
619 4419 718 4459 nec
748 4403 928 4458 forum
949 4404 1204 4475 judiciale
1227 4408 1603 4479 interpellasse
1620 4428 1882 4483 unquam,

1983 527 2268 583 troversiis
2302 541 2426 597 qua:
2453 526 2522 581 de
2547 526 2816 593 capitibus
2848 526 2971 582 lidci
3016 525 3309 596 agitantur,
3366 528 3559 597 quales

1982 620 2086 691 ipsi
2139 636 2265 675 cum
2295 620 2499 690 Cyrillo
2528 621 2987 675 intercesserunt.
3055 619 3307 690 Longiori
3368 632 3555 674 contra

1980 711 2257 768 Oudimnn
2309 727 2418 768 non
2472 729 2612 785 opus
2646 714 2757 768 erit
2812 712 3205 784 disputatione,
3255 726 3445 782 quam,
3493 729 3561 767 ne

1980 807 2267 877 scriptoris
2289 807 2462 863 nostri
2493 823 2716 861 causam
2754 808 3005 861 deserere
3036 807 3365 871 videremur,
3395 805 3560 858 omit-
3639 829 3642 835 ι

1981 909 2095 953 tere
2143 900 2363 968 quidem
2395 914 2501 953 non
2534 901 2836 970 potuimus,
2872 900 3196 969 protrahere
3227 908 3406 952 tamen
3462 912 3561 949 no-

1977 988 2182 1054 lumus,
2212 988 2341 1059 quia
2369 988 2435 1044 de
2457 991 2846 1052 controversia,
2871 1004 2991 1058 quae.
3020 989 3161 1043 inter
3187 986 3442 1043 Nostrum
3479 997 3562 1039 at-

1978 1094 2087 1148 que
2114 1078 2377 1149 Cyrillum
2411 1080 2613 1151 agitata
2640 1090 2742 1147 est,
2778 1081 2834 1135 in
2864 1082 3114 1150 proxima
3150 1080 3313 1149 hujus
3345 1078 3560 1134 Disser-

1983 1172 2208 1226 tationis
2244 1180 2419 1240 parte,
2452 1173 2521 1228 ad
2550 1188 2715 1244 quam
2763 1175 3168 1246 progredimur,
3205 1188 3385 1228 sermo
3416 1188 3562 1226 nunc

1982 1265 2322 1319 instituetur.

2054 1354 2256 1427 Viginti
2283 1367 2339 1412 et
2365 1357 2508 1428 quod
2538 1357 2779 1412 excurrit
2803 1374 3070 1413 annorum
3115 1358 3340 1413 historia
3376 1368 3563 1413 texen-

1981 1450 2049 1504 da
2083 1460 2167 1505 est
2202 1451 2381 1514 nobis,
2432 1466 2557 1505 cum
2591 1452 2647 1505 in
2699 1452 2872 1507 altera
2920 1449 3055 1505 Vita:
3090 1452 3250 1518 hujus
3301 1460 3453 1521 parte
3496 1451 3563 1503 de

1982 1542 2146 1597 rebus
2176 1543 2345 1613 gestis
2376 1540 2701 1598 Theodoreti
2750 1559 2921 1613 usque
2955 1543 3021 1598 ad
3074 1542 3363 1598 concilium
3398 1541 3562 1595 Chal-

1984 1633 2289 1689 cedonense
2319 1637 2594 1705 exponere
2623 1635 2979 1690 constitutum
3011 1635 3103 1689 sit.
3144 1633 3349 1689 Rerum
3378 1633 3565 1687 dicen-

1983 1729 2179 1784 darum
2207 1730 2345 1787 ordo
2368 1731 2526 1802 jubet
2576 1738 2637 1785 ut
2670 1730 2880 1785 initium
2921 1730 3184 1784 faciamus
3220 1731 3288 1783 ab
3316 1729 3419 1782 illis
3444 1744 3565 1797 qua:

1984 1821 2275 1880 concilium
2303 1820 2421 1896 [14]
2442 1822 2769 1893 Ephesinum
2790 1822 2961 1892 prius,
2986 1822 3129 1892 quod
3156 1822 3210 1875 in
3231 1836 3359 1874 anu.
3380 1821 3479 1875 451
3500 1818 3562 1874 C.

1984 1914 2196 1979 incidit,
2230 1922 2646 1984 praecesserunt.
2699 1913 2845 1969 Lites
2884 1930 3031 1969 nunc
3070 1913 3391 1967 enarranda:
3439 1921 3567 1966 sunt

1982 2006 2393 2071 funestissima,
2417 2024 2543 2078 quae
2568 2009 2623 2063 in
2649 2022 2816 2064 causa
2841 2006 3099 2071 Nestorii,
3129 2007 3281 2077 impii
3306 2006 3563 2067 hominis,

1982 2114 2092 2155 non
2126 2100 2246 2156 sine
2279 2101 2517 2155 maxima
2541 2101 2854 2155 animorum
2885 2102 3256 2166 contentione,
3288 2101 3341 2155 in
3372 2100 3567 2155 Orien-

1982 2192 2073 2245 tali
2102 2198 2157 2246 et
2186 2191 2525 2246 Occidentali
2569 2189 2815 2247 Ecclesia
2844 2205 2911 2247 eo
2948 2201 3191 2262 tempore
3230 2192 3425 2262 agitari
3454 2207 3568 2246 roe-

1982 2290 2198 2352 perunt.
2226 2280 2321 2336 llis
2351 2283 2496 2337 enim
2532 2284 2718 2340 litibus
2750 2282 2889 2339 adeo
2923 2284 3170 2340 involuta
3195 2294 3279 2339 est
3308 2283 3567 2339 Theodo-

1983 2372 2085 2427 reti
2126 2374 2261 2441 vita,
2297 2383 2378 2439 ut,
2417 2374 2512 2444 qui
2563 2374 2708 2429 hanc
2737 2374 3048 2430 describere
3078 2375 3409 2445 aggreditur,
3445 2374 3568 2429 illas

1982 2463 2213 2534 attingat
2243 2479 2469 2521 necesse
2495 2465 2588 2520 sit.
2615 2462 2694 2519 Ne
2725 2471 2908 2519 autem
2935 2465 3265 2533 quibusdam
3298 2465 3567 2519 lectorum

1983 2556 2282 2612 obscurum
2332 2558 2425 2620 sit.
2474 2557 2618 2612 unde
2664 2567 2785 2611 orta
2842 2558 3007 2612 fuerit
3057 2557 3236 2612 acrior
3288 2557 3377 2611 illa
3426 2557 3571 2611 inter

1982 2649 2245 2721 Cyrillum
2279 2659 2335 2706 et
2365 2648 2771 2706 Theodorctum
2823 2650 3143 2720 disputatio,
3198 2650 3359 2720 paulo
3406 2650 3569 2705 altius

1981 2747 2289 2813 repetenda:
2321 2754 2483 2799 erunt
2532 2743 2653 2812 ejus
2692 2744 2951 2816 origines.
2987 2743 3343 2799 Notissimum
3388 2744 3569 2798 omni—

1983 2836 2095 2895 bus.
2119 2851 2241 2890 esse
2275 2835 2456 2901 debet,
2509 2835 2693 2890 minus
2735 2846 2883 2892 recte
2924 2836 2992 2891 de
3026 2837 3209 2890 divina
3235 2837 3441 2892 Christi
3473 2852 3570 2891 na-

1984 2937 2105 2983 tura
2135 2936 2190 2983 et
2217 2928 2285 2983 de
2315 2928 2690 2983 incarnatione
2721 2930 2959 2985 sensisse
3002 2928 3335 2995 Nestorium,
3382 2929 3475 2998 qui
3506 2945 3570 2983 eo

1985 3031 2230 3092 tempore
2268 3020 2897 3086 Constantinopolitanae
2947 3018 3205 3077 Ecclesiae
3259 3031 3378 3077 erat
3430 3036 3570 3091 pra:-

1986 3112 2181 3168 l'ectus.
2220 3111 2326 3165 Per
2355 3112 2680 3179 discipulos,
2718 3120 2777 3166 ut
2803 3111 2918 3165 ﬁeri
2958 3114 3116 3173 solet,
3147 3112 3313 3182 impia
3349 3126 3573 3181 sparge-

1986 3204 2082 3259 bat
2108 3206 2361 3275 dogmata
2387 3219 2509 3268 sua,
2559 3203 2611 3257 in
2643 3204 2835 3274 primis
2870 3219 2965 3272 per
2995 3202 3368 3270 Auastasium,
3404 3220 3570 3274 quem

1985 3298 2222 3354 habebat
2252 3299 2651 3369 presbyterum,
2688 3298 2779 3364 qui
2824 3313 2923 3366 pro
2961 3297 3225 3352 concione
3276 3297 3571 3368 aliquando

1987 3391 2241 3456 dixerat,
2308 3390 2595 3460 Deiparam
2657 3388 2931 3460 Virginem
2984 3388 3244 3442 Θεοτόκον
3296 3389 3403 3445 dici
3458 3405 3571 3446 non

1985 3499 2167 3555 posse.
2207 3483 2512 3541 Accusatus
2546 3500 2576 3537 a
2611 3484 2758 3538 clero
2809 3480 3433 3549 Constantinopolitano,
3471 3482 3574 3537 de-

1985 3578 2173 3633 fensus
2212 3585 2391 3631 autem
2436 3586 2521 3632 est
2567 3593 2597 3630 a
2627 3574 2899 3630 Nestor-io.
2943 3573 3084 3628 Hinc
3120 3574 3229 3629 illa:
3293 3575 3565 3646 lacrymrc.

1984 3669 2149 3739 Ignis,
2184 3668 2279 3738 qui
2313 3667 2548 3736 primum
2576 3667 2628 3721 in
2658 3668 2793 3722 urbe
2822 3666 2964 3736 regia
2994 3666 3228 3736 gliscere
3258 3667 3567 3731 videbatur,

1987 3777 2113 3815 tnox
2145 3761 2201 3815 in
2246 3759 2499 3815 ﬂammas
2532 3759 2874 3828 erumpebat,
2925 3768 2981 3812 et
3024 3773 3132 3813 non
3183 3759 3345 3814 modo
3394 3767 3568 3813 totum

1985 3851 2260 3907 Orientem
2295 3850 2642 3920 pervadebat,
2685 3848 2782 3903 sed
2824 3849 3053 3904 Romam
3096 3864 3315 3920 quoque
3356 3848 3574 3905 defere-

1987 3944 2166 3999 batur.
2213 3942 2566 4005 Caalestiuus,
2614 3941 2867 3998 Ecclesia:
2899 3941 3157 3997 Romana:
3191 3943 3295 3996 hoc
3325 3951 3574 4012 tempore

1987 4038 2238 4099 antistes,
2287 4053 2317 4091 a
2351 4037 2553 4107 Cyrillo
2604 4036 2657 4089 in
2713 4035 3019 4091 subsidium
3068 4044 3320 4101 vocatus,
3378 4036 3572 4102 primis

1985 4130 2115 4185 mali
2147 4128 2310 4199 hujus
2340 4129 2529 4194 initiis,
2560 4144 2627 4182 ne
2678 4143 2832 4183 mora
2869 4128 3285 4183 diuturnitatem
3327 4129 3572 4184 attrahe-

1987 4232 2089 4289 ret,
2121 4223 2338 4278 obviam
2371 4222 2611 4277 eumlum
2643 4237 2764 4281 esse
2814 4220 3039 4289 putavit,
3074 4220 3183 4290 igni
3223 4236 3355 4274 vero
3387 4221 3572 4276 olemn

1987 4317 2270 4373 aﬂ'undere
2318 4315 2467 4372 visus
2509 4324 2615 4371 est.
2671 4314 3013 4370 Seven-iorem
3058 4314 3205 4367 enim
3249 4313 3411 4368 istam
3446 4313 3573 4366 tulit

1991 4414 2341 4478 sententiam,
2387 4429 2496 4484 qua
2524 4411 2778 4467 Nestorio
2808 4411 3214 4481 injungebatur,
3249 4409 3391 4461 intra
3422 4406 3572 4462 deci-

294 4510 402 4550 nec
430 4496 497 4550 ab
527 4498 639 4551 ullo
669 4496 921 4553 criminis
953 4513 1106 4554 reum
1137 4515 1261 4556 esse
1289 4510 1494 4556 actum.
1528 4503 1663 4570 Quis
1694 4506 1879 4574 itaque
1914 4522 1957 4577 ι)
1983 4525 2133 4564 mum
2179 4525 2212 4563 a
2261 4506 2537 4578 publicata
2589 4504 2859 4559 sententia
2906 4504 3074 4566 diem,
3126 4500 3407 4556 erroribus
3452 4500 3572 4555 suis

294 4588 368 4644 de
426 4589 529 4643 viri
559 4590 802 4656 lenitate,
832 4588 1091 4659 aequitate
1121 4601 1175 4645 et
1204 4607 1335 4663 erga
1369 4593 1509 4649 alios
1531 4594 1882 4667 justitiajure

293 4681 681 4738 dubitaverit?
710 4682 1041 4756 Magnopere
1072 4685 1259 4754 itaque
1318 4687 1608 4755 miramur,
1666 4687 1882 4745 Oudino

297 4776 469 4831 verba
501 4775 606 4831 ista
640 4777 889 4848 potuisse
940 4778 1214 4845 excidere,
1248 4795 1376 4848 qua:
1405 4791 1621 4836 exstant
1652 4792 1808 4837 tomo
1859 4785 1881 4839 ι

292 4866 377 4921 De
407 4868 591 4938 script.
623 4869 839 4934 cedem,
868 4885 921 4938 ιι.
955 4868 1117 4924 1056.
1154 4887 1173 4920 ι
1210 4870 1347 4926 Cum
1406 4873 1712 4927 exercuerit
1771 4883 1880 4929 tam

294 4961 533 5030 grandes
592 4960 910 5016 inimicitias
969 4961 1234 5017 adversus
1290 4960 1560 5032 Cyrillum
1606 4964 1764 5018 Alex.
1830 4974 1884 5019 et

291 5063 426 5108 ante
452 5055 721 5122 synodum
755 5053 1104 5121 Ephesiuam,
1135 5069 1257 5123 quae
1309 5070 1452 5108 anno
1480 5056 1578 5109 451
1611 5056 1754 5111 facta
1775 5067 1880 5122 est,

228 5134 231 5135 ⁷
290 5152 352 5199 et
406 5154 528 5213 post
554 5145 849 5215 synodum,
882 5146 1239 5201 amarulentis
1273 5146 1328 5201 in
1381 5163 1500 5201 eam
1550 5150 1881 5219 conscriptis

296 5236 455 5292 libris
488 5253 503 5290 :
536 5238 727 5304 miror,
760 5254 868 5308 qua
901 5238 1116 5294 ratione
1173 5236 1555 5295 Theodoretus
1596 5241 1876 5310 glorietur,

293 5328 516 5399 sibique
561 5330 912 5399 potissimum
970 5331 1039 5385 de
1095 5331 1330 5386 mititate
1386 5331 1773 5388 abblandiatur
1825 5335 1881 5389 in

293 5422 535 5492 epistola
563 5423 625 5477 81
664 5424 733 5479 ad
762 5422 1019 5479 Nonium.
1063 5442 1081 5475 ι
1118 5422 1396 5480 Hmcsatis
1420 5437 1608 5494 aperte
1641 5426 1882 5495 produnt

292 5514 808 5586 interpretationem
843 5532 872 5570 a
904 5532 1072 5575 sensu
1117 5516 1404 5586 scriptoris
1459 5518 1877 5574 alienissimam.

293 5608 434 5664 Cum
459 5592 607 5664 enim
628 5610 826 5663 Noster
853 5611 919 5663 ad
949 5609 1185 5667 Nomum
1210 5622 1266 5667 et
1295 5609 1648 5667 Eutrechium
1670 5612 1877 5677 scribit,

294 5716 400 5758 nec
434 5718 495 5759 se
525 5718 626 5758 nec
656 5717 884 5757 suorum
933 5720 1261 5773 quemquam
1311 5702 1691 5773 l‘requentasse
1717 5703 1883 5756 δικα-

297 5797 544 5869 στήριον,
577 5796 643 5850 de
674 5793 1000 5850 criminibus
1041 5795 1268 5865 intelligi
1314 5796 1514 5861 voluit,
1573 5794 1774 5865 quibus
1826 5792 1883 5847 in

274 5929 486 5962 ηιοη,
528 5890 801 5950 Parnm.
847 5891 962 5949 Gn.
1002 5887 1231 5988 LXX}.

1987 4599 2106 4655 vale
2133 4599 2335 4663 dicere,
2387 4608 2440 4651 et
2470 4596 2759 4651 duodecim
2805 4595 3060 4664 capitulis
3092 4593 3206 4647 sive
3245 4592 3571 4648 anathema-

1986 4692 2166 4747 tismis
2213 4705 2245 4743 a
2278 4689 2485 4760 Cyrillo
2511 4687 2829 4758 compositis
2856 4683 3222 4748 subscribere,
3262 4684 3468 4748 addita,
3508 4694 3572 4739 ut

1984 4785 2028 4839 si
2060 4797 2222 4837 secus
2252 4780 2474 4846 faceret,
2507 4778 2805 4850 episc0pali
2840 4777 2969 4832 sede
2997 4776 3306 4848 ejiceretur,
3339 4774 3571 4831 commi-

1987 4875 2226 4931 natione.
2253 4873 2375 4927 Alia
2404 4882 2585 4927 autem
2622 4869 2871 4925 medendi
2905 4869 3137 4933 ratione,
3166 4877 3223 4923 et
3252 4867 3449 4937 majori
3481 4865 3570 4920 in-

1987 4966 2185 5036 primis
2216 4966 2434 5020 lenitate
2482 4980 2622 5032 opus
2675 4962 2888 5017 fuisset.
2940 4959 3224 5017 Nestorius
3251 4960 3420 5024 enim,
3453 4960 3568 5016 sive

1985 5058 2186 5129 ingenii
2231 5073 2343 5128 quo
2392 5056 2626 5125 pollebat
2658 5054 2935 5133 acumine,
2988 5063 3043 5109 et
3094 5052 3403 5122 eloquentia
3458 5067 3568 5120 qua

1986 5153 2190 5207 multos
2215 5166 2317 5206 suo
2348 5148 2466 5221 [15]
2496 5160 2737 5218 tempore
2766 5148 3081 5217 superabat,
3110 5146 3299 5208 fretus,
3328 5144 3441 5198 sive
3470 5159 3568 5197 au-

1986 5244 2217 5299 licorum
2242 5257 2381 5313 quos
2401 5241 2455 5294 in
2482 5240 2615 5295 urbe
2646 5239 2791 5310 regia
2819 5239 3055 5293 habebat
3089 5235 3351 5299 fautores,
3380 5235 3570 5288 amici-

1987 5336 2082 5400 tia,
2100 5348 2277 5403 eaque
2293 5348 2400 5402 qua
2418 5333 2469 5386 in
2490 5330 2710 5386 Oriente
2726 5331 3058 5399 conspicuus
3075 5336 3195 5382 erat
3221 5326 3565 5390 auctoritate,

1985 5428 2100 5483 sive
2127 5424 2364 5494 denique
2398 5424 2629 5478 aliorqu
2663 5422 3028 5493 quorumdam
3064 5419 3446 5487 episcoporum
3481 5433 3571 5472 as-

1986 5533 2174 5579 sensu,
2219 5515 2478 5570 audacior
2526 5513 2735 5580 factus,
2785 5513 2991 5583 sprevit
3036 5510 3318 5567 leestini
3367 5509 3567 5565 minas.

1988 5606 2078 5661 Sic
2112 5622 2195 5661 res
2224 5605 2403 5661 delata
2434 5615 2517 5661 est
2561 5606 2629 5659 ad
2662 5603 2957 5659 concilium
3015 5602 3347 5671 Ephesinum
3394 5601 3569 5668 prius,

1987 5713 2082 5752 seu
2123 5697 2522 5752 (ecumenieum
2575 5696 2829 5760 tertium,
2882 5693 2972 5749 cui
3017 5692 3270 5762 praesedit
3313 5690 3569 5761 Cyrillus,

1988 5793 2104 5862 qui,
2136 5792 2460 5862 priusquam
2504 5790 2798 5846 haberetur
2830 5786 3126 5843 concilium
3165 5784 3319 5848 illud,
3362 5783 3573 5836 litteras

3144 5876 3178 5914 ί)
