4038 6210
480 224 552 289 83
1425 221 1521 281 DE
1562 222 1737 282 ΥΙΤΛ
1793 223 1887 283 ET
1943 224 2055 282 SCI

2160 223 2284 282 "l‘lS
2322 225 2368 282 Τ
2374 224 2421 282 ll
2433 222 2812 286 EODOBETI
3677 228 3753 292 44

482 337 763 398 εωιυειῑηί
790 336 940 392 misit
967 334 1032 390 ad
1061 334 1348 407 episcopos
1377 334 1683 389 Antiochiae
1714 344 1768 389 ct
1809 333 2065 390 llicroso-
2094 338 2139 393 Α
2170 342 2349 389 autem
2402 346 2555 402 parte
2587 337 2963 393 'l‘heodorctus
3015 338 3219 395 litteras
3260 348 3451 395 contra
3485 340 3751 413 Cyrillum

481 433 663 503 lytnze,
693 440 750 485 ut
779 428 880 483 hos
909 442 937 481 a
970 426 1231 481 societate
1264 440 1386 479 cum
1414 422 1671 478 Nestorio
1701 422 1937 478 incunda
1965 423 2061 478 de-

484 530 731 579 terreret.
787 517 883 574 liis
930 517 1127 576 litteris
1156 525 1461 571 commotus
1489 513 1728 569 Joannes
1757 510 2062 568 Antiochia:

468 617 771 687 cpiscopus
803 612 1024 683 scripsit
1071 609 1137 663 ad
1171 607 1504 673 Nestorium,
1555 622 1713 678 quem
1756 606 2057 671 admonuit,

478 723 545 766 ut
572 710 637 766 ad
666 708 937 766 saniorem
976 705 1131 761 tidem
1163 706 1384 771 rediret,
1416 711 1706 770 motusque
1732 701 1784 756 in
1817 699 2061 756 Ecclesia

481 804 745 859 excitatos
798 800 1029 856 sedaret.
1092 799 1242 853 Hanc
1305 796 1589 867 epistolam
1642 796 1800 849 bonae
1864 795 2061 851 mentis

482 909 671 953 testem
720 893 1116 962 charitatisquc
1167 894 1380 960 plenam
1414 886 1661 944 nonnulli
1712 885 2061 943 Theodorcto

480 998 668 1045 nostro
695 988 962 1052 tribuunt,
1017 999 1181 1055 quam
1230 981 1553 1037 sententiam
1590 995 1696 1034 non
1728 980 1847 1035 sine
1892 982 2060 1035 multa

481 1083 676 1137 fiducia
702 1078 958 1152 proponit
985 1076 1282 1132 Garnerius
1308 1078 1460 1130 Auct.
1494 1090 1546 1144 p.
1593 1072 1659 1127 59
1686 1083 1739 1129 et
1766 1090 1820 1145 p.
1855 1074 1976 1135 H9,
2004 1075 2058 1129 in

477 1175 643 1230 dubio
691 1185 872 1229 autem
923 1171 1152 1243 positam
1205 1183 1326 1224 esse
1374 1166 1512 1223 dicit
1565 1168 1694 1223 ibid.
1759 1184 1811 1238 p.
1860 1166 1968 1222 469
2009 1177 2061 1221 et

468 1284 531 1338 ,p.
566 1268 690 1321 474.
737 1264 1010 1335 Quidquid
1060 1264 1151 1328 sit,
1188 1261 1392 1316 sciente
1454 1270 1509 1315 et
1557 1261 1818 1316 suadente
1860 1257 2061 1315 Nostro

478 1357 781 1427 composita
807 1371 930 1412 esse
960 1355 1173 1408 videtur
1198 1351 1426 1422 epistola
1456 1352 1546 1406 illa
1572 1395 1588 1419 ,
1610 1367 1734 1422 quas
1761 1353 2051 1407 obtinendt

478 1451 571 1504 lini
608 1464 711 1504 suo
757 1448 980 1503 omnino
1018 1455 1134 1500 erat
1176 1444 1484 1515 aptissima,
1524 1444 1571 1499 si
1603 1460 1757 1501 mens
1788 1462 1894 1500 non
1928 1446 2060 1501 lucra

477 1542 669 1597 fuisset
698 1538 971 1594 Nestorio.
1002 1536 1100 1592 llic
1130 1552 1278 1603 vero,
1309 1546 1368 1592 ut
1398 1537 1575 1593 solent
1604 1538 1694 1608 qui
1726 1538 2060 1609 pertinacius

477 1634 753 1688 adhaerent
775 1631 1023 1688 consiliis
1057 1630 1191 1696 suis,
1224 1630 1403 1685 locum
1432 1646 1541 1684 non
1577 1630 1726 1686 dedit
1753 1631 2056 1686 amicorum

456 1724 878 1790 'adliortationi,
930 1722 1024 1779 sed
1079 1723 1275 1777 horum
1335 1722 1541 1779 abusus
1588 1723 1796 1794 judicio
1845 1725 2056 1796 rogavit

468 1815 759 1879 ‘Joannetn,
811 1824 870 1870 ut
907 1814 1321 1870 refutandorutn
1362 1814 1647 1869 duodecim
1681 1814 1866 1886 Cyrilli
1925 1829 2055 1870 atta-

459 1906 947 1961 ‘thematismorum
974 1920 1222 1976 operam,
1244 1904 1474 1975 periculi
1513 1914 1642 1960 tunc
1663 1906 1921 1976 temporis
1943 1906 2056 1977 ple-

462 2015 624 2064 nam,
657 1998 892 2054 deferret
918 1998 1050 2052 viris
1078 1998 1287 2068 peritis.
1309 1996 1450 2053 Sors
1473 1999 1573 2053 ista
1608 1997 1836 2054 Andreae
1864 1998 2056 2054 Samo~

473 2100 686 2154 sateno,
727 2101 802 2155 et,
837 2089 982 2160 quod
1026 2088 1298 2152 dolemus,
1327 2086 1671 2144 Theodoreto
1714 2089 1925 2160 obtigit.
1978 2089 2053 2143 Ita

458 2183 676 2235 factum
705 2191 808 2245 est,
845 2189 903 2235 ut
931 2181 1025 2250 qui
1069 2181 1135 2235 ad
1165 2195 1227 2235 ea
1257 2194 1433 2250 usque
1469 2188 1709 2249 tempora
1741 2180 1881 2236 bene
1909 2182 2054 2251 apud

471 2288 663 2328 omnes
692 2273 993 2337 audiverat,
1028 2273 1168 2328 male
1198 2272 1337 2342 apud
1368 2272 1568 2327 multos
1597 2274 1829 2339 audiret,
1863 2283 1916 2329 et
1945 2274 2054 2329 liti-

463 2365 576 2418 'bus
613 2378 734 2417 sese
763 2363 1057 2432 ingereret,
1092 2377 1231 2432 quas
1265 2361 1571 2417 declinasse
1601 2362 1796 2418 melius
1826 2365 2054 2419 omnino

474 2455 691 2511 fuisset.
728 2455 798 2509 At
837 2470 966 2510 vero
1000 2455 1172 2508 multa
1222 2466 1369 2517 sunt,
1408 2470 1528 2525 quae
1560 2454 1771 2509 tuenda:
1798 2454 2054 2510 Theodo-

475 2544 577 2598 reti
631 2559 812 2598 causae
859 2544 1186 2599 inserviunt.
1231 2545 1352 2600 llaec
1385 2544 1633 2599 Garnerii
1677 2547 1857 2617 potius
1889 2562 2052 2617 quam

475 2648 667 2692 nostro
702 2637 926 2693 nomine
960 2652 1245 2693 recensere
1281 2639 1519 2707 juvabit,
1569 2648 1628 2694 ut
1656 2650 1932 2709 appareat,
1971 2641 2052 2693 vel

473 2731 607 2800 ipsis
633 2731 766 2785 adeo
798 2730 1125 2786 adversariis
1156 2731 1416 2800 patuisse,
1452 2733 1629 2786 virum
1660 2731 2052 2802 praestantissi-

475 2838 648 2887 munt,
681 2821 785 2877 etsi
828 2821 1051 2876 humani
1084 2821 1288 2891 aliquid
1337 2837 1532 2891 passus
1570 2819 1685 2894 [16]
1738 2823 1829 2887 sit,
1872 2831 2050 2876 tamen

472 2931 582 2968 non
619 2915 738 2969 sine
786 2912 944 2967 laude
975 2929 1208 2983 pugnam
1250 2929 1374 2968 cum
1433 2913 1637 2983 Cyrillo
1684 2913 1928 2969 inivisse.
1977 2913 2051 2969 Ita

470 3016 653 3061 autem
705 3005 1006 3061 Garnerius
1057 3006 1214 3059 Auct.
1267 3020 1321 3074 p.
1371 3004 1523 3059 12οε
1577 3005 1904 3074 «Ingerebat
1937 3020 2053 3061 sese
2084 3043 2126 3098 ϐ

469 3098 690 3152 occasio
718 3095 1062 3166 optatissime
1096 3095 1444 3151 conserendae
1470 3112 1664 3167 pugnae
1690 3112 1815 3151 cum
1852 3096 2054 3167 (ἒν-ηις)

458 3190 767 3245 multarum
800 3187 1107 3259 palmarum
1151 3187 1309 3249 duce,
1344 3201 1517 3256 eoque
1546 3185 1713 3243 totius
1754 3187 1868 3243 fere
1905 3189 2053 3245 orbis

470 3280 807 3346 doctissimo,
854 3289 905 3334 et
948 3288 1129 3334 tamen
1167 3288 1457 3348 opportuno
1495 3278 1815 3345 vulneribus,
1857 3289 1917 3335 ut
1949 3280 2051 3350 ipsi

471 3374 692 3444 quidem
722 3372 1027 3427 videbatur.
1071 3370 1320 3425 Audendi
1353 3385 1520 3426 causa
1552 3385 1661 3426 non
1705 3379 1915 3426 tantum
1956 3373 2051 3425 Ito-

473 3475 643 3529 nesta,
683 3463 858 3518 amico
886 3462 1156 3516 laboranti
1189 3477 1345 3532 opem
1382 3460 1564 3528 ferre;
1609 3462 1703 3517 sed
1733 3462 1895 3517 etiam
1930 3462 2053 3517 reli-

471 3557 641 3627 giosa,
675 3553 920 3608 obsistere
946 3553 1146 3608 homini
1188 3562 1366 3624 partes
1393 3553 1715 3623 Apollinarii
1748 3555 1804 3608 in
1831 3556 2051 3622 speciem

473 3648 661 3703 tuenti.
719 3646 1014 3701 Pulchrum
1057 3655 1174 3700 erat
1216 3644 1469 3700 auxiliari
1500 3643 1750 3700 Nestorio
1777 3645 1927 3701 urbis
1963 3661 2049 3701 re-

471 3739 574 3810 gia:
622 3736 876 3798 antistiti,
933 3736 1069 3790 aula:
1113 3735 1372 3805 gratioso,
1421 3745 1475 3790 et
1528 3736 1695 3790 simul
1738 3750 2052 3806 oppugnare

471 3827 753 3902 Cyrillum,
792 3827 949 3897 cujus
996 3826 1258 3896 potentia,
1294 3840 1404 3897 quo
1434 3827 1609 3897 major
1649 3827 1717 3883 ab
1742 3826 2052 3883 Occidentis

470 3920 678 3984 favore.
708 3935 775 3976 eo
801 3918 1122 3973 invidiosior
1155 3916 1367 3973 Orienti
1398 3927 1564 3990 atque
1592 3919 1727 3990 ipsis
1757 3919 2049 3989 imperato-

468 4011 625 4067 ribus
655 4008 1054 4065 formidahilior
1089 4029 1100 4063 :
1141 4010 1371 4079 urgebat
1410 4010 1662 4080 praesulis
1702 4010 2047 4076 mandatum,

470 4102 559 4157 cui
607 4116 799 4172 parcre
850 4101 1032 4170 pium,
1081 4100 1351 4156 obsistere
1398 4100 1656 4158 intutum.
1716 4102 2052 4157 Anathema-

472 4197 666 4251 tismos
695 4208 944 4263 arguere,
972 4192 1102 4263 quid
1131 4193 1399 4249 aliud.....
1431 4192 1729 4260 videretur,
1769 4208 1930 4265 quam
1969 4194 2051 4248 la-

470 4301 689 4343 cessere
714 4300 973 4357 pugnam,
1002 4300 1122 4355 quae
1144 4287 1275 4341 orbe
1297 4298 1411 4342 toto
1439 4295 1722 4357 spectante
1744 4286 2049 4359 peragenda

2166 423 2311 478 dedit
2350 428 2415 479 ad
2461 429 2762 483 monachos
2806 430 3203 500 Euphratcsiae,
3239 431 3429 503 Syriae,
3461 430 3754 490 Phoenices

2165 526 2219 573 et
2248 516 2470 585 Cilicim,
2505 537 2640 589 quas
2674 522 2914 593 integras
2942 522 3130 578 Grmce
3159 534 3208 578 et
3248 522 3445 579 Latine
3475 540 3578 581 suo
3609 533 3751 581 tem-

2164 627 2317 682 pore,
2353 612 2399 668 si
2441 612 2583 667 Deus
2616 614 2779 668 vitam
2815 613 2929 688 [i7]
2972 617 3227 686 viresque
3260 617 3612 685 concesserit,
3649 635 3750 674 ex-

2167 705 2495 761 hibebimus.
2543 705 2688 761 lnter
2714 707 2979 762 ἀνέκδοτα
3012 709 3117 764 huc
3153 724 3327 780 usque
3353 710 3536 765 locum
3574 711 3749 766 tenuit

2162 797 2407 869 Epistula
2458 799 2582 863 illa,
2644 798 2804 869 cujus
2851 801 3103 871 exiguam
3156 811 3366 858 tantum
3425 813 3632 874 partem
3660 820 3743 863 σω

2164 890 2316 946 Actis
2360 891 2551 962 synodi
2607 908 2639 946 v
2689 892 2837 946 dedit
2867 889 3189 960 Garnerius,
3229 894 3390 949 Auct.
3440 911 3493 966 p.
3525 896 3613 962 62,
3653 897 3746 952 sed

2162 993 2371 1039 tantum
2422 983 2635 1051 Latine,
2692 985 2818 1054 quia
2870 986 3186 1056 apographo
3238 987 3482 1058 cpistola:
3528 1005 3652 1059 qua:
3694 991 3746 1045 in

2163 1072 2284 1130 cod.
2316 1074 2551 1144 quodam
2595 1074 2853 1143 Augustae
2889 1075 3234 1131 biblimhecae
3276 1074 3507 1133 Vindob.
3542 1088 3745 1146 exstat,

2165 1169 2362 1231 caruit,
2393 1183 2500 1234 uno
2531 1167 2693 1222 nobis
2715 1167 2827 1238 jam
2867 1167 2973 1222 frui
3006 1168 3172 1224 licuit.

2232 1258 2417 1315 Rebus
2444 1259 2515 1313 ita
2545 1259 2825 1329 dispositis
2848 1260 3109 1315 indictum
3137 1274 3221 1316 est
3244 1262 3541 1333 imperante
3565 1263 3747 1320 Tbco—

2163 1353 2321 1408 dosio
2375 1353 2667 1407 concilium
2713 1350 2913 1422 Ephesi
2958 1354 3420 1423 congregandum.
3457 1354 3744 1409 Convene-

2158 1455 2292 1500 runt
2320 1460 2518 1515 magno
2548 1459 2776 1500 numero
2802 1443 3010 1509 Patres,
3044 1447 3249 1517 primas
3280 1449 3453 1503 tenuit
3482 1446 3745 1520 Cyrillus,

2160 1537 2252 1607 qni
2286 1538 2529 1602 absente,
2577 1553 2692 1601 seu,
2718 1545 2779 1591 ut
2825 1537 3105 1593 nonnullis
3136 1541 3317 1593 visum
3351 1547 3456 1603 est,
3493 1542 3748 1596 consulto

2160 1645 2344 1686 moras
2372 1632 2620 1686 trahente
2642 1628 2852 1686 Joanne
2880 1631 3185 1689 Antiochia:
3206 1635 3485 1705 episcopo,
3522 1635 3746 1691 feralem

2161 1730 2351 1776 contra
2382 1719 2692 1777 Nestorium
2725 1720 2862 1775 dixit
2893 1723 3239 1777 sententiam.
3279 1722 3385 1779 Sed
3413 1724 3614 1779 animis
3632 1724 3746 1795 jam

2162 1812 2449 1869 concitatis
2480 1812 2667 1868 multae
2702 1811 2908 1867 oborta:
2950 1824 3079 1869 sunt
3103 1814 3297 1871 turbae.
3328 1814 3568 1871 Joannes
3600 1817 3747 1872 enim

2160 1907 2536 1962 Antiochenus
2591 1922 2716 1963 cum
2782 1907 3124 1973 advenisset,
3181 1908 3414 1980 Cyrillo,
3469 1908 3747 1965 Memnoni

2164 2001 2364 2072 Ephesi
2393 2000 2673 2071 episcopo,
2702 2008 2756 2055 et
2781 2002 2875 2055 toti
2903 1999 3138 2055 concilio
3161 2016 3489 2071 magnopere
3520 2017 3750 2058 succen-

2162 2093 2293 2156 suit,
2341 2092 2570 2162 aliisqne
2612 2091 2668 2145 in
2700 2091 3020 2147 societatem
3063 2106 3222 2147 suam
3259 2092 3445 2147 ascitis
3478 2092 3748 2164 Cyrillum

2161 2185 2567 2246 exauctoravit,
2621 2184 2965 2254 graviterque
3010 2182 3066 2238 in
3117 2199 3312 2239 omnes
3360 2183 3748 2239 animadvertit

2161 2277 2253 2348 qui
2309 2276 2377 2331 ab
2430 2275 2576 2330 illius
2607 2270 2854 2345 partibus
2900 2282 3184 2330 Steterant.
3222 2273 3426 2344 Majora
3464 2275 3547 2332 rei
3577 2290 3748 2332 sacrm

2161 2365 2452 2422 metuenda
2481 2365 2711 2421 fuissent
2733 2366 2898 2432 mala,
2922 2365 3027 2421 nisi
3059 2365 3355 2438 imperator
3376 2365 3746 2433 Theodosius.

2161 2460 2227 2524 de
2253 2459 2568 2530 perturbato
2611 2457 2870 2514 Ecclesiae
2899 2465 3045 2514 statu
3085 2459 3289 2515 certior
3327 2457 3531 2527 factus,
3565 2460 3746 2530 provi-

2162 2552 2347 2613 disset,
2385 2567 2450 2605 nc
2483 2549 2613 2620 quid
2649 2551 2717 2605 ab
2764 2559 2992 2621 utraque
3046 2562 3200 2622 parte
3249 2564 3535 2624 ageretur,
3576 2555 3746 2611 donec

2162 2659 2325 2699 eiusa
2352 2652 2495 2698 esset
2517 2644 2752 2714 cognita.
2784 2642 2963 2700 Variis
2993 2653 3174 2699 tamen
3198 2646 3427 2714 artibus,
3451 2647 3746 2703 comitum-

2161 2751 2287 2804 qnc,
2325 2733 2525 2803 quibus
2564 2735 2642 2789 rei
2693 2734 3086 2806 cognoscendae
3130 2751 3263 2791 cura
3315 2737 3382 2792 ab
3412 2738 3747 2809 imperatore

2161 2826 2452 2881 commissa
2502 2834 2639 2893 erat,
2693 2827 2938 2882 consiliis
2967 2826 3214 2882 eﬂectum
3254 2836 3358 2892 est.
3411 2838 3471 2884 ut
3531 2833 3745 2888 tandem

2160 2916 2402 2972 dimissis
2438 2916 2692 2972 l'atrihus
2731 2916 2843 2974 fere
2887 2929 3083 2974 cuncta
3134 2919 3188 2974 in
3222 2920 3451 2990 pristino
3483 2932 3626 2980 statu
3656 2941 3744 2981 re-

2160 3018 2465 3075 manerent,
2514 3009 2835 3065 confirmata
2885 3018 3068 3065 tamen
3107 3013 3378 3068 sententia
3414 3023 3606 3071 contra
3635 3014 3738 3072 Ne-

2162 3100 2393 3154 storium
2441 3102 2817 3171 pronuntiata.
2856 3104 3115 3160 Proximo
3151 3117 3276 3176 post
3307 3106 3412 3161 hoc
3450 3110 3737 3165 concilium

2161 3200 2402 3262 tempore
2437 3192 2645 3257 odium,
2679 3195 2820 3264 quod
2854 3196 3095 3252 nondum
3124 3199 3361 3268 sopitum
3391 3211 3535 3266 erat,
3575 3217 3739 3259 nevas

2158 3285 2315 3356 quasi
2345 3287 2548 3357 recepit
2577 3287 2743 3353 vires,
2786 3296 2838 3343 ct
2867 3289 3214 3344 occasionem
3249 3289 3399 3345 dedit
3427 3293 3738 3349 celebratis-

2158 3378 2313 3434 simis
2343 3378 2451 3433 illis
2479 3378 2722 3449 quinque
2752 3379 2927 3446 libris,
2962 3395 3103 3451 quos
3128 3380 3510 3440 Theodoretus
3553 3395 3736 3439 contra

2153 3469 2411 3541 Cyrillum
2445 3478 2499 3525 et
2527 3471 2820 3526 concilium
2864 3470 3196 3541 Ephesinum
3236 3477 3616 3543 composuisse
3652 3476 3736 3530 di-

2156 3563 2315 3617 citur.
2354 3561 2420 3617 Hi
2451 3577 2777 3632 magnopere
2805 3563 3201 3633 displicucrunt
3229 3563 3419 3636 Cyrilli
3452 3565 3731 3621 sectatori-

2155 3656 2279 3718 bus,
2306 3665 2360 3709 et
2387 3653 2561 3709 Mario
2582 3653 2866 3709 Mercatori
2903 3655 3036 3710 adeo
3063 3657 3433 3713 exsccrabiles
3460 3658 3558 3712 visi
3583 3668 3724 3722 sunt,

2156 3755 2215 3802 ut
2246 3745 2485 3802 scribere
2518 3760 2627 3799 non
2655 3745 2932 3801 erubuerit
2973 3744 3241 3818 (Operum
3279 3757 3315 3802 t.
3345 3746 3412 3812 ll,
3444 3747 3528 3803 ed.
3562 3746 3724 3802 Garn.

2155 3853 2209 3908 p.
2244 3836 2374 3907 265)
2407 3835 2666 3893 Nostrum
2729 3837 3024 3908 instigante
3052 3837 3267 3894 diabolo
3297 3839 3423 3896 illos
3457 3852 3726 3893 exarasse.

2152 3927 2265 3984 Nec
2285 3929 2468 3984 minus
2489 3928 2794 3984 Garnerius
2815 3929 2886 3983 ob
2915 3928 3085 3983 libros
3113 3928 3227 4002 [18]
3262 3929 3397 3987 istos
3424 3929 3732 3987 succensuit

2154 4021 2499 4077 Theodoreto
2525 4040 2538 4077 :
2564 4020 2768 4076 erravit
2795 4031 2998 4088 autem,
3035 4038 3158 4078 cum
3191 4025 3349 4079 Auct.
3380 4040 3436 4094 p.
3473 4023 3574 4078 125
3597 4023 3733 4079 srri-

2152 4112 2251 4177 bit,
2302 4113 2422 4191 illos
2466 4114 2627 4184 jussu
2680 4114 2971 4171 Theodosii
3026 4117 3370 4187 imperatoris
3424 4117 3733 4172 combustos

2153 4220 2294 4271 esse,
2325 4205 2468 4275 quod
2493 4216 2670 4262 tamen
2700 4222 2755 4278 p.
2785 4207 2911 4271 259,
2936 4206 3174 4279 Dialogis
3196 4209 3314 4265 istis
3340 4209 3435 4279 qui
3458 4206 3731 4260 Eranism

2154 4311 2251 4352 seu
2288 4295 2678 4369 Polymcrplms
2717 4299 2962 4368 inscripti
2993 4308 3140 4367 sunt,
3173 4298 3438 4357 accidisse
3465 4297 3728 4370 perhibet,

468 4391 730 4436 esset.....
771 4377 914 4444 Quid
948 4378 1158 4431 multa?
1204 4377 1584 4433 illecebrosum
1617 4386 1754 4445 erat,
1783 4377 1893 4433 dici
1928 4378 2052 4433 ubi-
2084 4411 2130 4469 1)
2158 4399 2374 4444 noram.
2404 4388 2525 4444 ideo
2559 4390 2629 4445 ab
2654 4388 2870 4446 oudin
2893 4390 2935 4456 ι,
2969 4407 3021 4461 ρ,
3056 4391 3214 4446 ηοι,

464 4488 576 4542 que
602 4482 893 4535 terrarum,
925 4469 1070 4541 quod
1122 4470 1329 4524 solebat
1371 4469 1697 4534 Antiochiae,
1729 4470 2055 4541 eloquentiae

472 4564 798 4619 miraculum
838 4574 892 4618 et
924 4562 1192 4617 doctrinae
1233 4562 1562 4632 prodigium.
1595 4580 1613 4613 ι
1660 4561 1826 4617 Multa
1856 4562 1944 4618 his
1971 4563 2054 4616 in-

474 4664 622 4719 sunt,
672 4669 793 4724 quae
824 4665 965 4709 recte
994 4667 1049 4708 et
1095 4657 1351 4724 praeclare
1400 4653 1535 4707 dixit
1560 4652 1891 4721 Garnerius;
1927 4663 2056 4709 sunt

471 4761 602 4802 vero
635 4747 821 4808 etiam,
849 4762 969 4816 qua:
996 4746 1267 4802 infensam
1296 4760 1423 4816 erga
1460 4744 1864 4801 Tlteodoretum
1896 4761 2055 4802 men-

470 4851 580 4896 tem
609 4846 895 4895 testantur.
1528 4832 1533 4841 ‘

545 4931 731 5002 Signis
759 4928 1018 4999 utrinque
1047 4930 1194 4985 datis
1245 4930 1401 4998 quasi
1440 4930 1844 4985 concurrebant
1882 4931 2051 4986 acies.

473 5020 552 5079 Ne
579 5036 708 5078 vero
733 5021 920 5090 dispar
936 5032 1080 5075 esset
1104 5036 1297 5092 pugnae
1323 5024 1485 5088 ratio,
1515 5022 1767 5094 quisquis
1793 5022 2056 5079 dimican-

438 5118 609 5171 tium
638 5129 860 5186 operam
916 5113 1081 5169 dabat
1131 5123 1191 5168 ut
1234 5131 1395 5183 quam
1439 5115 1707 5186 plurimos
1752 5115 1819 5170 ad
1872 5126 2055 5186 partes

473 5223 604 5266 suas
630 5207 893 5262 alliceret.
929 5203 1041 5259 llac
1066 5213 1247 5260 mente
1273 5205 1509 5276 Cyrillus
1534 5207 1818 5277 epistolam
1843 5207 1913 5262 ad
1941 5223 2056 5263 mo-

473 5300 681 5356 nachos
719 5297 939 5369 ,Ευριί
986 5295 1229 5366 scripsit,
1276 5311 1478 5367 eosque
1529 5298 1782 5355 hortatus
1832 5308 1937 5366 est,
1986 5316 2056 5355 ne

474 5392 705 5447 Nestorii
740 5389 972 5445 fallaciis
1006 5386 1235 5443 insidias
1263 5387 1368 5441 sibi
1397 5390 1534 5442 strui
1564 5398 1899 5460 paterentur.
1935 5391 2054 5446 Lit-

474 5484 607 5540 teris
637 5483 807 5549 hisce,
856 5495 924 5535 ne
967 5491 1228 5535 successu
1259 5488 1526 5544 carerent,
1571 5481 1817 5551 adjunxit
1852 5484 2056 5539 duode-

474 5577 583 5635 cim
630 5576 889 5648 capitula,
937 5574 1161 5642 suisque
1199 5570 1378 5627 effecit
1426 5572 1659 5639 artibus,
1713 5589 1773 5631 ut
1825 5577 1881 5631 in
1938 5576 2052 5648 ipsa

477 5674 610 5728 adeo
642 5670 774 5727 urbe
810 5669 957 5740 regia
994 5663 1182 5723 multis
1209 5673 1413 5723 metum
1450 5666 1736 5723 incuteret.
1769 5669 1846 5723 Ex
1879 5670 2047 5726 altera

2226 4480 2483 4552 Cyrillus,
2523 4480 2615 4551 qui
2650 4481 2703 4535 in
2733 4481 2944 4554 synodo
2980 4481 3251 4552 Ephesina
3291 4497 3358 4537 ex
3385 4478 3605 4537 arbitrio
3631 4491 3728 4532 suo

2156 4573 2339 4627 onutia
2357 4573 2647 4642 disponere
2662 4577 2929 4643 'cmperat,
2950 4575 3230 4630 adversam
3254 4583 3435 4629 autem
3460 4571 3727 4626 fortunam

2155 4664 2351 4718 deinde
2380 4672 2638 4734 expertus
2665 4673 2803 4729 erat,
2832 4674 3040 4720 mutata
3065 4679 3249 4720 rerum
3277 4664 3415 4721 faeie
3445 4661 3592 4733 pacis
3618 4658 3731 4730 agi-

2158 4754 2305 4809 tabat
2348 4754 2596 4810 consilia.
2654 4756 2857 4810 Parum
2914 4757 3060 4811 enim
3114 4753 3355 4826 proflcua
3403 4752 3504 4823 ipsi
3555 4748 3730 4803 fuerat

2156 4845 2527 4900 controversia
2564 4846 2665 4901 ista
2708 4861 2832 4901 cum
2880 4846 3271 4912 Orientalibus,
3317 4855 3373 4901 et
3415 4839 3729 4914 gravissime

2156 4936 2509 5007 premebatur
2574 4936 2795 5005 scriptis
2863 4952 2894 4991 a
2958 4935 3161 4992 Nostro
3221 4931 3556 5004 compositis.
3619 4925 3730 4982 Nec

2155 5025 2394 5081 Joannes
2424 5027 2729 5082 Antiochiae
2758 5028 3048 5097 episcopus
3072 5042 3101 5083 e
3134 5042 3190 5082 re
3213 5042 3317 5081 sua
3335 5039 3456 5079 esse
3478 5019 3727 5085 ducebat,

2159 5118 2342 5173 litibus
2376 5119 2527 5174 hisce
2558 5120 2761 5174 diutius
2792 5120 3077 5183 inluercre,
3129 5133 3252 5172 cum
3296 5115 3440 5171 nulla
3482 5127 3607 5183 spes
3653 5110 3730 5164 illi

2158 5208 2365 5279 reliqua
2394 5216 2561 5275 esset,
2590 5208 2708 5265 fore
2743 5219 2802 5265 ut
2831 5221 2953 5279 qua!
2974 5217 3165 5264 contra
3189 5205 3497 5264 Nestorium
3531 5199 3728 5272 Ephesi

2157 5299 2373 5355 decreta
2395 5310 2574 5367 erant,
2605 5301 3066 5371 rescinderentur.
3096 5300 3172 5356 Ita
3195 5296 3511 5371 praeparatis
3535 5290 3727 5347 animis

2155 5405 2222 5446 ex
2249 5399 2375 5447 voto
2406 5393 2638 5448 accessit
2673 5391 3020 5463 imperatoris
3053 5393 3392 5451 mandatum,
3420 5397 3477 5440 ut
3497 5382 3725 5453 Cyrillus

2157 5499 2346 5540 omnes
2388 5485 2709 5541 inimicitias
2744 5486 3039 5556 deponeret
3085 5493 3140 5540 et
3168 5497 3356 5540 eorum
3384 5492 3504 5549 quae
3532 5470 3721 5541 ΕΡθθεί

2156 5585 2412 5645 expertus
2438 5575 2614 5632 fuerat
2636 5578 2957 5633 memoriam
2982 5577 3261 5647 abjtceret,
3285 5574 3514 5629 Joannes
3543 5571 3720 5616 autem

2159 5670 2439 5726 sententia:
2465 5680 2661 5727 contra
2684 5669 2996 5729 Nestorium
3029 5673 3151 5727 lata:
3176 5663 3551 5727 subscriberet.
3586 5655 3722 5709 Pace
