4038 6210
430 278 501 346 ιδ
1813 263 2323 329 DlSSEt‘t'l‘A’l‘lO.
3601 257 3669 317 te

438 397 524 452 his
553 387 955 447 conditionibus
985 384 1254 449 restituta,
1293 382 1463 437 o:ium
1495 396 1712 450 quoque
1747 379 1996 433 Theodo-
2033 376 2075 430 Α
2102 378 2205 428 cia.
2234 377 2377 428 ldem
2403 388 2619 443 quoque
2647 372 2894 425 viderunt
2920 370 3268 434 Posscvinns,
3293 371 3496 442 Lupus,
3528 373 3672 425 Alla-

439 496 547 539 rcto
584 478 858 534 redditum
891 492 1013 532 esse
1036 474 1345 528 lvidebatur.
1390 473 1472 526 Ab
1498 488 1563 526 eo
1589 471 1732 525 enim
1763 481 2002 536 tempore

434 572 718 628 amicitiam
765 585 892 624 cum
938 567 1140 637 Cyrillo
1177 566 1363 628 coluit,
1396 575 1453 617 ut
1481 565 1678 618 litterae
1703 565 1879 617 adhuc
1908 579 2004 616 su-

430 665 676 735 perstites
729 671 1024 723 testantur,
1075 674 1212 728 quas
1256 657 1342 712 vel
1379 657 1584 726 accepit
1617 656 1701 710 vel
1750 655 1814 708 ad
1852 657 2002 707 ἰιιιιιιι

429 759 593 810 dedit.
649 754 896 806 Fuerunt
941 750 1179 820 quidem,
1223 750 1313 818 qui
1345 765 1407 803 ex
1442 747 1696 818 Epistolis
1736 763 1872 816 quas
1904 748 2005 800 hoc

431 860 674 916 tempore
719 845 784 898 ad
836 842 1133 897 llimerium
1171 850 1223 896 et
1266 841 1538 894 Andream
1589 840 2003 893 Samosatenum

431 941 597 1000 misit,
632 939 886 1006 colligi-re
917 937 1227 996 voluerunt,
1264 933 1571 987 simulatam
1620 933 1784 986 fuisse
1828 931 2006 984 Then-

430 1031 604 1085 doreti
629 1030 957 1092 amicitiam;
988 1027 1078 1081 sed
1108 1028 1160 1080 hi
1193 1042 1299 1080 non
1321 1025 1629 1095 cogitarunt
1677 1025 1814 1077 hanc
1837 1023 2006 1076 fuisse

433 1122 716 1190 scriptoris
745 1120 916 1173 nostri
955 1125 1180 1182 sortem,
1213 1127 1270 1170 ut
1292 1117 1359 1170 ab
1393 1117 1648 1169 omnibus
1675 1119 1768 1184 qui
1793 1131 1858 1168 eo
1880 1126 2006 1168 tem-

435 1230 564 1284 pore
600 1214 734 1266 male
767 1211 1059 1280 cupiebant
1095 1209 1318 1280 Cyrillo,
1362 1207 1492 1261 fides
1525 1207 1642 1275 ejus
1686 1215 1999 1259 tentaretur.

437 1305 579 1360 Fieri
629 1307 814 1372 itaque
872 1319 978 1356 non
1031 1302 1226 1372 potuit,
1263 1303 1393 1369 quin
1433 1301 1496 1353 ad
1529 1308 1708 1353 castra
1747 1316 1775 1351 e
1809 1300 1921 1367 qui:
1946 1315 2009 1350 ns

432 1414 687 1468 egressus
725 1406 861 1456 erat,
909 1396 1184 1449 nonnullis
1209 1393 1433 1448 rediisse
1478 1393 1770 1446 videretur.
1810 1391 1881 1444 Ea
1913 1409 2008 1444 att-

434 1501 542 1545 tem
575 1490 676 1544 fuit
725 1489 825 1542 viri
871 1488 1190 1552 moderatio,
1243 1496 1302 1542 ut
1355 1493 1474 1557 post
1521 1500 1708 1555 pacem
1756 1483 2009 1538 Ecclesia:

437 1584 702 1637 redditam
743 1581 878 1636 nihil
910 1582 1031 1634 novi
1067 1580 1372 1644 moliretur,
1403 1579 1503 1633 etsi
1537 1595 1565 1632 a
1599 1578 1782 1631 multis
1809 1577 2010 1632 sollici-

2105 469 2250 533 tius,
2302 467 2574 522 Aubertus
2623 465 2874 526 Mil-mus,
2914 473 2969 518 et
3024 475 3289 534 quotquot
3343 466 3675 521 acutioribns

2109 560 2279 616 oculis
2326 559 2530 626 prtediti
2585 567 2760 612 erant.
2809 556 2940 622 Quis
2991 556 3133 611 enim
3183 556 3673 626 crederet,qna:so.

2137 652 2368 704 hnuinas
2388 666 2505 704 esse
2529 650 2736 704 litteras
2760 649 2912 712 istas,
2936 664 3058 702 cum
3085 648 3425 702 notissimum
3452 657 3504 702 et
3525 659 3677 703 extra

2129 758 2267 796 anne
2294 743 2518 796 dubium
2562 742 2795 811 positmn
2837 743 2925 805 sit,
2967 742 3174 810 aliquot
3202 741 3362 794 annis
3406 749 3532 794 ante
3573 741 3672 812 Cy-

2105 833 2284 886 rillum
2318 833 2443 888 fatis
2467 833 2578 902 jam
2612 832 2926 887 defunctum
2954 847 3072 886 esse
3098 831 3359 886 Joannem
3391 833 3678 885 Antioche-

2107 926 2278 978 num?
2329 925 2432 980 Sed
2482 942 2546 979 ea
2597 925 2695 979 fuit
2737 925 3006 985 Garuerii,
3055 924 3165 978 imo
3216 938 3430 992 quoque
3479 922 3678 976 Oudiui

2106 1017 2206 1087 (De
2235 1018 2417 1086 script.
2456 1019 2584 1072 eccl.
2616 1029 2653 1071 t.
2689 1015 2729 1080 l,
2775 1035 2825 1086 p.
2856 1017 3039 1084 1056),
3087 1016 3181 1086 qui
3222 1016 3370 1069 illum
3400 1031 3544 1069 (:ch
3580 1015 3680 1066 int-

2107 1118 2228 1176 petu
2263 1108 2315 1161 in
2349 1108 2619 1177 plerisque
2648 1109 2916 1176 sequitur,
2952 1107 3231 1176 iniquitas,
3269 1117 3326 1160 ut
3354 1107 3404 1159 in
3438 1105 3678 1159 favorem

2109 1201 2262 1254 mala:
2290 1216 2491 1264 eausm,
2519 1216 2758 1256 errorem
2787 1201 2839 1253 in
2869 1201 3108 1269 epistola:
3136 1199 3297 1268 hujus
3329 1199 3681 1268 inscriptione

2111 1302 2269 1344 latere
2299 1293 2608 1354 statuerint,
2641 1291 2795 1360 quasi
2831 1307 2927 1360 pro
2955 1289 3180 1344 Joannis
3220 1290 3438 1344 nomine
3473 1304 3681 1358 ponen-

2108 1389 2238 1441 dum
2271 1388 2342 1442 sit
2371 1402 2568 1440 nomen
2611 1388 2824 1452 Domni,
2863 1403 3024 1456 quem
3065 1401 3436 1442 successorem
3468 1385 3676 1438 habuit.
3745 1377 3749 1380 ’

2109 1480 2419 1549 Opportune
2441 1489 2619 1534 autem
2651 1481 2775 1533 huic
2807 1480 2906 1532 levi
2928 1479 3227 1533 defensioni
3258 1486 3437 1546 posset
3457 1478 3679 1546 opponi,

2110 1577 2253 1643 quod
2281 1573 2420 1643 apud
2449 1573 2624 1642 ipsum
2657 1571 2981 1626 Garnerimn
3014 1572 3130 1625 loco
3162 1571 3397 1638 quodam
3428 1570 3517 1623 nhi
3552 1585 3683 1622 con-

435 1685 580 1730 latus
617 1675 810 1729 amicis
842 1673 958 1728 suis
991 1673 1156 1726 libere
1196 1671 1364 1725 animi
1406 1685 1599 1726 sensus
1645 1678 2004 1739 expromeret.
2043 1711 2080 1766 Β
2111 1675 2190 1718 tra
2217 1665 2512 1720 Consinum
2537 1663 2806 1724 acerbius,
2841 1672 2897 1715 ut
2921 1665 3076 1723 solet,
3107 1665 3367 1730 disputat,
3399 1680 3481 1716 me
3509 1663 3684 1731 legere

437 1767 672 1821 Unicum
700 1773 880 1818 tamen
910 1773 1012 1825 est,
1047 1762 1186 1831 quod
1232 1772 1421 1817 contra
1461 1760 1830 1815 sinceritatem
1864 1760 2000 1814 inita:

435 1857 580 1911 inter
611 1865 902 1922 utrumque
940 1852 1059 1924 [19]
1097 1852 1349 1906 amicitia.-
1390 1866 1496 1905 non
1529 1851 1645 1904 sine
1679 1849 1858 1916 specie
1893 1865 2006 1902 mo—

436 1950 553 2003 neri
598 1957 800 2016 posset.
850 1945 1102 2008 Scilicet,
1151 1960 1275 1998 cum
1327 1944 1492 2013 impia
1539 1940 1774 1997 Nestorii
1809 1941 2000 2009 script;

436 2041 748 2094 vindicibus
772 2037 1005 2092 ﬂammis
1031 2037 1183 2106 jussu
1209 2035 1550 2106 imperatoris
1581 2035 1776 2088 tradita
1806 2042 2007 2094 essent,

437 2133 492 2186 in
523 2133 704 2186 locum
751 2146 941 2184 eorum
990 2128 1283 2183 substituta
1330 2136 1459 2181 sunt
1503 2125 1770 2195 Excerpta
1800 2141 1828 2179 e
1861 2123 2010 2178 libris

438 2222 715 2276 Theodori
766 2217 1129 2288 Mopsuestcui
1164 2226 1217 2272 et
1263 2215 1484 2271 Diodori
1517 2213 1837 2274 Tarsensis,
1890 2230 2011 2283 qua:

440 2327 562 2364 cum
608 2309 796 2362 multis
835 2307 1208 2376 displicerent,
1259 2305 1491 2360 refutata
1539 2313 1666 2358 sunt
1719 2319 1748 2356 a
1788 2303 2008 2374 Cyrillo,

439 2402 664 2456 defensa
715 2417 742 2452 a
777 2400 1138 2452 Theodoreto.
1189 2396 1266 2450 lta
1301 2399 1350 2451 in
1380 2398 1562 2450 varias
1596 2404 1775 2465 partes
1816 2396 2009 2449 iterum

440 2495 588 2548 abire
623 2493 724 2547 visi
760 2503 909 2555 sunt,
963 2491 1057 2558 qni
1086 2490 1174 2543 vix
1210 2491 1264 2543 in
1305 2488 1529 2558 gratiam
1581 2489 1808 2543 rediisse
1855 2498 2014 2558 puta-

441 2589 663 2639 bantur.
696 2585 960 2638 Incertum
1002 2593 1179 2636 antem
1211 2593 1314 2646 est,
1349 2597 1476 2635 nunt
1508 2581 1712 2653 Cyrillo
1743 2581 2015 2637 contradi-

439 2678 596 2731 cendi
645 2678 910 2741 studium,
947 2693 1012 2730 an
1061 2679 1241 2746 potius
1288 2679 1560 2732 veneratio
1603 2693 1765 2747 quam
1799 2678 2014 2747 utrique

439 2770 517 2823 illi
574 2771 828 2838 scriptori
884 2769 1069 2823 deberi
1119 2769 1482 2832 existimavit,
1540 2770 1680 2841 apud
1729 2768 2010 2834 Nostrum,

441 2879 603 2931 quem
647 2865 852 2916 scimus
894 2863 948 2915 in
995 2862 1184 2915 amicis
1228 2862 1584 2916 defendendis
1633 2863 2012 2918 constantissi-

440 2970 588 3007 mnm
626 2954 813 3014 fuisse,
863 2953 984 3023 plus
1015 2953 1264 3008 valuerit.
1302 2954 1575 3024 Quidquid
1620 2955 1711 3022 sit,
1765 2954 2014 3024 querelas

2113 1754 2368 1818 memini,
2425 1773 2443 1804 ε
2489 1755 2597 1806 Aut
2640 1753 2720 1807 sic
2774 1761 2868 1803 aut
2922 1766 3030 1804 non
3081 1751 3309 1804 debebat
3361 1751 3610 1820 pugnari.
3659 1771 3678 1801 ι

2108 1846 2275 1912 Quasi
2312 1859 2438 1898 vero
2468 1845 2704 1898 nondum
2736 1843 2869 1898 satis
2907 1841 3138 1910 injurins
3181 1842 3232 1893 in
3268 1842 3390 1894 boni
3433 1841 3530 1894 viri
3577 1857 3686 1893 ine-

2113 1937 2339 1992 moriam
2396 1936 2557 1991 fuerit
2604 1934 2927 1997 Garum-ins,
2983 1934 3206 2004 protulit
3257 1947 3475 2002 quoque
3524 1934 3682 1987 Auct.

2112 2048 2162 2099 p.
2196 2030 2283 2094 38,
2320 2030 2681 2100 fragmentum
2715 2046 2778 2082 ex
2814 2027 3078 2081 Sermone
3121 2042 3278 2096 quem
3309 2024 3686 2080 Theodoretus

2111 2122 2408 2177 Antiochiae
2450 2132 2572 2191 post
2603 2121 2790 2192 Cyrilli
2825 2131 3052 2175 mortem
3101 2134 3284 2174 coram
3333 2118 3540 2171 Domno
3593 2117 3688 2170 ha-

2113 2218 2297 2272 buisse
2325 2217 2542 2271 dicitur.
2593 2215 2727 2279 Hoc,
2776 2226 2835 2269 ut
2876 2216 2980 2269 alia
3025 2214 3271 2283 ejusdem
3311 2212 3542 2280 generis,
3589 2210 3686 2264 de-

2115 2310 2345 2379 sumpsit
2379 2326 2443 2362 ex
2480 2309 2629 2363 Actis
2657 2308 2849 2379 synodi
2882 2325 2933 2373 v,
2967 2317 3020 2361 et
3048 2308 3163 2361 sola
3195 2307 3344 2360 Marii
3374 2304 3684 2360 Mei-caloris

2117 2403 2299 2457 minus
2340 2405 2492 2456 firma
2534 2403 2852 2456 auctoritate
2893 2403 3073 2465 nixus,
3107 2417 3204 2470 pro
3235 2400 3469 2470 genuino
3499 2397 3688 2451 vendi-

2114 2495 2265 2548 tavit.
2309 2495 2427 2560 Quo
2453 2495 2632 2548 minus
2661 2503 2836 2548 autem
2873 2494 3150 2547 credulum
3183 2491 3304 2556 viri,
3337 2490 3599 2560 alioquin,
3641 2490 3686 2543 si

2115 2603 2143 2641 a
2181 2587 2504 2641 Theodoreti
2556 2586 2781 2640 historia
2822 2585 3166 2647 discesseris,
3211 2582 3532 2643 acutissimi,
3572 2581 3690 2634 ani-

2117 2697 2264 2734 mum
2309 2681 2493 2733 multis
2528 2694 2872 2742 accusemus,
2910 2677 3129 2746 impedit
3159 2675 3437 2744 diligentia
3471 2683 3522 2728 et
3553 2673 3690 2727 inte-

2119 2774 2287 2844 gritas
2319 2773 2564 2836 (Σουδῐιιί,
2597 2781 2784 2825 contra
2813 2786 2974 2840 quem
3009 2770 3267 2840 pugnavit
3299 2768 3515 2836 quidem
3549 2767 3690 2820 Car--

2118 2869 2306 2921 net-ius
2333 2867 2385 2920 in
2421 2865 2574 2919 Notis
2610 2864 2723 2937 [2|]
2752 2866 2866 2919 suis
2900 2865 2935 2916 Ι.
2960 2879 3034 2929 c.,
3068 2863 3159 2918 sed
3186 2862 3472 2916 levissimis
3501 2860 3688 2922 armis,

2120 2975 2239 3028 qua:
2280 2974 2475 3012 novum
2539 2973 2670 3012 sane
2713 2956 2984 3010 sustinere
3016 2971 3121 3009 non
3156 2965 3376 3024 possent
3410 2955 3688 3023 impetum.

442 3062 570 3100 snas
611 3047 676 3099 ad
725 3045 987 3100 Joannem
1061 3046 1464 3101 Antiocheuum
1528 3046 1721 3101 detulit
1765 3047 2019 3118 (Iyrillus,
2049 3050 2092 3106 C
2125 3052 2260 3105 Cum
2298 3051 2350 3104 in
2375 3067 2439 3104 eo
2469 3051 2580 3118 jam
2613 3048 3092 3110 elaboraverimus,
3131 3057 3186 3099 ut
3219 3047 3395 3099 varias
3429 3045 3691 3105 maculas,

444 3139 601 3206 cujus
656 3138 756 3192 hac
802 3139 868 3193 de
919 3155 976 3192 re
1032 3139 1314 3207 epistolam
1353 3154 1400 3193 θ·
1427 3140 1547 3194 cod.
1584 3139 1756 3195 V'a'tic.
1794 3141 2014 3205 editam,

443 3231 710 3286 Vindieiis
751 3233 942 3304 synodi
979 3233 1198 3302 Ephes,
1230 3244 1360 3298 ete.,
1389 3250 1440 3303 p.
1480 3234 1573 3288 Ml
1597 3276 1614 3302 ,
1643 3235 1874 3289 inseruit
1910 3234 2020 3288 Leo

445 3323 706 3389 Allatius,
749 3341 958 3379 necnon
986 3325 1214 3380 Garner.
1262 3327 1421 3381 Auct.
1466 3342 1520 3396 p.
1563 3326 1649 3380 97.
1709 3325 1878 3380 Valde
1913 3327 2018 3380 ini-

444 3431 609 3486 quum
659 3425 837 3470 autem
879 3433 1007 3486 erga
1036 3415 1436 3472 Theodoretum
1486 3433 1545 3472 se
1581 3417 1828 3472 exhibuit
1863 3417 2021 3472 Libe-

444 3523 614 3578 ratus,
650 3514 744 3582 qui
777 3513 830 3567 in
865 3512 1140 3568 Breviario
1171 3530 1290 3581 suo,
1327 3531 1447 3584 cap.
1487 3515 1540 3582 9,
1584 3517 1794 3579 statuit,
1825 3533 2017 3571 novam

446 3606 737 3660 factionem
757 3605 1098 3660 Theodoreto
1130 3618 1352 3662 auctore
1386 3618 1588 3672 ortam,
1613 3609 2018 3676 Acephalorum

444 3715 642 3752 nomen
679 3698 974 3768 accepisse,
1021 3699 1148 3768 quia
1181 3714 1277 3754 nec
1315 3698 1518 3770 Cyrillo
1552 3714 1651 3754 nec
1688 3698 1884 3754 Joanni
1925 3701 2022 3754 ad-

445 3790 682 3844 haaserit.
741 3788 878 3843 Cum
928 3789 1199 3856 Liberale,
1229 3798 1289 3844 ut
1321 3790 1478 3855 solet,
1524 3790 1654 3844 facit
1700 3789 2017 3855 Garnerius,

443 3882 533 3949 qni
567 3881 619 3934 in
647 3879 908 3934 Auctario
935 3895 1034 3934 suo
1060 3882 1262 3949 passim
1291 3882 1453 3950 hujus
1477 3882 1554 3936 sic
1581 3882 1738 3936 dictae
1767 3881 2020 3937 factionis

444 3971 712 4025 meminit.
763 3971 831 4025 At
859 3987 988 4026 vero
1012 3972 1334 4042 jamdudum
1372 3988 1401 4025 a
1447 3972 1738 4037 Cotelerio,
1787 3971 2019 4042 Dupinio

442 4064 676 4132 aliisque
723 4065 946 4131 explosa
999 4075 1082 4118 est
1126 4063 1306 4118 fabula
1360 4063 1428 4118 de
1475 4063 1578 4118 hac
1621 4064 2017 4134 Acephalornm

441 4155 617 4208 classe
648 4163 704 4207 et
739 4155 967 4223 origine,
997 4170 1120 4209 cum
1153 4163 1340 4208 notum
1378 4155 1468 4220 sit,
1503 4164 1625 4220 post
1660 4156 1772 4210 haec
1799 4157 2018 4210 demum

441 4255 686 4314 tempora
723 4244 1077 4316 Eutychianis
1122 4247 1401 4302 nonnullis
1435 4263 1633 4300 nomen
1674 4248 1803 4300 illud
1855 4248 2022 4302 fuisse

444 4337 783 4404 impositum.
835 4335 944 4391 Nec
980 4337 1114 4392 ﬁdes
1159 4338 1266 4391 ulla
1325 4338 1551 4392 debetur
1601 4339 1844 4407 epistolis
1889 4339 2015 4402 illis,

443 4443 565 4493 qua:
594 4427 696 4480 sub
736 4426 1063 4481 Theodoreti
1101 4443 1163 4483 ac
1210 4426 1444 4481 Nestorii
1478 4429 1694 4482 nomine
1727 4429 2017 4483 circumfe-

443 4525 664 4570 runtur.
713 4515 824 4570 llas
853 4516 1000 4570 enim
1032 4533 1222 4572 onmes
1251 4533 1279 4571 a
1319 4515 1658 4573 Nestoriauis
1710 4519 2020 4588 suppositas

441 4626 584 4672 esse,
630 4619 687 4662 ut
733 4609 942 4679 synodo
997 4609 1284 4678 Ephesina:
1335 4609 1606 4663 maculam
1653 4623 2015 4680 aspergeret".

436 4699 551 4767 jam
603 4699 953 4754 observatum
1006 4710 1088 4755 est
1129 4716 1158 4753 a
1205 4699 1430 4754 Leontio
1474 4701 1529 4753 in
1581 4700 1720 4753 libro
1759 4699 1834 4753 De
1867 4703 2018 4753 sectia

445 4789 721 4860 (Biblioth.
758 4790 859 4846 re.
893 4801 934 4845 ι.
959 4790 1011 4857 t,
1047 4807 1098 4860 ρ.
1137 4791 1283 4859 509),
1318 4791 1514 4844 Allatio
1542 4790 1600 4861 (ι.
1640 4806 1687 4845 c.
1727 4807 1780 4860 p.
1809 4791 1931 4860 151)
1965 4801 2020 4845 et

443 4881 585 4935 aliis.
635 4881 833 4936 Eadem
864 4891 948 4936 est
973 4883 1115 4935 ratio
1147 4881 1388 4950 cpistola:
1419 4881 1588 4946 illius,
1612 4897 1734 4951 qua:
1764 4897 1794 4933 a
1824 4879 2019 4934 Nostro

444 4973 630 5026 statim
659 4982 781 5038 post
809 4972 1020 5026 obitum
1059 4972 1246 5042 Cyrilli
1279 4973 1482 5041 scripta
1517 4971 1720 5025 dicitur
1750 4970 1816 5024 ad
1860 4970 2020 5025 Joan-

446 5079 571 5116 nem
619 5063 1052 5128 Ant'iochenum,
1106 5063 1264 5132 cujus
1315 5062 1431 5135 [20]
1480 5063 1585 5117 hoc
1628 5073 1714 5118 est
1754 5063 2014 5117 initium:

453 5171 472 5204 ι
508 5155 642 5208 Sero
680 5156 897 5209 tandem
928 5167 982 5210 et
1009 5157 1095 5210 vix
1139 5157 1315 5211 malus
1340 5157 1507 5210 homo
1537 5155 1825 5210 defunctus
1856 5165 1956 5210 est.
1994 5177 2011 5206 ι

447 5244 728 5309 Miramur,
775 5246 1100 5300 Garnerium
1150 5247 1235 5302 his
1285 5246 1668 5317 spurcissimis
1708 5247 1906 5301 litteris
1951 5262 2017 5299 ex

444 5337 595 5391 Actis
622 5339 812 5408 synodi
845 5355 874 5390 ν
909 5340 1208 5409 desmnptis
1245 5355 1351 5394 non
1381 5339 1543 5394 modo
1585 5339 1760 5393 locum
1789 5353 2018 5393 conces~

444 5427 586 5482 sisse
637 5427 799 5483 Auct.
849 5445 902 5497 p.
952 5430 1042 5494 98,
1093 5432 1186 5485 sed
1220 5431 1382 5486 etiam
1415 5430 1784 5485 defensionem
1827 5446 2014 5484 eorum

443 5518 535 5587 qui
565 5516 765 5574 Nostro
801 5520 920 5575 illas
944 5532 1272 5589 prtepostcro
1302 5521 1486 5576 studio
1526 5522 1822 5584 vindicant,
1858 5521 1910 5574 in
1961 5537 2018 5576 se

443 5612 770 5680 suscepisse,
809 5626 934 5664 cum
960 5611 1070 5681 jam
1101 5611 1388 5677 Baronins,
1424 5613 1615 5666 Annal.
1652 5622 1689 5665 t.
1724 5611 1812 5674 Vl,
1861 5627 1913 5679 p.
1949 5613 2018 5663 25

443 5714 616 5772 seqq,
654 5703 924 5761 docuerit.
962 5720 1122 5772 quam
1157 5716 1338 5775 aperta
1383 5705 1615 5758 habeant
1640 5704 1848 5766 νοθείας
1881 5703 2017 5756 iudi-

2120 3161 2240 3212 quac
2263 3142 2695 3212 praestantissimi
2722 3141 2822 3194 viri
2855 3139 3128 3193 memorite
3158 3155 3221 3191 ac
3254 3137 3456 3192 nomini
3487 3136 3696 3205 injectus

2119 3241 2290 3296 erant,
2335 3231 2802 3300 abstergercmns,
2849 3229 2991 3281 haud
3047 3245 3074 3279 a
3126 3242 3183 3280 re
3233 3241 3412 3279 nostra
3457 3226 3692 3279 alienum

2120 3339 2240 3378 esse
2297 3323 2543 3384 videtur,
2597 3321 2735 3374 hanc
2788 3319 3196 3374 Dissertationis
3245 3329 3444 3372 nostra:
3486 3326 3690 3385 parte".

2121 3416 2241 3469 loco
2286 3415 2390 3468 isto
2422 3420 2611 3466 notatu
2638 3412 2957 3482 dignissimo
2988 3410 3162 3474 linire,
3211 3426 3370 3480 quem
3406 3410 3513 3464 Leo
3543 3409 3692 3462 Alla-

2123 3507 2252 3572 tius,
2280 3506 2318 3558 l.
2350 3521 2398 3559 c.
2434 3520 2487 3573 ῃ.
2518 3503 2640 3569 151,
2671 3519 2736 3558 ex
2766 3503 2946 3574 Cyrilli
2985 3503 3050 3556 ad
3089 3501 3432 3555 Valerianum
3464 3501 3692 3570 epistola

2122 3597 2358 3651 exhibet.
2415 3594 2590 3649 Verba
2646 3596 2716 3648 ita
2763 3611 2822 3648 se
2865 3595 3063 3648 habent
3109 3610 3120 3644 :
3164 3594 3288 3646 Ἐὰν
3318 3593 3496 3645 τοίνυν
3525 3607 3694 3646 κατα-

2121 3687 2439 3756 ψευδόμενοί
2481 3703 2625 3749 τινες
2667 3686 2902 3754 λέγωσιν
2945 3686 3108 3756 ’ἐτερά
3154 3703 3276 3738 τινα,
3326 3685 3475 3755 παρὰ
3521 3683 3695 3737 ταῦτα.

2123 3780 2341 3849 φρονεῖν
2372 3777 2589 3841 αὐτοὺς,
2646 3777 2718 3847 μὴ
2750 3775 3191 3829 πιστευέσοωσαν
3211 3817 3224 3838 ,
3283 3775 3398 3828 ἀλλ’
3431 3776 3507 3839 ὡς
3549 3775 3695 3828 ἀπα-

2119 3870 2316 3932 τεῶνες
2345 3871 2438 3923 καὶ
2461 3868 2691 3938 ψεῦσται
2725 3867 2867 3920 κατὰ
2895 3868 2988 3920 τὸν
3016 3868 3195 3920 αὐτῶν
3225 3868 3436 3938 πατέρα
3466 3867 3558 3920 τὸν
3579 3867 3694 3920 διά.-

2123 3961 2277 4014 6ολον
2330 3959 2848 4028 ἁποπεμπὲσοωσαν
2877 4001 2890 4024 ,
2942 3959 3029 4012 ἵνα
3083 3961 3157 4030 μὴ
3209 3959 3517 4029 ταράττουσι
3567 3960 3694 4020 τοὺς

2122 4052 2404 4116 ἐθέλοντας
2426 4051 2758 4121 ὀρθοποδεῖν.
2801 4051 2926 4104 Ἐὰν
2957 4051 3012 4103 δὲ
3039 4051 3136 4104 καὶ
3163 4051 3451 4113 ἐπιστολὰς
3479 4051 3692 4112 ἑαυτοῖς

2125 4144 2464 4206 συντιθέντες
2511 4145 2662 4205 τινὲς
2706 4145 3110 4213 περιφέρωσιν,
3163 4143 3237 4205 ὡς
3285 4145 3348 4194 ἐκ
3395 4140 3689 4212 προσώπου

2121 4235 2423 4306 γραφείσας
2469 4235 2677 4306 ἀνδρῶν
2729 4235 3203 4303 ὲπιφανεστέρων,
3261 4235 3360 4286 οὐκ
3417 4233 3692 4302 ὀφείλουσι

2125 4328 2461 4399 θαρσεῖσθαι.
2501 4331 2562 4380 Οἱ
2593 4328 2700 4396 γὰρ
2734 4326 2882 4390 ἅπαξ
2926 4327 3216 4397 ἐγγράφως
3261 4326 3693 4396 ὁμολογήσαντες

2120 4420 2220 4488 τὴν
2255 4420 2460 4480 πίστιν,
2507 4418 2623 4480 πῶς
2660 4418 2826 4487 ἕτερα
2855 4417 3087 4487 γράψειν
3128 4417 3399 4476 δύνανται,
3438 4416 3693 4484 καθάπερ

2122 4515 2184 4564 ἐκ
2224 4511 2508 4580 μετανοίας
2546 4512 2623 4571 εἰς
2651 4510 2710 4560 τὸ
2743 4510 2936 4579 μηκέτι
2969 4509 3252 4579 βούλεσθαι
3277 4510 3492 4577 φρονεῖν
3517 4507 3692 4578 ὀρθῶς

2121 4600 2627 4670 παρενηνεγμὲνοι;
2668 4597 2728 4651 Si
2755 4601 2844 4662 qui
2868 4600 3028 4667 igitur
3057 4599 3181 4663 sint,
3207 4599 3296 4668 qui
3328 4599 3450 4651 illos
3479 4597 3692 4666 (Orien-

2121 4695 2255 4748 tales
2286 4692 2509 4762 seilicel)
2551 4691 2615 4744 ab
2648 4692 2728 4744 Itis
2763 4691 2969 4743 diversa
2997 4691 3189 4743 sentire
3219 4689 3355 4759 falso
3384 4691 3691 4760 afﬁrmave-

2121 4786 2248 4846 rint,
2284 4784 2431 4837 nulla
2463 4800 2642 4836 eorum
2671 4783 2826 4834 dictis
2858 4781 2986 4847 ﬁdes
3016 4781 3344 4847 adhibeatur,
3374 4783 3463 4835 scd
3505 4793 3559 4835 ut
3590 4784 3693 4835 im-

2118 4885 2350 4944 postorcs
2373 4884 2420 4928 et
2447 4875 2715 4927 mendaces
2741 4874 2913 4926 instar
2932 4873 3102 4940 patris
3131 4873 3215 4925 sui
3253 4874 3469 4939 diaboli,
3505 4891 3692 4928 antan-

2121 4968 2328 5032 dentur,
2373 4983 2434 5020 ne
2469 4967 2592 5019 illos
2623 4967 2713 5034 qui
2752 4977 2888 5019 recte
2914 4965 3147 5019 incedere
3187 4968 3427 5035 cupiunt,
3475 4980 3690 5021 contur~

2123 5060 2262 5112 bent.
2300 5058 2450 5122 Quod
2480 5065 2719 5112 siautem
2755 5058 2971 5126 fuerint,
3003 5057 3095 5126 qui
3118 5058 3366 5126 epistolas
3405 5075 3436 5109 a
3473 5076 3528 5111 se
3565 5076 3690 5111 con-

2120 5155 2360 5206 cinnatus
2389 5152 2782 5219 circumferunt,
2809 5162 3059 5219 tanquam
3081 5167 3196 5219 quat
3226 5169 3256 5202 a
3290 5152 3414 5203 viris
3444 5153 3689 5218 spectatis

2119 5244 2273 5296 edita:
2317 5241 2446 5302 sint,
2494 5256 2673 5292 eorum
2712 5240 2939 5292 audacia
2986 5237 3132 5290 nullo
3178 5237 3330 5290 modo
3369 5248 3443 5290 est
3495 5239 3691 5290 admit-

2121 5333 2301 5387 tenda.
2365 5332 2467 5396 Qui
2506 5333 2640 5384 enim
2695 5331 2852 5384 semel
2904 5331 3062 5399 [idem
3116 5346 3267 5382 suam
3311 5345 3400 5398 per
3439 5331 3692 5397 scriptum

2121 5425 2336 5494 aliquod
2379 5423 2600 5492 professi
2636 5433 2779 5487 sunt,
2820 5424 2906 5491 qui
2950 5422 3066 5490 ﬁeri
3095 5430 3284 5489 potest,
3330 5431 3382 5472 ut
3409 5421 3528 5488 jam
3567 5437 3692 5472 con-

2123 5517 2292 5569 traria
2334 5515 2584 5579 scribant,
2618 5515 2771 5584 quasi
2810 5513 3112 5582 poenitentia
3156 5513 3300 5564 ducti
3335 5528 3392 5563 eo
3416 5511 3532 5578 jam
3572 5527 3695 5578 pro-

2121 5609 2259 5675 lapsi
2283 5607 2408 5670 sint,
2437 5617 2486 5660 et
2517 5617 2660 5660 recta
2696 5622 2874 5673 sapere
2900 5607 3102 5658 diutius
3127 5603 3334 5657 nolint?
3364 5601 3419 5656 Si
3449 5602 3694 5656 licuisset

2123 5698 2322 5764 Cyrillo
2355 5712 2414 5751 ea
2443 5696 2622 5752 videre
2651 5713 2771 5764 qua:
2798 5706 2920 5764 post
2955 5694 3060 5748 fata
3091 5695 3208 5763 ejus
3235 5694 3302 5748 ab
3335 5692 3692 5762 impudentis-
