4038 6210
425 272 495 337 Π
1346 262 1443 320 DE
1504 260 1680 322 VlTA
1724 259 1819 318 ET
1859 252 2196 317 SCRIPTIS
2226 253 2709 315 TlIEODOBETI
3615 254 3686 319 48

426 386 582 443 simis
613 379 928 438 hominibus
962 376 1065 436 sub
1093 375 1423 432 Theodoreti
1457 375 1679 430 nomine
1705 373 1826 428 ﬁcta
1857 379 2002 435 sunt,
2034 372 2077 423 A
2108 380 2259 427 retur
2291 375 2557 446 synodus,
2603 375 2655 428 in
2690 387 2795 444 qua
2826 372 2932 444 egit
2967 371 3271 442 praesidem,
3317 371 3686 443 Eutychisque

428 476 641 551 quales,
660 488 866 545 quaeso,
886 471 1008 526 illos
1029 476 1386 539 reputaturus
1407 466 1619 534 fuisset,
1637 464 1835 537 quibus
1858 462 2007 517 fraus

430 586 541 627 non
577 570 755 639 primo
788 563 985 620 intuitu
1019 562 1206 633 patet?

502 661 617 736 [2‘2]
649 660 943 716 Accrbiora
964 665 1121 712 erant
1146 653 1279 721 fata,
1310 651 1827 724 quaz't'heodoretus
1855 649 2009 703 deiu-

429 753 498 807 de
518 758 775 821 expertus
800 756 902 803 est.
936 746 1139 817 Cyrillo
1168 745 1221 799 in
1252 745 1379 800 sede
1404 742 1768 798 Alexandrina
1797 754 2012 795 succes-

431 845 502 899 sit
533 842 849 905 Dioscorus,
899 840 987 898 vix
1042 839 1241 909 dignus
1289 839 1341 892 in
1388 852 1549 907 quem
1590 836 1724 890 tanti
1774 835 2008 888 honores

430 936 827 992 conferrentur.
858 932 1098 988 Ambitio
1132 931 1269 1000 ejus,
1299 946 1365 987 ne
1393 930 1458 985 dc
1490 944 1756 998 prOpensa
1785 928 1930 983 illius
1955 928 2007 982 in

428 1027 798 1099 Eutycltianos
847 1025 1126 1080 voluntate
1178 1037 1323 1078 nunc
1385 1021 1679 1091 quidquam
1740 1019 2007 1081 dicamus,

430 1121 599 1176 nullis
654 1119 1033 1175 continebatur
1090 1117 1390 1178 limitibus,
1444 1113 1578 1168 adeo
1623 1120 1683 1166 ut
1729 1113 1782 1166 in
1834 1112 2008 1167 aliena

432 1228 650 1283 quoque
679 1211 901 1267 dioecesi
937 1210 1027 1280 jus
1060 1223 1312 1263 exercere
1354 1207 1595 1272 auderet,
1632 1215 1689 1260 ut
1718 1221 1748 1260 e
1778 1221 2012 1274 sequen-

432 1306 579 1360 tibus
609 1304 907 1374 apparebit.
951 1301 1290 1357 Theodoreto
1331 1308 1516 1354 nostro
1549 1299 1604 1353 in
1645 1299 1835 1367 primis
1866 1297 2011 1352 mul-

430 1406 612 1450 tarum
644 1395 1013 1449 calamitatum
1053 1398 1242 1445 auctor
1275 1388 1396 1456 fuit,
1436 1406 1546 1445 non
1580 1389 1739 1459 quasi
1788 1389 1855 1444 de
1887 1388 2011 1443 ﬁdei

430 1488 705 1556 capitibus
739 1502 862 1542 cum
893 1500 959 1539 eo
990 1485 1352 1549 deccrtasset,
1382 1484 1433 1538 id
1465 1483 1610 1538 enim
1644 1482 2009 1537 honoriﬁcum

435 1582 603 1637 videri
639 1588 869 1649 poterat,
913 1577 1006 1631 sed
1035 1576 1161 1645 quia
1196 1574 1454 1632 Nostrum
1500 1574 1876 1630 adversarium
1913 1575 2012 1629 ha-

434 1674 643 1737 buerat,
676 1685 801 1725 cum
832 1668 900 1725 de
930 1669 1167 1739 primatu
1199 1667 1339 1723 inter
1362 1666 1613 1723 Proclum
1634 1675 1702 1729 Act
1723 1665 2007 1737 Cyrillum,
2041 1707 2088 1764 Β

431 1779 525 1819 seu
601 1763 803 1831 potius!
856 1762 1001 1815 hunc
1070 1761 1250 1830 ipsum
1318 1760 1676 1826 Dioscorum,
1753 1756 2009 1814 Ecclesiae

430 1855 813 1910 Alexandrina:
864 1868 929 1908 eo
981 1865 1225 1923 tempore
1271 1852 1722 1923 apocrisiarium,
1771 1851 1840 1905 lis
1889 1861 2009 1905 orta

431 1956 600 2003 esset.
636 1945 981 2017 Episcopatui
1032 1946 1285 2003 admotus
1321 1946 1619 2016 arripicbat
1659 1944 2009 2003 occasionem

431 2054 598 2109 quam
630 2039 730 2095 sibi
763 2038 945 2094 datam
975 2054 1096 2094 esse
1127 2038 1369 2109 putabat,
1418 2046 1475 2093 ut
1504 2037 1845 2093 calamitates
1889 2035 2012 2107 qui-

434 2129 538 2184 bus
581 2128 954 2185 Tbeodorctus
1011 2128 1113 2183 hoc
1159 2135 1402 2197 tempore
1440 2126 1807 2197 premebatur,
1862 2140 2009 2181 acer-

430 2220 615 2275 biores
645 2219 912 2275 redderet.
947 2218 1250 2275 Accusatus
1286 2221 1431 2275 enim
1464 2228 1582 2275 erat
1612 2219 1700 2274 ille
1727 2218 1868 2288 apud
1911 2218 2014 2272 im-

434 2323 739 2381 peratorem
774 2309 1160 2373 Theodosium,
1212 2326 1275 2367 ac
1319 2311 1364 2366 si
1417 2309 1730 2380 frequentes
1770 2309 2013 2382 synodos

433 2417 600 2472 prope
644 2401 983 2457 Antiochiam
1029 2411 1438 2472 congregasset,
1485 2411 1538 2457 et
1570 2403 1623 2457 in
1654 2401 2013 2457 concionibus

434 2509 619 2549 coram
668 2494 868 2564 popqu
917 2494 1153 2550 recitatis
1215 2493 1448 2548 nefanda
1507 2495 1763 2563 dogmata
1807 2508 2011 2562 propu-

436 2589 659 2642 suisset.
710 2586 940 2641 Tantum
983 2587 1124 2656 apud
1169 2587 1550 2656 imperatorem
1599 2586 1882 2639 valuerant
1932 2585 2015 2640 ha:

438 2674 639 2744 iniquae
662 2674 1057 2739 accusationes,
1092 2684 1151 2729 ut
1176 2673 1609 2729 Commonitoriu
1642 2674 1815 2744 ipsius
1837 2673 2014 2729 Theo-

433 2765 573 2822 dosii
607 2781 768 2820 manu
808 2766 1010 2836 scripto
1041 2763 1234 2820 Noster
1265 2765 1666 2835 prohiberetur,
1717 2767 1849 2820 urbe
1873 2764 2016 2837 Cyro

433 2857 636 2928 egredi.
681 2856 813 2914 Rem
847 2858 1065 2928 exponit
1104 2858 1155 2912 in
1188 2857 1305 2913 suis
1341 2858 1405 2913 ad
1434 2856 1786 2912 Eutrechinm
1824 2856 2043 2928 pra:fe-.

433 2959 605 3014 ctum,
649 2949 960 3003 Anatolium
1016 2950 1300 3018 patricium
1350 2958 1404 3004 et
1453 2948 1748 3005 Eusebium
1787 2949 2018 3023 Ancyra:

2115 479 2335 519 causam
2387 477 2593 521 armata
2632 480 2799 519 manu
2844 464 2981 519 adeo
3028 462 3289 529 defendit,
3335 473 3394 518 ut
3441 464 3542 519 iste
3589 478 3688 535 pro

2114 559 2325 612 insonte
2375 558 2682 613 declaratus
2733 557 2788 611 in
2835 557 3122 627 pristinam
3164 557 3477 628 dignitatem
3522 558 3686 613 resti-

2112 661 2376 707 tueretur.
2413 650 2495 706 Ab
2520 652 2622 705 hac
2651 649 2859 722 synodo
2889 648 3159 719 Ephesina
3191 650 3499 721 posteriori,
3522 667 3686 721 quam
3730 644 3731 647 “

2113 744 2183 799 ob
2212 743 2445 798 nefanda
2478 744 2531 797 in
2558 742 2874 797 Flavianum
2899 742 3143 812 aliosque
3173 742 3408 811 purioris
3429 742 3689 796 doctrina:

2111 836 2425 893 defensores
2472 834 2763 890 commissa
2813 835 3078 899 facinora,
3131 835 3432 907 λῃστρικὴν
3478 835 3687 896 dicunt,

2113 931 2369 985 mandato
2415 930 2759 1000 imperatoris
2793 929 3090 984 Theodosii
3139 929 3331 984 abesse
3373 928 3565 998 jussus
3609 937 3689 983 est

2113 1024 2264 1078 Theo
2288 1026 2507 1079 loretus.
2546 1022 2685 1078 Mala
2717 1023 2819 1078 sibi
2859 1021 3199 1076 in'uninentia
3245 1021 3592 1091 pratvidebat,
3632 1029 3690 1076 ut

2114 1132 2177 1170 ex
2204 1114 2435 1184 epistola
2463 1112 2609 1183 (“2)
2642 1128 2807 1183 quam
2835 1112 2900 1168 ad
2938 1111 3208 1166 Domuum
3241 1112 3541 1166 Antiochia:
3574 1111 3691 1180 cpi-

2113 1218 2339 1272 scopum
2373 1202 2540 1268 dedit,
2582 1202 2908 1272 colligimus.
2955 1201 3067 1257 Nec
3104 1218 3280 1257 vanus
3313 1212 3432 1257 erat
3471 1210 3690 1262 metus:
3784 1262 3789 1269 ,

2114 1311 2238 1348 nam
2268 1310 2389 1349 eum
2423 1294 2608 1349 multis
2638 1294 2780 1361 aliis,
2812 1309 2952 1364 quos
2981 1294 3156 1349 laudis
3176 1294 3359 1363 potius
3383 1307 3546 1362 quam
3583 1308 3692 1347 ma-
3780 1289 3788 1296 ’

2113 1384 2289 1439 lorum
2323 1384 2503 1441 socios
2526 1384 2697 1441 fuisse
2728 1386 2953 1452 dixeris,
2984 1386 3110 1442 sede
3129 1386 3422 1456 episcopali
3449 1385 3693 1455 dejectus

2113 1485 2214 1532 est.
2257 1476 2361 1532 Sed
2404 1477 2704 1547 gloriosum
2734 1478 2957 1533 omnino
2987 1489 3116 1534 tunc
3147 1487 3286 1545 erat,
3335 1478 3402 1533 iis
3431 1480 3695 1533 adnume-

2114 1567 2222 1620 rari
2253 1567 2345 1637 qui
2389 1582 2494 1623 non
2538 1565 2798 1622 sederunt
2831 1566 2886 1620 in
2919 1566 3159 1622 concilio
3192 1566 3506 1637 impiorum.
3543 1564 3695 1620 Adeo

2115 1660 2259 1715 enim
2284 1660 2360 1714 illi
2387 1667 2635 1729 proterva
2661 1659 2887 1716 audacia
2913 1658 3258 1714 ntaeularunt
3287 1657 3486 1712 famam
3514 1672 3692 1721 suam,

2117 1753 2210 1824 qui
2246 1770 2274 1807 a
2311 1752 2558 1808 Dioscori
2582 1752 2829 1823 partibus
2853 1752 2906 1806 in
2932 1752 3037 1807 hac
3069 1750 3283 1822 synodo
3315 1758 3602 1814 steterunt,
3636 1758 3696 1803 ut

2118 1845 2330 1915 turpius
2364 1843 2483 1918 [24]
2514 1843 2678 1900 fuerit
2710 1844 2928 1898 immitti
2956 1858 3122 1914 quam
3150 1843 3296 1913 ejici.
3343 1843 3477 1897 Acta
3512 1851 3695 1898 autem

2120 1938 2285 2009 lmjus
2316 1937 2509 2010 synodi
2552 1937 2783 1993 rescissa
2815 1946 2942 1992 sunt
2973 1935 3179 1999 omnia,
3211 1934 3536 1990 auctoritate
3566 1949 3697 1990 cnn-

2116 2034 2229 2089 cilii
2276 2031 2739 2088 Chalcedonensis
2787 2045 2881 2086 seu
2928 2027 3250 2086 cacumenici
3293 2025 3491 2097 quarti,
3548 2024 3695 2096 quod

2117 2127 2372 2196 precibus
2411 2124 2527 2179 suis
2578 2123 2646 2178 ab
2698 2123 3026 2192 imperatore
3071 2120 3347 2175 Marciano
3389 2117 3698 2190 impetravit

2117 2216 2228 2272 Leo
2275 2216 2346 2270 Μ.
2396 2215 2767 2270 Romanorum
2822 2213 3133 2284 episcopus.
3195 2212 3541 2267 Celebratqu
3595 2210 3700 2265 fuit

2117 2310 2409 2367 concilium
2443 2308 2572 2366 illud
2608 2324 2735 2362 ann.
2776 2306 2839 2363 C.
2873 2307 3001 2372 451,
3036 2305 3320 2375 praesidem
3366 2312 3559 2375 agente
3603 2317 3700 2373 per

2115 2403 2360 2474 quinque
2389 2402 2595 2472 legatos
2624 2400 2808 2454 Leone
2849 2397 2922 2452 Μ.
2968 2397 3232 2451 Praeclara
3274 2394 3447 2450 multa
3478 2408 3700 2464 perege-

2117 2505 2248 2551 runt
2293 2493 2483 2550 Patres
2535 2492 2879 2548 Chalcedonc
2931 2492 3265 2559 congregati,
3311 2503 3545 2559 quorum
3586 2486 3700 2542 frc-

2118 2585 2340 2657 quentia
2386 2585 2654 2655 insignem
2708 2582 2940 2638 concilio
2993 2581 3069 2636 illi
3126 2580 3276 2636 dedit
3327 2581 3695 2650 splendorem.

2113 2676 2226 2732 Nos
2254 2688 2435 2732 autem
2465 2676 2648 2732 missis
2668 2674 2916 2744 reliquis,
2945 2674 3051 2727 illis
3085 2684 3290 2727 tantum
3316 2688 3441 2742 quae
3465 2672 3532 2725 ad
3562 2672 3702 2726 seri-

2119 2778 2330 2839 ptorctn
2362 2776 2613 2820 nostrum
2650 2773 2919 2835 spectant,
2955 2761 3386 2817 immorabimur.
3421 2760 3576 2828 Sunt,
3602 2761 3697 2831 qui

2121 2869 2332 2929 lutant,
2384 2857 2786 2913 Thcodoretum
2824 2855 3039 2910 nonnisi
3090 2863 3277 2909 octava
3310 2853 3591 2920 sessione,
3643 2852 3698 2907 in

2121 2971 2225 3022 qua
2250 2964 2445 3024 praeter
2469 2966 2691 3007 causam
2722 2951 2840 3021 ejus
2866 2947 2981 3005 fere
3016 2948 3151 3003 nihil
3175 2946 3501 3018 agitabatur,
3531 2945 3703 3002 fuisse

430 3043 751 3112 episcopum
782 3040 974 3095 litteris
1003 3041 1182 3110 (epist.
1210 3040 1300 3104 78,
1329 3039 1416 3106 80,
1444 3040 1557 3107 82),
1595 3050 1647 3095 et
1679 3042 1804 3113 jure
1833 3043 1899 3098 de
1932 3053 2018 3097 tu-
2044 3067 2090 3127 ο
2123 3049 2446 3102 admissum.
2488 3043 2780 3101 Facundus
2811 3056 3015 3108 autem,
3063 3058 3224 3113 quem
3256 3041 3348 3096 alii
3378 3050 3699 3110 sequuntur,

436 3132 862 3187 ntultuario-hoc
884 3132 1092 3202 judicio
1120 3146 1182 3187 ac
1215 3131 1409 3202 injuria
1438 3132 1544 3187 sibi
1580 3131 1723 3187 facta
1750 3134 2016 3203 queritur.

434 3223 636 3279 Nmatu
670 3225 722 3278 in
752 3224 945 3294 primis
974 3223 1134 3294 digna
1167 3235 1220 3278 et
1250 3225 1583 3280 illustrauda:
1632 3225 1869 3280 historiae
1898 3236 2019 3292 apta

435 3326 567 3375 sunt
606 3318 767 3373 verba
802 3318 905 3373 ista
938 3334 999 3373 ex
1027 3318 1255 3388 epistola
1286 3318 1352 3373 ad
1384 3310 1757 3374 Eutr-echium.
1821 3336 1839 3369 ι
1870 3319 2020 3390 lnju-

438 3411 542 3475 ria,
574 3411 770 3480 inquit,
804 3411 993 3481 procul
1028 3409 1194 3466 dubio
1234 3426 1320 3466 me
1349 3410 1666 3477 aﬁ‘ecerunt,
1712 3411 1803 3481 qui
1833 3411 2021 3467 ambas

436 3517 601 3559 aures
630 3503 1120 3560 calumniatoribus
1161 3503 1445 3571 dederunt,
1475 3520 1575 3560 nec
1602 3505 1827 3559 alteram
1864 3505 2020 3560 nobis

439 3605 746 3651 servarunt.
775 3594 910 3650 Nam
938 3606 988 3652 ct
1016 3595 1303 3651 homicidis
1324 3612 1388 3651 ac
1409 3596 1668 3652 adulteris
1687 3598 2019 3654 defensionis

438 3686 592 3744 locus
619 3688 933 3742 conceditur
969 3705 983 3741 ε
1020 3702 1119 3742 nec
1166 3687 1315 3756 prius
1356 3688 1623 3742 sententia
1667 3701 1857 3743 contra
1899 3689 2019 3744 illos

441 3780 663 3846 dicitur,
695 3794 859 3848 quam
903 3787 1197 3847 prazsentcs
1228 3777 1461 3834 convicti
1507 3777 1730 3843 fuerint,
1769 3778 1855 3832 vel
1885 3793 2019 3832 con-

440 3873 596 3939 fessi,
638 3886 823 3926 reram
870 3869 983 3942 [25]
1024 3885 1145 3926 esse
1189 3871 1616 3927 accusationem.
1662 3873 1731 3927 At
1779 3873 2018 3943 pontifex

440 3962 733 4018 calumnia:
766 3963 945 4016 factus
973 3968 1057 4016 est
1087 3960 1406 4028 ludibrium,
1436 3977 1504 4018 ne
1538 3961 1589 4017 id
1623 3962 1842 4033 quidem
1870 3962 2018 4034 quod

440 4053 816 4122 sepulcrorum
848 4050 1163 4106 eﬁ‘ractores
1210 4053 1409 4119 solent,
1446 4062 1798 4119 consecutus,
1841 4065 1901 4110 ut
1938 4055 2019 4109 in-

440 4153 833 4215 terrogaretur,
868 4158 935 4196 an
966 4159 1091 4198 rcra
1116 4145 1247 4208 sint,
1278 4144 1346 4198 de
1374 4145 1577 4214 quibus
1598 4145 1964 4201 insimulatur.
1992 4164 2011 4198 ι

441 4237 594 4290 llane
625 4249 814 4303 parum
839 4250 1050 4304 sequam
1081 4236 1273 4305 agendi
1307 4236 1570 4291 rationem
1601 4238 1774 4292 tenuit
1800 4252 2018 4308 quoque

443 4326 760 4381 Dioscorus.
812 4325 947 4380 Cu‘m
982 4327 1128 4381 enim
1174 4325 1583 4383 Thcodoretum
1629 4328 1732 4385 hoc
1774 4338 2017 4400 tempore

2123 3157 2192 3196 ex
2226 3141 2376 3196 Actis
2403 3139 2618 3195 concilii
2656 3138 2892 3195 evictum
2923 3137 3089 3202 dedit,
3134 3150 3260 3191 eum
3296 3150 3327 3188 a
3361 3134 3536 3204 primo
3576 3131 3698 3185 inde

2125 3233 2283 3287 initio
2306 3230 2624 3286 interfuisse
2654 3230 2882 3301 synodo,
2916 3227 3120 3284 frustra
3151 3225 3507 3282 renitentibus
3535 3222 3695 3294 λεω-

2124 3325 2251 3394 ptiis
2277 3323 2508 3393 aliisque
2540 3321 2748 3376 multis.
2769 3320 2908 3387 Quid
2935 3332 3117 3374 aetum
3146 3319 3217 3374 sit
3247 3318 3491 3374 sessione
3511 3326 3696 3371 octava

2123 3416 2176 3470 in
2211 3430 2378 3470 causa
2424 3410 2776 3477 Theodoreti,
2826 3420 2878 3468 et
2921 3411 3120 3481 quibus
3152 3409 3557 3465 conditionibus
3587 3406 3698 3461 sedi

2123 3523 2236 3562 suae
2270 3507 2555 3562 restitutus
2586 3505 2676 3567 sit,
2710 3504 2854 3560 haud
2882 3504 3077 3558 melius
3109 3518 3271 3572 quam
3303 3518 3370 3557 ex
3400 3501 3532 3571 ipsis
3553 3498 3701 3554 Actis

2124 3600 2290 3669 hujus
2318 3599 2533 3655 concilii
2578 3598 2851 3654 recenseri
2884 3596 3104 3668 poterit.
3151 3594 3278 3651 llam
3308 3604 3488 3649 autem
3533 3594 3605 3647 ita
3644 3609 3700 3649 se

2123 3694 2326 3749 habent
2369 3691 2508 3763 apud
2564 3690 2904 3746 llarduinum
2956 3689 3010 3744 in
3054 3687 3279 3744 Collect.
3316 3688 3515 3744 eoneil.
3561 3697 3599 3743 t.
3630 3686 3699 3755 ll,

2124 3802 2175 3856 ι).
2204 3785 2309 3841 498
2341 3800 2456 3855 seq.

2199 3897 2216 3926 ι
2253 3875 2638 3933 ltesidentibus
2663 3877 2919 3933 omnibus
2951 3886 3076 3932 ante
3111 3876 3383 3932 cancellos
3413 3872 3696 3931 sanctissi-

2122 3970 2193 4023 mi
2247 3969 2437 4024 altaris
2482 3969 2921 4025 reverendissimi
2972 3969 3211 4039 episcopi
3271 3969 3694 4026 clamaverunt:

2123 4063 2501 4117 Theodoretus
2536 4061 2697 4118 modo
2731 4045 3155 4118 anathematizet
3180 4060 3517 4117 Nestorium.

2199 4171 2216 4204 ι
2249 4153 2628 4210 Theodoretus
2661 4154 3153 4210 reverendissimus
3182 4153 3471 4223 episcopus
3515 4158 3699 4206 trans-
3752 4167 3761 4178 ·

2121 4248 2240 4307 ieris
2272 4246 2324 4300 in
2357 4247 2596 4301 medium
2626 4246 2766 4301 dixit
2798 4263 2813 4302 :
2845 4247 2907 4302 Et
2932 4262 3122 4318 preces
3149 4245 3325 4300 obtuli
3357 4243 3700 4299 divinissimo

2121 4355 2186 4396 ac
2215 4340 2464 4412 piissimo
2495 4340 2809 4410 imperatori
2837 4349 2891 4395 et
2919 4340 3129 4396 libellos
3152 4338 3323 4394 obtuli
3358 4335 3697 4396 revereudis-

445 4420 674 4473 honesto
713 4418 917 4475 carceri
950 4420 1107 4488 quasi
1140 4420 1409 4476 inclusum
1438 4422 1626 4497 sciret,
1672 4423 1854 4477 statim
1896 4433 2016 4492 post
2043 4408 2096 4467 Ῑ)
2130 4408 2288 4487 simis
2314 4408 2589 4503 episcopis
2621 4433 2911 4503 agentibus
2936 4432 3118 4488 locum
3145 4430 3582 4488 reverendissimi
3611 4445 3701 4484 ar-

441 4512 841 4567 accusationem
871 4527 900 4567 a
931 4512 1145 4568 clericis
1173 4511 1433 4569 Osroenis
1467 4515 1769 4571 institutam
1799 4518 2019 4573 anathe-

442 4612 587 4658 mate
622 4602 880 4661 Nostrqu
910 4621 1200 4676 aggressus
1229 4616 1334 4671 est,
1367 4610 1468 4662 etsi
1499 4608 1709 4663 nullum
1744 4610 1795 4663 in
1829 4611 2019 4667 aliena:

442 4695 680 4767 regionis
718 4699 1011 4754 antistitem
1047 4699 1140 4769 jus
1187 4700 1260 4753 illi
1300 4710 1650 4770 competeret,
1685 4712 1739 4757 et
1771 4702 2019 4760 Theodo-

444 4796 595 4843 retus
632 4797 821 4844 contra
868 4790 1098 4859 injustas
1121 4791 1532 4847 criminationes
1572 4808 1631 4847 se
1669 4793 1721 4847 in
1754 4793 2016 4864 Epistula,

443 4899 568 4953 qua:
603 4897 834 4936 numero
867 4892 950 4937 est
992 4884 1325 4953 octogesima
1371 4884 1547 4948 tertia,
1583 4887 1800 4956 egregie
1836 4888 2021 4943 defen-

444 4977 636 5033 disset.
682 4973 757 5031 Ita
802 4990 1056 5045 magnum
1098 4976 1543 5045 impedimentum
1585 4988 1856 5035 remotum
1903 4998 2023 5036 esse

445 5068 673 5139 putabat
710 5065 1020 5129 Dioscorus,
1060 5070 1205 5138 quod
1241 5070 1610 5139 promovendo
1644 5070 1903 5143 Eutychis
1932 5090 2021 5127 er-

447 5161 584 5226 rori,
622 5163 709 5218 cui
742 5162 856 5229 ipse
895 5176 1220 5231 magnopere
1246 5162 1479 5230 favebat,
1511 5166 1778 5221 obsistere
1810 5170 2024 5238 potuis-

447 5265 549 5313 set.
586 5256 884 5311 Damnatus
914 5254 1133 5323 quidem
1161 5258 1216 5308 et
1254 5255 1322 5310 ab
1357 5258 1536 5313 otlicio
1575 5259 1897 5315 sacerdotali
1932 5261 2024 5314 de-

444 5349 637 5419 pulsus
660 5358 745 5404 est
766 5347 1039 5419 Eutyches
1063 5346 1118 5400 in
1145 5348 1377 5403 concilio
1397 5349 2022 5423 Constamiuupolitauo,

446 5442 591 5511 quod
617 5442 765 5499 brevi
784 5450 908 5511 post
921 5442 1034 5497 haec
1054 5450 1298 5510 tempore
1319 5456 1446 5497 ann.
1474 5444 1535 5499 C.
1555 5444 1679 5510 488,
1702 5447 2026 5502 auctoritate

446 5535 691 5590 Flaviani
722 5535 875 5590 urbis
902 5534 1064 5606 regia:
1085 5533 1322 5604 cpisCOpi
1361 5535 1759 5605 frequentatum
1789 5548 1891 5601 est,
1929 5539 2020 5593 sed

448 5627 707 5681 Eudoxia:
756 5626 1013 5697 Augustae
1053 5635 1106 5681 et
1151 5625 1474 5697 Cbrysaphii
1536 5630 1771 5683 eunuchi
1813 5633 2022 5686 artibus

445 5716 619 5775 eﬁ'ecit
646 5716 962 5786 Dioscorus,
1005 5727 1062 5775 ut
1101 5719 1347 5790 proximo
1399 5734 1545 5775 anno
1584 5736 1722 5775 nova
1750 5737 2019 5783 convoca-

2122 4526 2455 4597 chiepiseopi
2480 4525 2708 4593 Leonis;
2741 4536 2796 4582 et
2828 4527 2877 4582 si
2902 4524 3056 4583 vobis
3088 4526 3316 4592 videtur,
3338 4526 3582 4596 lcg‘antur
3609 4536 3699 4577 co-

2124 4633 2240 4672 ram
2272 4616 2446 4681 vobis,
2478 4625 2538 4671 ut
2565 4616 2708 4672 sicut
2736 4615 2921 4686 sapio,’
2940 4616 3304 4686 coguOscatis.

2199 4729 2217 4763 ί
2248 4708 2708 4765 Reverendissimi
2731 4708 2968 4779 episcopi
3005 4710 3373 4764 clamaverunt
3401 4725 3415 4760 :
3439 4704 3583 4759 Nihil
3617 4718 3701 4759 re-

2123 4803 2225 4874 legi
2261 4802 2544 4867 volumus;
2581 4801 2745 4857 modo
2773 4801 3170 4856 anathctnatiza
3203 4797 3535 4854 Nestorium.

2200 4916 2218 4949 σ
2249 4894 2623 4951 Theodoretus
2660 4893 3154 4950 reverendissimus
3187 4891 3476 4961 episcopus
3517 4885 3694 4943 dixit:

2126 4989 2238 5059 Ego
2268 5004 2362 5057 per
2397 4988 2490 5042 Dei
2520 4987 2749 5057 gratiam
2798 4985 2868 5041 ab
2898 4984 3217 5042 orthodoxis
3262 4998 3385 5037 sunt
3435 4979 3695 5044 nutritus,

2125 5094 2176 5136 et
2201 5082 2505 5135 orthodoxe
2543 5095 2665 5134 sum
2697 5080 2922 5134 edoctus
2949 5087 3003 5133 et
3044 5076 3345 5131 orthodoxe
3376 5070 3697 5143 prmdicavi;

2123 5185 2177 5229 et
2210 5189 2316 5227 non
2355 5173 2530 5229 solum
2564 5170 2873 5228 Nestorium
2920 5179 2974 5224 et
3013 5168 3130 5241 [25]
3172 5166 3488 5236 Eutychum,
3525 5163 3619 5218 sed
3650 5172 3704 5217 ct

2124 5280 2344 5320 onmem
2392 5266 2690 5331 hominem,
2730 5267 2827 5335 qui
2865 5272 3007 5319 recte
3035 5276 3142 5317 non
3177 5260 3341 5330 sapit,
3376 5274 3619 5325 aversor,
3650 5266 3704 5312 et

2108 5359 2360 5415 ahenum
2386 5359 2669 5414 existimo.

2201 5469 2221 5502 ι
2261 5450 2325 5503 Et
2364 5450 2494 5504 dum
2536 5450 2749 5510 diceret
2800 5450 2936 5513 haec,
2984 5444 3427 5503 rerercndissimi
3468 5441 3707 5514 episcopi

2125 5525 2500 5598 clamaveruut
2547 5561 2561 5596 :
2595 5541 2752 5598 Clare
2790 5542 2879 5596 dic
2911 5541 3200 5596 anathema
3226 5537 3476 5592 Nestorio
3522 5546 3575 5590 et
3617 5535 3707 5590 do-

2129 5636 2398 5708 gmatibus
2416 5636 2567 5706 ejus;
2589 5636 2876 5690 anathema
2889 5633 3142 5689 Nestorio
3163 5642 3216 5688 et
3234 5632 3541 5686 amantibus
3560 5645 3705 5694 eum,

2200 5748 2217 5780 ι
2253 5727 2628 5784 Theodoretus
2657 5725 3149 5782 reverendissimus
3193 5723 3485 5792 cpiSCOpus
3517 5721 3653 5774 dixit
3691 5735 3703 5771 :
