4038 6210
374 401 446 466 49
1738 409 2152 468 DlSSEllTAT
2163 410 2256 468 [Ο.
3560 416 3630 477 50

375 521 504 579 Vere
555 537 666 578 non
714 522 868 590 dico,
923 525 1026 580 nisi
1057 504 1332 594 quomodo
1395 525 1521 580 novi
1580 523 1686 579 Deo
1712 524 1947 594 placere.
1982 543 2023 595 Α
2055 527 2267 580 mittere
2325 526 2574 591 nolebat,
2624 527 2716 583 sed
2782 528 3166 596 mandaverat,
3226 547 3330 584 non
3382 545 3630 602 oportere

365 619 518 674 Prius
535 615 822 672 satisfacio
845 617 1020 680 vobis,
1039 617 1172 686 quia
1197 632 1376 686 neque
1393 618 1459 673 de
1480 617 1700 671 civitate
1733 617 1930 687 cogito,

363 726 542 781 neque
569 711 782 764 honore
808 724 951 778 opus
976 710 1172 774 habeo,
1230 724 1408 780 neque.
1454 709 1526 764 ob
1556 710 1660 764 hoc
1698 709 1893 764 adveni
1938 742 1954 793 ;

361 803 456 859 sed
490 803 621 873 quia
651 801 985 856 calumniam
1020 817 1217 872 passus
1264 817 1408 868 sum,
1445 801 1565 856 veni
1616 801 1952 864 satisfacere,

370 910 460 948 me
517 909 643 948 esse
687 893 1099 960 orthodoxam;
1149 902 1204 950 et
1226 908 1444 949 omnem
1496 893 1812 949 haereticum
1857 893 1950 962 qui

360 987 607 1042 converti
660 987 937 1052 noluerit,
980 988 1416 1052 anathematizo,
1459 996 1514 1041 et
1541 985 1850 1040 Nestorium
1895 995 1951 1042 et

363 1077 689 1150 Eutychem,
721 1090 776 1135 et
801 1094 1018 1134 omnem
1048 1077 1325 1133 hominem
1374 1077 1641 1133 dicentem
1695 1078 1771 1132 vel
1821 1077 1942 1134 opi-

366 1181 589 1225 nantem
623 1169 762 1226 duos
795 1169 958 1236 ﬁlios,
988 1169 1414 1225 anathematizo.

444 1279 464 1312 ι
498 1259 713 1316 Etcum
743 1260 964 1325 diceret,
991 1260 1426 1316 reverendissimi
1455 1259 1698 1330 episcopi
1729 1258 1936 1312 clama-

361 1360 594 1405 verunt:
626 1350 722 1406 Dic
758 1361 946 1420 aperte
979 1352 1268 1407 anathema
1313 1349 1568 1406 Nestorio
1605 1359 1656 1406 et
1712 1349 1799 1414 iis,
1845 1348 1938 1419 qui

357 1459 424 1498 ea
447 1459 572 1512 qua:
599 1442 719 1513 ejus
748 1452 897 1509 sunt,
927 1445 1166 1513 sapiunt.

441 1555 461 1587 ί
496 1535 872 1590 Theodoretus
901 1535 1389 1592 revereudlssimus
1421 1535 1708 1606 episcopus
1755 1533 1934 1588 dixit:

361 1626 475 1696 Ego
501 1627 608 1682 nisi
634 1641 936 1698 exposuero
953 1627 1228 1696 quomodo
1252 1626 1436 1691 credo,
1467 1641 1572 1681 non
1597 1626 1736 1680 dico.
1760 1623 1937 1680 Credo

362 1727 570 1771 autem.
612 1755 629 1771 .
666 1755 682 1770 .
719 1754 738 1771 .
775 1755 793 1771 .
833 1755 851 1770 .

427 1827 450 1858 ι
491 1807 703 1862 Etcum
734 1808 959 1872 diceret,
991 1806 1430 1864 reVerendissimi
1460 1804 1702 1876 episcopi
1741 1804 1937 1859 clama-

2059 616 2335 672 Christum
2363 617 2544 672 dicere
2571 618 2663 673 sed
2711 615 3057 688 Unigeuitum
3088 620 3410 690 gloriﬁcare.
3443 621 3510 678 Ut
3545 625 3629 679 his

2060 710 2395 778 tempOrihus
2425 726 2636 779 magna:
2663 710 2728 765 de
2756 711 2935 766 verbis
2965 712 3156 780 agitari
3208 713 3455 768 solebant
3479 715 3623 781 lites,

2057 801 2132 856 ita
2177 817 2397 871 quoque
2435 805 2537 857 sub
2583 804 2683 860 hac
2721 805 3008 860 verborum
3057 806 3221 860 nimia
3278 807 3628 862 distinctione

2060 892 2300 946 bawetici
2333 893 2534 963 aliquid
2579 895 2742 948 latere
2769 897 3032 965 putabant
3074 897 3262 966 aliqui,
3297 913 3392 952 nec
3418 899 3626 968 absque

2053 984 2266 1039 ratione
2293 985 2580 1040 verebatur
2603 985 2997 1054 Theodoretus,
3031 1003 3100 1044 ne
3146 990 3286 1044 idem
3321 991 3466 1060 quod
3509 991 3624 1059 ipse

2049 1072 2177 1126 olim
2209 1085 2466 1147 expertus
2497 1085 2637 1140 erat,
2670 1079 2937 1134 accideret
2961 1081 3138 1144 Aetio,
3169 1083 3454 1136 utseilicet
3485 1082 3622 1136 duos

2047 1161 2100 1214 in
2159 1161 2300 1217 ﬁlios
2333 1164 2576 1220 dividere
2622 1165 2737 1239 [-27]
2786 1177 3064 1238 putaretur
3113 1185 3280 1224 unum
3330 1171 3616 1226 Dominum

2045 1262 2297 1308 nostrum
2343 1253 2528 1310 Jesum
2563 1257 2862 1325 Christum,
2915 1261 3350 1332 et.Unigenitum
3397 1263 3616 1334 quidem

2044 1344 2348 1416 legitimum
2389 1349 2611 1403 credere
2654 1351 2822 1404 lilium
2873 1367 2937 1406 ac
2983 1355 3303 1419 naturalem,
3335 1355 3616 1410 Christum

2050 1449 2178 1490 vero
2235 1437 2546 1506 adoptivum
2595 1455 2659 1493 ae.
2697 1440 2947 1508 nothum,
3001 1444 3185 1512 sicque
3229 1445 3618 1515 gloriﬁtatiouc

2042 1525 2348 1597 indignum.
2367 1527 2442 1582 Ita
2468 1528 2543 1583 rei
2576 1538 2776 1583 statum
2802 1531 3043 1601 depingit
3066 1532 3260 1587 Noster
3287 1535 3340 1588 in
3376 1535 3616 1603 Epistula

2042 1633 2207 1688 quam
2247 1621 2408 1674 modo
2446 1621 2822 1690 allegavimus,
2853 1623 2970 1692 ipse
3005 1640 3132 1679 vero
3156 1627 3298 1695 quod
3335 1629 3614 1696 prudentis

2039 1719 2160 1764 erat
2213 1711 2596 1779 moderatoris,
2642 1716 2816 1770 multo
2844 1730 2968 1770 cum
2999 1719 3182 1772 studio
3219 1721 3442 1791 peregit,
3487 1736 3612 1776 cum

2041 1817 2146 1856 non
2177 1802 2340 1857 tnodo
2371 1803 2424 1856 iu
2451 1803 2551 1859 hac
2578 1803 2816 1875 Epistola
2851 1807 3031 1871 locum
3067 1809 3235 1864 istum
3269 1809 3335 1865 de
3363 1812 3615 1866 incarna-

357 1913 556 1956 verunt
587 1919 601 1955 :
633 1899 738 1954 Iste
781 1901 1071 1957 haereticus
1114 1909 1220 1966 est,
1265 1901 1368 1956 iste
1421 1898 1778 1954 Nestoriauus
1827 1907 1928 1964 est,
1970 1881 2010 1935 Β
2039 1893 2205 1960 tione,
2237 1895 2301 1948 de
2331 1910 2440 1965 quo
2473 1907 2602 1953 tunc
2631 1901 2892 1968 temporis
2917 1915 3042 1954 cum
3073 1915 3267 1969 magna
3301 1902 3609 1957 animorum

357 1993 674 2048 haereticum
708 1991 859 2047 foras
887 1993 1061 2048 mitte.

428 2104 449 2138 ι
488 2086 862 2142 Theodoretus
892 2087 1384 2142 rcverendissimus
1425 2088 1713 2157 episcopus
1751 2089 1928 2145 dixit:

355 2177 662 2232 Anathema
697 2175 951 2233 Nestorio
975 2187 1029 2234 et
1056 2181 1103 2232 ei
1127 2179 1218 2248 qui
1246 2195 1356 2234 non
1398 2179 1530 2236 dicit
1565 2180 1657 2236 Dei
1695 2181 1932 2238 Genitri-

353 2285 472 2322 cem
508 2269 780 2340 Virginem
822 2269 1068 2337 Mariam,
1103 2281 1157 2326 et
1199 2271 1291 2342 qui
1327 2273 1382 2327 in
1413 2273 1552 2328 duos
1597 2273 1736 2330 ﬁlios
1767 2275 1933 2344 parti-

352 2372 444 2415 tur
473 2376 642 2418 unutn
673 2361 870 2416 Filium
915 2363 1273 2433 unigenitum.
1329 2363 1440 2434 Ego
1483 2376 1662 2419 autem
1713 2373 1768 2420 et
1802 2366 1926 2420 ﬁdei

352 2456 658 2511 deﬁnitioni
719 2455 1058 2524 subscripsi,
1100 2465 1153 2509 et
1205 2456 1448 2524 cpistola:
1509 2457 1834 2511 sanctissimi
1877 2467 1931 2512 tt

349 2549 464 2602 Deo
515 2547 879 2602 amantissimi
933 2546 1325 2616 archiepiscopi
1357 2546 1564 2602 domini
1610 2547 1829 2614 Leonis,
1875 2557 1928 2604 et

349 2639 432 2694 sic
462 2639 641 2708 sapio.
675 2638 740 2692 Et
775 2649 898 2706 post
923 2638 1108 2692 omnia
1135 2639 1249 2692 ha:c
1283 2638 1437 2704 dixit,
1469 2638 1701 2696 Salvete.

427 2749 447 2782 ι
506 2729 897 2786 Gloriosissimi
949 2728 1162 2797 iudices
1209 2730 1466 2784 dixerunt
1509 2749 1524 2786 :
1575 2730 1767 2788 Omnis
1812 2731 1924 2800 jam

347 2820 626 2875 dubitatio
666 2819 734 2872 de
779 2818 1127 2874 Thcodoreto
1179 2819 1632 2875 revercndissimo
1669 2822 1926 2890 episcopo

346 2922 430 2968 est
465 2911 675 2978 soluta;
710 2911 913 2980 quippe
957 2921 1010 2964 et
1038 2909 1340 2966 Nestorium
1388 2927 1570 2965 coram
1611 2912 1764 2966 vobis
1787 2929 1923 2966 ana—

351 3002 746 3065 thematizavit,
785 3011 838 3056 et
873 3018 903 3056 a
943 3003 1288 3058 sanctissimo
1317 3013 1369 3058 et
1421 3003 1515 3058 Dei
1547 3005 1924 3060 amantissimo

348 3094 584 3148 senioris
621 3094 771 3148 urbis
807 3091 992 3148 Roma:
1035 3093 1212 3149 Leone
1263 3104 1547 3165 susceptus
1569 3106 1671 3158 est,
1711 3107 1764 3150 et
1794 3096 1924 3150 deﬁ-

345 3180 607 3234 nitionem
635 3181 754 3235 lidei
773 3197 803 3235 a
829 3181 1180 3251 religiositate
1221 3193 1394 3237 vestra
1415 3184 1674 3254 prolatam
1698 3183 1924 3240 libenter

343 3269 634 3339 suscepit,
675 3268 792 3342 [26]
826 3279 879 3325 et
915 3273 1138 3340 insuper
1188 3273 1432 3342 epistolae
1477 3275 1758 3328 memorati
1791 3290 1919 3332 san-

343 3361 574 3416 ctissimi
595 3361 992 3432 archiepiscopi
1030 3361 1229 3419 Leonis
1264 3364 1602 3436 subscripsit.
1632 3364 1788 3421 Deest
1821 3367 1920 3437 igi-

348 3463 458 3519 tur,
501 3463 561 3507 ut
590 3453 860 3508 sententia
885 3455 1195 3525 proferatur
1221 3472 1251 3510 a
1295 3457 1597 3512 reverentia
1631 3467 1832 3523 vestra,
1862 3468 1920 3514 ut

346 3544 650 3600 Ecclesiam
679 3561 836 3600 suam
868 3547 1116 3618 recipiat,
1146 3549 1288 3604 sicut
1313 3557 1369 3604 et
1399 3549 1779 3606 sanctissimus
1807 3549 1918 3605 Leo

344 3639 630 3708 cpiscopus
659 3639 946 3709 judicavit.

425 3749 444 3782 ι
497 3731 704 3787 Omnes
741 3733 1178 3790 reverendissimi
1209 3733 1445 3805 episcopi
1493 3737 1866 3790 clamaveruut
1898 3752 1915 3789 :

343 3823 726 3878 Theodoretus
761 3824 960 3894 dignus
1015 3837 1100 3880 est
1148 3827 1296 3888 sede,
1352 3826 1590 3881 Ecclesia
1649 3836 1914 3897 pastorem

347 3915 568 3984 recipiat
603 3933 618 3970 :
653 3915 1018 3972 orthodoxum
1063 3919 1336 3975 doctorem
1373 3918 1616 3975 Ecclesia
1667 3921 1912 3990 recipiat,

345 4006 728 4064 Theodorctus
764 4010 960 4080 dignus
995 4019 1078 4066 est
1105 4013 1229 4068 sede
1252 4031 1264 4066 :
1291 4014 1704 4085 archiepiscopo
1746 4013 1913 4068 Leoni

344 4102 540 4154 multos
561 4117 758 4156 annos.
806 4102 934 4156 Post
968 4102 1133 4158 Deum
1175 4103 1282 4157 Leo
1317 4107 1582 4173 judicavit
1630 4123 1644 4159 :
1681 4105 1916 4174 populus

344 4192 708 4247 orthodoxum
739 4195 963 4264 recipiat
1005 4197 1226 4266 dignmu
1259 4213 1357 4252 sua
1388 4198 1534 4252 sede.
1574 4196 1917 4252 Theodoreto

345 4282 614 4338 catholico
638 4283 848 4338 doctori
889 4285 1147 4340 reddatur
1196 4285 1454 4342 Ecclesia.
1503 4307 1520 4339 ι

403 4371 482 4429 Ad
539 4376 756 4430 tertiam
791 4373 923 4432 Vita:
956 4377 1119 4447 lmjus
1171 4389 1377 4448 partem
1423 4380 1755 4448 accedimus,
1797 4399 1917 4452 quae

344 4467 532 4522 ultima
553 4466 736 4522 Nostri
767 4468 894 4536 l‘ata,
921 4479 975 4524 et
1005 4480 1184 4526 motus
1211 4482 1331 4540 post
1361 4483 1587 4527 mortem
1611 4475 1732 4543 ejus
1765 4485 1918 4530 ortos

2039 1990 2388 2044 contentione
2424 1991 2824 2061 disputabatur,
2855 2002 3111 2049 accurate
3152 2005 3467 2064 exponeret,
3516 1994 3615 2049 sed

2039 2082 2609 2156 peculiarem_quoque
2635 2087 2702 2142 de
2734 2089 2838 2143 hoc
2865 2100 3187 2160 argumento
3212 2089 3411 2145 lihrum
3447 2105 3604 2146 com-

2038 2183 2280 2240 poneret,
2315 2176 2473 2244 cujus
2495 2188 2674 2231 autem
2708 2193 2814 2233 non
2844 2179 2946 2234 nisi
2994 2180 3318 2251 Fragmenta
3359 2181 3606 2250 qumdam

2036 2273 2246 2319 aetatem
2281 2267 2539 2323 tulerunt.
2570 2268 2760 2326 Plures
2802 2271 2920 2326 sine
2953 2273 3119 2328 duhio
3163 2274 3382 2344 scripsit
3418 2273 3608 2339 libros,

2037 2371 2160 2410 cum
2185 2357 2426 2427 jucundo
2461 2359 2565 2416 hoc
2591 2361 2702 2417 otio
2735 2363 3054 2419 abundaret.
3092 2366 3231 2420 Sunt
3276 2367 3422 2420 enim
3468 2369 3608 2421 inter

2039 2450 2240 2504 multos
2275 2450 2394 2506 illos
2425 2467 2564 2522 quos
2613 2455 2852 2525 reliquit,
2887 2458 3158 2519 nonnulli,
3189 2458 3256 2514 de
3287 2459 3488 2529 quibus
3515 2474 3606 2513 sa-

2036 2537 2104 2590 tis
2133 2548 2283 2592 certo
2333 2549 2569 2608 constat,
2619 2559 2715 2598 eos
2744 2560 2853 2600 non
2885 2554 3011 2602 ante
3059 2550 3274 2604 concilii
3307 2551 3605 2605 Chalcedo-

2033 2629 2218 2683 nensis
2247 2637 2506 2700 tempora,
2530 2649 2657 2700 seu,
2678 2637 2824 2705 quod
2866 2637 3003 2692 idem
3033 2648 3136 2706 est,
3165 2651 3289 2696 ante
3323 2656 3509 2710 pacem
3548 2649 3607 2696 et

2031 2720 2266 2786 quietem
2287 2721 2482 2777 Nostro
2505 2729 2717 2781 tandem
2744 2731 3071 2797 restitutam,
3097 2748 3218 2787 esse
3248 2735 3599 2803 compositos.

2033 2807 2312 2864 Fallnutur
2337 2813 2517 2882 itaque
2540 2814 2808 2872 Baronius
2837 2827 2888 2873 et
2918 2820 3262 2883 Sirmondus,
3308 2824 3400 2890 qui
3440 2834 3596 2892 puta-

2033 2908 2180 2963 runt,
2212 2899 2610 2958 Thcodorctum
2642 2905 2791 2959 brevi
2821 2918 2943 2976 post
2975 2909 3264 2964 concilium
3297 2913 3425 2965 illud
3461 2922 3600 2967 tetu-

2031 3005 2160 3060 pore
2210 3007 2339 3044 ann.
2373 2991 2436 3046 C.
2470 2993 2574 3048 455
2607 2993 2730 3050 fatis
2779 2994 3025 3052 iunctum
3075 3016 3215 3055 esse.
3249 3001 3454 3056 Contra
3499 3002 3601 3057 hos

2029 3089 2234 3152 pugnat
2264 3082 2316 3136 in
2349 3083 2538 3152 primis
2567 3084 2900 3153 Gennadius,
2934 3091 3024 3159 qui
3055 3100 3316 3162 testatur,
3341 3093 3597 3148 Nostrum

2029 3173 2083 3228 in
2112 3176 2218 3229 vita
2245 3176 2424 3231 adhuc
2446 3179 2792 3246 superstitem
2813 3179 2980 3236 fuisse
3005 3197 3131 3237 cum
3153 3199 3374 3253 regnum
3404 3200 3598 3256 capes-

2024 3279 2165 3322 seret
2200 3269 2309 3324 Leo
2334 3271 2650 3340 imperator,
2680 3273 2868 3342 sicque
2887 3290 3015 3329 ann.
3046 3275 3108 3330 C.
3133 3276 3255 3332 457.
3288 3277 3594 3348 Argumeu-
3643 3341 3654 3352 ,

2024 3372 2132 3416 tom
2161 3365 2308 3433 quod
2345 3380 2409 3418 ev
2461 3365 2734 3422 Chronico
2769 3367 3062 3446 Marcellini
3115 3370 3267 3426 duxit
3323 3372 3590 3434 Labbeus,

2019 3455 2202 3511 minus
2251 3465 2428 3512 tutum
2470 3473 2591 3513 esse
2619 3460 2852 3526 videtur,
2897 3461 3024 3530 quia
3080 3461 3132 3515 iu
3173 3461 3444 3518 Chronico
3488 3466 3596 3518 isto

2019 3548 2278 3618 temporis
2301 3559 2429 3603 uota
2461 3549 2601 3604 haud
2633 3551 2767 3606 satis
2789 3551 3143 3607 determinata
3165 3561 3268 3607 est.
3297 3555 3468 3607 Multo
3490 3555 3591 3607 mi-

2021 3654 2126 3693 nus
2153 3639 2516 3695 insistendum
2555 3656 2680 3697 esse
2721 3642 2934 3697 videtur
2971 3643 3078 3701 illis
3108 3660 3226 3714 qua:
3255 3662 3284 3699 c
3318 3644 3589 3700 Theodori

2019 3729 2263 3788 Lectoris
2295 3730 2656 3788 Collectaneis
2683 3733 2978 3790 Garnerius
3013 3736 3172 3790 Auct.
3206 3753 3260 3807 p.
3297 3739 3418 3803 1.58,
3445 3748 3591 3792 attu-

2017 3823 2098 3888 lit,
2133 3833 2190 3877 ut
2219 3823 2492 3894 probaret,
2520 3823 2776 3880 Nostrum
2834 3841 2965 3880 ann.
3012 3829 3074 3882 t2.
3102 3827 3208 3883 458
3237 3845 3300 3883 ex
3348 3829 3449 3883 hac
3482 3831 3587 3884 vita

2017 3916 2336 3972 discessisse
2372 3935 2384 3972 :
2419 3917 2540 3986 qua:
2604 3917 2748 3972 enim
2800 3916 2868 3973 de
2929 3917 3133 3975 Jacobo
3186 3918 3590 3991 Thaumaturgo

2018 4023 2147 4061 ann.
2175 4008 2235 4062 C.
2276 4007 2382 4063 458
2409 4008 2584 4064 adhuc
2616 4011 2905 4080 superstite
2941 4021 3253 4079 narrantur,
3292 4027 3424 4081 vago
3452 4012 3589 4067 Eva-

2019 4098 2117 4167 grii
2166 4099 2480 4153 testimonio
2527 4101 2793 4156 nituntur.
2837 4103 3195 4158 Tutissimqu
3251 4105 3435 4174 itaque
3469 4121 3590 4160 esse

2017 4199 2297 4259 putamus,
2349 4192 2562 4247 obitum
2607 4193 2933 4250 Theodoreti
2975 4211 3104 4250 ann.
3136 4197 3198 4251 C.
3235 4197 3335 4252 457
3388 4197 3589 4252 referre

2018 4296 2145 4334 cum
2187 4280 2536 4340 Tillemontio
2563 4296 2618 4340 et
2639 4287 2779 4341 aliis.

2089 4372 2224 4440 Hoc,
2257 4385 2320 4430 ut
2345 4386 2621 4446 putamus,
2654 4392 2821 4443 anno,
2853 4379 2905 4434 in
2934 4395 3066 4450 pace
3098 4380 3353 4435 Ecclesiae
3385 4381 3585 4435 obdor-

2018 4465 2191 4530 mivit,
2225 4476 2274 4520 et
2313 4467 2533 4522 charatn
2565 4469 2647 4524 sui
2699 4472 3020 4526 memoriam
3049 4473 3269 4542 reliquit
3311 4472 3582 4538 omnibus,

344 4566 601 4628 exponet,
661 4559 851 4629 sicque
903 4560 1280 4630 progredietur
1328 4577 1502 4630 usque
1548 4565 1612 4616 ad
1669 4573 1910 4634 tempora
1947 4563 1988 4616 D
2015 4557 2108 4626 qui
2133 4557 2304 4611 libero
2329 4573 2360 4612 a
2396 4560 2723 4629 praejudiciis
2757 4561 2940 4616 animo
2973 4562 3194 4630 dignum
3225 4560 3340 4632 [28]
3377 4561 3584 4616 meritis

345 4651 534 4720 synodi
569 4651 800 4720 quintae.
827 4651 955 4706 Post
976 4653 1266 4707 concilium
1287 4653 1739 4711 Chalcedonense
1786 4659 1910 4727 plu-

341 4741 540 4797 rimum
601 4744 820 4812 quidem
877 4747 1136 4814 temporis
1188 4747 1420 4815 spatium
1472 4749 1526 4801 in
1580 4751 1913 4804 monasterio

341 4844 506 4900 prope
535 4830 736 4902 Cyrum
783 4833 963 4903 posito
995 4836 1335 4905 consumpsit
1386 4836 1781 4902 Theodoretus,
1837 4840 1910 4895 ita

340 4931 518 4976 tamen
544 4931 606 4976 ut
640 4924 892 4979 Ecclesia:
923 4941 1034 4980 sua:
1061 4926 1221 4980 saluti
1265 4943 1476 4983 summa
1503 4945 1630 4984 cura
1669 4931 1911 5000 invigila-

340 5026 437 5072 ret.
493 5017 976 5088 Exoptatissimam
1018 5017 1182 5074 fuisse
1229 5022 1367 5076 hanc
1413 5031 1738 5090 postremam
1791 5026 1912 5079 vitae

264 5109 275 5120 ‘
338 5107 454 5175 ejus
508 5119 740 5178 partem,
792 5110 1104 5179 colligimus
1145 5126 1208 5165 ex
1266 5113 1493 5182 epistola
1531 5115 1598 5168 ad
1643 5112 1907 5169 Joannem

337 5197 706 5254 (Economum
739 5197 864 5253 data
894 5198 1039 5270 (L56)
1069 5239 1084 5264 ,
1123 5199 1176 5252 in
1223 5215 1328 5270 qua
1375 5209 1626 5267 testatur,
1659 5218 1718 5258 se
1764 5203 1910 5256 dele.-

337 5287 465 5340 ttari
495 5289 679 5358 quiete
717 5298 772 5343 et
801 5288 914 5342 vita
947 5305 976 5342 a
1003 5288 1150 5344 curis
1179 5289 1365 5344 libera.
1395 5290 1469 5343 Ex
1500 5293 1687 5346 eadem
1727 5303 1907 5346 autem

335 5380 557 5446 cpistola
587 5380 942 5450 perspicitur,
969 5395 1141 5435 novos
1175 5395 1239 5433 eo
1265 5390 1505 5448 tempore
1535 5393 1716 5438 motus
1753 5395 1906 5438 ortos

337 5484 450 5524 esse
492 5471 652 5541 culpa
694 5471 838 5525 Aetii
871 5470 1266 5535 archidiaconi,
1299 5473 1390 5540 qui
1421 5483 1734 5527 consuetam
1785 5489 1911 5528 ora-

337 5560 531 5615 tionum
555 5571 611 5617 et
648 5577 877 5634 precum
906 5561 1229 5628 clausulam,
1266 5565 1391 5632 quia
1421 5572 1468 5616 te
1497 5565 1636 5618 decet
1659 5565 1833 5636 gloria
1859 5577 1907 5618 et

334 5647 592 5708 Christum
635 5663 789 5708 tuum
828 5661 880 5706 et
910 5663 1152 5705 sanctum
1195 5663 1342 5705 tuum
1373 5652 1634 5722 Spiritum
1662 5655 1802 5724 (seu,
1847 5665 1906 5708 ut

329 5741 414 5797 alii
439 5743 620 5800 dicere
650 5743 930 5805 solebant,
958 5743 1131 5812 gratia
1154 5750 1202 5796 et
1255 5743 1546 5815 benignitas
1581 5745 1778 5800 Christi
1801 5747 1902 5808 tui,

325 5847 432 5890 cum
459 5851 562 5908 quo
581 5847 630 5891 te
661 5836 812 5890 decet
837 5832 1014 5904 gloria
1059 5849 1175 5886 cum
1208 5841 1389 5887 sancto
1432 5845 1520 5890 tuo
1553 5836 1780 5906 Spiritu)
1810 5838 1904 5892 ad—

2015 4648 2327 4702 statuehant
2347 4650 2601 4718 pretium.
2629 4649 2885 4704 Eamdem
2918 4658 3100 4705 tamen
3137 4659 3260 4720 post
3282 4650 3390 4706 fata
3416 4651 3578 4705 etiam

2013 4752 2271 4811 expertus
2313 4754 2395 4798 est
2433 4753 2656 4810 sortem,
2699 4761 2862 4816 quam
2919 4745 3048 4798 dum
3107 4745 3346 4811 viveret,
3395 4745 3583 4799 habuit

2014 4834 2169 4888 valde
2201 4835 2464 4905 iniquam.
2515 4836 2712 4890 Ultima
2762 4836 2982 4906 quidem
3023 4851 3201 4891 rerum
3253 4836 3389 4892 linea
3434 4853 3582 4890 mors

2013 4925 2232 4990 dicitur,
2268 4935 2322 4980 et
2347 4927 2411 4980 de
2445 4929 2676 4981 mortuis
2713 4943 2819 4982 non
2853 4927 2957 4981 nisi
2993 4927 3126 4982 bene
3146 4926 3432 4982 dicendum
3463 4942 3581 4981 esse

2013 5018 2288 5086 sapienter
2325 5029 2695 5088 praeceperunt
2729 5019 2984 5088 maiores,
3015 5021 3109 5074 sed
3147 5017 3346 5075 Nostro
3377 5035 3483 5072 non
3516 5019 3580 5071 li-

2013 5107 2129 5160 cuit
2158 5123 2282 5162 esse
2305 5109 2438 5161 adeo
2466 5109 2628 5173 felici,
2663 5120 2720 5162 ut
2756 5108 2920 5164 illa‘sa
2957 5119 3075 5174 post
3102 5120 3330 5163 tnortcm
3377 5109 3581 5162 fruere-

2014 5207 2102 5252 tur
2132 5197 2298 5252 fama.
2349 5198 2708 5254 Redeuudum
2745 5199 2928 5268 itaque
2977 5201 3132 5254 nobis
3163 5209 3245 5254 est
3294 5199 3359 5252 ad
3409 5199 3578 5252 histo-

2013 5289 2148 5342 riam
2179 5289 2338 5358 cujus
2382 5290 2541 5344 ﬁnem
2581 5290 2692 5360 jam
2740 5291 2989 5358 attigisse
3024 5291 3359 5344 videbamur.
3407 5291 3577 5354 Quam

2017 5377 2129 5432 ﬁeri
2161 5388 2358 5448 potest,
2391 5380 2735 5449 paucissimis
2763 5382 2941 5436 adhuc
2978 5383 3267 5434 enarramli
3299 5391 3425 5434 sunt
3467 5400 3578 5433 tuo-

2011 5481 2120 5533 tus,
2155 5471 2246 5539 qui
2290 5486 2386 5540 per
2421 5473 2688 5542 integrum
2739 5485 2797 5531 et
2849 5475 2993 5540 quod
3033 5475 3274 5526 excurrit
3320 5475 3576 5527 Saeculum

2012 5563 2300 5617 turbarunt
2324 5559 2617 5618 Orientem.
2651 5565 2780 5630 Qua.-
2809 5565 2946 5619 solet
2983 5581 3103 5618 esse
3134 5581 3451 5634 magnorum
3499 5568 3577 5617 vi—

2010 5670 2196 5707 rorum
2231 5655 2490 5722 conditio,
2520 5666 2579 5709 ut
2604 5659 2648 5709 si
2683 5657 2787 5709 vita
2825 5668 3203 5716 excesserunt,
3239 5637 3353 5724 piis.
3387 5671 3576 5710 eorum

2012 5745 2263 5800 manibus
2303 5745 2446 5801 haud
2485 5763 2610 5801 raro
2661 5746 2922 5800 insultent
2978 5747 3090 5810 illi,
3140 5747 3338 5816 quibus
3389 5762 3482 5799 ora
3523 5757 3577 5799 ct

2012 5835 2220 5906 linguas
2272 5837 2498 5892 solvisse
2549 5837 2760 5891 videtur
2807 5835 3044 5890 defuncti
3110 5837 3288 5891 obitus
3320 5876 3332 5900 ,
3388 5838 3572 5890 eadem
