4038 6210
447 349 475 386 ιτ

446 343 510 413 51
1386 355 1483 416 DE
1535 359 1712 419 VITA
1751 360 1848 419 ET
1901 362 2242 423 SCRIFTIS
2297 365 2784 429 THEODORETI
3643 376 3712 433 52

443 482 662 537 quoque
690 467 795 522 fuit
821 483 938 523 sors
962 467 1308 523 Theodoreti.
1336 470 1433 525 Vix
1455 474 1599 527 enim
1630 490 1660 529 e
1688 476 1795 528 vita
1826 476 2027 531 disces-
2056 481 2102 538 Α
2131 479 2257 546 quis
2288 494 2392 532 non
2424 481 2652 535 miretur
2682 497 2955 536 summam
2988 482 3087 536 viri
3116 484 3559 545 inconstantiam,
3585 498 3711 553 qua

445 571 612 627 serat,
648 577 771 614 cum
802 562 1147 633 Eutychiani,
1182 563 1273 634 qui
1302 579 1444 636 :cgre
1484 564 1729 621 ferebant
1763 584 1867 621 non
1918 570 2026 624 Eu-

446 653 623 724 tychis
647 661 858 708 tantum
890 655 982 710 sed
1011 653 1257 710 Dioscori
1289 672 1508 728 quoque
1531 658 1827 728 j'acturam,
1865 676 2020 717 acer-

448 745 688 802 bissimis
713 748 1004 805 calumniis
1065 749 1163 803 viri
1213 750 1431 820 optimi,
1459 752 1570 806 imo
1599 753 1765 809 totius
1807 755 2021 824 synodi,

446 837 911 895 Chalcedonensis
950 842 1267 896 memoriam
1305 843 1446 897 male
1495 842 1562 897 ad
1595 853 1844 913 posteros
1871 861 2026 900 eom-

448 931 705 986 mendare
733 933 1130 988 anniterentur.
1160 932 1436 990 SiVictori
1470 933 1784 991 Tunonensi
1815 946 1868 992 et
1889 939 2028 994 Eva-

445 1023 588 1090 grio,
622 1039 783 1093 quem
826 1036 1115 1097 utrumque
1140 1033 1322 1082 tamen
1350 1042 1545 1097 parum
1575 1027 1738 1083 ﬁdum
1772 1045 1895 1085 esse
1919 1048 2024 1086 no-

443 1115 645 1179 vimus,
689 1115 1019 1171 credendum
1067 1117 1159 1178 sit.
1208 1117 1500 1172 Anastasio
1551 1106 1855 1188 imperante
1903 1122 2027 1178 diue

448 1218 796 1278 congregata:
845 1221 976 1264 sunt
1002 1211 1216 1282 synodi,
1250 1211 1718 1282 Constantinopoli
1757 1230 1886 1280 una,
1937 1214 2024 1270 Si-

448 1299 592 1354 done
625 1299 678 1353 in
729 1300 1017 1355 Palaestina
1061 1301 1264 1364 altera,
1312 1302 1363 1354 in
1394 1302 1596 1371 quibus
1645 1304 1901 1360 damnata
1944 1316 2028 1361 est

450 1390 629 1446 Nostri
664 1393 947 1447 memoria.
985 1393 1091 1447 Sed
1115 1409 1239 1447 cum
1279 1394 1414 1448 satis
1439 1395 1674 1452 obscura
1713 1396 1783 1451 sit
1816 1398 2024 1452 utrius-

446 1499 555 1553 que
586 1485 776 1555 synodi
809 1484 966 1539 istius
995 1485 1241 1549 historia,
1283 1485 1471 1539 utilius
1519 1500 1740 1555 operam
1777 1498 2020 1545 nostram

445 1577 857 1641 t-ollocabimus,
880 1577 925 1630 si
965 1577 1071 1632 illis
1104 1576 1451 1646 potissimum
1496 1578 1847 1646 inbzeremus,
1901 1597 2023 1652 qua:

444 1671 510 1724 ad
566 1668 888 1725 invidiosam
931 1670 998 1725 de
1047 1669 1224 1724 tribus
1273 1667 1538 1737 Capitulis
1588 1675 2018 1729 controversiam

444 1760 735 1829 pertinent.
771 1759 1079 1814 Tui-barum
1109 1775 1244 1831 quas
1275 1759 1600 1832 Eutycbiani
1651 1763 2022 1822 excitaverant
2055 1792 2094 1846 Β

445 1861 712 1918 pertaesus
744 1850 1092 1908 Justinianus
1126 1853 1442 1922 imperator,
1473 1854 1567 1922 qui
1598 1854 1721 1911 ﬁdei
1746 1872 1848 1911 suo
1878 1866 2018 1912 tem-

444 1961 575 2014 pore
606 1946 907 1999 acerrimus
934 1954 1052 1999 erat
1077 1953 1449 2014 propugnator
1470 1987 1486 2012 ,
1532 1962 1718 2017 pacem
1762 1947 2020 2007 Ecclesiae

445 2037 672 2091 reddere
702 2036 874 2091 voluit
915 2037 1119 2107 scripto
1146 2044 1336 2093 contra
1376 2039 1677 2108 Acepbalos
1709 2041 1821 2095 sive
1852 2042 2021 2116 Euty-

442 2128 675 2183 chianos
705 2129 935 2184 directo.
965 2126 1081 2185 Hoc
1110 2144 1233 2184 eum
1261 2130 1636 2196 meditaretur,
1669 2147 1699 2186 a
1734 2131 2021 2191 Theodoro

442 2220 828 2276 Caesareaehoe
859 2231 1099 2292 tempore
1136 2222 1528 2293 episcopo,sibi
1559 2226 1870 2293 persuaderi
1899 2245 2024 2298 pas-

442 2330 539 2367 sus
588 2323 692 2380 est,
742 2322 803 2368 ut
835 2314 1104 2369 calamum
1146 2314 1330 2384 potius
1378 2323 1569 2370 contra
1612 2317 1694 2371 sic
1738 2318 1881 2374 dicta
1920 2322 2021 2375 tria

440 2403 717 2472 capitula,
761 2404 863 2460 hoc
908 2414 1026 2471 est,
1064 2413 1257 2461 contra
1311 2404 1581 2462 Theodori
1632 2407 2018 2481 Mopsuesteni,

442 2493 766 2551 Theodoreti
814 2497 1018 2561 nostri,
1069 2495 1185 2570 [9.9]
1231 2507 1287 2553 et
1329 2497 1433 2554 lbae
1489 2499 1748 2556 Edesseni
1799 2506 2022 2574 scripta,

444 2598 699 2645 verteret.
717 2590 790 2645 lla
815 2591 960 2646 enim
991 2605 1048 2645 se
1069 2589 1387 2646 effecturum
1410 2607 1529 2649 esse
1548 2595 1819 2664 sperabat,
1846 2596 2025 2652 utEu-

442 2681 681 2751 tychiani
714 2682 780 2736 ad
822 2680 1121 2737 Ecclesiam
1167 2683 1489 2739 catholicam
1520 2687 1776 2749 redirent,
1806 2699 1862 2743 et
1889 2705 2023 2761 syn-

441 2772 605 2825 odum
654 2771 1152 2827 Chalcedonensem
1198 2774 2020 2846 amplecterentur.Imperator,

441 2867 541 2918 etsi
610 2878 938 2934 magnopere
1010 2863 1137 2918 huic
1195 2865 1431 2920 concilio
1494 2865 1740 2933 faveret,
1795 2877 1970 2923 tamen
2006 2913 2022 2936 ,

441 2959 570 3026 quia
627 2972 733 3010 non
778 2958 887 3010 alio
915 2958 1079 3009 modo
1124 2971 1311 3025 pacem
1365 2957 1621 3012 Ecclesia:
1669 2960 1818 3013 reddi
1867 2977 2027 3031 posse

440 3051 827 3112 existimabat,
882 3048 1243 3119 promulgavit
1285 3049 1583 3116 decretum,
1626 3066 1735 3119 quo
1775 3053 1873 3106 tria
1924 3055 2026 3110 ista

2129 579 2275 625 tanta
2317 572 2438 637 fuit,
2454 581 2511 626 ut
2542 572 2688 626 brevi
2710 582 2828 642 post
2849 573 3049 628 editum
3075 572 3435 627 Constitutum
3467 582 3711 643 tempore

2132 663 2233 717 hoc
2262 664 2458 718 iterum
2486 675 2788 728 revocaret,
2841 681 2948 719 non
2971 680 3098 735 erga
3155 665 3279 720 illos
3324 674 3533 720 tantum
3575 680 3709 734 quo-

2128 771 2247 810 rum
2278 771 2446 811 causa
2477 758 2761 828 agebatur,
2800 758 2893 812 sed
2928 774 3055 829 erga
3091 758 3335 828 seipsum
3386 774 3608 826 quoque
3651 767 3707 811 et

2127 846 2329 902 famam
2366 864 2523 903 suam
2561 850 2796 905 maxime
2832 849 3088 921 injurius.
3142 849 3356 904 Testem
3411 849 3577 919 hujus
3627 849 3707 903 rei

2127 941 2392 995 habemus
2422 942 2708 1011 epistolam
2743 959 2906 1013 quam
2937 943 3053 1013 ipse
3086 942 3232 997 dedit
3267 943 3331 996 ad
3380 942 3703 1012 Eutyehium

2125 1021 2278 1085 hrbis
2313 1032 2475 1101 regite
2505 1032 2845 1101 episcopum,
2879 1048 3000 1103 quae
3023 1041 3202 1087 exstat
3240 1032 3293 1084 in
3319 1030 3466 1086 Actis
3511 1031 3703 1101 synodi

2125 1116 2600 1190 Constantinopol.
2628 1121 2768 1190 apud
2803 1120 3166 1185 llarduinum,
3209 1131 3343 1175 tom.
3379 1120 3466 1182 ΠΙ.
3520 1137 3571 1189 p.
3598 1120 3707 1173 2133

2126 1227 2278 1281 seqq.
2299 1210 2565 1267 Gai-uerto
2595 1224 2775 1267 autem
2810 1216 2944 1268 adeo
2969 1212 3245 1282 displicuit
3284 1213 3393 1275 illa,
3417 1222 3477 1265 ut
3503 1212 3555 1263 iu
3589 1212 3710 1264 suis

2125 1302 2190 1355 ad
2222 1303 2469 1372 quintam
2505 1305 2772 1375 synodum
2801 1305 3275 1359 observationibus
3306 1302 3542 1357 Liherati
3574 1302 3710 1356 Bre-

2127 1396 2298 1446 riario
2326 1395 2654 1465 Stllxjunt‘lls,
2688 1393 2802 1468 [50]
2835 1411 3030 1467 magno
3056 1398 3273 1465 quidem
3304 1395 3397 1450 sed
3432 1398 3585 1448 irrito
3608 1411 3712 1449 co-

2126 1495 2275 1549 natu,
2299 1485 2419 1556 ejus
2444 1485 2656 1540 νοθείαν
2704 1488 2860 1541 nobis
2885 1493 3206 1557 persuadere.
3240 1487 3545 1541 tentaverit.
3584 1484 3707 1540 Vita

2125 1591 2252 1630 ann.
2296 1575 2358 1630 C.
2385 1576 2493 1631 555
2521 1576 2810 1632 defunctus
2841 1575 3072 1649 Vigilius
3115 1579 3262 1632 litem
3299 1581 3452 1632 istam
3484 1591 3710 1632 succes-

2125 1672 2344 1728 soribus
2392 1674 2826 1743 prosequendam
2873 1674 3123 1744 reliquit,
3168 1673 3236 1727 de
3279 1674 3472 1728 horum
3518 1682 3705 1727 autem

2125 1766 2471 1820 successibus
2488 1765 2601 1835 jam
2632 1767 2813 1822 dicere
2842 1765 2976 1821 nihil
3007 1767 3220 1821 attinet.

2192 1856 2476 1927 Reliquum
2508 1868 2610 1919 est.
2646 1868 2705 1914 ut
2746 1861 2814 1916 de
2855 1861 3090 1930 scriptis.
3142 1875 3264 1929 qua:
3321 1858 3705 1913 Theodoretus

2122 1965 2319 2022 magno
2359 1968 2588 2007 numero
2634 1954 2885 2024 reliquit,
2941 1952 3242 2022 generatim
3274 1951 3538 2030 dicamus
3583 1967 3598 2004 :
3643 1951 3701 2003 in

2121 2040 2325 2110 quibus
2385 2043 2729 2098 recensendis
2776 2043 3028 2098 eumdem
3069 2043 3371 2097 tenebimus
3429 2041 3701 2099 ordinem.

2125 2147 2234 2201 quo
2264 2142 2377 2187 tum
2408 2133 2459 2186 in
2493 2132 2901 2197 Sirmondiana,
2931 2143 3043 2188 tum
3075 2135 3126 2186 in
3161 2143 3347 2187 nostra
3375 2133 3612 2188 editione
3634 2147 3703 2188 se

2123 2224 2421 2293 excipiunt.
2448 2224 2684 2278 Primam
2717 2240 2948 2294 eamque
2982 2226 3270 2279 maximam
3300 2225 3493 2279 horum
3526 2225 3699 2278 libo-

2124 2327 2241 2389 ryn
2269 2323 2476 2383 partem
2522 2314 2864 2368 constituunt
2889 2313 3302 2374 Commentarii,
3347 2315 3560 2384 quosin
3607 2330 3700 2368 sa-

2124 2419 2270 2460 cram
2303 2406 2638 2476 Scripturam
2668 2416 2780 2461 tum
2814 2406 3023 2462 Veteris
3055 2416 3167 2461 tum
3198 2409 3326 2461 novi
3355 2406 3695 2462 Testamenti

2126 2497 2388 2552 exaravit.
2426 2495 2482 2550 In
2523 2499 2627 2553 hoc
2658 2499 2959 2558 litterarum
2997 2514 3191 2568 genere
3228 2512 3555 2568 magnOpere
3605 2513 3701 2551 cx-

2125 2589 2309 2643 celluit
2340 2588 2553 2653 Noster,
2590 2592 2788 2661 quippe
2813 2592 2927 2662 qui,
2947 2593 3128 2661 judice
3153 2592 3367 2655 Photio,
3397 2599 3450 2644 at
3495 2599 3699 2660 quanto

2126 2680 2243 2735 viro
2272 2681 2284 2734 !
2321 2679 2465 2753 (cod.
2495 2682 2622 2755 205)
2648 2684 2882 2753 palmam
2920 2685 3197 2754 prmripuit
3230 2683 3517 2755 Hippolyto
3554 2683 3699 2735 aliis-

2125 2788 2232 2844 que
2272 2774 2547 2844 plurimis,
2578 2776 2696 2832 sive
2742 2777 2807 2831 ad
2850 2778 3144 2834 dictionem
3194 2777 3314 2845 ejus
3369 2776 3695 2847 respexeris,

2125 2883 2246 2933 quae
2270 2869 2419 2937 puris
2443 2877 2499 2924 et
2524 2869 2960 2940 signiﬁcantibus
2992 2873 3216 2927 vocibus
3259 2869 3436 2924 abdita
3472 2882 3698 2938 qumque

2127 2959 2329 3013 revelat
2374 2970 2428 3014 et
2465 2959 2807 3031 iucunditate
2873 2963 3147 3031 delecrat,
3199 2961 3315 3016 sive
3383 2957 3697 3013 method-nu

2127 3045 2246 3114 ejus
2287 3050 2639 3117 spectaveris,
2680 3052 2840 3120 enjns
2891 3052 3005 3106 hmo
3048 3060 3131 3107 est
3162 3050 3428 3120 prarcipna
3459 3047 3595 3108 laus,
3639 3052 3698 3098 ut

441 3142 691 3213 Capitula
723 3150 783 3196 ut
810 3141 974 3211 impia
1018 3150 1073 3195 et
1104 3140 1419 3211 blasphema
1453 3142 1880 3198 damnabantur.
1916 3143 2017 3200 νο-
2049 3132 2091 3186 C
2126 3134 2244 3192 Sine
2270 3138 2530 3195 omnibus
2554 3141 2873 3212 ambagibus
2892 3159 2953 3197 ea
2987 3159 3107 3212 qua:
3137 3141 3278 3197 scire
3304 3140 3515 3201 allillel.
3572 3150 3693 3204 ροτ-

407 3292 415 3300 .
446 3244 623 3287 torum
648 3249 708 3289 se
739 3240 1019 3303 compotes
1043 3230 1216 3288 factos
1247 3248 1370 3288 esse
1396 3233 1558 3288 laetati
1590 3245 1715 3289 sunt
1738 3234 2026 3307 Eutychia—

447 3323 525 3383 ni,
558 3333 612 3378 et
642 3321 930 3378 Thcodora
953 3322 1202 3393 Augusta
1246 3337 1368 3392 quae
1394 3321 1504 3376 illis
1530 3322 1759 3378 nimium
1782 3322 2020 3380 favebat.

446 3413 568 3479 Quo
605 3414 787 3469 minus
834 3423 1011 3470 tamen
1045 3429 1111 3469 ex
1133 3414 1275 3469 votis
1305 3414 1519 3469 cederet
1565 3414 1879 3482 consilium,
1923 3417 2022 3471 ob-

448 3506 586 3561 stitit
641 3504 1075 3562 Occidentalium
1127 3516 1180 3562 et
1206 3506 1473 3577 przeeipue
1500 3505 1700 3578 Vigilii,
1746 3507 2024 3564 Romano-

450 3612 569 3650 rum
607 3606 737 3652 tunc
784 3598 1047 3668 epise0pi,
1090 3599 1397 3655 dissensus.
1444 3598 1512 3653 Et
1551 3599 1845 3657 dolendum
1893 3618 2025 3659 sane

445 3689 554 3752 est,
614 3688 867 3762 Vigilium
903 3691 1106 3759 justam
1155 3693 1370 3748 tandem
1424 3694 1733 3751 deseruisse
1763 3710 2022 3759 causam,

449 3798 613 3851 quam
648 3783 787 3837 tueri
833 3784 1057 3838 omnino
1090 3784 1373 3854 potuisset.
1424 3786 1849 3842 inconstantiam
1882 3788 2023 3859 ejus,

450 3875 519 3928 de
548 3888 656 3943 qua
681 3873 901 3942 legenda
932 3885 1015 3929 cst
1037 3874 1358 3932 Dissertatio
1380 3878 1703 3950 theologica,
1731 3896 1853 3950 qua:
1880 3879 2025 3935 haud

455 3969 529 4018 ita
562 3967 766 4034 pridem
792 3966 958 4022 Prtes.
996 3966 1054 4021 S.
1086 3968 1150 4023 γ.
1185 3968 1491 4026 Schuberto
1529 3986 1658 4028 ann.
1710 3973 1846 4028 I766
1889 3973 2028 4044 Gry-

455 4060 791 4127 phiswaldite
838 4059 1054 4128 prodiit,
1087 4061 1221 4115 satis
1249 4070 1480 4117 testatur
1525 4062 1762 4119 Historia
1812 4065 1893 4120 sic
1942 4065 2026 4120 di-

450 4163 552 4207 cta:
584 4153 775 4223 synodi
803 4154 1026 4223 quiane,
1069 4169 1166 4208 seu
1205 4156 1423 4210 concilii
1468 4157 1790 4212 meumeniei
1825 4159 2024 4227 quinti,

450 4244 596 4312 quod
628 4244 680 4296 in
738 4244 837 4299 hac
870 4247 1139 4315 prarcipue
1189 4262 1355 4302 causa
1378 4246 1851 4318 Coustantirmpoli
1891 4264 2025 4305 con-

449 4346 702 4392 vocatum
745 4347 850 4393 est.
880 4337 994 4393 Etsi
1028 4337 1257 4410 Vigilius
1280 4341 1347 4395 de
1377 4341 1519 4396 bona
1542 4355 1707 4397 causa
1737 4358 1901 4412 quam
1935 4344 2028 4397 de-

2122 3229 2311 3298 spicue
2356 3238 2411 3285 et
2457 3241 2650 3288 ornate
2685 3243 2970 3305 proponat,
3017 3234 3083 3288 iis
3133 3242 3436 3287 tamennon
3472 3237 3693 3298 praeter-

2123 3317 2310 3373 missis
2336 3335 2457 3388 qme
2476 3321 2540 3375 ad
2561 3322 2819 3376 lectorem
2846 3322 3246 3376 informandum
3273 3318 3445 3373 facere
3465 3318 3693 3388 possint.

2123 3403 2199 3462 lla
2232 3407 2567 3479 ferejudicat
2585 3411 2835 3475 Photins,
2863 3414 2900 3466 l.
2919 3430 2991 3477 e.,
3020 3413 3107 3467 ubi
3139 3410 3316 3467 Nostri
3346 3410 3696 3464 Commenta—

2123 3506 2238 3561 rios
2273 3508 2326 3561 in
2356 3504 2631 3562 Danielem
2660 3507 2728 3563 iis
2755 3517 2985 3562 exornat
3023 3508 3295 3570 laudibus,
3327 3520 3449 3574 qua:
3477 3503 3543 3557 ad
3582 3517 3700 3555 om-

2125 3614 2224 3654 nes
2247 3599 2490 3670 ejusdem
2527 3600 2746 3671 generis
2777 3601 2944 3656 libros
2971 3602 3039 3656 ab
3071 3602 3173 3655 hoc
3204 3607 3430 3654 auctore
3458 3593 3702 3651 conscri-

2124 3701 2250 3763 ptos
2290 3692 2488 3747 merito
2519 3693 2778 3762 applicari
2834 3694 3084 3748 debeant.
3115 3691 3232 3764 [5|]
3261 3691 3508 3744 Primum
3562 3688 3703 3740 inter

2125 3788 2248 3841 illos
2298 3787 2477 3840 locum
2510 3792 2779 3854 occupant
2836 3784 3162 3850 Quwstiones
3210 3784 3268 3837 in
3320 3779 3702 3838 Oclateuchum

2126 3878 2243 3932 sive
2280 3876 2331 3930 in
2367 3876 2407 3929 V
2435 3876 2603 3931 libros
2641 3874 2829 3937 Mosis,
2884 3875 2937 3928 in
2976 3875 3175 3928 librum
3219 3871 3420 3935 losum,
3450 3869 3701 3923 Judicum

2124 3980 2180 4026 et
2224 3969 2389 4023 Ruth.
2429 3968 2524 4024 His
2567 3968 2748 4025 statim
2795 3968 3146 4039 adiungimus
3187 3965 3537 4033 Qurcstioncs,
3583 3977 3705 4031 qua:

2126 4063 2430 4130 proximum
2485 4071 2669 4117 tenent
2720 4061 2919 4124 locmn,
2960 4062 3014 4114 in
3054 4060 3214 4113 libros
3244 4058 3439 4127 Regum
3466 4058 3702 4125 (notum,

2128 4153 2180 4207 in
2229 4153 2417 4209 Bibliis
2465 4153 2667 4210 Gracis
2711 4154 2880 4207 libros
2911 4151 3182 4208 Samuelis
3213 4149 3491 4206 accenseri
3551 4146 3704 4200 libris

2129 4244 2376 4316 Regum)
2410 4260 2472 4298 ac
2530 4243 2972 4311 Paralipomenon
3018 4259 3037 4296 :
3080 4245 3160 4298 hic
3220 4241 3365 4297 enim
3415 4255 3538 4295 cum
3599 4237 3706 4290 illis

2129 4338 2434 4408 conjunct:e
2472 4336 2600 4390 olim
2660 4335 2829 4391 fuisse
2888 4336 3158 4401 videntur,
3200 4351 3230 4388 a
3270 4333 3466 4388 Photio
3512 4330 3704 4386 saltem

449 4428 774 4483 fendendam
806 4428 1059 4496 habebat,
1093 4431 1320 4500 ipsemet
1355 4431 1657 4492 convictus.
1686 4442 1741 4487 et
1764 4434 1834 4488 ab
1854 4433 2024 4498 Afris,
2060 4470 2101 4524 Β
2132 4431 2185 4484 in
2233 4444 2342 4484 uno
2390 4429 2575 4484 codice
2621 4426 2766 4503 (205)
2803 4427 3118 4524 lectae-sunt
3164 4426 3517 4524 Ome-stiones
3536 4420 3704 4524 priori

453 4518 661 4586 Sardis,
695 4520 1035 4594 lllyricisquc
1071 4538 1401 4594 magnopere
1428 4534 1650 4595 rogatus
1679 4536 1845 4587 esset,
1872 4542 1940 4581 ne
1970 4527 2025 4579 in

457 4611 617 4664 trium
661 4611 1035 4682 Capitnlorum
1077 4615 1487 4671 damnationem
1533 4617 1891 4678 consentiret,
1941 4626 2025 4672 ta-

453 4718 575 4756 men
595 4702 805 4758 famoso
833 4707 943 4773 illo,
971 4707 1272 4770 utdicitur,
1304 4705 1561 4761 Judt‘cato
1585 4722 1870 4762 assensum
1898 4724 2028 4779 pro—

454 4793 632 4850 fessus
651 4805 752 4849 est.
789 4796 894 4853 Nec
915 4799 1283 4856 Orientalibus
1312 4815 1409 4854 nec
1456 4797 1895 4855 Occidentalibus
1923 4802 2025 4855 hoc

456 4887 738 4957 indignum
768 4904 825 4943 se
851 4893 1149 4959 approbare
1177 4894 1352 4964 potuit
1383 4891 1618 4957 facinus,
1647 4892 1791 4960 quod
1841 4893 2027 4961 impri-

457 4980 563 5033 mis
586 4979 949 5050 Illyricorum,
983 4983 1347 5054 Afrorttmque
1375 4996 1563 5040 contra
1591 4982 1848 5055 Vigilium
1880 4984 2030 5038 exci-

459 5074 595 5126 tavit
624 5072 771 5137 odia,
801 5090 868 5129 ne
909 5075 975 5129 de
1004 5074 1242 5131 Facundi
1266 5077 1573 5147 justissima
1605 5077 1681 5130 ira
1729 5075 2028 5146 quidquam

456 5167 725 5221 dicamus.
760 5165 979 5221 Utinam
1005 5181 1221 5221 omnem
1248 5170 1325 5224 rei
1358 5169 1681 5225 memoriam
1714 5169 1896 5221 delere
1929 5182 2027 5236 po-

456 5257 653 5315 tuisset
679 5259 1004 5323 Constituto,
1036 5260 1179 5328 quod
1211 5261 1405 5317 deinde
1440 5262 1629 5328 edidit,
1660 5277 1724 5316 ex
1770 5275 1880 5330 quo
1917 5259 2031 5313 haec

461 5366 629 5417 pauca
662 5360 871 5407 tantum
908 5353 1012 5406 hoc
1046 5351 1166 5406 loco
1194 5350 1480 5407 inserenda
1512 5362 1640 5409 sunt
1670 5352 1859 5416 verba,
1909 5365 2031 5420 qum

457 5442 524 5495 ad
560 5440 816 5496 Nostrum
853 5458 912 5498 se
943 5443 1205 5503 referunt,
1227 5452 1278 5495 et
1308 5442 1381 5496 ita
1415 5459 1473 5499 se
1501 5445 1699 5499 habent
1726 5462 1739 5498 :
1768 5462 1786 5494 α
1823 5441 2029 5497 Statui-

459 5544 583 5582 mus
614 5538 775 5599 atque
803 5532 1170 5595 decernimus,
1205 5529 1341 5583 nihil
1373 5530 1425 5584 in
1454 5532 1705 5600 injuriam
1733 5544 1895 5603 atque
1924 5533 2026 5587 ob-

457 5620 831 5675 trectationem
860 5620 1226 5691 probatissimi
1271 5619 1323 5673 in
1357 5620 1781 5678 CbaIt-edonensi
1822 5624 2032 5694 synodo

458 5710 584 5773 viri,
628 5714 685 5765 h.
715 5732 763 5765 e.
818 5713 1145 5767 Theodoreti
1177 5714 1415 5782 episcopi
1441 5714 1586 5785 Cyri.
1630 5715 1732 5769 sub
1760 5716 2032 5769 taxatione

464 5805 702 5858 ttomiuis
744 5807 859 5875 ejus
894 5821 919 5858 a
960 5819 1232 5881 quoquam
1274 5806 1388 5860 fieri
1450 5806 1528 5859 rel
1571 5804 1822 5875 proferri.
1863 5825 1880 5855 ι
1927 5806 2029 5861 Sed

2132 4524 2250 4579 loco
2303 4532 2756 4576 commemoratas
2810 4520 3090 4589 inscripsit
3131 4519 3210 4582 εἰς
3258 4517 3329 4569 τὰ
3380 4517 3562 4584 ἄπορα
3603 4514 3705 4583 τῆς

2135 4614 2285 4676 θείας
2319 4612 2560 4683 Γραφῆε,
2591 4626 2750 4681 quem
2789 4610 3003 4664 titulum
3035 4617 3091 4662 ut
3119 4608 3268 4677 operi
3319 4605 3530 4676 egregie
3567 4618 3705 4659 con-

2129 4715 2408 4777 gruentem
2460 4704 2644 4759 laudat
2689 4704 2941 4759 Photius.
2994 4700 3251 4755 Eumdem
3296 4713 3516 4771 quoque
3574 4712 3698 4749 cum

2131 4799 2294 4853 modo
2324 4797 2576 4866 loquendi
2621 4796 2783 4866 hujus
2825 4795 3111 4866 scriptoris
3134 4794 3446 4856 convenire,
3487 4787 3698 4843 ostendi

2132 4898 2311 4960 potest
2356 4908 2387 4944 e
2429 4898 2624 4958 quaest.
2673 4889 2744 4942 9.8
2783 4889 2835 4941 in
2880 4889 3077 4942 librum
3127 4884 3400 4948 Judicum,
3444 4881 3532 4936 ubi
3598 4879 3697 4929 πό-

2131 4998 2222 5052 ρον
2272 4979 2547 5049 εὑρίσκειν
2578 4980 2637 5031 ὲν
2682 4979 2910 5049 ἀπόροις
2950 4976 3149 5031 Nostro
3184 4974 3323 5029 idem
3368 4982 3449 5026 est
3478 4971 3619 5039 quod
3644 4970 3701 5022 in

2130 5087 2185 5123 re
2238 5070 2403 5124 dubia
2465 5072 2664 5125 exitum
2694 5071 2942 5124 invenire.
2988 5068 3151 5122 Docet
3184 5068 3366 5135 itaque
3396 5065 3573 5133 primo
3617 5062 3701 5114 in-

2133 5162 2269 5216 tuitu
2304 5163 2609 5232 inscriptio,
2638 5162 2737 5217 has
2780 5160 3120 5227 Qua'stienes
3171 5173 3275 5213 non
3314 5157 3381 5212 ad
3417 5156 3703 5209 universos

2133 5260 2298 5307 hosce
2330 5253 2521 5319 libros,
2561 5253 2653 5307 sed
2684 5253 2749 5307 ad
2780 5253 3098 5307 obscuriora
3128 5248 3396 5302 duntaxat
3435 5248 3550 5301 loca
3588 5260 3705 5315 per-

2131 5346 2327 5400 tinere.
2378 5345 2444 5400 Et
2492 5346 2543 5399 in
2582 5346 2686 5401 hoc
2720 5344 2937 5415 quidem
2973 5342 3209 5412 positum
3262 5349 3348 5396 est
3385 5340 3703 5400 discrimen,

2133 5439 2274 5507 quod
2307 5439 2446 5493 inter
2472 5439 2574 5493 hos
2604 5452 2655 5492 et
2708 5438 2948 5506 reliquos
2986 5434 3315 5489 Theodoreti
3356 5433 3707 5487 Commenta-

2134 5530 2247 5584 rios
2277 5545 2463 5584 sacros
2497 5528 2799 5584 intercedit.
2828 5527 2907 5581 Illi
2925 5527 3067 5581 enim
3094 5527 3189 5597 qui
3217 5535 3542 5595 sequuntur,
3576 5538 3706 5578 con-

2133 5622 2343 5676 tinuum
2381 5623 2432 5674 in
2466 5621 2752 5676 universos
2781 5620 2949 5674 libros
2978 5618 3094 5673 sive
3126 5617 3244 5696 vet.
3272 5618 3384 5672 sive
3418 5616 3482 5671 N.
3505 5615 3568 5669 Τ.
3614 5630 3710 5668 ex-

2136 5714 2319 5767 hibent
2340 5712 2830 5776 Cotttmentarium,
2852 5712 2907 5765 hi
2925 5711 3137 5780 priores
3153 5720 3330 5765 autem
3357 5725 3462 5763 non
3488 5708 3587 5762 nisi
3610 5708 3711 5761 ob-

2137 5806 2444 5861 scuriorum
2467 5807 2709 5860 locorum
2732 5806 3225 5877 interpretationem
3248 5803 3703 5874 complectuntur.
