4038 6210
294 338 366 401 53
1280 328 1285 332 ’
1679 340 1877 400 DISSE

1983 343 2093 401 .‘AT
2104 343 2191 401 10.
2724 402 2728 409 .
3490 350 3559 416 58

307 438 605 507 Singularis
642 455 780 497 vero
807 452 860 498 et
890 459 1012 515 quae
1042 461 1151 501 non
1170 448 1426 504 omnibus
1455 466 1514 504 se
1543 451 1879 519 approbavit,
1911 455 1953 511 Α
1987 454 2164 507 maelii
2202 462 2256 508 et
2296 454 2689 515 Theodotionis
2744 461 3047 528 versiones,
3101 479 3333 533 quarum
3387 469 3557 523 multa

306 537 385 581 est
405 528 721 596 methodus,
750 549 914 603 quam
947 536 1004 589 in
1024 536 1176 592 hisce
1216 540 1366 593 libris
1386 540 1631 594 adhibuit
1660 553 1874 608 auctor,

301 639 394 691 per
416 626 761 692 quastiones
780 644 1082 700 earumque
1125 633 1427 689 solutiones
1470 635 1729 691 lectorem
1789 637 1876 691 in-

297 725 536 770 struens.
572 716 686 774 Sed
735 721 999 777 rationem
1039 724 1161 793 ejus
1217 726 1270 779 in
1304 725 1549 798 Prologis
1596 729 1879 798 aperuisse

291 809 531 874 videtur,
562 811 658 867 ubi
686 811 999 883 Hypatium,
1028 818 1115 870 cui
1145 828 1373 889 uterque
1405 820 1541 873 liber
1581 821 1878 894 inscriptus

295 911 400 964 est,
449 916 600 956 nunc
648 904 860 958 παίδων
909 907 1203 975 φὶλτατον.
1252 927 1401 967 nime
1450 927 1579 966 vero
1598 915 1876 985 ἐρασμιώ-

292 1008 454 1045 um
508 1003 689 1060 vocat,
753 1006 943 1066 utpote
1019 1015 1129 1069 quo
1180 1001 1526 1058 familiariter
1590 1007 1879 1070 utebatur,

294 1099 573 1154 quemque
595 1088 805 1144 ultimis
838 1090 960 1145 vita:
990 1107 1102 1146 sate
1140 1094 1319 1159 annis,
1361 1095 1414 1148 in
1444 1112 1583 1165 quos
1618 1113 1726 1153 aera
1781 1099 1880 1151 ho-

296 1192 423 1230 rum
458 1178 723 1233 librorum
762 1180 978 1248 incidit,
1010 1183 1164 1237 lateri
1190 1200 1291 1238 suo
1313 1187 1703 1250 adhaerentem,
1742 1200 1793 1243 et
1825 1190 1877 1244 in

298 1284 535 1324 munere
564 1271 864 1341 episcopali
890 1275 1139 1330 laborum
1158 1276 1369 1332 socium
1402 1280 1652 1335 habebat.
1680 1280 1875 1337 Senem

295 1375 538 1430 quoque.
576 1372 631 1417 et
655 1365 880 1419 assiduo
906 1366 957 1418 in
988 1367 1297 1425 scrutandis
1335 1372 1506 1425 sacris
1536 1371 1757 1428 Litteris
1779 1389 1879 1443 po-

296 1450 409 1502 sito
439 1451 624 1506 studio
656 1454 1175 1511 exercitatissimum
1207 1458 1485 1514 doctorem
1516 1462 1741 1518 decebat
1773 1464 1874 1518 ista

295 1541 610 1596 methodus.
633 1541 867 1600 Ultimos
897 1555 1080 1603 autem
1111 1550 1213 1605 hos
1238 1566 1360 1606 esse
1393 1552 1659 1608 librorum
1692 1571 1723 1610 a
1767 1555 1880 1610 No~

294 1641 413 1687 stre
457 1632 579 1705 {52]
624 1636 1027 1694 elaboratorum
1087 1642 1229 1697 haud
1269 1659 1431 1708 vana,
1503 1655 1559 1699 ut
1599 1656 1875 1717 putamus,

293 1726 616 1794 conjectura
651 1731 934 1799 statuitur,
976 1734 1103 1803 quia
1133 1752 1232 1791 nec
1267 1738 1320 1792 in
1358 1740 1467 1792 ullo
1502 1741 1645 1804 alio,
1689 1757 1789 1799 nec
1822 1745 1874 1796 in

1984 544 2286 615 fragmenta
2331 564 2395 603 ex
2437 551 2538 606 hoc
2597 552 2650 605 in
2700 554 2894 621 primis
2945 554 3356 611 Commentario
3409 562 3562 627 petiit

1980 637 2439 705 Moutfaucouius,
2476 645 2567 713 qui
2602 647 2765 700 etiam
2799 662 2920 718 pag.
2956 648 3024 701 10
3050 646 3285 703 ΡνειξΙίιιι.
3328 651 3394 703 ad
3437 652 3563 705 (Iol-

1980 729 2269 807 leetionem
2307 748 2499 787 novam
2544 735 2768 790 Patrum
2813 738 3091 800 observat.
3139 737 3423 805 Nostrum,
3458 743 3561 795 etsi

1981 822 2050 876 ab
2074 821 2398 878 Eusebiania
2434 825 2776 882 Psalmorum
2813 830 3259 900 interpretatione
3320 831 3564 901 plerum-

1978 927 2084 981 que
2116 910 2385 972 deﬂectat.
2412 925 2590 969 tamen
2628 917 2863 974 subinde
2892 920 3039 974 illam
3075 919 3186 974 fere
3235 921 3304 974 ab
3334 921 3560 975 verbum

1994 1003 2306 1068 ~xprimcre,
2343 1008 2445 1060 etsi
2482 1008 2743 1070 breviori,
2772 1018 2833 1064 ut
2864 1012 3186 1079 plurimum,
3227 1013 3379 1067 stilo.
3413 1012 3558 1067 Idem

1980 1091 2180 1149 Nostro
2239 1101 2416 1166 quoad
2475 1099 2928 1171 Cltrysostomum
2995 1104 3197 1173 objeeit
3260 1104 3567 1159 Carnarius

1981 1176 2143 1240 Auct.
2184 1188 2394 1256 p.184.
2431 1188 2536 1245 Sed
2584 1202 2879 1262 utrumque
2926 1209 3033 1248 non
3080 1196 3218 1249 adeo
3269 1196 3559 1259 miramur,

1980 1293 2104 1331 cum
2142 1280 2276 1335 satis
2313 1291 2526 1337 constet
2569 1294 2773 1353 quanta
2818 1286 2872 1339 in
2932 1286 3152 1341 Catenis
3182 1285 3320 1342 facta
3356 1287 3426 1341 sit
3458 1301 3563 1340 no-

1983 1370 2189 1425 minum
2224 1376 2569 1441 permutatio.
2599 1393 2723 1445 qua:
2754 1394 2820 1431 eo
2851 1378 3063 1435 facilius
3099 1380 3280 1434 locum
3317 1381 3563 1433 invenire

1983 1465 2174 1531 potuit,
2216 1480 2324 1534 quo
2356 1468 2545 1535 magis,
2567 1476 2707 1521 teste
2740 1467 3045 1538 Nicephoro
3081 1470 3117 1524 l.
3150 1469 3563 1535 e.,'l‘beodere-

1982 1565 2069 1608 tus
2115 1556 2298 1609 stilum
2349 1572 2509 1611 suum
2565 1559 2630 1612 ad
2668 1559 3050 1630 Chrysostonti
3091 1562 3401 1631 exemplum
3463 1561 3574 1614 for-

1983 1660 2131 1699 mare
2184 1647 2424 1723 studuit;
2463 1662 2572 1717 quo
2621 1647 2822 1702 factum
2863 1659 2966 1716 est,
3012 1660 3070 1705 ut
3107 1652 3151 1705 si
3196 1651 3249 1705 in
3282 1652 3564 1706 codicibus

1983 1738 2184 1806 passim
2232 1752 2429 1792 nomen
2494 1742 2739 1794 aucturis
2791 1742 2911 1795 loco
2959 1744 3197 1812 quodam
3252 1744 3558 1814 neglectqu

296 1818 546 1886 epistolis
568 1823 705 1889 suis,
742 1823 960 1880 illorum
985 1829 1314 1884 mentionem
1349 1831 1491 1899 fecit,
1520 1835 1662 1902 quod
1695 1843 1873 1891 tamen
1912 1810 1952 1863 η
1982 1839 2149 1894 esset,
2182 1846 2249 1884 ne
2276 1832 2590 1900 peritissimi
2620 1834 2838 1903 quidem
2871 1835 3083 1890 librarii
3117 1838 3252 1892 satis
3278 1841 3410 1891 certi
3443 1837 3563 1891 fuc-

296 1912 349 1964 in
380 1910 646 1979 Epistola,
676 1931 837 1986 quam
865 1918 930 1972 ad
953 1918 1186 1977 Leonem
1236 1922 1610 1980 Romanorum
1663 1930 1877 1998 episco-

296 2020 429 2074 pum
464 2023 596 2062 ann.
632 2008 695 2068 C.
727 2012 855 2077 449,
898 2022 955 2068 ιιι
984 2031 1147 2085 supra
1173 2019 1408 2073 evictum
1437 2020 1708 2087 dedimus,
1740 2024 1878 2077 scri-

294 2098 429 2166 psit,
469 2098 583 2155 imo
622 2102 782 2156 etiam
822 2105 875 2158 in
905 2121 966 2160 ea
1005 2124 1127 2176 qua:
1176 2111 1241 2163 ad
1293 2110 1587 2168 Eusebium
1636 2118 1877 2187 Ancyra-

295 2205 425 2243 num
451 2191 654 2246 directa
676 2204 779 2261 est,
813 2197 880 2251 ad
905 2198 987 2252 sui
1029 2198 1406 2257 defensionem
1440 2203 1624 2261 facere
1654 2209 1867 2276 potuis-

294 2289 395 2333 ενι.
419 2280 577 2347 Quod
608 2286 881 2357 rrliquum
901 2299 1001 2355 est,
1027 2293 1081 2345 in
1108 2293 1194 2348 bis
1220 2304 1277 2348 ut
1307 2296 1360 2350 in
1391 2298 1509 2351 aliis
1547 2298 1875 2355 Theodoreti

294 2373 450 2429 libris
498 2379 743 2445 quaedam
798 2393 1136 2451 occurrunt,
1183 2403 1305 2456 quae
1363 2378 1708 2445 Theodorum
1760 2392 1874 2448 Ilo-

292 2479 647 2534 psuestenum
676 2484 954 2530 auctorem
978 2478 1199 2544 habent,
1223 2482 1325 2536 alia
1342 2498 1464 2552 qua)
1483 2485 1546 2537 ad
1563 2485 1874 2556 Origenem,

291 2560 398 2611 alia
426 2576 546 2627 qua:
574 2564 638 2616 ad
691 2565 984 2622 Diodorum
1031 2569 1356 2628 Tarsensem
1379 2574 1501 2643 jure
1540 2576 1731 2631 referri
1780 2579 1875 2634 de-

292 2650 449 2706 bent.
475 2652 631 2708 Haud
673 2673 799 2712 raro
828 2660 974 2715 enim
1007 2664 1163 2733 culpa
1211 2681 1398 2721 eorum
1457 2670 1550 2739 qui
1583 2669 1817 2726 Catenae
1848 2688 1878 2726 e

291 2743 517 2811 scriptis
571 2746 764 2802 horum
816 2750 1034 2808 Patrum
1089 2768 1504 2827 congesserunt,
1552 2762 1770 2825 accidit,
1820 2773 1879 2818 ut

294 2849 420 2903 quae
451 2837 616 2892 unius
647 2851 795 2907 sunt,
836 2844 990 2900 alteri
1027 2847 1358 2916 tribuantur,
1404 2854 1549 2922 quod
1596 2854 1650 2908 in
1688 2856 1878 2924 primis

292 2925 362 2979 de
385 2927 481 2982 illo
515 2944 676 2999 quem
708 2936 873 3003 priori
905 2940 1025 2992 loco
1075 2943 1503 3007 nominavimus,
1557 2962 1770 3001 necnon
1811 2951 1878 3001 de

293 3015 590 3075 Theodoro
612 3021 930 3083 Heracleota
967 3031 1130 3097 valet,
1175 3042 1234 3087 ut
1269 3035 1382 3103 jam
1421 3036 1766 3093 observatum
1797 3050 1879 3095 est

294 3121 324 3161 a
351 3107 765 3171 Montfaueonio
791 3116 1055 3192 Palangr.
1087 3122 1181 3179 Gr.
1210 3140 1263 3194 p.
1305 3127 1431 3180 547.

365 3203 763 3263 Commentarii
791 3211 845 3264 in
872 3211 1119 3271 Psalmos
1151 3218 1299 3272 nulla
1328 3219 1544 3288 quidem
1569 3223 1713 3291 apud
1733 3222 1879 3277 Pho-

295 3296 434 3349 tium
468 3296 530 3352 ﬁt
564 3303 813 3356 mentio:
860 3312 1063 3372 tamen,
1099 3311 1225 3377 quia
1268 3312 1419 3380 plura
1468 3321 1599 3368 sunt
1626 3314 1876 3369 Theodo-

293 3388 396 3441 reti
442 3392 647 3459 scripta
676 3433 692 3458 ,
728 3409 964 3463 quorum
1015 3399 1105 3453 ille
1140 3416 1245 3454 non
1299 3405 1569 3471 meminit,
1606 3407 1882 3477 hujusque

294 3483 740 3547 praestantissimi
784 3487 968 3555 operis
1004 3489 1057 3544 in
1092 3491 1215 3545 aliis
1250 3493 1400 3549 libris
1429 3512 1569 3566 quos
1598 3492 1713 3569 ipse
1739 3498 1882 3553 Plio-

295 3571 406 3625 tius
436 3587 858 3644 commemorat,
893 3580 1093 3635 diserte
1125 3584 1373 3653 injicitur.
1394 3590 1620 3655 mentio,
1642 3606 1747 3644 non
1778 3593 1882 3646 du-

296 3664 582 3722 bitandum
612 3680 715 3737 est,
750 3673 883 3742 quin
919 3676 983 3729 ad
1015 3675 1271 3733 Nostrum
1307 3682 1431 3750 jure
1477 3686 1764 3753 pertineat,
1793 3687 1879 3741 cui

294 3757 457 3811 etiam
500 3774 532 3814 a
572 3759 885 3833 Nicephoro
934 3766 1080 3824 Hist.
1117 3772 1296 3830 eccles.
1332 3775 1425 3829 lib.
1479 3792 1567 3831 xrv
1599 3778 1876 3833 tribuitur.

296 3845 417 3915 Ipse
446 3859 644 3907 auctor
667 3869 766 3924 pro
800 3872 903 3913 suo
933 3864 1182 3930 agnoscit
1211 3864 1358 3921 hunc
1390 3868 1588 3922 librum
1627 3870 1682 3924 in
1713 3873 1878 3941 epist.

298 3938 370 3992 82
397 3956 520 4009 quae
548 3945 617 3999 ad
656 3944 955 4004 Eusebium
996 3953 1343 4024 Ancyranum
1382 3959 1578 4028 scripta
1618 3970 1720 4027 est,
1749 3938 1881 4019 nec-

299 4045 404 4085 non
436 4038 742 4103 quaestione
767 4040 837 4096 45
869 4043 923 4096 in
957 4044 1157 4100 librum
1199 4051 1498 4105 secundum
1553 4051 1782 4122 Regum.
1821 4054 1877 4109 In

298 4120 576 4182 Prommio
623 4130 805 4198 decet,
858 4150 965 4204 qua
1027 4138 1419 4208 interpretandi
1480 4120 1694 4201 ratione
1747 4164 1879 4205 usus

297 4216 389 4282 sit,
447 4228 512 4271 ut
556 4236 850 4278 censuram
901 4226 1181 4299 eﬂ‘ugeret,
1213 4247 1374 4301 quam
1412 4233 1503 4288 alii
1536 4250 1871 4294 meruerant.

297 4306 422 4361 Tria
455 4309 510 4362 in
539 4312 733 4379 primis
767 4315 924 4371 abeo
967 4327 1227 4376 notantur
1264 4322 1418 4390 vitia,
1448 4328 1759 4395 suppressis
1794 4340 1876 4382 ta-

295 4412 445 4465 men,
466 4416 536 4455 ne
554 4404 873 4460 modestiam
897 4407 1011 4481 [55]
1030 4411 1268 4480 laederet,
1289 4416 1615 4484 scriptorum
1643 4423 1876 4477 nomini-

1984 1923 2115 1988 riut,
2152 1924 2293 1979 sitne
2320 1926 2386 1978 ad
2423 1926 2569 1980 hunc
2588 1942 2656 1981 an
2674 1927 2743 1981 ad
2763 1928 2912 1982 illum
2935 1929 3274 1983 referendus.
3324 1928 3390 1982 Et
3415 1932 3562 1999 quod

1988 2017 2042 2072 in
2095 2019 2289 2091 primis
2322 2021 2387 2075 ad
2430 2021 2606 2075 locum
2659 2022 2799 2092 psal.
2831 2038 2884 2087 L,
2917 2024 2972 2090 7,
3006 2039 3036 2078 a
3064 2022 3333 2080 Garnerio
3384 2024 3565 2093 prola-

1986 2120 2105 2165 tum
2158 2113 2375 2179 attinet,
2416 2129 2603 2167 verum
2639 2114 2859 2185 quidem
2896 2127 2998 2181 est,
3043 2131 3179 2186 pene
3220 2120 3411 2173 eadem
3457 2118 3563 2188 legi

1985 2204 2124 2271 apud
2152 2204 2602 2275 Cltrysostomum
2636 2206 2991 2275 (edit.Savilii
3019 2218 3059 2262 t.
3092 2208 3136 2272 Ι,
3168 2225 3223 2279 p.
3248 2202 3355 2263 709
3381 2210 3560 2279 seq.):

1985 2296 2262 2351 noluimus
2312 2306 2492 2351 tamen
2542 2299 2595 2351 in
2646 2297 2991 2355 Variantibus
3047 2300 3221 2356 textui
3297 2300 3563 2370 subjectis

1983 2386 2280 2456 quidquam
2310 2387 2377 2442 de
2406 2388 2510 2443 hoc
2535 2387 2656 2442 loco
2696 2404 2936 2453 monere,
2976 2391 3102 2459 quia
3135 2392 3189 2445 in
3230 2391 3420 2446 codice
3454 2394 3568 2444 Au-

1983 2486 2218 2549 gustano
2250 2495 2411 2547 quem
2449 2481 2669 2535 tertium
2711 2481 2894 2537 dicere
2929 2485 3344 2547 consuevimus,
3383 2495 3436 2538 et
3468 2486 3562 2555 qui

1982 2569 2243 2624 Catenam
2292 2571 2345 2624 in
2392 2572 2663 2639 Psalmos,
2706 2584 2765 2628 ut
2821 2576 2874 2627 in
2927 2574 3261 2633 Prtefatione
3312 2580 3564 2648 pluribus

1987 2661 2287 2716 indicatum
2318 2672 2423 2727 est,
2457 2665 2721 2728 continet,
2762 2681 2868 2719 non
2899 2667 3284 2738 Chrysostomi
3331 2671 3424 2726 sed
3451 2669 3569 2725 No-

1984 2753 2079 2807 stri
2116 2767 2313 2807 nomen
2343 2756 2642 2824 ascriptum
2670 2757 2922 2812 vidimus.
2942 2757 3061 2830 [34]
3092 2758 3186 2815 His
3216 2769 3426 2816 tantum
3460 2764 3562 2816 ad-

1980 2848 2225 2918 jicimus,
2255 2866 2320 2904 ex
2367 2850 2594 2920 epistola
2626 2851 2694 2905 82
2724 2851 2790 2906 ad
2838 2852 3134 2909 Eusebium
3178 2856 3381 2932 scripta
3419 2869 3566 2913 recte

1986 2943 2163 3012 colligi
2213 2958 2393 3013 posse,
2458 2943 2602 2998 hunc
2661 2943 2856 3000 librum
2920 2947 3232 3003 inchoatum
3275 2964 3397 3006 esse
3429 2966 3563 3004 ann.

1984 3034 2043 3089 C.
2076 3037 2179 3090 455

2057 3129 2260 3183 Ordine
2291 3130 2578 3199 proximus
2599 3140 2684 3187 est
2720 3132 3152 3187 Commentarius
3184 3135 3239 3187 in
3280 3133 3565 3189 Canticum

1984 3223 2333 3274 canticorum.
2365 3220 2549 3277 Talem
2582 3239 2639 3277 oa
2705 3238 2764 3278 se
2818 3224 3079 3293 scriptum
3108 3238 3251 3289 esse,
3289 3224 3406 3293 ipse
3434 3226 3563 3294 qui-

1983 3315 2104 3369 dem
2165 3314 2543 3372 Theodoretus
2597 3317 2650 3369 in
2698 3317 2935 3386 Prologo
2963 3333 3123 3386 quem
3160 3316 3393 3371 Psalmis
3417 3332 3562 3387 pra"

1985 3407 2165 3469 misit,
2199 3416 2457 3474 testatur;
2486 3423 2615 3462 num
2641 3423 2770 3464 vero
2800 3409 2843 3462 is
2872 3424 2981 3478 quo
3010 3425 3157 3463 nunc
3192 3410 3419 3473 utimur,
3439 3409 3565 3478 jure

1983 3500 2051 3554 ad
2097 3500 2251 3553 illum
2297 3500 2586 3569 pertineat,
2620 3500 2812 3556 multis
2851 3502 3189 3571 disputatum
3222 3512 3322 3556 est.
3350 3500 3561 3557 Recen-

1984 3591 2228 3646 sebimus
2258 3592 2441 3661 itaque
2465 3594 2656 3663 paucis
2688 3603 3032 3663 argumenta,
3064 3609 3186 3664 qua:
3220 3594 3286 3648 ab
3322 3602 3559 3664 utraque

1982 3692 2138 3753 parte
2171 3686 2227 3739 in
2252 3700 2471 3740 scenam
2496 3686 2762 3756 producta
2782 3695 2929 3741 sunt.
2962 3686 3067 3753 Qui
3090 3688 3384 3756 genuinum
3414 3688 3563 3743 hune

1984 3778 2150 3833 fetum
2198 3793 2319 3834 esse
2377 3780 2881 3850 negant,objicere
2929 3780 3126 3844 soleat,
3177 3790 3459 3834 auctorem
3503 3780 3563 3833 in

1983 3871 2256 3927 Proeemio
2285 3872 2350 3927 de
2368 3871 2762 3944 Chrysostomo
2782 3882 2843 3927 ut
2869 3873 2991 3927 viro
3025 3872 3196 3940 loqui,
3223 3871 3276 3926 in
3309 3870 3563 3927 Theodo-

1985 3976 2105 4014 rum
2137 3959 2581 4029 Mopsuestenum
2604 3961 2825 4031 gravius
2855 3961 3059 4025 invehi,
3098 3962 3166 4017 de
3196 3975 3255 4016 se
3288 3962 3430 4016 utile
3463 3961 3564 4014 ho-

1984 4053 2132 4108 mine
2183 4053 2436 4108 eivilibus
2492 4068 2557 4109 ac
2614 4053 2943 4109 militaribus
2989 4053 3224 4123 negotiis
3265 4054 3561 4109 admodum

1982 4145 2244 4199 distracto
2275 4144 2446 4213 loqui,
2474 4152 2528 4198 et
2561 4143 2628 4199 de
2658 4143 2908 4199 Manasse
2940 4146 3190 4214 quaedam
3225 4144 3459 4207 tradere,
3496 4146 3563 4199 de

1981 4236 2183 4304 quibus
2222 4251 2289 4291 ne
2332 4236 2437 4306 γρὺ
2491 4237 2709 4305 quidem
2755 4238 2895 4306 apud
2931 4234 3191 4292 Nostrum
3236 4244 3432 4292 exstet.
3468 4235 3562 4289 llis

1980 4327 2190 4381 addunt
2247 4337 2361 4382 tum
2416 4328 2779 4395 prolixitatem
2822 4328 2880 4382 in
2909 4327 3164 4391 dicendo,
3212 4336 3325 4381 tum
3377 4326 3559 4379 Nostri

1981 4419 2048 4473 de
2090 4419 2195 4474 hoc
2229 4435 2392 4489 opere
2423 4420 2725 4486 silentium,
2755 4420 2845 4475 ubi
2886 4421 2952 4475 de
2980 4420 3201 4489 scriptis
3241 4418 3479 4487 loquitur
3505 4417 3562 4470 iu

294 4490 418 4547 bus.
454 4491 642 4550 Primo
665 4500 1011 4567 reprehendit
1039 4504 1272 4560 nimium
1299 4508 1571 4578 allegoria:
1592 4514 1861 4577 studium,
1902 4510 1944 4567 C
1981 4510 2181 4581 quibus
2229 4527 2382 4567 suam
2417 4512 2485 4568 de
2533 4513 2909 4567 incarnatione
2960 4512 3118 4566 ﬁdem
3179 4518 3409 4565 testatus
3453 4521 3558 4573 εει.

294 4585 440 4652 quod
475 4586 530 4639 in
556 4586 954 4657 Apollinarium
994 4594 1199 4651 dictum
1241 4614 1364 4655 esse
1390 4610 1584 4670 putant
1608 4604 1874 4674 Dupiuius

294 4692 359 4730 ac
386 4678 716 4736 Garnerius.
760 4680 967 4740 Deinde
997 4686 1281 4758 impugnat
1318 4708 1417 4746 eos
1445 4695 1539 4763 qui
1572 4698 1756 4752 omnia
1788 4715 1879 4753 ra-

292 4770 485 4824 ticinia
529 4773 598 4826 ad
644 4772 866 4830 Iudaeos
905 4777 1171 4845 referunt,
1198 4799 1363 4850 quam
1401 4787 1621 4856 quidem
1653 4804 1879 4846 accusa-

295 4864 500 4917 tiOnem
525 4865 595 4918 ad
618 4865 967 4925 Theodorum
1022 4871 1473 4944 Mopsuestenum
1518 4893 1765 4950 spectare
1787 4900 1879 4939 sa-

296 4955 367 5009 tis
389 4966 580 5025 aperte
604 4961 904 5030 loquuntur
926 4979 988 5019 ea
1006 4980 1128 5035 qua:
1150 4967 1203 5021 in
1233 4968 1372 5024 actis
1392 4974 1585 5041 synodi
1610 4990 1662 5040 ι’,
1693 4976 1874 5031 collat.

296 5044 350 5107 Β,
385 5061 452 5099 ex
489 5045 765 5119 Hesychia
798 5049 1069 5108 llierosol.
1105 5053 1361 5123 leguntur
1383 5057 1524 5126 apud
1554 5058 1724 5117 Hard.
1755 5062 1793 5117 l.
1825 5078 1875 5117 e.

298 5146 427 5189 tom.
464 5137 554 5202 Ill,
602 5154 658 5208 p.
703 5140 832 5197 104.
864 5142 1106 5214 Denique
1159 5147 1384 5201 nimiam
1431 5151 1663 5206 aliorum
1708 5154 1878 5222 proli-

302 5229 521 5283 xitatem
559 5234 765 5303 arguit,
791 5234 861 5287 ad
891 5235 1346 5306 Chrysostomum
1404 5241 1524 5294 sine
1578 5243 1745 5298 dubio
1797 5250 1889 5298 re-'«

298 5323 552 5391 spiciens,
595 5342 756 5396 quem
792 5328 846 5382 in
891 5329 1016 5394 hoc,
1049 5340 1109 5385 ut
1151 5331 1204 5385 in
1241 5333 1518 5402 plerisque
1562 5336 1683 5391 aliis
1725 5338 1879 5391 libris

298 5428 407 5482 pra:
427 5416 654 5487 reliquis
679 5427 906 5475 secutus
927 5430 1029 5488 est,
1050 5423 1121 5477 ita
1146 5431 1326 5478 tamen
1348 5434 1408 5480 ut
1438 5424 1683 5480 brevitati
1713 5442 1876 5495 quam

258 5550 259 5553 η
298 5508 532 5564 maxime
568 5511 839 5566 studeret.
866 5509 980 5569 Hac
1007 5516 1094 5570 via
1126 5515 1408 5587 ingressus
1440 5518 1581 5573 felici
1617 5534 1876 5574 successu

299 5598 477 5657 labore
535 5605 640 5659 hoc
701 5603 999 5663 defunctus
1041 5617 1146 5674 est,
1181 5609 1455 5680 simulque
1492 5611 1632 5665 hanc
1659 5611 1874 5666 laudem

299 5693 510 5759 meruit,
559 5702 624 5763 ut
648 5695 851 5751 critica
878 5697 1156 5768 diligentia
1202 5700 1341 5756 alios
1381 5703 1463 5757 sui
1508 5704 1766 5773 temporis
1798 5706 1879 5757 in-

303 5785 559 5849 terpretes
593 5789 969 5860 superaverit.
1007 5791 1427 5851 Adbibuitcuim
1457 5795 1686 5865 Aquilae,
1712 5796 1874 5867 Sym—

1986 4612 2098 4658 tum
2155 4604 2390 4675 denique
2441 4606 2769 4660 Catenarum
2816 4605 3221 4659 auctoritatem.
3262 4603 3334 4657 Ita
3373 4603 3562 4674 paucis

1982 4697 2396 4765 complectimur
2442 4698 2706 4767 quidquid
2737 4705 2927 4752 contra
2959 4697 3107 4749 hunc
3131 4695 3329 4749 librum
3352 4695 3558 4750 dictum

1982 4804 2103 4844 esse
2159 4791 2433 4845 novimus.
2473 4789 2598 4845 Ηωο
2647 4798 2995 4860 argumenta,
3041 4788 3141 4842 etsi
3175 4788 3355 4842 minus
3404 4789 3556 4841 lirma

1982 4881 2111 4946 sint,
2144 4889 2325 4935 tamen
2360 4881 2498 4951 apud
2525 4881 2763 4936 Caveum
2783 4895 2846 4934 ac
2874 4880 3199 4934 Garnerium
3222 4888 3432 4932 tantum
3464 4895 3558 4932 ra-

1985 4971 2225 5037 luerunt,
2254 4982 2314 5026 ut
2347 4988 2507 5027 suum
2539 4973 2648 5026 illis
2677 4972 2980 5040 adjecerint
3009 4972 3304 5025 calrulum.
3324 4971 3438 5023 lum
3463 4987 3558 5038 pa-

1986 5079 2105 5117 rum
2162 5062 2335 5117 abfuit
2390 5063 2521 5132 quin
2553 5062 2852 5118 Garnerius
2893 5064 2947 5117 in
3000 5064 3176 5117 locum
3224 5063 3389 5131 hujus
3432 5062 3556 5116 libri

1982 5161 2149 5213 alium
2188 5159 2544 5213 substituerct
2582 5157 2772 5223 fetum,
2817 5173 2978 5228 quem
3023 5156 3282 5211 Auctario
3337 5171 3438 5212 suo
3475 5157 3559 5209 in-

1982 5266 2163 5303 serere
2217 5249 2490 5318 promisit,
2532 5264 2651 5318 pag.
2704 5248 2849 5315 258;
2905 5264 3093 5301 verum
3132 5248 3216 5300 his
3268 5245 3557 5315 promissis

1982 5361 2088 5395 non
2146 5344 2314 5405 stetit,
2361 5341 2442 5395 vel
2472 5351 2616 5397 stare
2655 5343 2851 5405 noluit,
2887 5341 2978 5411 qui
3011 5343 3194 5409 operis
3237 5338 3553 5408 perﬁciendi

1981 5449 2168 5487 curam
2207 5443 2329 5500 post
2363 5432 2610 5489 Garnerii
2651 5435 2862 5490 obitum
2893 5434 2946 5487 in
2974 5449 3033 5488 se
3066 5435 3324 5501 suserplt.
3361 5429 3555 5484 Videa-

1982 5539 2105 5578 mus
2138 5534 2342 5590 autem,
2375 5541 2482 5595 qua
2514 5527 2723 5580 ratione
2762 5526 2944 5579 omnis
3001 5525 3103 5580 ista
3148 5523 3554 5593 argumentatio

1984 5615 2229 5679 refutari,
2253 5625 2305 5670 et
2333 5618 2566 5686 genuina
2594 5617 2717 5673 libri
2756 5617 2962 5672 indoles
3006 5616 3223 5670 defendi
3255 5614 3447 5684 possit.
3483 5612 3557 5667 De

1980 5694 2391 5779 ChrysOstomo,
2420 5711 2522 5766 etsi
2545 5711 2650 5765 vita
2668 5710 2779 5781 jam
2802 5710 3092 5766 defunctus
3114 5719 3278 5769 esset,
3301 5708 3423 5776 jure
3447 5706 3553 5758 dici

1981 5808 2209 5869 poterat,
2241 5803 2268 5855 ὁ
2303 5805 2415 5866 τοῖς
2449 5788 2682 5873 ρεύξὶαςι
2729 5803 2826 5873 τῆς
2865 5800 3209 5864 διδασκαλίας
3261 5801 3428 5870 μέχρι
3462 5796 3556 5849 καὶ
