4038 6210
461 287 530 349 £5
1150 254 1158 271 ‘
1320 342 1323 345 .
1432 285 1530 346 DE
1558 286 1734 347 VITA
1765 286 1861 346 ET
1893 285 2233 347 SCRIPTIS
2275 288 2768 351 THEODORETI
3645 287 3678 352 5

453 397 696 468 τήμερον
745 398 926 452 πᾶσαν
974 397 1075 468 τὴν
1128 398 1459 471 οἰκουμένην
1515 399 1793 473 ἀρδεύων⁴
1820 399 2008 453 viveba

2144 402 2278 455 ritur
2305 403 2519 472 peritia,
2557 406 2722 458 multa
2758 403 2948 474 paucis
2977 404 3215 460 dicendi.
3259 404 3414 471 Quod
3452 418 3582 458 vero
3608 404 3698 458 hu-

455 488 594 543 enim
637 490 689 543 in
719 492 939 560 scriptis
972 492 1090 546 suis
1119 486 1526 561 quorum-fama
1558 502 1687 547 tunc
1708 492 2027 547 universum

446 576 567 652 [55]
599 583 788 635 orbem
811 582 1147 652 impleverat.
1178 581 1234 637 Si
1266 599 1455 637 verum
1479 592 1565 639 est
1600 585 1852 640 alterum.
1880 583 2029 653 quod

453 674 504 726 in
556 673 901 728 Theodorum
934 675 1403 746 Mopsuestenum,
1448 692 1611 747 quem
1642 677 1882 744 alioquin
1910 692 2029 729 ma-

452 768 538 833 gni
566 766 816 833 faciebat,
858 769 1164 829 invehatur,
1190 771 1294 824 hoc
1336 785 1470 825 sane
1504 769 1746 823 veritatis
1783 782 2024 821 amorem

449 868 501 914 τι
525 874 555 914 a
588 863 825 931 partium
850 862 1032 917 studio
1056 862 1285 917 liberum
1314 872 1547 916 testatur
1570 861 1812 914 animum
1842 878 1856 914 :
1882 860 2024 914 idem

447 951 614 1018 enim,
652 963 709 1007 ut
750 953 862 1022 jam
930 954 1187 1018 vidimus,
1242 953 1370 1008 l‘ccit
1429 955 1480 1005 in
1516 968 1618 1006 suo
1651 952 1720 1006 ad
1769 951 2020 1006 Psalmos

448 1043 741 1098 Prommio.
782 1043 886 1099 Sed
930 1049 1172 1100 nondum
1197 1047 1332 1100 satis
1364 1046 1533 1115 liquet
1565 1045 1642 1098 rei
1680 1045 1904 1100 veritas.
1935 1044 2027 1098 Ni-

446 1136 578 1189 titur
610 1136 820 1191 scilicet
864 1146 974 1192 tota
1014 1136 1294 1193 accusatio
1336 1136 1665 1190 auctoritate
1715 1136 1914 1206 Pelagii
1958 1136 2021 1198 ll,

444 1237 537 1282 aut
566 1230 746 1298 potius
764 1230 1009 1301 Gregorii
1039 1231 1130 1295 51.,
1155 1229 1314 1300 quiin
1334 1230 1560 1291 epistola
1586 1229 1741 1283 tertia
1765 1230 1828 1283 ad
1851 1230 2020 1283 Eliam

441 1323 842 1391 Aquileiensem
861 1334 913 1378 et
928 1325 1214 1394 episcopos
1230 1322 1399 1377 lstrite
1417 1322 1631 1375 scribit.
1657 1340 1674 1373 ι
1696 1321 1830 1376 Cum
1847 1321 2025 1376 Theo-

440 1413 609 1469 dorus
653 1414 1109 1485 (Mopsuestenus)
1148 1413 1432 1469 Canticum
1489 1414 1828 1468 canticorum
1863 1414 2023 1468 vellet

437 1519 729 1576 exponere,
762 1508 1109 1563 Salomonem
1139 1508 1400 1577 perhunc
1432 1506 1631 1562 librum
1663 1506 2021 1574 [Ethiopissaa

435 1600 635 1669 regina:
666 1586 970 1655 blanditum
1012 1617 1137 1656 esse
1179 1600 1466 1672 professus
1511 1609 1637 1655 est:
1665 1601 1811 1670 quod
1840 1598 2021 1654 Theo-

432 1693 657 1745 doretus
685 1693 1091 1762 reprehendens
1117 1708 1314 1747 nomen
1347 1693 1565 1762 quidem
1585 1691 1857 1747 Theodori
1881 1706 2015 1760 sup-

433 1783 656 1850 pressit,
690 1786 785 1838 sed
839 1795 1019 1838 tamen
1069 1784 1347 1840 vesaniam
1386 1782 1664 1853 patefecit.
1698 1800 1715 1832 ι
1748 1781 1879 1837 Tale
1914 1797 2014 1836 au-

433 1883 542 1927 tem
578 1875 722 1944 apud
772 1874 1177 1930 Thcodorctum
1219 1876 1254 1930 I.
1290 1891 1339 1931 c.
1377 1889 1485 1930 non
1533 1874 1786 1944 legimus.
1835 1872 1892 1927 lu
1921 1887 2017 1927 eos

433 1975 641 2020 tantum
680 1966 976 2033 invehitur,
1004 1969 1098 2039 qui
1138 1971 1222 2023 vel
1264 1978 1544 2039 putarunt,
1572 1967 1922 2022 Salomouem
1951 1967 2018 2021 de

434 2071 493 2111 se
519 2057 636 2125 ipso
667 2067 721 2111 et
772 2057 1075 2114 Pharaonis
1113 2059 1223 2113 tilia
1268 2059 1321 2112 in
1363 2059 1466 2113 hoc
1515 2058 1658 2112 libro
1712 2056 1885 2127 loqui,
1928 2055 2017 2109 vel

433 2167 532 2220 pro
564 2151 869 2209 Pharaonis
907 2154 1018 2209 lilia
1059 2153 1244 2208 Abisai
1280 2151 1678 2207 Sunamitidem
1711 2148 2012 2205 substitue-

435 2252 579 2296 runt.
626 2241 773 2297 Nihil
814 2245 998 2314 itaque
1033 2246 1099 2300 de
1145 2244 1490 2314 IEthiOpissa
1536 2242 1723 2312 regina
1756 2241 1862 2295 hoc
1891 2238 2015 2293 loco

432 2335 642 2390 dietum
700 2337 1201 2407 deprehendimus;
1233 2353 1356 2409 quae
1387 2347 1569 2392 tamen
1600 2334 1809 2405 opinio,
1843 2333 1889 2387 si
1922 2332 2013 2387 illa

434 2425 706 2482 Theodori
750 2430 844 2495 sit,
875 2430 977 2485 sub
1011 2431 1252 2500 generali
1286 2429 1594 2499 fabularum
1643 2426 1872 2480 aniiium
1909 2438 2013 2478 no-

437 2519 607 2584 mine,
650 2536 760 2590 quo
790 2519 987 2576 Noster
1013 2523 1070 2575 b.
1098 2520 1135 2574 l.
1164 2520 1361 2585 utitur,
1404 2517 1790 2590 Comprehendi
1815 2515 2010 2584 potuit.

434 2613 575 2667 Sunt
607 2613 753 2667 enim
793 2615 1022 2669 omnino
1052 2613 1219 2667 anilia
1251 2621 1306 2667 et
1332 2611 1650 2667 Christiano
1673 2609 1898 2664 doctore
1930 2607 2015 2660 in-

430 2703 618 2774 digna,
645 2718 767 2774 quae
792 2719 859 2757 ex
882 2701 1154 2758 Theodori
1189 2702 1336 2757 illius
1364 2703 1419 2756 in
1451 2703 1597 2755 hunc
1626 2701 1826 2755 librum
1851 2700 2016 2754 Com-

431 2796 716 2851 mentariis
731 2804 948 2855 exstant
978 2794 1489 2867 Fragmenta,apud
1520 2793 1860 2849 Harduinum
1885 2795 1920 2853 ι.
1959 2814 2012 2855 c.

428 2906 485 2960 p.
522 2888 593 2945 88
625 2906 740 2960 seq.
777 2890 883 2946 Sed
932 2890 997 2945 ad
1049 2905 1113 2946 ea
1168 2890 1605 2961 progrediamuz,
1661 2906 1786 2960 quae
1844 2894 2006 2950 tertio

428 2983 550 3038 loco
604 2983 958 3053 objiciuntur.
995 2980 1051 3037 Si
1089 2990 1279 3037 auctor
1331 2983 1528 3037 horum
1564 2981 2012 3041 Commentario-

2129 492 2219 561 jus
2268 494 2392 549 libri
2439 497 2642 550 nullam
2679 496 2863 550 iecerit
2897 498 3255 556 mentionem.
3291 497 3382 551 ubi
3418 511 3556 565 opus
3587 511 3708 551 esse

2132 583 2418 638 videbatur
2465 587 2529 640 asl
2577 587 2974 642 defemleudam
3016 604 3170 642 suam
3216 589 3283 642 de
3331 590 3709 644 incarnatione

2130 674 2457 738 doctrinam,
2494 694 2685 747 parum
2734 679 2948 733 elﬁciet.
2991 679 3117 734 Sive
3161 680 3307 735 enim
3352 695 3418 735 eo
3462 690 3708 751 tempore

2130 767 2416 827 Theodoro
2480 772 2834 840 parcendum,
2888 789 3003 829 Sive
3052 775 3156 828 hoc
3212 774 3333 828 ﬁdei
3370 789 3482 828 suae
3538 774 3709 827 docu-

2129 870 2313 916 meuto
2376 863 2518 916 hami
2575 880 2714 932 opus
2775 883 2898 922 esse
2952 866 3370 930 existimaverit,
3407 866 3579 920 libera
3631 866 3705 918 illi

2128 955 2353 1008 muniuo
2386 955 2491 1010 fuit
2520 960 2667 1027 optio
2699 960 2942 1014 locorum
2966 962 3169 1032 quibus
3196 960 3329 1014 iides
3363 957 3703 1012 defendenda

2126 1057 2287 1101 εδει-ι.
2315 1047 2644 1104 Catenarum
2677 1052 2914 1122 denique
2939 1055 3076 1108 adeo
3104 1068 3202 1108 nos
3233 1070 3339 1107 non
3389 1060 3573 1106 movet
3608 1067 3706 1105 au-

2129 1140 2369 1204 ctoritas,
2419 1151 2477 1195 ut
2518 1159 2711 1212 parum
2760 1144 2830 1197 ah
2860 1145 2967 1200 hoc
2999 1156 3324 1209 argumento
3350 1145 3703 1197 metuendum

2126 1228 2198 1284 sit
2243 1248 2425 1288 causa:
2474 1245 2697 1291 nostras.
2724 1234 2936 1293 Parvus
2964 1246 3049 1292 est
3078 1239 3406 1292 Catenarum
3433 1236 3485 1289 in
3519 1234 3706 1289 Cauti-

2124 1342 2246 1381 cum
2272 1327 2612 1382 canticorum
2654 1344 2937 1394 numerus,
2972 1345 3071 1384 nec
3121 1331 3262 1383 inter
3292 1329 3411 1381 illas
3446 1337 3531 1380 est
3553 1340 3701 1395 quae-

2123 1418 2246 1470 dam
2285 1417 2443 1487 cujus
2485 1420 2751 1474 memoria
2791 1424 2862 1474 sit
2897 1420 3037 1475 adeo
3071 1421 3330 1485 obscura,
3366 1434 3529 1486 quam
3558 1418 3698 1485 ejus.

2122 1520 2242 1574 qua!
2271 1522 2300 1559 a
2326 1506 2589 1562 Garuerio
2614 1510 2926 1575 adducitur,
2957 1520 3012 1564 et
3041 1508 3326 1580 Neophyto
3352 1507 3572 1563 cuidam
3599 1507 3701 1560 tri-

2124 1597 2329 1652 huitur.
2366 1597 2574 1652 Dantur
2611 1609 2790 1654 tamen
2818 1602 3091 1671 quzedam,
3123 1602 3178 1653 in
3206 1599 3410 1669 quibus
3441 1598 3697 1667 frequen-

2127 1698 2208 1741 ter
2238 1698 2365 1743 sunt
2394 1692 2643 1759 Origenis
2678 1693 3027 1761 aliorumque
3060 1708 3181 1746 eum
3214 1692 3417 1762 quibus
3438 1689 3697 1768 Nostrum

2122 1780 2237 1853 [57]
2269 1786 2468 1851 srepius
2500 1793 2866 1852 permutatum
2904 1800 3025 1839 esse
3068 1786 3340 1849 novimus,
3384 1784 3698 1844 citationes,

2122 1882 2175 1924 ut
2206 1873 2257 1925 in
2292 1872 2381 1925 illa
2406 1889 2570 1942 quam
2603 1872 2876 1928 Meursius
2915 1873 3086 1926 edidit
3121 1872 3289 1941 Lugd.
3320 1870 3437 1923 Bat.
3469 1886 3498 1923 a
3540 1868 3697 1922 1617.

2119 1963 2398 2019 Facillime
2430 1967 2611 2035 itaque
2654 1966 2832 2035 potuit
2885 1966 3022 2027 ﬁeri,
3072 1965 3217 2018 utin
3260 1965 3412 2018 hisce
3453 1962 3698 2024 Catenis,

2117 2073 2347 2128 quarum
2370 2072 2570 2126 parvus
2591 2068 2673 2111 est
2704 2073 2989 2126 numerus,
3012 2054 3193 2109 Nostri
3217 2055 3563 2110 desideretur
3586 2067 3700 2106 me-

2118 2150 2314 2213 moria,
2361 2151 2476 2205 sive
2511 2151 2775 2219 temporis
2827 2151 2933 2204 hoc
2970 2148 3174 2203 factum
3226 2149 3296 2203 sit
3336 2147 3536 2216 injuria
3582 2145 3699 2199 sive

2118 2242 2464 2296 librariorum
2496 2242 2844 2313 negligentia.
2873 2243 3000 2297 Haec
3025 2241 3208 2295 omnia
3232 2242 3417 2309 itaque
3454 2253 3555 2292 nos
3586 2251 3696 2290 non

2117 2338 2433 2407 impedient,
2463 2340 2766 2410 quominus
2826 2340 2976 2395 hunc
3004 2338 3470 2394 Commentarium
3495 2333 3698 2388 Nostro

2115 2430 2477 2485 vindieemus.
2503 2430 2576 2484 lta
2593 2430 2736 2484 enim
2757 2430 2912 2499 jubet
2946 2431 3249 2483 auctoritas
3275 2426 3549 2491 codicum,
3575 2424 3699 2493 qui-

2116 2521 2219 2577 bus
2248 2522 2380 2574 olim
2417 2520 2531 2592 jam
2565 2522 2648 2575 usi
2681 2531 2811 2575 sunt
2834 2520 3003 2576 Zinus
3026 2537 3091 2576 ac
3127 2520 3478 2581 Sirmondus,
3504 2528 3556 2570 ct
3580 2532 3699 2569 ma-

2116 2629 2220 2685 gna
2247 2629 2371 2683 qua:
2397 2614 2538 2669 inter
2571 2615 2717 2670 hunc
2753 2615 3000 2685 aliosque
3043 2612 3370 2668 Theodoreti
3416 2610 3585 2664 libros
3616 2611 3700 2662 in-

2115 2706 2344 2762 tercedit
2399 2705 2654 2762 alliuitas.
2683 2706 2901 2773 lliustre
2928 2708 3050 2776 ejus
3077 2705 3385 2775 exemplum
3418 2705 3511 2757 dat
3546 2704 3698 2757 locus

2116 2798 2206 2853 ille
2228 2799 2553 2865 Ezechielis,
2587 2799 2679 2869 qui
2714 2801 2767 2852 in
2798 2798 3079 2853 Protendo
3109 2799 3174 2853 ad
3210 2798 3354 2851 hunc
3382 2796 3578 2849 lihrum
3603 2809 3700 2850 eo-

2114 2891 2237 2946 dem
2272 2891 2458 2953 modo,
2484 2901 2543 2947 ut
2578 2891 2631 2944 in
2663 2889 2846 2945 Nostri
2887 2890 2956 2945 ad
2990 2890 3139 2944 hunc
3178 2889 3496 2959 prophetam
3529 2885 3698 2941 Com-

2117 2983 2387 3036 mentario
2410 2983 2739 3052 explicatur.

428 3086 548 3129 rum
586 3076 771 3131 multis
823 3090 931 3130 non
974 3077 1138 3129 modo
1168 3073 1593 3136 ecclesiasticis,
1625 3076 1717 3130 sed
1756 3076 2009 3133 civilibus
2038 3084 2084 3147 ο
2185 3078 2502 3135 Proximum
2545 3080 2723 3135 locum
2762 3089 2946 3136 tenent
2974 3079 3444 3150 Interpretationcs
3473 3078 3699 3132 sedecim

426 3182 648 3238 quoque
683 3185 748 3224 ac
773 3168 1104 3223 militaribus
1135 3168 1285 3223 euris
1311 3183 1371 3222 se
1389 3167 1622 3225 distrahi
1649 3176 1878 3238 questus
1903 3178 2009 3235 est,

428 3280 536 3318 non
569 3265 938 3329 mirabuntur,
977 3266 1072 3337 qui
1117 3280 1149 3320 e
1178 3265 1373 3321 litteris
1412 3264 1740 3322 Theodoreti
1774 3266 1887 3336 jam
1917 3283 2013 3323 su-

426 3369 525 3423 pra
563 3355 811 3424 allegatis
865 3356 1140 3422 noverint,
1171 3365 1410 3426 quantos
1443 3356 1663 3411 labores
1693 3366 2014 3427 quantaque

428 3447 672 3517 pericula
694 3449 1039 3514 sustinuerit,
1061 3459 1122 3504 ut
1142 3449 1389 3520 perditos
1409 3465 1592 3506 mores
1608 3464 1800 3505 eorum
1823 3466 2014 3507 emen-

428 3541 605 3605 daret,
658 3556 893 3610 quorum
948 3556 1137 3597 curam
1183 3541 1289 3597 sibi
1340 3541 1726 3598 demandatam
1800 3542 2008 3599 habuit.

427 3631 668 3688 Gravius
703 3634 891 3702 itaque
921 3634 1047 3696 sibi,
1083 3648 1250 3704 quam
1289 3635 1522 3690 militum
1542 3637 1797 3703 ducibus,
1832 3638 2010 3704 impo-

426 3724 594 3780 situm
635 3738 778 3779 onus
815 3739 961 3793 aegre
1000 3725 1242 3780 ferebat:
1273 3725 1422 3780 omni
1468 3726 1613 3781 enim
1655 3728 1904 3782 adhibita
1931 3725 2013 3781 di-

427 3815 653 3884 ligentia
708 3817 796 3870 vix
847 3816 1202 3886 petulantiam
1267 3813 1385 3891 [36]
1434 3818 1721 3874 hominum
1779 3821 2011 3875 istorum

428 3924 684 3964 coercere
713 3920 944 3980 poterat.
971 3910 1049 3965 lta
1072 3926 1184 3966 rem
1207 3913 1483 3981 expedire,
1510 3923 1584 3980 et,
1613 3913 1658 3969 si
1684 3928 1824 3984 opus
1844 3925 2011 3978 esset,

426 4002 690 4072 tropicam
727 4003 1020 4075 quamdam
1063 4003 1280 4060 dicendi
1313 4007 1579 4061 rationem
1619 4007 1672 4060 in
1709 4007 1795 4063 his
1820 4018 2014 4063 aucto-

429 4099 508 4153 ris
533 4098 710 4153 nostri
740 4098 921 4154 verbis
955 4098 1247 4154 admittere.
1281 4101 1589 4167 mallemus,
1615 4117 1778 4171 quam
1806 4103 2013 4174 absque

429 4191 670 4246 historias
725 4190 830 4247 ﬁde
863 4206 987 4247 cum
1043 4193 1321 4247 nonnullis
1362 4208 1610 4248 asserere
1634 4235 1649 4253 .
1675 4190 2010 4265 Cyresticam

425 4286 705 4356 regionem
733 4300 798 4340 eo
818 4294 1060 4355 tempore
1080 4285 1547 4355 prmsidiariorum
1579 4287 1812 4341 militum
1838 4287 2010 4343 eﬂusa

424 4373 665 4430 licentia-
695 4377 894 4430 misere
954 4376 1226 4430 turbatam
1267 4377 1461 4432 fuisse.
1496 4375 1691 4443 Porro,
1721 4379 1866 4447 quod
1896 4377 2011 4433 Ma»

427 4481 635 4531 nasses,
683 4484 781 4524 rex
826 4468 1050 4538 impius,
1101 4484 1353 4538 magnam
1411 4484 1695 4524 sacrorum
1720 4469 2006 4525 Librornm

426 4563 638 4623 partem
669 4559 1057 4624 combusserit,
1093 4559 1227 4611 utin
1264 4559 1537 4614 l’rommio
1564 4561 1630 4613 ad
1666 4560 1810 4615 hunc
1845 4562 2010 4615 Com-

429 4647 756 4701 mentarium
784 4650 1008 4716 dicitur,
1051 4650 1203 4704 nullo
1235 4651 1456 4721 quidem
1497 4653 1550 4704 in
1578 4652 1703 4707 loco
1745 4667 1774 4706 a
1808 4652 2009 4707 Nostro

426 4735 554 4789 alibi
593 4739 877 4805 asseritur,
909 4742 1003 4796 sed
1033 4757 1163 4795 num
1188 4742 1373 4796 omnia
1408 4756 1518 4795 uno
1553 4742 1859 4812 eodemque
1884 4744 2006 4799 loco

425 4827 608 4881 dicere
635 4843 859 4884 necesse
901 4834 1056 4887 erat?
1088 4832 1257 4889 Multa
1304 4835 1358 4887 iu
1391 4835 1507 4889 suis
1542 4835 1607 4889 ad
1645 4835 1812 4891 libros
1838 4835 2006 4891 Para-

426 4920 1195 4990 lipomenonCommentariis
1228 4927 1521 4998 supplevit,
1550 4944 1673 4999 quae
1706 4930 1760 4983 in
1796 4929 1904 4984 illis
1939 4932 2005 4982 ad

422 5013 596 5069 libros
642 5013 854 5085 Regum
896 5018 1087 5069 eodem
1131 5020 1254 5087 jure
1292 5022 1474 5076 dicere
1506 5022 1795 5091 potuisset,
1830 5025 1874 5077 si
1907 5036 2004 5076 re-

425 5108 655 5163 cessitas
684 5109 826 5164 hanc
876 5108 1047 5177 legem
1088 5110 1164 5163 illi
1211 5114 1584 5183 imposuisset.
1627 5113 1784 5181 Quod
1828 5101 2068 5186 proli-5"

422 5200 548 5255 xius
574 5200 626 5254 in
678 5201 781 5256 hoc
829 5217 993 5271 quam
1041 5200 1267 5257 forsitan
1313 5207 1364 5260 iu
1410 5208 1534 5262 aliis
1573 5208 1729 5261 libris
1776 5209 2007 5261 medita-

420 5293 601 5349 tiones
630 5293 1123 5363 suasexposuerit,
1148 5294 1386 5351 dandum
1420 5310 1505 5354 est
1549 5315 1659 5354 non
1696 5300 2003 5370 argumenti

423 5396 656 5449 tantum,
694 5386 839 5456 quod
869 5387 1100 5441 multum
1140 5387 1475 5445 diﬂicultatis
1507 5392 1762 5455 habebat,
1810 5391 2004 5447 condi-

424 5479 577 5537 tioni.
612 5480 707 5535 sed
746 5479 977 5549 tempori
1004 5479 1167 5534 etiam
1209 5495 1320 5550 quo
1359 5482 1599 5550 scripsit.
1634 5483 1808 5537 .Haud
1861 5483 2004 5537 male

423 5573 568 5625 enim
598 5587 662 5627 ex
697 5574 817 5644 ipsa
853 5573 953 5629 hoc
981 5574 1268 5644 paululum
1313 5573 1516 5628 dill‘uso
1548 5575 1763 5630 dicendi
1803 5591 2003 5647 genere

421 5664 719 5737 colligitur,
756 5669 899 5722 hunc
930 5667 1128 5721 librum
1156 5682 1278 5723 esse
1324 5682 1492 5721 unum
1524 5682 1593 5721 ex
1634 5668 1828 5735 primis
1862 5687 2001 5739 quos

420 5753 617 5811 Noster
646 5759 977 5829 composuit.
1018 5757 1127 5815 Usu
1167 5760 1335 5825 enim,
1374 5768 1431 5812 ut
1465 5758 1577 5813 lleri
1617 5759 1771 5813 solet.
1817 5764 1999 5830 acqui-

2114 3173 2511 3243 prophetarum,
2541 3172 2694 3229 Isaiae
2732 3174 2968 3239 scilicet,
3002 3172 3251 3229 Jcremiae
3286 3171 3396 3240 (cui
3421 3168 3696 3238 subjnncti

2116 3275 2243 3322 sunt
2280 3265 2481 3321 Tbreni
2519 3275 2574 3320 et
2623 3266 2758 3321 liber
2816 3264 3073 3335 Baruch),
3099 3263 3423 3327 Ezechielis,
3462 3261 3698 3316 Danieiis

2113 3365 2169 3411 et
2188 3355 2475 3413 duodecim
2494 3358 2883 3428 prophetarum
2908 3372 3050 3427 quos
3077 3356 3318 3410 minores
3340 3355 3551 3409 dicunt.
3577 3350 3694 3406 Non

2114 3447 2307 3503 eodem
2347 3449 2541 3505 ordine
2567 3448 2759 3518 scripti
2786 3458 2913 3503 sunt
2950 3447 3340 3504 Commentarii
3370 3447 3455 3501 isti
3490 3461 3601 3516 quo
3638 3460 3698 3499 se

2113 3541 2411 3612 excipiunt.
2445 3540 2720 3597 Danielem
2751 3541 2991 3611 primum
3028 3540 3198 3595 fuisse
3243 3555 3402 3611 quem
3445 3539 3699 3594 Theodo-

2114 3642 2268 3690 retus
2318 3634 2704 3704 interpretatus
2753 3644 2858 3696 est,
2906 3633 3022 3702 ipse
3067 3633 3120 3686 in
3158 3631 3484 3685 Praefatione
3522 3629 3591 3684 ad
3630 3629 3696 3681 li-

2113 3727 2273 3783 brum
2305 3727 2456 3782 illum
2483 3727 2720 3793 monuit,
2753 3740 3088 3793 causamque
3118 3724 3362 3794 optionis
3395 3737 3508 3777 sua:
3529 3738 3559 3777 a
3594 3720 3695 3776 Ju-

2114 3821 2357 3878 d:eorum
2386 3836 2513 3890 erga
2540 3820 2686 3875 hunc
2706 3819 3026 3889 prophetam
3049 3817 3179 3872 odio
3206 3816 3381 3886 petiit.
3406 3815 3695 3870 Proximus

2116 3915 2287 3971 fuisse
2341 3916 2553 3970 videtur
2610 3914 2884 3978 Ezechiel,
2915 3914 2982 3968 de
3025 3927 3136 3983 quo
3169 3912 3360 3967 saltem
3393 3928 3456 3965 ex
3492 3909 3697 3964 Praela-

2116 4009 2266 4065 tione
2292 4010 2358 4064 ad
2390 4007 2684 4064 Jcremiam
2714 4014 2954 4070 constat,
2982 4006 3036 4060 in
3067 4020 3193 4061 eum
3230 4005 3383 4074 prius
3413 4019 3700 4058 commen-

2115 4111 2291 4157 tatum
2319 4116 2442 4156 esse
2474 4099 2730 4155 Nostrum
2776 4113 2941 4169 quam
2973 4098 3038 4152 ad
3082 4096 3377 4152 Jeremiam
3423 4097 3702 4150 illustrau-

2114 4198 2243 4250 dum
2273 4200 2332 4249 Se
2354 4193 2683 4261 accingeret.
2708 4191 2830 4257 Quo
2851 4192 3045 4244 ordine
3071 4189 3137 4244 ad
3170 4190 3409 4258 reliquos
3438 4204 3691 4259 pregres-

2115 4303 2212 4343 sus
2252 4287 2344 4349 sit,
2379 4287 2521 4340 haud
2564 4287 2698 4341 satis
2745 4286 2950 4353 liquet:
2990 4285 3092 4339 hoc
3124 4294 3305 4339 tamen
3344 4299 3410 4337 ex
3444 4282 3568 4351 ipso
3602 4298 3701 4336 au-

2117 4377 2288 4432 ctoris
2330 4377 2648 4432 testimonio
2708 4387 3052 4445 perspectum
3108 4376 3392 4438 habemus,
3441 4375 3695 4429 ultimum

2120 4470 2312 4524 horum
2345 4469 2595 4524 laborum
2640 4466 2813 4522 fuisse
2837 4468 3306 4522 Commentarium
3338 4467 3390 4519 in
3422 4467 3695 4528 Threnos,

2113 4561 2201 4616 cui
2232 4561 2320 4615 his
2342 4560 2523 4615 verbis
2553 4562 2715 4614 tinem
2750 4556 2877 4613 fecit
2901 4567 3090 4612 auctor
3117 4576 3132 4609 :
3167 4576 3186 4608 ι
3214 4555 3363 4608 Hanc
3388 4555 3553 4607 etiam
3575 4555 3697 4607 aliis

2122 4652 2455 4724 propheticis
2486 4652 2641 4707 lihris
2671 4651 2960 4720 adjicimus
2992 4647 3522 4718 interpretationem,
3556 4647 3695 4699 adeo

2119 4755 2179 4801 ut
2208 4761 2303 4814 per
2346 4744 2444 4797 Dei
2485 4745 2715 4815 gratiam
2749 4743 2955 4797 nullam
2987 4739 3324 4811 prophetiam
3366 4738 3691 4804 interpreta-

2114 4837 2282 4893 tionis
2338 4846 2614 4905 expertem
2664 4835 3070 4905 reliquerimus.
3104 4852 3122 4885 ι
3154 4831 3475 4902 Magnopere
3501 4828 3688 4879 dolen-

2112 4932 2237 4983 dum
2260 4937 2364 4991 est,
2388 4928 2529 4982 haud
2554 4925 2963 4999 integrum_[38]
2985 4925 3051 4981 ad
3076 4940 3176 4979 nos
3193 4922 3502 4993 pervenisse
3522 4917 3685 4971 Com-

2112 5022 2439 5077 mentarium
2490 5023 2544 5074 in
2575 5020 2791 5082 Isaiam,
2826 5019 2987 5088 cujus
3037 5034 3145 5071 non
3180 5015 3282 5070 nisi
3336 5012 3563 5067 lacinias
3590 5011 3688 5064 ha—

2109 5116 2324 5171 bemus.
2374 5114 2508 5182 Quaa
2562 5113 2887 5168 Sirtnondns
2917 5129 2947 5166 e
2992 5110 3212 5166 Catenis
3243 5106 3540 5177 congessit,
3583 5121 3689 5159 non

2109 5208 2291 5261 omnia
2326 5208 2393 5260 ad
2428 5204 2690 5260 Nostrum
2725 5204 3019 5273 pertinent,
3063 5201 3156 5256 sed
3195 5215 3389 5269 magna
3421 5214 3488 5252 ex
3533 5206 3685 5267 parte

2108 5298 2175 5352 ad
2204 5296 2547 5352 Theodorum
2575 5295 3040 5367 Mopsuestenum,
3072 5299 3148 5354 et,
3184 5300 3370 5344 nostra
3403 5290 3585 5342 adhuc
3610 5294 3695 5342 est

2108 5389 2442 5459 conjectura,
2492 5390 2558 5443 ad
2609 5387 2904 5443 Eusebium
2964 5383 3359 5439 Caesariensem
3405 5380 3689 5435 relerenda

2107 5498 2230 5537 esse
2257 5482 2529 5536 videntur.
2556 5482 2860 5551 Antequam
2889 5478 2955 5533 ad
2983 5477 3227 5546 reliquos
3268 5476 3439 5529 libros
3465 5488 3689 5544 pregre»

2106 5574 2343 5638 diamur,
2376 5574 2567 5643 paucis
2595 5573 2923 5627 monendum
2942 5571 3071 5631 erit,
3097 5584 3311 5624 errasse
3335 5566 3684 5627 Garnerium,

2107 5671 2152 5724 si
2199 5671 2360 5722 Auct.
2390 5683 2443 5737 p.
2477 5666 2602 5731 188,
2641 5672 2874 5721 exeunte
2905 5664 3084 5734 capite
3125 5670 3326 5734 quarto
3358 5659 3545 5719 refert,
3574 5656 3686 5711 No-

2110 5770 2283 5817 strum
2312 5760 2366 5813 in
2390 5759 2800 5815 Commentario
2843 5758 2910 5814 ad
2963 5767 3210 5813 extrema
3249 5753 3411 5810 verba
3440 5750 3688 5807 Ieremia:
