4038 6210
408 332 473 397 b'l
925 380 931 385 -
1823 348 2346 410 DlSSEilTATll).
3614 363 3684 431 53

410 447 611 518 prolixe
661 447 938 507 adversus
989 452 1314 523 Apollinarii
1368 467 1586 509 errores
1651 457 1991 514 chiliasticos
2022 465 2065 519 Α
2099 462 2261 515 Verba
2310 462 2412 515 ista
2446 462 2771 530 prmmittit:
2808 481 2828 515 ι
2870 464 3013 519 Sunt
3037 482 3160 537 qua:
3199 471 3395 538 partim
3425 483 3550 529 ante
3582 491 3684 532 an-

406 542 735 610 disputasse.
792 542 901 599 Sed
954 545 1252 616 disputatio
1300 547 1402 602 ista
1439 564 1544 603 non
1582 550 1687 606 hoc
1716 550 1865 616 loco,
1902 553 1997 607 sed

404 635 453 686 in
488 634 592 688 line
616 635 1016 692 Commentarii
1064 639 1132 694 ad
1162 640 1500 696 Ezechielem
1542 653 1740 710 exstat,
1776 645 1861 698 cui
1896 645 1998 698 ad—

397 724 674 794 jungenda
730 739 859 781 sunt
913 729 1004 783 illa
1047 745 1169 800 qua:
1211 731 1277 784 ad
1318 730 1481 786 linem
1523 731 1914 789 Commentarii
1942 737 1994 791 in

399 811 659 879 Aggeum
698 812 977 883 leguntur.
1296 826 1307 835 '

476 902 650 958 Utiles
687 905 739 958 in
775 909 972 977 primis
1007 920 1136 964 sunt
1177 909 1562 967 Commentarii
1610 916 1663 968 iu
1700 914 1840 969 XIV
1872 915 1995 987 Epi-

398 1007 570 1061 stolas
601 1010 774 1063 sancti
803 1010 1033 1080 Pauli,a
1062 1012 1264 1071 Nostro
1297 1025 1447 1073 tanta
1490 1034 1615 1074 cum
1652 1021 1811 1076 laude
1845 1038 1995 1077 com-

400 1102 591 1170 positi,
626 1112 684 1156 ut
729 1120 1062 1176 magnopere
1107 1108 1407 1165 dolendum
1456 1112 1548 1177 sit,
1583 1113 1824 1182 reliquos
1853 1113 1990 1169 Novi

410 1191 658 1247 Falleris
688 1195 858 1250 libros
900 1213 1007 1252 non
1050 1202 1303 1255 eumdem
1342 1212 1539 1258 nactos
1567 1220 1687 1259 esse
1728 1206 1994 1277 interpre-

406 1294 532 1338 tem.
570 1285 803 1341 Exstant
833 1298 1016 1343 autem
1076 1293 1293 1349 nonnisi
1342 1310 1514 1364 pauca
1557 1295 1992 1353 Commentario-

402 1392 523 1430 rum
555 1377 609 1431 in
643 1392 880 1449 quatuor
928 1380 1220 1454 Evangelia
1277 1384 1605 1456 fragmenta,
1639 1405 1763 1457 qua:
1796 1406 1987 1446 recen-

399 1470 514 1524 suit
547 1470 996 1529 Montl‘auconius
1043 1476 1095 1531 in
1128 1475 1462 1534 Bibliotheca
1506 1458 1743 1536 Coislin.
1778 1482 1988 1537 llorum

397 1561 511 1616 duo
541 1578 938 1621 commemorat
962 1568 1014 1622 in
1041 1568 1375 1637 Matthzeum,
1398 1588 1446 1641 p.
1478 1574 1546 1627 75
1566 1585 1618 1628 et
1641 1573 1770 1637 217.
1801 1592 1829 1630 c
1853 1575 1987 1630 Cod.

394 1652 569 1711 Coisl.
597 1658 667 1711 ⁸24
693 1669 745 1712 ct
776 1658 901 1714 195.
931 1659 1201 1716 Nonnulla
1234 1662 1286 1717 in
1320 1664 1523 1719 Lucam
1563 1682 1617 1735 p.
1647 1666 1774 1731 251,
1798 1682 1828 1723 e
1852 1667 1985 1722 Cod.

396 1748 571 1803 Coisl.
628 1749 756 1817 201,
805 1760 861 1806 et
904 1768 959 1822 p.
995 1753 1100 1808 576
1139 1757 1527 1825 seq.;nouuisi
1580 1761 1806 1814 unicum
1860 1775 1990 1814 vero

399 1839 455 1894 in
504 1840 795 1907 Joannrm,
832 1861 889 1915 p.
940 1846 1030 1907 68,
1059 1863 1088 1902 e
1118 1847 1253 1902 COtl.
1285 1848 1377 1902 25.
1413 1849 1468 1903 In
1498 1850 1812 1905 Matthaeum
1836 1869 1989 1922 qua:-

398 1933 529 1988 dam
561 1951 591 1988 e
630 1935 832 1992 Nostro
885 1941 1167 2008 congessit
1212 1941 1357 1997 Petr.
1402 1943 1670 1999 Pessinus
1698 1948 1751 1999 in
1780 1947 1987 2003 Catena

400 2025 633 2082 Patrum
694 2028 1010 2085 Graecorum
1064 2033 1117 2086 in
1174 2044 1422 2088 sanctmn
1474 2036 1791 2092 Mattluenm
1843 2039 1987 2093 edita

398 2118 617 2177 Tolosa:
666 2140 718 2177 a.
768 2125 928 2179 1616.
976 2121 1209 2181 Exstant
1241 2128 1404 2182 etiam
1438 2132 1703 2185 nonnulla
1736 2129 1989 2187 Theodo-

398 2214 527 2279 reti,
560 2215 655 2270 sed
683 2214 874 2270 Latine
908 2226 1142 2281 tantum,
1173 2218 1226 2272 in
1246 2218 1491 2273 Corderii
1529 2223 1731 2275 Catena
1769 2222 1821 2275 in
1860 2238 1989 2276 san-

397 2316 547 2359 ctum
578 2307 781 2363 Lucam
812 2309 1124 2379 Antuerpim
1147 2325 1278 2365 ann.
1322 2311 1454 2365 11128
1497 2313 1664 2366 edita.
1702 2313 1865 2368 Plura
1890 2330 1990 2369 au-

399 2405 507 2452 tem
537 2399 602 2461 in
628 2399 985 2454 Bibliothecis
1018 2400 1162 2469 regis
1191 2400 1381 2456 Gallia
1411 2418 1704 2473 superesse
1740 2406 1884 2459 haud
1914 2405 1989 2459 in-

394 2495 563 2550 certis
606 2494 824 2550 indiciis
873 2495 1148 2549 novimus.
1176 2493 1281 2560 Qui
1324 2511 1457 2550 vero
1502 2496 1645 2552 inter
1672 2511 1775 2552 nos
1802 2511 1989 2568 super-

397 2589 557 2642 stites
586 2588 797 2642 suntin
850 2586 1126 2657 Epistolas
1171 2589 1346 2643 sancti
1372 2587 1529 2643 Pauli
1568 2587 1987 2651 Commentarii,

397 2681 668 2750 integram
717 2689 772 2736 et
810 2682 1131 2737 continuam
1166 2683 1426 2738 exhibent
1458 2684 1988 2753 interpretationem,

398 2788 520 2840 qua:
545 2771 706 2825 unica
733 2773 785 2824 in
821 2788 882 2828 se
911 2773 1310 2842 complectitur,
1333 2774 1596 2843 quidquid
1629 2774 1909 2844 eleganter
1934 2785 1992 2831 et

396 2863 651 2930 apposite
705 2862 771 2916 ad
809 2862 1097 2917 litteralem
1130 2863 1326 2918 borum
1352 2864 1614 2918 librorum
1640 2879 1864 2920 sensum
1889 2883 1990 2921 ex-

398 2954 717 3024 plicandum
745 2954 853 3008 dici
887 2954 1094 3009 debuit.
1121 2953 1231 3010 Nec
1258 2956 1362 3010 alia
1390 2972 1417 3009 a
1447 2956 1648 3014 Nostro
1680 2959 1990 3028 exspectari

398 3055 721 3117 potuerunt,
771 3044 890 3119 [59]
919 3062 1044 3102 eum
1100 3058 1437 3119 przeceptore
1480 3066 1616 3105 usus
1652 3052 1724 3105 sit
1748 3052 1990 3121 Chryso-

400 3151 602 3207 stomo,
633 3148 687 3194 et
713 3138 1010 3195 Theodoro
1048 3140 1458 3210 Mopsuesteno,
1491 3143 1586 3213 qui
1637 3144 1910 3213 posterior
1933 3144 1989 3198 in

399 3234 750 3303 explicandis
771 3231 835 3286 N.
864 3231 929 3287 T.
953 3234 1108 3290 libris
1143 3234 1352 3288 felicior
1384 3234 1558 3291 fuisse
1587 3237 1791 3291 dicitur
1819 3251 1985 3307 quam

398 3327 456 3382 in
515 3329 819 3382 scrutando
869 3341 1036 3383 sensu
1073 3327 1341 3382 librorum
1382 3327 1444 3381 V.
1486 3327 1548 3382 Τ.
1585 3328 1662 3383 Ad
1696 3339 1991 3401 utrumque

400 3423 678 3492 pertinere
721 3423 1004 3486 videntur,
1034 3437 1157 3493 quae
1188 3421 1386 3478 Noster
1423 3422 1473 3477 in
1506 3423 1697 3478 limine
1733 3424 1989 3480 Prommii

400 3515 551 3570 haud
592 3515 780 3570 minus
809 3516 1058 3570 modeste
1081 3530 1257 3585 quam
1292 3515 1594 3571 honoriﬁce
1628 3518 1860 3581 monuit,
1895 3533 1990 3573 ve-

403 3610 636 3665 rendum
677 3624 824 3673 esse,
885 3623 954 3664 ne
1000 3609 1132 3674 sint,
1165 3623 1194 3663 a
1221 3610 1423 3678 quibus
1468 3612 1797 3666 temeritatis
1827 3627 1992 3668 accu-

401 3713 576 3767 setur,
610 3705 753 3773 quod
787 3711 909 3772 post
931 3704 1071 3757 hunc
1109 3712 1159 3757 et
1187 3702 1341 3757 illum
1382 3705 1474 3774 qui
1510 3705 1674 3759 totius
1706 3705 1850 3759 orbis
1883 3707 1992 3759 sint

402 3794 631 3857 lumina,
670 3794 869 3850 audeat
912 3795 980 3849 ad
1031 3794 1466 3864 apostolieorum
1523 3796 1855 3865 scriptorum
1905 3797 1992 3853 in-

402 3889 856 3960 terpretationem
887 3889 1167 3944 accedere.
1198 3888 1237 3941 E
1287 3891 1564 3947 veteribus
1601 3892 1754 3947 solus
1777 3903 1862 3948 est
1896 3892 1992 3947 Ni-

403 3981 702 4051 cephorus,
727 3980 820 4050 qui
851 3979 887 4033 l.
919 3993 972 4035 c.
996 3978 1197 4050 egregii
1220 3979 1388 4049 hujus
1426 3981 1620 4051 scripti
1659 3982 1991 4037 mentionem

404 4072 632 4144 injecit:
659 4073 776 4142 ipse
806 4084 938 4125 vero
969 4058 1166 4125 auctor
1193 4079 1307 4126 tum
1342 4071 1396 4126 in
1430 4070 1690 4143 Epistolis
1718 4073 1835 4128 suis
1866 4089 1996 4143 pas-

404 4167 534 4229 sim,
568 4175 683 4218 tum
730 4162 1033 4232 qumstione
1071 4163 1246 4232 prima
1292 4163 1345 4217 in
1393 4162 1695 4219 Leviticum
1732 4165 1853 4236 ejus
1880 4180 1996 4219 me-

403 4259 585 4314 minit.
616 4256 865 4312 Dubitari
895 4256 1081 4326 itaque
1109 4271 1216 4310 neu
1239 4263 1435 4325 potest,
1462 4256 1664 4311 librum
1686 4257 1853 4311 istum
1871 4257 1996 4327 jure

404 4356 473 4406 ad
505 4350 771 4406 Nostrum
820 4347 1054 4403 referri:
1082 4363 1193 4419 quo
1220 4360 1403 4403 autem
1438 4363 1582 4404 anno
1625 4349 1865 4420 scriptus
1901 4352 1993 4416 sit,

404 4446 595 4501 minus
647 4453 857 4499 certum
909 4441 1144 4498 videtur.
1194 4442 1499 4497 Dolendum
1555 4451 1657 4507 est,
1703 4452 1995 4513 utramque

2103 567 2204 605 nos
2255 551 2469 623 viginti,
2504 552 2698 622 partim
2744 561 2873 610 ante
2919 558 3246 625 octodecim,
3300 565 3498 631 partim
3558 580 3686 624 ante

2101 643 2437 713 quindecim,
2464 646 2663 716 partim
2706 656 2834 703 ante
2869 649 3164 705 duodecim
3196 654 3414 724 scripsi.
3454 677 3472 709 ι
3501 658 3684 718 Incer-

2104 746 2216 790 tum
2247 737 2431 807 itaque
2463 754 2585 793 esse
2609 739 2789 806 debet,
2812 742 2994 797 sintne
3021 745 3144 799 libri
3177 747 3270 816 qui
3300 749 3497 806 deinde
3531 768 3684 808 com-

2101 839 2494 895 memorantur,
2525 831 2852 888 dnodecimo
2904 835 2987 891 vel
3032 838 3297 896 vicesimo
3354 857 3502 897 anno
3556 855 3682 899 ante

2098 926 2254 981 datas
2290 925 2455 979 hasce
2484 926 2714 992 litteras,
2758 929 2838 983 vel
2864 928 3007 984 intra
3046 932 3211 986 hosce
3242 948 3416 989 aelios
3449 937 3682 1005 scripti?

2102 1014 2221 1089 [40]
2260 1017 2369 1073 lloe
2392 1028 2572 1072 tamen
2608 1034 2673 1073 ex
2706 1020 2810 1075 ista
2841 1020 2910 1075 ad
2943 1019 3182 1077 Leonem
3211 1024 3521 1080 llonianum
3552 1027 3681 1096 Epi-

2098 1110 2258 1175 stula,
2286 1127 2430 1182 quae,
2475 1120 2533 1164 ut
2563 1125 2680 1178 jam
2710 1112 2916 1168 dietum
2954 1123 3060 1177 est,
3091 1115 3157 1168 ad
3184 1116 3247 1171 Α.
3276 1116 3337 1173 C.
3386 1118 3489 1172 449
3517 1121 3684 1187 perti-

2097 1210 2213 1269 net,
2261 1211 2415 1257 certo
2463 1203 2742 1273 colligitur
2777 1205 2894 1274 jam
2945 1215 3074 1260 ante
3126 1209 3398 1278 synodum
3454 1209 3680 1283 λῃστρι-

2094 1296 2198 1368 κὴν
2249 1298 2485 1366 scriptos
2532 1296 2703 1353 fuisse
2731 1298 2832 1353 llos
2873 1295 3334 1356 Commentarios.
3377 1301 3681 1359 Garnerius

2094 1388 2396 1454 existimat,
2426 1405 2589 1443 teram
2641 1391 2859 1444 illorum
2910 1389 3251 1446 referendam
3301 1408 3422 1448 esse
3452 1395 3520 1449 ad
3557 1410 3678 1448 eam

2094 1496 2367 1535 annorum
2411 1481 2636 1544 seriem,
2680 1498 2805 1551 qua:
2841 1484 2983 1536 inter
3005 1485 3302 1539 concilium
3338 1486 3677 1555 Ephesinnm

2095 1572 2292 1645 (prius)
2335 1582 2391 1628 et
2421 1589 2552 1627 ann.
2578 1574 2643 1627 C.
2672 1576 2779 1629 455
2829 1576 3160 1632 intercessit.
3187 1576 3525 1646 Argumenta
3559 1580 3681 1647 ejus

2094 1666 2398 1720 attentione
2431 1665 2655 1734 quidem
2679 1665 2843 1736 digna
2878 1676 3030 1732 sunt,
3061 1668 3174 1722 alio
3210 1676 3393 1723 autem
3435 1668 3555 1722 loco
3585 1684 3683 1737 apo

2095 1760 2203 1812 tier
2225 1759 2293 1814 de
2316 1759 2424 1812 illis
2453 1758 2769 1827 disputandi
2795 1758 2900 1812 erit
2931 1761 3180 1814 occasio.
3211 1758 3323 1815 Hoc
3360 1769 3542 1816 tamen
3566 1760 3678 1829 jam

2095 1852 2315 1908 silentio
2360 1852 2636 1921 pneterire
2672 1865 2808 1905 non
2858 1834 3181 1921 possumus,
3214 1853 3357 1906 mulo
3389 1868 3517 1922 erga
3570 1850 3681 1906 No-

2094 1955 2268 2001 strum
2305 1945 2484 2001 allecti
2528 1945 2696 1999 animi
2746 1944 2960 2013 insigne
3008 1944 3286 2013 specimen
3341 1959 3487 2006 esse,
3531 1944 3678 2011 quod

2093 2036 2235 2090 idem
2267 2037 2447 2105 prodit
2475 2036 2509 2089 I.
2538 2050 2588 2089 c.
2617 2050 2671 2105 p.
2707 2032 2829 2099 190,
2856 2034 2949 2087 ubi
2978 2034 3279 2090 lectoribus
3301 2033 3420 2088 suis
3445 2049 3678 2104 persua-

2092 2129 2222 2183 dere
2252 2137 2506 2190 couatur,
2530 2125 2941 2181 'I’heoderetum
2969 2127 3021 2180 in
3046 2135 3159 2180 toto
3181 2126 3285 2180 hoc
3311 2125 3453 2180 libro
3479 2139 3677 2194 quam-

2093 2237 2311 2291 cunque
2356 2220 2703 2273 occasionem
2750 2219 3011 2290 Cyrillum
3064 2218 3320 2287 carpendi
3355 2218 3512 2273 avide
3545 2217 3683 2271 arrio

2091 2316 2301 2386 puisse,
2355 2313 2485 2384 quia
2527 2321 2651 2382 post
2688 2314 2964 2383 synodum
3013 2310 3343 2381 Ephesinam
3380 2326 3681 2381 pacemque

2091 2409 2401 2462 restitutam
2460 2406 2563 2476 ipsi
2608 2420 2716 2459 non
2752 2406 2968 2460 licuerit
3007 2405 3226 2474 publice
3254 2411 3449 2459 contra
3483 2403 3680 2457 adver-

2092 2501 2298 2556 sarium
2359 2514 2521 2555 suum
2563 2513 2829 2569 pugnare.
2868 2498 3419 2553 Meminerintautem
3449 2498 3681 2554 lectores

2091 2607 2285 2646 eorum
2315 2590 2442 2661 quae
2454 2593 2567 2660 jam
2592 2592 2814 2647 ineunte
2845 2591 2947 2646 bac
2974 2589 3375 2649 Dissertatione
3405 2590 3675 2650 diximus,

2092 2684 2303 2739 scilicet
2340 2683 2767 2753 retorquendam
2808 2698 2931 2739 esse
2974 2682 3029 2737 in
3060 2682 3413 2747 Garnerium,
3447 2681 3596 2750 quod
3631 2680 3680 2737 is

2092 2775 2295 2830 Nostro
2338 2791 2624 2846 perperam
2662 2775 2905 2844 obiecit;
2939 2790 3068 2829 nam
3103 2774 3340 2830 bteresin
3391 2783 3561 2829 totam
3597 2774 3678 2827 vi-

2094 2870 2223 2923 dere
2255 2868 2362 2924 sibi
2393 2868 2548 2923 visus
2576 2876 2680 2932 est,
2709 2868 2801 2922 ubi
2834 2869 2918 2921 vel
2946 2867 3173 2922 minima
3218 2867 3431 2938 species
3459 2866 3679 2921 umbra-

2093 2976 2201 3030 que
2245 2969 2579 3014 occurreret.
2625 2957 2996 3022 Ilemineriut,
3031 2973 3313 3028 rogamus,
3338 2966 3396 3012 et
3433 2955 3682 3025 veljudi-

2094 3062 2239 3118 cent,
2278 3054 2363 3107 vel
2408 3052 2749 3122 suspendant
2780 3050 3075 3121 judicium,
3107 3053 3285 3105 donec
3301 3051 3451 3104 novo
3481 3049 3685 3116 iniqui-

2096 3147 2224 3201 tatis
2252 3145 2457 3200 indicio
2481 3146 2659 3215 magis
2689 3154 2896 3200 motam
2924 3158 3050 3200 esse
3084 3144 3246 3199 bilem
3278 3140 3551 3198 sentiant.
3576 3137 3682 3192 Set

2096 3252 2219 3291 cum
2270 3235 2339 3290 ad
2380 3235 2487 3290 alia
2521 3249 2667 3289 nunc
2697 3232 3102 3304 properandum
3157 3231 3249 3296 sit,
3301 3232 3406 3285 hoc
3455 3229 3679 3283 unicum

2093 3329 2368 3389 addimus.
2416 3326 2675 3383 Grecam
2721 3325 2884 3393 hujus
2938 3324 3064 3379 libri
3116 3330 3325 3377 textum
3379 3319 3682 3375 Sirmondo

2095 3421 2304 3485 deberi,
2344 3419 2438 3489 qui
2468 3419 2684 3488 primus
2713 3418 2864 3472 illum
2906 3431 2937 3471 e
2958 3413 3258 3470 Codicibus
3283 3412 3404 3469 orbi
3437 3411 3680 3466 litteram

2093 3513 2265 3578 dedit,
2316 3510 2501 3565 addita
2527 3508 2752 3579 quidem
2804 3507 3001 3563 Latina
3035 3503 3260 3560 Herveti
3288 3503 3563 3569 versione,
3585 3501 3683 3556 sed

2094 3607 2280 3662 minus
2300 3610 2462 3659 caute
2492 3600 2762 3665 adhibita,
2793 3599 2941 3671 quod
2974 3597 3115 3653 bene
3147 3594 3364 3650 monuit
3397 3592 3559 3649 Rich.
3593 3589 3682 3647 Si-

2094 3713 2249 3753 mon.
2273 3695 2311 3749 1.
2352 3710 2404 3750 c.
2437 3708 2495 3763 p.
2524 3690 2650 3747 186.

2170 3790 2426 3846 Historia:
2452 3785 2828 3844 ecclesiastica
2861 3781 2984 3837 libri
3039 3786 3170 3836 sunt
3219 3778 3488 3849 quinque,
3538 3789 3684 3847 quos

2095 3882 2480 3939 Theodoretus
2510 3895 2620 3934 non
2651 3875 2852 3931 minori
2882 3888 3008 3930 cum
3038 3872 3201 3928 laude
3222 3885 3390 3941 quiem
3419 3867 3682 3937 elegantia

2095 3992 2163 4033 eo
2199 3975 2434 4031 consilio
2462 3968 2797 4041 composuit,
2824 3976 2886 4022 ut
2917 3964 3136 4021 Eusebii
3165 3961 3525 4018 Casariensis
3554 3974 3687 4027 sup-

2097 4069 2271 4136 pleret
2347 4063 2670 4121 Historiam.
2736 4059 2959 4114 initium
3013 4056 3202 4124 itaque
3255 4051 3381 4107 ter-it
3450 4050 3522 4104 ab
3580 4051 3686 4103 illis

2098 4158 2459 4230 temporibus,
2527 4169 2651 4224 quae
2714 4152 2960 4207 ultimam
3023 4148 3369 4205 consﬁtuunt
3434 4143 3687 4198 Historia:

2097 4252 2420 4307 Eusebiaua:
2448 4248 2757 4319 periodum,
2803 4254 2858 4300 et
2906 4255 3234 4314 progressus
3280 4247 3367 4294 est
3397 4252 3571 4305 usque
3620 4236 3686 4289 ad

2100 4346 2261 4400 linem
2317 4341 2535 4413 imperii
2582 4336 2877 4393 Theodosii
2934 4333 3202 4390 Junioris.
3256 4329 3373 4404 [tt]
3430 4328 3688 4384 Emulos

2099 4438 2293 4493 habuit
2342 4434 2627 4491 Socratem
2673 4439 2838 4500 atque
2888 4429 3293 4488 Sozomenum,
3351 4422 3448 4492 qui
3494 4421 3685 4475 eodem

406 4542 556 4597 illam
615 4538 926 4608 epistolam,
968 4550 1091 4606 quae
1133 4535 1273 4592 inter
1300 4537 1546 4608 reliquas
1579 4534 1875 4605 Scriptoris
1901 4512 2002 4593 no-
2033 4545 2078 4602 υ
2105 4529 2340 4585 consilio
2374 4536 2505 4582 tunc
2537 4522 2799 4592 temporis
2828 4521 2893 4575 ad
2928 4518 3227 4575 Historiam
3263 4512 3686 4608 ecclesiasticam

406 4635 507 4687 stri
546 4631 758 4685 litteras
789 4642 983 4699 agmen
1032 4626 1205 4693 ducit,
1240 4644 1350 4683 non
1386 4628 1519 4683 satis
1550 4627 1864 4683 distinctam
1900 4628 1999 4683 ha-

404 4727 538 4781 bere
573 4720 839 4791 temporis
880 4725 1089 4784 notam,
1120 4735 1243 4790 qua:
1273 4724 1317 4775 si
1341 4720 1501 4775 nobis
1517 4729 1852 4790 suppeteret,
1881 4723 2001 4775 uul-

405 4819 495 4873 lus
545 4813 938 4872 controversia:
994 4813 1396 4883 relinqueretur
1432 4812 1610 4867 locus.
1662 4811 1809 4866 Misit
1854 4814 2000 4866 cnim

410 4910 591 4964 amico
624 4908 727 4972 illi,
770 4908 835 4963 ad
862 4924 1028 4978 quem
1069 4907 1274 4963 directa
1307 4913 1391 4960 est
1414 4906 1642 4974 epistola
1678 4907 1878 4977 prima,
1902 4907 2002 4962 hos

412 5015 547 5055 suos
592 5000 646 5053 iu
708 5000 1043 5070 apostolicas
1097 4996 1361 5066 epistolas
1407 4993 1875 5060 Commentarios,
1911 5011 2003 5049 ro-

411 5107 571 5159 gans,
609 5100 669 5145 ut
701 5097 943 5145 mentem
971 5089 1038 5143 de
1068 5087 1191 5143 istis
1223 5086 1391 5141 libere
1436 5086 1694 5154 aperiret.
1733 5086 2000 5141 Praeterea

412 5185 466 5239 iu
496 5184 614 5239 suis
642 5183 710 5238 ad
739 5182 1039 5239 Eusebium
1067 5179 1422 5251 Ancyranum
1448 5187 1502 5231 et
1533 5177 1770 5233 Leonem
1800 5177 2002 5231 Roma-

414 5294 609 5333 norum
660 5278 986 5347 episropum
1022 5273 1217 5328 litteris
1258 5271 1442 5344 (epist.
1475 5271 1544 5326 82
1579 5281 1633 5325 et
1682 5272 1805 5340 115)
1839 5272 2001 5341 hujus

414 5388 568 5441 :cqnc
623 5387 688 5426 ac
734 5371 998 5429 aliorum,
1030 5367 1125 5436 qui
1176 5380 1243 5421 eo
1271 5375 1511 5435 tempore
1542 5364 1651 5434 jam
1682 5365 2000 5429 exstabant,

417 5465 679 5519 librorum
713 5461 974 5517 meminit
1006 5459 1250 5530 quidem,
1291 5458 1381 5513 Sed
1416 5449 1578 5512 nimis
1604 5472 1771 5528 vage:
1809 5473 2002 5511 recen-

415 5565 494 5612 set
538 5557 685 5612 enim
735 5552 945 5622 scripta
1005 5552 1190 5604 omnia
1231 5565 1353 5619 quze
1387 5558 1502 5604 tum
1559 5558 1684 5603 ante
1727 5550 1998 5618 synodum

412 5649 766 5722 Ephrsinam,
800 5655 920 5699 tum
953 5643 1147 5714 primis
1177 5651 1299 5713 post
1332 5643 1479 5696 illam
1521 5643 1810 5697 duodecim
1841 5641 2001 5695 annis

411 5746 829 5812 csvmposuerat.
863 5732 925 5788 In
973 5735 1161 5803 primis
1208 5732 1264 5787 in
1300 5732 1592 5803 posteriori
1622 5732 1740 5783 loco
1765 5731 1998 5783 obscura

410 5845 490 5893 est
520 5832 796 5906 temporis
831 5834 987 5891 nota,
1019 5826 1144 5898 quia
1166 5825 1490 5899 generaliori
1523 5825 1786 5879 librorum
1833 5823 1999 5877 indici

2105 4617 2535 4690 componendam
2580 4614 2827 4669 animum
2874 4610 3233 4679 adjecerunt,
3284 4604 3454 4658 multa
3504 4611 3685 4657 tamen

2107 4713 2322 4775 Nostro,
2358 4723 2483 4778 quae
2513 4708 2631 4763 sive
2669 4704 2949 4774 suppleret
2978 4702 3094 4756 sive
3124 4698 3442 4768 corrigeret,
3475 4696 3689 4765 reliqua

2106 4806 2372 4860 lecerunt.
2407 4803 2487 4856 Ita
2518 4801 2738 4871 quidem
2776 4795 2971 4852 statuit
2996 4792 3227 4849 Pbotius
3261 4791 3425 4861 (eod.
3468 4791 3559 4857 51)
3593 4789 3689 4858 qui

2106 4914 2213 4951 non
2261 4896 2424 4951 modo
2462 4893 2677 4949 dicendi
2711 4904 2883 4961 genus
2918 4887 3163 4942 historia:
3192 4884 3556 4962 aptissimum,
3592 4881 3691 4935 sed

2103 4991 2264 5046 etiam
2301 4988 2604 5043 ubertatem
2657 4998 2842 5038 rerum
2889 4996 2917 5035 a
2949 4977 3149 5035 Nostro
3181 4983 3561 5031 enarratarum
3606 4972 3691 5026 di-

2104 5085 2227 5156 gnis
2261 5082 2474 5138 extollit
2505 5079 2780 5144 laudibus,
2813 5090 3047 5146 etttnqtte
3078 5072 3328 5135 Socrati,
3378 5070 3692 5123 Sozomeuo

2105 5191 2170 5231 ac
2206 5175 2435 5245 Evagrio
2466 5173 2626 5242 longe
2670 5167 3108 5239 anteponendum
3142 5179 3265 5219 esse
3289 5162 3520 5231 judicat.
3569 5158 3688 5212 Non

2106 5270 2282 5339 potuit
2315 5277 2498 5321 tamen
2529 5261 2849 5335 peritissimi
2881 5261 2937 5315 in
2971 5260 3058 5314 his
3088 5257 3256 5312 rebus
3276 5253 3468 5308 arbitri
3497 5251 3688 5339 oculos

2106 5337 2340 5426 ell'ugere
2373 5354 2542 5409 nimia
2580 5353 2668 5407 illa
2702 5352 2754 5406 in
2787 5347 3123 5417 metaphoris
3155 5344 3403 5407 audacia,
3441 5356 3563 5410 quae
3586 5337 3689 5392 etsi

2105 5466 2212 5503 non
2248 5448 2475 5503 omnino
2522 5447 2762 5513 delendi,
2817 5456 2998 5500 tamen
3052 5443 3212 5512 genio
3267 5441 3450 5510 populi
3497 5448 3551 5494 et
3606 5454 3689 5490 re-

2106 5540 2284 5607 gionis
2316 5540 2368 5595 in
2405 5555 2512 5610 qua
2547 5540 2701 5605 vixit,
2738 5537 2991 5594 excusari
3026 5532 3433 5604 quodammodo
3468 5529 3685 5600 poterit.

2107 5634 2211 5687 Alii
2268 5648 2421 5697 vero,
2475 5648 2543 5687 ne
2589 5633 2721 5703 quid
2779 5629 3130 5685 dissimulare
3182 5624 3506 5687 videamur,
3561 5611 3716 5674 sunt.

2106 5727 2239 5781 naevi
2280 5726 2443 5795 hujus
2478 5725 2626 5789 libri,
2660 5739 2801 5794 quos
2833 5722 2916 5776 vel
2950 5727 3344 5775 recensuerunt
3379 5715 3460 5768 vel
3497 5727 3686 5767 emen-

2106 5821 2371 5874 davcrunt
2394 5817 2682 5879 Baronius,
2712 5812 2979 5883 Dupinius
3001 5852 3013 5875 ,
3044 5809 3309 5875 Valesius,
3331 5813 3383 5860 et
3415 5803 3689 5860 centuria-
