4038 6210
361 381 429 445 59
1307 377 1402 436 DE
1426 378 1601 436 VITA
1647 378 1741 438 ET
1789 372 2125 435 SCRIPTlS
2177 371 2662 431 THEODORETI
3536 365 3610 430 (ΞΟ

360 505 509 550 tores
547 491 968 564 Magdeburgici,
1013 505 1080 544 ne
1132 489 1260 560 quid
1294 491 1360 546 de
1397 489 1642 544 Garuerii
1677 491 1842 545 nimia
1883 491 1935 543 iu
1967 497 2007 546 Α
2044 485 2385 550 Nestorium;
2438 485 2573 537 alios
2617 478 2849 535 Nestorii
2889 479 3093 536 amicos
3143 479 3196 534 in
3243 480 3366 535 aliis
3408 479 3602 534 adum-

362 583 624 652 scriptore
644 591 830 635 nostro
853 580 1169 650 castigando
1199 581 1474 650 diligentia
1506 597 1648 635 nunc
1671 580 1934 636 dicamus.

367 673 439 727 De
496 686 724 726 numero
775 672 968 724 horum
1004 669 1259 726 Historia:
1287 671 1651 726 ecclesiastica:
1680 672 1935 725 librorum

363 763 751 817 dubitationem
804 763 1078 819 nonnullis
1119 762 1648 832 injecitGennaditts,
1675 763 1765 832 qui
1792 778 1840 816 c.
1869 762 1938 817 89

363 851 482 905 libri
509 851 580 904 De
603 851 729 904 viris
751 851 1046 904 illustribus
1078 850 1263 914 refert,
1295 850 1547 906 Nostrum
1569 850 1751 903 decem
1777 849 1937 916 hujus

363 943 669 1012 argumenti
727 943 894 996 libros
945 943 1344 1011 composuisse.
1407 941 1608 995 Unicus
1668 941 1758 1009 qui
1812 941 1937 994 huic

364 1032 667 1086 narrationi
705 1030 884 1086 favere
919 1032 1155 1096 videtur,
1213 1041 1297 1085 cst
1344 1030 1510 1085 Gerh.
1537 1029 1787 1095 Vossius,
1820 1033 1932 1099 qui,

363 1140 490 1177 cum
546 1124 611 1176 de
669 1123 942 1178 historicis
1003 1122 1206 1178 Graecis
1261 1123 1580 1186 dissereret,
1642 1123 1936 1176 lectoribus

367 1212 696 1281 persuadere
733 1213 924 1274 voluit,
981 1213 1252 1281 duplicem
1281 1211 1410 1264 olim
1442 1211 1716 1266 exstitisse
1748 1209 1934 1262 Histo-

365 1305 460 1356 ria:
492 1302 865 1356 ecclesiastico?
895 1301 1219 1356 Theodoreti
1255 1302 1571 1365 editionem,
1619 1317 1781 1355 unam
1812 1316 1934 1370 qua:

365 1407 471 1444 non
505 1391 610 1444 nisi
643 1407 736 1444 sex
785 1391 1019 1458 priores,
1069 1389 1295 1442 alteram
1350 1404 1478 1442 vero
1526 1404 1647 1457 quae
1693 1388 1934 1457 quinque

365 1483 698 1551 posteriores
729 1481 1010 1549 complexa
1044 1481 1116 1534 sit
1163 1482 1350 1545 libros,
1399 1481 1598 1550 quibus
1637 1479 1929 1535 Historiam

364 1588 538 1644 usque
578 1575 643 1627 atl
673 1573 869 1627 Leonis
907 1573 1253 1641 imperatoris
1298 1581 1539 1641 tempora
1575 1572 1928 1641 suppleverit.

363 1664 471 1719 Sed
523 1665 671 1718 nulla
702 1666 926 1718 omnino
965 1666 1096 1718 lides
1143 1665 1371 1719 debetur
1415 1665 1540 1718 huic
1589 1663 1804 1730 fabula‘,
1842 1664 1930 1720 cui

363 1768 470 1806 non
505 1754 665 1806 modo
696 1752 896 1819 Photii,
931 1753 1246 1822 Niecphori,
1293 1753 1606 1808 Cassiodori
1634 1763 1688 1808 et
1714 1754 1928 1823 Evagrii

361 1845 539 1898 obstat
591 1846 926 1909 auctoritas,
975 1846 1069 1899 sed
1120 1845 1291 1914 ipsius
1342 1860 1560 1914 quoque
1603 1846 1924 1899 Theodoreti
1959 1835 1999 1888 Β

364 1935 540 1989 nostri
574 1935 971 2000 testimonium,
999 1936 1143 2003 quod
1174 1945 1351 1989 exstat
1373 1936 1426 1988 in
1463 1937 1568 1989 line
1600 1936 1720 1988 libri
1755 1936 1927 1988 ultimi

362 2041 458 2082 seu
483 2026 677 2093 quinti.
705 2044 724 2076 ι
761 2026 873 2096 Ego
904 2042 1049 2089 vero,
1083 2027 1278 2095 inquit,
1330 2028 1569 2081 historize
1614 2025 1728 2098 [49.]
1768 2028 1928 2080 linem

364 2116 454 2167 hic
480 2113 707 2180 faciens,
739 2115 970 2170 lectores
999 2131 1150 2185 rogo,
1178 2125 1234 2169 ut
1264 2117 1512 2185 precibus
1537 2119 1652 2171 suis
1688 2118 1924 2171 laborem

365 2213 615 2257 nostrum
670 2215 1043 2274 compensent.
1085 2207 1335 2275 Quinque
1389 2217 1566 2260 autem
1608 2217 1660 2261 et
1710 2215 1922 2261 centum

361 2309 631 2350 annorum
687 2306 902 2366 tempus
957 2299 1071 2351 h'ec
1122 2297 1360 2352 Historia
1410 2299 1809 2368 complectitur,
1859 2300 1927 2353 ab

360 2386 474 2438 Arii
511 2388 730 2439 vesania
779 2388 1068 2456 incipiens.
1114 2397 1167 2441 et
1199 2403 1322 2441 cum
1355 2388 1505 2441 obitu
1538 2388 1696 2442 laude
1735 2388 1930 2456 digno-

364 2491 484 2528 rum
516 2476 756 2529 virorum
787 2476 1058 2532 Theodori
1097 2480 1206 2548 (sc.
1236 2476 1638 2547 Mopsuesteni)
1671 2486 1727 2532 et
1751 2478 1928 2531 Theo-

361 2566 470 2620 doti
511 2568 915 2638 (Antiocheni)
951 2570 1226 2624 desinens.
1276 2588 1294 2620 ι
1345 2567 1412 2622 Ει
1464 2571 1508 2623 si
1561 2570 1646 2624 vel
1696 2569 1929 2624 maxime

363 2659 509 2712 ﬁlum
561 2658 812 2714 Historia:
863 2661 1122 2716 voluisset
1173 2661 1450 2731 prosequi,
1495 2670 1675 2716 tamen
1717 2677 1930 2716 summa

360 2750 461 2803 viri
493 2751 786 2820 prudentia
815 2767 877 2807 ac
911 2753 1194 2817 modestia,
1230 2767 1392 2822 quam
1425 2762 1482 2805 ut
1515 2767 1614 2822 par
1640 2761 1724 2806 est
1753 2753 1930 2807 admi-

358 2843 464 2896 rati
502 2853 633 2896 suut
665 2841 912 2899 Valesius
950 2853 1002 2898 et
1035 2843 1341 2900 Bcausobre
1368 2844 1515 2900 Hist.
1551 2844 1787 2898 Manich.
1815 2854 1852 2899 t.
1885 2847 1926 2910 Ι,

359 2950 412 3002 p.
451 2933 578 2998 226,
636 2951 742 2990 non
795 2937 1156 3005 permisisset,
1208 2943 1268 2991 ut
1315 2946 1560 3006 tempora
1612 2939 1716 2992 ista
1766 2938 1930 2992 attin-

359 3034 526 3094 geret,
564 3025 619 3079 in
665 3042 788 3095 qua:
821 3027 1010 3079 incidit
1043 3026 1308 3080 invidiosa
1336 3026 1671 3082 Nestoriana:
1703 3037 1926 3082 contro-

360 3117 551 3171 versia:
599 3117 847 3172 historia.
900 3117 1223 3188 Magnopere
1267 3119 1412 3173 enim
1459 3130 1705 3186 erraret,
1757 3121 1848 3190 qui
1895 3137 1996 3217 ec

361 3207 598 3271 silentio,
648 3223 758 3276 quo
805 3206 1181 3262 Theodoretus
1229 3207 1352 3263 lites
1386 3208 1519 3263 istas
1553 3223 1800 3278 premere
1831 3225 1928 3265 vo—

359 3296 481 3362 luit,
514 3298 755 3365 inferret,
806 3313 933 3354 eum
965 3310 1089 3354 ante
1123 3299 1316 3369 synodi
1356 3298 1641 3369 Ephesium
1685 3311 1930 3372 tempora

362 3388 433 3442 ad
483 3388 770 3445 Historiam
837 3392 982 3446 hanc
1049 3391 1390 3448 scribendam
1439 3395 1755 3450 accessisse.
1809 3395 1930 3463 Quo

362 3481 544 3536 minus
590 3483 734 3536 enim
780 3483 893 3538 haec
937 3484 1249 3553 conjectura
1278 3500 1336 3539 se
1377 3486 1516 3540 tueri
1547 3487 1752 3555 possit,
1824 3487 1959 3541 im-.

361 3572 587 3642 pediunt
650 3590 769 3643 quae
830 3591 860 3629 a
917 3575 1116 3633 Nostro
1183 3577 1251 3631 de
1289 3577 1532 3647 reliquiis
1565 3577 1738 3633 sancti
1759 3577 1926 3649 Chry-

287 3671 290 3675 '
361 3666 588 3718 sostomi
647 3665 1176 3739 Constantinopolim
1220 3669 1432 3736 delatis,
1491 3679 1546 3724 et
1602 3671 1670 3724 de
1728 3671 1931 3740 pietate

363 3754 659 3811 Theodosii
695 3773 761 3812 ac
792 3773 1042 3813 sororum
1070 3760 1192 3829 ejus
1220 3769 1511 3816 narrantur
1543 3761 1638 3816 lib.
1673 3776 1727 3827 v,
1756 3776 1808 3816 c.
1837 3760 1927 3816 56.

360 3846 479 3902 Iam
504 3891 520 3915 ,
571 3865 696 3904 cum
736 3866 767 3904 e
813 3849 1056 3907 Socratis
1093 3851 1331 3909 Historia
1374 3864 1656 3924 appareat,
1697 3853 1932 3924 Chryso-

360 3942 527 3995 stomi
573 3958 772 4013 corpus
815 3943 1028 3999 decimo
1074 3953 1228 4000 sexto
1267 3945 1556 4001 Theodosii
1603 3947 1927 4013 consulatu,

361 4033 551 4103 sicque
583 4049 708 4089 ann.
735 4035 796 4090 C.
827 4035 952 4098 438,
983 4037 1032 4089 in
1065 4037 1250 4090 urbem
1283 4038 1485 4108 regiam
1515 4038 1751 4093 delatum
1785 4053 1925 4099 esse.

360 4125 586 4178 dubium
625 4139 730 4178 non
773 4134 893 4190 est,
938 4123 1194 4182 Nostrum
1245 4127 1538 4183 Historiam
1575 4145 1730 4185 suam
1767 4129 1928 4199 longo

361 4222 482 4282 post
509 4215 802 4268 concilium
843 4214 1176 4284 Ephesinum
1216 4216 1504 4272 intervallo
1530 4215 1923 4283 composuisse.

360 4304 486 4358 Sola
523 4305 706 4374 itaque
756 4306 858 4360 viri
910 4306 1211 4362 moderatio
1268 4306 1470 4372 ell‘ecit,
1526 4315 1584 4361 ut
1638 4307 1706 4360 de
1739 4306 1926 4362 litibus

357 4396 563 4461 sileret,
596 4396 799 4465 quibus
840 4395 1161 4451 enarrandis
1192 4397 1428 4451 maxime
1457 4396 1686 4451 idoneus
1712 4396 1923 4459 fuisset,

2041 578 2226 632 bratos
2250 591 2390 631 esse.
2439 575 2644 640 Quarto
2676 573 2911 643 denique
2950 572 3209 644 Cyrillum
3247 583 3301 626 et
3349 571 3602 626 Proclum

2039 669 2091 722 in
2149 669 2238 732 iis,
2278 666 2370 737 qui
2417 664 2710 721 Diodorum
2769 664 3091 720 Tarsensem
3146 674 3200 718 et
3261 661 3602 717 Theodorum

2037 758 2475 828 lllopsuestcuum
2529 757 2672 812 velut
2724 757 3008 812 haereticos
3075 757 3289 826 scriptis
3337 755 3606 823 factisque

2037 851 2426 916 traduxissent,
2461 850 2619 903 tacite
2655 866 2798 903 nunc
2822 848 3014 914 refelli,
3049 864 3172 903 cum
3205 861 3433 917 uterque
3460 847 3606 900 velut

2040 938 2160 991 tidei
2207 937 2460 992 defensor
2509 937 2802 991 inducitur.
2847 957 2865 989 ι
2921 937 3073 991 itane
3109 938 3327 1008 ingenio
3375 937 3604 990 abuten-

2035 1026 2161 1079 dum
2194 1035 2314 1080 erat
2344 1067 2357 1090 ,
2407 1034 2483 1091 ut,
2512 1040 2838 1095 quacunque
2885 1025 2998 1079 fieri
3030 1033 3212 1093 posset
3253 1025 3479 1086 ratione,
3514 1039 3606 1078 su-

2037 1128 2221 1186 Specta
2263 1118 2578 1171 redderetur
2635 1117 2735 1172 viri
2781 1117 2909 1171 boui
2956 1115 3274 1187 integritas?
3317 1115 3419 1169 Sed
3475 1114 3603 1183 quid

2037 1207 2243 1259 multa?
2275 1204 2351 1257 Ex
2399 1206 2778 1274 superioribus
2827 1205 2937 1274 jam
2991 1205 3124 1259 satis
3167 1215 3419 1258 constare
3460 1203 3604 1257 arbi-

2038 1310 2267 1356 tramur.
2301 1313 2462 1366 quam
2498 1297 2731 1366 injurius
2775 1299 2829 1350 in
2865 1295 3264 1351 Theodoretum
3299 1296 3370 1350 sit
3398 1295 3603 1349 Garue-

2034 1391 2168 1442 rius.
2205 1387 2363 1442 Plura
2391 1388 2481 1456 qui
2516 1390 2685 1458 cupit,
2721 1389 2862 1458 legat
2891 1387 3127 1458 lttigium
3158 1388 3224 1442 de
3256 1387 3604 1441 Bibliothecis

2033 1492 2084 1533 et
2111 1479 2335 1534 Catenis
2369 1477 2619 1542 Patrum,
2671 1493 2724 1548 p.
2757 1479 2893 1542 729,
2944 1489 2998 1532 et
3031 1477 3274 1546 ejusdem
3323 1475 3602 1530 Praefatio-

2036 1588 2152 1625 nem
2205 1571 2270 1624 ad
2317 1569 2571 1624 Historia:
2619 1571 2988 1624 ecclesiastica!
3054 1570 3236 1624 saeculi
3307 1586 3342 1622 ιι
3394 1569 3598 1638 capita,

2035 1679 2084 1732 p.
2127 1662 2160 1716 8
2193 1678 2306 1732 seq.
2367 1663 2564 1722 Parum
2595 1663 2890 1732 :eq-uiorem
2923 1678 2980 1717 se
3031 1663 3258 1732 praebuit
3302 1661 3600 1717 Garuerius

2033 1749 2248 1803 erudito
2275 1750 2628 1818 Cousiuoqui
2660 1750 2959 1804 Historiam
2983 1751 3397 1804 ecclesiasticam
3429 1750 3606 1805 Theo-

2033 1843 2206 1896 doreti
2256 1844 2308 1895 in
2358 1841 2620 1896 Gallicam
2667 1844 2902 1913 linguam
2940 1845 3240 1910 transtulit,
3294 1861 3391 1899 nec
3423 1846 3603 1899 minus

2032 1935 2244 1990 eximite
2273 1934 2443 1989 laudis
2478 1936 2615 2001 viro,
2649 1935 2814 1989 Henr.
2858 1935 3096 2002 Valesio,
3141 1937 3233 2006 qui
3283 1939 3468 1992 multis
3503 1954 3602 1991 no-

2035 2025 2270 2080 minibus
2300 2025 2367 2079 de
2396 2025 2596 2079 Nostro
2626 2041 2779 2095 aaque
2809 2042 2872 2081 ac
2902 2027 2969 2082 de
2999 2027 3119 2082 aliis
3151 2027 3399 2082 Historiae
3428 2030 3605 2083 eccle~

2032 2117 2262 2170 siasticze
2314 2117 2676 2186 scriptoribus
2735 2103 3070 2187 conjunctim
3123 2119 3320 2184 editis,
3371 2122 3602 2185 meruit,

2038 2208 2194 2272 cujus
2229 2207 2522 2262 novissima
2557 2207 2726 2261 editio
2773 2209 3030 2275 Augustae
3070 2207 3434 2262 Taurinorum
3472 2225 3601 2263 ann.

2035 2296 2191 2357 1748,
2245 2295 2464 2363 prodiit,
2518 2295 2704 2349 multis
2747 2295 3084 2349 eruditorum
3129 2295 3602 2350 ohservationihtts
3661 2367 3666 2372 η

2031 2397 2085 2440 ct
2135 2387 2468 2440 variantibus
2525 2385 2852 2440 lectionibus
2899 2385 3122 2439 editioni
3167 2385 3600 2457 Cantabrigiensi

2033 2479 2181 2534 Guil.
2220 2479 2464 2550 Reading
2504 2481 2764 2549 aspersis,
2799 2481 3144 2550 locupletata.

2099 2568 2382 2624 Breviores
2410 2570 2612 2625 erimus
2631 2571 2684 2624 in
2712 2569 3041 2624 recensenda
3067 2569 3304 2624 Historia
3329 2571 3600 2640 religiosa,

2029 2677 2149 2730 quae
2178 2661 2494 2716 inscribitur
2523 2661 2766 2730 φιλόθεος
2809 2662 3019 2731 ἱστορία
3062 2663 3095 2732 ἢ
3143 2661 3416 2733 ἁσκητικὴ
3448 2663 3602 2715 πολι-

2027 2752 2166 2804 τεία.
2206 2751 2380 2806 Minor
2407 2762 2494 2806 est
2529 2751 2761 2814 utilitas,
2793 2767 2914 2821 qua:
2945 2767 2975 2806 e
3007 2752 3240 2807 lectione
3288 2752 3452 2821 hujus
3478 2752 3600 2805 libri

2028 2845 2344 2912 percipitur,
2379 2855 2565 2914 utpote
2589 2844 2684 2914 qui
2713 2853 2907 2914 prater
2936 2847 3257 2900 Ascetarum
3295 2845 3432 2900 vitas
3463 2845 3596 2898 nihil

2027 2937 2267 2992 continet
2296 2935 2396 3007 (a),
2429 2937 2617 3006 sicque
2649 2938 2903 2993 curiosos
2935 2939 3108 3009 magis
3148 2954 3311 3007 quam
3347 2937 3597 2991 discendi

2029 3030 2256 3102 cupidos
2286 3030 2518 3084 lectores
2563 3030 2758 3098 poscit.
2811 3030 3114 3100 Singularis
3164 3030 3383 3099 quidem
3437 3039 3598 3093 sunt,

2028 3135 2152 3189 quae
2175 3120 2227 3172 in
2262 3121 2363 3174 hoc
2392 3119 2530 3173 libro
2553 3129 2882 3186 narrantur;
2913 3120 3176 3173 nollemus
3198 3128 3374 3172 tamen
3403 3119 3598 3178 dicere,

2033 3225 2264 3266 censura
2307 3210 2444 3266 adeo
2482 3210 2707 3280 dignum
2739 3226 2861 3266 esse
2893 3209 3317 3274 Theodoretum,
3368 3219 3423 3263 ut
3451 3207 3488 3261 F
3495 3208 3598 3261 rid.

2034 3300 2363 3371 Spanhemio
2394 3301 2629 3371 aliisque
2659 3301 2833 3356 visum
2862 3309 2966 3357 est.
3001 3301 3111 3357 Etsi
3142 3301 3286 3356 enim
3332 3301 3471 3354 inter
3501 3315 3601 3357 nos

2034 3394 2193 3449 ﬁdem
2230 3395 2317 3449 vix
2353 3395 2660 3448 invenirent
2689 3394 2852 3463 hujus
2888 3394 3102 3462 generis
3147 3394 3428 3459 homines,
3461 3403 3601 3447 tem-

2029 3501 2222 3557 porum
2264 3495 2442 3540 tamen
2479 3484 2731 3539 habenda
2762 3483 2877 3556 [44]
2909 3495 2993 3539 est
3023 3485 3184 3538 ratio.
3218 3484 3392 3552 Hujus
3419 3483 3600 3551 operis

2030 3586 2239 3646 partem
2270 3577 2562 3646 quamdam
2595 3576 2880 3629 constituit
2909 3575 3094 3630 Oratio
3136 3576 3250 3630 sive
3283 3573 3600 3630 Dissertatio

2028 3667 2094 3722 de
2121 3667 2410 3730 charitate,
2459 3681 2622 3735 quam
2657 3664 2985 3720 Sirmondus
3015 3665 3314 3734 Appendici
3343 3663 3597 3726 inseruit,

2028 3761 2305 3816 l-lervetus
2329 3767 2506 3812 autem
2539 3757 2594 3811 in
2623 3756 2874 3811 versione
2896 3771 2996 3812 sua
3024 3754 3208 3810 Latina
3241 3755 3441 3809 rectius
3471 3753 3602 3807 huic

2027 3852 2168 3906 libro
2197 3849 2500 3918 subjunxit.

2095 3943 2266 3997 Multo
2322 3941 2583 4011 majorem
2635 3940 2924 3994 utilitatem
2967 3939 3124 3994 nobis
3171 3949 3427 4008 praestant
3467 3938 3600 4008 Epi-

2026 4035 2180 4089 stolas
2222 4033 2568 4098 Theodoreti,
2594 4047 2716 4099 qua:
2746 4031 3056 4101 proximum
3084 4031 3224 4085 inter
3257 4029 3428 4100 Opera
3455 4031 3600 4085 illius

2026 4125 2203 4178 locum
2237 4132 2440 4188 tenent,
2495 4136 2666 4191 eoque
2701 4121 2978 4176 chariores
3018 4122 3177 4176 nobis
3215 4137 3336 4176 esse
3369 4123 3593 4187 debent,

2025 4231 2134 4285 quo
2204 4214 2462 4284 majorem
2528 4213 2768 4268 historia:
2832 4214 3112 4282 scriptoris
3183 4214 3354 4268 nostri
3416 4213 3592 4267 lucem

2025 4306 2345 4361 accendunt.
2402 4304 2640 4360 Numero
2680 4313 2810 4359 sunt
2865 4317 3085 4359 centum
3137 4314 3191 4359 et
3236 4305 3592 4375 quadraginta

2028 4407 2267 4469 septem,
2301 4413 2408 4452 una
2451 4405 2632 4450 autem
2680 4411 2802 4465 qua:
2850 4398 3051 4466 scripta
3097 4407 3181 4451 est
3221 4398 3286 4451 ad
3333 4395 3593 4452 Joannem

358 4486 406 4540 si
441 4488 557 4540 sine
586 4489 817 4543 aliorum
849 4488 1148 4543 offensione
1177 4488 1291 4542 ﬁeri
1322 4488 1608 4556 potuisset.
1644 4486 1775 4554 Quae
1799 4502 1924 4542 cum
1956 4505 2001 4562 ι)
2027 4490 2342 4558 episcopum
2369 4487 2748 4554 Gerniauiciaz,
2769 4490 2907 4558 apud
2933 4489 3302 4555 Sirmondum,
3331 4497 3480 4543 tomo
3505 4489 3591 4554 lll,

360 4579 434 4631 ita
469 4578 614 4640 sint,
661 4582 784 4649 quis
815 4596 924 4636 non
954 4580 1124 4646 videt,
1175 4579 1420 4648 iniquum
1455 4578 1638 4633 Nostri
1680 4578 1919 4648 judicem

355 4686 477 4725 esse
511 4669 853 4740 Garuerium,
882 4675 1041 4744 cujus
1074 4675 1191 4730 haec
1219 4685 1346 4730 sunt
1372 4673 1536 4726 verba
1567 4687 1620 4741 p.
1651 4671 1774 4736 l92,
1801 4685 1917 4739 seq.

355 4762 620 4815 Auctarii.
662 4781 680 4813 ι
717 4763 941 4832 Opinor,
977 4768 1236 4835 primum,
1293 4766 1397 4819 hoc
1431 4779 1567 4832 opus
1594 4762 1920 4817 Theodoreti

356 4855 501 4906 aliud
534 4853 669 4906 nihil
695 4870 816 4909 esse
847 4866 1038 4924 pratter
1068 4858 1354 4913 historiam
1400 4855 1615 4909 Arianae
1652 4855 1922 4910 luereseos

354 4944 570 5010 (eadem
614 4943 725 4998 fere
774 4945 905 4999 ibid.
966 4947 1148 5014 p.195
1201 4947 1466 5016 exstant),
1515 4947 1628 5000 sive
1657 4946 1710 4998 in
1742 4947 1920 5014 scipsa

353 5035 470 5087 sive
511 5035 564 5087 in
600 5034 912 5102 propagine.
955 5033 1175 5102 Deinde,
1231 5039 1402 5107 ipsam
1432 5052 1497 5090 eo
1527 5037 1758 5091 consilio
1785 5038 1922 5091 scri-

353 5135 497 5194 ptam
553 5127 745 5191 fuisse,
786 5135 848 5180 ut
896 5127 1311 5183 ostenderentur
1349 5129 1556 5194 fontes,
1605 5145 1670 5183 ex
1722 5129 1921 5198 quibus

353 5216 700 5271 'l'heodoreto
733 5217 1049 5271 viderentur
1081 5218 1183 5270 orti
1209 5233 1444 5283 errores,
1472 5234 1612 5288 quos
1635 5217 1921 5288 aliiugcbat

353 5307 671 5361 Catholicis.
734 5307 939 5373 Tertio,
983 5309 1034 5360 in
1071 5307 1314 5372 Arianis,
1349 5307 1460 5380 [45]
1494 5309 1713 5363 unionis
1751 5309 1920 5378 hypo-

355 5398 561 5452 staticae
593 5397 946 5463 defensores;
984 5399 1036 5451 in
1074 5398 1308 5453 Eusebio
1347 5396 1764 5460 Nieomedicusi.
1815 5398 1918 5470 Cy-

348 5488 570 5558 rillum;
608 5491 661 5544 in
696 5490 994 5544 Athanasio
1023 5499 1188 5558 atque
1215 5490 1376 5544 etiam
1409 5490 1461 5545 in
1499 5491 1910 5562 Chrysostomo.

2028 4583 2390 4648 desideratur,
2437 4599 2560 4639 cum
2608 4584 2786 4638 locum
2835 4594 2989 4638 nacta
3039 4584 3109 4638 sit
3156 4585 3208 4636 in
3261 4585 3589 4652 Appendice,

2028 4684 2066 4729 t.
2114 4673 2204 4740 Ν,
2257 4690 2309 4744 p.
2360 4674 2481 4728 702.
2533 4675 2706 4744 Supra
2744 4677 3068 4745 quingentas
3108 4675 3293 4729 Nostri
3331 4675 3591 4742 epistolas

2026 4767 2154 4836 legit
2214 4766 2342 4819 olim
2397 4764 2762 4836 Nicephorus,
2807 4768 2964 4837 cujus
3016 4767 3118 4821 fide
3166 4766 3212 4820 si
3255 4767 3352 4820 niti
3411 4766 3588 4832 liceat,

2032 4858 2323 4912 dolendum
2365 4860 2589 4914 omnino
2638 4870 2752 4927 est,
2795 4870 2998 4915 tantam
3035 4875 3219 4914 earum
3260 4869 3464 4929 partem
3498 4875 3590 4928 pe-

2025 4951 2206 5004 riisse.
2244 4950 2396 5004 llanc
2421 4951 2692 5020 jacturaui
2732 4953 2912 5022 aliquo
2942 4955 3102 5008 modo
3133 4952 3397 5006 resarcire
3421 4952 3591 5006 voluit

2023 5037 2322 5094 Garuerins
2357 5049 2468 5093 tum
2508 5040 2766 5110 Epistolis
2796 5043 2905 5097 illis
2952 5059 3086 5111 quas
3138 5041 3205 5097 ad
3257 5043 3588 5112 locupletan-

2021 5130 2149 5185 dum
2214 5141 2416 5185 tomum
2484 5135 2701 5189 tertium
2766 5135 3016 5189 editionis
3076 5135 3470 5188 Sirmondiante
3521 5135 3591 5190 ab

2025 5221 2183 5275 initio
2231 5222 2476 5290 Auetarii
2506 5225 2590 5278 sui
2635 5225 2918 5292 exhibuit,
2951 5237 3062 5280 tum
3109 5225 3489 5279 dissertatione
3521 5224 3587 5290 Β,

2023 5313 2220 5367 ibidem
2275 5316 2498 5380 inserta,
2557 5331 2678 5386 qua:
2712 5317 3027 5371 inscribitur
3062 5316 3135 5368 De
3168 5315 3479 5369 Theodoreti
3539 5327 3588 5370 et

2027 5398 2384 5454 Orientalium
2420 5419 2602 5456 causa.
2641 5402 2764 5456 Haec
2794 5414 2905 5456 tota
2953 5403 3286 5467 dissertatio,
3337 5419 3458 5471 quae
3499 5418 3590 5456 ex-

2023 5491 2411 5560 speclationem
2463 5493 2757 5547 multorum
2805 5492 3027 5556 fefellit,
3075 5493 3210 5546 nihil
3255 5501 3450 5563 praeter
3492 5507 3589 5546 va-

419 5687 622 5764 (_u)_[-ix
665 5689 767 5764 hac
820 5698 997 5764 tamen
1050 5691 1276 5764 historia
1326 5690 1476 5760 (cap.
1532 5689 1652 5757 l3),
1706 5701 1761 5747 et
1803 5707 1910 5748 non
1951 5693 2188 5761 aliunde,
2255 5710 2316 5751 ea
2376 5693 2701 5764 paucissima
2735 5692 2997 5749 habemus
3025 5709 3143 5762 qum
3172 5694 3238 5748 de
3269 5691 3448 5760 seipse
3478 5699 3588 5744 tra-

346 5755 478 5812 didit
508 5757 895 5816 Theodorctus.
933 5762 1087 5816 EDIT.
1129 5761 1298 5816 Pun.
