4038 6210
329 372 402 438 61
1000 474 1005 477 _
1703 373 2225 435 DISSERTATIO.
3524 367 3599 433 62

331 491 538 546 rictum
560 487 788 544 Patrum
816 487 1076 558 epistolas
1109 486 1371 549 continet,
1395 486 1628 554 primum
1658 488 1915 563 a‘Clirist.
1948 483 1993 537 A
2020 491 2333 557 episcopum
2382 485 2562 547 dedit,
2616 498 2737 553 qme
2783 483 3060 552 posterior
3112 482 3255 536 haud
3301 481 3600 537 obscurum

333 581 509 652 Lupo,
544 590 737 650 postea
760 596 793 636 a
831 580 1018 650 Steph.
1049 579 1277 634 Baluzio
1315 579 1370 632 in
1415 593 1552 632 nota
1585 578 1920 633 (Iollcctione

331 675 700 731 conciliorum
754 673 858 727 sub
905 673 1126 728 nomine
1172 672 1428 744 Synodici
1480 672 1745 725 adversus
1784 670 1920 722 Tra-

333 766 573 837 goediam
607 766 820 829 lrenaei,
849 764 1043 819 editas.
1075 762 1207 818 lure
1235 772 1417 818 autem
1450 762 1754 824 dubitatur,
1788 777 1918 815 num

334 856 593 928 genuina:
616 855 729 909 sint
762 855 879 908 ista:
899 854 1164 922 epistolae,
1213 867 1353 922 quas
1380 853 1683 908 Garnerius
1711 850 1922 907 Nostro

336 946 621 1000 vindicare
658 944 849 999 voluit.
889 944 1040 997 Adeo
1085 943 1231 997 enim
1267 942 1481 997 fervore
1527 958 1630 997 suo
1663 942 1923 1011 abreptus

336 1048 445 1101 est,
487 1046 545 1091 nt
582 1037 747 1092 etiam
788 1035 894 1089 illis
928 1035 1088 1090 tidem
1129 1033 1369 1098 dederit,
1418 1047 1541 1102 quae
1571 1032 1922 1102 apertissima

338 1128 557 1192 νοθείας
628 1128 825 1182 habent
877 1126 1107 1189 indicia,
1155 1124 1335 1195 qualis
1383 1133 1467 1178 est
1509 1124 1596 1178 illa
1637 1139 1797 1193 quam
1858 1123 1925 1177 de

340 1222 497 1276 obitu
535 1220 722 1290 Cyrilli
766 1218 835 1272 ad
880 1217 1143 1272 Joannem
1187 1217 1585 1271 Antiochenum
1638 1215 1926 1285 scripsisse

342 1314 569 1376 dicitur,
627 1311 696 1364 de
736 1326 843 1381 qua
889 1310 1000 1379 jam
1048 1309 1157 1364 alio
1208 1309 1327 1363 loco
1369 1307 1783 1377 diapntavimus.
1819 1307 1926 1362 Nec

342 1406 535 1460 multis
586 1405 891 1475 urgendum
943 1403 1074 1470 erit,
1126 1404 1271 1471 quod
1316 1401 1429 1472 jam
1484 1417 1546 1456 ex
1591 1399 1823 1455 Leontio
1844 1399 1932 1455 Al-

343 1496 479 1550 latio
588 1496 641 1549 in
692 1495 1071 1565 superioribus
1108 1495 1344 1548 evictum
1397 1492 1685 1554 dedimus,
1728 1491 1930 1545 multas

345 1589 456 1643 sub
487 1586 671 1643 Nostri
711 1588 932 1642 nomine
965 1587 1033 1641 ab
1077 1585 1187 1640 illis
1234 1587 1328 1655 qui
1371 1582 1488 1656 [45]
1528 1582 1762 1638 Nestorii
1803 1597 1929 1652 par-

349 1682 499 1737 tibus
524 1681 724 1737 addicti
760 1690 936 1745 erant,
968 1679 1121 1735 [ictas
1143 1694 1268 1733 esse
1299 1678 1527 1732 litteras.
1564 1676 1777 1743 Quanta
1828 1691 1966 1729 ειη-ι

347 1785 458 1829 tem
547 1772 649 1829 l'uit
709 1772 959 1829 Garnerii
1013 1770 1253 1826 facilitas
1308 1769 1367 1824 in
1421 1768 1770 1823 admittendis
1824 1768 1930 1821 illis

348 1864 620 1935 epistolis,
655 1879 796 1934 quas
836 1864 905 1919 ad
952 1877 1063 1916 rem
1100 1876 1254 1916 suam
1301 1859 1482 1915 facere
1509 1861 1738 1931 putarit,
1781 1869 1930 1913 tanta

348 1958 480 2026 ejus
514 1956 617 2010 l'uit
648 1956 966 2016 morositas,
1020 1955 1065 2009 si
1105 1952 1175 2007 de
1205 1953 1312 2007 illis
1344 1952 1598 2022 agitanda
1633 1961 1749 2005 erat
1781 1967 1931 2020 qua:-

352 2049 488 2112 stio,
528 2064 650 2117 qua:
699 2056 934 2101 mentem
971 2044 1300 2100 Theodoreti
1356 2045 1426 2098 ab
1468 2043 1652 2113 impiis
1699 2041 1931 2097 Nestorii

352 2141 627 2195 dot-trinis
657 2140 892 2194 alienam
921 2146 1212 2194 testantur.
1256 2136 1397 2191 llinc
1431 2150 1528 2203 pro
1555 2136 1788 2205 genuina
1824 2150 1931 2189 non

352 2234 549 2289 habuit
581 2233 879 2302 Epistulam
922 2231 989 2285 ad
1035 2230 1379 2299 Sporacium,
1424 2243 1547 2299 quae
1571 2244 1603 2282 a
1643 2227 1937 2281 Sirmondo

357 2327 416 2380 iu
438 2326 811 2394 Appendicem
840 2330 925 2379 est
948 2322 1138 2389 relata,
1167 2337 1273 2377 non
1298 2322 1427 2391 quia
1453 2320 1697 2390 spuriam
1728 2321 1937 2389 putavit

358 2420 535 2482 illam,
573 2427 633 2472 ut
664 2415 965 2471 Garuerius
1009 2416 1227 2478 asserit,
1260 2413 1355 2468 sed
1391 2413 1520 2482 quia
1553 2421 1933 2481 argumentum

357 2513 507 2567 illius
552 2511 664 2566 fere
706 2509 849 2564 idem
914 2517 998 2564 est
1045 2523 1166 2563 cum
1228 2507 1404 2576 capite
1458 2506 1525 2559 l2
1577 2505 1702 2558 libri
1758 2505 1935 2574 quarti

358 2605 754 2658 [hereticorum
791 2601 1119 2671 fabularum,
1166 2600 1356 2669 sicque
1387 2600 1528 2653 inter
1559 2596 1818 2666 epismlas
1844 2596 1933 2649 vix

361 2697 544 2751 locum
576 2695 823 2749 obtinere
868 2707 1029 2763 posse
1059 2691 1290 2745 videtur.
1337 2689 1489 2755 Quod
1522 2690 1789 2755 reliquum
1834 2694 1938 2752 est,

361 2789 553 2842 varias
605 2786 799 2840 barum
859 2783 1212 2854 epistularum
1284 2780 1486 2835 classes
1544 2778 1946 2832 constituerunt

366 2880 635 2951 Dupinius
663 2886 717 2932 et
741 2874 1066 2940 Garuerius,
1090 2872 1182 2928 sed
1212 2886 1402 2942 parum
1436 2869 1598 2923 certis
1623 2867 1946 2921 fundamen-

367 2977 441 3030 tis
471 2983 645 3028 totum
683 2969 818 3023 illud
871 2967 1159 3021 artilicium
1216 2964 1432 3028 nititur,
1481 2963 1609 3031 quia
1651 2960 1714 3015 de
1762 2958 1945 3013 multis

364 3069 569 3122 harum
597 3066 905 3118 litterarum
949 3074 1055 3113 non
1103 3060 1239 3113 satis
1288 3063 1528 3120 constat,
1577 3069 1687 3123 quo
1731 3053 1948 3120 scripta

365 3161 482 3216 sint
518 3168 783 3226 tempore.

439 3248 769 3321 Dogmatiri,
798 3246 880 3301 vel
909 3243 1184 3315 polemici,
1222 3250 1282 3296 ut
1309 3240 1481 3296 videri
1515 3248 1731 3309 posset,
1780 3252 1945 3306 argu-

368 3345 544 3400 menti
571 3351 657 3398 est
686 3340 1087 3395 Eranistesseu
1110 3332 1517 3406 Polymorphus,
1543 3331 1677 3385 liber
1704 3330 1947 3399 apprime

370 3438 526 3494 utilis
570 3435 638 3491 ad
681 3431 1091 3502 redarguendos
1116 3427 1509 3500 Eutyebianos,
1542 3438 1773 3493 quorum
1799 3434 1948 3476 erro-

369 3531 528 3585 ribus
561 3527 880 3597 Oppositus,
916 3522 986 3577 ab
1027 3522 1352 3591 imperatore
1391 3515 1700 3571 Theodosio
1741 3520 1946 3579 autem,

368 3624 460 3680 vel
501 3623 687 3693 potius
716 3621 786 3674 ab
820 3618 930 3674 illis
959 3630 1195 3687 quorum
1227 3613 1436 3667 artibus
1475 3610 1783 3682 regebatur,
1816 3607 1950 3662 adeo

371 3717 522 3770 male
560 3721 820 3782 exceptus
873 3717 990 3770 est.
1037 3718 1099 3762 ut
1136 3708 1291 3775 jussu
1331 3699 1675 3772 imperatoris
1715 3699 1950 3764 ﬂammis

371 3808 574 3876 dignus
606 3802 921 3857 haberetur.
972 3795 1087 3852 Hoc
1133 3794 1320 3863 iniquo
1358 3791 1470 3846 fato
1510 3805 1619 3845 non
1664 3789 1949 3842 imminuta

374 3896 597 3968 quidem
641 3901 727 3948 est
770 3889 890 3946 libri
922 3887 1195 3959 dignitas;
1242 3893 1462 3946 tamen,
1502 3895 1571 3935 ne
1617 3878 1749 3950 quid
1796 3877 1953 3932 malae

374 4001 522 4044 noue
550 3989 801 4048 haereret,
839 3987 1060 4037 cautum
1090 3986 1177 4032 est
1222 3992 1252 4028 a
1300 3974 1597 4039 Marciano,
1649 3970 1744 4040 qui
1792 3970 1949 4025 istam

377 4079 679 4137 Theodosii
712 4077 1053 4132 sanctionem
1088 4066 1504 4126 rcscindendam
1533 4079 1655 4121 esse
1682 4063 1955 4132 sapienter

381 4173 603 4228 statuit.
636 4169 772 4223 Tres
818 4166 1073 4236 Dialogos
1112 4161 1249 4214 liber
1271 4159 1372 4212 iste
1397 4154 1793 4225 complectitur,
1819 4165 1956 4221 quo-

377 4280 508 4321 rum
541 4260 924 4331 unusquisque
956 4269 1152 4310 nomen
1184 4252 1253 4306 ab
1287 4256 1609 4320 argumento
1634 4255 1827 4299 nactus
1851 4252 1955 4297 est.

376 4361 603 4416 Primus
626 4352 945 4409 inscribitur
966 4350 1288 4417 ’Δτρεπτος,
1306 4338 1582 4396 secundus
1605 4335 1955 4406 ’Λσύγχυτος,

382 4448 582 4503 tertius
619 4441 890 4511 'Amom.
921 4437 977 4490 In
1008 4436 1181 4503 primo
1213 4430 1396 4493 docet,
1417 4424 1811 4481 immutabilem
1841 4438 1961 4478 esse

2023 582 2328 649 suppeditat
2352 578 2612 647 temporis
2641 577 2930 640 indicium,
2961 590 3025 628 ex
3058 590 3169 645 quo
3190 574 3445 643 colligere
3474 590 3600 645 pos-

2022 688 2233 735 Silllllls,
2267 673 2413 726 hunc
2453 670 2654 723 librum
2683 670 2793 738 jam
2827 678 2951 721 ante
2994 667 3264 738 synodum
3300 666 3599 737 λῃστρικὴν

2024 764 2195 818 fuisse
2244 763 2627 832 compositum.
2674 760 2770 815 His
2800 759 3035 829 denique
3064 758 3418 828 adjungimus
3452 758 3597 811 aliud

2025 856 2425 919 testimonium,
2459 852 2607 922 quod
2628 869 2691 907 ex
2712 852 2937 921 cpistola
2962 851 3110 920 (l50)
3151 851 3215 904 ad
3249 848 3596 903 Timotheum

2021 948 2349 1016 episcopum
2370 946 2594 1015 scripta,
2629 945 2882 1015 petimus.
2932 942 3195 997 Miramur
3225 943 3408 1012 itaque
3437 939 3602 994 Bara-

2027 1038 2184 1100 terio,
2207 1038 2468 1108 praecocis
2500 1038 2698 1105 ingenii
2726 1036 2910 1105 juveni
2943 1046 2997 1089 et
3033 1032 3293 1103 temporis
3322 1033 3405 1088 sui
3435 1047 3599 1085 orna-

2027 1142 2229 1195 mento,
2261 1133 2313 1184 in
2346 1141 2581 1184 mentem
2597 1130 2779 1185 venire
2800 1128 3058 1198 potuisse,
3087 1129 3186 1182 hos
3210 1126 3461 1196 Dialogus
3488 1140 3600 1179 non

2027 1222 2368 1276 Theodoreto
2397 1235 2607 1283 nostro,
2625 1223 2714 1275 sed
2748 1220 2976 1274 forsitan
3004 1219 3207 1288 juniori
3230 1218 3395 1286 hujus
3421 1216 3603 1269 nomi-

2026 1316 2113 1370 nis
2134 1314 2387 1382 scriptori
2420 1315 2735 1368 tribueudos
2752 1311 2958 1375 esse,ci
2990 1309 3326 1373 seilicet,cui
3356 1307 3602 1361 nonnulli

2025 1422 2149 1463 cum
2209 1406 2483 1462 Garnerio
2531 1406 2701 1461 libros
2752 1404 2875 1458 illos
2926 1402 3178 1456 llislorize
3222 1400 3604 1454 ecclesiasticae

2027 1499 2330 1558 ascribunt,
2345 1510 2482 1565 quos
2500 1494 2832 1556 Gennadius,
2854 1502 2913 1547 ut
2927 1508 3091 1563 supra
3106 1491 3368 1553 diximus,
3395 1489 3594 1542 Nostro

2029 1592 2238 1661 absque
2266 1589 2381 1643 ullo
2407 1588 2540 1641 satis
2569 1600 2722 1656 gravi
2753 1599 2933 1639 cans:e
2971 1598 3086 1639 suae
3126 1581 3478 1635 fundamento
3511 1578 3607 1632 tri-

2030 1686 2167 1743 buit.
2217 1681 2425 1736 Tamen
2474 1680 2618 1733 hanc
2665 1676 2992 1732 sententiam
3026 1689 3133 1729 non
3165 1683 3226 1727 ut
3269 1669 3605 1741 probabilem

2032 1785 2244 1831 tantum
2296 1772 2582 1844 proposuit
2635 1771 2689 1824 in
2737 1766 3047 1838 Appendice
3090 1765 3157 1819 ad
3199 1762 3608 1818 Anti-Artemo-

2034 1870 2184 1923 nium
2234 1866 2481 1920 Norimb.
2532 1879 2559 1915 a
2617 1862 2779 1923 1753,
2834 1859 3063 1920 editum,
3119 1855 3214 1910 sed
3269 1852 3608 1923 pertinacius

2032 1976 2248 2033 quoque
2279 1968 2468 2013 contra
2511 1954 2812 2023 scriptores
2860 1947 3270 2005 Memoriarum,
3317 1951 3377 1997 ut
3415 1941 3610 1995 dicun-

2036 2067 2147 2119 tur,
2177 2054 2598 2109 Trirultinarum
2620 2045 2913 2101 deiendere
2936 2041 3108 2097 voluit
3123 2035 3380 2108 singulari
3409 2033 3608 2094 libello,

2035 2149 2128 2218 qui
2180 2148 2416 2201 insertus
2457 2150 2543 2197 est
2586 2137 2937 2194 Bibliotheca:
2973 2131 3313 2218 Germanicae
3362 2129 3381 2197 (
3404 2126 3613 2181 Gallico

2037 2215 2316 2299 idiomate,
2346 2244 2405 2288 ut
2432 2243 2621 2287 notum
2653 2226 2902 2296 scriptte)
2927 2224 3036 2277 vol.
3058 2217 3292 2285 XLVIII,
3325 2233 3378 2286 p.
3405 2215 3474 2268 50
3494 2228 3609 2282 seq.

2039 2329 2142 2383 Sed
2175 2343 2237 2383 ea
2272 2326 2371 2379 fuit
2394 2321 2657 2394 juvenilis
2687 2317 2915 2373 audacia
2938 2356 2952 2380 ,
3003 2327 3127 2383 quae
3156 2325 3262 2365 non
3311 2304 3426 2380 μη
3459 2303 3612 2358 omni

2037 2421 2201 2476 laude
2229 2426 2399 2474 eat-rt.
2434 2415 2497 2470 Et
2529 2416 2644 2485 ipsa
2671 2410 2922 2482 juvenis,
2968 2405 3060 2475 qui
3092 2404 3232 2458 ultra
3262 2407 3474 2455 aetatem
3526 2410 3617 2450 sa-

2039 2528 2168 2583 pere
2195 2512 2346 2565 visus
2375 2517 2476 2570 est,
2509 2504 2812 2575 disputatio
2845 2500 3006 2553 habet
3037 2493 3297 2551 nonnulla
3328 2505 3450 2560 qua:
3475 2487 3617 2541 ulte-

2042 2603 2173 2658 riori
2205 2600 2548 2655 discussione
2581 2610 2688 2648 non
2740 2592 2960 2661 indigna
3007 2595 3211 2650 essent,
3256 2598 3318 2637 ea
3364 2594 3494 2634 vero
3522 2577 3617 2631 alii

2044 2694 2162 2746 loco
2188 2699 2241 2744 et
2266 2688 2497 2757 tempori
2525 2686 2639 2752 jam
2672 2691 2833 2738 erunt
2864 2674 3241 2746 relinquenda.
3264 2671 3346 2725 Ad
3378 2670 3620 2738 reliquos

2044 2781 2344 2852 Scriptoris
2376 2778 2548 2833 nostri
2583 2775 2755 2829 libros
2786 2770 3188 2841 progredimur,
3232 2765 3278 2819 si
3311 2761 3499 2832 paucis
3522 2774 3621 2812 an-

2047 2883 2131 2928 tea
2168 2874 2397 2927 lectores
2430 2871 2498 2924 de
2541 2881 2684 2922 novo
2716 2862 2966 2918 Garnerii
3011 2861 3161 2928 lapsu
3213 2854 3617 2910 monuerimus.

2047 2963 2150 3017 Vix
2184 2960 2419 3029 amplius
2451 2958 2747 3027 quidquam
2780 2952 2979 3007 addere
3008 2964 3151 3019 opus
3179 2949 3301 3001 erit.
3337 2944 3618 2998 Latentt-m

2048 3054 2102 3107 in
2134 3052 2303 3106 herba
2333 3063 2565 3117 anguem
2597 3044 2839 3106 videbit,
2882 3041 3137 3112 quisquis
3184 3046 3391 3093 attente
3433 3034 3623 3101 legerit

1969 3166 2012 3222 ε
2043 3159 2105 3200 ea
2143 3157 2264 3213 quae
2310 3145 2728 3210 praecesserunt.
2776 3133 2923 3189 Idem
2971 3132 3121 3202 quod
3173 3142 3331 3183 antea
3359 3127 3470 3195 jam
3516 3124 3620 3178 ali—

2046 3238 2262 3308 quoties
2309 3235 2518 3288 dietum
2567 3239 2653 3285 est
2698 3227 2924 3297 contigit
2966 3221 3256 3285 Garnerio,
3296 3232 3421 3273 cum
3471 3217 3621 3269 hunc

2047 3331 2246 3386 librum
2280 3328 2483 3396 legeret
2509 3341 2524 3390 ;
2565 3324 2618 3377 in
2649 3321 2912 3392 Cyrillum
2942 3317 3086 3370 enim
3117 3312 3302 3368 omnia
3331 3309 3472 3363 dicta
3499 3319 3624 3360 esse

2047 3420 2173 3491 quis
2204 3417 2310 3472 nisi
2338 3394 2440 3471 ille
2467 3409 2834 3468 somniasset?
2867 3419 2926 3460 ut
2955 3405 3112 3459 Iidem
3147 3401 3414 3456 faciamus
3439 3394 3624 3450 verbis

2048 3488 2277 3575 nostris,
2330 3508 2415 3563 vel
2471 3519 2643 3576 pauca
2693 3503 2809 3555 haec
2857 3509 3232 3567 apponemus,
3287 3504 3411 3560 qua!
3464 3488 3623 3541 Auct.

2050 3621 2105 3676 p.
2138 3604 2243 3658 152
2269 3604 2511 3660 exstant,
2540 3604 2596 3651 et
2629 3608 2818 3664 parum
2852 3588 3079 3644 mutatis
3110 3584 3290 3640 verbis
3332 3588 3629 3637 recurrunt

2051 3716 2106 3771 p.
2136 3696 2244 3753 9.40
2276 3714 2290 3752 :
2328 3711 2348 3747 ι
2386 3693 2443 3747 1η
2469 3694 2593 3757 hoc,
2625 3689 2825 3760 inquit,
2855 3698 3042 3756 opere,
3072 3682 3211 3735 mira
3247 3677 3481 3748 quadam
3512 3684 3629 3729 arte

2051 3769 2341 3847 consilium
2370 3783 2687 3840 dissimulat
2717 3799 2731 3833 :
2768 3792 2891 3832 nam
2928 3790 3053 3830 cum
3104 3787 3202 3843 per
3242 3769 3628 3839 dialogismum

2054 3885 2108 3936 in
2142 3878 2561 3949 Apollinaristas
2607 3875 2887 3942 disputare
2933 3884 2995 3923 se
3036 3865 3212 3937 lingit,
3253 3861 3514 3933 Cyrillum
3546 3872 3631 3912 re—

2052 3948 2264 4028 veraiet
2289 3968 2600 4025 Catholicos
2630 3964 2928 4033 impugnat,
2981 3958 3092 4011 imo
3148 3953 3455 4010 doctrinam
3517 3948 3629 4001 Nec

2056 4066 2213 4122 storii
2255 4058 2759 4118 demonstratione,
2810 4061 2871 4108 ut
2917 4052 3035 4121 ipse
3088 4046 3308 4117 quidem
3359 4041 3627 4110 loquitur,

2056 4157 2384 4213 conﬁrmare
2437 4151 2649 4205 nititur.
2714 4146 2923 4200 Laudat
2977 4141 3199 4211 quidem
3256 4134 3516 4207 Cyrillum
3575 4131 3630 4184 in

2060 4249 2284 4316 Dial0go
2306 4242 2567 4304 secundo,
2609 4238 2702 4295 sed
2734 4237 2968 4306 maligna
2998 4233 3155 4286 laude
3182 4270 3198 4293 ,
3234 4239 3354 4284 cast.
3381 4246 3400 4277 ι
3431 4225 3632 4291 Quidni

2062 4342 2177 4394 haec
2228 4344 2504 4407 postrema
2550 4332 2631 4386 sic
2662 4326 2865 4383 imitari
2898 4325 3073 4386 liceat,
3120 4322 3394 4375 invehitur
3423 4317 3634 4370 Carne-

2068 4434 2180 4485 rius
2214 4430 2269 4482 in
2300 4423 2726 4485 Theodoretttm,
2759 4418 2853 4473 sed
2884 4417 3010 4470 odio
3041 4410 3321 4481 maligno?

383 4536 652 4607 unigeniti
697 4503 835 4587 Filii'
857 4526 1233 4586 divinitatem;
1272 4522 1325 4575 iu
1368 4518 1642 4581 secundo,
1688 4530 1793 4569 non
1835 4530 1946 4582 prr-

2134 4517 2480 4585 Multiplicem
2513 4510 2808 4579 Scriptoris
2839 4508 3010 4562 nostri
3033 4503 3342 4560 doctrinam
3369 4507 3637 4554 testantur

383 4633 610 4685 utistam
649 4626 763 4681 sive
805 4618 1147 4676 inconfusam
1198 4613 1365 4667 fuisse
1396 4611 1450 4665 in
1483 4608 1701 4663 Christo
1730 4604 1960 4659 Domino

384 4718 691 4778 divinitatis
718 4727 772 4770 et
803 4709 1160 4768 immanitatis
1200 4707 1493 4769 unionem;
1548 4699 1664 4773 [46]
1700 4701 1755 4751 in
1806 4698 1962 4750 tertio

384 4812 647 4880 denique,
701 4822 729 4860 a
777 4803 1125 4875 passionibns
1170 4798 1397 4853 liberam
1450 4794 1621 4847 fuisse
1663 4789 1974 4846 Salvatoris,

387 4902 569 4959 nostri
630 4900 992 4954 divinitatem.
1045 4891 1142 4946 His
1191 4890 1595 4959 subiunguntur
1634 4881 1964 4945 Ἀποδείξεις

386 4995 481 5049 διὰ
511 4988 925 5059 συλλογισμῶν,
978 4984 1070 5038 ubi
1119 4981 1311 5036 validis
1353 4976 1656 5032 ratiociniis
1690 4976 1969 5042 impugnat

388 5101 634 5143 errores.
667 5089 859 5138 cmitra
891 5092 1034 5147 quos
1062 5078 1115 5129 in
1147 5076 1251 5129 hoc
1293 5074 1434 5127 libro
1462 5070 1722 5139 disputat.
1762 5065 1968 5119 Genui-

391 5196 523 5234 num
580 5179 684 5231 hoc
735 5187 859 5228 esse
909 5166 1234 5224 Theodoreti
1283 5164 1546 5232 scriptum
1594 5147 1684 5213 vix
1733 5155 1969 5211 dubitari

396 5271 615 5340 pOtel'll,
668 5280 795 5319 cum
853 5277 963 5316 non
1023 5258 1182 5314 modo
1231 5255 1484 5318 Photius,
1542 5250 1663 5306 cod.
1711 5249 1802 5306 46.
1852 5247 1970 5316 ejus

394 5358 735 5419 mentiunem'
763 5355 975 5417 fecerit,
1014 5352 1109 5405 sed
1139 5348 1302 5403 etiam
1336 5343 1696 5413 Nicephorus.
1727 5339 1818 5408 qni
1851 5338 1973 5390 loco

294 5492 301 5497 -
392 5456 507 5526 jam
538 5452 828 5522 aliquoties
853 5447 1021 5502 citato
1041 5442 1185 5496 hunc
1214 5439 1410 5491 librum
1438 5433 1659 5489 nomine
1690 5433 1794 5484 isto
1809 5428 1974 5495 Λόγοι

394 5521 545 5621 spei;
594 5521 725 5613 πέρι
781 5538 943 5592 θείων
998 5531 1281 5602 δογμάτων
1324 5521 1741 5591 διαλογιστικῶς
1779 5537 1975 5572 συντα-

395 5612 616 5711 χδέντες
663 5612 998 5702 iudigitavit.
1042 5624 1160 5694 Ipse
1205 5634 1424 5690 quoque
1464 5624 1655 5669 auctor
1687 5612 1832 5663 illius
1864 5626 1976 5662 tne-

395 5732 573 5794 minit,
607 5739 723 5783 tum
759 5728 814 5778 in
848 5720 1072 5791 epistola
1106 5715 1223 5786 (l6)
1255 5713 1321 5766 ad
1354 5713 1615 5765 lrenmum
1640 5706 1976 5773 episcopum,

398 5835 508 5879 tum
541 5793 593 5877 in
644 5821 733 5873 illa
790 5815 910 5885 (85)
962 5824 1121 5880 quam
1164 5806 1230 5860 ad
1272 5804 1589 5857 Dioscorum
1640 5793 1979 5849 Alexandriae

2059 4616 2222 4671 etiam
2283 4608 2665 4665 ereticarum
2732 4585 3066 4671 fabulamur
3103 4595 3228 4648 libri
3273 4603 3525 4663 quatuor,
3580 4590 3633 4643 in

2062 4706 2259 4773 quibus
2307 4702 2539 4754 Intereses
2587 4701 2798 4748 tantum
2833 4705 2939 4743 non
2985 4699 3176 4739 omnes
3214 4690 3478 4740 recenset.
3519 4693 3638 4747 qua:

2041 4798 2187 4855 ,inde
2243 4809 2273 4847 a
2328 4789 2570 4845 Simonis
2629 4783 2763 4854 Magi
2816 4781 3010 4834 diebus
3059 4792 3231 4844 usque
3275 4774 3342 4826 ad
3395 4783 3639 4839 tempora

2064 4884 2297 4939 Nestorii
2347 4890 2399 4934 et
2437 4878 2700 4948 Eutycltis
2766 4875 3164 4927 innotuerant:
3214 4867 3416 4935 quibus
3457 4863 3639 4917 omni-

2067 4980 2169 5032 bus
2221 4973 2482 5044 expositis
2546 4969 2684 5022 libro
2738 4966 2932 5034 quinto
2994 4959 3277 5030 subjunxit
3327 4957 3639 5011 divinorum

2044 5071 2378 5137 adogmatum
2413 5061 2714 5130 Epitomcn.
2752 5067 2810 5108 ut
2838 5052 3169 5113 ostenderet,
3192 5047 3471 5116 quomodo
3501 5045 3644 5096 inter

2069 5175 2128 5214 se
2156 5156 2402 5211 dill‘erant
2442 5152 2530 5202 lux
2560 5158 2613 5200 et
2653 5147 2907 5208 tenebrae,
2954 5158 3076 5211 qua:
3123 5139 3294 5208 ipsius
3324 5144 3453 5190 sunt
3482 5131 3644 5186 verba

2072 5251 2291 5302 ineunte
2333 5242 2470 5295 libro
2521 5239 2734 5292 ultimo.
2782 5235 2880 5289 Hic
2924 5234 3045 5287 sine
3080 5229 3246 5284 dubio
3274 5235 3359 5280 est
3388 5225 3523 5278 liber
3552 5223 3645 5275 ille

2074 5341 2231 5408 cujus
2262 5334 2598 5403 Nicephorus
2627 5331 2730 5385 sub
2760 5328 2980 5382 nomine
3008 5322 3234 5392 ψεύδους
3266 5319 3361 5371 καὶ
3391 5316 3646 5386 ἀληθείας

2072 5432 2358 5494 διάγνωσις
2399 5423 2663 5483 meminit,
2694 5419 2808 5492 [£81
2832 5433 2938 5487 quo
2971 5415 3128 5468 titulo
3156 5413 3317 5466 etiam
3355 5408 3647 5477 insignitur

2078 5521 2216 5588 apud
2246 5517 2598 5571 Possevinum
2630 5515 2829 5579 Appar.
2866 5507 3005 5563 sacri
3040 5515 3171 5558 tom.
3214 5501 3278 5565 ll,
3317 5517 3368 5569 p.
3399 5499 3527 5563 457,
3552 5497 3645 5550 ubi

2080 5612 2221 5664 inter
2270 5609 2436 5662 libros
2484 5623 2514 5659 a
2566 5604 2763 5657 Nostro
2803 5598 3138 5667 cmnpusilos
3190 5599 3651 5647 commemoratur

2062 5705 2339 5777 .voluuzen
2390 5698 2533 5767 quod
2577 5694 2840 5749 .llcndncii
2878 5701 2925 5743 et
2960 5687 3194 5742 raritatis
3242 5685 3523 5736 discrimen
3562 5682 3647 5733 in~

2085 5797 2356 5849 scribitur.
2411 5794 2537 5846 Post
2581 5786 2869 5843 concilium
2910 5782 3357 5837 Citalccdonrnse
3405 5776 3548 5829 hunc
3588 5772 3651 5827 li-
