4038 6210
403 354 475 429 63
717 386 722 395 ·
1018 372 1116 432 DE
1152 374 1329 435 VITA
1368 376 1464 435 ET
1514 374 1857 436 SCRIPTIS
1919 370 2409 436 THEODORETI
2450 379 2947 445 DISSERTATIO
2984 363 3001 389 "
3612 342 3698 440 δι’
3748 376 3754 383 ·

405 479 565 535 brum
604 492 635 532 a
666 475 864 535 ‘Nostro
895 483 1262 552 compositum
1293 501 1417 543 esse
1450 487 1592 541 haud
1622 484 1875 541 obscuris
1907 484 1989 538 in-
2020 487 2067 543 Α
2096 488 2321 542 ctamlos
2368 504 2491 546 esse
2523 493 2759 562 fructus,
2813 499 2916 552 etsl
2971 499 3024 550 in
3086 495 3188 551 hac
3231 494 3340 550 vita
3402 493 3683 549 nonnullis

405 570 564 625 diciis
608 572 792 640 prodit
836 575 1094 644 cpistola,
1119 593 1243 648 qua:
1290 580 1660 648 praemittitur,
1692 579 1758 631 ad
1791 576 1991 647 Spora-

404 655 593 724 cium,
649 659 806 726 rujus
853 662 1086 717 consilio
1129 675 1184 720 et
1228 667 1478 722 instituto
1534 668 1774 723 laborem
1824 666 1989 721 istum

405 750 666 819 suscepit.
699 750 810 805 Hac
835 755 1095 822 temporis
1132 768 1257 811 nota
1285 775 1615 829 magnopere
1638 767 1986 828 premuntur,

405 841 498 907 qui
539 856 661 895 cum
710 841 997 910 Garncrio,
1044 845 1244 915 Caveo,
1291 849 1508 905 Oudino
1549 851 1784 920 aliisque
1828 859 1992 919 caput

404 934 787 989 duoderimum
824 936 945 990 libri
987 941 1167 1008 quarti
1219 943 1560 1013 suppositum
1610 959 1732 999 esse
1777 952 1989 1011 putant,

404 1027 532 1095 quia
564 1027 616 1081 in
662 1028 754 1083 illo
784 1028 1070 1088 Nestorius
1117 1035 1274 1099 atris,
1308 1043 1367 1090 ut
1396 1051 1493 1105 par
1534 1045 1673 1102 erat,
1706 1037 1991 1092 coloribus

403 1117 728 1188 depingitur.
757 1121 947 1189 Specie
991 1125 1210 1193 quidem
1250 1143 1358 1181 non
1391 1143 1578 1183 carere
1621 1130 1873 1184 videntur
1904 1146 1993 1184 ar-

406 1222 680 1278 gumenta,
714 1214 913 1281 quibus
945 1232 1077 1272 usus
1107 1225 1190 1272 est
1224 1217 1542 1283 Garnerius,
1575 1230 1635 1276 ut
1664 1223 1990 1276 sententiam

404 1315 559 1354 suam
592 1313 833 1357 tueretur
859 1347 874 1370 ,
906 1309 1041 1362 satis
1068 1321 1248 1363 autem
1282 1310 1349 1365 ad
1380 1326 1442 1365 ea
1482 1312 1668 1366 omnia
1710 1313 1992 1380 rczpondit

406 1388 674 1459 Dupiuius
733 1393 982 1448 Bibliotlt.
1016 1398 1337 1465 scriptorum
1399 1399 1583 1455 eccles.
1617 1410 1654 1454 t.
1689 1400 1781 1454 111.
1819 1400 1992 1457 Unius

407 1481 679 1539 Theodori
736 1488 971 1552 abbatis,
1028 1504 1095 1542 ne
1148 1489 1215 1544 de
1299 1489 1496 1545 Pbotio
1556 1493 1665 1559 jam
1723 1491 1989 1557 dicamus,

406 1577 800 1644 testimonium,
835 1580 1090 1636 omnibus
1115 1583 1528 1650 exceptionibus
1558 1584 1838 1639 diluendis
1868 1584 1979 1640 suf-

404 1668 567 1724 ﬁciet.
594 1668 718 1725 Haec
740 1673 882 1726 eiiim
900 1662 1043 1728 sunt
1073 1677 1234 1731 verba
1257 1677 1378 1745 ejus
1409 1677 1462 1732 in
1505 1688 1832 1748 argumento
1857 1696 1988 1752 syn-

402 1757 491 1812 odi
514 1758 801 1826 Ephesium
843 1781 856 1816 :
908 1764 971 1817 El
1002 1764 1058 1817 δὲ
1088 1765 1338 1835 βούλεταί
1366 1785 1451 1832 τις
1482 1769 1720 1837 γνῶναι,
1754 1772 1836 1824 ὅτι
1865 1771 1994 1824 Θεο-

400 1849 640 1923 δώρητος
675 1855 769 1909 καὶ
795 1856 915 1909 λίαν
946 1859 1127 1928 ἐμίσει
1174 1861 1492 1934 Νεστόριον,
1525 1864 1744 1935 ἀναγνῴ
1775 1866 1835 1918 τὸ
1863 1865 1994 1937 περὶ

403 1940 511 1994 τῶν
532 1945 795 2013 αἱρέσεων
823 1946 972 2019 αὐτῷ
993 1949 1246 2023 Θεοδωρή
1256 1971 1330 2022 τῳ
1348 1954 1734 2025 γεγραμμένον
1767 1955 1992 2025 βιϐλίον.

403 2032 466 2088 Si
496 2036 611 2104 quis
651 2054 804 2093 nosse
837 2040 980 2103 velit,
1026 2042 1178 2096 valde
1216 2058 1434 2097 exosum
1475 2044 1798 2101 Tlteodoreto
1830 2048 1995 2117 fuisse

406 2123 738 2193 Nestorium,
771 2128 906 2197 legat
936 2129 1131 2183 librum
1170 2131 1247 2185 De
1272 2133 1556 2189 Ittzresibtts
1584 2136 1649 2189 ab
1682 2137 1796 2204 ipso
1830 2137 1995 2191 Tlteo-

401 2215 584 2271 doreto
612 2222 889 2287 scriptum.
914 2219 1056 2275 Num
1079 2222 1147 2277 ad
1176 2223 1344 2278 alium
1376 2241 1543 2294 quam
1573 2226 1737 2292 hunc,
1770 2228 1989 2294 librum,

401 2307 631 2379 ejusque
669 2310 831 2364 aliam
865 2321 1097 2381 partem,
1127 2329 1291 2383 quam
1330 2332 1454 2387 qute
1483 2327 1662 2373 exstat
1690 2319 1726 2373 l.
1762 2335 1834 2384 ιν,
1868 2335 1989 2389 cap.

405 2402 490 2466 1⁸2,
519 2403 632 2457 lucc
664 2404 807 2459 trahi
834 2416 1084 2474 possunt,
1116 2407 1223 2462 nisi
1254 2408 1337 2463 vis
1366 2408 1649 2467 inferenda
1678 2412 1749 2467 sit
1775 2412 1994 2469 verbis?

402 2494 552 2548 Adeo
597 2506 779 2549 autem
834 2497 888 2551 in
944 2498 1060 2567 ipsa
1102 2499 1351 2555 veritatis
1397 2501 1517 2555 luce
1559 2504 1813 2559 caccutire
1840 2505 1992 2561 visus

400 2592 487 2638 est
522 2584 843 2652 Garnerius,
883 2599 944 2643 ut
973 2604 1080 2643 non
1115 2590 1256 2645 bane
1296 2590 1454 2646 modo
1486 2592 1607 2647 libri
1649 2596 1827 2663 quarti
1859 2610 1989 2666 par-

401 2678 625 2732 ticulam
660 2676 859 2733 Nostro
898 2679 1275 2752 denegandam
1311 2697 1455 2750 esse,
1498 2685 1592 2739 sed
1625 2694 1799 2740 totum
1845 2704 1989 2758 quo-

400 2782 509 2837 que
537 2768 604 2823 de
634 2770 933 2826 biero-sibus
985 2772 1184 2828 librum
1235 2773 1490 2831 Nestorio
1534 2776 1751 2843 favere,
1785 2777 1990 2851 Cyrillo

398 2863 582 2911 autem
614 2858 892 2913 adversari
941 2862 1235 2929 putaverit.
1288 2864 1447 2930 Quod
1482 2882 1549 2922 ne
1577 2867 1704 2938 quis
1732 2871 1988 2937 acerbius

395 2963 562 3019 quam
612 2951 792 3005 verius
820 2967 851 3006 a
897 2953 1056 3010 uobis
1085 2955 1293 3011 dictum
1330 2972 1453 3013 esse
1495 2969 1669 3029 putet,
1717 2963 1834 3032 ipsa
1863 2965 1989 3034 ejus

394 3042 562 3097 verba
595 3044 871 3099 ascribere
903 3046 1046 3100 haud
1077 3046 1241 3117 piget.
1272 3048 1386 3121 [49]
1418 3050 1497 3105 Ita
1528 3067 1658 3108 vero
1681 3054 1792 3120 ille,
1821 3055 1982 3113 Auct.

396 3146 451 3198 p.
500 3131 604 3187 145
639 3146 654 3185 :
687 3151 706 3185 ι
746 3132 1131 3200 Laboriosum,
1184 3136 1381 3206 inquit,
1436 3148 1601 3210 atque
1628 3143 1985 3200 artificiosum

394 3220 508 3275 dixi
556 3236 715 3291 opus.
766 3220 1015 3288 Quantus
1054 3226 1202 3280 enim
1252 3227 1404 3282 labor
1451 3233 1738 3298 ponendus
1777 3232 1881 3289 fuit
1927 3236 1981 3290 in

394 3313 706 3369 evolvendis
755 3317 1138 3386 scriptoribus,
1170 3319 1264 3389 qui
1314 3320 1369 3374 in
1417 3322 1570 3378 illum
1618 3340 1793 3395 usque
1837 3327 1981 3385 diem

393 3404 676 3460 catholica:
699 3406 823 3463 fidei
854 3424 1075 3464 causam
1109 3420 1300 3465 contra
1333 3413 1568 3471 haereses
1590 3418 1985 3478 defenderant?

393 3494 489 3549 sed
519 3506 739 3565 quantae
775 3501 908 3558 artis
936 3514 1076 3571 erat,
1103 3523 1381 3581 quamque
1410 3514 1641 3580 callidae,
1679 3517 1753 3572 ita
1774 3517 1841 3572 de
1870 3520 1983 3574 sin-

393 3583 538 3654 gulis
576 3586 836 3657 scribere,
886 3602 945 3648 ut
993 3597 1088 3666 qui
1136 3598 1357 3671 legeret,
1392 3605 1598 3660 sensim
1654 3609 1776 3663 sine
1812 3624 1980 3665 sensu

393 3689 493 3743 per
520 3676 719 3746 seipse
756 3680 956 3738 invidia
987 3691 1374 3749 consensionis
1396 3709 1520 3750 cum
1553 3697 1822 3756 haereticis
1854 3715 1984 3758 one-

388 3777 540 3823 raret
594 3770 758 3827 unius
800 3783 1008 3832 natura;
1057 3778 1214 3837 Verbi
1283 3784 1580 3844 incarnatte
1636 3790 1975 3861 defensores,

392 3862 647 3921 liberaret
686 3867 918 3926 duarum
967 3889 1439 3949 propugnatores;
1478 3885 1529 3941 id
1579 3897 1683 3952 est,
1735 3899 1796 3945 ut
1821 3900 1980 3947 erant

390 3963 660 4026 tempora,
685 3970 781 4016 aut
806 3974 953 4019 certe
970 3966 1155 4035 opinio
1186 3973 1351 4042 vulgi,
1376 3991 1666 4034 accusaret
1683 3980 1973 4052 Cyrillum,

391 4043 698 4145 abem-geret
722 4049 1053 4145 l‘iestorium.
1093 4077 1112 4110 ι
1162 4060 1316 4117 Haud
1355 4065 1642 4124 dissimilia
1673 4043 1824 4138 sunt,
1855 4043 1977 4145 quae

390 4136 563 4205 p.2i5
593 4140 627 4193 Ι.
661 4157 712 4197 c.
745 4143 1022 4214 leguntur,
1054 4166 1176 4220 quae
1205 4161 1387 4211 tamen
1436 4160 1698 4219 recitasse
1721 4136 1978 4222 esti-elu-

389 4236 552 4284 tassc.
588 4231 779 4301 Adeat,
803 4237 894 4292 cui
922 4240 1206 4308 placuerit,
1236 4246 1399 4318 lttigii
1433 4251 1880 4313 Dissertationem
1907 4259 1975 4315 de

386 4321 767 4383 haeresiarchis
811 4334 1123 4400 apostolicae
1157 4340 1355 4406 atatis,
1387 4344 1564 4411 p.15.

457 4412 776 4485 Sequuntur
833 4418 1125 4480 Orationes
1190 4430 1304 4485 sive
1367 4432 1611 4490 Homiliae
1672 4435 1857 4494 decem
1905 4441 1974 4497 de

385 4503 754 4602 lfrovidentia,
789 4511 845 4567 in
876 4515 1079 4584 quibus
1103 4519 1425 4580 exhausisse
1447 4525 1682 4596 videtur,
1705 4531 1968 4602 quidquid
2006 4508 2054 4567 ί)

385 4594 455 4651 de
482 4600 648 4655 nobili
679 4603 784 4659 hoc
810 4618 1135 4676 argumento
1160 4611 1267 4667 dici
1313 4625 1512 4684 potest.
1557 4594 1776 4678 Priores
1803 4594 1972 4694 quin-

385 4703 494 4780 que
520 4696 960 4780 complectuntur
997 4717 1060 4758 ea
1108 4719 1233 4776 qua:
1283 4709 1348 4763 ad
1397 4712 1734 4780 probandam
1784 4716 1973 4774 Provi-

383 4778 625 4835 dentiam
652 4782 889 4841 divinant
921 4789 1169 4861 faciunt;
1225 4796 1339 4852 sive
1375 4778 1563 4853 mundi
1602 4800 1766 4872 hujus
1795 4805 1970 4861 admi-

384 4872 611 4929 rabilem
645 4885 993 4948 structuram,
1041 4888 1155 4944 sive
1182 4891 1431 4961 corporis
1472 4896 1645 4950 nostri
1679 4898 1968 4967 fabricam,

384 4964 501 5020 sive
542 4980 633 5022 res
681 4978 894 5025 creatas
931 4988 1121 5033 omnes
1165 4976 1466 5053 earumque
1506 4987 1967 5057 sapientissimam

382 5057 835 5153 gubernationem
866 5073 1229 5133 spectaveris:
1267 5085 1422 5131 sexta
1462 5087 1517 5133 et
1545 5080 1667 5136 duae
1707 5086 1971 5153 proximae

380 5153 677 5245 versantur
696 5147 751 5202 in
778 5148 1054 5210 diluendis
1078 5157 1502 5232 objectionibus,
1535 5185 1657 5239 quae
1682 5147 1751 5226 ab
1781 5173 1966 5245 iniqua

378 5233 675 5291 multorum
697 5238 983 5297 hominum
1006 5260 1151 5303 sorte
1182 5253 1287 5316 peti
1319 5233 1567 5323 possent.
1598 5260 1729 5318 Duae
1754 5233 1970 5334 postre-

383 5338 489 5380 mte
517 5342 769 5399 magnam
805 5333 871 5388 ad
900 5336 1117 5393 virtutis
1152 5343 1392 5399 studium
1438 5349 1699 5409 incitandi
1728 5333 1837 5411 vim
1870 5356 1969 5414 ba-

385 5418 533 5473 bent.
591 5419 795 5478 Doceut
849 5426 1013 5489 enim.
1070 5429 1433 5493 Providentiae
1487 5442 1684 5501 divinte
1737 5448 1971 5506 illustria

380 5520 493 5561 non
531 5508 670 5567 inter
699 5511 917 5572 Judteos
949 5520 1134 5587 modo,
1166 5524 1262 5579 sed
1313 5525 1457 5583 inter
1500 5545 1697 5591 omnes
1721 5537 1971 5595 homines

377 5605 597 5656 exstare
627 5617 1000 5675 nonumenta,
1053 5612 1386 5688 pietatisque
1434 5624 1739 5682 certissime
1771 5645 1957 5700 exspe-

2095 592 2287 644 parum
2338 581 2487 638 utilis
2539 586 2710 641 videri
2762 596 2964 657 posset.
3020 586 3286 642 Homilias
3321 587 3458 642 istas
3486 586 3682 640 Antio-

2093 669 2229 723 chia:
2267 672 2399 727 olim
2441 690 2473 729 a
2523 676 2722 733 Nostro
2765 696 2886 735 esse
2929 681 3204 742 recitatae,
3254 679 3554 733 multorum
3598 685 3687 732 est

2092 760 2430 832 conjectura,
2486 767 2601 841 [50]
2658 772 2839 841 specie
2894 773 3038 828 haud
3095 788 3309 829 carens.
3348 770 3535 826 Eram
3565 770 3684 825 illa~

2094 867 2214 908 rum
2261 855 2329 909 ad
2363 875 2492 917 ann.
2527 862 2589 918 C.
2644 863 2751 919 435
2786 865 2952 922 refert
3013 865 3279 937 Dupiuius
3381 864 3681 921 Garnerius

2091 956 2272 1003 autem
2304 950 2370 1004 ad
2402 967 2529 1006 ann.
2564 953 2626 1008 C.
2660 956 2765 1011 150
2798 958 2883 1012 vel
2919 957 3046 1013 451.

2165 1061 2311 1116 Idem
2352 1076 2734 1133 argumentum
2788 1069 3173 1126 illustrandum
3225 1072 3328 1126 sibi
3362 1071 3597 1140 sumpsit
3625 1068 3683 1123 in

2093 1151 2502 1222 elegantissimo
2536 1159 2628 1214 illo
2661 1176 2850 1231 opere,
2900 1164 2986 1218 cui
3021 1163 3239 1217 titulum
3276 1162 3425 1227 fecit,
3457 1159 3684 1216 Curatio

2095 1243 2403 1301 Grazcarum
2433 1250 2794 1319 a/fectionum,
2848 1255 3008 1324 cujus
3039 1256 3181 1311 liber
3227 1268 3416 1311 sextus
3462 1255 3576 1326 agit
3615 1252 3686 1309 de

2095 1332 2439 1394 Providentia
2471 1341 2673 1397 divina.
2706 1344 2867 1400 Plura
2899 1356 3081 1401 autem
3126 1348 3181 1402 in
3211 1347 3317 1402 isto
3356 1346 3519 1400 simul
3551 1359 3687 1407 prte-

2093 1428 2266 1484 stitit:
2301 1440 2468 1486 totam
2497 1434 2641 1489 enim
2671 1437 2954 1504 gentilium
2988 1440 3334 1510 religionem,
3371 1454 3467 1493 seu
3500 1438 3683 1508 potius

2093 1522 2561 1589 superstitionem,
2592 1524 2745 1582 libris
2778 1527 3067 1584 duodecim
3100 1532 3170 1584 ita
3211 1530 3427 1594 evertit,
3461 1539 3519 1584 ut
3548 1544 3683 1583 san-

2093 1610 2283 1666 ctioris
2313 1612 2433 1668 fidei
2467 1615 2756 1684 puritatem
2789 1633 2854 1673 ac
2877 1619 3139 1674 honorem
3178 1620 3393 1689 egregie
3422 1617 3684 1674 defende-

2094 1702 2182 1756 rit.
2230 1703 2569 1774 Ingeniosior
2606 1708 2831 1765 forsitan
2871 1726 3035 1782 quam
3084 1712 3263 1766 verior
3306 1719 3389 1766 est
3432 1709 3681 1766 Garnerii

2024 1830 2067 1884 Β
2096 1794 2433 1863 conjectura,
2489 1798 2633 1854 hunc
2700 1801 2900 1856 librum
2942 1818 2972 1857 a
3010 1803 3356 1858 Tlteodoreto
3417 1803 3681 1872 scriptum

2097 1900 2218 1941 eSse
2245 1895 2436 1942 contra
2490 1888 2873 1959 imperatorem
2913 1891 3217 1949 Juliauum.
3274 1893 3545 1963 Quidquid
3579 1908 3681 1948 au-

2099 1983 2208 2030 tem
2235 1976 2326 2043 sit,
2356 1994 2462 2032 non
2495 1979 2657 2046 hujus
2686 1989 2918 2048 tantum,
2948 1984 3041 2038 sed
3074 1984 3317 2038 omnium
3342 1984 3435 2055 qui
3457 1999 3523 2038 eu
3544 1991 3682 2037 tem-

2096 2081 2230 2137 pore
2260 2069 2464 2139 ingenii
2498 2081 2553 2125 et
2599 2074 2839 2131 nominis
2873 2074 3016 2130 fama
3064 2077 3454 2140 inclaruerunt,
3500 2078 3680 2147 genti-

2097 2158 2229 2212 lium
2270 2159 2494 2228 scripta,
2546 2162 2820 2219 indefesso
2856 2166 3099 2220 excussit
3128 2167 3333 2231 studio,
3380 2175 3436 2219 ut
3480 2166 3531 2218 in
3573 2165 3684 2234 pri-

2099 2252 2200 2306 mis
2222 2252 2568 2308 observatum
2590 2266 2673 2310 est
2694 2276 2719 2310 a
2745 2255 3058 2330 Sylburgio,
3089 2261 3177 2314 cui
3215 2259 3679 2315 Graeco-Latinam

2094 2346 2281 2400 eximii
2336 2348 2499 2418 hujus
2552 2352 2735 2420 operis
2786 2353 3084 2408 editionem
3126 2355 3516 2423 Heidelbergze,
3550 2371 3679 2411 ann.

2096 2437 2254 2505 1592,
2317 2440 2370 2493 in
2431 2441 2604 2496 lucem
2669 2445 2961 2511 emissam,
3018 2461 3251 2517 eamque
3294 2446 3683 2518 praestantissi-

2093 2545 2276 2596 mam,
2304 2532 2584 2588 debemus.
2621 2533 2795 2591 Sileut
2842 2538 3062 2607 quidem
3101 2540 3169 2593 de
3205 2539 3305 2594 hoc
3335 2554 3497 2608 opere
3536 2538 3684 2592 Plio-

2094 2624 2203 2677 tius
2241 2632 2296 2679 et
2331 2623 2699 2695 Nicephorus,
2738 2629 2986 2684 meminit
3050 2639 3233 2687 autem
3297 2630 3418 2700 ejus
3458 2630 3683 2685 Tzelzes

2091 2717 2234 2774 Chii.
2304 2734 2381 2782 Ix,
2440 2728 2494 2774 et
2551 2721 2664 2790 ipse
2704 2720 3083 2777 Theodoretus
3130 2724 3182 2776 in
3232 2727 3392 2793 epist.
3449 2723 3573 2786 115,
3614 2722 3682 2777 ad

2090 2806 2327 2864 Leonem
2376 2811 2701 2881 Romanum,
2748 2823 2803 2868 et
2854 2815 2907 2869 in
2952 2829 3014 2869 ea
3049 2813 3219 2884 (116.)
3254 2815 3319 2869 ad
3372 2813 3678 2869 Rcuatum:

2092 2915 2302 2955 necnon
2338 2900 2648 2967 Quaestione
2707 2904 2881 2974 prima
2910 2904 2961 2958 in
3000 2903 3330 2959 Leviticum.
3357 2904 3679 2975 Magnopcre

2090 2990 2275 3060 itaque
2317 2990 2579 3046 falluntur
2611 2993 2834 3049 Rivetus
2863 3002 2916 3049 et
2945 2994 3145 3056 Cocus,
3186 2994 3277 3065 qui
3306 2995 3448 3049 hunc
3477 2995 3677 3047 librum

2091 3082 2233 3136 alius
2273 3083 2557 3154 scriptoris
2588 3102 2707 3142 csse
2743 3097 3026 3157 putarunt.
3060 3087 3141 3142 Ad
3176 3088 3341 3143 istum
3398 3086 3454 3140 in
3487 3086 3680 3156 primis

2016 3167 2061 3223 C
2091 3174 2287 3231 librum
2319 3189 2568 3248 spectant
2606 3181 2715 3235 duo
2761 3181 3177 3252 epigrammata,
3232 3197 3353 3251 quae
3404 3192 3461 3234 ut
3500 3180 3680 3235 minus

2086 3277 2212 3323 nota
2242 3268 2346 3326 hoc
2373 3270 2494 3326 loco
2524 3271 2763 3327 inserere
2787 3272 2855 3327 ab
2878 3273 3129 3327 instituto
3157 3282 3344 3329 nostro
3382 3272 3484 3326 hau
3507 3274 3520 3322 l
3546 3271 3682 3326 alie-

2086 3377 2217 3416 num
2251 3377 2374 3419 esse
2401 3373 2675 3434 putamus.
2703 3362 2819 3438 [5|]
2854 3364 3096 3420 Primum
3127 3380 3194 3422 ex
3224 3366 3414 3421 codice
3444 3366 3677 3436 quodam

2084 3454 2396 3528 Augustano
2456 3457 2789 3529 descriptum
2852 3469 3032 3516 exstat
3102 3462 3247 3531 apud
3319 3461 3676 3516 Posseviuum

2082 3548 2287 3619 Appar.
2332 3548 2476 3605 sacri
2507 3557 2641 3604 tom.
2683 3548 2750 3616 ll,
2783 3565 2837 3621 p.
2870 3551 2998 3617 457,
3031 3562 3084 3606 et
3118 3552 3192 3607 ita
3236 3567 3296 3608 se
3334 3552 3535 3607 habet:

2234 3683 2330 3750 Ὃς
2356 3685 2552 3752 Νεῖλος
2587 3686 2747 3750 ἄλλος
2770 3687 2876 3759 πλη
2885 3688 3118 3759 μμυρῶν
3145 3690 3259 3753 τοῖς
3297 3689 3409 3752 σοῖς
3428 3687 3609 3756 λόγοις

2221 3776 2537 3850 Θεοδὼρητε
2560 3778 2671 3832 τῶν
2714 3779 2949 3849 Ἀχαιῶν
2982 3780 3079 3849 τὴν
3115 3780 3326 3852 πλάνην

2222 3871 2462 3940 Πνιγων,
2492 3874 2593 3944 τῆς
2622 3872 2788 3926 καλὸν
2813 3873 3049 3935 πίστεως
3068 3872 3252 3939 αὔξεις
3289 3875 3513 3946 σπόρον.

2078 4003 2321 4062 Alterum
2350 4006 2547 4078 legitur
2588 4007 2641 4060 in
2689 4007 2877 4062 codice
2907 4008 3143 4078 quodam
3185 4007 3534 4063 Bibliotheca;
3564 4007 3683 4062 Au-t

2079 4109 2250 4170 gusta
2291 4097 2526 4155 Vindob.
2569 4099 2735 4171 (apud
2771 4098 3026 4156 L’ambec.
3059 4101 3156 4155 lib.
3201 4117 3273 4165 tv,
3325 4117 3379 4170 p.
3429 4099 3548 4169 I79)
3581 4100 3676 4167 qui

2079 4205 2109 4244 a
2136 4189 2299 4245 Petro
2328 4188 2570 4244 Patricio
2599 4206 2667 4244 ex
2706 4189 2816 4243 alio
2846 4191 3085 4258 quodam
3141 4198 3455 4260 pervetusto
3485 4190 3676 4243 codice

2076 4280 2407 4350 descriptus,
2453 4286 2508 4335 et
2539 4279 2859 4348 imperatori
2905 4279 3070 4334 Leoni
3116 4280 3222 4334 hoc
3271 4278 3675 4349 Epigrammate

2076 4370 2290 4426 dicatus
2329 4377 2432 4426 est.
2488 4369 2628 4437 Quia
2675 4379 2856 4425 autem
2885 4371 3175 4440 fprolixior
3216 4380 3302 4425 est
3338 4371 3520 4434 locus,
3559 4368 3672 4439 pri-

2083 4477 2202 4517 mos
2261 4470 2471 4516 tantum
2523 4461 2623 4517 bos
2672 4462 2999 4532 apponimus
3055 4463 3292 4533 στίχους,
3324 4463 3417 4532 qui
3460 4460 3528 4515 ad
3564 4458 3671 4514 No-

2081 4565 2254 4609 strum
2288 4562 2539 4625 spectant
2564 4573 2578 4609 :

2285 4711 2398 4764 Καὶ
2421 4710 2583 4765 τοῦτο
2606 4711 2710 4782 τῆς
2738 4712 2838 4781 σῆς
2874 4711 3025 4777 ἄξιον
3063 4712 3455 4783 μουσουργῑας,

2281 4803 2636 4875 Αὑτοκράτορ
2662 4803 2908 4874 μέγιστε,
2940 4803 3163 4873 βιὸλίον,
3198 4801 3355 4858 Δέον.

2284 4896 2443 4965 Φέρει
2465 4897 2574 4969 γὰρ
2604 4896 2753 4951 ἔνδον
2779 4899 2889 4950 τῶν
2917 4898 3047 4969 πρὶν
3089 4896 3380 4968 Ἑλλήνων,
3411 4893 3568 4961 ἄναξ,

2287 4987 2398 5052 Τὰς
2429 4988 2501 5060 (b)
2535 4987 3456 5060 σεμνοκομψοψευδομυθοπλαστίας

2298 5080 2737 5152 Ἀνατραπεισας
2768 5083 2836 5135 ἐκ
2859 5081 3026 5151 σοφοῦ
3063 5082 3387 5135 διδασκάλου

2287 5170 2400 5223 Καὶ
2424 5173 2530 5242 μήν
2555 5189 2617 5240 γε
2648 5173 2934 5242 χρησμοὺς
2966 5171 3202 5227 δεικνύει
3240 5172 3334 5225 τοῦ
3362 5170 3554 5237 Λοξίου

2282 5262 2509 5329 Νόθους,
2544 5264 2825 5335 βεϐήλους,
2859 5266 3155 5333 ἀγκύλους,
3182 5264 3547 5327 λαοπλάνουςο

2298 5356 2390 5421 Ἐξ
2417 5351 2602 5427 ὦνπερ
2621 5356 2670 5411 οἱ
2704 5357 2835 5427 πρὶν
2860 5355 3154 5425 ἑζοφοῦντο
3176 5357 3243 5426 τῇ
3271 5356 3449 5427 πλάνῃ

2296 5449 2726 5519 Ἀποσφαλέντες
2752 5449 2953 5511 πάντες
2985 5448 3199 5510 εὐθείας
3228 5448 3442 5519 τρίϐου.

2298 5541 2510 5605 Ἀπλῶς
2538 5558 2598 5594 τε
2625 5540 2820 5602 κοινῶς
2847 5540 2958 5592 τῶν
2985 5538 3212 5592 ἐκείνων
3235 5540 3519 5609 δογμάτων

2281 5634 2510 5705 Τρανῶς
2538 5634 2753 5705 ἐλέγχει
2774 5632 2932 5687 τοῦτο
2958 5632 3060 5703 τὴν
3096 5632 3496 5702 γλωσσαλγιαν.

448 5770 523 5844 (b)
564 5774 819 5838 Lamhec.
852 5783 905 5839 in
958 5789 1204 5858 margine
1250 5791 1393 5851 hanc
1426 5799 1672 5856 notulam
1713 5805 1948 5877 adjecit:
1996 5808 2249 5868 Notabile
2283 5814 2596 5868 vocabulum
2630 5812 2872 5868 undecim
2913 5812 3261 5883 syllabarum.
