4038 6210
363 325 440 392 ’ίῦ

884 446 949 458 *-

666 592 918 763 ⁵ΤΟ

378 447 1057 489 W

1350 313 1842 379 TIIEODORETI
1884 309 2227 373 EPISCOPI
2261 307 2651 369 CYRENSIS.

1852 436 2105 447 ρο*

924 595 1033 727 Υ
1107 581 1992 727 ΜΑΚΑΡΙΟΥ
2082 576 3303 749 ΘΕΟΔΩΡΗΤΟΥ,

3562 295 3637 363 ’16

3286 433 3544 461 rm

2119 437 2431 445 m

1542 797 2064 856 ΕΠΙΣΚΟΠΟΥ
2122 796 2304 853 ΚΥΡ
2329 795 2459 862 ΟΥ,

823 1091 1027 1204 ΤΑ
1082 1084 1625 1203 ΑΠΟΡΑ
1677 1085 1982 1199 ΤΗΣ

1993 951 2039 989 ιι

2053 1081 2506 1199 ΘΕΙΑΣ
2585 1076 3188 1198 ΓΡΑΦΗΣ

1712 1300 1878 1357 ΚΑΤ⁹
1891 1302 2055 1388 ἘΚΛ
2066 1302 2291 1357 ΟΓἩΝ.

976 1567 1557 1725 ΒΕΑΤΙ
1670 1446 2933 1724 THiEODORETl

1651 1835 1966 1898 EPISCOPI
2006 1834 2372 1905 CYRENSIS,

370 2033 531 2159 IN
590 1960 1006 2159 Loca
1102 2021 1965 2229 DIFFICILIA
2070 2016 3015 2150 SCRIPTURAS
3078 2011 3639 2144 SACIUE

1256 2276 2058 2384 QUIESTIONES
2129 2273 2688 2389 SELECTJE

824 2470 1035 2526 Joanne
1063 2465 1196 2524 Pico
1228 2467 1452 2533 preside
1482 2465 1735 2522 classium
1753 2465 2216 2537 inquisitoriarum
2251 2461 2479 2518 Senatus
2511 2461 2833 2517 Parisiensis
2852 2462 3177 2532 interprete.

922 2695 967 2764 ι
998 2690 1389 2749 PREFATIO.

436 2802 947 2882 Ambiguasdivinaé
966 2802 1263 2878 Scriptura:
1293 2807 1627 2879 quaestiones
1657 2808 1818 2863 etalii
1838 2809 1960 2880 qui-

338 2902 487 2963 ’dem
506 2888 734 2960 studiosi
755 2902 857 2959 viri
877 2902 1192 2958 enodandas
1208 2909 1595 2972 susceperunt,
1622 2901 1750 2956 utin
1771 2901 1855 2956 his
1880 2900 1958 2957 vel

367 3011 587 3054 sensum
620 2994 911 3066 aperirent,
934 2994 1013 3049 vel
1031 3009 1229 3050 causas
1249 2993 1619 3057 ostenderent,
1649 2993 1835 3048 omnia
1864 2992 1960 3049 de-

367 3106 516 3148 mum
562 3089 849 3160 perspicua
894 3086 1220 3154 redderem,
1270 3101 1393 3158 quae
1428 3086 1591 3157 vulgo
1621 3086 1957 3141 abstrusiora

366 3183 701 3239 videremur.
731 3179 813 3238 Tu
838 3195 966 3236 vero
996 3194 1084 3235 me
1112 3195 1222 3250 prae
1238 3179 1468 3249 caeteris,
1490 3178 1723 3233 filiorum
1756 3176 1961 3233 charis-

368 3276 504 3331 sime
534 3273 727 3347 llypati
753 3315 768 3342 ,
800 3283 860 3353 ut
880 3274 987 3331 hoc
1021 3281 1332 3344 praestarem
1360 3285 1686 3343 magnopere
1713 3272 1959 3326 hortatus

368 3382 458 3430 es,
497 3366 631 3423 utile
666 3367 720 3437 2
760 3366 944 3422 multis
968 3365 1072 3421 hoc
1107 3366 1271 3421 etiam
1296 3380 1434 3436 opus
1458 3359 1700 3419 futurum
1735 3364 1959 3419 omnino

368 3456 662 3514 afﬁrmans.
676 3458 1042 3525 Quamobrem
1063 3456 1185 3513 licet
1202 3457 1414 3512 infirma
1435 3471 1609 3515 essem
1627 3456 1956 3525 valetudine,

369 3550 647 3610 laborem‘
674 3551 819 3606 hunc
834 3566 942 3605 non
977 3551 1223 3606 recusavi
1250 3567 1263 3604 :
1296 3549 1440 3605 haud
1481 3549 1611 3605 mihi
1644 3564 1774 3605 sane
1798 3549 1958 3605 conli-

368 3647 536 3711 dens,
578 3643 673 3699 sed
713 3643 789 3697 illi
831 3643 924 3713 qui
971 3642 1088 3699 haec
1120 3643 1193 3697 ita
1244 3641 1516 3697 conscribi
1546 3640 1731 3712 jussit.
1781 3638 1956 3710 Ipsius

369 3734 514 3787 enim
559 3738 684 3798 est,
728 3729 984 3786 latentem
1040 3729 1096 3785 in
1146 3731 1322 3786 littera
1366 3730 1693 3786 sententiam
1732 3730 1957 3785 demon-

370 3831 567 3879 strare.
595 3819 734 3875 Nam
768 3827 823 3875 et
862 3820 916 3875 in
957 3819 1132 3876 sacris
1171 3818 1476 3891 Evangeliis
1526 3834 1620 3889 per
1664 3817 1954 3888 parabolas

369 3912 619 3976 docebat,
653 3918 707 3967 et
741 3926 929 3968 eorum
957 3926 1078 3982 qua
1105 3911 1400 3967 obscurius
1443 3910 1587 3967 dicta
1625 3908 1839 3964 fuerant
1867 3909 1953 3963 in-

371 4006 814 4077 terpretationem
843 4003 1169 4075 proferebat.
1199 4004 1280 4059 Ab
1303 4018 1368 4059 eo
1396 4004 1560 4074 igitur
1582 4002 1952 4074 intelligentiae

1983 2704 2031 2760 Α

2606 2694 2965 2749 ΠΡΟΛΟΓΟΣ
2998 2693 3095 2763 (α).

2133 2808 2245 2861 Καὶ
2288 2806 2441 2862 ἄλλοι
2490 2806 2590 2877 μὲν
2633 2805 2956 2878 φιλομαθεῖς
3007 2804 3199 2877 ἄνδρες
3247 2804 3650 2875 ἐπηγγείλαντο

2059 2901 2306 2957 διαλῦσαι
2332 2900 2433 2971 τῆς
2459 2899 2611 2964 θείας
2650 2901 2874 2973 Γραφῆς
2910 2900 2977 2954 τὰ
3001 2900 3264 2955 δοκοῦντα
3305 2896 3446 2954 εἶναι
3476 2899 3647 2972 ζητή-

2064 3012 2207 3067 ματα
2227 3012 2241 3025 ·
2268 2994 2496 3049 καὶτῶν
2541 2994 2641 3065 μὲν
2676 2992 2981 3060 ἀναπτύξαι
3024 2993 3117 3047 τὸν
3156 2992 3313 3048 νοῦνο
3338 2994 3446 3047 τῶν
3467 2993 3524 3046 δὲ
3547 2994 3649 3058 τὰς

2061 3086 2240 3151 αἰτίας
2267 3085 2506 3157 δηλῶσαι
2527 3100 2541 3115 ⁸
2581 3086 2678 3140 καὶ
2707 3083 3047 3152 ἁπαξαπλῶς
3074 3084 3355 3156 ἀποφῆναι
3394 3082 3540 3154 σαφῆ
3576 3084 3646 3138 τὰ

2058 3184 2173 3246 τοῖς
2205 3181 2423 3245 πολλοῖς
2460 3181 2521 3234 ού
2554 3180 2776 3236 τοιαῦτα
2811 3182 3135 3251 φαινόμενα.
3176 3179 3249 3232 Σὺ
3275 3180 3332 3234 δὲ
3363 3178 3648 3248 διαφερόν-

2061 3293 2192 3343 τως,
2217 3276 2443 3347 φίλτατε
2469 3276 2676 3331 παίδων
2707 3275 2961 3341 Ὑπάτιε,
2988 3274 3148 3328 τοῦτό
3174 3291 3241 3345 με
3269 3274 3477 3346 πρᾶξαι
3499 3290 3647 3344 παρ·-

2062 3368 2310 3440 ὠτρυνας
2326 3385 2339 3398 ·
2366 3367 2584 3432 πολλοῖς
2605 3368 2884 3439 ὠφέλιμον
2910 3365 3132 3421 ἔσεσθαι
3171 3368 3262 3422 καὶ
3290 3368 3409 3420 τόδε
3434 3366 3495 3419 τὸ
3518 3366 3649 3436 σύγ-

2060 3478 2297 3533 γραμμα
2338 3460 2460 3514 λίαν
2515 3461 2958 3532 ἰσχυρισάμενος.
3002 3453 3079 3513 Ob
3117 3458 3180 3531 δὴ
3228 3460 3413 3527 ἕνεκα,
3467 3461 3648 3515 καίτοι

2058 3553 2154 3608 τοῦ
2186 3552 2440 3624 σώματος
2469 3554 2571 3607 οὐκ
2594 3550 2652 3608 εὖ
2697 3571 2785 3625 μοι
2809 3554 3182 3623 διακειμένου,
3222 3554 3374 3607 τόνδε
3398 3554 3649 3625 προειλό-

2062 3661 2172 3714 μην
2214 3644 2305 3697 τὸν
2351 3644 2546 3698 πόνον·
2594 3644 2695 3699 οὐκ
2735 3644 2961 3716 ἐμαυτῷ
3000 3660 3065 3713 γε
3104 3643 3346 3717 θαρρῶν,
3381 3644 3521 3699 ἀλλὰ
3570 3645 3648 3717 τῷ

2057 3734 2213 3793 ταῦθ’
2247 3734 2395 3789 οὕτω
2427 3736 2817 3809 συηραφῆναι
2864 3738 3281 3809 προστεταχότι.
3324 3736 3503 3790 Αὐτοῦ
3538 3737 3648 3809 γάρ

2058 3828 2207 3883 ἐστιν
2247 3828 2513 3896 ἐπιδεῖξαι
2562 3829 2664 3901 τὴν
2715 3831 2774 3884 ὲν
2809 3828 2885 3900 τῷ
2924 3828 3219 3901 γράμματι
3254 3829 3649 3901 κεκρυμμένην

2056 3920 2318 3976 διάνοιαν.
2344 3921 2516 3985 Αὐτὸς
2538 3922 2648 3992 γὰρ
2680 3923 2784 3975 κᾶν
2816 3923 2929 3986 τοῖς
2958 3924 3124 3994 ἱεροῖς
3145 3922 3525 3991 Εὐαγγελίοις,
3551 3916 3646 3977 καὶ

2058 4012 2453 4083 παραϐολικῶς
2490 4011 2590 4085 τὴν
2632 4010 2982 4068 διδασκαλίαν
3018 4015 3330 4087 προσέφερε
3353 4031 3367 4046 ο
3405 4016 3499 4069 καί
3540 4016 3648 4071 τῶν

371 4100 587 4156 rudium
623 4100 953 4171 implorans,
998 4098 1232 4170 Spiritus
1259 4096 1434 4154 sancti
1474 4096 1632 4165 adyta
1667 4107 1957 4168 penetrare

2065 4107 2472 4177 αἰνιγματωδῶς
2518 4107 2825 4179 εἰρημένων
2886 4109 3127 4161 ἐποιεῖτο
3183 4108 3288 4178 τὴν
3326 4109 3647 4179 ἑρμηνείαν.

370 4190 633 4248 conabor.
652 4191 945 4253 Sciendum
969 4201 1149 4246 autem
1173 4200 1253 4246 cst
1278 4200 1405 4247 ante
1430 4191 1639 4254 omnia,
1670 4204 1780 4244 non
1808 4203 1957 4243 cum-

370 4287 496 4343 dcm
542 4285 802 4341 omnibus
848 4282 1159 4355 inquirendi
1201 4297 1427 4354 scopum
1477 4298 1541 4338 ac
1597 4283 1756 4337 linem
1810 4268 1973 4338 esse:

373 4381 510 4436 Sunt
536 4379 683 4435 enim
710 4378 805 4450 qui
837 4377 1005 4449 impie
1038 4376 1415 4443 sciscitantur,
1444 4376 1684 4432 divinam
1718 4375 1957 4447 Scriptu-

373 4489 488 4529 ram
517 4487 665 4528 nunc
694 4480 954 4557 tanquam
990 4484 1102 4526 non
1137 4477 1289 4525 recta
1317 4469 1719 4541 praecipientem
1745 4509 1759 4534 ,
1808 4483 1957 4524 nunc

374 4566 539 4621 veluti
588 4566 864 4623 contraria
912 4565 1197 4621 docentem
1246 4563 1578 4636 redarguere
1624 4562 1952 4618 studcntes:

374 4657 465 4711 alii
499 4672 627 4712 vero
653 4658 895 4714 discendi
935 4657 1118 4713 studio
1148 4663 1406 4728 quaerunt
1428 4696 1443 4722 ,
1479 4664 1535 4710 ct
1577 4654 1821 4710 invenire
1862 4669 1958 4710 cu-

376 4749 532 4821 piunt
559 4748 707 4821 quod
736 4750 1017 4820 queritur.
1062 4747 1175 4807 Nos
1220 4762 1350 4821 ergo
1392 4757 1445 4804 et
1483 4748 1800 4819 blasphema
1838 4747 1959 4803 illo-

377 4864 497 4904 rum
530 4861 626 4902 ora
654 4846 766 4902 Deo
795 4847 1006 4906 favente
1034 4851 1407 4917 obstruemus,
1437 4848 1635 4905 divina
1662 4848 1956 4919 Scriptum

378 4940 721 4997 ostendentes
753 4949 867 4995 tum
905 4952 1296 4999 consonantem
1321 4984 1335 5008 ,
1385 4950 1497 4997 tum
1531 4942 1794 5013 optimam
1833 4958 1957 4999 esse

377 5032 721 5099 doctrinam;
762 5037 819 5085 et
849 5029 987 5097 istis,
1020 5032 1201 5102 quoad
1232 5033 1495 5103 consequi
1527 5031 1731 5098 licebit,
1764 5033 1958 5087 dubia-

378 5140 496 5180 rum
525 5124 889 5195 quasstionum
921 5122 1356 5192 explanationem
1389 5138 1722 5195 promemus.
1747 5123 1957 5179 Princi-

375 5219 523 5288 pium
553 5226 735 5273 autem
769 5216 1035 5273 ducemus
1069 5215 1139 5272 ab
1169 5215 1287 5286 ipso
1326 5217 1627 5275 creationis
1660 5217 1956 5289 principio.

379 5310 502 5368 Hac
527 5312 673 5367 enim
705 5310 968 5369 divinitus
994 5308 1272 5382 inspirata:
1299 5308 1595 5384 Scriptura
1624 5310 1956 5384 principium

380 5414 462 5463 est
503 5415 558 5462 et
589 5407 896 5462 exordium.

450 5612 527 5685 (a)
557 5612 721 5669 Abest
744 5629 772 5668 a
796 5613 982 5669 codice
994 5613 1447 5685 Augustano,qui
1475 5613 1819 5685 inscribitur,
1844 5613 1956 5670 Τοῦ

374 5683 668 5753 μακαρίου
734 5684 1136 5754 Θεοδωρήτουν
1174 5687 1261 5750 είς
1296 5685 1370 5738 τὰ
1406 5683 1603 5753 ἄπορα
1646 5684 1758 5754 τῆς
1792 5688 1958 5752 θείας

379 5755 626 5828 [τροφῆς
648 5760 773 5811 κατ’
800 5757 1086 5827 ἐκλογήν.
1125 5753 1321 5826 Incipit
1355 5754 1440 5810 hic
1468 5756 1661 5820 codex,
1687 5753 1842 5825 Cujus
1862 5773 1958 5811 va-

2065 4196 2205 4268 Παρ⁹
2241 4198 2409 4249 αὑτοῦ
2453 4198 2636 4251 τοίνυν
2668 4197 2769 4267 τῆς
2802 4199 2995 4269 νοερᾶς
3032 4198 3250 4260 ἀκτῖνος
3285 4195 3649 4268 ἀντιϐολήσας

2063 4284 2269 4360 τυχεῖν,
2292 4289 2402 4344 τῶν
2433 4289 2527 4343 τοῦ
2553 4292 2822 4359 παναγίου
2864 4290 3186 4361 Πνεύματος
3224 4290 3436 4346 ἀδύτων
3470 4308 3648 4344 κατα-

2065 4382 2338 4452 τολμῆσαι
2388 4384 2744 4454 πειράσομαι.
2792 4384 2989 4438 Ἰστέον
3038 4383 3096 4438 δὲ
3154 4383 3263 4456 πρὸ
3318 4383 3428 4438 τῶν
3473 4383 3648 4438 ἄλλων

2066 4473 2339 4539 ἁπάντων,
2371 4475 2448 4539 ὼς
2472 4476 2572 4545 οὐχ
2597 4476 2838 4540 ἅπαντες
2862 4476 3155 4547 σύμφωνον
3179 4475 3361 4546 ἔχουσι
3389 4476 3485 4546 τῆς
3513 4477 3646 4546 ἐρω-

2064 4571 2276 4643 τήσεως
2309 4570 2401 4624 τὸν
2434 4572 2657 4627 σκοπόν.
2698 4572 2839 4624 Ἀλλ’
2867 4574 2915 4625 οἱ
2950 4572 3047 4642 μὲν
3073 4569 3350 4634 δυσσεϐῶς
3376 4569 3644 4641 ἐρωτῶσι,

2065 4664 2364 4735 διελέγχειν
2387 4663 2624 4733 οἰόμενοι
2662 4663 2761 4735 τὴν
2786 4663 2937 4719 θείαν
2972 4663 3198 4735 Γραφήν
3224 4679 3236 4692 ·
3278 4659 3376 4715 νῦν
3416 4659 3536 4731 μὲν,
3572 4659 3646 4723 ὡς

2066 4756 2165 4810 οὐκ
2187 4755 2324 4828 ὀρθὰ
2352 4755 2718 4811 παιδεύουσαν
2743 4772 2755 4784 °
2791 4755 2887 4810 νῦν
2909 4755 2987 4820 δὲ,
3021 4756 3096 4821 ὡς
3122 4753 3340 4808 ἐναντία
3364 4751 3646 4806 διδάσκου-

2070 4867 2190 4904 σαν.
2219 4850 2281 4903 Oi
2310 4850 2368 4903 δὲ
2404 4848 2720 4921 φιλομαθῶς
2753 4848 3002 4921 ζητοῦσι,
3041 4849 3137 4901 καὶ
3174 4846 3433 4901 ποθοῦσιν
3470 4846 3649 4916 εὑρεῖν

2067 4943 2129 4996 τὸ
2178 4940 2529 5013 ζητούμενον.
2581 4942 2870 4996 Κάκείνων
2913 4941 3093 4995 τοίνυν
3135 4942 3514 5012 ὲμφρὰξομεν,
3554 4938 3650 4992 σὺν

2064 5032 2184 5105 Θεῴ
2220 5033 2409 5102 φάναι,
2453 5034 2522 5086 τὰ
2558 5032 2857 5104 βλάσφημα
2894 5033 3160 5104 στόματα,
3206 5033 3306 5102 τῆς
3339 5032 3491 5096 θείας
3529 5032 3651 5086 ἐπι-

2061 5126 2373 5191 δεικνύντες
2401 5125 2629 5196 Γραφῆς
2663 5126 2758 5180 καὶ
2786 5127 2883 5196 τὴν
2918 5124 3264 5201 συμφωνίαν,
3295 5125 3388 5180 καὶ
3408 5124 3504 5193 τὴν
3526 5123 3651 5195 ἀρί-

2069 5237 2201 5290 στην
2231 5218 2614 5273 διδασκαλίαν·
2645 5220 2741 5273 καὶ
2787 5218 2996 5282 τούτοις
3041 5218 3116 5282 ὡς
3155 5211 3267 5271 οἷόν
3305 5234 3363 5270 τε
3404 5216 3512 5269 τῶν
3550 5217 3652 5268 ἐπ-

2066 5311 2460 5384 απορουμένων
2505 5312 2603 5382 τὴν
2648 5311 2802 5365 λύσιν
2869 5309 3255 5381 προσοίσομεν.
3322 5307 3523 5381 Ἀρχὴν
3595 5308 3652 5361 δὲ

2065 5405 2272 5459 τούτων
2318 5406 2616 5477 ποιήσομαι
2661 5405 2762 5476 τῆς
2819 5406 3053 5469 κτίσεως
3113 5405 3213 5475 τὴν
3255 5405 3455 5475 ἀρχήν.
3501 5401 3652 5474 Αὕτη

2068 5497 2177 5570 γὰρ
2215 5497 2360 5569 ἀρχὴ
2405 5499 2502 5552 καὶ
2547 5498 2831 5568 προοίμιον
2861 5498 2962 5570 τῆς
2999 5498 3357 5551 θεοπνεύστου
3406 5494 3655 5569 Γραφῆς,

2064 5618 2274 5670 rianles
2313 5615 2577 5671 lectiones
2627 5624 2817 5671 notatu
2874 5616 3155 5686 digniores
3209 5616 3441 5687 margini
3475 5614 3654 5687 subji-

2065 5687 2289 5769 ciendas
2318 5702 2440 5743 esse
2477 5687 2760 5755 duximus,
2795 5704 2825 5742 a
2865 5689 3171 5758 quaestione
3198 5688 3434 5745 secunda
3456 5687 3507 5741 in
3544 5686 3653 5742 Ge-

2065 5772 2246 5813 IIBSID.
