4038 6210
345 334 419 398 Ἷα

1331 315 1821 382 THEODORETI
1875 306 2216 373 EPISCOPI
2264 305 2637 368 CYRENSIS

3553 289 3621 351 80

348 455 362 506 l
392 449 477 504 .lia
511 443 795 507 miracula,
823 441 1116 510 imaginem
1148 439 1301 494 vituli
1336 438 1503 493 Deum
1540 435 1934 492 salutavcrunt.

2050 423 2321 495 θαύματα,
2353 419 2451 492 τὴν
2487 418 2669 473 εἰκόνα
2697 413 2789 469 τοῦ
2817 409 3018 484 μόσχου
3050 407 3183 462 Θεὸν
3204 404 3581 479 ἀνηγόρευσαν
3606 418 3619 430 ·

346 540 503 610 Quod
527 540 574 596 si
610 548 720 595 tam
762 536 918 591 facile
969 534 1073 590 sibi
1120 533 1260 589 Deos
1290 540 1301 553 '
1336 533 1610 586 tinxerunt
1643 543 1673 583 e
1713 528 1927 598 jumen-

357 646 530 689 torum
559 630 901 695 simulacris,
934 628 1065 698 quid
1111 643 1219 681 non
1263 621 1627 697 perpetraturi
1668 619 1929 680 fuissent,

357 724 648 782 invisibilis
701 733 911 777 natura:
956 720 1204 775 notitiam
1255 716 1540 773 assecuti?
1576 713 1814 783 llujusce
1855 708 1933 763 rei

2033 520 2083 571 οἱ
2119 517 2174 571 δὲ
2216 517 2286 569 τὰ
2320 514 2428 569 τῶν
2469 510 2685 584 κτηνῶν
2730 505 3028 576 ίνδάλματα
3067 500 3265 573 ῥαδίως
3300 497 3474 559 οὕτως
3502 495 3621 549 θεο-

2034 611 2384 680 ποιήσαντες,
2411 606 2466 660 τί
2492 605 2594 659 οὐκ
2633 603 2699 657 ἂν
2736 600 2991 671 ἔδρασαν,
3024 596 3073 648 εί
3104 592 3211 647 τῶν
3236 591 3486 661 ἀοράτων
3522 588 3625 658 φύς

2037 679 2179 755 σεων
2203 700 2302 770 τὴν
2332 696 2535 768 γνῶσιν
2571 693 2859 761 ἐδέξαντος
2894 688 3098 742 Τούτου
3124 686 3285 758 χάριν
3330 682 3493 753 μέχρι
3525 679 3627 749 τῆς

354 819 521 887 gratia
544 818 687 873 Deus
705 815 1076 872 universitatis
1102 813 1353 869 conditor
1393 809 1663 865 neminem
1692 813 1933 860 veterum

2050 793 2128 848 τοῦ
2162 790 2417 862 Ἀϐραὰμ
2447 788 2809 857 τελειότητος,
2842 782 3016 837 οὐδενὶ
3051 779 3161 833 τῶν
3201 777 3370 831 πάλαι
3410 772 3626 845 ἀνθρώ-

2201 884 2317 887 “““
2421 881 2452 887 ’“
2594 882 2605 887 ⁵
2689 879 2713 887 ⁵·
2788 876 2829 887 "‘
2962 871 3163 887 ⁸⁵⁸οΛ
3250 864 3626 887 nl,_1_\2‘.

353 912 621 967 allocutus
653 918 736 966 est
773 925 868 981 per
891 909 1144 977 angelum
1168 950 1182 973 ,
1212 922 1385 976 usque
1412 904 1476 958 ad
1509 911 1753 971 tempora
1796 898 1935 951 inte-

351 1003 576 1075 gerrimi
606 1002 857 1056 Abt-alue.
892 1000 1137 1053 Primum
1170 998 1317 1053 enim
1350 1006 1591 1065 tempore
1622 995 1767 1063 Agar
1800 989 1937 1045 divi-

355 1111 459 1151 nus
503 1093 684 1149 Moses
729 1092 977 1148 meminit
1027 1092 1245 1161 angeli,
1301 1088 1467 1157 idque
1511 1084 1818 1157 justissima
1871 1081 1938 1137 de

354 1183 694 1242 causa.Nam
723 1185 868 1255 Agar
892 1193 1077 1256 typum
1110 1181 1328 1253 gerebat
1371 1178 1569 1234 veteris
1599 1173 1932 1240 testamenti,

356 1278 654 1334 secundum
677 1277 923 1332 divinum
940 1274 1292 1346 ApOstolum:
1328 1293 1346 1324 ι
1368 1271 1514 1342 Agar
1537 1270 1706 1334 enim,
1736 1266 1933 1338 inquit,

356 1370 484 1423 Sina
517 1384 675 1424 mons
702 1378 784 1423 est
815 1366 865 1437 5
897 1368 951 1421 in
976 1366 1197 1430 Arabia,
1225 1364 1552 1434 conjunctus
1578 1361 1626 1416 ei
1650 1375 1768 1430 qua:
1798 1372 1941 1413 nunc

357 1472 434 1516 est
454 1458 757 1516 Jerusalem
778 1459 828 1513 δ.
851 1480 868 1512 ι
883 1458 1020 1517 Cum
1036 1455 1204 1528 igitur
1224 1466 1324 1522 per
1345 1452 1565 1522 angelos
1587 1451 1711 1506 data
1740 1450 1808 1506 sit
1832 1449 1939 1516 lex,

363 1570 379 1603 ι
419 1550 689 1620 Disposita
716 1548 858 1602 enim
885 1587 898 1609 ,
944 1547 1055 1610 ait,
1102 1560 1196 1616 per
1231 1544 1449 1613 angelos
1489 1556 1651 1596 manu
1680 1539 1943 1595 Mediato-

357 1644 431 1696 ris
462 1651 484 1678 ο
512 1656 526 1706 ;
557 1649 612 1695 et
647 1639 880 1693 iterum:
922 1656 940 1689 ι
991 1637 1048 1692 Si
1093 1636 1187 1706 qui
1229 1650 1324 1705 per
1368 1631 1591 1704 angelos
1634 1632 1813 1687 dictus
1862 1638 1945 1684 est

355 1741 565 1793 sermo,
612 1724 789 1781 factus
825 1734 910 1779 est
964 1721 1253 1789 lit-musa,
1304 1741 1323 1773 ι
1374 1719 1657 1792 aptissime
1701 1717 1943 1788 profecto

354 1818 504 1874 Deus
544 1819 789 1873 omnium
827 1833 924 1888 per
948 1816 1203 1888 angelum
1226 1810 1303 1871 ἐι
1338 1813 1619 1870 servitutis
1649 1812 1940 1876 meminit,

356 1922 411 1967 et
440 1928 564 1982 quae
584 1911 652 1966 ad
686 1925 918 1982 puerum
946 1908 1348 1980 procreandum
1376 1907 1723 1978 pertinebant
1748 1904 1943 1960 effatus

357 2017 459 2060 est.
484 2003 640 2071 Quod
670 2012 850 2059 autem
897 2011 1148 2056 naturam
1201 2008 1438 2055 creatam
1475 1999 1716 2055 habeant
1765 1997 1943 2070 angeli

359 2112 521 2168 atque
552 2095 863 2168 archangeli
885 2138 901 2161 ,
945 2104 1001 2150 et
1027 2093 1073 2151 si
1097 2094 1226 2165 quid
1255 2094 1398 2149 aliud
1425 2101 1509 2148 est
1538 2093 1942 2163 incorporeum,

360 2198 589 2259 excepta
619 2198 809 2243 sancta
832 2186 1119 2251 Trinitate,
1148 2185 1428 2256 Scriptura
1453 2184 1635 2239 divina
1657 2199 1759 2240 nos
1784 2183 1943 2239 docet

246 2282 262 2299 ‘
360 2288 578 2349 aperte.
606 2278 886 2350 Siquidem
913 2279 1014 2334 hos
1041 2279 1206 2334 etiam
1236 2279 1302 2334 ad
1327 2278 1658 2333 laudandum
1694 2278 1943 2331 hortatur

359 2373 531 2427 David
558 2373 821 2442 propheta
854 2390 867 2426 :
928 2390 946 2424 ι
983 2370 1227 2427 Laudate
1249 2411 1265 2437 ,
1306 2372 1524 2442 inquit,
1573 2386 1721 2436 eum,
1752 2383 1944 2424 omnes

361 2466 537 2537 angeli
585 2469 704 2532 ejus
750 2476 798 2531 θ,
830 2484 850 2518 ι
897 2474 954 2521 et
981 2481 1204 2521 causam
1244 2465 1446 2520 docens
1469 2465 1709 2534 adjecit:
1756 2481 1773 2516 ι
1805 2462 1943 2530 Quia

367 2560 475 2627 ipse
516 2557 682 2621 dixit,
735 2566 790 2612 et
838 2557 978 2613 facta
1005 2566 1154 2625 sunt;
1195 2556 1310 2625 ipse
1357 2556 1652 2622 mandavit,
1691 2565 1742 2611 ct
1791 2572 1948 2612 crea-

364 2650 417 2706 ta
459 2660 586 2707 Sunt
613 2649 634 2691 ί
657 2691 673 2719 ,
702 2670 722 2704 ι
746 2658 803 2735 et
835 2668 1029 2708 rursus
1071 2652 1125 2707 in
1181 2652 1289 2707 alio
1328 2652 1537 2721 psalmo
1573 2670 1587 2707 :
1630 2670 1648 2703 ι
1680 2649 1781 2717 Qui
1823 2650 1951 2706 facit

363 2745 584 2815 angelos
638 2738 770 2802 suos
834 2747 1097 2816 spiritus,
1153 2751 1208 2800 et
1254 2745 1536 2800 ministros
1600 2760 1731 2800 suos
1797 2743 1952 2798 fiatn-

363 2855 506 2893 mam
538 2839 677 2910 ignis
697 2841 743 2894 ⁸.
765 2858 782 2892 ι
820 2839 886 2894 Et
915 2840 1056 2895 beati
1081 2847 1190 2894 tres
1218 2839 1371 2909 pueri
1404 2838 1646 2893 divinum
1682 2838 1945 2910 hymnum

366 2942 607 2990 texentes
656 2932 710 2986 in
759 2931 980 2988 fornace
1007 2972 1023 2999 ,
1053 2940 1172 3003 post
1196 2933 1511 3003 praeclarum
1555 2940 1609 2986 et
1638 2948 1947 3003 congruen-

368 3023 636 3084 tissimum
696 3022 829 3078 illud
879 3023 1160 3078 exordium
1205 3038 1220 3077 :
1279 3041 1298 3074 ι
1350 3023 1659 3078 Benedicite
1700 3063 1714 3086 ,
1769 3022 1951 3077 omnia

365 3130 527 3186 opera
579 3113 812 3178 Domini,
854 3100 1106 3180 Domino,
1138 3134 1157 3167 ι
1194 3129 1318 3168 mox
1378 3113 1625 3168 addunt:
1673 3132 1689 3164 ι
1728 3110 1958 3166 Benedi—

2037 901 2155 939 πων
2194 884 2261 937 δι’
2297 881 2533 952 ἀγγέλου
2584 882 2612 932 6
2646 879 2754 930 τῶν
2785 876 2921 929 ὅλων
2957 871 3204 942 διελέχθη
3249 868 3381 932 Θεός
3404 884 3417 898 °
3448 866 3540 918 ἐπὶ
3570 864 3629 916 δὲ

2036 977 2137 1048 τῆς
2188 977 2370 1047 ’Ἅγαρ
2417 972 2634 1044 πρῶτον
2683 967 2919 1037 ἀγγέλου
2968 964 3188 1036 μνήμην
3251 962 3279 1013 6
3338 956 3629 1019 θεσπέσιος

2038 1070 2331 1141 ἐποιήσατο
2366 1065 2608 1134 Μωῡσῆς
2633 1080 2648 1094 ο
2682 1062 2779 1116 καὶ
2826 1059 2974 1130 μάλα
3011 1058 3234 1118 εἰκότως
3260 1070 3273 1083 ·
3309 1050 3478 1113 τύπος
3519 1049 3627 1118 γὰρ

2039 1164 2073 1233 ή
2106 1163 2288 1232 Ἀγαρ
2321 1161 2419 1230 τῆς
2454 1157 2691 1218 παλαιᾶς
2714 1154 2976 1224 διαθήκης
3004 1149 3146 1204 κατὰ
3176 1147 3267 1200 τὸν
3298 1145 3440 1199 θεῖον
3469 1144 3632 1197 Ἀπᾶ-

2043 1255 2249 1308 στολον.
2292 1271 2311 1303 ι
2343 1250 2415 1303 Τὸ
2450 1248 2560 1319 γὰρ
2597 1248 2800 1317 Ἀγαρ,
2834 1244 2988 1314 φησι,
3020 1241 3155 1294 Σινᾶ
3186 1237 3262 1309 (5)
3307 1236 3437 1307 ὅρος
3479 1233 3631 1286 ἐστὶν

2041 1350 2101 1402 ὲν
2153 1350 2219 1418 τῇ
2258 1345 2506 1417 Ἀραϐίᾳ,
2534 1342 2806 1412 συστοιχεῖ
2842 1340 2899 1392 δὲ
2935 1340 3001 1408 τῇ
3044 1335 3139 1390 νῦν
3170 1328 3552 1404 Ἰερουσαλήμ.
3606 1345 3624 1377 ι

2056 1438 2277 1510 Ἐπειδὴ
2306 1437 2490 1491 τοίνυν
2522 1435 2589 1489 δι’
2621 1435 2869 1504 ἀγγέλων
2897 1432 2924 1484 6
2955 1431 3118 1501 νόμος
3140 1426 3297 1495 ἐδόθη
3318 1436 3333 1451 '
3371 1441 3390 1474 ι
3426 1425 3628 1475 Διατα-

2044 1534 2160 1603 γεὶς
2186 1532 2316 1604 γὰρ,
2351 1528 2508 1601 φησι,
2534 1528 2602 1582 δι’
2628 1526 2881 1596 ἀγγέλων
2910 1527 2967 1578 ὲν
2995 1523 3140 1594 χειρὶ
3179 1519 3402 1591 μεσίτου
3429 1533 3442 1546 ·
3481 1535 3500 1566 ι
3537 1513 3631 1567 καὶ

2045 1626 2229 1690 πάλιν,
2269 1642 2288 1675 ι
2324 1624 2387 1677 Et
2419 1625 2447 1676 6
2479 1622 2548 1675 6t’
2576 1619 2828 1689 ἀγγέλων
2880 1615 3138 1686 λαληθεὶς
3197 1612 3357 1680 λόγος
3411 1610 3633 1677 ἐγένετο

2050 1718 2297 1789 βέϐαιος·
2341 1735 2361 1769 ι
2406 1715 2502 1768 καὶ
2539 1713 2686 1785 μάλα
2725 1710 3053 1782 προσφόροις
3100 1710 3128 1760 6
3171 1705 3283 1758 τῶν
3315 1702 3453 1756 ὅλων
3500 1698 3633 1762 Θεὸς

1980 1790 2019 1844 Β
2048 1808 2114 1862 δι’
2155 1805 2388 1876 ἀγγέλου
2425 1804 2447 1834 ¹
2485 1803 2580 1857 καὶ
2628 1801 2730 1871 τῆς
2775 1798 3022 1877 δουλείας
3076 1795 3377 1866 ἀνέμνησε,
3418 1791 3514 1845 καὶ
3565 1789 3636 1843 τὰ

2051 1897 2181 1970 περὶ
2221 1895 2316 1949 τοῦ
2346 1892 2753 1965 τεχθησομένου
2800 1889 2992 1952 παιδὸς
3041 1886 3474 1958 προηγόρευσεν.
3513 1882 3635 1935 Ὅτι

2047 1988 2106 2043 δὲ
2140 1986 2366 2059 κτιστὴν
2400 1985 2588 2057 ἔχουσι
2632 1982 2795 2053 φύσιν
2842 1980 2936 2035 καὶ
2964 1977 3191 2048 ἄγγελοι
3236 1977 3329 2030 καὶ
3360 1972 3636 2046 ἀρχάγγε-

2050 2080 2153 2146 λοι,
2186 2079 2281 2133 καὶ
2310 2078 2363 2132 et
2383 2095 2435 2132 τι
2457 2076 2646 2144 ἕτερόν
2674 2076 2821 2128 ἐστιν
2843 2071 3159 2141 ἀσώματον,
3181 2068 3324 2140 πλὴν
3349 2067 3450 2137 τῆς
3474 2064 3635 2134 ἁγίας

2056 2171 2311 2246 Τριάδος,
2371 2173 2407 2244 ἡ
2470 2169 2592 2225 θεία
2653 2168 2841 2237 σαφῶς
2903 2165 3054 2236 ἡμᾶς
3115 2162 3361 2217 διδάσκει
3421 2158 3635 2230 Γραφή.

2058 2266 2283 2338 ’Υμνεῖν
2343 2264 2454 2336 γὰρ
2505 2262 2601 2318 καλ⁸
2634 2260 2848 2324 τούτοις
2906 2256 3073 2312 Δαὸὶδ
3118 2252 3558 2327 παρακελεύεται
3604 2250 3637 2305 6

2054 2361 2344 2432 προφήτης
2373 2359 2448 2429 (Δ)
2468 2373 2483 2388 θ
2526 2376 2545 2409 ι
2569 2357 2785 2411 Αἰνεῖτε
2810 2352 2922 2424 γὰρ
2952 2351 3138 2414 αὐτὸν,
3167 2350 3324 2420 φησι,
3362 2345 3563 2408 πάντες
3589 2345 3638 2398 οἱ

2059 2451 2282 2523 ἄγγελοι
2305 2449 2471 2504 αὐτοῦ
2490 2464 2504 2480 °
2535 2449 2736 2503 αίνεῖτε
2768 2445 2929 2499 αὑτὸν
2953 2447 3125 2499 πᾶσαι
3158 2444 3216 2498 αἱ
3249 2441 3512 2511 δυνάμεις
3540 2439 3637 2492 αύ-

2050 2547 2167 2601 τοῦ.
2200 2565 2219 2598 ι
2259 2545 2369 2599 Καὶ
2396 2544 2498 2616 τὴν
2519 2542 2701 2597 αἰτίαν
2729 2541 2996 2595 διδάσκων
3032 2540 3314 2610 ἐπήγαγεν
3339 2536 3448 2608 (5)’
3487 2533 3643 2586 «Ὅτι

2054 2637 2216 2701 αὐτὸς
2251 2633 2393 2704 εἷπε,
2420 2637 2514 2689 κα)⁸
2544 2634 2884 2706 ἐγενήθησαν
2901 2631 3179 2699 (6),αύτὸς
3199 2629 3526 2694 ἐνετείλατο,
3546 2625 3638 2681 καὶ

2054 2729 2410 2798 ἐκτίσθησαν.
2431 2746 2450 2780 ›
2484 2727 2597 2781 Καὶ
2627 2726 2790 2781 πάλιν
2823 2728 2880 2779 ἐν
2901 2724 3075 2796 ἑτέρῳ
3097 2722 3318 2794 ψαλμῷ,
3347 2741 3366 2774 ι
3390 2722 3451 2774 '0
3472 2718 3639 2774 ποιῶν

2054 2822 2181 2886 τοὺς
2224 2820 2493 2890 ἀγγέλους
2544 2819 2712 2874 αὑτοῦ
2765 2816 3075 2888 πνεύματα,
3104 2816 3357 2880 καὶτοὺς
3396 2814 3626 2885 λειτουρ-

2055 2916 2185 2984 γοὺς
2225 2913 2391 2967 αὐτοῦ
2426 2912 2598 2984 πυρὸς
2641 2911 2837 2980 φλόγα.
2882 2929 2899 2962 ι
2944 2910 3054 2963 Καὶ
3089 2911 3139 2964 ot
3182 2911 3332 2981 τρεῖς
3377 2908 3638 2979 μακάριοι

2060 3007 2248 3070 παῖδες
2298 3008 2355 3059 ὲν
2406 3008 2471 3076 τῇ
2525 3005 2749 3075 καμίνῳ
2775 3003 2866 3057 τὸν
2898 3003 3041 3056 θεῖον
3085 3001 3255 3073 ὕμνον
3302 3001 3637 3071 ὑφαίνοντες,

2066 3102 2161 3154 καὶ
2191 3100 2251 3154 τὸ
2280 3098 2612 3168 πανάριστον
2645 3098 2821 3150 ἐκεῖνο
2847 3096 2940 3149 καὶ
2968 3095 3089 3150 λίαν
3128 3096 3385 3168 ἁρμόδιον
3418 3093 3633 3164 είρηκό-

365 3207 492 3272 cite,
539 3205 715 3278 angeli
774 3205 1013 3271 Domini,
1064 3204 1335 3273 Domino,
1407 3220 1597 3261 omnes
1664 3211 1951 3274 potestates

2065 3207 2157 3253 τες
2209 3188 2518 3260 προοίμιον
2557 3208 2577 3240 ‹
2606 3188 2892 3255 Εύλογεῖτε
2931 3186 3109 3241 πάντα
3158 3187 3227 3241 τὰ
3262 3187 3398 3257 ἔργα
3435 3185 3636 3262 Κυρίου

368 3297 625 3366 Domini,
679 3295 961 3352 Domino:
1024 3297 1351 3353 benedicite.
1411 3297 1517 3353 Sed
1558 3296 1626 3352 de
1678 3297 1763 3353 his
1799 3297 1981 3367 plura.

365 3390 514 3461 loqui
546 3406 1014 3463 supervacaneum
1052 3390 1311 3446 existimo
1333 3431 1347 3454 ,
1390 3405 1516 3446 cum
1560 3390 1723 3459 hujus
1756 3390 1957 3444 doctri-

368 3503 450 3540 nae
512 3488 670 3557 plena
725 3485 796 3542 sit
847 3484 1112 3543 divinitus
1164 3484 1433 3555 inspirata
1495 3483 1777 3555 Scriptura
1834 3484 1956 3538 uni-

369 3593 548 3634 versa.

972 3768 1255 3829 INTERR.
1302 3768 1388 3825 111.

374 3885 758 3941 Pra'cedunme
843 3881 1014 3952 angeli
1059 3887 1375 3940 creationem
1416 3885 1534 3940 caeli
1581 3893 1630 3939 et
1679 3894 1852 3955 terra,
1886 3902 1957 3940 an

785 3971 892 4010 una
926 3972 1046 4010 cum
1073 3959 1147 4010 eis
1178 3958 1342 4012 creati
1376 3958 1543 4011 sunt?

444 4045 764 4116 Superﬂuas
794 4047 1041 4117 equidem
1072 4047 1387 4117 hujusmodi
1418 4049 1749 4118 quaestiones
1768 4049 1959 4104 existi-

372 4134 538 4188 mavi.
578 4134 635 4205 6
669 4132 807 4188 Nam
857 4134 985 4204 quid
1042 4135 1254 4203 juvabit
1294 4152 1456 4192 nosse
1503 4137 1724 4201 quando
1751 4137 1957 4192 conditi

375 4228 487 4283 sint
542 4226 769 4298 angeli?
808 4224 943 4280 Novi
985 4227 1185 4291 etiam,
1217 4230 1361 4298 quod
1407 4228 1625 4285 divinus
1668 4228 1959 4300 Apostolus

376 4322 655 4392 praecipiat
703 4321 1027 4377 admirando
1052 4322 1361 4385 Timotheo,
1395 4342 1412 4375 ι
1461 4324 1786 4379 denuntiare
1830 4323 1957 4393 qui-

375 4415 628 4479 husdam,
660 4429 728 4469 ne
755 4413 914 4468 aliter
943 4414 1176 4469 doceant
1201 4452 1216 4479 ,
1244 4429 1422 4485 neque
1448 4413 1725 4468 intendant
1760 4412 1958 4468 fabulis

372 4521 425 4561 et
456 4506 785 4579 genealogiis
825 4506 1193 4562 interminatis
1215 4507 1271 4561 ιι.
1307 4526 1325 4559 ι
1358 4505 1545 4561 Dicam
1582 4512 1784 4573 tamen,
1809 4505 1955 4575 quod

373 4601 573 4655 divinae
603 4599 901 4671 Scriptura:
936 4600 1188 4656 instituto
1223 4611 1654 4655 consentaneum
1696 4598 1954 4653 arbitror.

2063 3282 2154 3334 τὸν
2184 3281 2410 3352 Κύριον,
2454 3300 2471 3332 ι
2503 3281 2681 3345 Εὐθὺς
2709 3283 3012 3353 ὲπήγαγσν,
3052 3299 3071 3331 ι
3100 3280 3388 3349 Εύλογεῖτε
3419 3277 3637 3347 ἄγγελοι

2058 3374 2267 3445 Κυρίου
2300 3374 2391 3427 τὸν
2426 3377 2632 3446 Κύριον
2658 3377 2700 3442 ³,
2740 3376 2914 3430 πᾶσαι
2944 3375 2999 3427 αί
3030 3373 3290 3443 δυνάμεις
3321 3373 3528 3443 Κυρίου
3549 3370 3640 3424 τὸν

2059 3467 2286 3540 Κύριον.
2327 3488 2346 3521 ι
2397 3467 2560 3522 Ἀλλά
2604 3468 2714 3539 γὰρ
2748 3467 3023 3538 παρέλκον
3069 3466 3224 3538 οἶμαι
3266 3467 3395 3538 περὶ
3435 3465 3637 3518 τούτων

2063 3563 2440 3632 μακρηγορεῖν
2456 3578 2469 3592 ·
2503 3562 2652 3615 πᾶσα
2677 3561 2784 3634 γὰρ
2808 3560 2829 3592 ⁸
2862 3562 2895 3632 ή
2923 3555 3279 3623 θεόπνευστος
3301 3559 3340 3611 Γ
3347 3557 3495 3631 ραφὴ
3515 3557 3630 3626 τῆς·

2060 3651 2118 3705 δε
2149 3652 2248 3719 τῆς
2281 3651 2632 3717 διδασκαλίας
2661 3651 2966 3717 ἀνάπλεως.

2695 3766 2887 3820 ΕΡΩΤ.
2925 3765 3001 3820 Γ’.

2059 3881 2569 3952 Προῢπάρχουσιν
2597 3880 2858 3949 οὐρανοῦ
2892 3874 2992 3952 καὶ
3013 3879 3127 3950 γῆς
3164 3878 3427 3949 ἄγγελοι,
3455 3878 3492 3946 ἢ
3522 3877 3637 3931 σὺν

2521 3953 2729 4018 αὐτοῖς
2760 3952 2839 4023 (7)
2880 3951 3181 4021 ἐγένοντο.

2132 4045 2404 4117 Περιττάς
2435 4045 2531 4115 μὲν
2565 4043 2676 4114 ἐγὼ
2705 4045 2805 4108 τὰς
2836 4044 3100 4108 τοιαύτας
3130 4042 3387 4115 ζητήσεις
3421 4041 3643 4110 ὑπείλη-

2064 4154 2159 4207 φα.
2196 4137 2293 4200 Τίς
2337 4138 2446 4209 γὰρ
2488 4137 2677 4208 δνησις
2722 4136 3160 4208 προσγενήσεται
3216 4137 3331 4198 τοῖς
3376 4135 3644 4202 ἐγνωκόσι

2061 4229 2155 4285 τὸν
2192 4231 2289 4300 τῆς
2318 4229 2426 4283 τῶν
2467 4229 2715 4299 ἀγγέλων
2756 4228 3120 4299 δημιουργίας
3155 4226 3384 4298 καιρόν;
3425 4223 3555 4279 Οἶδα
3587 4226 3639 4278 δὲ

2065 4323 2270 4377 καὶτὸν
2295 4322 2441 4375 θεῖον
2471 4322 2795 4376 Ἀπόστολον
2814 4320 2892 4393 τῷ
2915 4320 3203 4392 θαυμασίῳ
3224 4320 3477 4390 Τιμοθέῳ
3502 4336 3635 4389 παρα

2064 4413 2368 4483 εγγυῶντα·
2401 4433 2419 4465 ι
2444 4414 2819 4484 Παραγγεῖλαί
2851 4415 2871 4447 ⁸
2906 4413 3049 4485 (8-9)
3077 4430 3208 4480 τισι,
3244 4412 3319 4483 μὴ
3340 4412 3630 4483 ἑτεροδιδα-

2067 4506 2306 4572 σκαλεῖν,
2329 4505 2464 4577 μηδὲ
2484 4506 2773 4578 προσέχειν
2795 4506 2984 4577 μύθοις
3002 4505 3097 4560 καὶ
3121 4504 3491 4574 γενεαλογίαις
3508 4505 3638 4556 ἀπε-

2070 4598 2302 4669 ράντοις.
2344 4616 2362 4649 ι
2409 4596 2549 4668 Ἑρῶ
2572 4597 2629 4651 δὲ
2658 4598 2808 4668 ὅμως
2839 4598 2977 4669 ὅπερ
3013 4595 3331 4666 συμϐαίνειν
3368 4594 3637 4664 ὑπείληφα

374 4691 909 4763 lncircumscriptam
933 4693 1105 4749 solam
1132 4707 1257 4748 esse
1281 4690 1522 4746 divinam
1548 4701 1800 4746 naturam
1820 4690 1951 4746 didi-

2067 4688 2144 4760 τῷ
2199 4689 2385 4765 σκοπῷ
2424 4689 2524 4759 τῆς
2556 4688 2707 4753 θείας
2741 4689 2988 4759 Γραφῆς.
3032 4685 3436 4759 Ἀπερίγραφον
3471 4684 3641 4756 μόνην

448 4866 670 4923 bGalat.
706 4882 782 4930 tv,
845 4868 940 4924 25.
1016 4868 1246 4926 cGalat.
1303 4884 1387 4934 ιιι,
1440 4870 1526 4927 l9.
1601 4867 1628 4909 δ
1659 4866 1825 4924 ilebr.
1885 4884 1948 4925 ιι.
2003 4865 2058 4920 2.
2140 4877 2163 4906 ε
2210 4865 2357 4922 Psal.
2405 4879 2641 4932 cxcvm,
2673 4864 2739 4936 ,2.
2824 4861 3011 4919 ‘ibid.
3187 4861 3383 4917 8Psal.
3425 4860 3638 4929 cm,4.

374 4942 403 4983 ιι
445 4940 462 4993 l
501 4938 805 5004 Tim.t,3,
844 4939 897 4993 4.

1241 5088 1478 5149 ἾΑΒΙᾸΞ
1522 5083 1908 5144 LECTIONES
1947 5081 2038 5138 EX
2077 5082 2357 5137 CATENA
2398 5081 2754 5139 LIPSIENSI.

461 5205 483 5235 ³
517 5203 639 5259 Cat.
665 5219 718 5277 p.
750 5203 806 5258 2.
848 5202 917 5258 δι’
949 5201 1219 5272 ἀγγέλων.
1310 5203 1331 5235 ³
1360 5203 1520 5266 εὐθὺς
1550 5231 1619 5243 -—
1642 5201 1733 5256 τὸν
1763 5197 1969 5269 Κύριον
2001 5196 2118 5251 des.

379 5274 526 5342 γελε.

2214 5194 2237 5225 ⁵
2272 5194 2549 5266 παρέλκον
2579 5195 2821 5249 -πᾶσα
2849 5196 2979 5267 γάρ.
3056 5197 3076 5228 ⁵
3113 5194 3233 5252 Cat.
3267 5211 3322 5267 p.
3350 5196 3385 5251 5
3433 5196 3645 5269 παράγ-

1896 5383 2133 5442 NOTAE.

454 5508 531 5577 (ὃ)
560 5507 707 5563 Σινᾶ
731 5507 886 5563 abest
912 5521 941 5561 a
976 5506 1113 5563 Cod.
1143 5506 1369 5577 August.

454 5579 529 5648 (4)
558 5578 772 5647 ὑμνεῖν
790 5608 861 5619 --
887 5578 1223 5647 προφήτης.
1253 5579 1475 5634 Desunt.

451 5652 527 5717 (ὅ)
560 5650 657 5703 καὶ
686 5649 801 5716 τὴν
833 5649 1262 5719 -ιέπήγαγεη
1302 5648 1424 5705 Des.

455 5722 529 5795 t6)
563 5720 668 5772 Kal
703 5720 1104 5795 ἐγενήθησαν.
1126 5719 1273 5795 _ll;ec
1316 5722 1476 5775 tinem
1528 5721 1693 5793 hujus
1725 5738 1951 5795 respon-

381 5792 553 5847 sionis
582 5793 925 5846 constituunt
954 5796 1004 5845 in
1039 5792 1225 5847 codice
1261 5806 1470 5861 nosu'o,
1502 5803 1556 5850 et
1608 5792 1667 5849 in
1715 5792 1948 5851 editione

2064 5503 2427 5645 [ffﬁltiptiquaz
2473 5519 2606 5561 cura
2639 5503 2869 5563 Joannis
2904 5505 3017 5562 Pici
3073 5506 3253 5564 Paris.
3304 5522 3357 5564 a.
3395 5509 3554 5574 1558.
3583 5510 3640 5577 ι,

2133 5645 2209 5715 (7)
2250 5644 2386 5715 Cod.
2419 5643 2664 5708 τούτους.

2126 5714 2263 5787 (8-9)
2303 5714 2436 5772 Cod.
2466 5714 2831 5795 παρᾴγγελλε.
