4038 6210
405 337 474 400 87

403 545 527 600 Tria
554 545 697 600 enim
720 552 1054 600 concurrant
1087 543 1154 598 ad
1201 544 1299 614 ιι
1331 545 1580 600 umbram
1617 562 1841 603 necesse
1862 557 1981 603 est:

403 636 609 702 lumen,
646 651 865 706 corpus,
894 644 942 690 et
973 636 1128 692 locus
1173 635 1294 692 luce
1325 651 1537 693 carens.
1587 636 1847 693 Tenebrae
1883 643 1988 694 ita-

400 744 528 798 que,
569 744 691 799 quaa
725 737 853 784 sunt
889 728 944 782 in
979 727 1202 792 mundo,
1239 744 1344 782 una
1388 744 1512 784 cum
1550 730 1738 784 umbra
1782 745 1975 802 corpo-

400 821 477 876 ris
513 821 754 880 caelestis
803 820 1150 877 exstiterunt.

963 959 1241 1014 INTER“.
1285 959 1398 1014 νη.

436 1069 498 1128 Si
530 1072 673 1128 Deus
721 1071 898 1126 lumen
940 1073 1164 1136 creavit,
1215 1072 1473 1142 quomodo
1519 1070 1755 1126 tenebras
1808 1071 1947 1126 idem

651 1143 798 1212 fecit,
830 1159 950 1196 cum
979 1144 1088 1197 haec
1111 1141 1327 1195 inuitem
1367 1141 1736 1196 adversentur?

476 1316 618 1374 Sunt
655 1317 872 1390 quidem
903 1317 1051 1373 inter
1092 1332 1151 1373 se
1181 1317 1477 1381 contraria,
1512 1317 1607 1374 sed
1658 1319 1977 1375 hominibus

401 1409 566 1464 ambo
615 1409 944 1465 necessaria.
981 1409 1098 1464 Lux
1131 1409 1274 1464 enim
1315 1409 1597 1465 hominum
1635 1412 1892 1482 operibus
1931 1423 1986 1466 et

401 1500 686 1556 laboribus
730 1499 960 1566 confert,
999 1510 1052 1557 et
1094 1517 1357 1572 apparere
1409 1501 1538 1558 facit
1577 1520 1640 1558 ea
1690 1520 1812 1574 quae
1850 1498 1983 1558 con-

401 1594 726 1664 spiciuntur,
759 1602 815 1648 et
847 1595 1003 1664 quasi
1043 1606 1314 1665 praeparat
1353 1611 1476 1660 nos,
1510 1605 1571 1650 ut
1611 1596 1986 1652 collaudemus

400 1685 596 1742 horum
648 1696 952 1743 auctorem.
987 1686 1252 1743 Tenebrae
1282 1703 1410 1743 vero
1449 1690 1735 1759 quiescere
1776 1689 1984 1744 faciunt

395 1786 449 1834 et
480 1788 745 1834 renovant
783 1778 1083 1844 hominem,
1115 1779 1300 1834 soluta
1337 1780 1681 1846 lassitudine,
1712 1798 1876 1851 quam
1910 1798 1977 1837 ex
2016 1815 2055 1870 Β

394 1871 582 1928 labore
615 1872 906 1928 contraxit.
937 1870 1198 1926 Similiter
1223 1872 1476 1928 homines
1509 1873 1731 1928 domum
1752 1883 1978 1945 cogunt,

395 1964 584 2020 bestiis
632 1978 763 2018 vero
814 1963 1057 2033 prabent
1106 1963 1453 2020 securitatem
1509 1965 1713 2032 pabuli.
1769 1965 1833 2021 Et
1881 1966 1985 2023 hoc

395 2066 582 2126 aperte
606 2069 707 2110 nos
732 2055 889 2110 docet
911 2055 1130 2110 divinus
1164 2053 1332 2110 David
1365 2072 1378 2110 :
1427 2073 1446 2108 ι
1482 2055 1746 2121 Posuisti,
1783 2057 1980 2126 inquit,

394 2148 669 2210 tenebras,
700 2153 771 2210 tet
817 2146 957 2202 facta
998 2155 1082 2202 est
1125 2161 1254 2201 nox.
1298 2145 1355 2202 In
1405 2146 1518 2218 ipsa
1575 2148 1985 2218 pertransibunt

395 2249 586 2292 omnes
623 2238 810 2293 bestiae
837 2238 951 2310 agri
978 2257 993 2294 :
1040 2239 1208 2294 catuli
1237 2238 1456 2294 leouum
1489 2240 1763 2312 rugientes
1804 2249 1865 2296 ut
1895 2256 1984 2295 ra-

395 2330 567 2400 piant,
597 2340 649 2385 et
679 2339 927 2402 quaerant
967 2346 997 2386 a
1052 2331 1164 2385 Deo
1207 2345 1387 2386 escam
1436 2332 1564 2387 sibi.
1620 2331 1856 2388 Exortus
1893 2340 1977 2387 est

394 2421 497 2488 sol,
531 2432 584 2478 et
613 2421 924 2493 congregati
958 2429 1106 2489 sunt,
1155 2431 1210 2477 et
1253 2423 1309 2477 iu
1339 2423 1614 2479 cubilibus
1661 2424 1778 2479 suis
1809 2423 1980 2479 collo-

394 2513 686 2570 cabuntur.
733 2513 918 2568 Exibit
965 2513 1132 2568 homo
1157 2513 1223 2568 ad
1261 2529 1399 2584 opus
1438 2529 1618 2578 suum,
1648 2525 1704 2570 et
1735 2515 1802 2569 ad
1837 2529 1972 2584 ope-

395 2607 662 2662 rationem
705 2621 859 2662 suam
901 2621 1076 2676 usque
1109 2607 1175 2660 ad
1219 2621 1501 2676 vesperam
1529 2608 1570 2660 l.
1611 2626 1628 2658 ι
1673 2605 1740 2661 Ει
1777 2607 1859 2682 his
1905 2606 1978 2662 ita

392 2699 557 2755 dictis
621 2699 926 2754 admiratur
1001 2698 1461 2770 magnificentiam
1520 2699 1819 2766 Creatoris,
1891 2701 1979 2755 in-

395 2791 588 2862 quiens
613 2808 626 2845 :
653 2809 673 2843 ι
694 2792 866 2859 Quam
886 2793 1227 2863 magniﬁcata
1250 2801 1377 2849 sunt
1395 2807 1560 2864 opera
1579 2802 1690 2857 tua,
1719 2793 1942 2850 Domine
1963 2795 1976 2848 l

393 2880 587 2938 Omnia
646 2883 699 2937 iu
768 2883 1036 2954 sapientia
1089 2883 1334 2940 fecisti“.
1375 2903 1393 2937 ι
1464 2884 1767 2941 Didicimus
1813 2886 1980 2955 igitur

394 2984 578 3044 aperte
639 2975 892 3032 tenebras
975 2991 1098 3032 esse
1169 2979 1535 3032 necessarias.
1582 2977 1740 3044 Quod
1797 2987 1976 3032 autem

394 3083 503 3124 non
542 3067 652 3123 sint
681 3068 1004 3132 substantia,
1055 3068 1151 3124 sed
1186 3083 1274 3124 res
1303 3068 1552 3139 quazdam
1603 3070 1976 3134 accidentalis,

1399 337 1890 398 THEODORETI
1946 337 2286 398 EPISCOPI
2340 334 2710 398 CYRENSIS

402 453 752 509 tenebrosum
804 451 1018 518 reddat,
1087 461 1372 507 externum
1427 453 1607 510 lumen
1663 455 1980 512 excludcns.

2087 453 2286 518 ἔξωθεν
2333 453 2509 525 αὐγὴν
2553 451 2842 522 διακόψας.
2891 449 3031 522 Τρία
3080 447 3190 520 γάρ
3225 448 3307 501 δεῖ
3349 445 3679 516 συνδραμεῖν

3599 329 3669 392 S8

2086 546 2180 600 ἐπὶ
2208 547 2308 617 τῆς
2339 548 2517 611 σκιᾶς,
2545 545 2610 599 τὸ
2636 545 2777 615 φῶς,
2796 544 2860 598 τὸ
2888 543 3073 614 σῶμα,
3103 541 3195 595 τὸν
3221 540 3452 610 ἀλαμπῆ
3483 539 3669 592 τόπον.

2085 637 2160 691 Τδ
2205 638 2390 691 τοίνυν
2425 639 2722 707 ἐγκόσμιον
2766 637 2956 701 σκότος
2999 637 3066 707 τῇ
3113 635 3244 706 σκιᾷ⁴
3287 632 3381 687 τοῦ
3417 632 3670 703 οὐρανίου

2092 730 2344 803 σώματος
2381 731 2602 802 παρυπέ
2611 746 2732 800 στη.

2723 940 2921 995 ΕΡΩΤ.
2963 941 3035 994 Z'.

2085 1059 2152 1113 El
2181 1057 2245 1110 τὸ
2277 1055 2403 1124 φῶς
2423 1058 2456 1109 ό
2483 1056 2628 1120 Θεὸς
2646 1053 3100 1124 ἐδημιούργησε,
3125 1051 3250 1124 πῶς
3268 1051 3451 1118 αὐτὸς
3469 1049 3583 1124 (27)
3604 1029 3670 1124 τέ

2163 1121 2388 1192 σκότος(
2427 1125 2717 1193 ἐποίησεν
2735 1121 2764 1187 ξ
2811 1121 3057 1178 ἐναντία
3099 1123 3209 1194 γὰρ
3247 1124 3435 1178 ταῦτα
3478 1121 3667 1188 ἀλλή-

2159 1201 2312 1264 λοις.

2169 1312 2419 1369 Ἐναντία
2451 1312 2548 1384 μὲν
2571 1311 2844 1383 ἀλλήλοις,
2869 1309 2987 1363 ἀλλ’
3012 1310 3285 1378 ἀναγκαῖα
3313 1312 3428 1374 τοῖς
3452 1305 3668 1382 ἀνθρώ-

2087 1423 2209 1470 ποις
2239 1404 2542 1476 ἀμφότερα.
2591 1403 2664 1455 Τὸ
2696 1402 2794 1471 μέν
2834 1402 2942 1471 γὰρ
2986 1400 3122 1471 πρὸς
3166 1401 3432 1472 ἐργασίαν
3467 1418 3527 1454 τε
3576 1401 3666 1455 καὶ

2087 1492 2405 1563 φιλοπονίαν
2431 1492 2686 1561 συνεργεῖ
2709 1492 2820 1552 τοῖς
2837 1488 3168 1561 ἀνθρώποις,
3197 1491 3292 1542 καὶ
3316 1489 3670 1544 ὑποδείκνυσι

2087 1581 2155 1634 τά
2184 1580 2458 1653 ὁρώμενα,
2491 1581 2587 1632 καὶ
2607 1579 2698 1631 τὸν
2735 1577 2942 1631 τούτων
2969 1579 3202 1650 ποιητὴν
3237 1578 3527 1648 ὑμνεῖσθαι
3562 1597 3666 1633 πα-

2089 1672 2440 1746 ρασκευάζει.
2472 1670 2545 1724 Τὸ
2573 1670 2630 1723 δὲ
2674 1669 2928 1724 διαπαύει
2969 1670 3083 1740 (28)
3126 1672 3222 1724 καὶ
3255 1675 3507 1744 νεουργεῖ
3545 1674 3668 1735 τοὺς

2087 1765 2406 1837 ἀνθρώπους
2433 1805 2448 1828 ,
2485 1764 2578 1816 καὶ
2617 1762 2708 1817 τὸν
2758 1765 2822 1816 ἐκ
2868 1763 2968 1832 τῆς
3002 1763 3266 1834 ἐργασίας
3316 1765 3669 1834 ἐγγινόμενον

2092 1857 2300 1912 διαλύει
2332 1858 2514 1912 πόνον.
2549 1857 2655 1910 Καὶ
2683 1857 2808 1920 τοὺς
2836 1854 3159 1926 ἀνθρώπους
3203 1858 3301 1928 μὲν
3326 1859 3508 1913 οἶκαδε
3545 1876 3668 1915 συν-

2093 1951 2334 2024 αγείρει,
2373 1953 2486 2014 τοῖς
2533 1949 2592 2003 δέ
2625 1967 2690 2020 γε
2725 1949 2934 2022 θηρίοις
2988 1949 3173 2004 ἄδειαν
3208 1949 3442 2022 παρέχει
3475 1954 3668 2024 νομῆς.

2093 2045 2205 2101 Καὶ
2256 2043 2415 2100 τοῦτο
2469 2045 2655 2115 σαφῶς
2709 2047 2858 2116 ἡμᾶς
2915 2048 2943 2099 ό
3001 2027 3144 2111 θεῖος
3199 2046 3443 2102 διδάσκει
3483 2049 3666 2105 Δα6ίδ.

2097 2159 2116 2191 ι
2161 2139 2324 2193 Ἐθου
2357 2140 2486 2209 γὰρ,
2519 2139 2672 2209 φησὶ,
2705 2138 2914 2205 σκότος,
2943 2140 3035 2192 καὶ
3059 2140 3275 2208 ἐγένετο
3295 2141 3408 2206 νὺξ,
3438 2144 3496 2196 ἐν
3532 2143 3666 2216 αὐτῇ

2089 2230 2457 2286 διελεύσονται
2505 2231 2685 2286 πάντα.
2732 2230 2802 2285 τὰ
2855 2231 3022 2304 θηρία
3059 2232 3153 2286 τοῦ
3195 2235 3387 2306 ἀγροῦ.
3429 2234 3666 2305 Σκύμνοι

2090 2324 2392 2396 ὠρυόμενοι
2422 2323 2517 2376 τοῦ
2547 2321 2816 2394 ἁρπάσαι,
2857 2325 2954 2378 καὶ
2980 2323 3214 2396 ζητῆσαι
3254 2327 3404 2397 παρὰ
3430 2326 3508 2398 τῷ
3550 2327 3669 2400 Θιῷ

2092 2415 2296 2487 βρῶσιν
2321 2416 2526 2479 αὐτοῖς.
2570 2415 2868 2469 Ἀνέτειλεν
2901 2418 2929 2470 ό
2959 2417 3132 2488 ἥλιος,
3165 2421 3260 2472 καὶ
3291 2421 3665 2490 συνήχθησαν,

2088 2508 2184 2562 καὶ⁵
2233 2509 2314 2571 είς
2341 2508 2439 2572 τάς
2477 2508 2714 2581 μάνδρας
2750 2508 2930 2562 αὐτῶν
2969 2510 3440 2582 κοιτασθήσονται.
3475 2528 3506 2563 9
3546 2513 3667 2580 Ἐξ-

2088 2601 2370 2656 ελεύσεται
2393 2601 2680 2671 ἄνθρωπος
2713 2604 2805 2656 ἐπὶ
2837 2603 2898 2656 τὸ
2923 2603 3082 2675 ἔργον
3112 2605 3297 2667 αὑτοῦ,
3328 2605 3422 2660 καὶ
3452 2607 3541 2659 ἐπὶ
3568 2607 3667 2676 τὴν

2089 2693 2354 2766 ἐργασίαν
2402 2693 2569 2752 αὐτοῦ
2615 2693 2718 2758 ἕως
2753 2694 3014 2766 ἑσπέρας.
3063 2695 3250 2760 Οὕτως
3283 2715 3455 2750 ταυτα
3497 2699 3666 2754 εἰπὼν

2087 2785 2185 2858 τὴν
2211 2785 2306 2838 τοῦ
2337 2784 2564 2854 ποιητοῦ
2597 2783 2866 2857 θαυμάζει
2893 2787 3321 2859 μεγαλουργίαν,
3357 2791 3451 2844 καί
3479 2809 3662 2861 φησιν,

2093 2899 2113 2933 ‹
2165 2879 2252 2943 Ὠς
2300 2877 2647 2949 ἐμεγαλύνθη
2700 2878 2768 2931 τὰ
2815 2878 2952 2949 ἔργα
2993 2897 3106 2944 σου,
3150 2880 3346 2954 Κύριε,
3395 2885 3571 2936 πάντα
3609 2886 3666 2938 ἐν

2089 2973 2252 3044 σοφίᾳ
2282 2971 2567 3041 ἐποίησας.
2599 2989 2618 3023 ›
2652 2972 2771 3026 ’Ότι
2807 2971 2904 3040 μὲν
2925 2969 3018 3026 οὖν
3045 2974 3344 3042 ἀναγκαῖον
3371 2977 3431 3030 τὸ
3455 2979 3662 3045 σκότος,

2088 3064 2334 3138 ἀκριϐῶς
2367 3064 2792 3136 μεμαθήκαμεν.
2832 3065 2954 3118 Ὅτι
2980 3065 3036 3119 δὲ
3065 3066 3164 3119 οὐκ
3189 3069 3346 3121 οὐσία
3375 3068 3456 3132 τίς
3489 3072 3661 3136 ἐστιν,

394 3157 554 3216 facile
618 3168 704 3216 est
767 3160 1112 3231 intelligere:
1170 3169 1297 3215 sunt
1350 3160 1497 3215 enim
1539 3161 1663 3216 ειειί
1715 3170 1770 3216 et
1825 3171 1981 3216 terrae

2089 3159 2224 3212 ἀλλά
2276 3159 2508 3228 πρᾶγμα
2563 3157 2954 3227 συμϐεϐηκὸς,
3015 3161 3358 3230 καταμαθεῖν
3412 3163 3660 3226 εὐπετές.

395 3251 762 3308 adumbratio.
830 3253 1198 3320 Quamobrem
1263 3255 1473 3308 oriente
1518 3253 1724 3309 lumine
1781 3270 1980 3310 evane-

397 3353 559 3399 scunt
592 3345 850 3401 tenebrae.
888 3347 990 3416 12
1025 3343 1236 3400 Lumen
1274 3355 1455 3400 autem
1482 3345 1785 3401 substantia
1816 3355 1896 3403 est
1931 3355 1985 3401 et

397 3434 685 3491 subsistit:
715 3447 769 3492 et
796 3452 920 3492 cum
951 3436 1231 3502 occiderit,
1284 3451 1502 3492 rursum
1533 3437 1734 3493 oritur:
1770 3446 1825 3493 et
1855 3452 1980 3492 cum

398 3527 611 3594 abierit,
683 3530 991 3584 revertitur.
1066 3527 1539 3597 Quemadmodum
1591 3530 1736 3584 enim
1783 3545 1984 3600 corpus

401 3628 650 3675 nostrum
692 3629 775 3675 est
820 3621 1147 3689 substantia,
1204 3621 1397 3676 umbra
1445 3636 1596 3686 vero,
1633 3636 1796 3692 quam
1834 3621 1981 3688 facit,

398 3713 652 3769 accidens
680 3722 782 3778 est,
830 3727 938 3768 non
990 3714 1334 3769 substantia:
1378 3714 1452 3768 ita
1503 3713 1698 3769 coelum
1730 3722 1782 3768 et
1815 3723 1981 3778 terra,

399 3821 522 3876 qute
549 3804 786 3860 maxima
819 3813 947 3860 sunt
993 3821 1242 3876 corpora,
1296 3805 1614 3862 substantiae
1645 3815 1772 3860 sunt
1801 3807 1982 3861 diver-

399 3912 514 3952 sae:
562 3911 684 3966 qua:
717 3911 845 3951 vero
875 3897 945 3950 ab
988 3897 1072 3952 his
1123 3905 1307 3951 manat
1353 3897 1570 3960 umbra,
1623 3897 1828 3952 lumine
1874 3913 1981 3952 non

399 3995 714 4056 apparente,
743 3997 1007 4041 vocantur
1039 3985 1292 4041 tenebrae.
1346 3986 1548 4041 Lumen
1581 3995 1762 4041 autem
1805 4003 1979 4042 emer-

401 4095 532 4150 gens
563 4079 814 4135 tenebras
860 4077 1024 4132 delet.
1061 4076 1174 4133 I‘loc
1201 4088 1253 4134 et
1285 4079 1440 4133 aliter
1469 4093 1802 4147 cognoscere
1832 4079 1978 4134 licet.

403 4171 607 4226 Domus
649 4170 794 4225 enim
844 4168 1100 4224 fenestris
1139 4184 1332 4226 carens
1382 4169 1622 4225 tenebris
1671 4170 1824 4240 plena
1858 4182 1979 4226 est:

400 4262 610 4330 eadem,
664 4261 710 4318 si
757 4260 904 4315 illata
935 4261 1144 4330 lampas
1177 4259 1359 4327 fuerit,
1402 4260 1727 4327 illustratur,
1761 4276 1866 4314 non
1901 4269 1980 4314 te-

399 4353 583 4409 nebris
629 4353 737 4408 alio
788 4353 1150 4423 migrantibus
1193 4352 1388 4423 (neque
1435 4352 1582 4406 enim
1636 4352 1976 4419 subsistunt,

2087 3249 2332 3321 Οὐρανοῦ
2387 3249 2496 3320 γάρ
2527 3250 2623 3302 καὶ
2669 3252 2773 3321 γῆς
2805 3251 2953 3303 ἐστιν
3002 3251 3361 3325 ἀποσκίασμα
3386 3272 3401 3286 ·
3451 3254 3540 3315 διά
3579 3271 3664 3308 τοι

2085 3343 2243 3396 τοῦτο
2274 3342 2501 3413 φροῦδον
2540 3347 2750 3412 γίνεται
2794 3342 2889 3396 τοῦ
2921 3343 3100 3413 φωτὸς
3138 3346 3474 3417 ἀνίσχοντος.
3506 3347 3581 3400 Τὸ
3610 3347 3666 3401 δὲ

2087 3433 2201 3502 φῶς
2227 3433 2398 3490 οὐσία.
2412 3433 2530 3486 ἐστὶ
2557 3436 2653 3487 καὶ
2683 3434 2961 3506 ὑφέστηκε
2981 3452 2996 3468 ο
3032 3435 3124 3488 καὶ
3150 3436 3406 3507 δυόμενον
3431 3438 3664 3509 ἀνίσχει,

2087 3525 2182 3578 καὶ
2231 3525 2392 3578 ἀπιὸν
2443 3526 2823 3597 ἐπανέρχεται.
2884 3527 3094 3597 Ὠσπερ
3147 3529 3256 3599 γάρ
3303 3530 3364 3583 τὸ
3410 3530 3572 3601 σῶμα
3605 3531 3666 3583 τὸ

2084 3619 2354 3692 ἡμέτερον
2384 3620 2538 3674 οὐσία
2563 3621 2646 3685 τίς
2679 3623 2851 3683 ἐστιν,
2883 3622 2916 3691 ἡ
2946 3621 3004 3675 δὲ
3037 3622 3124 3676 διὰ
3149 3622 3340 3676 τούτου
3369 3624 3665 3677 ἀποτελου-

2088 3715 2223 3784 μένη
2279 3711 2407 3766 σκιά
2461 3712 2810 3783 συμϐεβηκός
2865 3715 3033 3780 ἐστιν,
3069 3714 3168 3768 οὐκ
3205 3715 3394 3769 οὐσία’
3424 3715 3600 3780 οὕτως
3637 3718 3667 3770 ό

2085 3805 2312 3878 οὐρανὸς
2345 3805 2441 3859 καὶ
2477 3807 2509 3876 ἡ
2550 3806 2642 3874 γῆ,
2683 3805 2750 3858 τὰ
2783 3805 3014 3876 μέγιστα
3057 3806 3304 3876 σώματα,
3337 3807 3518 3862 οὐσίαι
3559 3809 3666 3861 εἰσὶ

2083 3900 2368 3971 διάφοροι·
2411 3901 2444 3969 ἡ
2494 3898 2551 3951 δέ
2584 3901 2648 3952 ἐκ
2692 3898 2899 3952 τούτων
2941 3899 3350 3972 ἀποτελουμένη
3386 3900 3535 3968 σκιὰ,
3569 3899 3665 3954 τοῦ

2086 3991 2262 4061 φωτὸς
2302 4007 2351 4044 οι
2407 3987 2693 4060 παρόντος,
2725 3988 3049 4060 ὀνομάζεται
3087 3989 3277 4052 σκότος
3297 4006 3310 4020 ο
3341 3991 3582 4045 είσελθδν
3606 3990 3664 4044 δέ

2084 4083 2144 4136 τὸ
2179 4082 2293 4152 φῶς
2323 4081 2577 4151 ἀφανίζει
2611 4080 2671 4132 τὸ
2701 4080 2914 4144 σκότος.
2949 4081 3120 4134 Τοῦτο
3149 4083 3260 4154 (9.9)
3289 4081 3344 4136 δὲ
3386 4083 3540 4152 γνοίη
3578 4100 3663 4146 τις

2085 4175 2150 4229 ἂν
2194 4175 2288 4228 καὶ
2325 4173 2613 4244 ἐτέρωθεν.
2655 4167 2814 4236 Οἶκος
2843 4173 2952 4243 γὰρ
2988 4173 3089 4225 οὐκ
3124 4172 3262 4242 ἔχων
3293 4172 3662 4242 φωταγωγοὺς

2087 4267 2309 4330 σκότους
2338 4266 2485 4319 ἐστὶν
2520 4263 2826 4327 ἀνάπλεως.
2864 4265 3326 4336 Είσκομισθείσης
3359 4265 3415 4318 δέ
3448 4265 3661 4333 λαμπά-

2081 4362 2170 4425 δος
2204 4360 2498 4431 φωτίζεται
2523 4375 2537 4388 ·
2587 4359 2648 4411 οὐ
2693 4357 2787 4411 τοῦ
2821 4358 3047 4421 σκότους
3077 4359 3266 4412 ἄλλοσε
3311 4358 3652 4428 μεταϐαίνονο

399 4463 520 4503 cum
553 4445 875 4502 subSIantiaa
905 4445 1013 4500 sint
1040 4449 1334 4515 expertes),
1367 4443 1463 4499 sed
1491 4445 1716 4498 luminis
1741 4445 1976 4499 adventu

2087 4471 2171 4518 τος
2192 4471 2205 4484 ·
2233 4453 2294 4504 οὐ
2319 4451 2426 4522 γὰρ
2448 4449 2775 4518 ὑφέστηκεν,
2801 4450 3182 4503 ἀνυπόστατον
3202 4450 3258 4513 δέ
3279 4450 3472 4520 χρῆμά
3491 4451 3660 4502 ἐστιν·
3685 4445 3690 4448 ’

401 4540 772 4605 pereuntibus.
825 4535 1034 4608 Quippe
1102 4536 1293 4591 umbra
1344 4545 1492 4602 sunt,
1563 4551 1727 4608 quam
1777 4545 1978 4591 tectum

2089 4542 2224 4596 άλλά
2269 4544 2499 4611 πάμπαν
2527 4539 2874 4609 διολλυμένου
2922 4542 2986 4612 τῇ
3019 4539 3111 4593 τοῦ
3159 4540 3335 4609 φωτὸς
3365 4541 3660 4612 παρουσίᾳ.

401 4629 687 4700 solumque
728 4640 782 4687 et
805 4632 1040 4702 parietes
1058 4629 1315 4696 conflant,
1346 4631 1569 4686 luminis
1589 4630 1782 4685 deinde
1802 4633 1984 4699 splen-

401 4720 504 4776 dor
541 4721 810 4776 dissolvit.
841 4723 995 4789 Quod
1028 4723 1206 4793 ipsum
1240 4722 1355 4778 fieri
1396 4720 1640 4792 quotidie
1683 4721 1982 4778 cernimus.

402 4813 538 4870 Nam
586 4814 872 4869 recedente
913 4816 1143 4879 lumine,
1175 4814 1298 4872 οωὶὶ
1330 4823 1383 4867 et
1415 4822 1572 4867 terrae
1611 4811 1802 4866 umbra
1835 4820 1985 4867 tene-

2083 4635 2218 4688 Σκιᾶ
2249 4634 2358 4705 γάρ
2387 4631 2614 4685 ἐστιδιά
2642 4631 2740 4701 τῆς
2769 4631 2994 4703 ὀροφῆς,
3029 4635 3123 4686 καὶ
3154 4631 3247 4685 τοῦ
3284 4633 3536 4702 ἐδάφους,
3573 4633 3659 4686 καὶ

2080 4727 2205 4780 τῶν
2235 4727 2430 4795 τοίχων
2467 4723 2834 4792 συνισταμένη
2853 4763 2866 4783 ,
2912 4719 3033 4776 εἶτα
3061 4725 3180 4787 ταῖς
3221 4722 3314 4776 τοῦ
3348 4724 3524 4794 φωτὸς
3553 4724 3661 4777 δια-

2081 4819 2318 4890 λυομένη
2365 4818 2778 4888 μαρμαρυγαῖς.
2815 4814 2986 4868 Τοῦτο
3015 4816 3136 4868 καθ’
3181 4817 3419 4885 ἑκάστην
3447 4817 3660 4888 ἡμέραν

404 4909 531 4964 bras
559 4906 813 4978 producit
842 4923 856 4960 :
905 4922 1026 4976 quat
1053 4911 1262 4963 oriente
1293 4906 1502 4961 lumine
1531 4921 1752 4961 rursum
1781 4905 1982 4962 dissol-

2087 4912 2298 4983 δρῶμεν
2327 4909 2766 4978 ἐπιτελούμενον.
2815 4907 3260 4978 ’Υποχωροῦντος
3291 4911 3400 4979 γὰρ
3431 4909 3524 4961 τοῦ
3552 4927 3649 4976 φω.

403 5009 626 5057 vuntur.
660 4997 776 5052 Non
807 5007 930 5053 sunt
960 4999 1121 5068 igitur
1145 5000 1378 5055 tenebrae
1404 4999 1709 5055 substantia
1734 4998 1981 5068 quzedam

405 5095 670 5157 increata,
701 5105 879 5164 neque
907 5091 1070 5146 etiam
1120 5092 1425 5147 substantia
1458 5101 1639 5148 creata
1670 5110 1684 5147 :
1720 5091 1815 5148 sed
1847 5107 1982 5148 usus

405 5186 625 5258 quidam
676 5183 1040 5247 necessarius,
1071 5183 1140 5237 ab
1170 5184 1254 5238 his
1283 5200 1403 5255 qua:
1435 5184 1575 5242 facta
1607 5193 1736 5242 sunt
1782 5199 1978 5256 prove-

485 5369 502 5401 ι
544 5364 689 5421 Psal.
723 5381 838 5430 CIII,
871 5364 1042 5420 20-25
1159 5373 1184 5400 η
1220 5363 1355 5419 ibid.
1396 5363 1492 5420 24.

2089 5004 2209 5067 τὸς,
2246 4999 2474 5073 οὐρανοῦ
2512 4999 2606 5053 καὶ
2650 5000 2748 5068 γῆς
2786 5001 2818 5068 ἡ
2863 4999 2994 5052 σκιά
3035 4999 3096 5052 τὸ
3133 4999 3325 5062 σκότος
3372 4999 3658 5052 ἀποτελεῖ·

2088 5094 2400 5164 ἀνίσχοντος
2419 5091 2475 5144 δέ
2507 5091 2688 5157 πάλιν,
2721 5089 2992 5143 διαλύεται
3020 5089 3196 5143 τοῦτο.
3225 5091 3300 5142 Od
3330 5091 3512 5143 τοίνυν
3533 5091 3652 5158 ἀγέ-

2087 5204 2245 5260 νητος
2276 5185 2434 5240 οὐσία
2458 5184 2517 5238 τὸ
2545 5184 2754 5248 σκότος,
2787 5181 2909 5237 οὔτε
2947 5183 3053 5253 μὴν
3076 5183 3282 5253 γενητή
3308 5199 3393 5248 τις
3425 5183 3655 5237 ὑπόσταο

1965 5515 2196 5574 NOTAE.

477 5705 589 5781 (εἶ)
618 5707 756 5781 god.
789 5710 959 5781 αὐτῷ.

483 5778 596 5848 (‘28)
619 5778 751 5836 Cod.
780 5778 1124 5835 διαναπαύει.

2160 5712 2273 5784 (29)
2303 5712 2475 5767 τοῦτο
2503 5712 2569 5765 δὲ
2601 5712 2771 5784 γνοίη
2805 5743 2873 5752 -
2899 5712 3353 5782 ὑποχωροῦντα
3405 5708 3514 5778 γὰρ
3558 5709 3657 5765 to”:

2093 5783 2306 5854 φωτός.
2337 5784 2557 5839 Desunt.
2608 5783 2613 5784 7
2664 5787 2666 5791 ’

3685 760 3712 797 iv

3699 5307 3710 5360 l
