4038 6210
382 343 452 406 89
1549 335 1834 411 QWEST.
1867 333 1950 396 IN
1978 330 2247 395 GENES.
2287 330 2445 391 CAP.
2487 329 2538 389 Ι.
3565 316 3642 382 90

389 465 468 513 σις
490 465 503 480 ’
533 446 645 501 ἀλλ’
669 446 737 501 ὲκ
763 447 878 503 τῶν
900 448 1143 520 γενητῶν
1169 445 1541 518 συνισταμένη
1566 445 1765 518 χρῆσις
1788 447 1959 512 ἀναγ-

2072 439 2239 507 niens,
2287 445 2341 495 et
2384 433 2709 507 sapientiam
2754 432 2846 489 Dei
2911 430 3240 503 praedicans.
3304 428 3447 485 Ecce
3492 428 3636 483 eiiim

389 542 538 603 uia,
563 539 663 594 καὶ
689 539 787 603 τοῦ
824 541 962 596 Θεοῦ
994 543 1092 615 τὴν
1122 541 1318 611 σοφίαν
1345 538 1713 610 κηρύττουσα.
1742 535 1954 589 Αὐτίκα

381 635 505 706 γοῦν
553 635 584 689 ό
623 634 916 706 προφήτης
958 633 1050 688 τὸν
1086 633 1196 688 τῶν
1242 632 1379 686 ὅλων
1407 631 1544 686 Θεὸν
1572 629 1668 684 καὶ
1703 626 1953 682 ἐντεῦθεν

382 725 561 798 ὑμνεῖ.
613 746 635 781 s
689 727 751 780 '0
806 726 1042 798 ποιήσας
1089 726 1219 797 γὰρ,
1258 723 1413 795 φησι,
1463 721 1600 791 φῶς,
1648 720 1744 774 καὶ
1787 735 1956 773 κατα-

382 819 657 883 σκευάσας
685 819 900 882 σκότος.
939 837 959 872 ι
1003 816 1307 889 Ἀρμοδίως
1335 816 1392 870 δὲ
1431 815 1571 883 ἀγαν
1600 812 1837 881 ἑκάτερα
1870 808 1958 864 τέ·-

382 909 562 964 θεικεν
581 925 596 941 ο
624 908 688 963 τὸ
715 909 816 981 μὲν
854 910 1090 983 ποιήσας
1126 909 1219 963 ἐπὶ
1244 905 1341 963 τοῦ
1372 906 1570 976 φωτὸς,
1602 903 1663 958 τὸ
1694 904 1751 956 δὲ
1788 918 1958 955 κατα-

382 1001 662 1065 σκευάσας
689 1002 784 1055 ὲπὶ
834 1001 929 1056 τοῦ
967 1002 1190 1066 σκότους
1212 1017 1229 1032 ο
1273 997 1622 1070 συμϐεϐηκὸς
1660 995 1771 1065 γάρ
1805 994 1956 1057 ἐστιν

384 1089 781 1162 συνιστάμενον
808 1091 905 1146 καὶ
939 1089 1308 1161 διαλυόμενον.
1346 1088 1460 1142 Καὶ
1489 1089 1540 1141 οί
1566 1087 1718 1157 τρεῖς
1753 1082 1866 1153 (ὅθ)
1903 1080 1961 1135 δὲ

390 1180 656 1251 μακάριοι
711 1184 906 1248 παῖδες
962 1183 1146 1238 πᾶσαν
1201 1182 1301 1251 τὴν
1348 1177 1526 1233 κτίσιν
1557 1178 1640 1242 είς
1685 1174 1960 1247 ὑμνῳδίαν

389 1273 738 1339 καλέσαντες,
761 1278 829 1349 τῇ
852 1276 1039 1348 ἡμέρᾳ
1061 1274 1161 1346 τὴν
1191 1274 1362 1328 νύκτα
1385 1268 1730 1335 συνέζευξαν,
1761 1269 1858 1323 καὶ
1884 1265 1963 1339 τῷ

388 1365 533 1435 φωτὶ
558 1365 622 1420 τὸ
646 1366 837 1431 σκότος
858 1369 1225 1440 συνήρμοσαν.
1244 1364 1371 1421 Ἐπὶ
1396 1364 1509 1439 (51)
1530 1364 1589 1419 δὲ
1610 1364 1731 1428 ταῖς
1757 1361 1964 1417 τούτων

386 1458 682 1531 διαδοχαῖς,
710 1460 808 1515 καὶ
832 1463 862 1516 ό
887 1461 1078 1533 χρόνος
1111 1462 1414 1534 μετρεῖται.
1444 1460 1541 1515 καὶ
1569 1460 1600 1514 ό
1619 1457 1728 1516 τῶν
1759 1455 1966 1530 ἀνθρὼ-

388 1568 508 1606 πων
541 1550 858 1609 συνίσταται
888 1553 1023 1624 βίος.

1026 1668 1224 1725 ΕΡΩΤ.
1264 1669 1347 1725 H'.

390 1780 578 1840 Ποῖον
623 1782 861 1855 πνεῦμα
916 1782 1237 1854 ἐπεφέρετο
1299 1782 1501 1838 ἐπάνω
1551 1779 1660 1837 τοῦ
1708 1778 1966 1847 ὕδατος;
2000 1790 2043 1847 Β

461 1876 590 1931 Τισὶ
632 1877 783 1931 δοκεῖ
830 1877 894 1931 τὸ
940 1878 1208 1947 πανάγιον
1236 1878 1347 1949 (52)
1391 1876 1621 1947 Πνεῦμα
1665 1874 1969 1944 ζωογονοῦν

390 1968 505 2024 τῶν
535 1968 745 2025 ύδάτων
773 1969 872 2041 τὴν
906 1969 1090 2041 φύσιν,
1137 1969 1234 2023 καὶ
1268 1967 1574 2040 διαγράφον
1605 1968 1705 2038 τὴν
1733 1966 1829 2020 τοῦ
1870 1958 1971 2037 βα-

392 2062 701 2134 πτίσματος
729 2062 916 2135 χάριν.
950 2061 1341 2134 ’Δληθέστερον
1370 2062 1554 2132 μέντοι
1586 2055 1969 2131 ἑκείνονιοῖμαι

392 2155 487 2209 τὸν
514 2154 694 2224 λόγον,
741 2154 825 2208 ὃτι
853 2154 918 2208 τὸ
948 2153 1170 2224 πνεῦμα
1214 2152 1451 2208 ἐνταῦθα
1497 2152 1587 2207 τὸν
1621 2152 1759 2222 ἀέρα
1793 2150 1968 2207 καλεῖ.

393 2244 583 2300 Εἰπὼν
603 2244 732 2315 γὰρ,
757 2245 842 2300 ὅτι
861 2245 956 2300 τὸν
979 2245 1204 2318 οὐρανὸν
1232 2247 1327 2300 καί⁵
1347 2246 1446 2316 τὴν
1472 2247 1575 2315 γῆν
1603 2244 1851 2313 ἐποίησε,
1878 2242 1973 2297 καὶ

394 2335 506 2390 τῶν
534 2337 744 2391 ὑδάτων
772 2336 861 2391 διὰ
910 2337 1012 2408 τῆς
1049 2337 1288 2392 ἀϐύσσου
1337 2337 1620 2408 μνησθείς,
1658 2331 1973 2405 ἀναγκαίως

396 2427 496 2482 καὶ
534 2427 633 2481 τοῦ
685 2428 853 2500 ἀέρος
899 2428 1170 2501 ἐμνήσθη,
1218 2430 1285 2483 ὲκ
1329 2429 1431 2499 τῆς
1479 2427 1574 2481 τοῦ
1625 2426 1815 2490 ὕδατος
1851 2428 1974 2479 ὲπι-

397 2519 629 2589 φανείας
677 2520 841 2591 μέχρι
878 2521 974 2574 τοῦ
1013 2521 1246 2593 ούρανοῦ
1288 2521 1592 2591 διήκοντος.
1636 2520 1827 2589 Ἀέρος
1866 2520 1973 2592 γὰρ

397 2610 585 2682 φύσις,
616 2612 679 2667 τὸ
708 2615 819 2677 τοῖς
848 2613 1000 2668 κάτω
1029 2613 1307 2685 κειμένοις
1335 2614 1696 2685 ἐπιφέρεσθαι
1736 2612 1973 2683 σώμασι.

397 2703 564 2759 Μάλα
589 2705 649 2759 δὲ
672 2704 951 2777 ἁρμοδίως
978 2706 1041 2759 τὸ
1067 2704 1406 2775 ἐπεφέρετο,
1452 2705 1550 2762 καὶ
1579 2706 1680 2760 οὐκ
1711 2706 1822 2775 (53)
1869 2706 1975 2759 ἐπ-

398 2793 595 2850 έκειτο
615 2795 806 2867 εἴρηκε
825 2814 840 2829 ·
868 2797 933 2850 τὸ
960 2796 1069 2869 γὰρ
1090 2796 1410 2868 ἐπεφέρετο
1437 2798 1535 2870 τὴν
1564 2798 1852 2870 κινητικὴν
1882 2797 1976 2852 τοῦ

400 2887 568 2961 ἀέρος
591 2888 783 2943 οὐσίαν
815 2889 1150 2962 παρεδήλου.
1202 2892 1265 2945 El
1293 2890 1349 2944 δέ
1381 2908 1465 2955 τις
1497 2892 1688 2946 τοῦτον
1714 2892 1776 2946 οὐ
1812 2910 1981 2962 προσ-

406 2979 550 3034 ίεται
577 2979 671 3034 τὸν
699 2978 878 3050 λόγον,
915 2979 1103 3051 ἐπειδὴ
1132 2980 1442 3051 γέγραπται
1468 2996 1482 3009 ·
1537 3000 1555 3033 ι
1581 2982 1809 3052 Πνεῦμα
1841 2980 1978 3035 Θεοῦ

401 3074 707 3146 ἐπεφέρετο
731 3072 920 3127 ἐπάνω
949 3072 1041 3127 τοῦ
1069 3072 1284 3139 ὓδατος,
1321 3091 1340 3124 ι
1392 3072 1640 3128 ἀκουέτω
1669 3073 1763 3128 τοῦ
1798 3091 1978 3146 μακα-

403 3165 527 3235 ρίου
578 3164 745 3220 Δασὶδ
793 3166 1043 3235 λέγοντος
1106 3167 1237 3239 περὶ
1292 3168 1387 3222 τοῦ
1453 3166 1588 3221 Θεοῦ
1646 3166 1755 3221 τῶν
1796 3167 1940 3222 ὅλων
1961 3184 1978 3198 ·

407 3274 427 3308 ι
458 3254 692 3309 Πνεύσει
725 3255 789 3309 τὸ
812 3254 1034 3326 πνεῦμα
1059 3257 1246 3325 αὐτοῦ,
1296 3257 1390 3313 καὶ
1431 3258 1694 3329 ρυήσεται
1726 3257 1914 3315 ὕδατα.
1956 3278 1976 3313 ι

404 3345 534 3399 Ὀτι
578 3346 638 3400 δὲ
668 3345 761 3400 τὸν
799 3346 1002 3419 ἄνεμον
1038 3346 1211 3412 οὕτως
1247 3350 1498 3416 ἐκάλεσε,
1543 3350 1703 3424 δῆλόν
1733 3352 1852 3407 ἐστι
1879 3351 1983 3407 κᾶν

407 3435 487 3509 μὴ
513 3436 692 3506 λέγω·
730 3436 910 3511 Εὗρου
944 3438 1053 3511 γὰρ
1080 3439 1115 3512 ἢ
1141 3440 1316 3495 Νότου
1348 3441 1621 3510 πνέοντος,
1645 3443 1706 3498 τὸ
1733 3443 1983 3516 πεπηγὸς

406 3529 554 3603 ὕδωρ
581 3528 896 3586 διαλύεσθαι
926 3532 1190 3603 πέφυκεν.

1050 3626 1246 3681 ΕΡΩΤ.
1284 3627 1362 3682 Θ’.

409 3737 537 3794 πνοι
552 3737 718 3807 λέγει
742 3741 777 3795 d
805 3739 989 3812 Osdcf
1030 3758 1050 3793 ι
1070 3739 1392 3812 Γενηθήτω
1417 3740 1562 3811 φῶς,
1590 3760 1608 3794 ι
1634 3740 1786 3810 zeal,»
1810 3757 1987 3812 γενη-

896 3808 1054 3877 θήτω
1114 3808 1467 3882 στερέωμα)
1496 3831 1515 3864 ι

479 3902 599 3956 Οὐκ
624 3900 770 3973 ἄλλῳ
807 3903 938 3958 τινὶα
966 3901 1178 3957 κελεύει
1209 3902 1584 3975 δημιουργεῖν,
1633 3903 1771 3958 ἀλλὰ
1803 3903 1873 3956 τὰ
1912 3901 1987 3975 μὴ

404 3993 541 4048 ὄντα
590 3993 789 4047 καλεῖ·
838 3993 1074 4048 ενταῦθα
1124 3994 1183 4049 δὲ
1229 3995 1561 4065 πρόσταγμα
1605 3996 1666 4049 τὸ
1716 3994 1984 4066 βούλημα.

411 4107 431 4139 ι
460 4086 651 4142 Πάντα
669 4086 800 4159 γὰρ,
823 4088 1009 4160 φησιν,
1040 4088 1141 4143 ὅσα
1157 4087 1442 4159 ἠθέλησεν,
1466 4087 1494 4139 ό
1516 4086 1646 4149 Θεὸς
1669 4086 1944 4158 ἐποίησεν.
1964 4104 1983 4138 ι

404 4179 475 4233 Εἰ
506 4178 564 4233 δὲ
597 4180 695 4234 καὶ
727 4182 879 4252 φωνῇ
915 4197 1025 4235 τινι
1067 4180 1420 4252 ἐχρήσατοη,
1461 4178 1621 4248 δῆλον
1655 4179 1729 4243 ὡς
1769 4179 1829 4232 ού
1876 4178 1987 4231 τῶν

405 4271 637 4343 ἀψύχων
666 4271 833 4327 ἕνεκα
875 4273 1176 4343 στοιχείων,
1222 4272 1361 4327 ἀλλὰ
1400 4272 1509 4325 τῶν
1541 4272 1786 4343 ἀοράτων
1828 4271 1990 4342 χάριν

406 4363 729 4435 δυνάμεων·
778 4364 869 4419 ἴνα
894 4366 1118 4434 γνῶσιν,
1149 4366 1225 4429 ὡς
1259 4364 1424 4419 αὑτοῦ
1468 4363 1781 4429 κελεύοντος
1807 4364 1878 4417 τὰ
1915 4364 1990 4435 μὴ

405 4455 544 4511 ὅντα
572 4456 912 4512 συνίσταται.

1056 4659 1251 4743 ερατ.
1293 4662 1350 4713 ιν.

403 4748 582 4808 Atat!
621 4751 883 4807 τέθεικεν
909 4754 943 4807 ό
982 4750 1365 4822 συγγραφεὺς
1392 4750 1461 4804 τὸ
1508 4768 1528 4803 ι
1573 4746 1750 4805 Εἷδεν
1775 4751 1808 4804 ὀ
1847 4749 1991 4817 Θεὸς

1001 4821 1089 4876 ὅτι
1114 4821 1313 4877 καλόν
1332 4838 1353 4886 ;
1393 4842 1412 4875 ι

483 4913 609 4968 Ἵνα
652 4914 819 4989 πείσῃ
866 4916 994 4979 τοὺς
1046 4914 1374 4986 ἀχαρίστους
1429 4913 1503 4985 μὴ
1539 4913 1729 4984 ψέγειν
1773 4913 1919 4986 ἅπερ
1958 4912 1992 4984 ἡ

408 5006 539 5063 θεία
565 5005 748 5078 ψῆφος
777 5007 1033 5079 ὀνομάζει
1066 5006 1226 5061 καλά.

513 5192 544 5225 ν
579 5183 684 5242 lsa.
716 5202 838 5253 xu,
874 5184 924 5239 7.
1028 5193 1056 5221 ι
1089 5187 1224 5243 Gen.
1255 5202 1295 5252 ι,
1324 5185 1378 5238 2.
1456 5194 1482 5235 7
1507 5185 1651 5242 Psal.
1682 5198 1885 5250 chvn,
1922 5183 1975 5238 7.

2055 532 2316 603 propheta
2361 529 2531 586 Deum
2584 528 2966 583 universorum
3002 524 3166 579 etiam
3198 525 3266 579 ab
3299 525 3384 579 his
3414 522 3633 577 laudat:

2061 643 2083 678 ι
2117 624 2220 691 Qui
2270 623 2429 690 facio,
2473 620 2569 688 ait,
2612 620 2818 684 lumen,
2850 627 2904 674 et
2946 630 3192 689 prmparo
3243 616 3497 669 tenebras
3524 622 3576 667 ν.
3618 632 3637 665 ι

2056 718 2354 789 Aptissime
2379 726 2559 772 autem
2591 722 2884 783 utrumque
2915 710 3117 783 posuit,
3150 707 3382 763 faciendi
3415 707 3641 760 verbum

2059 811 2323 881 adaptans
2352 808 2567 874 lumini,
2598 815 2654 863 et
2679 805 2920 861 dictione
2968 800 3308 875 pra-parandi
3341 809 3502 854 utens
3529 798 3627 853 cir-

2060 916 2122 957 ca
2153 900 2425 958 tenebras.
2461 899 2600 954 Sunt
2625 897 2769 953 enim
2801 895 3056 951 accidens
3087 892 3385 965 quoddam,
3416 890 3561 962 quod
3591 897 3639 943 el
3717 960 3721 964 .

2059 993 2309 1050 consistit
2333 999 2388 1048 et
2415 991 2752 1048 dissolvitur.
2784 987 3021 1043 Proinde
3051 995 3162 1041 tres
3208 983 3351 1039 beati
3382 983 3457 1037 illi
3489 982 3644 1051 pueri

2059 1098 2369 1143 creaturam
2427 1098 2644 1140 omnem
2686 1087 3044 1153 provocantes
3072 1077 3140 1133 ad
3172 1075 3361 1132 laudes
3409 1075 3644 1139 divinas,

2060 1177 2169 1234 diei
2198 1185 2409 1233 noctem
2441 1174 2864 1246 coniunxerunt,
2893 1180 2948 1228 et
2974 1170 3170 1227 lumini
3200 1170 3457 1226 tenebras
3482 1167 3637 1223 addi-

2062 1271 2282 1328 derunt.
2334 1269 2469 1326 Nam
2535 1270 2736 1324 horum
2785 1265 3226 1323 successionibus
3278 1264 3381 1336 13
3435 1271 3647 1334 tempus

2063 1369 2434 1431 mensuratur,
2477 1369 2529 1418 et
2566 1358 2851 1417 hominum
2880 1360 2989 1414 vita
3016 1355 3287 1414 subsistit.

2632 1645 2914 1702 INTERR.
2941 1644 3084 1703 Vill.

2177 1762 2493 1831 Qualisnam
2547 1761 2770 1830 spiritus
2818 1760 3087 1829 ferebatur
3118 1767 3279 1830 super
3313 1757 3546 1829 aquam!

2137 1856 2476 1926 Quibusdam
2510 1855 2722 1910 videtur
2745 1852 2919 1908 fuisse
2960 1851 3201 1922 Spiritus
3255 1860 3502 1916 sanctus,
3557 1848 3649 1919 qui

2069 1950 2379 2008 viviﬁcabat
2412 1958 2468 2005 et
2505 1946 2833 2004 feéundabat
2873 1960 3138 2017 aquarum
3170 1952 3451 2007 naturam,
3505 1941 3649 1998 desi-

2072 2058 2244 2111 gnans
2283 2041 2519 2112 quodam
2557 2039 2722 2095 modo
2754 2038 2987 2109 gratiam
3020 2036 3301 2107 baptismi.
3332 2034 3527 2089 Verius
3561 2049 3655 2087 an-

2074 2142 2178 2188 tem
2205 2134 2531 2205 putaverim,
2575 2132 2720 2201 quod
2779 2129 2870 2185 hic
2925 2143 3109 2183 acrem
3162 2136 3323 2182 vocet
3380 2126 3652 2196 spiritum.

2074 2224 2208 2287 Nam
2235 2238 2359 2278 cum
2392 2222 2619 2278 dixisset
2652 2221 2823 2275 Deum
2874 2233 3095 2275 creasse
3122 2218 3320 2273 cmluin
3344 2226 3399 2270 et
3428 2225 3653 2282 terram,

2072 2324 2125 2369 et
2149 2328 2417 2384 aquarum
2460 2310 2806 2366 meminisset
2839 2310 2942 2366 sub
2970 2307 3191 2364 nomine
3219 2306 3425 2377 abyssi,
3468 2320 3648 2360 neces-

2075 2408 2222 2465 sario
2255 2416 2310 2462 et
2351 2405 2497 2460 aeris
2527 2405 2860 2459 mentionem
2898 2400 3046 2466 fecit,
3082 2414 3111 2452 a
3152 2399 3447 2468 superlicie
3502 2410 3657 2465 aqua?

2076 2499 2142 2555 ad
2183 2498 2385 2553 cmlum
2423 2511 2602 2566 usque
2632 2493 3003 2565 permeantis.
3044 2491 3202 2547 Aeris
3254 2489 3400 2544 enim
3463 2495 3652 2544 natura

2075 2598 2178 2655 est,
2234 2598 2295 2645 ut
2326 2589 2472 2644 circa
2512 2584 2770 2646 interiora
2818 2597 3048 2653 corpora
3082 2581 3291 2637 feratur
3318 2590 3373 2636 et
3401 2580 3657 2651 agitetur.

2078 2681 2375 2753 Aptissime
2394 2688 2577 2735 autem
2609 2692 2718 2732 non
2744 2676 2880 2731 dixit
2907 2672 3268 2739 incumbebat,
3317 2673 3411 2729 sed
3451 2670 3659 2741 fereba-

2082 2784 2188 2838 tur,
2231 2771 2361 2842 quia
2401 2769 2629 2824 verbum
2656 2766 2801 2821 istud
2829 2764 3099 2836 ferebatur
3126 2763 3487 2819 substantiam
3519 2761 3661 2815 aeris

2080 2865 2337 2921 mobilem
2394 2861 2618 2917 indicat.
2663 2859 2817 2926 Quod
2852 2858 2896 2914 si
2927 2857 3052 2928 quis
3093 2856 3223 2912 huic
3263 2855 3495 2910 orationi
3553 2868 3660 2907 non

2083 2955 2407 3019 assentitnr,
2438 2960 2726 3023 promet-ea
2762 2947 2909 3019 quod
2956 2947 3219 3016 scriptum
3242 2953 3383 3017 \est:
3428 2963 3446 2995 ι
3491 2941 3650 3013 Spiri-

2085 3059 2170 3104 tus
2202 3046 2293 3102 Dei
2331 3044 2606 3101 ferebatur
2635 3058 2799 3113 super
2826 3056 3025 3111 aquam
3065 3053 3116 3106 κ,
3161 3057 3179 3092 ι
3220 3039 3409 3093 audiat
3441 3037 3660 3091 beatum

2007 3129 2050 3189 C
2083 3139 2250 3194 David
2307 3137 2575 3194 dicentem
2605 3135 2672 3190 de
2712 3133 2828 3188 Dco
2850 3132 3094 3187 omnium
3123 3130 3440 3185 conditore:
3488 3144 3508 3178 ι
3542 3124 3658 3182 Fla-

2084 3231 2163 3286 bit
2195 3228 2422 3301 spiritus
2459 3227 2600 3295 ejus,
2659 3234 2714 3281 et
2768 3224 2937 3279 ﬂuent
2986 3235 3141 3291 aqua:
3170 3228 3220 3275 1.
3255 3237 3275 3271 ι
3321 3216 3477 3284 Quod
3537 3230 3666 3270 vero

2083 3333 2305 3379 ventum
2341 3323 2415 3377 ita
2437 3320 2735 3385 vocaverit,
2766 3317 2932 3373 etiam
2965 3330 3054 3369 me
3080 3321 3291 3367 tacente
3315 3308 3666 3365 manifestum

2084 3429 2189 3477 est.
2226 3416 2508 3488 Siquidem
2543 3413 2690 3468 Euro
2722 3408 2972 3468 aulNoto
3000 3406 3187 3472 llante,
3215 3419 3356 3475 aqua
3387 3400 3667 3475 congelata

2086 3512 2310 3571 dissolvi
2341 3509 2478 3585 solet
2502 3515 2555 3565 et
2578 3504 2859 3577 liqueﬁeri.

2694 3608 2974 3669 INTERR.
3004 3606 3098 3663 1X.

2087 3735 2316 3792 Cuiuam
2352 3732 2493 3787 dixit
2520 3728 2702 3785 Deus:
2736 3747 2754 3779 ι
2787 3725 2912 3779 Fiat
2951 3723 3063 3790 lux,
3096 3740 3115 3776 ι
3147 3729 3199 3778 et
3255 3738 3275 3774 ι
3311 3718 3439 3775 Fiat
3490 3717 3662 3787 ﬁrma-

2679 3810 2913 3853 mentum
2935 3796 2960 3850 ?
3006 3813 3026 3845 ι

2160 3897 2282 3953 Non
2321 3894 2577 3968 praecepit
2625 3891 2770 3945 Deus
2822 3887 2980 3943 alteri
3027 3885 3245 3941 cuidam
3290 3899 3520 3940 creare:
3575 3880 3672 3937 sed

2092 4006 2215 4063 quae
2240 4004 2349 4044 non
2397 3994 2526 4043 sunt
2554 3991 2736 4046 vocat,
2772 3981 2847 4035 ita
2879 3988 2941 4035 ut
2968 3979 3060 4035 hic
3099 3984 3429 4049 praeceptum
3456 3975 3530 4032 sit
3556 3974 3673 4043 ipsa

2093 4062 2368 4138 voluntas.
2419 4096 2437 4129 ι
2473 4074 2669 4131 Omnia
2695 4071 2865 4137 enim,
2925 4069 3024 4135 ait,
3078 4080 3422 4138 quaecunque
3479 4062 3670 4129 voluit,

2094 4173 2236 4228 Deus
2256 4170 2384 4225 fecit
2414 4178 2460 4223 ι.
2496 4187 2513 4219 ι
2543 4164 2711 4233 Quod
2725 4164 2771 4219 si
2806 4163 3043 4219 creando
3076 4174 3208 4214 voce
3269 4157 3502 4226 quadam
3544 4170 3675 4210 usus

2094 4273 2196 4331 est,
2246 4272 2458 4317 certum
2490 4267 2592 4324 est,
2623 4258 2727 4312 hoc
2759 4271 2868 4310 non
2897 4254 3298 4309 elementorum
3336 4246 3669 4302 inanimato-

2094 4372 2216 4412 rum
2253 4353 2358 4426 14
2388 4367 2579 4415 causa,
2617 4348 2711 4404 sed
2757 4346 3115 4402 invisibiliqu
3172 4344 3436 4397 virtutum
3502 4336 3677 4408 gratia

2019 4471 2066 4528 ι)
2095 4448 2297 4504 factum
2334 4461 2497 4501 esse:
2532 4451 2591 4497 ut
2621 4442 2799 4497 sciant
2825 4440 2998 4511 quod,
3035 4441 3153 4508 ipso
3178 4434 3428 4505 iubente,
3469 4444 3533 4485 ea
3556 4442 3679 4499 qua:

2098 4558 2207 4598 non
2236 4549 2361 4596 sunt
2391 4537 2714 4593 subsistunt.

2691 4645 2970 4701 lNTEllR.
3002 4642 3069 4698 X.

2097 4743 2453 4815 Quamobrem
2478 4741 2788 4815 auctor/ioc
2818 4736 3054 4815 addidit,
3083 4753 3103 4787 ι
3141 4731 3348 4788 Etvidit
3385 4728 3526 4785 Deus
3545 4726 3682 4800 quod

2568 4866 2573 4873 ,
2667 4809 2863 4862 bonum
2891 4807 3055 4861 erat?
3094 4823 3114 4857 ι
3213 4854 3220 4861 .

2170 4908 2242 4964 Ut
2304 4906 2624 4978 persuadeat
2648 4900 2896 4972 ingratis,
2945 4914 3055 4956 non
3090 4898 3353 4956 damnare
3395 4910 3516 4967 quas
3543 4906 3681 4949 sen-

2103 5002 2273 5059 tentia
2295 5000 2482 5055 divina
2503 5004 2663 5053 vocat
2691 4997 2856 5052 bona.

2056 5191 2079 5219 ι
2110 5180 2253 5237 Psal.
2275 5195 2407 5235 cxm
2457 5180 2547 5235 ll.

1309 5341 1545 5397 VARle
1571 5340 1953 5398 LECTIONES
1987 5338 2079 5395 EX
2120 5334 2399 5394 CATENA
2437 5331 2792 5391 LIPSIENSI.

495 5484 544 5519 “
581 5483 702 5540 Cat.
740 5498 795 5537 ι).
836 5480 923 5537 18.
962 5477 1317 5551 δημιουρίῶν
1351 5477 1641 5548 ἐχρήσατο.

1987 5575 2223 5632 NOTAE.

499 5712 616 5782 (30)
640 5711 771 5768 Cod.
809 5714 858 5764 οἱ
892 5709 1280 5782 τριᾼσμακάριοι
1312 5705 1387 5759 δέ.

504 5778 621 5852 (3i)
649 5783 783 5839 Cod.
815 5778 1006 5851 ἐπειδὴ
1027 5778 1135 5848 γὰρ
1159 5782 1279 5840 ταῖς
1312 5778 1535 5831 τούτων.

2170 5687 2284 5759 (δε)
2311 5687 2443 5744 Cod.
2479 5689 2654 5758 ἆγιον.

2185 5757 2295 5832 (53)
2324 5760 2431 5817 Καὶ
2462 5757 2572 5816 οὐκ
2597 5793 2658 5807 -ν
2688 5758 3006 5830 ἐπεφέρετο
3045 5757 3262 5815 desunt.
