4038 6210
335 310 405 373 95
1344 300 1844 363 THEODORETI
1887 297 2235 359 EPISCOPI
2260 292 2628 357 CYRENSIS
3263 375 3266 385 ἰ
3546 273 3614 338 96

338 428 426 473 tur
484 424 539 472 et
588 415 762 472 lucem
809 414 1037 481 creavit,
1100 413 1564 485 quemadmodum
1623 414 1671 469 ei
1739 411 1919 468 libuit.

2031 409 2327 482 βλαστῆσαι
2354 403 2710 480 προσέταξεν.
2740 399 2851 453 Καὶ
2877 398 2939 451 τὸ
2967 396 3083 469 φῶς
3113 393 3293 485 τοίνυν
3322 386 3613 485 eamaior?-

339 509 511 565 Sicuti
549 525 677 564 vero
707 509 1049 565 ﬁrmamento
1070 508 1608 579 distinxitaquarum
1641 514 1918 572 naturam,

337 612 390 657 et
419 604 684 673 quasdam
735 619 959 659 sursum
1007 601 1327 670 collocavit,
1388 603 1629 672 reliquas
1657 601 1920 656 deorsum

342 697 596 765 reliquit:
657 696 738 752 sic
773 696 949 765 lucem
979 696 1127 751 illam
1154 696 1500 767 distinguens
1551 710 1648 765 pro
1698 693 1924 750 arbitrio

341 803 465 853 suo,
500 787 794 843 luminaria
843 803 1038 855 magna
1069 797 1124 844 et
1174 803 1344 859 parva
1391 785 1661 842 condidit.

888 1005 1166 1062 INTERR.
1194 1005 1309 1062 XV.

345 1139 484 1207 Quid
509 1142 604 1197 hoc
638 1153 714 1200 est
755 1163 775 1201 :
816 1164 834 1197 ι
879 1143 944 1198 1η
983 1145 1154 1214 signa,
1188 1153 1238 1197 et
1274 1145 1329 1214 in
1361 1153 1620 1213 tempora,
1652 1151 1703 1195 et
1739 1141 1794 1195 in
1827 1157 1928 1194 an-

854 1233 967 1280 nos,
1000 1226 1048 1268 et
1072 1217 1125 1269 in
1149 1215 1258 1268 dies
1290 1213 1351 1268 τί
1381 1231 1403 1268 ι

416 1325 510 1383 Sol
540 1337 665 1384 ortu
697 1344 799 1385 suo
829 1339 997 1399 atque
1027 1343 1229 1383 occasu
1272 1326 1389 1382 dies
1442 1324 1616 1382 facit:
1651 1340 1776 1382 cum
1831 1340 1928 1381 au-

346 1427 455 1475 tem
483 1420 813 1490 percurrerit
835 1419 1108 1475 australes
1136 1429 1301 1491 atque
1336 1419 1690 1489 aquiltmares
1721 1428 1925 1488 partes,

348 1502 886 1567 annalem’circulum
918 1512 1146 1583 perﬁcit.
1200 1512 1458 1583 Idemque
1486 1512 1718 1568 solstitia
1744 1510 1924 1577 edicit,

348 1617 470 1672 quae
499 1612 739 1672 tempora
774 1604 1060 1675 Scriptura
1091 1605 1276 1660 divina
1310 1605 1579 1658 nominat.
1630 1602 1928 1659 Transiens

347 1694 494 1749 enim
526 1695 595 1750 ab
617 1696 949 1766 aequinoctio
983 1698 1090 1767 18
1138 1696 1204 1751 ad
1239 1697 1578 1767 aquilonem,
1630 1711 1727 1751 ver
1759 1694 1925 1751 facit:

346 1793 403 1841 et
438 1786 564 1843 inde
593 1787 812 1845 rediens
842 1789 909 1844 ad
940 1789 1160 1844 eosdem
1216 1789 1498 1854 terminos,
1531 1788 1773 1844 aastivale
1819 1787 1931 1843 sol-

349 1876 561 1931 stitium
591 1878 845 1948 producit
888 1897 903 1933 :
957 1878 1286 1949 procedente
1339 1889 1518 1934 autem
1549 1894 1614 1934 eo
1686 1878 1812 1934 inde
1859 1878 1926 1933 ad

348 1964 653 2030 meridiem,
690 1976 987 2022 autumnus
1017 1968 1263 2023 nascitur
1308 1984 1323 2021 :
1360 1977 1413 2024 et
1442 1969 1567 2024 inde
1618 1981 1921 2036 revertens,

351 2056 582 2111 hiemem
616 2059 884 2123 producit.
916 2059 993 2115 Ex
1023 2076 1187 2117 cursu
1225 2071 1406 2117 autem
1456 2063 1597 2118 lunte
1630 2063 1907 2118 mensium

350 2163 638 2203 numerum
670 2150 954 2208 discimus.
1011 2151 1146 2208 Nam
1181 2169 1349 2211 cursu
1407 2155 1626 2226 triginta
1692 2156 1928 2222 dierum,

351 2237 587 2309 demptis
614 2255 709 2295 sex
767 2228 941 2310 horis,
975 2259 1134 2299 suum
1189 2260 1414 2301 cursum
1459 2245 1719 2305 absolvik
1750 2246 1928 2314 Quam

354 2346 548 2402 nempe
582 2333 652 2388 ob
685 2349 907 2389 causam
956 2345 1035 2392 tot
1072 2337 1287 2393 dierum
1345 2354 1636 2394 numerum
1686 2356 1931 2396 mensem

351 2421 715 2490 appellamus:
735 2424 1003 2496 siquidem
1021 2426 1073 2482 δι
1093 2428 1278 2483 lunam
1295 2439 1487 2485 vocant
1509 2431 1705 2502 μήνην,
1728 2448 1930 2489 menen.

353 2513 505 2579 Quod
533 2523 714 2569 autem
744 2517 965 2586 dicitur,
1001 2520 1055 2573 in
1084 2520 1258 2591 signa,
1291 2536 1400 2576 non
1432 2522 1789 2594 intelligimus
1843 2539 1932 2579 se-

351 2607 589 2662 cundum
624 2609 938 2680 opinionem
982 2615 1345 2683 quorumdam
1381 2615 1702 2672 stultorum.
1738 2614 1930 2686 Siqui-

351 2698 471 2751 dem
506 2714 699 2753 vanam
736 2700 884 2761 illam
908 2702 973 2757 de
1008 2703 1275 2775 cujusque
1306 2705 1587 2761 nativitate
1651 2706 1932 2776 discepta-

349 2791 575 2858 tionem,
626 2808 726 2849 nec
758 2792 1118 2866 Pythagoras,
1158 2812 1257 2852 nec
1291 2797 1570 2864 Socrates,
1604 2815 1705 2855 nec
1752 2799 1929 2864 Plato,

350 2898 450 2938 nec
487 2883 659 2939 Stoici
695 2897 1031 2959 receperunt.
1061 2886 1216 2954 Quod
1244 2889 1289 2945 si
1319 2872 1495 2959 qui'in
1543 2890 1742 2949 fabulis
1787 2896 1927 2950 edu—

349 2977 455 3031 cati
499 2986 646 3046 sunt,
712 2979 875 3050 hujus
930 2979 1128 3036 fabulae
1177 2982 1511 3053 impietatem
1550 2998 1928 3057 exsecrantur,

350 3070 475 3139 quis
526 3069 728 3127 divinis
782 3073 1130 3127 sermonibus
1184 3074 1413 3130 credens
1452 3075 1570 3133 haec
1619 3092 1729 3133 non
1764 3083 1928 3136 modo

2026 479 2197 572 γησεν
2219 479 2294 564 ῶς
2322 479 2608 569 ἠθέλησεν.
2635 494 2847 563 Ὥσπερ
2877 489 2934 543 δὲ
2964 486 3043 559 τῷ
3075 482 3422 557 στερεώματι
3450 479 3611 572 διεῖλε

2025 570 2133 646 τῶν
2164 591 2374 645 ὑδάτων
2408 586 2504 658 τὴν
2540 584 2723 657 φύσιν,
2763 583 2856 635 καὶ
2896 580 2965 634 τά
3002 580 3101 650 μὲν
3142 575 3483 631 ἐπιτέθεικεν
3514 570 3612 624 ἄν-

2025 683 2184 748 ωθεν,
2215 682 2282 736 τά
2310 680 2368 734 δὲ
2401 678 2649 733 κάτωθεν
2683 673 3105 729 καταλέλοιπεν*
3144 667 3317 730 οὕτως
3347 667 3523 718 ἐκεῖνο
3553 661 3614 715 τὸ

2027 776 2143 846 φῶς
2170 772 2359 827 διελὼν
2385 773 2461 836 ὡς
2487 770 2777 841 ἠθέλησεν,
2808 767 2934 829 τοὺς
2965 763 3262 834 φωστῆρας
3288 762 3413 822 τοὺς
3440 757 3614 829 μεγά-

2026 867 2154 932 λους
2188 867 2284 921 καὶ
2313 865 2440 928 τοὺς
2476 862 2707 935 μικροὺς
2737 856 3161 913 κατεσκεύασεν.

2648 997 2846 1051 ΕΡΩΤ.
2886 991 2900 1042 Ι
2912 989 2950 1042 Ε
2971 1021 2995 1040 .

2035 1143 2096 1197 Τί
2127 1142 2258 1197 ἐστι
2286 1139 2353 1194 τὸ
2392 1157 2411 1189 ι
2447 1141 2549 1204 Εἰς
2575 1135 2815 1205 σημεῖα,
2848 1132 2946 1187 καὶ
2980 1127 3360 1205 είςίκαιροὺς,
3390 1126 3487 1181 καὶ
3526 1129 3617 1194 είς

2360 1204 2694 1273 ἐνιαυτοὺς,
2726 1204 2825 1259 καὶ
2858 1206 2945 1269 εις
2974 1204 3197 1271 ἡμέρας
3221 1216 3234 1228 °
3271 1220 3289 1251 ι

2111 1326 2168 1380 '0
2202 1326 2353 1396 ἥλιος
2397 1322 2635 1393 ἀνίσχων
2688 1319 2787 1392 μὲν
2822 1319 2917 1373 καὶ
2967 1316 3228 1386 δυόμενος
3272 1314 3372 1378 τὰς
3402 1313 3615 1385 ἡμέρας

2030 1425 2208 1476 ποιεῖ·
2256 1424 2334 1485 εἰς
2381 1420 2436 1473 δὲ
2465 1419 2533 1472 τά
2563 1417 2716 1470 νότια
2760 1416 2856 1469 καὶ
2904 1416 2974 1468 τὰ
3005 1413 3190 1484 βόρεια
3226 1411 3367 1481 μέρη
3399 1411 3614 1481 διατρέ-

2029 1531 2163 1586 χων,
2211 1513 2303 1567 τὸν
2334 1512 2605 1566 ἐνιαύσιον
2634 1511 2837 1567 κύκλον
2867 1507 3143 1565 ἀποτελεῖ.
3194 1498 3364 1568 Οὗτος
3393 1504 3489 1556 καὶ
3517 1502 3617 1565 τὰς

2030 1604 2239 1678 τροπὰς
2292 1602 2624 1673 ἐργάζεται,
2680 1601 2749 1667 ἃς
2797 1599 3025 1670 καιροὺς
3074 1595 3362 1666 ὠνόμασεν
3415 1593 3449 1663 ἡ
3495 1591 3617 1645 θεία

2030 1698 2245 1771 Γραφή.
2283 1696 2417 1749 Ἀπὸ
2445 1694 2551 1768 γάρ
2582 1693 2676 1748 τοῦ
2715 1690 3033 1765 ίσημερινοῦ
3064 1689 3231 1742 τόπου
3265 1685 3403 1756 πρὸς
3431 1684 3499 1738 τὰ
3531 1683 3617 1754 βό-

1962 1798 2003 1852 Β
2037 1807 2155 1862 ρεια
2197 1786 2557 1860 μεταϐαίνων,
2607 1786 2667 1840 τὸ
2720 1785 2819 1856 ἔαρ
2852 1785 3027 1837 ποιεῖ’
3081 1776 3203 1834 εἶτα
3237 1777 3446 1833 ἐκεῖθεν
3477 1779 3616 1829 ἐπα-

2030 1882 2159 1937 νιὼν
2192 1882 2352 1953 μέχρι
2403 1877 2605 1933 τούτων
2648 1878 2758 1932 τῶν
2810 1878 2971 1948 ὅρων,
3022 1872 3121 1944 τὴν
3172 1870 3392 1942 θερινὴν
3448 1886 3617 1922 κατα-

2031 1976 2288 2040 σκευάζει
2315 1975 2524 2046 τροπήν
2554 1989 2568 2003 ⁶
2620 1973 2904 2044 προϊόντος
2950 1969 3007 2022 δὲ
3041 1967 3205 2021 αὐτοῦ
3238 1964 3489 2019 ἐντεῦθεν
3525 1963 3616 2017 ἐπὶ

2029 2067 2097 2123 τά
2125 2067 2295 2132 νότια,
2329 2065 2391 2118 τὸ
2422 2064 2739 2136 μετόπωρον
2776 2063 2988 2132 γίνεται
3015 2078 3029 2091 ⁸
3074 2060 3312 2114 ἐπανιὼν
3345 2059 3403 2112 δὲ
3438 2055 3616 2122 αὖθις,

2028 2160 2121 2213 τὸν
2156 2157 2399 2229 χειμῶνα
2432 2158 2598 2211 ποιεῖ.
2659 2156 2754 2209 Ἐκ
2787 2154 2843 2208 δὲ
2885 2153 2977 2207 τοῦ
3012 2154 3212 2225 δρόμου
3256 2153 3359 2223 τῆς
3389 2152 3617 2223 σελήνης

2030 2252 2123 2305 τὸν
2152 2251 2260 2304 τῶν
2293 2249 2481 2323 μηνῶν
2515 2248 2859 2318 μανθάνομεν
2891 2246 3145 2316 ἀριθμόν.
3193 2244 3293 2298 Διά
3321 2243 3618 2316 τριάκοντα

2030 2340 2141 2414 γάρ
2170 2339 2413 2413 ἡμερῶν,
2450 2337 2510 2404 ἓξ
2538 2338 2651 2409 (40)
2683 2337 2846 2409 ὡρῶν
2871 2336 3128 2402 δεουσῶν,
3151 2336 3242 2389 τὸν
3274 2336 3474 2389 οἰκεῖον
3497 2334 3615 2404 δρό-

2037 2452 2137 2507 μον
2167 2435 2385 2507 πληροῖ.
2421 2428 2496 2488 Οὖ
2536 2432 2598 2501 δὴ
2634 2432 2794 2503 χάριν
2834 2430 2927 2484 τὸν
2960 2429 3068 2483 τῶν
3098 2428 3365 2483 τοσούτων
3396 2427 3620 2500 ἡμερῶν

2035 2526 2266 2599 ἀριθμὸν
2305 2526 2451 2598 μῆνα
2486 2520 2988 2595 προσαγορεύομεν.
3031 2518 3254 2590 Ἐπειδὴ
3284 2520 3379 2572 καὶ
3401 2519 3498 2590 τὴν
3528 2535 3620 2571 σε-

2032 2622 2201 2694 λήνην
2227 2619 2555 2691 ὀνομάζουσι
2589 2618 2788 2689 μήνην.
2821 2616 2895 2669 Τὸ
2925 2615 2981 2669 δὲ
3009 2617 3096 2680 εὶς
3118 2612 3359 2683 σημεῖα,
3386 2611 3447 2665 ού
3478 2609 3621 2663 κατά

2033 2716 2157 2779 τοὺς
2188 2714 2448 2784 ἀνοήτους
2479 2710 2708 2781 νοοῦμεν
2736 2710 2920 2780 ἡμεῖς.
2969 2707 3083 2776 Τῆς
3121 2706 3231 2777 γάρ
3274 2702 3619 2773 γενεθλιαλο⁴

2033 2803 2160 2873 γίας
2200 2802 2300 2873 τὴν
2346 2800 2756 2872 ματαιολογίαν,
2795 2797 2917 2851 οὐδὲ
2962 2794 3310 2866 Πυθαγόρας,
3353 2793 3473 2847 οὐδὲ
3507 2793 3621 2846 Σωο

2034 2893 2267 2964 κράτης,
2298 2892 2417 2945 οὐδὲ
2445 2890 2688 2956 Πλάτων,
2720 2887 2839 2942 οὐδὲ
2870 2889 2919 2941 οἱ
2948 2887 3177 2940 Στωϊκοὶ
3202 2883 3617 2957 προσεδέξαντο.

2034 2984 2100 3037 Εἰ
2125 2983 2181 3037 δὲ
2210 2984 2261 3036 οἱ
2293 2986 2406 3046 τοῖς
2436 2982 2625 3053 μύθοις
2654 2978 3087 3059 ἐντεθραμμένοι
3135 2979 3286 3032 τοῦδε
3316 2978 3411 3032 τοῦ
3447 2976 3618 3045 μύθου

2033 3075 2096 3129 τὸ
2124 3076 2319 3140 ἀσεϐὲς
2346 3072 2727 3139 ὲϐδελύξαντο·
2774 3073 2857 3136 τίς
2903 3073 2970 3127 ἂν
3000 3075 3116 3136 τοῖς
3148 3071 3314 3136 θείοις
3350 3072 3622 3127 πιστεύων

351 3159 537 3231 impia,
572 3163 665 3218 sed
694 3162 852 3220 valde
892 3165 1056 3219 etiam
1089 3164 1236 3220 fatua
1263 3166 1530 3238 recipiat?
1559 3166 1726 3241 Signa
1764 3172 1928 3242 igitur

2034 3167 2256 3238 λογίοις,
2290 3166 2399 3221 τῶν
2428 3166 2489 3220 οὐ
2511 3163 2793 3219 δυσσεϐῶν
2824 3165 3004 3237 μόνον,
3032 3164 3171 3219 ἀλλά
3196 3167 3292 3222 καὶ
3321 3164 3440 3218 λίαν
3460 3165 3622 3236 ἀνοή-

350 3263 508 3308 vocat
539 3253 821 3326 Scriptura
867 3256 1073 3323 divina,
1128 3258 1329 3328 quibus
1377 3276 1773 3332 cognoscamus
1795 3273 1935 3321 tem-

351 3362 454 3416 pus
488 3358 855 3418 opportunum
903 3352 1235 3420 seminandi,
1302 3353 1604 3425 plantandi,
1642 3361 1930 3430 purgandi,

351 3447 406 3491 et
435 3437 576 3507 ligna
625 3442 866 3498 caedendi
893 3445 960 3500 ad
1015 3447 1231 3501 navium
1260 3456 1314 3502 et
1359 3449 1622 3506 domuum
1678 3465 1935 3512 constru-

352 3528 588 3584 ctionem
658 3531 874 3589 idonea.
935 3533 1071 3593 Inde
1117 3538 1281 3593 etiam
1349 3550 1532 3597 nautae
1585 3543 1930 3614 didicerunt,

353 3621 575 3690 quando
602 3636 907 3694 opportune
953 3645 1146 3686 navem
1192 3632 1501 3691 subducere
1528 3636 1614 3692 vel
1651 3637 1933 3708 impellere

355 3713 669 3779 conveniat,
701 3725 755 3770 et
790 3719 1012 3788 quando
1059 3723 1177 3777 vela
1216 3724 1453 3793 pandere
1484 3737 1581 3782 aut
1609 3729 1934 3786 contrahere

355 3814 623 3870 Oporteat.
661 3805 1011 3878 Experientia
1038 3813 1183 3868 enim
1219 3815 1369 3886 ipsos
1416 3817 1607 3873 docuit
1655 3829 1931 3877 astrorum

355 3906 510 3952 ortus
541 3907 595 3953 et
626 3916 875 3958 occasus.
937 3901 1090 3975 Saepe
1119 3907 1284 3963 etiam
1310 3926 1413 3966 nos
1444 3927 1664 3983 quoque
1690 3914 1792 3969 hac
1843 3931 1934 3969 ra—

356 3989 506 4044 tione
548 4002 840 4059 cometam,
892 4001 989 4048 aut
1032 3996 1311 4054 barbatam
1340 4001 1575 4066 stellam,
1604 4012 1700 4057 aut
1726 4004 1934 4059 trabem

354 4079 620 4146 videntes,
653 4082 908 4139 incursus
938 4084 1177 4142 hostium
1228 4089 1508 4156 novimus,
1562 4099 1657 4146 aut
1710 4091 1935 4147 locustae

360 4172 740 4243 irruptionem,
771 4185 867 4230 aut
888 4176 1263 4248 jumentorum
1295 4183 1380 4239 vel
1412 4183 1697 4240 hominum
1723 4186 1933 4242 cladem

353 4264 618 4323 futuram.
650 4266 778 4324 Haec
806 4269 973 4340 igitur
997 4273 1149 4343 signa
1201 4276 1418 4331 vocavit
1454 4276 1766 4349 Scriptura,
1825 4294 1934 4335 non

353 4357 443 4413 illa
473 4358 632 4429 plane
656 4358 944 4416 dementiae
974 4372 1139 4434 atque
1183 4363 1476 4435 impietatis
1501 4368 1683 4440 plena.

862 4496 970 4569 19
997 4496 1275 4555 INTERR.
1294 4499 1434 4559 XVI.

357 4623 533 4691 Quare
567 4627 704 4687 Deus
738 4634 931 4688 creavit
960 4634 1173 4708 plantas
1205 4644 1327 4708 ante
1348 4635 1661 4708 luminaria,
1693 4637 1932 4708 postilla

787 4720 906 4759 vero
942 4705 1182 4761 condidit
1205 4706 1501 4763 animalia?
1546 4705 1550 4709 “

426 4807 628 4868 Oculos
645 4814 847 4871 habent
881 4819 1159 4889 animalia,
1184 4836 1282 4876 nec
1309 4819 1449 4876 lucis
1479 4835 1769 4876 excessum
1793 4818 1936 4877 ferre

356 4904 685 4975 potuissent.
720 4905 835 4963 Lux
862 4924 991 4965 vero
1013 4912 1301 4970 distributa
1343 4913 1398 4969 in
1448 4929 1616 4985 parva
1651 4922 1706 4969 et
1738 4929 1936 4986 magna

358 4998 646 5055 luminaria
704 5002 1116 5060 convenientem
1168 5008 1346 5064 oculis
1381 5008 1701 5064 animalium
1745 5010 1932 5080 splen-

357 5090 544 5147 dorem
598 5094 792 5150 reddit.
848 5093 1168 5153 Plantarum
1223 5109 1407 5158 autem
1464 5111 1662 5158 natura
1729 5117 1930 5159 sensus

357 5200 584 5254 [lI‘OI‘SUS
615 5196 697 5244 est
727 5202 944 5259 expers.

433 5341 454 5383 ί
490 5342 625 5402 Gen.
665 5360 705 5411 l,
744 5344 835 5402 14.

2034 3278 2145 3316 των
2175 3259 2463 3332 ἀνάσχοιτο
2507 3258 2712 3329 λόγων;
2762 3256 2985 3327 Σημεῖα
3030 3256 3210 3311 τοίνυν
3250 3259 3282 3328 ἡ
3315 3256 3437 3311 θεία
3466 3257 3623 3312 καλεῖ

2035 3353 2249 3428 Γραφὴ,
2278 3354 2340 3407 τὸ
2360 3353 2563 3408 εἰδέναι
2598 3351 2802 3422 σπόρου
2833 3349 3047 3420 καιρὸν,
3083 3348 3177 3403 τοῦ
3215 3350 3502 3420 φυτεῦσαι,
3525 3350 3620 3406 τοῦ

2034 3448 2294 3519 καθᾶραι,
2334 3444 2428 3500 τοῦ
2462 3444 2595 3510 ξύλα
2625 3445 2813 3514 τεμεῖν
2838 3444 2920 3506 είς
2950 3440 3262 3512 ναυπηγίαν
3292 3442 3387 3495 καὶ
3414 3443 3615 3497 οἰκοδο-

2040 3538 2170 3610 μίαν
2203 3536 2507 3608 ὲπιτήδεια.
2552 3532 2831 3589 Ἐντεῦθεν
2858 3533 2969 3606 (41)
3000 3532 3094 3586 καὶ
3122 3534 3172 3585 οἱ
3204 3532 3453 3606 ναυτιλίᾳ
3475 3531 3619 3604 χρώ-

2039 3646 2191 3701 μενοι
2224 3626 2601 3699 μεμαθήκασι,
2631 3624 2762 3680 πότε
2791 3625 2890 3695 μὲν
2919 3623 3155 3698 ἀπᾶραι,
3180 3626 3310 3679 πότε
3339 3625 3394 3679 δὲ
3420 3625 3625 3696 καθορ-

2039 3721 2195 3793 μίσαι
2224 3721 2285 3774 τὸ
2319 3720 2527 3789 σκάφος
2557 3719 2863 3790 προσήκει*
2919 3718 3014 3772 καὶ
3066 3719 3197 3772 πότε
3248 3716 3346 3789 μὲν
3391 3718 3624 3770 πετάσαι

2034 3812 2115 3866 δεῖ
2146 3811 2206 3866 τὸ
2236 3811 2425 3878 ἱστίον,
2458 3811 2590 3865 wits
2617 3810 2675 3864 δὲ
2701 3809 2975 3865 καθελεῖν.
3016 3809 3082 3863 Ἦ
3110 3812 3274 3880 πεῖρα
3295 3809 3406 3881 γὰρ
3426 3808 3624 3873 αὐτοὺς

2035 3903 2382 3969 ὲξεπαίδευσε
2457 3902 2555 3967 τὰς
2610 3902 2719 3956 τῶν
2780 3903 3031 3974 ἀστέρων
3088 3901 3355 3966 ἀνατολάς
3405 3918 3466 3955 τε
3530 3901 3625 3954 καὶ

2035 3995 2218 4060 δύσεις
2238 4013 2251 4027 ·
2305 3993 2565 4058 πολλάκις
2595 3993 2654 4047 δὲ
2690 3993 2785 4047 καὶ
2814 3995 2979 4065 ἡμεῖς
3009 3996 3278 4064 κομήτην,
3310 3995 3343 4065 ἢ
3377 3992 3623 4062 πωγωνίο

2036 4106 2154 4161 την,
2200 4088 2234 4158 ἦ
2266 4075 2499 4159 ’δοκίδην
2540 4086 2652 4156 (42)
2705 4087 2931 4154 ἰδόντες,
2972 4087 3005 4159 ἢ
3052 4087 3327 4158 πολεμίων
3377 4086 3624 4156 ἔγνωμεν

2037 4178 2368 4250 προσϐολὴν,
2402 4176 2435 4250 ἢ
2471 4177 2691 4250 ἀκρίδος
2720 4178 2977 4251 ἐμϐολὴν,
3027 4179 3060 4249 ἢ
3109 4179 3320 4249 κτηνῶν
3349 4178 3382 4249 ἢ
3416 4177 3626 4249 ἀνθρώ-

2043 4290 2162 4326 πων
2201 4271 2430 4343 φθοράν.
2469 4270 2656 4325 Ταῦτα
2700 4270 2879 4325 τοίνυν
2919 4270 3139 4343 σημεῖα
3185 4273 3476 4335 ἐκάλεσεν,
3524 4271 3625 4325 οὐκ

2037 4363 2220 4419 ἐκεῖνα
2255 4361 2325 4417 τὰ
2357 4361 2537 4434 πάσης
2571 4361 2760 4426 ἀνοίας
2794 4363 2889 4416 καὶ
2922 4362 3249 4429 δυσσεϐείας
3279 4367 3475 4436 μεστά.

2656 4500 2852 4554 ΕΡΩΤ.
2893 4503 3014 4569 ις’.
3483 4544 3519 4582 χ

2118 4639 2180 4695 Τί
2211 4637 2287 4706 δή
2318 4651 2463 4692 ποτε
2488 4636 2563 4691 τὰ
2591 4636 2708 4709 μὲν
2728 4639 2891 4709 ,φρ-τὰ
2932 4639 3044 4704 πρὸ
3076 4637 3193 4691 τῶν
3220 4640 3553 4709 φωστήρων

2288 4708 2560 4777 ἐποίησε,
2584 4708 2658 4761 τὰ
2676 4707 2742 4761 δὲ
2767 4706 2877 4768 ζῶα
2902 4710 3055 4779 μετὰ
3080 4706 3375 4777 τούτους;

2124 4823 2467 4895 Ὀφθαλμοὺς
2498 4823 2611 4894 ἔχει
2644 4823 2712 4878 τὰ
2732 4821 2868 4887 ζῶα,
2891 4824 2984 4877 καὶ
3012 4823 3105 4878 τοῦ
3137 4825 3314 4894 φωτὸς
3336 4826 3435 4896 τὴν
3459 4827 3622 4899 ὑπερ-

2046 4916 2207 4990 ϐολὴν
2235 4917 2337 4971 οὐκ
2365 4914 2432 4969 ἂν
2461 4916 2678 4987 ἠνεγκε.
2717 4916 2889 4970 Τοῦτο
2930 4916 2986 4969 δὲ
3029 4918 3357 4989 διανεμηθὲν
3385 4921 3466 4983 εἰς
3498 4921 3625 4982 τοὺς

2046 5014 2275 5085 μικροὺς
2308 5012 2403 5065 καὶ
2440 5011 2712 5082 μεγάλους
2736 5015 3032 5082 φωστῆρας
3064 5012 3379 5085 σύμμετρον
3409 5016 3473 5084 τῇ
3505 5013 3626 5084 ὄψει

2036 5102 2146 5157 τῶν
2177 5101 2331 5166 ζώων
2360 5102 2586 5174 ἀφίησιν
2615 5100 2829 5174 αἴγλην.
2882 5103 3002 5158 Τῶν
3047 5103 3107 5157 δὲ
3161 5104 3347 5176 φυτῶν
3385 5106 3420 5177 ὴ
3464 5103 3625 5176 φύσις

2044 5192 2348 5265 αἰσθήσεως
2386 5194 2636 5265 ἄμοιρος.

1881 5513 2118 5576 NOTAE-

435 5671 547 5743 (ιο)
582 5672 691 5739 Ἓξ
708 5673 879 5742 ὡρῶν
901 5703 970 5716 -
992 5672 1241 5743 ἀριθμὸν
1270 5672 1469 5730 desunt

437 5745 548 5816 (ιι)
580 5745 715 5803 Cod.
745 5746 935 5815 etl’ic.
971 5743 1228 5800 ἐνταῦθα.

2118 5676 2230 5743 (ιε)
2259 5674 2395 5730 Cod.
2429 5687 2477 5729 et
2520 5673 2631 5728 Pic.
2674 5675 2830 5746 ριόἢ
2870 5675 3087 5744 saxeam
3125 5676 3345 5740 ἰδόντες,
3402 5675 3621 5737 habent,

2050 5748 2097 5800 εἰ
2132 5747 2279 5802 δοκεῖ
2309 5748 2364 5799 δὲ
2405 5749 2500 5800 καὶ
2530 5745 2711 5808 ἡμεῖς.
2744 5745 2849 5802 Sed
2894 5747 3075 5803 minus
3099 5748 3250 5801 bene.
