4038 6210
213 1550 230 1565 υ
327 1523 430 1578 Διὰ
477 1523 535 1576 τί
586 1521 658 1575 τὰ
701 1523 810 1589 θηρ

328 269 402 338 επ
1469 263 1757 337 QUEST.
1800 261 1881 323 IN
1915 260 2182 324 GENES.
2224 261 2383 322 CAP.
2421 262 2466 322 ῐ.
3531 266 3601 331 98

952 378 1144 432 ΕΡΩΤ.
1187 378 1286 432 IZ'.

351 495 512 558 Τίνος
537 491 708 560 χάριν
740 489 816 544 τὰ
841 489 961 558 μὲν
993 489 1152 560 φυτὰ
1184 489 1295 542 οὐκ
1321 485 1820 560 ηὐλςίγιησεκτοῖς
1846 485 1914 539 δὲ

497 556 656 626 ᾇῧοὶς
677 559 796 630 ἔφη
821 556 884 610 “vl
909 556 1280 624 Αὑξάνεσθε,
1310 578 1329 610 ι
1364 558 1462 611 καί
1485 556 1556 612 τὰ
1579 556 1762 626 ἐξῆς;

397 741 518 796 Τῶν
548 740 856 812 λειμώνων,
913 741 1007 795 καὶ
1037 741 1143 794 τῶν
1184 741 1374 810 ληῖων,
1420 739 1516 794 καὶ
1551 737 1913 792 παντοδαπῶν

327 833 566 904 βοτανῶν
596 833 694 887 καὶ
720 833 956 905 δένδρων
982 833 1144 896 εὐθὺς
1170 832 1437 903 ἐθελήσας
1470 831 1570 900 τὴν
1599 831 1708 901 γῆν
1735 829 1911 899 ἐπλή-

327 942 499 997 ρωσεν
525 925 746 979 ἅπασαν
773 940 788 954 ·
835 924 904 977 τὰ
953 924 1011 977 δέ
1058 940 1124 992 γε
1172 921 1342 990 ἄλογα
1373 923 1485 990 (45)
1539 921 1654 983 ζῶα
1690 919 1793 974 ἀνὰ.
1820 919 1914 973 δύο

326 1020 671 1089 παρήγαγεν.
737 1015 984 1078 Εἰκότως
1028 1015 1210 1067 τοίνυν
1264 1013 1450 1075 αὐτοῖς
1502 1011 1602 1083 τὴν
1661 1011 1913 1079 εὐλογίαν

324 1115 704 1184 προσήνεγκεν
731 1123 744 1136 ·
796 1107 886 1161 ῖνα
934 1106 1022 1159 διὰ
1051 1107 1153 1176 τῆς
1199 1103 1526 1171 πολυγονίας
1558 1103 1627 1156 τὰ
1665 1101 1763 1172 μὲν
1811 1119 1912 1155 πε-

325 1207 488 1275 i.-i11~,.
523 1202 620 1257 καὶ
645 1202 864 1270 λίμνας,
902 1199 998 1254 καὶ
1029 1197 1328 1269 ποταμοὺς,
1357 1195 1426 1250 τὰ
1453 1195 1512 1248 δὲ
1538 1194 1630 1248 τὸν
1661 1193 1820 1265 ἀέρα,
1845 1193 1912 1246 τὰ

331 1300 387 1354 δὲ
413 1295 676 1368 πληρώσῃ
708 1293 810 1365 τὴν
839 1293 964 1364 γῆν.

950 1404 1145 1462 ΕΡΩΤ.
1186 1401 1297 1458 IH'.

1029 1591 1173 1656 Θεός
1189 1606 1210 1655 ;

815 1520 906 1586 ιά,
953 1518 1051 1573 καὶ
1106 1517 1181 1573 τὰ
1233 1517 1454 1589 ἑρπετὰ
1498 1515 1831 1584 πεποίηκεν
1875 1516 1929 1570 δ.

2564 370 2841 426 ΙΝΤΕΙὶΒ.
2872 372 3036 428 XVII.

2019 487 2128 540 Cur
2157 487 2294 542 Deus
2335 504 2436 540 non
2477 487 2741 540 benedixit
2791 489 3011 557 plantis.
3069 491 3394 544 animalibus
3431 503 3600 548 αητειη

2055 558 2222 612 'dixit
2261 574 2280 612 :
2332 577 2349 608 ι
2391 558 2639 632 (Inscite,
2685 568 2735 611 et
2795 559 3226 628 multiplicamim
3254 565 3299 621 κ,
3332 581 3350 610 ι
3402 573 3450 614 et
3487 567 3605 632 qua

2086 629 2418 698 sequuntur?

2086 738 2228 795 Deus
2261 755 2359 811 pro
2387 749 2518 795 nutu
2561 754 2660 796 suo
2690 741 2875 797 statim
2909 742 3222 811 universam
3282 750 3479 796 terram
3515 757 3605 798 re-

2013 831 2180 900 plevit
2209 831 2404 901 pratis,
2431 832 2707 900 segetibus
2724 837 2766 896 ⁶,
2799 843 2856 888 et
2879 834 3002 889 aliis
3025 835 3205 890 omnis
3237 835 3454 904 generis
3481 836 3606 890 her-

2013 921 2098 977 bis
2119 931 2173 978 et
2204 923 2496 981 arboribus
2524 943 2538 982 :
2567 925 2726 982 bruta
2756 941 2884 982 vero
2914 927 3174 981 animalia
3210 927 3336 982 bina
3367 928 3595 982 ereavit.

2013 1009 2171 1070 Unde
2206 1018 2404 1072 merito
2437 1017 2874 1075 benedictionem
2898 1019 2982 1074 eis
3013 1019 3240 1091 largitus
3269 1031 3372 1085 est,
3407 1029 3469 1075 ut
3505 1033 3603 1090 per

2012 1106 2518 1177 multiplicationem
2540 1111 2788 1181 quaedam
2823 1111 3094 1182 replerent
3125 1111 3322 1177 maria,
3357 1111 3515 1167 lacus
3549 1118 3604 1166 et

2010 1200 2231 1270 ﬂuvios,
2259 1201 2512 1273 quaedam
2539 1217 2744 1270 aerem,
2781 1203 3042 1259 nonnulla
3072 1218 3204 1259 vero
3250 1211 3477 1258 terram.

2586 1397 2871 1455 INTERR.
2899 1397 3089 1454 XVIII.

2179 1514 2264 1570 Ad
2291 1514 2420 1587 quid
2449 1513 2590 1569 Deus
2624 1514 2818 1570 creavit
2861 1514 3054 1569 bestias
3091 1523 3141 1568 et
3172 1513 3436 1584 reptilia?

397 1711 582 1764 Δεῖται
611 1707 678 1762 τὰ
711 1706 900 1760 παιδία
929 1705 1021 1759 καὶ
1055 1702 1493 1776 μορμολυκείων,
1524 1700 1617 1756 καὶ
1643 1699 1909 1775 ἱμάντων,

2085 1695 2248 1752 Pueri
2302 1707 2416 1753 tum
2462 1694 2929 1752 terriculamentis
3005 1703 3118 1750 tum
3179 1695 3344 1751 etiam
3385 1693 3522 1750 loris
3549 1703 3606 1751 et

329 1803 427 1856 καὶ
458 1800 671 1874 ῥάϐδων
689 1815 704 1830 ο
753 1798 850 1852 κα).
875 1799 990 1860 τοῖς
1021 1797 1120 1868 μὲν
1148 1795 1290 1849 αὐτὰ
1319 1791 1690 1864 δεδιττόμεθα,
1716 1793 1830 1856 τοῖς
1858 1789 1917 1844 δὲ

331 1894 426 1948 καὶ
481 1892 844 1962 παιδεύομενο
904 1890 1140 1961 ἑκάτερα
1185 1887 1296 1959 (44)
1341 1887 1398 1942 δὲ
1443 1885 1684 1958 δρῶμεν,
1734 1885 1918 1938 πᾶσαν

330 1987 516 2048 αὐτοῖς
568 1981 824 2048 εὐταξίαν
879 1979 1416 2052 πραγματευόμενοι.
1475 1975 1696 2048 Ἐπειδὴ
1741 1975 1957 2030 τοίνυν·

333 2075 557 2148 προῄδει
603 2075 751 2144 ἡμᾶς
799 2073 828 2126 ὀ
873 2070 1170 2142 Δεσπότης,
1200 2069 1333 2132 Θεὸς
1374 2069 1454 2133 είς
1504 2067 1779 2140 ρᾳθυμίαν
1828 2069 1920 2122 ὲκ-

333 2167 682 2230 κλινοῢντας,
753 2159 864 2219 οἷον
950 2163 1184 2234 ἱμάντας
1261 2159 1414 2225 τινὰς
1451 2162 1578 2225 ,καὶ
1650 2158 1921 2232 μορμολυ-

332 2261 455 2312 κεῖα
501 2255 981 2328 προκατεσκεύασε
1017 2253 1086 2308 τὰ
1133 2251 1338 2325 θηρία·
1395 2250 1483 2305 ἴνα
1527 2249 1738 2314 τούτοις
1771 2249 1920 2320 ἡμᾶς

331 2350 726 2422 δεδιττόμενος,
755 2348 893 2422 πρὸς
926 2345 1116 2402 ἑαυτὸν
1145 2345 1302 2417 ἕλκῃ,
1336 2344 1432 2398 καὶ
1458 2341 1644 2396 καλεῖν
1677 2342 1756 2402 εἰς
1789 2356 1921 2408 συμ.

337 2443 541 2516 μαχίαν
562 2439 982 2512 παρασκευάζῃ.
1019 2437 1163 2493 Ἀλλ’
1183 2435 1372 2509 ῶσπερ
1392 2435 1442 2490 οἱ
1471 2433 1666 2489 τέλειοι
1694 2433 1789 2486 καὶ
1811 2429 1918 2484 τῶν

335 2533 776 2608 μορμολυκείων,
808 2533 904 2587 καὶ
932 2531 1043 2585 τῶν
1077 2530 1320 2602 ἱμάντων
1345 2525 1798 2598 καταφρονοῦσιν,
1825 2522 1918 2576 οὗ·

333 2645 438 2692 τως
464 2627 516 2681 οι
545 2627 646 2698 τῆς
677 2625 879 2697 ἀρετῆς
929 2622 1183 2695 τρόφιμοι
1211 2621 1311 2686 τὰς
1347 2620 1458 2674 τῶν
1489 2617 1691 2692 θηρίων
1716 2617 1777 2670 οὐ
1810 2616 1919 2668 δει-

337 2719 591 2790 μαίνουσι
621 2717 948 2789 προσϐολάς.
1001 2717 1113 2770 Καὶ
1156 2715 1267 2787 γὰρ
1313 2713 1394 2786 τῷ
1450 2712 1620 2784 Ἀδὰμ
1667 2711 1774 2783 πρὸ
1821 2710 1920 2781 τῆς

333 2811 608 2882 ἁμαρτίας
651 2809 992 2879 παρεστήκει
1022 2807 1092 2860 τὰ
1128 2807 1292 2879 θηρία
1320 2807 1419 2875 τὴν
1458 2803 1702 2859 δουλείαν
1729 2801 1922 2874 ὁμολο-

330 2900 554 2970 γοῦντα,
595 2901 690 2954 καὶ
717 2898 795 2972 τῷ
826 2899 950 2952 Νῶε
985 2897 1144 2954 πάλιν
1173 2899 1253 2962 είς
1287 2897 1385 2968 τὴν
1413 2895 1644 2950 κιϐωτὸν
1677 2894 1918 2954 είσιόντι,

333 2992 490 3063 δίκην
521 2992 816 3062 προϐάτων
844 2985 946 3044 ’καὶ
977 2989 1116 3044 λέων
1160 2988 1471 3062 ⁴ῐ-δκολούθει,
1509 2987 1602 3040 καὶ
1630 2984 1916 3057 πάρδαλις,

2017 1791 2186 1862 virgis
2216 1789 2481 1860 indigent.
2524 1787 2592 1842 Et
2617 1802 2716 1859 per
2746 1788 2839 1844 illa
2868 1787 3089 1858 quidem
3120 1787 3272 1859 ipsos
3307 1797 3602 1858 terremus,

2018 1897 2115 1952 per
2163 1883 2280 1938 haec
2337 1891 2517 1936 autem
2570 1879 2878 1947 erudimus,
2917 1889 3151 1950 utraque
3186 1895 3317 1936 vero
3349 1880 3602 1949 facimus,

2019 1975 2365 2030 honestatem
2415 1988 2636 2030 omnem
2682 1973 2762 2030 eis
2796 1981 3178 2044 procurantes.
3233 1972 3376 2028 Cum
3429 1973 3598 2044 igitur

2021 2066 2288 2122 Dominus
2341 2065 2486 2122 Deus
2534 2063 3016 2121 animadvertisset
3076 2079 3177 2120 nos
3209 2064 3275 2120 ad
3329 2065 3600 2133 ignaviam

2019 2157 2307 2228 proclives,
2341 2156 2543 2212 bestias
2571 2163 2626 2210 et
2654 2155 2867 2227 reptilia
2926 2154 3080 2226 prius
3123 2154 3388 2222 condidit,
3435 2156 3603 2212 veluti

2021 2253 2138 2307 lora
2165 2251 2416 2323 quaedam
2447 2260 2502 2307 et
2531 2251 2975 2308 terriculamenta
3001 2270 3016 2308 :
3051 2261 3110 2306 ut
3140 2267 3234 2322 per
3266 2267 3329 2307 ea
3365 2267 3466 2308 nos
3498 2263 3606 2308 ter-

2021 2361 2150 2400 rens
2181 2345 2249 2399 ad
2284 2361 2343 2400 se
2382 2345 2647 2413 traheret,
2701 2359 2933 2415 nosque,
2967 2352 3027 2400 ut
3053 2345 3174 2415 ejus
3201 2346 3462 2400 auxilium
3497 2347 3603 2400 im-

2019 2439 2386 2510 ploraremus,
2429 2439 2744 2494 adduceret.
2774 2441 2843 2494 At
2872 2439 3330 2508 quemadmodum
3357 2441 3449 2510 qui
3477 2456 3604 2510 per-

2021 2531 2219 2588 fectam
2241 2540 2454 2587 aetatem
2479 2531 2794 2601 attigerunt,
2815 2530 3261 2586 terriculamenta
3288 2530 3602 2600 hujusmodi

2019 2634 2072 2678 et
2095 2623 2208 2678 lora
2241 2629 2634 2678 contemnunt:
2669 2620 2748 2676 sic
2780 2621 2872 2690 qui
2902 2621 2953 2675 in
2981 2622 3183 2675 virtute
3209 2621 3422 2676 educati
3452 2632 3600 2688 sunt,

2019 2715 2318 2772 bestiarum
2398 2715 2655 2770 incursus
2725 2713 2868 2770 haud
2933 2713 3246 2770 formidant.
3324 2713 3602 2784 Siquidem

2021 2807 2252 2872 Adamn,
2301 2807 2412 2878 20
2459 2806 2613 2875 prius
2673 2819 2838 2876 quam
2914 2814 3214 2875 peccasset,
3271 2805 3604 2860 assistebant

2021 2900 2210 2956 bestiae
2230 2899 2554 2970 obsequium
2576 2895 2903 2953 deferentes.
2929 2897 2992 2950 Et
3015 2913 3257 2963 rursum,
3291 2899 3468 2968 ipsum
3492 2896 3606 2953 Noe

2025 2991 2414 3064 ingredientem
2447 3004 2653 3056 arcam,
2679 2989 2786 3051 leo,
2806 2989 3034 3059 pardus,
3059 2996 3113 3042 ct
3146 2989 3425 3058 reptilium
3449 2999 3601 3043 atro-

334 3085 428 3140 καὶ
471 3083 587 3137 τῶν
632 3082 880 3156 ἑρπετῶν
929 3082 1001 3136 τὰ
1054 3081 1402 3154 πικρόταταο
1461 3079 1556 3135 καὶ
1597 3077 1674 3151 τῷ
1724 3076 1919 3150 Δανιὴλ

2025 3083 2249 3139 cissima
2281 3096 2512 3154 qumque
2570 3079 2752 3135 ovium
2787 3094 2941 3134 more
2996 3078 3386 3149 sequebantur.
3420 3080 3482 3133 Et
3507 3080 3606 3134 Da-

338 3177 788 3248 παρεστήκεισαν
817 3177 870 3229 οἱ
904 3174 1137 3243 λέοντες,
1189 3175 1504 3247 ὀρεγόμενοι
1542 3173 1640 3246 μὲν
1687 3173 1915 3244 τροφῆς,

337 3271 572 3324 πελάσαι
619 3269 678 3323 δὲ
729 3269 804 3341 μὴ
851 3269 1176 3340 τολμῶντες.
1224 3270 1364 3334 Τοὺς
1405 3270 1512 3342 γὰρ
1539 3267 1790 3331 θεοειδεῖς
1818 3267 1918 3338 τῆς

338 3361 489 3425 θείας
519 3362 730 3426 εἰκόνος
765 3359 953 3431 ἐώρων
980 3360 1037 3412 ἐν
1090 3357 1238 3430 αύτῷ
1292 3359 1646 3430 χαρακτῆρας
1680 3375 1694 3388 ·
1747 3355 1920 3422 οὕτως

339 3451 453 3523 ἔχις
485 3455 554 3524 τῇ
597 3451 694 3504 τοῦ
738 3451 1062 3505 Ἀποστόλου
1097 3451 1243 3523 χειρὶ
1285 3449 1408 3513 τοὺς
1436 3449 1714 3514 ὀδόντας¹⁶
1745 3448 1919 3520 ἐμϐα-

337 3545 527 3604 λοῦσα.
561 3545 658 3598 καὶ
688 3546 788 3614 τῆς
823 3542 1099 3615 ἁμαρτίας
1124 3541 1185 3594 τὸ
1214 3540 1409 3613 χαῦνον
1446 3541 1538 3596 καὶ
1565 3541 1800 3612 χαλαρὸν
1823 3541 1921 3611 οὐχ

337 3633 600 3704 εὑροῦσα,
643 3633 964 3705 ἀπεπήδησε
1003 3633 1338 3705 παραυτίκα,
1375 3632 1643 3688 καὶκατὰ
1677 3635 1774 3704 τῆς
1815 3649 1920 3686 πυ-

339 3727 438 3796 ρᾶς
467 3725 659 3795 ἥλατο,
701 3723 894 3797 ῶσπερ
924 3724 1080 3790 δίκας
1108 3725 1308 3798 ἑαυτὴν
1335 3725 1792 3796 είσπραττομένη,
1837 3726 1921 3778 ὅτι

335 3812 414 3884 τῷ
471 3811 790 3883 μηδαμόθεν
856 3815 1190 3885 προσήκοντι
1261 3813 1632 3886 προσεϐάλετο
1689 3813 1918 3886 σώματι.

348 3905 540 3975 Ἡμεῖς
567 3899 628 3960 δὲ
655 3906 725 3960 τὰ
759 3905 922 3978 θηρία
965 3905 1304 3978 δεδοίκαμεν,
1346 3907 1534 3977 ἐπειδὴ
1578 3908 1675 3978 τῆς
1719 3907 1922 3979 ἀρετῆς

335 3997 434 4070 τὴν
457 3999 742 4053 πολιτείαν
767 4000 867 4052 οὐκ
897 3998 1114 4070 ἔχομεν.
1146 4000 1256 4054 Καὶ
1285 3998 1426 4053 οὕτω
1447 3999 1504 4053 δὲ
1533 3999 1921 4072 ῥᾳθυμούντων

336 4090 640 4160 κηδόμενος
670 4092 700 4144 ό
744 4091 900 4156 Θεὸς,
950 4091 1078 4155 τοὺς
1121 4090 1494 4162 ἐρημοτέρους
1541 4091 1769 4154 ἐκείνοις
1813 4092 1923 4144 ἀπ-

337 4179 623 4251 εκλήρωσε
653 4178 875 4244 τόπους,
913 4182 1009 4234 κει)⁸
1043 4180 1133 4234 τὸν
1161 4183 1259 4251 τῆς
1291 4182 1484 4246 νυκτὸς
1517 4181 1699 4246 αὐτοῖς
1730 4181 1922 4252 καιρὸν

337 4271 636 4340 ἀπένειμεν
681 4272 762 4335 είς
805 4269 1099 4343 διατροφήν
1126 4287 1140 4302 ⁸
1200 4290 1219 4325 ι
1256 4273 1343 4326 Ἑν
1390 4274 1528 4346 αὐτῇ
1579 4273 1709 4346 γὰρ,
1763 4273 1921 4344 φησὶ,

337 4360 712 4414 διελεύσονται
758 4361 940 4415 πάντα
989 4362 1057 4416 τὰ
1108 4361 1273 4434 θηρία
1313 4361 1406 4416 τοῦ
1449 4363 1677 4434 δρυμοῦ.
1720 4381 1738 4414 ι
1797 4363 1922 4427 Τοῖς

339 4452 593 4520 ἑρπετοῖς
621 4450 700 4517 δὲ,
728 4453 856 4513 τοὺς
899 4451 1008 4521 (45)
1053 4453 1110 4506 ἐν
1147 4455 1214 4524 τῇ
1263 4456 1332 4525 γῇ
1369 4453 1575 4508 δέδωκε
1618 4455 1920 4527 χηραμοὺς,

2022 3176 2150 3232 nieli
2184 3175 2414 3231 aderant
2438 3175 2648 3241 leones,
2684 3171 2779 3244 qui
2811 3171 3018 3242 alioqui
3061 3169 3298 3225 famelici
3343 3171 3606 3226 accedere

2025 3279 2203 3323 tamen
2235 3267 2299 3321 ad
2331 3281 2456 3322 eum
2485 3279 2592 3319 non
2649 3263 2946 3326 audebant,
2987 3276 3054 3317 eo
3084 3262 3230 3332 quod
3270 3260 3324 3315 in
3354 3261 3446 3314 illo
3490 3278 3608 3332 spe-

2019 3361 2200 3418 cimen
2225 3359 2501 3430 quoddam
2535 3358 2778 3412 divinam
2830 3355 3129 3426 imaginem
3166 3369 3278 3426 pne
3312 3369 3372 3410 se
3418 3353 3603 3410 ferens

2022 3453 2422 3522 conspicerent.
2458 3449 2644 3506 Itidem
2693 3450 2900 3519 vipera,
2942 3464 3066 3520 qua:
3094 3447 3287 3504 dentes
3343 3447 3607 3516 iniecerat

2024 3544 2076 3598 in
2107 3558 2326 3597 manum
2361 3539 2674 3612 Apostolih,
2701 3555 2822 3596 cum
2875 3539 3085 3610 peccati
3137 3537 3274 3594 nihil
3325 3538 3605 3592 inlirmum

2022 3643 2118 3690 aut
2142 3634 2304 3689 molle
2327 3634 2380 3688 in
2409 3619 2810 3703 eoireperisset,
2845 3646 2972 3688 mox
3003 3631 3217 3700 resiliit,
3249 3639 3303 3686 et
3335 3630 3390 3685 in
3425 3629 3606 3701 ignem

2023 3740 2083 3782 se
2115 3724 2370 3796 conjecit,
2428 3723 2758 3795 supplicium
2814 3721 3223 3794 quodammodo
3280 3721 3436 3776 dese
3488 3721 3608 3791 ipsa

2023 3833 2271 3885 sumens,
2311 3816 2458 3888 quod
2511 3832 2714 3887 corpus
2773 3817 2876 3872 sibi
2922 3815 3238 3871 nullatenus
3277 3812 3608 3870 conveniens

2023 3907 2216 3963 adorta
2245 3917 2408 3964 esset.
2457 3905 2569 3962 Nos
2602 3915 2784 3962 autem
2825 3907 2944 3962 ideo
2984 3907 3188 3962 bestias
3221 3904 3604 3972 formidamus,

2022 3999 2150 4070 quia
2182 3999 2381 4055 virtute
2422 3998 2664 4070 praeditis
2690 3998 2934 4054 moribus
2972 4014 3082 4054 non
3111 4013 3322 4054 sumus.
3353 3996 3415 4051 Et
3443 3997 3515 4051 ob
3553 3995 3608 4051 id

2023 4091 2170 4147 Deus
2210 4090 2522 4148 socordium
2551 4091 2718 4146 etiam
2751 4091 3036 4146 hominum
3067 4105 3257 4146 curam
3301 4104 3490 4160 agens,
3513 4102 3610 4144 eas
3694 4142 3700 4147 .

2025 4185 2081 4239 in
2105 4185 2399 4243 remotiora
2434 4185 2552 4240 loca
2614 4184 2891 4254 relegavit,
2923 4193 2978 4238 et
3007 4184 3076 4239 iis
3117 4193 3446 4238 nocturnum
3479 4189 3610 4236 tem-

2026 4293 2128 4348 pus
2167 4278 2233 4332 ad
2256 4292 2442 4334 escam
2493 4277 2843 4346 quaerendam
2899 4276 3127 4347 largitus
3181 4282 3288 4332 est.
3323 4293 3342 4326 ι
3379 4275 3435 4328 1η
3489 4275 3609 4344 ipsa

2025 4371 2172 4426 enim
2206 4370 2408 4441 (nocte)
2435 4369 2532 4434 ait,
2563 4367 2875 4424 tranbibunt
2917 4383 3110 4423 omnes
3144 4367 3332 4422 bestiae
3356 4365 3506 4420 silvae
3527 4367 3604 4418 ί.»

2029 4460 2336 4532 Reptilibus
2361 4475 2490 4515 vero
2525 4468 2683 4514 antra
2728 4467 2889 4514 terrae
2927 4459 3178 4530 praebuit,
3223 4466 3282 4511 ut
3332 4457 3384 4510 in
3419 4455 3500 4511 eis
3530 4455 3612 4510 Ia-

338 4543 488 4604 ὃπως
533 4542 592 4594 ὲν
625 4539 856 4604 ἐκείνοις
887 4544 1305 4614 ὲγκρυπτόμενα
1341 4543 1415 4615 μὴ
1466 4543 1769 4614 λυμαίνωτι
1813 4546 1919 4599 τῶν

2031 4555 2202 4610 tentia
2237 4555 2474 4608 humano
2521 4551 2706 4623 generi
2737 4566 2845 4606 non
2885 4560 3138 4606 noceant.
3180 4550 3248 4603 At
3285 4562 3352 4602 ne
3383 4547 3609 4614 bestias,

339 4632 648 4704 ἀνθρώπιον
668 4633 730 4687 τὸ
749 4635 928 4702 γένος.
959 4634 1073 4688 Ἱνα
1097 4636 1153 4688 δὲ
1179 4635 1254 4706 μὴ
1285 4637 1628 4691 παντάπασιν
1655 4637 1919 4709 ἀλὼϐητοι

2029 4647 2276 4702 velut'ab
2331 4646 2416 4702 his
2467 4659 2694 4716 prorsus
2750 4644 2926 4706 illaesi,
2978 4651 3415 4708 contemnamus,
3451 4639 3610 4710 quasi

338 4725 693 4794 διαμένοντες
752 4726 1188 4797 καταφρονῶμεν
1240 4727 1454 4792 αὐτῶν,
1525 4729 1601 4791 ὠς
1665 4728 1919 4800 βλάπτειν

2033 4739 2192 4794 nobis
2244 4738 2470 4793 minime
2517 4751 2718 4792 nocere
2756 4735 2989 4806 possint,
3034 4746 3427 4803 nonnunquam
3471 4732 3608 4786 duos

341 4815 548 4885 ἣκιστα
577 4814 894 4886 δυναμένων
921 4833 934 4847 ³
987 4817 1134 4870 ἔστιν
1165 4818 1255 4871 ὅτε
1292 4822 1567 4890 συγχωρεῖ
1593 4819 1686 4873 δύο
1712 4820 1862 4884 τινὰς
1889 4821 1919 4892 ἢ

2039 4839 2136 4884 aut
2165 4838 2276 4884 tres
2306 4844 2336 4882 e
2363 4828 2555 4882 multis
2595 4826 2838 4880 millibus
2872 4824 2958 4878 vel
2988 4838 3018 4877 a
3051 4821 3435 4893 scorpionibus
3465 4833 3606 4888 pun-

341 4911 494 4980 τρεῖς
544 4911 614 4963 ὲκ
660 4911 874 4966 πολλῶν
922 4913 1226 4983 μυριάδων,
1265 4915 1294 4967 ό
1325 4914 1436 4986 (46)
1483 4915 1771 4984 σοφῶςρτὰ
1807 4916 1912 4970 καθ

2040 4920 2112 4991 gi,
2137 4927 2232 4974 aut
2263 4934 2292 4973 ο
2323 4917 2667 4987 serpentibus
2716 4915 2952 4971 morderi
2983 4914 3250 4986 permittit
3284 4912 3330 4968 is
3379 4911 3469 4981 qui
3517 4924 3608 4964 sa-

347 5001 493 5071 ᾒμᾶς
545 5002 926 5072 πρυτανεύων,
981 5003 1014 5074 ἢ
1052 5003 1157 5058 ὑπὸ
1205 5006 1483 5076 σκορπίων
1533 5006 1846 5073 κεντᾶσθαι,
1891 5006 1919 5078 ἦ

2037 5013 2251 5084 pienter
2279 5026 2366 5066 res
2394 5018 2612 5065 nostras
2640 5008 2940 5079 gubernat;
2974 5016 3034 5064 ut
3063 5021 3161 5062 nos
3183 5004 3361 5071 veriti,
3389 5016 3458 5057 ne
3478 4999 3609 5071 quid

418 5185 446 5224 ⁸
479 5181 616 5239 Gen.
656 5200 696 5248 I,
717 5181 809 5236 22.
843 5241 848 5245 ,
889 5183 918 5224 ιι
948 5181 1071 5237 Act.
1107 5198 1301 5250 xxvm,
1331 5186 1384 5238 τε).
1469 5184 1654 5242 iPsal.
1686 5203 1804 5256 cm,
1829 5187 1922 5244 20.

1213 5294 1448 5352 ἾΑΒΙᾹΞ
1475 5299 1864 5356 LECTIONES
1903 5299 1995 5355 EX
2035 5295 2308 5356 CATENA
2349 5291 2708 5350 LIPSIENSI.

438 5415 486 5449 “
515 5413 640 5472 Cat.
679 5427 736 5483 ι).
765 5411 836 5468 58
857 5412 985 5473 τοὺς
1011 5412 1230 5476 ὀδόντας
1258 5428 1373 5470 om.

1828 5527 2058 5585 NOTAE.

2107 5643 2216 5714 (45)
2245 5644 2376 5700 Cod.
2411 5647 2543 5706 τοῖς.

437 5651 530 5722 43)
567 5651 818 5722 Ἅλογα.
851 5648 1090 5722 C9d._et_
1115 5645 1228 5702 Pic.
1253 5646 1410 5702 ἄλλα.

437 5652 530 5722 43)
567 5652 818 5719 'AJora.
851 5652 989 5703 Cod.
1021 5657 1076 5701 et
1115 5652 1228 5702 Pic.
1253 5652 1410 5702 ἄλλα.

411 5652 532 5797 (44)
575 5721 859 5790 Ἑκάτερα
883 5719 952 5772 δὲ
981 5718 1210 5786 δρῶμεν
1245 5721 1457 5774 desunt.

2107 5652 2216 5714 (45)
2245 5652 2376 5700 God.
2411 5652 2543 5706 τοῖς.

2109 5715 2222 5786 (46)
2263 5715 2325 5769 '0
2339 5715 2474 5771 Cod.
2504 5723 2556 5769 et
2584 5713 2694 5768 I‘ic.
2719 5711 2818 5776 ὡς.

438 5718 532 5797 44)
575 5718 859 5790 Ἑκάτερα
883 5719 952 5772 δὲ
981 5718 1210 5786 δρῶμεν
1245 5721 1457 5774 desunt.
