4038 6210
308 320 405 394 ίθὶ

1429 318 1714 394 ΟΗΑΞΒΤ.
1756 318 1838 380 IN
1866 317 2132 380 GENES.
2188 317 2343 377 CAP.
2388 317 2438 377 Ι.

3451 317 3553 384 102

317 438 423 507 τὸν,
451 433 574 503 παρ’
602 430 780 488 αὐτοῦ
820 430 1127 503 δεδεγμένοι
1162 429 1221 483 τὸ
1252 424 1415 495 εἶναι,
1452 431 1503 483 οἰ
1529 429 1587 483 δὲ
1628 429 1882 498 δαίμονες

1997 442 2112 483 vero
2154 427 2400 497 opificem
2450 433 2505 481 et
2542 431 2844 481 creatorem
2893 424 3098 483 habent
3130 426 3334 499 ipsum,
3381 444 3414 486 ιι
3441 444 3554 502 quo

322 527 401 581 καί
424 526 498 589 εἰς
524 522 802 591 πονηρίαν
833 523 1050 586 ἑκόντες
1076 521 1416 593 ἐτράπησαν.
1454 519 1665 583 ’Δνοίας
1700 518 1881 572 τοίνυν

312 619 549 689 ἐσχάτης,
580 614 644 668 τὸ
679 616 814 687 μίαν
838 614 1127 670 ὑπολαϐεῖν
1149 613 1333 668 εἰκόνα
1355 611 1465 666 τῶν
1488 609 1741 682 πονηρῶν
1768 610 1883 663 δαι-

310 711 503 781 μόνων,
532 708 626 760 καὶ
654 705 755 760 τοῦ
792 705 1068 775 πελάγους
1097 704 1200 775 τῆς
1231 703 1590 774 ἀγαθότητος.
1633 701 1881 756 Ἰουδαῖοι

307 801 360 854 δὲ
403 801 482 864 εἰς
526 800 725 869 ἑτέραν
773 798 1066 866 ἐξώκειλαν
1100 794 1555 868 παραφροσύνην.
1590 793 1727 848 Φασί
1772 793 1882 865 γὰρ

309 891 439 964 πρὸς
477 890 676 946 ἑαυτὸν
707 891 991 962 εἰρηκέναι
1017 888 1107 942 τὸν
1126 887 1234 942 τῶν
1261 887 1399 942 ὅλων
1429 886 1561 940 Θεὸν
1582 886 1645 940 τὸ
1672 904 1690 938 ι
1718 885 1884 957 Ποιή-

306 1004 486 1058 σωμεν
511 985 826 1057 ἄνθρωπον,
866 1004 885 1036 ι
922 982 1066 1039 κατά
1091 1000 1213 1038 τινα
1249 981 1487 1055 μίμησιν
1516 979 1628 1035 τῶν
1659 979 1758 1044 τὰς
1785 997 1883 1050 με·-

312 1079 481 1148 γάλας
504 1075 963 1147 πεπιστευμένων
996 1074 1190 1146 ἀρχάς.
1222 1072 1331 1127 Kal
1357 1070 1467 1142 γὰρ
1506 1070 1741 1143 ὕπαρχοι
1769 1069 1881 1141 ι50)

312 1171 407 1225 καὶ
434 1168 733 1241 στρατηγοὶ
772 1165 1150 1238 πληθυντικῶς
1179 1163 1402 1218 εἰώθασι
1436 1163 1618 1233 λέγειν
1640 1165 1699 1217 τό
1722 1179 1734 1192 ·
1777 1162 1885 1217 Κε-

314 1264 562 1334 λεὺομεν,
603 1261 701 1316 καὶ
730 1260 1042 1332 γράφομεν,
1079 1258 1173 1311 καὶ
1196 1257 1626 1329 προστάττομεν,
1654 1255 1751 1308 καὶ
1786 1255 1887 1308 ὅσα

316 1352 560 1408 τοιαῦτα.
596 1350 709 1406 Kal
735 1350 797 1404 οὗ
836 1349 1073 1404 συνεῖδον
1102 1348 1152 1402 οί
1178 1347 1558 1420 παραπλῆγες,
1588 1345 1663 1410 ὡς
1677 1343 1887 1409 ,ἑνικῶς

306 1446 374 1501 τὰ
416 1446 649 1499 πλείστα
703 1446 732 1498 6
778 1442 889 1496 τῶν
917 1441 1054 1496 ὅλων
1091 1441 1240 1511 λέγει
1274 1439 1426 1504 Θεός.
1466 1458 1484 1491 ι
1518 1439 1725 1509 Καιρὸς
1754 1439 1884 1509 γὰρ,

309 1541 466 1610 φησι,
527 1534 730 1600 παντὸς
783 1532 1075 1606 ἀνθρώπου
1120 1532 1250 1603 ἦκει
1296 1530 1538 1585 ἐναντίον
1571 1547 1693 1602 μου,
1726 1549 1744 1582 ι
1779 1529 1889 1583 Kal

314 1651 334 1683 ε
372 1629 752 1702 Ἐνεθυμήθην
812 1628 894 1681 ὅτι
951 1625 1184 1697 ἐποίησα
1230 1626 1323 1679 τὸν
1370 1624 1678 1695 ἄνθρωπον,
1726 1642 1745 1676 ι
1796 1622 1888 1677 καὶ

316 1741 335 1773 ε
380 1719 702 1790 ’Δπαλείψω
733 1719 825 1774 τὸν
857 1716 1165 1788 ἄνθρωπον.
1210 1735 1226 1768 ι
1269 1717 1398 1782 Kal,
1456 1735 1475 1769 ι
1512 1717 1628 1769 Οὐκ
1670 1710 1888 1770 ἔσονταί

310 1833 396 1869 σοι
443 1815 558 1868 θεοὶ
588 1814 765 1883 ἕτεροι
806 1811 947 1883 πλὴν
978 1810 1130 1882 ἐμοῦ,
1160 1830 1177 1862 ι
1217 1812 1329 1875 καὶ,
1369 1828 1389 1862 ε
1430 1809 1561 1863 Ἰδοὺ
1594 1802 1706 1877 ἐγὼ
1748 1808 1888 1861 ποιῶ

310 1909 495 1970 καινὰ,
541 1907 577 1961 θ.
610 1904 705 1958 νῦν
738 1902 1044 1968 ἀνατέλλει,
1086 1921 1107 1954 ι
1165 1903 1280 1970 καὶ,
1326 1922 1344 1955 ι
1383 1899 1604 1967 Ἀνοίξω
1645 1901 1739 1954 ἐπὶ
1778 1900 1889 1955 τῶν

307 2002 484 2073 ὁρέων
511 1997 718 2069 πηγὰς,
752 1998 849 2050 καὶ
878 1997 971 2049 ἐπὶ
1000 1996 1107 2048 τῶν
1143 1994 1347 2065 βουνῶν
1381 1985 1680 2065 ποταμόύς.
1719 2014 1738 2046 ι
1780 1993 1889 2046 Kal

309 2094 369 2144 ἐν
395 2090 550 2161 πάσῃ
592 2088 650 2141 δὲ
691 2087 767 2150 ὡς
800 2086 1007 2140 ἐπίπαν
1030 2087 1097 2157 τῇ
1129 2085 1250 2157 θείᾳ
1282 2085 1474 2157 Γραφῇ
1509 2082 1702 2146 ἑνικῶς
1741 2082 1889 2135 ἐστιν

312 2180 547 2236 ἀκοῦσαι
580 2178 675 2233 τοῦ
702 2178 813 2233 τῶν
839 2177 977 2232 ὅλων
998 2175 1384 2248 διαλεγομένου
1420 2175 1577 2229 Θεοῦ.
1616 2175 1890 2244 Ὀλιγάκις

310 2272 371 2325 δὲ
416 2267 801 2342 πληθυντικῶς
842 2266 941 2338 τὴν
989 2265 1227 2331 διάλεξιν
1275 2265 1619 2336 σχηματίζει,
1645 2263 1755 2318 τῶν
1791 2265 1891 2335 τῆς

312 2361 549 2432 Τριάδως
585 2357 895 2431 προσώπων
927 2357 1207 2429 ἐμφαίνων
1236 2356 1329 2410 τὸν
1362 2355 1615 2427 ἀριθμόν.
1644 2356 1754 2409 Kal
1784 2354 1892 2426 γὰρ

311 2453 480 2525 ἡνίκα
502 2452 602 2516 τὰς
617 2450 867 2521 γλώσσας
884 2451 1155 2521 συνέχεεν,
1171 2450 1269 2521 οὐχ
1287 2448 1482 2512 ἑνικῶς
1502 2444 1644 2512 εἷπε,
1671 2466 1690 2500 ε
1712 2449 1894 2501 Karta-

312 2544 580 2613 ϐήσομαι,
597 2544 693 2595 καὶ
707 2542 820 2613 (51)
840 2541 1049 2612 συγχεῶ
1064 2540 1162 2604 τὰς
1179 2539 1445 2610 γλώσσας·
1460 2558 1480 2590 ι
1498 2538 1654 2605 ἀλλὰ,
1667 2557 1685 2590 ι
1705 2538 1889 2603 Δεῦτε,

316 2638 661 2701 καταϐάντες
693 2636 1015 2706 σνηέωμεν
1042 2634 1223 2687 αὐτῶν
1245 2633 1344 2696 τὰς
1364 2631 1615 2702 γλώσσας
1640 2632 1705 2685 ⁸⁷.
1729 2649 1748 2682 ι
1786 2630 1894 2683 Kal

314 2731 552 2789 ἐνταῦθα
582 2731 781 2794 τοίνυν,
807 2727 996 2799 ἐπειδὴ
1026 2727 1085 2780 τὸ
1114 2726 1332 2796 λογικὸν
1358 2725 1643 2779 διέπλαττε
1669 2722 1830 2788 ζῶον,
1865 2722 1895 2776 ὃ

319 2826 463 2897 μετὰ
507 2821 707 2885 πολλὰς
745 2818 1119 2884 ἀνακαινίζειν
1156 2816 1357 2889 ἤμελλε
1383 2815 1610 2885 γενεάς⁸
1640 2816 1759 2878 ταῖς
1798 2813 1897 2884 τῆς

313 2919 481 2987 ἁγίας
509 2912 743 2986 Τριάδος
775 2909 1099 2981 ἐπικλήσεσι
1125 2906 1521 2979 τελεσιουργῶν
1549 2907 1607 2960 τὸ
1635 2906 1898 2974 πανάγιον

316 3009 640 3078 βαπτισμαο
672 3002 884 3076 μέλλων
916 3001 1267 3073 δημιουργεῖν
1295 3001 1396 3071 τὴν
1428 3002 1613 3053 ἐκεῖνα
1646 2998 1898 3070 παραλη-

1982 526 2307 588 acceperunt
2334 525 2391 571 ut
2416 525 2622 573 essent.
2658 515 2940 574 Daemones
2963 524 3145 573 autem
3177 520 3339 575 etiam
3362 534 3559 593 sponte

1982 610 2231 665 conversi
2263 618 2390 665 sunt
2423 609 2491 665 ad
2525 609 2810 664 malitiam.
2847 606 3118 665 Extrema
3151 610 3312 682 igitur
3341 614 3561 670 demen-

1983 702 2071 758 tia:
2098 710 2181 759 est
2214 701 2369 759 fateri
2392 717 2557 758 unam
2604 701 2896 774 imaginem
2946 718 3069 760 esse
3107 703 3416 761 daemonum
3452 708 3560 762 im-

1982 795 2281 864 proborum
2332 803 2384 850 et
2422 795 2704 852 immensae
2748 795 3034 852 bonitatis.
3082 794 3257 852 Judaei
3313 813 3444 853 vero
3490 800 3558 854 ad

1983 888 2145 942 aliam
2180 902 2239 942 se
2269 888 2964 944 converteruntinsaniam.
3001 888 3172 958 Aiunt
3202 889 3343 944 enim
3389 889 3558 946 Deum

1985 978 2365 1035 universorum
2427 979 2531 1036 sibi
2580 980 2683 1052 ipsi
2723 980 2953 1047 dixisse,
2996 999 3016 1033 ι
3051 979 3346 1038 Faciamus
3384 983 3562 1037 homi-

1986 1087 2133 1138 nem,
2160 1090 2179 1124 ι
2211 1086 2398 1126 eorum
2438 1087 2592 1127 more
2629 1073 2831 1143 quibus
2863 1074 3089 1144 imperia
3115 1058 3332 1131 summa
3355 1078 3560 1133 credita

1985 1174 2134 1219 sunt.
2164 1162 2301 1219 Nam
2329 1176 2383 1220 et
2406 1164 2666 1235 praefecti,
2697 1175 2750 1219 et
2776 1166 3021 1237 magistri
3072 1167 3331 1236 militum,
3360 1169 3561 1239 plurali

1986 1272 2217 1313 numero
2244 1267 2649 1314 consueverunt
2686 1258 2868 1314 dicere
2901 1277 2914 1313 :
2946 1258 3232 1327 Jubemus,
3265 1262 3564 1319 scribimus

1986 1357 2041 1402 ct
2071 1347 2418 1415 mandamus,
2449 1359 2650 1418 etquae
2697 1356 2828 1405 sunt
2888 1348 3221 1418 huiusmodi.
3257 1351 3328 1406 At
3378 1352 3560 1408 insani

1988 1454 2096 1493 non
2134 1438 2658 1505 animadverterunt,
2697 1441 2842 1509 quod
2878 1441 3111 1510 plurima
3146 1441 3287 1499 Deus
3316 1444 3560 1500 omnium

1988 1530 2139 1586 effari
2177 1532 2350 1587 s'oleat
2372 1530 2635 1603 singulari
2679 1548 2926 1588 nurnero.
2962 1549 2986 1587 ε
3016 1534 3254 1605 Tempus
3279 1536 3449 1603 enim,
3483 1538 3566 1592 in-

1988 1625 2128 1696 quit,
2159 1626 2341 1681 omnis
2357 1625 2598 1682 hominis
2631 1627 2780 1681 venit
2806 1642 2990 1684 coram
3019 1627 3172 1697 mei,
3206 1647 3227 1683 ι
3264 1640 3319 1687 et
3346 1648 3359 1685 :
3398 1631 3567 1687 «Pas-

1991 1717 2127 1773 nitet
2163 1732 2251 1773 me
2277 1716 2473 1775 fecisse
2501 1714 2607 1789 23
2645 1717 2914 1772 hominem
2938 1716 2988 1785 ιι,
3015 1737 3034 1772 ι
3063 1730 3138 1789 et,
3177 1740 3194 1773 ι
3221 1722 3421 1778 Delebo
3465 1723 3566 1780 ho-

1991 1812 2259 1868 minem.»
2305 1804 2439 1866 Item
2484 1828 2497 1861 :
2543 1829 2562 1862 ι
2598 1808 2715 1863 Νοη
2776 1822 2939 1866 erunt
2988 1812 3086 1867 tibi
3126 1814 3201 1868 dii
3234 1815 3325 1869 alii
3375 1824 3568 1885 praeter

1990 1920 2076 1959 me
2099 1902 2150 1971 ις
2184 1924 2203 1957 ι
2237 1914 2332 1961 et:
2365 1924 2383 1956 ι
2414 1904 2551 1959 Ecce
2574 1919 2674 1975 ego
2703 1902 2844 1958 facio
2873 1919 3034 1973 nova,
3067 1922 3188 1976 quae
3213 1923 3357 1962 nunc
3379 1909 3567 1963 orion-

1990 2003 2166 2059 turm;
2213 2014 2232 2046 ι
2266 2003 2366 2049 et:
2408 2014 2427 2046 ι
2457 1994 2711 2064 Aperiam
2763 1994 2817 2047 in
2869 1997 3145 2052 montibus
3199 1996 3398 2064 fontes,
3430 1998 3566 2054 etin

1989 2088 2217 2145 collibus
2246 2088 2469 2144 ﬂumina
2490 2098 2539 2145 η.
2577 2107 2598 2142 ι
2630 2089 2695 2144 Ει
2725 2088 2777 2144 in
2814 2089 3069 2147 universa
3095 2092 3258 2163 plane
3286 2092 3568 2164 Scriptura

1988 2181 2172 2237 divina
2206 2181 2332 2236 licet
2392 2182 2583 2237 audire
2638 2182 2806 2238 Deum
2862 2184 3108 2239 omnium
3170 2184 3435 2256 singulari
3468 2202 3567 2241 mt-

1992 2286 2145 2328 mero
2168 2273 2503 2342 loquentem.
2532 2271 2680 2328 Raro
2712 2284 2894 2329 autem
2940 2276 3221 2346 pluraliter
3256 2292 3567 2334 sermonem

1991 2363 2212 2429 format,
2238 2365 2345 2420 nisi
2381 2380 2507 2420 cum
2534 2365 2715 2422 innuit
2745 2383 3029 2424 numerum
3062 2363 3420 2440 personarum
3448 2369 3569 2425 Tri-

1993 2458 2199 2513 nitatis.
2226 2456 2435 2513 Etenim
2463 2474 2589 2514 cum
2638 2460 2853 2531 linguas
2880 2462 3259 2527 confunderet,
3296 2479 3405 2518 non
3432 2462 3572 2519 dixit

1993 2549 2342 2620 singulariter
2374 2568 2389 2605 :
2423 2568 2441 2602 ι
2479 2550 2812 2607 Descendam
2835 2561 2887 2607 et
2922 2552 3253 2608 confundam
3285 2554 3520 2626 linguas,
3546 2572 3566 2608 ι

1994 2642 2085 2696 sed
2116 2658 2128 2693 :
2160 2658 2178 2693 ι
2222 2640 2433 2708 Venite,
2462 2641 2860 2699 descendentes
2888 2643 3295 2701 confundamus
3328 2648 3569 2718 ipsorum

1997 2733 2210 2802 linguas
2232 2740 2279 2787 ο.
2319 2754 2337 2785 ι
2384 2733 2449 2788 Et
2483 2738 2584 2790 hoc
2617 2736 2780 2806 igitur
2814 2738 2956 2802 loco,
2979 2738 3234 2808 quoniam
3276 2738 3422 2794 Deus
3454 2740 3572 2794 ani-

1998 2825 2105 2878 mal
2136 2825 2403 2880 rationale
2447 2825 2734 2893 formabat,
2770 2829 2915 2898 quod
2964 2840 3154 2899 postea
3210 2840 3573 2885 renovaturus

1996 2927 2115 2971 crat
2151 2926 2276 2987 post
2328 2919 2531 2974 multas
2576 2921 2973 2991 generationes,
3032 2934 3236 2979 sancta:
3290 2920 3573 2979 Trinitatis

2000 3009 2439 3065 invocationiqu
2477 3020 2887 3066 sacrosanctum
2951 3013 3214 3083 baptisma
3248 3015 3573 3079 instituens,

312 3097 568 3169 ψομένην
599 3096 669 3149 τὰ
706 3095 989 3167 μυστήρια
1013 3092 1175 3163 φύσιν
1198 3108 1212 3124 °
1245 3089 1663 3162 αίνιγματωδῶς
1700 3090 1794 3145 καὶ
1837 3089 1895 3143 τὸ

2000 3112 2122 3155 cum
2150 3099 2514 3156 fabricatores
2545 3111 2692 3157 esset
2744 3112 2997 3158 naturam
3042 3105 3131 3159 cui
3165 3105 3278 3160 haec
3315 3105 3574 3176 mysteria

315 3191 517 3245 ταυτὸν
550 3188 653 3260 τῆς
682 3188 893 3253 οὐσίας,
927 3187 1022 3240 καὶ
1050 3185 1141 3239 τὸν
1174 3184 1283 3240 τῶν
1312 3183 1621 3257 προσώπων
1655 3183 1899 3254 παρεδή-

316 3286 497 3339 λωσεν
520 3282 781 3354 ἀριθμόν.
810 3278 901 3350 Τῷ
926 3280 1092 3348 φάναι
1125 3278 1225 3349 μὲν
1252 3278 1379 3350 γὰρ,
1399 3295 1417 3329 ι
1452 3273 1604 3331 εἶπεν
1629 3278 1658 3330 6
1686 3277 1840 3342 Θεὸς,
1875 3294 1894 3328 ι

317 3375 382 3429 τδ
421 3375 609 3427 κοινὸν
641 3372 739 3442 τῆς
774 3369 926 3433 θείας
955 3367 1191 3440 ἐδήλωσε
1222 3367 1439 3437 φύσεως
1464 3385 1478 3397 ·
1518 3367 1816 3437 ἐπαγαγὼν
1843 3366 1902 3420 δὲ

318 3469 391 3521 τὸ·
409 3466 786 3535 ποιήσωμεν,
813 3461 1040 3533 ἐνέφηνε
1068 3460 1177 3514 τῶν
1200 3458 1508 3531 προσώπων
1528 3460 1620 3514 τὸν
1640 3459 1901 3532 ἀριθμόν.

321 3558 485 3612 υῦτω
514 3555 677 3610 πάλιν
712 3552 909 3616 ἑνικῶς
938 3551 1038 3623 μὲν
1061 3548 1232 3605 εἰπὼν
1271 3549 1386 3616 τὴν
1423 3549 1647 3615 είκόνα,
1678 3549 1740 3603 τὸ
1771 3562 1903 3602 ταυ-

318 3651 415 3705 τὸν
458 3651 562 3721 τῆς
601 3647 818 3719 φύσεως
849 3643 1072 3710 ἔδειξεν.
1108 3643 1183 3696 Οὐ
1213 3642 1321 3715 γὰρ
1349 3637 1473 3695 εἷπε
1511 3641 1634 3696 κατ’
1665 3641 1900 3707 είκόνας,

323 3743 463 3798 ἀλλὰ
505 3762 524 3793 ε
560 3741 695 3795 Κατ’
737 3738 945 3793 εἰκόνα.
983 3755 1004 3789 ι
1047 3735 1360 3806 Ἠμετέραν
1403 3734 1462 3788 δὲ
1514 3732 1772 3806 εἰρηκὼς,
1812 3734 1904 3787 τὸν

322 3834 437 3891 τῶν
478 3832 836 3888 ὑποστάσεων
870 3828 1171 3900 δεδήλωκεν
1215 3825 1469 3898 ἀριθμόν.
1499 3827 1752 3880 ’Δπαντα
1795 3825 1906 3897 γὰρ

325 3925 587 3999 προορῶν
608 3926 637 3980 6
664 3923 775 3977 τῶν
807 3921 947 3977 ὅλων
973 3920 1106 3984 Θεὸς
1127 3920 1229 3991 ἤδη
1248 3919 1360 3989 (52)
1394 3918 1739 3989 γεγενημένα
1767 3917 1811 3950 ’⁸
1837 3917 1908 3972 τὰ

325 4021 503 4091 μήπω
526 4016 820 4089 γενόμενα,
849 4014 942 4069 καὶ
966 4012 1296 4086 προθεωρῶν
1318 4011 1418 4083 τὴν
1441 4008 1538 4064 τοῦ
1567 4008 1906 4079 Μονογενοῦς

324 4109 614 4179 σάρκωσίν
644 4124 706 4160 τε
748 4107 845 4161 καὶ
870 4102 1306 4175 ἑνανθρώπησιν,
1338 4102 1433 4157 καὶ
1473 4102 1549 4163 ὼς
1577 4101 1783 4174 ταύτην
1808 4100 1907 4173 τὴν

323 4207 496 4276 φύσιν
527 4207 595 4259 ὲκ
634 4203 910 4275 Παρθένου
942 4199 1194 4272 λήψεται,
1229 4202 1322 4255 καὶ
1356 4199 1531 4263 οὕτως
1565 4199 1744 4271 ἑαυτῷ
1780 4216 1908 4253 συν-

323 4300 457 4370 άψει
503 4315 566 4352 τε
620 4297 714 4353 καὶ
751 4296 962 4360 ὲνώσει,
993 4293 1069 4358 ώς
1101 4292 1158 4346 ἓν
1191 4292 1302 4363 (55)
1338 4292 1629 4364 πρόσωπον
1667 4289 1802 4344 Θεοῦ
1848 4306 1909 4343 τε

324 4394 424 4446 καὶ
456 4389 751 4461 ἀνθρώπου
784 4384 1044 4452 νοεῖσθαι,
1072 4385 1171 4438 καὶ
1203 4384 1330 4455 μίαν
1362 4383 1512 4455 αὐτῷ
1536 4381 1906 4457 προσκύνησιν

2001 3195 2374 3259 crederentur,
2418 3194 2759 3250 subobscure
2807 3195 3144 3250 identitatcm
3180 3196 3499 3250 substantias
3522 3205 3577 3251 et

2001 3296 2363 3358 personarum
2401 3290 2687 3341 numerum
2739 3287 2972 3356 aperuit.
3025 3282 3162 3341 Dum
3196 3287 3340 3343 enim
3375 3288 3574 3358 inquit,

2008 3396 2028 3430 ι
2052 3377 2188 3433 dixit
2215 3376 2380 3443 Deus,
2413 3394 2433 3427 ι
2464 3377 2908 3434 communionem
2946 3377 3145 3433 divina:
3172 3378 3576 3434 natura-indi-

2003 3471 2139 3526 cavit
2171 3487 2186 3524 :
2213 3469 2553 3542 subjungens
2580 3478 2765 3525 autem
2802 3470 2956 3536 illud,
2985 3471 3268 3539 faciamus,
3307 3472 3579 3542 expressit

2003 3574 2292 3615 numerum
2323 3572 2702 3630 personarum.
2743 3560 3006 3616 Similiter
3055 3574 3182 3616 cum
3214 3563 3410 3617 iterum
3456 3564 3578 3619 si'n-

2004 3650 2178 3725 gulari
2204 3665 2436 3706 numero
2483 3652 2623 3706 dixit
2647 3652 2950 3723 imaginem,
2981 3652 3227 3708 eamdem
3269 3668 3391 3709 esse
3422 3663 3578 3709 natu-

2005 3757 2121 3798 ram
2172 3741 2433 3797 ostendit.
2461 3738 2579 3796 Non
2633 3740 2780 3797 enim
2831 3741 2990 3807 dixit,
3026 3742 3093 3797 ad
3136 3743 3423 3813 imagines,
3456 3743 3576 3808 sed,

2011 3846 2030 3881 ι
2052 3828 2134 3884 Ad
2162 3828 2476 3897 imaginem.
2513 3847 2533 3879 ι
2566 3828 2702 3883 Cum
2747 3837 2931 3883 autem
2990 3829 3161 3883 dixit‘
3183 3838 3442 3899 nostr-um,
3473 3846 3580 3886 nu-

2006 3932 2217 3974 merum
2252 3917 2618 3989 hypostaseon
2675 3917 3070 3976 manifestavit.
3111 3918 3254 3975 Deus
3281 3922 3448 3985 enim,
3484 3922 3580 3992 qui

2006 4013 2299 4082 praenoscit
2323 4012 2534 4079 omnia,
2564 4025 2686 4082 quae
2706 4015 2947 4068 nondum
2980 4012 3120 4069 facta
3153 4000 3307 4080 sunt,
3321 4025 3581 4086 tanquam

2002 4104 2117 4175 jam
2144 4102 2309 4170 facta,
2340 4112 2395 4158 et
2416 4105 2508 4174 qui
2538 4103 2866 4174 praevidcbat
2898 4103 3013 4162 fore
3040 4114 3101 4160 ut
3124 4104 3448 4177 Unigenitus
3462 4120 3584 4161 car—

2008 4212 2132 4251 nem
2164 4208 2220 4251 et
2239 4197 2534 4251 humanam
2564 4204 2814 4252 naturam
2839 4209 3162 4264 assumeret,
3182 4208 3348 4269 utque
3373 4214 3438 4255 ex
3463 4198 3585 4253 Vir-

2010 4286 2135 4357 gine
2182 4286 2327 4341 hanc
2378 4295 2630 4341 naturam
2685 4296 3006 4357 sumpturus
3040 4298 3204 4355 esset,
3257 4305 3421 4359 quam
3480 4288 3585 4344 sibi

2010 4384 2289 4445 coeptaret
2312 4383 2368 4431 et
2398 4376 2580 4431 uniret
2628 4374 2732 4441 sic,
2758 4385 2818 4431 ut
2854 4391 2962 4431 una
3018 4391 3249 4447 persona
3278 4377 3370 4431 Dei
3400 4388 3455 4432 et
3486 4379 3586 4433 ho-

323 4484 485 4556 παρὰ
504 4483 608 4554 τῆς
630 4482 863 4544 κτίσεως
886 4478 1102 4550 ἁπάσης
1125 4476 1568 4549 προσφέρεσθαι·
1598 4476 1744 4547 μάλα
1768 4476 1895 4531 είκό.

2013 4472 2177 4527 minis
2210 4471 2568 4541 intelligatur,
2618 4480 2674 4526 et
2713 4486 2821 4526 una
2857 4473 3160 4542 eademque
3199 4473 3276 4526 illi
3322 4472 3430 4545 215
3460 4473 3589 4529 ado-

320 4596 437 4641 Μ
470 4576 569 4629 καὶ
599 4573 770 4646 αὐτὴν
791 4570 887 4625 τοῦ
907 4571 1101 4641 γένους
1133 4570 1233 4642 τὴν
1261 4569 1503 4642 κρηπῖδα
1539 4570 1705 4641 τιμῆς
1750 4570 1910 4640 μεγί-

323 4685 465 4739 στης
494 4665 718 4737 ἠξίωσε.
753 4665 865 4719 Kal
904 4663 1121 4736 πρῶτον
1166 4660 1361 4733 βουλὴν
1413 4660 1514 4731 τῆς
1551 4661 1912 4732 δημιουργίας

323 4758 618 4831 προτάξας
650 4757 782 4830 (54),
810 4756 897 4809 ἵνα
932 4754 1028 4808 τοῦ
1060 4752 1567 4825 δημιουργουμένου
1590 4751 1703 4823 (55)
1736 4752 1799 4805 τὸ
1825 4752 1915 4806 λο-

320 4850 493 4920 γικὸν
522 4847 886 4920 προσημάνῃ·
916 4846 1005 4900 ἵνα
1036 4844 1146 4898 τῶν
1174 4842 1483 4917 προσώπων
1516 4841 1913 4915 παραδηλώσας

320 4941 422 4995 τὸν
450 4937 713 5010 ἀριθμὸν,
742 4938 830 4991 ἵνα
870 4937 995 4998 τοὺς
1028 4933 1234 5006 ’ὕμνους
1271 4936 1299 4986 6
1332 4932 1541 5003 μέλλων
1580 4932 1911 5007 προσφέρειν

2015 4564 2157 4618 ratio
2208 4562 2278 4617 ab
2323 4562 2579 4617 universa
2646 4574 2896 4618 creatura
2947 4562 3228 4618 deferatur
3284 4581 3297 4617 :
3334 4566 3480 4634 justa
3520 4567 3589 4622 de

2017 4670 2182 4710 causa
2200 4662 2256 4709 et
2278 4653 2475 4724 ipsam,
2498 4654 2646 4710 velut
2662 4657 2878 4725 generis
2903 4654 3341 4722 fundamentum,
3368 4671 3589 4712 summo

2020 4745 2228 4799 honore
2257 4743 2515 4815 dignatus
2537 4752 2651 4811 est;
2681 4753 2844 4814 atque
2869 4744 2922 4798 in
2946 4742 3138 4814 primis
3164 4744 3426 4801 creationi
3458 4762 3590 4803 con-

2018 4837 2202 4892 silium
2247 4837 2580 4907 anteposuit,
2626 4844 2688 4891 ut
2744 4836 2888 4906 quod
2946 4837 3000 4891 in
3040 4845 3292 4893 creatura
3327 4839 3592 4896 rationale

2018 4936 2136 4983 erat
2166 4936 2652 4997 praemonstraret;
2696 4928 2891 4984 deinde
2922 4944 3277 5000 personarum
3304 4947 3591 4989 numerum

404 5076 420 5127 ι
470 5074 611 5131 Gen.
650 5090 724 5138 νι,
751 5071 876 5142 15..
918 5071 941 5110 ι
978 5068 1109 5125 ibid.
1140 5068 1192 5122 7.
1276 5066 1295 5105 ι
1329 5067 1500 5124 Exod.
1534 5068 1704 5133 xx,3.
1778 5072 1819 5104 αι
1850 5063 1895 5121 Is

1997 5080 2146 5130 XLIII,
2180 5064 2267 5120 19.
2342 5072 2371 5101 ιι
2402 5062 2507 5119 lsa.
2541 5080 2651 5129 xm,
2695 5063 2781 5119 18.
2859 5070 2884 5102 ο
2911 5064 3045 5122 Gen.
3076 5082 3154 5135 χι,
3187 5066 3238 5121 7.

1220 5200 1455 5258 VARUE
1494 5197 1880 5256 LECTIONES
1919 5197 2009 5252 EX
2054 5196 2331 5251 CATENA
2372 5194 2728 5253 LIPSIENSI.

436 5322 488 5355 ³⁷
516 5320 639 5378 Cat.
665 5335 720 5391 ν.
753 5318 846 5375 Η.
872 5318 973 5382 τὰς
998 5316 1247 5389 γλώσσας
1279 5316 1477 5372 αὐτῶν.
1573 5317 1617 5348 ⁸⁸
1655 5315 1775 5370 Cat.
1803 5329 1854 5380 p.
1887 5342 1895 5358 ε

2007 5312 2081 5375 ώς
2109 5311 2212 5382 ἤδη
2245 5326 2430 5379 γεγεν.

1821 5448 2043 5509 NOTAE.

432 5607 529 5676 50)
556 5606 672 5661 Pic.
707 5606 1003 5676 ἵππαρχοι.

432 5674 524 5744 Si)
552 5677 653 5732 καὶ
680 5706 752 5717 -
785 5674 1072 5744 γλώσσας
1090 5674 1207 5729 des.

404 5679 499 5749 (5i
552 5679 653 5732 καὶ
680 5706 752 5717 -
785 5679 1072 5744 γλώσσας
1090 5679 1138 5728 dt

400 5679 524 5824 ρῦὶέ
561 5747 705 5819 ἤδη.
736 5745 879 5802 Cod.
903 5744 979 5807 ὡς
1013 5744 1138 5819 ήδη.

2093 5598 2205 5668 (5⁸5)
2236 5597 2316 5664 ὡς
2337 5597 2424 5652 ἓν.
2459 5596 2582 5668 god.
2617 5605 2671 5650 et
2694 5594 2804 5649 Pic.
2830 5596 2916 5668 si;
2944 5592 3024 5646 ἓν.

2092 5663 2354 5735 (BilCoil.
2388 5677 2439 5721 et
2475 5665 2591 5720 Pic.
2632 5663 2968 5734 προστάξας.

2096 5729 2204 5809 (55)
2232 5738 2367 5797 Cod.
2396 5748 2449 5792 et
2479 5736 2592 5792 Pic.
2628 5729 2723 5788 τοῦ
2754 5732 3088 5807 δημιουργοῦ
3119 5733 3208 5788 τὸν
3241 5729 3483 5803 λογικόν.
