4038 6210
398 257 497 325 103

1385 256 1876 317 THEODORETI
1917 258 2251 318 EPISCOP]
2299 263 2540 320 (ΣΥΠΕΝ
2554 268 2669 320 διδ

3564 261 3664 324 104

399 367 716 434 insinua’vit,
750 367 928 438 utqui
959 366 1146 422 laudes
1192 377 1244 421 et
1279 367 1512 438 hymnos
1537 368 1821 422 oblaturus
1855 377 1968 421 erat

2076 367 2166 420 ἐπὶ
2209 370 2307 437 τῆς
2339 370 2462 440 γῆς,
2492 369 2634 443 λάϐῃ
2667 369 2946 440 θεολογίας
2992 371 3324 442 αἰνίγματα·
3367 371 3462 424 καὶ
3505 371 3664 426 οἰονεί

392 475 551 527 super
578 469 800 522 terram,
827 458 1114 527 theologia:
1135 458 1428 526 aenigmata
1450 455 1965 525 conil.)i'elientleret:

390 560 442 603 et
475 561 731 620 tanquam
761 561 953 604 auctor
986 550 1300 618 hujusmodi
1360 549 1676 610 creatiouis,
1706 547 1968 616 majorem

389 657 516 713 erga
549 651 859 696 creaturam
897 643 1289 696 humanitatem
1334 641 1586 712 patefecit
1646 639 1759 694 lloc
1792 639 1968 709 ipsqu

389 743 442 786 et
489 742 751 788 strenuus
801 734 890 787 ille
948 733 1070 797 Job,
1126 735 1304 804 ipsum
1370 733 1676 802 alloquens,
1726 732 1966 785 clamat:

395 846 414 880 ι
441 825 634 881 Manus
666 836 770 881 tua!
820 826 1069 880 fecerunt
1121 841 1228 892 me,
1257 834 1310 879 et
1345 823 1718 878 formaverunt
1757 837 1842 875 me
1864 831 1910 874 ῐι.
1948 841 1966 874 ι

391 919 486 974 llis
509 936 725 990 quoque
747 919 927 974 verbis
953 935 1085 974 usus
1103 929 1184 974 est
1217 917 1380 971 David
1399 916 1571 980 1,lioc
1606 915 1780 983 ipsum
1806 914 1971 968 etiam

391 1029 522 1068 sane
553 1015 725 1078 novit,
758 1016 849 1082 qui
902 1025 1093 1069 sancto
1128 1013 1465 1082 baptismate
1501 1009 1699 1079 dignus
1755 1008 1974 1064 habitus

387 1115 470 1160 est
501 1125 514 1160 :
544 1121 737 1175 nempe
773 1107 920 1176 quod
971 1107 1018 1160 is
1064 1105 1157 1175 qui
1191 1102 1448 1158 formavit
1483 1101 1731 1166 salvavit,
1772 1109 1827 1154 et
1878 1100 1972 1170 qui

389 1198 618 1252 salvavit
655 1198 930 1252 formavit.
955 1197 1037 1250 Ad
1066 1196 1178 1250 lizec
1227 1203 1279 1248 et
1310 1193 1426 1262 ipse
1453 1190 1682 1244 Crealor
1711 1205 1805 1260 per
1833 1189 1978 1244 Jere-

391 1291 554 1344 mium
588 1299 640 1344 et
690 1289 886 1345 Isaiam
943 1288 1062 1341 ait:
1104 1284 1415 1351 «Quoniam
1473 1297 1574 1336 nos
1610 1281 1806 1344 hilum,
1859 1279 1975 1349 ipse

390 1396 523 1435 vero
551 1391 634 1436 est
663 1383 755 1451 qui
789 1379 1044 1434 formavit
1073 1392 1173 1430 nos
1197 1385 1239 1429 τ.
1267 1393 1285 1426 ι
1320 1374 1487 1444 Atqui
1536 1372 1777 1428 divinam
1813 1379 1975 1424 natu-

388 1488 502 1527 ram
539 1489 714 1542 neque
751 1486 944 1525 manus
980 1469 1201 1533 habere,
1237 1481 1416 1538 neque
1448 1465 1679 1521 consilio
1717 1470 1810 1517 aut
1841 1477 1976 1532 pra:-

387 1566 740 1620 meditatione
765 1578 924 1634 egere
957 1563 1299 1634 proﬁtemur,
1354 1569 1412 1616 ut
1453 1574 1518 1615 ex
1559 1557 1854 1613 Platonicis
1888 1555 1972 1611 fa-

386 1657 527 1712 bulis
568 1655 871 1711 secundum
919 1670 1039 1710 eam
1071 1669 1234 1724 quam
1271 1649 1588 1722 conceperit
1614 1648 1792 1704 ideam
1834 1662 1972 1718 opus

383 1758 665 1804 construat
698 1767 712 1803 :
750 1749 844 1805 sed
869 1746 1300 1818 unumquodque
1350 1745 1546 1800 borum
1585 1741 1846 1808 majorem
1873 1738 1969 1795 Dei

383 1841 810 1898 sollicitudinem
834 1856 972 1912 erga
1021 1839 1224 1893 animal
1253 1833 1569 1908 hujusmodi
1606 1831 1968 1888 demonstrat.

991 1951 1264 2009 INTERR.
1289 1951 1407 2007 XX.

671 2070 812 2136 Quid
842 2069 975 2124 illud
1011 2079 1087 2124 est
1115 2111 1128 2134 ,
1166 2087 1183 2120 ι
1208 2070 1276 2122 ad
1309 2070 1636 2139 imaginem?
1669 2085 1688 2120 ι

455 2162 686 2230 Quidam
729 2170 1062 2217 vocaverunt
1098 2180 1115 2213 ι
1155 2161 1450 2230 imaginem
1509 2160 1604 2216 Dei
1651 2179 1669 2212 ι
1725 2158 1776 2212 id
1823 2156 1968 2228 quod

383 2255 559 2309 estin
618 2253 801 2307 anima
876 2252 1171 2307 invisibile.
1249 2252 1354 2306 Sed
1417 2268 1525 2305 non
1601 2259 1748 2304 recte
1816 2247 1970 2302 dixe-

385 2357 531 2400 runt.
564 2346 620 2400 Si
655 2345 800 2399 enim
865 2345 1150 2400 invisibile
1205 2348 1402 2398 anima:
1443 2344 1620 2414 imago
1651 2341 1748 2398 Dei
1797 2349 1964 2404 esset,

385 2440 557 2493 multo
631 2439 806 2508 magis
885 2439 1102 2509 angeli,
1176 2437 1513 2508 archangeli,
1576 2445 1630 2490 et
1699 2435 1968 2490 universae

385 2541 590 2583 naturae
632 2538 836 2584 sancta:
897 2538 950 2583 et
1021 2529 1379 2598 incorporeas,
1457 2536 1644 2598 utpote
1697 2543 1728 2582 a
1777 2540 1968 2596 corpo-

391 2625 540 2682 ribus
649 2621 756 2692 25
794 2635 1014 2691 prorsus
1052 2620 1256 2686 liberte,
1290 2629 1343 2674 et
1395 2619 1793 2690 impermistam
1825 2619 1968 2672 invi-

383 2713 596 2766 sibilent
630 2723 878 2766 naturam
911 2712 1274 2781 possidentes,
1316 2719 1648 2766 vocarentur
1696 2710 1965 2781 imagines

384 2806 498 2862 Dei.
532 2807 765 2872 Quidam
815 2806 1044 2861 nimium
1095 2806 1371 2876 simplices
1417 2821 1618 2876 corpus
1663 2806 1965 2861 humanum

382 2899 536 2953 aiunt
574 2898 799 2954 factum-
827 2912 950 2954 esse
977 2916 996 2950 ι
1030 2897 1098 2952 ad
1152 2897 1446 2969 imaginem
1481 2897 1574 2954 Dei
1603 2917 1617 2953 :
1651 2916 1670 2949 ›
1704 2897 1963 2968 quoniam

382 2993 614 3048 audiunt
663 3007 850 3047 vocem
901 2990 1148 3045 divinam
1195 2990 1505 3046 dicentem:
1537 3009 1554 3042 ι
1587 2990 1752 3061 Aperi
1776 2990 1966 3046 oculos

382 3097 526 3151 tuos,
559 3095 612 3139 et
657 3085 802 3148 vide,
844 3093 898 3137 et
928 3082 1131 3137 inclina
1150 3096 1336 3136 aurem
1375 3089 1548 3148 tuam,
1596 3088 1648 3134 et
1687 3080 1812 3135 audi
1841 3088 1901 3147 ';
1939 3098 1958 3132 ι

380 3186 465 3232 et:
493 3196 512 3229 ‹
541 3175 736 3231 Olfecit
766 3174 1030 3230 Dominus
1047 3173 1268 3229 odorem
1297 3173 1580 3228 suavitatis
1604 3175 1620 3209 ί
1649 3189 1663 3240 ;
1690 3192 1708 3225 ι
1727 3172 1960 3229 etillud:

2003 1938 2050 1995 B

2077 457 2386 528 αὐτουργὸς
2438 461 2535 530 τῆς
2585 459 2928 523 διαπλάσεως
2983 462 3302 530 γενόμενος,
3349 460 3516 527 ἔδειξε
3567 461 3664 532 τὴν

2076 551 2302 605 πλείονα
2357 553 2485 624 περί
2540 553 2600 606 τὸ
2640 553 2868 625 πλάσμα
2908 555 3314 625 φιλοστοργίαν.
3355 555 3527 608 Τοῦτο
3570 557 3665 607 καὶ

2083 643 2204 696 Ἰὼΰ
2252 646 2280 696 6
2338 648 2583 713 γενναῖος
2625 645 2762 717 πρὸς
2807 646 2970 700 αὑτὸν
3022 645 3120 716 βοᾷ
3171 645 3368 715 λέγων,
3409 666 3427 697 ‹
3460 647 3662 715 Αίχεί-

2077 735 2169 806 ρές
2222 753 2315 789 σου
2357 737 2621 809 ἐποίησάν
2681 755 2747 808 με
2774 779 2788 802 ,
2825 739 2918 792 καὶ
2968 737 3210 792 ἕπλασάν
3263 756 3349 808 με.
3385 758 3403 790 ι
3443 737 3662 802 Τούτοις

2074 828 2345 899 ἐχρήσατο
2377 832 2488 893 τοῖς
2523 829 2703 898 λόγοις
2751 831 2845 883 καὶ
2888 833 2914 884 6
2954 831 3098 894 θεῖος
3138 829 3322 895 Δαϐὶδ,
3361 830 3454 883 καί.
3504 830 3665 884 τοῦτο

2075 921 2170 972 καὶ
2213 921 2241 973 6
2284 919 2379 973 τοῦ
2428 921 2585 990 ἁγίου
2633 920 3008 992 βαπτίσματος
3047 920 3368 990 ἀξιούμενος
3407 919 3664 988 γινώσκει

2077 1010 2285 1078 σαφῶς,
2321 1010 2396 1074 ὡς
2425 1011 2452 1062 6
2487 1012 2697 1075 πλάσας
2721 1012 2969 1078 διέσωσε,
3003 1014 3097 1066 καὶ
3125 1012 3154 1063 6
3184 1009 3362 1074 σώσας
3385 1009 3667 1064 διέπλασετ

2076 1102 2221 1173 Πρὸς
2284 1102 2340 1155 δὲ
2403 1102 2642 1169 τούτοις,
2699 1105 2794 1158 καὶ
2830 1105 2992 1170 αὐτὸς
3045 1109 3073 1160 6
3131 1105 3510 1176 Δημιουργὸς,
3569 1105 3666 1158 καὶ

2074 1193 2162 1246 διὰ
2197 1195 2484 1265 Ἰερεμίου,
2537 1197 2631 1248 καὶ
2663 1196 2750 1251 διὰ
2777 1197 3000 1250 Ἦσαῖου
3054 1197 3242 1268 φησὶν,
3288 1217 3305 1248 ι
3331 1198 3456 1251 Ὀτι
3499 1199 3666 1268 ἡμεῖς

2076 1283 2268 1352 πηλὸς,
2312 1283 2474 1349 αὐτὸς
2512 1284 2568 1337 δὲ
2623 1285 2864 1355 πλάστης
2919 1287 3094 1356 ἡμῶν.
3129 1306 3148 1339 ι
3195 1286 3335 1340 Ἀλλ’
3372 1289 3496 1341 οὒτε
3546 1290 3666 1358 χεῖ-

2077 1392 2177 1445 ρας
2231 1375 2376 1445 ἔχειν
2423 1375 2484 1429 τὸ
2518 1375 2662 1429 θεῖον
2719 1376 2844 1430 οὔτε
2899 1371 3107 1432 δεῖσθαι
3151 1379 3348 1451 βουλῆς
3393 1397 3539 1443 τινος
3568 1380 3665 1433 καὶ

2077 1463 2425 1535 προθεωρίας
2450 1466 2653 1536 φαμὲν,
2688 1466 2776 1520 ἵνα
2801 1468 2943 1521 κατὰ
2965 1470 3090 1531 τοὺς
3123 1469 3408 1532 Πλάτωνος
3435 1470 3660 1540 μύθους,

2076 1556 2214 1628 πρὸς
2272 1557 2371 1629 τὴν
2415 1558 2514 1628 τῆς
2572 1557 2927 1628 ἐνθυμήσεως
2980 1560 3124 1614 ἰδέαν
3173 1561 3665 1634 κατασκευάσῃρτὸ

2077 1649 2289 1721 ποίημα
2316 1667 2330 1682 ο
2365 1649 2505 1705 ἀλλὰ
2523 1651 2732 1707 τούτων
2761 1653 2995 1706 ἕκαστον
3023 1652 3120 1726 τὴν
3149 1654 3374 1709 πλείονα
3399 1655 3495 1710 τοῦ
3523 1654 3661 1708 Θεοῦ

2077 1743 2207 1814 περί
2237 1743 2357 1798 τόδε
2384 1742 2446 1796 τὸ
2470 1741 2608 1809 ζῶον
2642 1745 2971 1817 κηδεμονίαν
2993 1745 3162 1816 δηλοῖ.

2719 1950 2916 2007 ΕΡΩΤ.
2940 1951 3023 2004 Κ’.

2436 2064 2500 2120 Τί
2526 2065 2658 2120 ἐστι
2693 2065 2761 2120 τὸ
2804 2085 2822 2118 ι
2855 2066 2982 2121 κατ’
3007 2066 3214 2120 εἰκόνα
3232 2081 3252 2132 ;
3284 2085 3302 2119 ι

2149 2162 2302 2226 Τινὲς
2334 2162 2394 2215 τὸ
2416 2161 2647 2233 ἀόρατον
2668 2161 2762 2232 τῆς
2779 2159 2959 2232 ψυχῆς
2983 2180 3002 2213 ‹
3021 2161 3205 2215 εἰκόνα
3226 2159 3362 2214 Θεοῦ
3385 2160 3663 2234 κεκλήκα-

2079 2269 2183 2307 σιν·
2208 2253 2343 2308 ἀλλά
2363 2255 2463 2308 οὐκ
2478 2253 2692 2324 ἀληθῶς
2709 2255 3014 2325 εἰρήκασιν.
3032 2254 3095 2306 Εἰ
3113 2255 3220 2326 γὰρ
3238 2253 3403 2308 εἰκὼν
3418 2253 3512 2308 τοῦ
3525 2253 3662 2309 Θεοῦ

2073 2347 2173 2418 τῆς
2201 2345 2382 2417 ψυχῆς
2410 2346 2470 2400 τὸ
2504 2347 2758 2416 ἀόρατον,
2792 2345 2994 2417 μᾶλλον
3018 2347 3226 2410 εἰκόνες
3247 2346 3342 2400 τοῦ
3369 2347 3504 2400 Θεοῦ
3531 2347 3663 2420 κλη-

2077 2439 2218 2492 θεῖεν
2239 2438 2464 2507 ἄγγελοι
2489 2440 2586 2492 καὶ
2609 2439 2962 2510 ἀρχάγγελοι,
2982 2439 3076 2494 καί
3106 2441 3278 2495 πᾶσαι
3304 2440 3658 2511 αἰιάσῶματοι

2075 2534 2167 2588 καὶ
2201 2534 2359 2602 ἅγιαι
2397 2532 2616 2604 ιρύσεις⁸
2653 2532 2748 2586 ἅτε
2787 2533 2844 2586 δὲ
2879 2533 3198 2588 παντάπασι
3248 2533 3518 2604 σωμάτων
3553 2534 3660 2586 άπ-

2075 2624 2438 2696 ηλλαγμέναι,
2467 2626 2562 2680 καὶ
2591 2625 2790 2696 ἀμιγὲς
2820 2625 2880 2678 τὸ
2897 2626 3130 2694 ἀόρατον
3157 2625 3400 2696 ἔχουσαι.
3421 2625 3581 2689 Τινὲς
3599 2625 3659 2678 δὲ

2075 2718 2180 2772 ὑπὸ
2214 2718 2420 2789 πολλῆς
2451 2716 2706 2788 εὐηθείας
2738 2717 2796 2770 τὸ
2828 2717 2990 2788 σῶμα
3019 2717 3079 2770 τὸ
3103 2717 3448 2789 ἀνθρώπινον
3485 2736 3503 2769 ι
3533 2719 3653 2771 κατ’

2075 2810 2260 2862 εἰκόνα
2303 2809 2437 2862 Θεοῦ
2479 2828 2497 2860 ι
2539 2807 2873 2878 γεγενῆσθαί
2915 2825 3116 2878 φασινο
3156 2809 3345 2880 ἐπειδὴ
3378 2810 3477 2880 τῆς
3508 2809 3656 2872 θείας

2073 2901 2338 2970 λεγούσης
2367 2901 2699 2954 ἐπακούουσι
2729 2899 2943 2970 φωνῆς’
2984 2919 3002 2951 ι
3035 2899 3278 2966 Ἀνοιξον
3307 2900 3434 2964 τοὺς
3456 2900 3656 2969 ὀφθαλ-

2078 2991 2214 3061 μούς
2243 3009 2364 3054 σου,
2400 2987 2495 3045 καὶ
2527 2991 2625 3054 ἴδε,
2658 2992 2755 3044 καὶ
2793 2990 2972 3044 κλῖνον
2999 2990 3060 3044 τὸ
3085 2988 3182 3054 οὖς
3218 3008 3335 3056 σου,
3369 2992 3464 3044 καὶ
3493 2993 3658 3046 ἄκου-

2074 3101 2163 3137 σον
2185 3100 2198 3114 ο
2238 3102 2257 3134 »
2288 3084 2402 3147 καὶ,
2432 3083 2742 3155 Ὠσφράνθη
2771 3082 2974 3155 Κύριος
3001 3083 3176 3154 ὀσμὴν
3201 3082 3450 3147 εὐωδίαςο
3482 3102 3501 3134 ι
3535 3084 3649 3148 καὶ,

2081 3193 2099 3227 ι
2137 3176 2210 3229 Τὸ
2251 3175 2427 3245 στόμα
2459 3175 2667 3245 Κυρίου
2708 3174 2938 3260 ἐλάλησε
2967 3174 3160 3240 ταῦτα,
3202 3194 3219 3227 ι
3265 3175 3377 3240 καὶ,
3411 3193 3430 3226 ι
3461 3175 3550 3227 Ἐν
3585 3177 3653 3246 τῇ

387 3289 406 3323 ι
449 3270 522 3326 0s
570 3270 784 3324 Domini
816 3269 1057 3324 locutum
1107 3276 1191 3323 est
1222 3268 1327 3323 ista
1367 3280 1427 3334 l1;
1463 3285 1480 3319 ι
1528 3275 1620 3321 et:
1661 3287 1680 3320 ι
1713 3265 1769 3320 In
1798 3281 1962 3320 manu

2074 3266 2218 3337 χειρὶ
2270 3264 2437 3318 αὐτοῦ
2476 3264 2546 3318 τὰ
2579 3265 2792 3336 πέρατα
2828 3263 2929 3335 τῆς
2968 3265 3092 3334 γῆς,
3126 3265 3222 3318 καὶ
3264 3265 3366 3318 ὅσα
3405 3264 3654 3320 τοιαῦτα.

382 3363 502 3433 ejus
533 3375 662 3417 sunt
704 3364 840 3417 lines
880 3371 1108 3426 terrm',
1141 3379 1160 3414 ι
1186 3368 1240 3416 et
1279 3361 1504 3416 similia.
1545 3359 1603 3414 In
1643 3377 1754 3429 quo
1786 3359 1969 3414 stolidi

385 3472 493 3510 non
532 3453 1370 3524 animadverterunt,;Dominum
1388 3452 1556 3508 Deum
1594 3446 1970 3523 per'liomines

384 3550 700 3603 hominibus
756 3549 1089 3618 loquentem,
1134 3547 1474 3602 audientium
1513 3545 1814 3602 infirmitati
1850 3559 1970 3600 Ser-

383 3656 576 3696 mones
606 3641 1041 3695 accommodare.
1077 3639 1144 3694 Et
1168 3641 1429 3710 quoniam
1473 3639 1646 3693 oculis
1669 3653 1776 3692 non
1817 3637 1968 3692 vide-

386 3749 532 3798 mus,
568 3732 823 3786 \irtutem
862 3731 982 3800 ejus
1012 3746 1110 3800 per
1131 3745 1296 3801 quam
1327 3729 1475 3784 videt
1505 3728 1784 3798 Scriptura
1813 3736 1970 3782 vocat

387 3825 580 3879 oculos
613 3841 626 3878 :
663 3832 718 3878 et
747 3839 965 3878 rursum
1013 3823 1272 3878 audiendi
1321 3822 1639 3876 facultatem
1673 3827 1832 3876 vocat
1879 3834 1971 3873 au-

386 3933 494 3979 res,
529 3918 788 3987 quoniam
834 3916 983 3970 hisce
1027 3915 1272 3986 partibus
1316 3913 1599 3970 audimus:
1642 3923 1697 3969 et
1743 3914 1971 3968 manda-

386 4016 501 4060 tum
539 4005 660 4070 Dei,
699 4001 788 4059 'os.
825 4002 1026 4058 Verum
1068 4004 1351 4074 oportebat
1396 4019 1490 4060 eos
1520 4019 1626 4058 non
1663 4003 1839 4059 solum
1874 4020 1970 4058 su-

384 4112 482 4167 pra
529 4097 674 4151 dicta
733 4096 896 4150 verba
957 4095 1256 4161 audivisse,
1307 4096 1399 4152 sed
1435 4095 1601 4150 etiam
1636 4110 1698 4150 ea
1726 4109 1850 4164 quae
1877 4095 1970 4149 do-

385 4196 510 4244 cent
539 4187 708 4242 Deum
747 4203 871 4243 esse
905 4187 1463 4257 incircumscriptum.
1493 4204 1512 4238 ι
1541 4185 1663 4252 Quo
1691 4187 1861 4252 enim,
1885 4187 1970 4240 in-

389 4282 528 4352 quit,
563 4281 654 4336 ibo
682 4295 713 4335 a
758 4280 954 4350 spiritu
985 4280 1123 4335 tuo?
1152 4288 1334 4349 etquo
1366 4295 1396 4334 a
1429 4279 1567 4334 facie
1599 4286 1690 4333 tua
1722 4277 1968 4348 fugiam?

385 4375 443 4428 Si
471 4372 771 4430 ascendere
800 4373 854 4427 in
886 4373 1107 4439 coelum,
1146 4381 1201 4427 tu
1235 4372 1309 4426 ibi
1330 4387 1423 4428 es:
1463 4372 1508 4426 si
1532 4370 1866 4427 descendero
1897 4371 1966 4426 ad

387 4463 681 4531 infernum,
733 4464 866 4518 ades
897 4471 946 4530 κ,
980 4481 998 4514 ι
1029 4471 1084 4517 et
1117 4478 1240 4531 quae
1260 4472 1586 4532 sequuntur.
1622 4460 1686 4515 Et
1729 4459 1967 4515 Samari-

389 4565 528 4610 tana:
561 4556 830 4613 Dominus
860 4555 1036 4611 dixit:
1061 4573 1078 4607 ι
1105 4553 1249 4610 Deus
1271 4553 1496 4625 spiritus
1542 4561 1643 4618 est,
1674 4562 1727 4608 et
1759 4560 1972 4623 oportet

2071 3358 2183 3412 Καὶ
2225 3357 2286 3412 οὐ
2327 3357 2567 3410 συνεῖδον
2618 3359 2668 3410 oi
2703 3357 2840 3425 ἄγαν
2876 3357 3096 3427 ἠλίθιοι,
3130 3357 3205 3419 ὡς
3248 3356 3558 3428 ἀνθρώποις
3589 3357 3658 3411 δι’

2071 3450 2375 3522 ἀνθρώπων
2429 3449 2816 3521 διαλεγόμενος
2860 3452 2888 3503 6
2930 3451 3211 3521 Δεσπότης
3263 3450 3420 3515 Θεὸς,
3449 3453 3515 3521 τῇ
3547 3451 3656 3504 τῶν

2069 3547 2381 3600 ἀκουόντων
2416 3545 2671 3616 ἀσθενείᾳ
2697 3546 2821 3607 τοὺς
2851 3545 3043 3612 λόγους
3074 3547 3284 3616 μετρεῖ.
3319 3545 3429 3600 Καὶ
3465 3543 3655 3616 ἐπειδὴ

2070 3639 2136 3692 δι’
2172 3637 2471 3708 ὀφθαλμῶν
2499 3638 2715 3708 ὁρῶμεν
2756 3637 2935 3707 ἡμεῖς,
2966 3636 3063 3705 τὴν
3097 3636 3330 3704 ὀπτικήν
3364 3637 3530 3692 αὐτοῦ
3565 3638 3658 3691 δύ-

2071 3747 2234 3800 ναμιν
2263 3729 2574 3799 ὀφθαλμοὺς
2609 3726 2897 3799 ὀνομάζει·
2930 3728 3023 3781 καὶ
3054 3729 3120 3782 αὖ
3165 3727 3328 3781 πάλιν
3357 3728 3456 3798 τὴν
3491 3729 3654 3782 ἀκου-

2072 3821 2286 3892 στικὴν,
2332 3812 2466 3884 ῶτα,
2497 3818 2686 3889 ἐπειδὴ
2718 3819 2805 3872 διὰ
2841 3817 3047 3870 τούτων
3080 3818 3188 3871 τῶν
3217 3820 3424 3888 μορίων
3463 3819 3655 3874 ἀκούο-

2074 3931 2174 3984 μεν
2201 3929 2214 3942 .
2254 3914 2349 3966 καὶ
2374 3912 2436 3966 τδ
2464 3911 2816 3982 πρόσταγμα,
2852 3911 3047 3981 στόμα.
3083 3911 3230 3964 Ἔδει
3263 3911 3321 3964 δὲ
3354 3913 3551 3976 αὐτοὺς
3582 3911 3657 3983 μὴ

2069 4006 2275 4061 τούτων
2313 4007 2474 4078 μόνον
2508 4003 2730 4059 ἀκούειν
2760 4003 2868 4056 τῶν
2901 4003 3098 4070 λόγων,
3146 4003 3282 4057 ἀλλὰ
3326 4004 3421 4058 καί
3452 4003 3561 4057 τῶν
3595 4005 3656 4058 τὸ

2070 4099 2450 4170 ἁπερίγραςον
2478 4096 2573 4150 τοῦ
2602 4095 2740 4150 Θεοῦ
2763 4095 3147 4149 διδασκόντων.
3192 4114 3211 4144 ι
3247 4095 3355 4148 Ποῦ
3388 4095 3515 4166 γὰρ,
3549 4113 3655 4164 φη-

2073 4190 2146 4257 σί,
2187 4189 2440 4260 πορευθῶ
2487 4187 2596 4242 άπὸ
2641 4185 2736 4241 τοῦ
2772 4185 3085 4258 πνεύματός
3124 4204 3238 4252 σου,
3281 4187 3374 4239 καὶ
3420 4186 3528 4240 ἀπὸ
3557 4185 3651 4239 τοῦ

2075 4280 2368 4354 προσώπου
2391 4297 2485 4334 σου
2511 4278 2612 4332 ποῦ
2633 4279 2790 4349 φύγω
2809 4294 2823 4345 ;
2856 4278 2980 4332 Ἐὰν
2997 4278 3182 4332 άναϐῶ
3202 4279 3280 4342 εἰς
3296 4276 3386 4331 τὸν
3403 4276 3653 4350 οὐρανὸν,

2077 4377 2142 4428 σὺ
2171 4375 2287 4426 ἐκεῖ
2326 4369 2378 4426 εἴ
2401 4389 2415 4404 ·
2447 4371 2542 4427 ἐὰν
2573 4370 2801 4426 καταϐῶ
2834 4373 2913 4434 εἰς
2945 4370 3036 4424 τὸν
3071 4369 3226 4441 ᾅδην,
3253 4369 3453 4439 πάρει·
3499 4388 3517 4420 ι
3563 4369 3658 4423 καὶ

2072 4465 2141 4519 τὰ
2163 4465 2312 4536 ἑξῆς.
2342 4464 2452 4518 Καὶ
2473 4466 2540 4536 τῇ
2569 4463 2924 4536 Σαμαρείτιδι
2949 4463 2977 4515 6
3006 4461 3210 4534 Κύριος
3231 4460 3360 4531 ἔφη,
3391 4479 3408 4512 ι
3434 4460 3658 4532 Πνεῦμα

2073 4559 2102 4611 6
2137 4560 2290 4624 Θεὸς,
2327 4559 2421 4612 καί
2456 4559 2584 4622 τοὺς
2616 4555 3061 4628 προσκυνοῦντας
3094 4555 3259 4610 αὐτὸν
3296 4557 3354 4608 ἐν
3383 4554 3656 4624 πνεύματι

383 4664 480 4703 eos
523 4650 613 4717 qui
661 4649 892 4705 adorant
937 4649 1140 4719 ipsum,
1178 4648 1231 4702 in
1258 4647 1453 4719 spiritu
1494 4655 1549 4702 et
1573 4647 1800 4700 veritate
1831 4646 1963 4700 ado-

2074 4653 2164 4706 καὶ
2194 4651 2423 4724 ἀληθείᾳ
2466 4651 2548 4704 δεῖ
2591 4651 2936 4722 προσκυνεῖν.
2991 4651 3053 4703 Εἰ
3096 4647 3154 4701 δὲ
3184 4648 3402 4714 πνεῦμα
3433 4649 3461 4701 6
3503 4649 3656 4711 Θεὸς,

386 4757 507 4797 rare
526 4750 574 4793 r.
609 4759 628 4793 ι
667 4741 723 4795 Si
753 4753 933 4797 autem
972 4742 1117 4798 Deus
1161 4741 1389 4812 spiritus
1437 4749 1541 4807 est,
1596 4739 1825 4809 simplex
1867 4738 1966 4809 igi-

385 4843 494 4898 tur,
525 4834 944 4904 incompositus,
965 4844 1020 4890 et
1056 4835 1284 4906 ﬁguram
1337 4848 1445 4887 non
1479 4832 1769 4902 recipiens.
1802 4830 1965 4902 Atqui

384 4942 788 4998 supervacuum
834 4937 920 4981 est
968 4930 1133 4984 istum
1177 4931 1229 4984 in
1271 4931 1492 5001 longum
1528 4929 1827 4999 producere
1853 4945 1969 4984 ser-

385 5037 626 5076 monem.
662 5019 806 5076 Satis
834 5023 979 5076 enim
1007 5032 1151 5092 patet
1181 5025 1378 5080 borum
1415 5023 1651 5079 insania.
1683 5023 1842 5079 Hunc
1868 5022 1968 5094 igi-

386 5117 472 5168 tu'r
514 5113 738 5170 locum:
771 5132 789 5166 ι
825 5113 1118 5170 Faciamus
1171 5116 1448 5173 hominem
1487 5118 1555 5172 ad
1583 5117 1877 5187 imaginem
1915 5125 1970 5172 et

385 5204 800 5260 similitudinem
828 5215 1095 5272 nostram,
1125 5225 1143 5258 ι
1176 5207 1344 5278 aliqui
1398 5208 1653 5265 doctores
1691 5209 1766 5262 ita
1811 5207 1969 5262 intel-

387 5297 671 5353 lexerunt:
731 5314 926 5364 nempe
964 5298 1132 5352 Deum
1182 5299 1450 5366 omnium,
1484 5315 1607 5355 cum
1656 5308 1967 5355 creaturam

387 5391 706 5447 sensitivam
740 5399 794 5446 et
823 5391 1210 5448 intellectivam
1255 5399 1520 5458 creasset,
1557 5391 1832 5447 hominem
1867 5405 1971 5460 po-

391 5493 598 5538 stremo
658 5483 948 5551 formasse,
989 5481 1153 5538 veluti
1205 5481 1289 5536 sui
1313 5482 1606 5551 quamdam
1655 5483 1970 5555 imaginem,

457 5671 617 5726 PJob
683 5672 822 5738 x,8.
900 5671 1095 5727 QPsal.
1163 5686 1356 5735 cxvm,

1427 5670 1515 5725 75.
1594 5671 1750 5728 'lsa.
1816 5689 1965 5740 uiv,
2029 5673 2082 5729 8.

387 5751 416 5784 ν
439 5740 586 5800 Psal.
638 5758 781 5802 κων.
837 5743 891 5797 4.
969 5753 995 5782 ι
1027 5742 1172 5800 Psal.
1201 5756 1467 5802 cum".
1499 5741 1586 5798 78.
1660 5751 1689 5793 1
1721 5743 1882 5802 Joan.
1923 5761 1997 5810 iv,
2030 5744 2122 5800 24.

2075 4747 2278 4812 ἁπλοῦς
2302 4748 2433 4818 ἄρα,
2455 4747 2548 4800 καὶ
2572 4744 2882 4809 άσύνθετος,
2917 4746 3011 4798 καὶ
3032 4745 3174 4815 ἁσχη
3186 4744 3463 4814 μάτιστος.
3499 4743 3658 4796 Ἀλλά

2074 4841 2186 4912 γὰρ
2218 4839 2476 4910 περιττὸν
2507 4837 2696 4892 τοῦτον
2735 4837 3000 4909 μηκύνειν
3031 4837 3123 4890 τὸν
3154 4837 3312 4904 λόγον
3337 4853 3351 4865 ’
3386 4835 3522 4906 δήλη
3553 4835 3660 4906 γὰρ

2073 4931 2281 4985 τούτων
2318 4932 2352 5001 ἡ
2391 4929 2568 4983 ἄνοια.
2606 4929 2679 4982 Τὸ
2721 4927 2923 4991 τοίνυν,
2965 4946 2983 4979 ι
3021 4927 3344 4996 Ποιήσωμεν
3374 4925 3662 4996 ἄνθρωπον

2076 5025 2196 5077 κατ’
2223 5021 2408 5076 εἰκόνα
2434 5021 2708 5094 ἡμετέραν
2735 5020 2830 5076 καὶ
2855 5019 2979 5074 καθ’
3009 5018 3290 5089 ὁμοίωσιν,
3329 5037 3346 5069 ι
3387 5018 3532 5082 τινὲς
3553 5016 3661 5070 τῶν

2073 5115 2412 5170 διδασκάλων
2469 5115 2643 5177 οὕτως
2707 5114 2972 5184 ἐνόησανο
3028 5113 3110 5165 ὃτι
3161 5112 3260 5183 τὴν
3319 5111 3499 5164 κτίσιν
3562 5109 3662 5179 τὴν

2077 5207 2347 5279 αἰσθητήν
2369 5224 2430 5260 τε
2460 5207 2556 5260 καί
2583 5205 2782 5277 νοητὴν
2809 5203 3130 5276 πεποιηκὼς
3156 5205 3184 5256 6
3208 5203 3317 5257 τῶν
3342 5204 3482 5256 ὅλων
3507 5202 3662 5263 Θεὸς,

2077 5299 2171 5352 τὸν
2219 5298 2506 5369 ἄνθρωπον
2541 5296 2835 5351 διέπλασεν
2873 5295 3123 5367 ἔσχατον,
3164 5289 3276 5348 οἷόν
3315 5312 3439 5348 τινα
3481 5293 3666 5346 εἰκόνα

2081 5389 2279 5446 ἑαυτοῦ
2312 5394 2368 5443 ὲν
2403 5391 2552 5461 μέσῳ
2577 5387 2840 5453 τεθεικώς
2868 5389 2980 5442 τῶν
3007 5387 3234 5458 ἀψύχων
3263 5403 3322 5440 τε
3363 5387 3459 5440 καὶ
3485 5382 3664 5454 ἐμψύ-

2079 5499 2214 5554 χων,
2246 5481 2339 5536 καὶ
2371 5479 2647 5554 αἰσθητῶν
2680 5479 2776 5534 καὶ
2805 5477 3014 5549 νοητῶν
3037 5494 3050 5509 ·
3099 5478 3187 5532 ἵνα
3237 5477 3306 5532 τὰ
3344 5477 3445 5547 μὲν
3483 5471 3666 5544 ἄψυχά

2162 5685 2184 5714 ι
2216 5671 2282 5731 ιν
2310 5672 2446 5747 Reg.
2479 5688 2593 5743 xix,
2634 5671 2722 5730 t6.
2802 5671 2824 5712 ι
2851 5669 2988 5730 Gen.
3014 5686 3133 5740 vm,
3153 5669 3244 5726 2t.
3316 5678 3344 5707 ιι
3373 5667 3545 5738 133.1,
3570 5664 3662 5726 20.
