4038 6210
434 292 537 354 Itt
1375 303 1866 366 TIIEODORETI
1902 301 2242 363 EPISCOPI
2283 301 2649 363 (.YREN'SIS
3588 290 3708 355 H9.

430 418 544 473 sola
579 416 889 472 cohaereant
937 415 992 470 in
1047 415 1167 485 ipso
1216 422 1500 477 creaturae,
1551 414 1645 468 sed
1691 412 1806 482 ipsa
1841 412 2004 465 etiam

2117 410 2203 462 καὶ
2236 409 2479 479 λογικὴν,
2509 412 2629 471 ταῖς
2656 408 2912 478 ἀοράτοις
2944 408 3035 461 καὶ
3067 408 3309 478 λογικαῖς
3338 412 3577 466 ἐοικυῖαν
3601 415 3722 474 οὐκ

418 506 758 577 cognatione
812 514 1054 561 naturae:
1088 504 1200 560 imo
1245 519 1376 560 vero
1431 511 1490 557 ut
1518 510 1740 573 propter
1763 500 1867 572 31
1901 515 2004 557 na-

2117 499 2276 565 σίαις,
2311 499 2398 553 ἴνα
2445 500 2520 570 μὴ
2553 501 2618 570 τῇ
2671 499 2832 570 χρείᾳ
2882 498 3044 571 μόνον
3089 500 3178 553 ἐπ’
3224 501 3387 555 αὐτὸν
3431 502 3466 572 ή
3516 503 3703 569 κτίσις

432 607 567 652 tura:
610 596 994 666 cognationem
1022 594 1088 649 ad
1133 593 1283 657 illius
1312 592 1608 648 utilitatem
1648 591 1831 646 omnia
1872 606 2005 646 con-

422 698 673 752 currant,
696 704 805 759 pro
840 704 908 743 eo
931 688 1027 759 qui
1055 703 1253 759 genere
1273 687 1600 757 conjunctus
1630 694 2006 756 cognatusque

429 781 502 836 sit
520 780 757 834 laborem
782 794 942 835 suum
964 779 1194 833 libenter
1220 779 1621 846 utilitatemque
1644 775 2002 832 conferentia.

430 873 501 928 Et
531 883 646 944 post
676 873 807 928 alia.
833 872 965 927 Mihi
999 888 1132 927 vero
1181 873 1530 927 vehementer
1562 870 1822 925 admirari
1858 870 2007 925 subit

428 982 546 1031 eos,
573 965 668 1037 qui
705 966 923 1036 assequi
953 964 1054 1019 ista
1092 978 1199 1018 non
1242 970 1571 1033 potuerunt:
1605 960 1698 1016 sed
1728 961 2002 1017 hominem

428 1060 497 1115 ad
553 1058 844 1130 imaginem
902 1056 996 1112 Dei
1053 1065 1299 1111 creatum
1348 1069 1472 1109 esse
1501 1054 1777 1118 dixerunt,
1808 1055 2004 1123 partim

430 1152 648 1223 quidem
706 1159 931 1221 propter
980 1149 1267 1218 imperium
1307 1155 1363 1203 et
1414 1156 1761 1219 potestatem,
1804 1147 2004 1218 partim

430 1261 561 1301 vero
593 1244 888 1300 secundum
908 1241 1266 1296 ratiocinandi
1300 1241 1430 1307 vim,
1457 1240 1654 1311 partim
1690 1250 1873 1296 autem
1914 1254 2006 1295 se-

431 1316 669 1391 cundum
713 1334 1123 1394 intellectivam,
1164 1331 1275 1386 risu
1323 1332 1479 1401 plena
1511 1330 1797 1387 manifeste
1825 1329 2008 1401 profe-

434 1439 813 1498 rente<;°cum
869 1439 963 1480 eos
1004 1423 1459 1479 animadvertisse
1513 1433 1811 1495 oporteret,
1859 1423 2005 1492 quod

427 1519 581 1576 solus
638 1520 801 1570 humo
850 1517 1065 1572 dicatur
1115 1515 1293 1586 imago
1340 1515 1435 1569 Dei
1465 1530 1609 1570 esse.
1640 1514 1922 1585 Siquidem
1950 1513 2004 1569 in

424 1615 548 1684 ejus
592 1612 880 1667 creatione
936 1609 1019 1666 sic
1063 1609 1179 1664 ait:
1211 1629 1229 1661 ι
1271 1608 1556 1663 Faciamus
1611 1608 1885 1664 hominem
1939 1608 2005 1663 ad

429 1707 722 1780 imaginem
772 1714 1014 1760 nostram
1049 1705 1100 1757 ιι.
1138 1722 1158 1754 ι
1191 1703 1252 1757 Et
1280 1716 1495 1757 rursum
1524 1702 1576 1757 in
1627 1700 1850 1757 historia
1893 1700 2008 1755 Noe

428 1804 651 1867 dicitur,
673 1800 819 1871 quod
856 1818 875 1850 ι
903 1798 970 1853 ad
1008 1796 1300 1867 imaginem
1333 1795 1424 1851 Dei
1458 1795 1585 1851 fecit
1608 1795 1883 1850 hominem
1909 1796 1951 1849 ἱ.
1985 1813 2003 1847 ι

433 1897 494 1950 lit
530 1894 723 1949 beatus
753 1892 955 1946 Paulus
983 1891 1096 1944 ait:
1148 1910 1166 1941 c
1200 1888 1295 1943 Vir
1326 1904 1432 1943 non
1465 1889 1624 1943 debet
1661 1889 1846 1951 velari,
1884 1903 2007 1943 cum

431 1988 502 2043 sit
542 1987 719 2055 imago
749 1993 804 2038 ot
834 1983 1001 2053 gloria
1040 1981 1130 2036 Dei
1168 1979 1213 2034 i.
1256 1999 1273 2032 ι
1305 1980 1459 2047 Quod
1501 1981 1546 2036 si
1575 1982 1727 2035 solus
1754 1981 1918 2033 homo
1944 1997 2009 2036 ex

431 2079 686 2135 omnibus
711 2075 979 2132 (venturis
1014 2074 1192 2143 imago
1230 2072 1319 2129 Dei
1346 2082 1448 2138 est,
1488 2074 1646 2142 plane
1681 2088 1804 2129 cum
1838 2074 1883 2128 is
1921 2088 2011 2129 so-

433 2173 517 2228 lus
554 2171 634 2225 sic
681 2168 997 2238 appelletur,
1029 2165 1358 2235 peculiarem
1395 2165 1689 2234 quamdam
1743 2166 2008 2219 rationem

434 2265 663 2331 hujusce
695 2259 1158 2317 denominationis
1198 2273 1321 2314 esse
1367 2258 1631 2328 oportuit,
1671 2273 1777 2312 non
1828 2260 2007 2313 solum

432 2361 501 2415 ob
530 2357 842 2414 facultatem
899 2354 1284 2409 intellectivam
1344 2361 1438 2408 aut
1496 2353 1841 2413 rationalem,
1874 2368 2013 2423 qua-

432 2467 552 2505 rum
612 2447 900 2518 participes
941 2460 1062 2500 esse
1117 2445 1345 2501 virtutes
1390 2445 1693 2501 invisibiles
1737 2446 2007 2501 dicimus:

434 2541 544 2593 imo
593 2552 769 2606 neque
799 2536 870 2589 ob
916 2535 1231 2591 facultatem
1277 2535 1621 2599 dominandi,
1655 2551 1816 2605 quam
1847 2536 2009 2591 etiam

432 2643 736 2698 competere
791 2629 1083 2685 virtutibus
1136 2628 1504 2684 inrisibilihus
1536 2628 1838 2691 cernimus,
1870 2631 2014 2684 sicut

434 2727 625 2779 beatus
672 2721 874 2775 Paulus
904 2720 1020 2774 ait:
1047 2739 1078 2770 η(
1113 2716 1381 2784 Quoniam
1414 2716 1469 2771 in
1512 2716 1630 2786 ipso
1659 2728 1840 2775 creata
1884 2728 2015 2773 sunt

433 2815 640 2875 omnia,
674 2828 796 2883 qua:
829 2813 883 2866 in
920 2811 1075 2867 cmlis
1108 2820 1236 2864 sunt
1289 2819 1341 2864 et
1371 2823 1539 2879 super
1569 2817 1792 2878 terram,
1827 2810 2019 2865 \isibi-

433 2910 500 2962 lia
547 2918 597 2960 et
627 2904 945 2967 invisibilia,
1001 2901 1114 2956 sive
1152 2900 1380 2958 Throni.
1410 2900 1526 2957 sive
1579 2900 2010 2966 Dominationes,

431 3000 545 3055 sive
591 2995 957 3065 Priueipatus,
992 3008 1086 3047 seu
1138 2992 1443 3047 Potestatcs
1470 2991 1519 3045 ιι.
1556 3010 1575 3043 ι
1608 2990 1676 3046 Ει
1719 2992 1824 3045 alio
1854 2992 2011 3046 loco:

2109 592 2471 663 συνάπτηται,
2515 591 2653 646 ἀλλὰ
2698 591 2809 662 γὰρ
2859 592 2954 645 καὶ
2995 593 3062 662 τῇ
3094 592 3195 661 τῆς
3233 592 3448 660 φύσεως
3493 596 3703 649 οἰκειό-

2106 702 2264 757 1:th
2299 686 2503 757 μᾶλλον
2531 685 2608 748 δὲ,
2643 685 2729 739 ἵνα
2760 685 2823 738 ἐκ
2855 684 2956 755 τῆς
2987 684 3128 740 κατὰ
3158 685 3259 756 τὴν
3302 685 3467 755 φύσιν
3491 688 3703 741 οἰκειό-

2104 797 2266 851 τητος
2299 778 2567 850 καὶπρὸς
2616 780 2716 848 τὴν
2761 778 2952 850 χρείαν
3004 779 3104 849 τὴν
3147 779 3315 833 αὑτοῦ
3356 779 3533 834 πάντα
3564 797 3702 834 συν-

2108 871 2385 943 ἀπτηταιο
2435 871 2608 942 ἡδέως
2655 871 2797 941 ὑπὲρ
2841 871 2937 923 τοῦ
2990 871 3288 939 συγγενοῦς
3341 872 3436 926 καὶ
3487 874 3701 926 οἰκείου

2108 964 2377 1018 πονοῦντα
2418 982 2477 1017 τε
2519 966 2615 1018 καὶ
2640 963 2739 1034 τὴν
2785 963 3008 1034 ἐκείνην
3051 964 3380 1035 εἰσφέροντα
3422 967 3611 1036 χρείαν
3647 968 3702 998 ³⁸

2108 1058 2220 1111 Καὶ
2262 1059 2387 1127 μεθ’
2419 1057 2591 1125 ἕτερα
2616 1072 2631 1088 ·
2669 1056 2881 1126 Σφόδρα
2928 1056 2985 1109 δέ
3019 1073 3111 1127 μοι
3156 1055 3462 1126 θαυμάζειν
3495 1057 3704 1128 ἐπελή-

2107 1151 2235 1205 λυθε
2261 1150 2373 1204 τῶν
2400 1150 2574 1224 ταύτῃ
2605 1149 2705 1221 μὲν
2733 1150 2964 1204 συνιδεῖν
2993 1150 3091 1221 οὑχ
3123 1150 3250 1204 οἴων
3280 1167 3340 1203 τε
3368 1152 3702 1219 γεγονότων,

2110 1244 2232 1300 κατ’
2250 1245 2434 1298 εἰκόνα
2451 1244 2507 1298 δέ
2523 1244 2614 1298 τὸν
2630 1243 2916 1314 ἄνθρωπον
2931 1242 3025 1297 τοῦ
3036 1242 3171 1298 Θεοῦ
3183 1244 3535 1314 γεγενῆσθαι,
3559 1245 3702 1317 (64).

2110 1339 2186 1410 πῆ
2221 1339 2320 1410 μὲν
2351 1337 2494 1392 κατὰ
2520 1337 2584 1392 τὸ
2635 1338 2863 1410 ἀρχικὸν
2911 1338 3197 1403 εἰπόντων,
3227 1337 3306 1407 πῆ
3354 1337 3412 1392 δὲ
3454 1338 3595 1393 κατὰ
3636 1339 3705 1392 τὸ

2108 1432 2330 1501 λογικόν
2360 1432 2436 1496 ³⁷,
2472 1433 2549 1501 πῆ
2583 1431 2640 1485 δέ
2676 1431 2817 1485 κατὰ
2868 1430 2930 1484 τὸ
2982 1430 3192 1502 νοερὸν,
3237 1429 3473 1499 γέλωτος
3524 1433 3705 1501 μεστὰ

2113 1522 2301 1594 σαφῶς
2343 1523 2871 1593 ἀποφθεγγομὲνων,
2923 1522 3044 1578 δέον
3086 1523 3284 1588 αὐτοὺς
3310 1523 3579 1589 ’συνιδεῖν,
3613 1524 3704 1578 ὅτι

2110 1615 2274 1670 εἰκὼν
2321 1616 2456 1669 Θεοῦ
2497 1616 2659 1686 μόνος
2705 1619 2732 1669 6
2775 1615 3060 1689 ἄνθρωπος
3090 1615 3312 1687 λέγεται
3344 1616 3701 1689 γεγενῆσθαι.

2126 1708 2214 1762 Ἐν
2251 1709 2350 1778 μὲν
2382 1708 2489 1780 γὰρ
2511 1710 2577 1781 τῇ
2609 1709 2846 1779 ποιήσει,
2882 1708 3036 1779 φησί,
3071 1726 3088 1760 ι
3132 1708 3458 1779 Ποιήσωμεν
3485 1708 3707 1780 ἄνθρω-

2113 1818 2212 1855 πον
2254 1803 2389 1875 κατ’¹
2424 1801 2608 1856 είκόνα
2656 1801 2953 1871 ἡμετέραν.
2994 1821 3013 1853 ι
3058 1801 3183 1855 Ἐπὶ
3221 1801 3278 1854 δὲ
3309 1801 3404 1856 τοῦ
3435 1801 3581 1867 Νῶε,
3612 1803 3705 1856 ὅτι

2118 1913 2137 1946 ι
2175 1897 2232 1948 ἐν
2261 1895 2431 1949 είκόνι
2457 1894 2594 1948 Θεοῦ
2630 1894 2856 1964 ἐποίησε
2881 1896 2974 1947 τὸν
3005 1893 3315 1965 ἄνθρωπον.
3355 1912 3374 1945 ι
3418 1892 3477 1946 ⁸0
3505 1893 3560 1947 δὲ
3589 1911 3705 1964 μα-

2113 1988 2304 2058 κάριος
2352 1986 2601 2050 Παῦλος·
2639 2007 2658 2037 ι
2711 1987 2873 2058 Ἀνὴρ
2902 1987 3001 2040 οὐκ
3035 1985 3241 2055 ὀφείλει
3276 1986 3705 2041 κατακαλύπτε-

2115 2079 2263 2146 σθαι,
2298 2078 2464 2136 εἰκὼν
2497 2083 2590 2134 καὶ
2628 2080 2753 2145 δόξα
2792 2080 2928 2134 Θεοῦ
2962 2080 3246 2151 ὑπάρχων.
3289 2098 3307 2130 ι
3347 2080 3409 2133 Εἰ
3439 2079 3495 2132 δὲ
3536 2081 3706 2150 μόνος

2112 2172 2140 2224 ό
2169 2171 2456 2242 ἄνθρωπος
2499 2175 2556 2224 ἐν
2588 2175 2701 2235 τοὶς
2736 2171 3018 2240 γεγονόσιν
3060 2171 3247 2237 εἰκὼν,
3292 2171 3577 2243 πρόδηλον,
3620 2172 3706 2235 ὡς

2080 2261 2305 2317 ’τούτου
2342 2264 2506 2333 μόνου
2541 2264 2700 2318 τοῦτο
2746 2264 3204 2335 προσειρημένου,
3244 2264 3381 2319 ἰδίαν
3433 2265 3555 2319 τινὰ
3597 2265 3707 2335 τῆς

2113 2358 2489 2427 προσηγορίας
2521 2357 2799 2428 προσῆκεν
2843 2352 2981 2411 εἶναι
3018 2357 3115 2428 τὴν
3137 2358 3356 2412 αἰτίων
3405 2357 3525 2412 ἀλλ’
3570 2358 3705 2412 οὕτε

2112 2448 2173 2502 τὸ
2209 2450 2396 2521 νοερὸν
2447 2451 2627 2521 μόνον,
2675 2449 2799 2504 οὒτε
2835 2450 3085 2520 λογικόνο
3118 2450 3372 2513 τοιαύτας
3416 2451 3526 2525 γὰρ
3556 2448 3707 2506 εἶναι

2115 2543 2206 2595 καί
2238 2545 2336 2607 τὰς
2371 2544 2636 2614 ἀοράτους
2684 2544 2865 2614 φαμὲν
2894 2543 3171 2613 δυνάμεις.
3225 2543 3298 2597 Οὐ
3338 2544 3444 2616 μὴν
3487 2545 3609 2598 οὐδὲ
3638 2547 3711 2598 τὸ

2114 2636 2374 2707 ἀρχικόν·
2422 2637 2517 2690 καὶ
2563 2637 2672 2709 γὰρ
2711 2638 2805 2690 καὶ
2851 2636 3009 2690 τοῦτο
3051 2638 3173 2699 ταῖς
3215 2637 3469 2707 ἀοράτοις
3498 2638 3709 2709 προσὸν

2114 2726 2331 2798 ὁρῶμεν
2363 2726 2683 2796 δυνάμεσιν,
2718 2728 2792 2790 ὡς
2824 2729 2852 2782 6
2886 2726 3156 2799 μακάριος
3188 2727 3402 2792 Παῦλος
3440 2727 3571 2782 ποτὲ
3601 2727 3710 2799 μὲν

2115 2815 2288 2886 λέγει,
2328 2835 2349 2869 ι
2385 2817 2508 2871 "Uti.
2533 2819 2591 2871 ἐν
2619 2817 2770 2889 αὐτῷ
2808 2817 3030 2889 ἐκτίσθη
3065 2817 3135 2871 τὰ
3161 2819 3359 2884 πάντα,
3392 2818 3461 2872 τὰ
3501 2819 3560 2872 ἐν
3588 2821 3708 2883 τοῖς

2123 2910 2397 2980 οὐρανοῖς,
2434 2910 2529 2963 καὶ
2556 2909 2624 2964 τὰ
2666 2910 2760 2964 ἐπὶ
2789 2912 2889 2982 τῆς
2915 2913 3041 2982 γῆς,
3067 2910 3135 2966 τὰ
3159 2909 3354 2981 όρατὰ,
3383 2911 3474 2965 καὶ
3513 2911 3582 2966 τὰ
3608 2913 3709 2966 ἀό-

2120 3001 2403 3073 ρατα,είτε
2442 3001 2783 3072 Θρόνοι,είτε
2826 3002 3321 3073 κυριότητες-,εἴτε
3353 3003 3539 3076 Ἀρχαί
3559 3004 3708 3071 ,εἴτε

437 3115 456 3145 ι
488 3091 556 3146 Ut
584 3091 893 3144 innotescat
930 3098 1077 3140 utine
1116 3083 1512 3152 Priueipatihus
1555 3091 1609 3137 et
1652 3081 2016 3138 Potestatibus

2121 3093 2413 3157 Ἐξουσίαι·
2442 3112 2460 3145 ι
2485 3093 2614 3147 ποτέ
2628 3093 2706 3159 δὲ,
2727 3114 2745 3147 ι
2766 3094 2880 3148 Ἵνα
2898 3095 3112 3167 γνωσθῇ
3133 3096 3242 3166 (65)
3261 3094 3355 3149 νῦν
3372 3098 3488 3159 ταῖς
3505 3098 3707 3168 ἀρχαῖς

433 3187 487 3240 in
537 3178 929 3239 (mlcetibns‘.
986 3196 1005 3230 ι
1046 3175 1213 3232 "Unde
1265 3186 1321 3232 et
1371 3175 1682 3230 contrarias
1724 3183 2018 3245 potestates

436 3279 509 3332 ita
537 3285 713 3337 vocat,
733 3280 995 3343 tanquam
1023 3284 1142 3340 quae
1174 3268 1476 3325 ceciderint
1497 3283 1560 3322 ex
1584 3267 1692 3322 illis
1709 3267 2016 3322 ordinibus.

440 3390 460 3422 ι
489 3368 606 3423 Non
668 3367 839 3430 enim,
879 3362 1080 3434 inquit.
1132 3371 1218 3417 est
1268 3359 1427 3415 nobis
1462 3358 1781 3414 colluctatio
1831 3358 2020 3412 adver-

436 3476 533 3518 sus
554 3474 776 3516 carnem
799 3467 852 3513 et
869 3454 1215 3526 sanguinem,
1242 3451 1336 3507 sed
1382 3451 1646 3507 adversus
1673 3449 2020 3521 Principatus

431 3566 491 3612 et
510 3552 618 3624 32
642 3552 970 3614 Potestates,
988 3557 1044 3604 et
1070 3547 1335 3602 adversus
1382 3543 1569 3598 mundi
1601 3552 1840 3598 rectores
1869 3551 2020 3597 tene-

439 3651 662 3704 brarum
730 3645 897 3716 hujus
927 3643 1112 3700 saeculi
1136 3650 1200 3696 ³³.
1248 3659 1266 3694 ι
1308 3639 1399 3695 Sic
1425 3647 1479 3693 et
1508 3639 1681 3708 angeli
1713 3644 2016 3693 vocantur:

444 3762 463 3794 ι
500 3740 569 3795 Ει
591 3736 966 3802 Michael,ait,
999 3734 1249 3806 princeps
1299 3739 1501 3797 vester,
1526 3739 1587 3785 et
1607 3730 1859 3800 princeps
1892 3728 2020 3783 Per-

410 3832 574 3888 -sidis
603 3839 651 3883 ιι.
693 3848 712 3882 ι
757 3830 967 3885 Dictum
1006 3837 1101 3882 est
1155 3835 1335 3880 autem
1390 3832 1444 3879 et
1496 3822 1564 3877 de
1619 3822 2016 3877 luminaribus:

446 3943 466 3977 ι
491 3923 783 3977 Luminare
802 3919 979 3988 majus
1003 3917 1057 3971 in
1075 3916 1379 3971 dominium
1402 3915 1531 3978 diei,
1554 3924 1605 3969 et
1630 3916 1899 3970 luminare
1921 3914 2021 3970 tui-

440 4032 545 4072 nus
582 4016 638 4071 in
672 4013 977 4068 dominium
1023 4009 1201 4065 noctis
1230 4026 1273 4063 ο.
1307 4027 1327 4060 ι
1365 4008 1522 4075 Quod
1577 4007 1742 4063 David
1778 4017 2021 4079 potesta-

442 4118 550 4162 tem
572 4106 885 4177 appellarit,
909 4104 1098 4159 dicens
1125 4121 1139 4156 :
1177 4122 1195 4154 ι
1233 4100 1416 4157 Solem
1446 4103 1498 4156 in
1529 4110 1858 4172 potestatem
1885 4101 2015 4167 diei,

442 4203 628 4256 lunam
657 4207 711 4253 et
739 4197 927 4253 stellas
954 4196 1007 4250 in
1039 4202 1364 4266 potestatem
1402 4194 1575 4250 noctis
1595 4203 1644 4248 ι».
1677 4211 1695 4244 ι
1732 4193 2018 4261 Quomodo

441 4290 610 4359 igitur
651 4287 767 4342 ﬁeri
806 4294 1040 4357 poterat,
1076 4295 1135 4339 ut
1178 4285 1342 4339 homo
1393 4284 1668 4339 diceretur
1718 4285 1897 4358 imago
1925 4284 2018 4340 Dei

438 4382 741 4438 secundum
799 4378 1077 4451 quidpiam
1111 4392 1304 4432 eorum
1355 4392 1476 4447 qua:
1524 4385 1655 4431 sunt
1702 4376 2018 4431 communia

2122 3185 2217 3238 καὶ
2237 3186 2355 3249 ταῖς
2399 3185 2674 3249 ἐξουσίαις
2725 3186 2783 3239 ἐν
2809 3188 2920 3249 τοῖς
2957 3187 3316 3257 ἐπουρανίοις.
3351 3205 3371 3239 ι
3421 3186 3580 3243 Ὅθεν
3609 3191 3706 3242 κα)¹

2119 3275 2220 3338 τὰς
2239 3275 2486 3339 ἐναντίας
2518 3275 2661 3330 οὕτω
2692 3276 2846 3332 καλεῖ
2881 3278 3164 3350 δυνάμεις,
3195 3280 3270 3344 ὡς
3297 3281 3362 3334 ἂν
3388 3279 3448 3346 ἐξ
3478 3280 3706 3335 ἐκείνων

2124 3365 2550 3430 ἐκπεπτωκυίας
2571 3367 2680 3421 τῶν
2714 3369 3033 3439 ταγμάτων.
3082 3390 3100 3423 ί
3144 3372 3258 3424 Οὐκ
3287 3371 3401 3426 ἔστι
3431 3371 3560 3443 γὰρ,
3595 3390 3705 3442 φη-

2124 3457 2228 3525 σὶν,
2260 3459 2391 3529 ἡμῖν
2434 3461 2492 3530 ἡ.
2514 3459 2657 3531 πάλη
2690 3460 2826 3530 πρὸς
2851 3456 3001 3532 αἷμα,
3023 3461 3117 3516 καὶ
3150 3463 3349 3532 σάρκα.
3401 3463 3539 3518 ἀλλὰ
3570 3465 3705 3536 πρὸς

2123 3548 2223 3610 τὰς
2283 3549 2476 3620 ἀρχὰς,
2508 3550 2646 3620 πρὸς
2689 3549 2790 3613 τὰς
2838 3550 3108 3616 ἐξουσίας,
3152 3552 3287 3622 πρὸς
3318 3552 3445 3617 τοὺς
3501 3570 3703 3621 κοσμο-

2124 3640 2396 3711 κράτορας
2422 3638 2516 3694 τοῦ
2547 3640 2775 3704 σκότους
2802 3641 2895 3695 τοῦ
2925 3641 3123 3706 αἰῶνος
3147 3642 3339 3696 τούτου
3366 3643 3434 3697 ’⁸.
3480 3661 3497 3694 ι
3546 3642 3701 3696 Οὕτω

2122 3734 2217 3788 καὶ
2263 3735 2487 3805 ἄγγελοι
2538 3734 2869 3789 καλοῦνταιο
2918 3755 2935 3787 ι
2977 3736 3089 3790 Καὶ
3142 3735 3382 3806 Μιχαὴλ,
3435 3735 3619 3807 φησὶν,
3671 3738 3699 3789 ό

2123 3829 2308 3900 ἄρχων
2333 3826 2508 3898 ὑμῶν,
2541 3829 2633 3882 καὶ
2659 3828 2841 3899 ἄρχων
2871 3827 3131 3899 Περσίδος
3164 3828 3298 3901 (66).
3338 3848 3357 3880 ι
3393 3829 3619 3900 Εἴρηται
3642 3827 3699 3880 δι

2122 3919 2217 3971 καὶ
2252 3919 2381 3988 περ).
2410 3918 2519 3973 τῶν
2561 3920 2885 3990 φωστήρων,
2923 3938 2941 3972 ι
2976 3919 3080 3972 Τὸν
3112 3919 3376 3991 φωστῆρα
3401 3919 3493 3972 τὸν
3527 3919 3701 3987 μέγαν

2121 4013 2201 4076 εἰς
2227 4011 2402 4083 ἀρχὰς
2426 4011 2527 4081 τῆς
2561 4011 2793 4082 ἡμέρας,
2825 4014 2918 4065 καὶ
2946 4011 3037 4065 τὸν
3074 4012 3338 4081 φωστῆρα
3364 4010 3453 4064 τὸν
3488 4010 3702 4062 ἐλάσσω

2122 4101 2201 4163 εἰς
2229 4099 2404 4170 ἀρχὰς
2435 4099 2536 4169 τῆς
2567 4101 2781 4162 νυκτός.
2820 4118 2839 4151 ι
2885 4100 3059 4172 Ὅπερ
3089 4100 3253 4153 Δαόὶδ
3291 4098 3538 4179 ἐξουσίαν
3569 4098 3698 4150 ἑκά-

2121 4190 2296 4257 λεσεν,
2329 4189 2499 4244 εἰπών
2523 4207 2536 4219 ·
2566 4208 2584 4242 t
2620 4191 2724 4244 Τὸν
2753 4191 2903 4263 ἥλιον
2951 4195 3032 4255 εἰς
3062 4192 3308 4260 ἐξουσίαν
3334 4191 3433 4259 τῆς
3463 4189 3699 4261 ἡμέρας,

2123 4284 2215 4336 καὶ
2246 4282 2345 4354 τὴν
2377 4282 2608 4353 σελήνην
2639 4284 2734 4338 καὶ
2765 4285 2891 4348 τοὺς
2922 4285 3157 4355 ἀστέρας
3187 4286 3266 4348 εἰς
3312 4280 3561 4347 ἐξουσίαν
3601 4280 3702 4352 τῆς
3746 4292 3747 4297 ‘

2122 4375 2335 4438 νυκτός.
2374 4392 2393 4426 ι
2434 4374 2561 4439 Πῶς
2587 4374 2680 4430 οὖν
2711 4369 2822 4429 οἷόν
2850 4393 2910 4429 τε
2952 4371 3019 4449 ἦν
3047 4375 3186 4430 κατὰ
3214 4393 3267 4428 τι
3312 4372 3517 4428 τούτων
3548 4371 3704 4440 λέγε-

441 4476 626 4532 muhis
651 4473 944 4539 creaturis,
984 4486 1108 4527 cum
1155 4479 1336 4526 tamen
1386 4469 1502 4539 ipse
1537 4469 1689 4524 solus
1718 4469 1786 4523 ad
1823 4467 2018 4539 imagi-

2127 4466 2252 4520 σθαι
2302 4467 2490 4522 εἰκόνα
2532 4467 2627 4522 τὸν
2673 4467 2982 4542 ἄνθρωπον,
3014 4460 3090 4522 ὧν
3134 4468 3199 4539 δὴ
3236 4468 3456 4539 μέτεστι
3488 4464 3703 4527 πολλοῖς

442 4584 565 4623 nem
598 4568 773 4623 iactus
817 4563 1075 4621 dicatur?
1109 4562 1300 4633 itaque
1338 4562 1689 4632 perspicuum
1721 4560 1881 4614 nobis
1907 4566 2013 4626 est,

445 4672 646 4716 certam
676 4660 967 4728 quamdam
999 4672 1222 4713 causam
1250 4670 1372 4712 esse
1387 4663 1671 4725 oportere,
1704 4668 1802 4709 cur
1822 4652 1893 4707 ita
1927 4665 2018 4707 so-

517 4837 541 4876 h
567 4834 702 4889 Gen.
739 4851 775 4889 ι.
805 4834 894 4887 ειο.
970 4837 982 4875 i
1024 4838 1156 4890 Cen.
1189 4851 1264 4891 ιι,
1300 4834 1354 4888 6.
1435 4841 1448 4880 ι
1483 4829 1740 4886 ἰϐοωίι.
1775 4828 1827 4881 7.

444 4924 500 4969 ι,
548 4909 634 4961 ιι.
716 4912 739 4938 ⁰
769 4903 906 4960 Gen.
950 4923 988 4968 ι,
1024 4906 1105 4961 16.
1174 4916 1202 4956 ιν
1233 4904 1373 4958 i’sal.
1415 4916 1615 4965 cxxxv,
1646 4899 1699 4965 8,
1729 4897 1782 4953 9.

2123 4560 2233 4613 τῶν
2262 4560 2588 4629 γεγονότων,
2618 4561 2783 4632 μόνου
2812 4578 2876 4630 γε
2912 4560 3077 4615 αὐτοῦ
3116 4560 3235 4614 κατ’
3260 4560 3446 4614 εἰκόνα
3474 4557 3582 4627 (67)
3611 4573 3704 4624 γε-

2127 4653 2390 4724 γενῆσθαι
2427 4653 2721 4725 λεγομένου
2755 4653 2936 4720 ιΘεοῦ;
2983 4653 3100 4724 Ἀφ’
3134 4648 3196 4708 οὗ
3227 4651 3384 4723 δῆλον
3422 4653 3574 4723 ἡμῖν,
3621 4649 3705 4703 ὅτι

1912 4828 1933 4867 ι
1969 4828 2086 4884 Col.
2113 4829 2259 4895 1,16.
2346 4827 2688 4899 1Ephcs.m,
2726 4828 2808 4886 ιο.
2888 4840 2925 4862 ’³
2964 4830 3165 4901 Ephes.
3234 4846 3309 4894 vl,
3357 4829 3437 4884 12.
3519 4834 3703 4884 IllDan.

1300 5068 1532 5123 VARle
1580 5067 1971 5123 LECTIUNES
2010 5066 2096 5121 EX
2148 5063 2419 5143 CATENA
2470 5061 2819 5121 LiPSlENSl.

522 5220 571 5251 “
605 5219 700 5273 καὶ
729 5218 826 5290 τὴν
854 5217 1066 5272 οἰκείαν
1092 5218 1235 5289 εἰσφ.
1275 5237 1361 5292 χρ.

1500 5223 1517 5236 ’
1552 5221 1635 5290 πῆ
1665 5221 1721 5273 δὲ
1754 5221 1895 5275 κατὰ
1922 5220 1984 5273 τὸ
2010 5218 2228 5289 λογικόν
2258 5234 2371 5274 om.
2446 5220 2495 5253 "
2520 5216 2616 5272 τοῦ
2639 5215 2838 5278 αἰῶνος
2864 5212 3058 5267 τούτου
3087 5228 3199 5267 om.

1961 5392 2193 5450 NOTAE.

521 5556 633 5626 (64)
666 5558 799 5610 Κατ’
822 5560 934 5610 six.
963 5570 1242 5626 -τεγεν.
1273 5553 1410 5626 God,
1461 5564 1513 5607 et
1544 5552 1655 5610 [δίο.
1687 5554 1810 5609 κατ’
1840 5554 2028 5609 εἰκόνα

448 5626 505 5683 δέ
529 5623 631 5680 τοῦ
665 5627 801 5679 Θεοῦ
833 5623 1166 5696 γεγενῆσθαι
1195 5624 1305 5696 τὸν-
1322 5623 1633 5694 ἄνθρωπον.

2199 5548 2311 5618 (66)
2343 5548 2812 5617 1ιάἰᾶρχ.ηερσ.
2847 5544 3061 5618 Absunt
3093 5544 3274 5618 aeod.
3320 5554 3373 5600 et
3420 5544 3534 5618 edit
3573 5542 3705 5603 Pici.

2126 5616 2233 5676 Nec
2265 5616 2330 5673 ad
2356 5616 2695 5673 huncioeum
2725 5617 3019 5687 pertinent,
3041 5616 3134 5670 sed
3161 5630 3193 5670 e
3246 5616 3378 5669 Dan.
3426 5633 3477 5670 κ.
3511 5617 3580 5670 :20
3603 5657 3616 5679 ,
3652 5629 3705 5670 ut

524 5697 637 5769 (65)
668 5690 946 5765 I'rwo'bﬁ.
975 5690 1133 5769 Οἱ)θὲ
1177 5704 1228 5769 et
1280 5694 1393 5769 Pic.
1427 5690 1754 5769 ξγνωρισθῇ,
1783 5710 1903 5763 quae
1944 5703 2027 5751 est

2125 5692 2362 5769 videtur,
2378 5699 2525 5769 sunt
2546 5690 2864 5769 desumpta.

452 5763 628 5825 lectio
646 5778 860 5837 rCCepta
888 5763 939 5822 in
968 5769 1071 5825 hoc
1098 5767 1349 5840 Epistolas
1376 5765 1441 5822 ad
1482 5763 1677 5837 Ephes.
1709 5763 1849 5821 loco.

2197 5760 2310 5833 (67)
2345 5758 2479 5815 Κατ’
2509 5760 2620 5814 εἰκ.
2648 5753 2824 5813 Desid.
2858 5753 3056 5825 ἁγίοις.
3092 5755 3227 5812 Cod.
3254 5762 3305 5810 et
3341 5754 3717 5831 [ηαόμοίοιςπ
