4038 6210
405 297 501 364 12ῗ
1386 302 1877 365 THEODORETI
1916 300 2263 362 EPISCOPI
2304 298 2672 359 CYRENSIS

3546 296 3659 356 123

400 417 589 477 postea
623 420 719 476 per
742 406 1010 478 quosdam
1043 416 1255 466 meatus
1283 396 1671 469 subterraneos
1694 427 1971 470 transeun-

2076 411 2183 481 γάρ
2217 411 2449 475 ἐκεῖθεν,
2482 408 2558 472 ὥς
2580 407 2800 481 φησινή
2837 407 2956 462 θεία
2985 407 3178 479 Γραφή
3197 424 3213 440 ο
3239 403 3356 462 εἶτα
3377 408 3464 462 διά
3498 421 3660 460 τινων

401 496 494 558 tia,
574 497 662 561 hie
711 498 983 569 originem
1039 500 1203 555 aliam
1259 512 1503 557 sumunt.
1558 502 1711 567 Quot
1751 505 1973 573 quidem

404 601 510 639 non
544 586 748 644 frustra
789 591 1034 644 omnium
1073 591 1213 647 Deus
1260 593 1334 647 ita
1362 594 1720 664 dispensavit,
1759 594 1854 650 sed
1917 606 1976 650 ut

401 687 709 746 amputaret
737 680 1065 750 superﬂuam
1098 683 1380 738 hominum
1408 686 1805 741 curiositatem.
1836 684 1974 741 Nam

405 767 448 821 si
478 779 724 836 paterent
751 787 940 827 eorum
986 789 1177 831 omnes
1209 785 1442 844 meatus,
1504 779 1725 847 quidam
1790 781 1977 850 utique

410 869 765 926 conarentur,
793 876 987 917 eorum
1019 863 1168 933 ripas
1194 867 1491 935 prosecuti,
1521 868 1698 923 locum
1736 870 1972 938 paradisi

402 947 514 1019 44
549 951 919 1020 perlustrare;
972 954 1067 1009 sed
1100 955 1493 1011 frustrarentur
1521 959 1743 1028 optatis,
1772 971 1823 1015 et
1855 962 1977 1016 Ion.-

403 1038 649 1107 gitudine
683 1042 896 1100 itineris
950 1044 1103 1111 fessi,
1166 1056 1332 1119 atque
1391 1050 1824 1105 necessariorum
1886 1070 1978 1123 pc-

406 1131 563 1185 nuria
595 1132 925 1202 laborantes,
959 1137 1122 1191 modo
1149 1138 1199 1191 in
1235 1153 1427 1209 aspera
1470 1140 1587 1195 loca
1652 1141 1976 1208 incidentes,

407 1222 569 1277 modo
608 1224 663 1278 in
687 1226 921 1286 deserta.
958 1227 1229 1282 interdum
1263 1229 1318 1284 in
1353 1246 1548 1286 manus
1585 1234 1887 1289 crudelium
1925 1247 1979 1292 et

408 1313 763 1371 barbarorum
794 1317 1076 1373 hominum
1108 1321 1449 1377 devcnirent.
1488 1324 1613 1379 Hzec
1648 1326 1814 1396 igitur
1840 1345 1978 1397 pra:-

406 1404 595 1462 videus
644 1409 958 1467 misericors
983 1410 1147 1479 Deus,
1215 1414 1432 1484 ignotos
1491 1417 1710 1473 illorum
1766 1435 1979 1478 meatus

406 1498 657 1554 reddidit.

930 1787 1213 1847 INTERR.
1267 1791 1439 1848 XXX.

539 1899 652 1956 Cur
683 1919 747 1958 ea:
775 1903 940 1961 latere
961 1909 1155 1963 Adami
1184 1913 1451 1967 mulierem
1475 1914 1721 1983 formavit
1743 1928 1768 1967 P
1794 1919 1816 1972 ?

473 2051 699 2113 Volebat
722 2059 950 2116 Creator
980 2076 1192 2122 natum
1221 2068 1289 2123 ad
1321 2073 1670 2127 concordiam
1706 2075 1976 2134 adlucere

398 2151 829 2221 unumquodque
859 2170 1052 2225 genus.
1103 2157 1215 2214 Hac
1250 2161 1316 2215 de
1345 2178 1512 2219 causa
1544 2166 1811 2222 Adamum
1842 2170 1967 2239 qui-

398 2237 521 2292 dem
549 2250 751 2296 eterra
782 2243 1060 2315 formavit,
1101 2265 1167 2304 ex
1209 2253 1419 2308 Adamo
1471 2270 1601 2310 vero
1656 2258 1972 2315 mulierem:

401 2337 462 2383 ut
503 2341 557 2384 et
582 2333 829 2388 eamdem
858 2335 910 2389 iu
952 2338 1060 2395 illis
1091 2356 1213 2397 esse
1244 2353 1497 2399 naturam
1548 2348 1972 2417 demonstraret,

398 2428 452 2473 et
480 2423 780 2478 naturalem
812 2429 1104 2495 quamdam
1147 2435 1583 2491 benevolentiam
1621 2447 1866 2494 mutuam
1917 2444 1973 2496 in

398 2509 507 2565 illis
553 2513 834 2570 insereret.
868 2516 925 2573 Si
973 2525 1117 2575 enim
1155 2524 1319 2580 rebus
1377 2528 1456 2583 sic
1514 2544 1573 2584 se
1625 2530 1971 2599 habentibus,

395 2603 497 2654 viri
530 2617 653 2657 cum
686 2608 1008 2666 mulieribus
1037 2616 1397 2683 contendunt,
1457 2629 1511 2675 et
1540 2622 1795 2678 mulieres
1847 2640 1972 2680 cum

396 2692 549 2761 viris,
582 2697 711 2765 quid
739 2715 843 2753 non
897 2702 1268 2773 admisissent,
1320 2709 1369 2764 si
1420 2711 1641 2767 aliunde
1688 2716 1971 2771 mulierem

396 2784 724 2871 formasset?
757 2790 1048 2862 Sapienter
1074 2797 1237 2865 igitur
1257 2815 1352 2855 eos
1376 2800 1645 2871 distinxit,
1669 2814 1721 2860 et
1752 2822 1970 2862 rursum

394 2879 690 2946 copulavit.
722 2882 935 2954 Nuptiae
963 2889 1107 2943 enim
1149 2891 1205 2945 in
1237 2909 1408 2947 unum
1446 2896 1749 2952 conciliant
1806 2915 1973 2957 sexus

394 2967 677 3027 diversos:
712 2993 731 3026 ι
764 2976 939 3032 Erunt
1006 2982 1183 3047 enim,
1235 2985 1447 3054 inquit,
1500 2989 1607 3055 duo
1657 2991 1708 3043 in
1751 3006 1968 3047 carnem

2075 504 2347 570 ὑπογείων
2403 503 2631 565 διιόντες
2685 502 2893 572 πόρων,
2941 502 3136 571 ἑτέρας
3182 500 3359 571 ἀρχὰς
3411 499 3649 555 ἐνταῦθα

2074 594 2433 666 λαμϐάνουσι.
2460 593 2635 646 Τοῦτο
2669 593 2726 646 δὲ
2758 594 2819 646 οὐ
2865 591 3044 663 μάτην
3093 590 3266 655 οὕτως
3296 590 3651 661 ᾡκονόμησεν

2073 688 2102 740 6
2137 688 2243 740 τῶν
2274 686 2411 740 ὅλων
2447 686 2603 751 Θεὸς,
2644 685 2780 740 ἀλλά
2823 686 2923 756 τὴν
2969 686 3233 755 περιττὴν
3287 682 3397 737 τῶν
3435 682 3647 754 ἀνθρὼ-

2076 798 2193 833 πων
2222 778 2753 850 π>λυπραγμοσύνην
2808 778 3096 831 ἐκκόπτων
3123 776 3226 847 (4).
3260 777 3322 829 Εἰ
3350 775 3459 844 γὰρ
3493 775 3651 842 δῆλος

2074 865 2142 941 ἦν
2181 869 2359 922 αὐτῶν
2384 869 2528 931 ἄπας
2564 870 2592 922 6
2629 868 2795 940 πόρος
2833 867 3203 938 ἐπειράθησαν
3239 865 3338 936 μὲν
3385 864 3451 917 ἄν
3483 880 3652 926 τινες.

2078 962 2227 1033 παρά
2258 962 2356 1025 τὰς
2377 961 2581 1015 τούτων
2612 961 2777 1032 ὄχθας
2807 959 3101 1024 ὁδεύοντες,
3143 959 3202 1012 τὸ
3260 955 3356 1011 τοῦ
3391 956 3654 1027 παραδείο

2079 1069 2174 1104 σου
2208 1050 2579 1106 κατοπτεῦσαι
2605 1051 2827 1121 χωρίον.
2858 1051 3244 1120 Διημάρτανον
3263 1047 3321 1101 δὲ
3340 1046 3434 1101 τοῦ
3466 1045 3654 1100 ποθου·

2082 1141 2243 1211 μένου
2263 1140 2363 1211 (5),
2399 1141 2492 1193 καὶ
2524 1139 2601 1210 τῷ
2632 1140 2799 1211 μήκει
2824 1140 2920 1210 τῆς
2945 1138 3263 1210 ὁδοιπορίας
3298 1136 3653 1207 κοπτόμενοι,

2079 1235 2174 1288 καὶ
2195 1237 2259 1305 τῇ
2303 1234 2497 1287 σπάνει
2537 1232 2647 1286 τῶν
2692 1232 3012 1301 ἀναγκαίων
3040 1232 3516 1303 διαφθειρόμενοι·
3551 1230 3651 1284 καὶ

2084 1326 2183 1380 νῦν
2223 1325 2321 1396 μὲν
2368 1328 2450 1388 εἰς
2496 1323 2823 1395 δυσχωρίας,
2862 1323 2957 1376 νῦν
3016 1322 3075 1375 δὲ
3101 1324 3181 1387 είς
3224 1322 3460 1393 ἐρημίας
3491 1323 3657 1393 ἐμπί-

2082 1433 2341 1481 πτοντες’
2375 1417 2572 1470 ἔστιδὲ
2621 1418 2712 1470 ὅτε
2767 1416 2864 1469 καὶ
2920 1416 3155 1487 ἀπηνέσι
3212 1415 3306 1468 καὶ
3359 1413 3659 1484 βαρϐάροις

2080 1508 2388 1581 ἀνθρώποις
2405 1508 2481 1577 (6)
2543 1508 2998 1578 περιπίπτοντες.
3056 1508 3168 1562 Καὶ
3220 1505 3426 1559 τούτων
3478 1506 3661 1558 τοίνυν

2081 1601 2538 1673 προμηθούμενος
2563 1603 2590 1653 6
2619 1599 3014 1673 φιλοικτίρμων
3033 1598 3186 1665 Θεὸς,
3219 1598 3450 1670 ἀδήλους
3477 1596 3659 1653 αὐτῶν

2081 1696 2203 1758 τοὺς
2238 1694 2434 1766 πόρους
2462 1692 2768 1764 ἀπέφηνεν.

2695 1805 2892 1860 ΕΡΩΤ.
2942 1806 3025 1861 A'.

2082 1921 2144 1975 Τί
2177 1917 2252 1986 δή
2303 1935 2449 1973 ποτε
2519 1918 2639 1975 ἀπὸ
2680 1916 2788 1986 τῆς
2831 1916 3102 1986 πλευρᾶς
3137 1916 3246 1972 τοῦ
3310 1913 3494 1984 Ἀδὰμ
3538 1912 3656 1982 τὴν

2536 1989 2795 2059 γυναῖκα
2813 1987 3148 2042 διέπλασεν
3164 2005 3182 2053 ;

2068 2090 2081 2103 ’
2148 2081 2242 2144 Εἰς
2266 2081 2524 2152 ὁμόνοιαν
2558 2079 2834 2153 ἠϐουλήθη
2875 2082 2945 2136 τὰ
2974 2081 3109 2150 γένη
3141 2078 3477 2148 συναγαγεῖν
3501 2076 3529 2130 ὁ
3552 2075 3657 2146 τῆς

2079 2173 2295 2241 φύσεως
2337 2175 2595 2245 Ποιητής.
2640 2172 2844 2227 Τούτου
2879 2173 3040 2245 χάριν
3085 2171 3179 2224 τὸν
3213 2170 3313 2241 μὲν
3353 2166 3526 2238 Ἀδὰμ
3548 2166 3664 2220 ἀπὸ

2075 2263 2175 2332 τῆς
2203 2263 2308 2335 γῆς
2336 2263 2651 2329 διέπλασεν,
2688 2265 2752 2317 ὲκ
2802 2263 2857 2316 δὲ
2901 2261 2996 2315 τοῦ
3054 2262 3227 2333 Ἀδὰμ
3252 2261 3352 2332 τὴν
3378 2261 3617 2329 γυναῖκα
3636 2272 3658 2290 ο

2076 2353 2165 2407 ἵνα
2194 2356 2289 2407 καὶ
2322 2355 2382 2408 τὸ
2410 2354 2608 2408 ταυτὸν
2655 2353 2899 2426 ἐπιδείξῃ
2940 2353 3039 2424 τῆς
3070 2352 3288 2423 φύσεως
3310 2369 3326 2384 ⁸
3366 2352 3460 2406 καὶ
3496 2368 3658 2422 φυσι-

2077 2446 2177 2516 κήν
2206 2463 2328 2500 τινα
2349 2444 2734 2517 φιλοστοργίαν
2757 2446 2939 2509 αὐτοῖς
2965 2464 3030 2498 πε
3038 2447 3091 2518 ρὶ
3115 2444 3382 2516 ἀλλήλους
3408 2443 3655 2518 ὲμφύσῃ.

2077 2535 2139 2588 Εἰ
2180 2536 2288 2607 γὰρ
2321 2537 2418 2590 καὶ
2446 2536 2653 2590 τούτων
2678 2535 2824 2590 οὕτω
2856 2537 3266 2607 γεγενημένων,
3310 2535 3405 2589 καὶ
3462 2536 3658 2606 ἄνδρες

2075 2624 2292 2693 γυναιξὶ
2323 2625 2707 2698 διαμάχονται,
2744 2630 2838 2681 καὶ
2864 2632 3123 2697 γυναῖκες
3157 2628 3439 2699 ἀνδράσιν,
3484 2629 3536 2681 τί
3555 2629 3658 2683 οὐκ

2077 2718 2144 2771 ἂν
2181 2718 2437 2788 ἔδρασαν,
2502 2720 2552 2773 εί
2601 2720 2869 2790 ἑτέρωθεν
2925 2722 3088 2775 ποθεν
3151 2721 3253 2791 τὴν
3301 2723 3532 2790 γυναῖκα
3576 2719 3656 2774 δι-

2075 2811 2277 2865 έπλασε
2300 2831 2314 2879 ;
2342 2813 2532 2882 Σοφῶς
2560 2810 2654 2868 οὖν
2680 2813 2789 2886 ἄρα
2820 2815 2914 2868 καὶ
2934 2815 3113 2880 διεῖλε,
3142 2815 3233 2869 καὶ
3265 2814 3428 2869 πάλιν
3452 2815 3655 2884 συνήρ-

2076 2922 2260 2975 μοσεν.
2318 2906 2377 2960 '0
2430 2906 2539 2976 γὰρ
2586 2907 2764 2977 γάμος
2823 2909 2902 2971 εἰς
2963 2907 3307 2984 ἒνρυνάγει
3349 2906 3418 2959 τὰ
3479 2906 3654 2978 γένηο

2080 3015 2099 3047 ι
2133 2997 2386 3050 Ἔσονται
2421 2998 2549 3070 γὰρ,
2578 3000 2763 3070 φησὶν,
2789 3001 2838 3053 of.
2869 2999 2960 3052 δύο
2993 3001 3071 3062 εἰς
3096 2997 3274 3069 σάρκα
3308 2998 3456 3070 μίαν.
3492 3019 3510 3051 ι
3546 2998 3656 3053 Καὶ

398 3075 560 3116 unam
587 3073 634 3118 (ι.
677 3084 695 3117 ι
731 3066 909 3138 Atque
956 3070 1062 3127 hoc
1085 3089 1272 3129 verum
1304 3093 1427 3132 esse
1466 3088 1697 3135 tesmtur
1717 3081 1767 3136 id
1826 3086 1970 3153 quod

2076 3088 2156 3141 ὅτι
2189 3088 2347 3141 τοῦτο
2376 3066 2885 3163 ἀ).ηόὲς,μαρτυρεϊ
2908 3091 2984 3160 (7)
3006 3092 3066 3144 τὸ
3086 3066 3400 3160 γενόμενον.
3418 3091 3519 3144 Διά
3546 3090 3656 3162 γὰρ

397 3150 523 3204 inde
556 3154 821 3209 nascitur.
863 3159 1145 3230 Siquidem
1180 3179 1276 3235 per
1325 3170 1798 3225 conversationem
1869 3190 1973 3227 nu-

394 3246 614 3315 ptialem
644 3248 860 3307 fructus
892 3269 1034 3309 unus
1062 3270 1129 3310 ex
1173 3258 1441 3316 ambolms
1493 3262 1690 3327 oritur,
1730 3266 1747 3286 ⁶
1776 3264 1845 3319 ab
1874 3266 1976 3321 hoc

395 3337 613 3406 quidem
649 3342 973 3411 seminatus,
1003 3346 1073 3401 ab'
1098 3349 1186 3402 illa
1231 3365 1359 3403 vero
1382 3352 1680 3420 enutritus,
1714 3369 1976 3412 consum-

395 3439 578 3486 matus
613 3443 796 3490 autem
835 3437 905 3492 ab
937 3437 1143 3508 Opilice
1172 3452 1404 3498 naturae.

953 3568 1018 3623 IN
1027 3570 1231 3629 TEllR.
1265 3573 1458 3633 XXXI.

395 3672 460 3728 Si
478 3676 711 3744 prudens
745 3690 861 3733 erat
888 3698 1140 3765 ερψιξιιε,⁸
1164 3686 1227 3741 ob
1259 3689 1316 3742 id
1346 3689 1652 3765 laudandus
1676 3707 1792 3752 erat
1821 3737 1837 3765 ,
1856 3714 1974 3755 cum

785 3752 1069 3819 prudentia
1094 3759 1163 3811 sit
1184 3773 1311 3826 pars
1337 3762 1574 3819 virtutis.

462 3854 631 3914 Multa
658 3863 882 3918 nomina
920 3866 1177 3925 dicuntur
1201 3874 1515 3943 tequivoce;
1548 3894 1672 3933 nam
1725 3891 1780 3937 et
1829 3883 1971 3938 idola

393 3951 637 4020 gentium
684 3952 818 4011 deos
851 3972 1205 4019 vocaverunt.
1255 3965 1372 4021 Hoc
1400 3983 1529 4023 vero
1558 3972 1731 4042 magis
1758 3976 1975 4044 proprie

393 4042 597 4098 dictum
633 4056 715 4101 est
753 4048 821 4103 de
847 4049 1118 4118 dammae,
1153 4056 1247 4125 qui
1278 4073 1376 4127 per
1407 4060 1559 4115 illum
1621 4042 1970 4133 operabatur.

394 4134 590 4190 Stolidi
619 4148 799 4194 autem
831 4142 1081 4211 imperite
1110 4161 1207 4202 eos
1237 4148 1345 4221 45
1404 4155 1567 4208 etiam
1625 4156 1718 4226 qui
1773 4158 1971 4214 fabulis

390 4228 743 4296 studuerunt,
780 4235 1054 4304 sapientes
1085 4240 1449 4309 appellarunt.
1484 4243 1577 4299 Sic
1604 4252 1659 4300 ει
1687 4245 1970 4317 Scriptura

388 4322 572 4376 dit-ina
624 4324 801 4382 dicit:
844 4347 864 4380 ι
905 4327 1081 4384 Stulta
1116 4331 1281 4401 hujus
1342 4336 1531 4391 mundi
1586 4339 1749 4409 elegit
1801 4339 1968 4413 Deus,

388 4416 778 4475 utconl'undat
804 4420 1082 4485 sapientes
1114 4431 1161 4479 τ.
1204 4442 1224 4476 ι
1270 4424 1333 4478 Et
1360 4441 1589 4482 rursum
1619 4447 1632 4483 :
1667 4448 1686 4481 ι
1728 4429 1829 4484 Ubi
1878 4446 1969 4486 sa-

2076 3182 2176 3250 τῆς
2207 3183 2454 3252 γαμικῆς
2483 3182 2699 3252 ὁμιλίας
2728 3178 2809 3247 εἷς
2840 3184 2897 3249 ἐξ
2934 3184 3137 3255 ἀμφοῖν
3178 3184 3465 3254 βλαστάνει
3515 3201 3653 3253 καρ-

2078 3273 2178 3336 πὸς
2201 3315 2216 3338 ,
2249 3273 2313 3325 ἐκ
2372 3274 2470 3345 μὲν
2502 3274 2694 3328 τούτου
2722 3277 3098 3347 σπειρόμενος,
3135 3277 3199 3331 ἐκ
3219 3276 3273 3330 δὲ
3299 3276 3500 3347 ταύτης
3531 3275 3656 3346 τρέ-

2077 3364 2332 3435 (ρόμενος,
2365 3366 2917 3441 τελεσιουργούμενος
2942 3370 2999 3423 δὲ
3041 3368 3145 3423 ὑπὸ
3169 3370 3263 3423 τοῦ
3292 3372 3389 3442 τῆς
3439 3368 3657 3438 φύσεως

2076 3457 2441 3529 Δημιουργοῦ.

2685 3599 2885 3653 ΕΡΩΤ.
2916 3599 3039 3655 AA'.

2079 3710 2151 3763 El
2178 3708 2468 3781 φρόνιμος
2493 3714 2525 3766 ὀ
2545 3712 2697 3789 (ἶρις,
2718 3717 2814 3789 καὶ
2843 3715 3293 3789 ἐπαινούμενος·
3305 3718 3519 3787 μόριον
3544 3716 3657 3789 γὰρ

2548 3784 2588 3851 ἡ
2620 3785 2917 3853 φρόνησις
2944 3785 3181 3854 ἀρετῆς.

2149 3892 2327 3947 Πολλά
2350 3894 2459 3947 τῶν
2486 3896 2771 3965 ὀνομάτων
2803 3897 3112 3968 ὁμωνύμως
3149 3900 3485 3973 προφέρεται
3510 3916 3525 3929 ·
3559 3902 3657 3955 καὶ

2075 3983 2185 4053 γὰρ
2218 3986 2287 4038 τὰ
2313 3986 2508 4041 εἴδωλα
2551 3988 2661 4043 τῶν
2694 3989 2868 4043 ὲθνῶν
2910 3990 3069 4054 θεοὺς
3108 3991 3448 4063 ὡνομάκασι.
3484 3993 3659 4047 Τοῦτο

2074 4072 2133 4124 δέ
2160 4090 2223 4140 γε
2246 4075 2637 4147 ἀκριϐέστερον
2678 4080 2804 4150 περὶ
2834 4080 2927 4133 τοῦ
2954 4083 3011 4133 ὲν
3038 4083 3232 4154 ἐκείνῳ
3261 4086 3658 4155 ἐνεργήσαντος

2078 4161 2296 4233 εἴρηται
2330 4165 2604 4236 δαίμονος.
2657 4169 2911 4239 Ἀμαοῶς
2942 4170 2999 4224 δὲ
3036 4173 3086 4224 οί
3135 4173 3353 4244 ἀνόητοι
3398 4174 3493 4227 καὶ
3531 4176 3657 4237 τοὺς

2075 4256 2205 4324 περὶ
2257 4257 2384 4319 τοὺς
2441 4257 2644 4327 μύθους
2696 4260 3087 4331 ἐσχολακότας,
3131 4266 3330 4332 σοφοὺς
3384 4266 3658 4335 προσηγό-

2073 4362 2294 4417 ρευσαν.
2324 4347 2480 4402 Οὕτω
2497 4351 2589 4404 καὶ
2619 4352 2652 4422 ή
2688 4350 2808 4406 Οεία
2853 4354 3044 4424 Γραφὴ
3083 4355 3253 4423 λέγει,
3291 4374 3309 4407 ι
3345 4356 3657 4422 Ἐξελέξατο

2070 4435 2249 4498 ὁθεὸς
2274 4436 2342 4490 τά
2396 4439 2558 4511 μωρὰ
2586 4441 2680 4493 τοῦ
2729 4443 2960 4514 κόσμου.
3010 4444 3098 4498 ἵνα
3147 4448 3489 4517 καταισχύνῃ
3528 4449 3656 4510 τοὺς

389 4506 545 4574 piens
585 4508 653 4563 *7
697 4528 718 4563 ι
752 4521 807 4568 et
867 4528 967 4583 per
1030 4516 1388 4586 prophetam:
1436 4537 1455 4571 ι
1496 4519 1782 4590 Sapientes
1834 4534 1961 4578 sunt

2076 4528 2285 4596 σοφούς.
2347 4548 2369 4583 ι
2411 4506 2522 4585 Kal
2550 4534 2752 4587 πάλιν·
2792 4506 2959 4589 (Ποῦ
3000 4537 3197 4606 σοφόςς
3234 4558 3253 4590 ι
3284 4506 3383 4592 καῖ
3425 4506 3653 4619 δία-τού

387 4598 455 4652 ad
507 4603 648 4657 male
671 4607 941 4674 agendum
986 4613 1031 4663 ι.
1070 4625 1091 4660 ι
1124 4608 1190 4663 Ει
1223 4610 1314 4665 Ιιίο
1342 4626 1475 4667 sane
1499 4622 1807 4682 serpentem
1832 4632 1961 4686 pru-

389 4691 606 4747 dentem
638 4697 960 4763 uominavit,
1001 4709 1063 4755 ut
1104 4701 1364 4757 callidum
1403 4714 1459 4757 et
1512 4714 1807 4763 versutum.
1870 4708 1963 4764 Sic

389 4781 538 4835 enim
565 4791 621 4836 et
645 4785 840 4851 Aquila
862 4787 1256 4859 interpretatus
1287 4803 1408 4847 est:
1442 4812 1461 4846 ι
1495 4793 1560 4850 Et
1587 4811 1813 4866 serpens
1842 4809 1963 4856 erat

390 4883 645 4927 versutus
676 4889 786 4942 prae
812 4880 1069 4937 omnibus
1100 4885 1432 4942 animalibus
1456 4887 1596 4959 agri,
1624 4905 1746 4959 qua:
1774 4906 1805 4944 a
1854 4891 1962 4949 Do-

390 4963 540 5019 mino
569 4961 680 5018 Deo
701 4975 886 5020 creata
909 4977 1059 5024 sunt.
1092 4989 1111 5022 ι

2069 4622 2375 4689 προφήτου·
2415 4642 2433 4675 ι
2468 4624 2629 4693 Σοφοί
2668 4628 2775 4679 εἰσι
2810 4627 2905 4680 τοῦ
2941 4630 3331 4699 κακοποιῆσαι.
3371 4649 3388 4682 ι
3415 4631 3653 4701 Τοιγάρ-

2063 4727 2146 4763 τοι
2199 4714 2481 4769 κὰνταῦθα
2532 4718 2794 4788 φρόνιμον
2872 4722 2963 4774 τὶν
3016 4721 3141 4789 ὅφιν
3192 4723 3523 4794 ὠνόμασεν,
3575 4724 3655 4787 ὡς

2071 4802 2402 4874 πανοῦργον.
2429 4807 2586 4860 Οὕτω
2628 4809 2739 4880 γὰρ
2786 4812 2882 4863 καὶ
2925 4813 2953 4864 6
2999 4812 3233 4877 Ἀκύλας
3264 4815 3652 4885 ήρμήνευσενυ

2074 4911 2096 4946 ι
2137 4896 2244 4947 Καὶ
2265 4898 2294 4948 6
2322 4896 2445 4966 ὄφις
2464 4894 2533 4970 ἦν
2558 4901 2872 4972 πανοῦργος
2891 4904 3003 4957 ἀπὸ
3033 4906 3235 4972 παντὸς
3260 4904 3398 4971 {mou
3420 4905 3521 4977 τῆς
3542 4902 3652 4978 χῶ-

2072 4982 2273 5056 ρας,οἶ›
2309 4991 2567 5061 ἐποίησεν
2592 4993 2796 5066 Κύριος
2826 4996 2855 5048 6
2880 4995 3031 5061 Θεός.
3074 5014 3095 5051 ι

458 5176 525 5274 ξ’
549 5170 805 5274 ϐορῇιξιι,
1026 5176 1249 5274 ἰι
1279 5197 1367 5274 η...-
1509 5201 1524 5251 ;
1557 5186 1744 5244 Matth.
1782 5207 1894 5258 xu,
1926 5194 1961 5249 5

2076 5195 2202 5253 lare.
2248 5213 2302 5265 κ,
2326 5198 2359 5255 8
2385 5215 2398 5230 ·
2432 5198 2454 5255 1
2486 5199 2616 5258 Cor.
2642 5218 2718 5267 νι,
2765 5202 2874 5272 ίϐς
2913 5202 3109 5274 Ephes.
3154 5218 3208 5269 ν,
3249 5200 3336 5256 3i.
3419 5201 3478 5257 Ἰ
3511 5199 3644 5258 Cor.

397 5240 548 5313 1,27.
623 5250 647 5281 ⁸
682 5246 814 5303 ibid.
851 5244 941 5302 20.
1026 5249 1043 5284 ⁸
1072 5245 1275 5304 Jcrem.
1318 5240 1390 5316 tv,
1421 5252 1512 5308 2'2.

1898 5462 2131 5520 NOTIE.

464 5628 545 5701 (ᾖ)
572 5629 939 5687 Ἐκκόπτων.
977 5630 1112 5688 Cod.
1148 5631 1455 5701 ὲγκόπτων.

466 5697 548 5771 (5)
578 5701 977 5771 Ποθουμένου.
1019 5703 1153 5759 Cod.
1190 5697 1538 5775 πειθομένου.

2146 5641 2224 5709 l6)
2258 5641 2637 5709 Ἀνθρώποις.
2686 5642 2866 5699 Deest.

2147 5714 2227 5781 (7)
2268 5710 2524 5779 Μάρτυς.
2556 5713 2689 5770 Cod.
2727 5717 3014 5787 μαρτυρεῖ.
