4038 6210
317 316 413 386 1'61

1441 307 1725 399 ovmsr.
1762 302 1842 366 IN
1864 298 2131 363 GENES.
2155 301 2314 362 CAP.
2374 296 2487 362 ιιι.

3502 295 3608 361 138

330 442 398 495 ἐκ
442 435 645 507 νεκρῶν
693 435 1023 500 ἀνάστασιν,
1059 432 1153 487 καὶ
1187 431 1286 503 τὴν
1322 429 1626 486 ἀθανασίαν
1659 443 1914 499 πραγμα-
1945 444 1957 484 Δ

2044 423 2208 477 ιιιιιιὶε
2253 438 2417 478 causa
2449 437 2465 476 :
2518 421 2622 477 hoc
2652 429 2811 491 pacto
2854 434 3156 489 procurans
3189 422 3263 477 illi
3294 423 3483 479 odium
3515 424 3610 477 ad-

333 531 664 599 τεισάμενον
686 527 761 583 ⁸⁸.
796 528 864 581 Τί
902 526 958 582 δὲ
982 524 1193 596 ἀπηνὲς
1222 526 1254 596 ἡ
1293 524 1567 594 ἀπόφασις
1598 521 1733 593 ἔχει,
1783 540 1801 572 ι
1838 519 1914 589 Γῆ

332 621 402 684 εἷ,
455 620 548 674 καὶ
608 621 690 685 εἰς
735 621 840 691 γῆν
875 619 1186 690 ἀπελεύσῃ;
1221 636 1240 670 ι
1285 617 1419 671 Ἀπὸ
1469 616 1575 686 γῆς
1612 633 1694 680 σε,
1724 614 1915 685 φησὶν,

329 716 559 777 ἔπλασα,
588 716 685 767 καὶ
709 716 791 778 είς
816 714 1027 784 ἀμείνω
1058 712 1238 783 πολλῷ
1271 710 1653 782 μετεσκεύασα
1678 708 1791 779 (24)
1824 706 1918 777 φύ-

329 826 433 862 σιν.
479 807 708 879 Ἐπειδὴ
738 807 797 861 δὲ
834 803 1077 877 φυλάξᾱι
1105 823 1206 877 μου
1251 806 1352 876 τὴν
1396 804 1620 875 ἐντολὴν
1662 801 1764 856 οὐκ
1792 801 1919 872 ἠθέ-

328 905 520 971 λησας,
577 901 718 973 πρὸς
771 900 872 972 τὴν
918 898 1194 972 προτέραν
1238 897 1505 952 ὲπάνελθε
1548 895 1731 967 φύσιν.
1775 895 1917 949 Ἀνθ’

327 995 452 1047 ὅτου
485 993 543 1047 δὲ
570 994 810 1065 σμικρὸν
852 989 993 1047 εἶναι
1026 994 1177 1047 δοκεῖ
1209 992 1271 1046 τὸ
1304 991 1649 1062 ἀμάρτημας
1694 989 1918 1045 Πάντων

327 1085 481 1156 αὐτῷ
501 1085 612 1140 τῶν
639 1085 823 1155 φυτῶν
844 1083 1100 1139 ἐδεδώκει
1124 1082 1223 1156 τὴν
1250 1080 1502 1148 ἐξουσίαν
1527 1097 1542 1113 ο
1583 1080 1700 1146 ἑνὸς
1730 1079 1787 1134 δὲ
1819 1080 1918 1151 p.6-

327 1193 423 1231 νου
464 1177 565 1249 τὴν
595 1176 798 1247 ἐδωδὴν
827 1176 1228 1249 ἀπηγορεύκει.
1267 1175 1329 1228 ὐ
1365 1174 1422 1229 δὲ
1461 1174 1531 1229 τὰ
1572 1171 1710 1228 ἄλλα
1740 1174 1922 1227 πάντα

329 1267 673 1332 καταλιπὼν,
708 1267 903 1321 τοῦτον
932 1269 1027 1320 καὶ
1065 1264 1287 1337 πρῶτον
1317 1268 1414 1319 καὶ
1449 1265 1610 1335 μόνον
1640 1264 1918 1336 ἐτρύγησε

326 1356 422 1410 τὸν
465 1357 702 1428 καρπόν.
736 1355 909 1410 Τοῦτο
953 1354 1062 1425 γὰρ
1096 1353 1247 1424 αὑτῷ
1283 1355 1379 1409 καὶ
1421 1355 1449 1407 6
1477 1353 1758 1424 Δεσπότης
1786 1353 1921 1416 Θεὸς

329 1446 625 1517 ἐμέμψατο
649 1464 664 1478 ι
697 1466 715 1499 ι
744 1445 840 1509 Τίς
873 1446 1006 1517 γὰρ,
1035 1444 1222 1516 φησὶν,
1252 1443 1543 1515 ἀνήγγειλε
1583 1460 1668 1496 σοι
1711 1443 1794 1496 ὃτι
1824 1458 1923 1509 γυ-

335 1538 466 1609 μνός
498 1533 570 1603 εἷ,
602 1540 650 1591 εἰ
686 1538 761 1610 μὴ
811 1537 921 1590 ἀπὸ
954 1537 1050 1590 τοῦ
1095 1534 1276 1600 ξύλου,
1320 1529 1382 1589 οῦ
1434 1533 1793 1604 ἐνετειλάμην
1839 1549 1923 1585 σοι

330 1629 529 1682 τούτου
560 1629 724 1701 μόνου
760 1628 839 1699 μὴ
870 1630 1084 1697 φαγεῖν,
1115 1628 1210 1681 ἀπ’
1234 1626 1401 1680 αὐτοῦ
1433 1625 1675 1695 ἕφαγες;
1711 1645 1728 1676 ι
1760 1623 1925 1694 Δεδή-

332 1717 478 1771 λωκε
513 1719 571 1772 δὲ
604 1716 766 1771 τοῦτο
810 1717 905 1770 καὶ
961 1720 990 1771 6
1030 1716 1274 1780 διάϐολος
1313 1716 1381 1769 δι’
1413 1710 1487 1769 ὧν
1523 1715 1624 1787 ἔφη
1669 1717 1735 1786 τῇ
1774 1712 1919 1785 E51.-

340 1827 361 1860 ι
394 1809 462 1861 Τί
492 1810 577 1862 ὅτι
605 1803 759 1862 εἷπεν
784 1809 812 1861 6
839 1807 993 1873 Θεὸς,
1022 1808 1083 1862 ού
1116 1807 1193 1881 μὴ
1219 1809 1431 1879 φάγητε
1465 1807 1575 1863 ἀπὸ
1612 1806 1811 1870 παντὸς
1838 1805 1898 1872 ξύ

335 1899 434 1955 λου
466 1900 565 1954 τοῦ
594 1902 653 1955 ὲν
676 1900 754 1972 τῷ
777 1900 1127 1973 παραδείσῳς
1162 1920 1181 1953 ι
1222 1902 1286 1954 Ei
1315 1901 1372 1954 δὲ
1404 1898 1543 1955 εἶδεν
1581 1899 1929 1970 ἐδηδοκότας,

335 1993 440 2047 οὐκ
468 1992 539 2047 ἂν
571 1993 723 2065 ᾠήθη
754 1995 885 2066 περὶ
908 1994 1129 2047 πάντων
1153 1984 1353 2058 αὖτοὺς
1386 1992 1494 2046 τῶν
1521 1992 1754 2065 δένδρων
1781 1992 1931 2065 είλη-

338 2084 499 2154 (pm:
529 2083 628 2156 τὴν
663 2083 905 2157 ἐντολήν.
936 2083 1015 2139 Οὐ
1057 2084 1267 2157 σμικρὰ
1292 2082 1586 2156 τοιγαροῦν
1619 2085 1653 2155 ἠ
1684 2083 1934 2157 παράὄαο

340 2194 451 2243 σις.
477 2176 709 2249 Πρώτου
747 2176 858 2250 γὰρ
895 2176 1215 2257 μετέλαϐον,
1244 2169 1306 2230 οῦ
1338 2176 1502 2249 μόνου
1537 2176 1614 2249 μὴ
1638 2179 1933 2249 μετασχεῖν

343 2270 776 2342 ἐκελεύσθησαν.

2019 532 2211 571 versus
2263 525 2547 587 peccatum
2575 554 2590 581 ,
2638 524 2693 570 et
2731 528 3049 585 praeparans
3090 514 3141 570 ei
3186 516 3382 571 salutis
3430 531 3612 571 reme-

2018 608 2195 674 dium,
2232 607 2376 679 quod
2418 622 2515 678 per
2546 606 2806 663 humana:
2835 614 3045 662 natura:
3077 608 3511 677 assumptionem
3543 606 3612 661 ab

2020 699 2321 769 Unigcnito
2360 696 2586 764 factam,
2625 714 2722 769 per
2759 697 3220 753 resurrectionem
3269 712 3301 751 a
3354 698 3610 760 mortuis,

2018 803 2074 847 et
2114 807 2208 862 per
2238 792 2711 848 immortalitatem
2740 793 2789 848 ei
2824 791 3057 862 peperit.
3087 789 3230 858 Quid
3262 789 3427 861 igitur
3457 804 3613 845 seve-

2021 884 2204 939 ritatis
2259 885 2423 940 habet
2475 885 2589 940 haec
2632 882 2940 939 sententia:
2999 902 3019 936 ι
3071 880 3243 939 Terra
3301 898 3402 951 es,
3449 888 3505 937 et
3557 879 3614 935 in

2021 987 2223 1034 terram
2259 974 2578 1032 reverterist
2607 975 2630 1029 ?
2679 994 2699 1029 ι
2737 974 2778 1029 E
2807 982 2975 1041 terra,
3019 973 3218 1044 inquit,
3254 971 3487 1029 formavi
3537 980 3612 1037 te,

2019 1076 2075 1122 et
2102 1067 2168 1121 ad
2201 1067 2374 1124 multo
2393 1069 2676 1124 meliorem
2708 1076 2961 1124 naturam
2991 1075 3043 1124 te
3070 1068 3293 1138 provexi
3327 1086 3343 1124 :
3375 1076 3431 1122 at
3467 1074 3618 1137 post-

2020 1173 2187 1230 quam
2220 1173 2441 1215 servare
2469 1168 2804 1231 praeceptum
2840 1174 3043 1217 \meum
3083 1159 3338 1226 noluisti,
3371 1159 3426 1215 in
3466 1160 3617 1230 prio-

2021 1266 2136 1305 rem
2171 1259 2446 1307 revertere
2470 1259 2746 1306 naturam.
2785 1249 2927 1307 Num
2958 1252 3078 1307 leve
3106 1252 3203 1307 tibi
3245 1252 3461 1308 videtur
3492 1267 3618 1307 esse

2023 1343 2338 1413 peccatum?
2376 1342 2611 1400 Dederat
2643 1345 2692 1401 ei
2736 1346 3047 1416 plantarum
3081 1345 3328 1402 omnium
3378 1353 3620 1415 potesta-

2026 1442 2155 1497 tem,
2203 1434 2367 1491 unius
2430 1437 2603 1492 solius
2675 1438 3153 1495 manducationem
3215 1437 3615 1509 prohibuerat:

2026 1525 2116 1581 ille
2168 1541 2298 1582 vero
2363 1529 2592 1599 reliquis
2640 1531 3359 1601 omnibus‘prxtermissis,
3403 1545 3470 1586 ex
3518 1530 3622 1586 hac

2026 1621 2202 1690 prima
2232 1631 2285 1676 et
2313 1621 2425 1676 sola
2465 1622 2662 1677 arbore
2702 1621 2941 1677 fructum
2984 1621 3277 1693 decerpsit.
3332 1619 3445 1679 [loc
3472 1624 3622 1677 enim

2027 1723 2080 1767 et
2130 1712 2397 1769 Dominus
2428 1711 2573 1769 Deus
2604 1710 2680 1767 illi
2715 1712 2906 1783 objicit
2938 1730 2953 1767 :
2989 1733 3008 1765 ι
3044 1712 3181 1780 Quis
3224 1713 3391 1779 enim,
3422 1713 3621 1784 inquit,

2032 1806 2129 1862 tibi
2160 1806 2443 1871 indicavit,
2468 1804 2614 1877 quod
2645 1804 2830 1860 nudus
2856 1820 3035 1870 esses,
3092 1804 3199 1862 nisi
3231 1806 3360 1876 quia
3385 1806 3452 1862 de
3476 1805 3623 1876 ligno

2028 1899 2334 1965 cemedisti,
2380 1898 2448 1953 de
2494 1912 2606 1968 quo
2652 1896 2772 1954 solo
2824 1912 3190 1968 praeceperant
3244 1913 3316 1952 ne
3363 1898 3624 1953 comede-

2028 2007 2116 2049 res
2131 1993 2156 2033 ⁸
2177 1991 2202 2046 ?
2227 2009 2246 2043 ι
2284 1988 2593 2047 Declaravit
2622 1989 2788 2046 etiam
2817 1991 2922 2046 hoc
2944 1989 3217 2055 diabolus.
3240 2003 3339 2060 per
3363 1986 3478 2045 haec
3500 2005 3625 2061 qua:

2029 2085 2167 2141 dixit
2195 2084 2353 2140 Evaa:
2395 2101 2414 2136 ι
2451 2082 2631 2151 Quare
2668 2082 2814 2139 Deus
2848 2082 3006 2149 dixit,
3047 2097 3117 2138 ne
3158 2083 3523 2139 comedet-etis
3556 2084 3627 2139 do

2034 2175 2186 2232 omni
2223 2175 2391 2249 ligno,
2424 2175 2572 2247 quod
2605 2186 2688 2233 est
2718 2177 2772 2231 in
2809 2175 3065 2248 paradiso
3088 2170 3157 2228 η
3199 2195 3219 2228 ι
3254 2173 3413 2243 Quod
3442 2175 3489 2231 si
3520 2175 3628 2232 sci-

2038 2272 2209 2328 visset
2239 2270 2365 2325 illos
2396 2269 2724 2335 comedisse,
2776 2285 3060 2341 nunquam
3104 2268 3211 2341 52
3260 2269 3631 2327 existimasset

341 2378 441 2421 eos
486 2369 817 2435 praeceptum
874 2361 1155 2434 accepisse
1208 2362 1276 2418 de
1315 2359 1573 2418 omnibus
1618 2361 1930 2422 arboribus.
1971 2364 2089 2421 Non
2157 2360 2322 2433 igitur
2392 2359 2607 2415 modica
2660 2369 2743 2417 est
2789 2359 2906 2416 haec
2947 2359 3332 2431 transgressio.
3380 2357 3628 2416 Primum

347 2459 498 2515 enim
549 2460 616 2513 de
648 2472 715 2513 eo
745 2466 1120 2528 sumpserunt,
1159 2461 1225 2514 de
1252 2472 1365 2529 quo
1392 2458 1513 2514 solo
1550 2472 1769 2515 sumere
1816 2460 2074 2531 prohibiti
2100 2464 2277 2513 erant.

952 2571 1152 2627 ΕΡΩΤ.
1191 2572 1322 2627 AH'.

350 2687 523 2758 Τίνος
553 2683 753 2758 ἕνεκα,
783 2683 898 2758 τοῦ
931 2683 1080 2758 Θεοῦ
1116 2685 1447 2758 εἰρηκότος,
1547 2684 1601 2739 δ’
1629 2685 1710 2743 ἂν
1747 2686 1943 2758 ᾑμέρᾳ

413 2753 584 2825 φάγῃ
630 2755 749 2826 ἀπὸ
792 2753 902 2808 τοῦ
952 2752 1167 2826 ξύλου,
1217 2754 1455 2826 θανάτῳ
1485 2752 1804 2826 ὂποθανῇξ
1832 2752 1945 2811 οὐκ

416 2823 601 2891 εὐθὺς
635 2823 898 2879 ἀπέθανε
928 2824 1044 2893 τὴν
1063 2824 1329 2894 ἐντολὴν
1357 2825 1628 2896 παραϐάς
1644 2829 1722 2895 ⁵⁷;

432 2984 685 3038 Ἐναντια
705 2982 848 3055 αὕτη
872 2984 1199 3057 κατηγορία.
1222 2983 1339 3054 Πρὸ
1363 2984 1596 3056 βραχέος
1619 2983 1729 3057 γὰρ
1756 2986 1938 3057 ἀπηνῆ

2528 2567 2809 2626 manu.
2848 2568 3140 2627 xxxvm.
3186 2534 3193 2539 ’

2042 2684 2418 2757 Quamobrem,
2473 2701 2593 2739 cum
2632 2684 2777 2741 Deus
2807 2686 3031 2741 dixisset
3068 2701 3088 2741 :
3124 2705 3144 2739 ι
3177 2684 3504 2757 Quacunque
3544 2683 3632 2742 die
3691 2699 3694 2702 ‘

2112 2756 2401 2811 comederis
2440 2771 2505 2810 ea:
2553 2756 2650 2810 hoc
2705 2756 2871 2827 ligno,
2930 2767 3098 2812 morte
3141 2756 3463 2827 morieris.)
3526 2775 3633 2813 ιιοιι

2115 2827 2389 2951 gon/esti?
2420 2835 2660 2881 mortuus
2696 2837 2798 2894 est,
2840 2827 2931 2881 ubi
2974 2837 3337 2899 transgressu
3373 2838 3452 2884 est
3486 2846 3635 2884 mau-

2155 2908 2304 2951 arum

2118 2984 2403 3041 Contraria
2458 2994 2543 3041 est
2605 2986 2720 3042 hzec
2761 2988 3061 3045 accusatio.
3113 2986 3250 3044 Nam
3296 2991 3457 3061 paulo
3508 3000 3635 3047 ante

345 3077 442 3131 ¹τὸν
488 3076 625 3129 Θεὸν
670 3075 1099 3141 ἀποκαλοῦντες,
1158 3076 1255 3130 νῦν
1309 3076 1476 3130 αὐτοῦ
1526 3076 1940 3148 φιλανθρωπίαν

2045 3076 2217 3132 Deum
2252 3079 2526 3134 crudelem
2564 3079 2871 3144 vocabatis,
2908 3095 3058 3136 nunc
3097 3090 3279 3137 autem
3314 3085 3494 3153 ipsum
3525 3085 3635 3141 cle-

347 3171 736 3239 κατηγορεῖτε.
775 3167 997 3237 ’Υμνεῖν
1028 3166 1085 3220 δὲ
1120 3166 1323 3237 μᾶλλον
1349 3166 1537 3238 ἐχρῆν,
1566 3165 1685 3220 ἀλλ’
1716 3168 1776 3219 οὐ
1810 3184 1940 3220 κατ-

348 3262 578 3331 ηγορεῖν
602 3259 702 3329 τῆς
725 3258 1060 3329 ἀγαθότητος
1082 3258 1175 3311 τοῦ
1194 3257 1349 3311 Θεοῦ.
1376 3257 1547 3311 Εῖωθε
1575 3258 1685 3330 γὰρ
1719 3258 1942 3328 μείζονα

354 3350 458 3419 μὲν
487 3349 757 3414 ἀπειλεῖν,
788 3348 1045 3413 ἐλάττους
1076 3348 1132 3401 δὲ
1155 3349 1262 3403 τῶν
1283 3350 1525 3405 ἀπειλῶν
1549 3352 1647 3415 τὰς
1670 3352 1943 3424 τιμωρίας

351 3441 608 3510 ἐπάγειν.
641 3442 752 3495 Καὶ
784 3440 941 3495 τοῦτο
984 3442 1230 3513 πολλαχῆ
1262 3441 1409 3496 ἔστιν
1455 3443 1635 3515 εὑρεῖν
1680 3447 1831 3516 παρὰ
1874 3448 1943 3518 τῇ

354 3532 480 3605 θείᾳ
521 3535 738 3605 Γραφῇ.
789 3533 1057 3588 Ἐνταῦθα
1106 3535 1292 3605 μέντοι
1336 3536 1428 3589 τὸν
1468 3536 1568 3607 τῆς
1618 3536 1945 3609 θνητότητος
1982 3569 1986 3573 ~

354 3624 481 3696 ὅρον
515 3625 773 3696 ὠνόμασε
809 3625 1037 3681 θάνατον
1058 3643 1071 3657 ·
1118 3626 1263 3681 οὕτω
1308 3627 1417 3697 γὰρ
1456 3628 1551 3682 καὶ
1588 3629 1617 3681 ὁ
1650 3628 1946 3700 Σύμμαχος

355 3716 713 3788 ἠρμήνευσεν
736 3733 751 3747 ·
792 3710 902 3790 ιτῌ
949 3716 993 3770 δ’
1021 3716 1087 3771 ἂν
1116 3719 1301 3790 ἡμέρᾳ
1324 3717 1475 3791 φάγῃ
1506 3718 1615 3773 ἀπὸ
1646 3718 1742 3772 τοῦ
1763 3719 1945 3785 ξύλου,

356 3805 558 3878 θνητὸς
589 3809 713 3882 ἔσῃ.
743 3827 763 3862 ι
794 3809 952 3863 Μετά
973 3810 1085 3882 γὰρ
1105 3809 1171 3882 δὴ
1192 3812 1291 3879 τὴν
1315 3810 1464 3865 θείαν
1492 3811 1792 3882 ἀπόφασιν,
1825 3812 1948 3866 καθ’

357 3899 626 3971 ἑκάστην,
655 3899 733 3964 ὡς
757 3901 888 3966 ἔπος
917 3904 1114 3968 εἰπεῖν,
1149 3903 1361 3973 ἡμέραν
1389 3904 1483 3956 τὸν
1518 3903 1750 3959 θάνατον
1777 3922 1951 3976 προσ-

340 3984 579 4063 ἐδέχετο
601 4008 616 4023 ·
653 3991 829 4058 οὕτως
864 3995 915 4048 οἱ
946 3995 1375 4060 πεπιστευκότες
1412 3995 1490 4066 τῷ
1518 3996 1764 4069 Δεσπότῃ
1815 3998 1952 4069 Χρι-

361 4084 497 4154 στῷ,
530 4086 628 4139 καὶ
658 4087 1024 4159 σφαττόμενοι
1064 4087 1222 4154 ζῶσι,
1253 4089 1659 4160 προσμένοντες
1687 4091 1788 4159 τὴν
1824 4089 1955 4144 ἀνά-

363 4194 582 4247 στασιν,
618 4180 714 4233 καὶ
745 4179 843 4252 τὴν
884 4181 994 4235 τῶν
1040 4181 1287 4252 οὐρανῶν
1331 4180 1638 4252 βασιλείαν,
1669 4201 1687 4235 ι
1723 4182 1803 4253 Τῇ
1845 4181 1955 4252 γὰρ

362 4266 546 4323 ἑλπίδι
576 4268 890 4341 ἐσώθημεν.
925 4288 945 4322 ι

1009 4384 1208 4439 ΕΡΩΤ.
1250 4385 1376 4441 ΛΘ’.

453 4492 606 4559 Τοὺς
633 4490 896 4564 χιτῶνας
924 4493 1067 4562 τοὺς
1088 4492 1484 4565 δερματίνους
1513 4494 1572 4550 τί
1594 4458 1885 4565 νοητέονς

441 4588 508 4642 Οἱ
563 4586 667 4659 μὲν
708 4586 1083 4660 ἀλληγορηταὶ
1133 4586 1235 4658 τὴν
1268 4586 1469 4658 θνητὴν
1512 4589 1692 4658 σάρκα
1725 4590 1859 4657 φασὶ
1889 4589 1961 4644 τὰ

2043 3169 2262 3223 mentite
2303 3176 2357 3224 et
2394 3169 2752 3225 humanitatis
2793 3170 3088 3227 accusatis.
3136 3172 3302 3242 Atqui
3349 3176 3636 3232 convenie-

2044 3264 2137 3316 bat
2189 3277 2313 3316 eum
2353 3262 2576 3318 laudare
2609 3263 2791 3333 p0tius
2822 3264 2893 3318 ob
2935 3264 3055 3334 ejus
3095 3264 3419 3334 bonitatem,
3468 3284 3635 3338 quam

2045 3366 2326 3408 accusare.
2374 3354 2523 3409 Solet
2572 3356 2718 3409 enim
2769 3356 2993 3409 duriora
3030 3355 3262 3422 minari,
3297 3359 3391 3411 sed
3442 3374 3635 3428 pmnas

2047 3443 2213 3500 minis
2246 3444 2480 3501 leviores
2511 3444 2775 3516 inﬂigere.
2810 3446 2966 3513 Quod
3006 3448 3227 3517 quidem
3251 3450 3451 3519 saepius
3487 3466 3641 3521 repe-

2048 3534 2157 3590 rire
2191 3536 2316 3591 licet
2345 3537 2397 3591 in
2440 3536 2722 3609 Scriptura
2754 3540 2955 3594 divina.
2987 3538 3257 3595 Caeterum
3289 3541 3378 3597 hic
3420 3553 3641 3601 senten-

2049 3628 2178 3681 tiam
2216 3630 2560 3687 mortalitatis
2613 3631 2901 3702 appellavit
2952 3645 3182 3689 mortem
3216 3653 3230 3689 :
3263 3635 3344 3691 sic
3373 3638 3518 3692 enim
3551 3639 3640 3693 in-

2051 3728 2379 3791 terpretatus
2434 3733 2516 3779 est
2566 3724 2952 3795 Symmachus.
3001 3746 3020 3780 ι
3052 3727 3391 3800 Quacunque
3429 3732 3517 3787 die
3548 3747 3642 3788 eoa

2055 3811 2291 3869 mederis
2338 3815 2404 3869 de
2458 3815 2607 3887 ligno
2655 3818 2805 3883 hoc,-
2848 3820 3096 3876 mortalis
3126 3823 3256 3878 eris.
3306 3843 3326 3876 ι
3355 3822 3638 3896 Siquidem

2054 3914 2176 3974 post
2204 3908 2530 3963 sententiam
2562 3911 2822 3977 divinam,
2847 3927 2944 3982 per
2973 3913 3219 3986 singulos
3246 3920 3641 3989 propemodum

2055 3996 2169 4052 dies
2229 4007 2460 4053 mortem
2527 4003 2902 4070 exspectabat.
2975 4004 3066 4060 Sic
3124 4008 3218 4078 qui
3288 4010 3644 4067 crediderunt

2054 4086 2274 4142 Christo
2314 4088 2577 4158 Domino,
2615 4094 2778 4148 etiam
2811 4095 2979 4151 occisi
3018 4096 3230 4164 vivunt,
3263 4112 3642 4171 exspectantes

2056 4181 2538 4246 resurreCtionem,
2587 4194 2642 4239 et
2694 4200 2921 4257 regnum
2960 4188 3248 4247 caelorum.
3301 4211 3320 4245 ι
3357 4191 3464 4265 Spe
3494 4195 3643 4252 enim

2059 4271 2193 4327 salvi
2222 4273 2347 4328 facti
2383 4289 2576 4331 sumus
2599 4277 2640 4330 ί.
2683 4296 2703 4329 ι

1992 4432 2035 4487 D
2575 4391 2854 4452 INTERR.
2893 4397 3133 4455 XXXIX.

2185 4501 2326 4568 Quid
2356 4520 2447 4574 per
2478 4516 2644 4561 vestes
2677 4507 2927 4577 pellicem
2961 4511 3368 4584 intelligendum
3397 4516 3522 4569 est?

2135 4595 2237 4664 Qui
2287 4598 2576 4670 allegorias
2620 4611 3051 4671 persequuntur,
3103 4603 3272 4674 pelles
3323 4603 3479 4660 aiunt
3526 4619 3650 4662 esse

364 4679 619 4750 δέρματα
639 4692 655 4707 ⁶
687 4679 836 4734 ἄλλοι
864 4679 923 4733 δέ
946 4694 1092 4744 τινες
1116 4679 1225 4733 ἀπὸ
1255 4678 1459 4748 φλοιῶν
1481 4679 1716 4750 δένδρων
1738 4682 1957 4748 τούτους

2058 4702 2279 4743 carnem
2319 4692 2628 4746 mortalem.
2672 4692 2907 4759 Quidam
2946 4710 3075 4750 vero
3117 4696 3207 4751 alii
3261 4712 3292 4753 e
3344 4697 3648 4754 corticibus

365 4768 817 4824 utemudaoat
843 4770 1155 4842 εἰρήκασιν.
1194 4770 1338 4839 Ἐγὼ
1365 4770 1422 4823 δέ
1444 4787 1507 4840 γε
1535 4771 1817 4844 οὐδέτερον
1838 4774 1961 4828 τού-

2061 4781 2320 4837 arborum
2355 4799 2450 4839 eas
2481 4795 2829 4855 comparatas
2858 4785 3028 4844 fuisse
3063 4790 3343 4847 dixerunt.
3379 4791 3490 4864 Ego
3520 4808 3652 4848 vero

367 4877 481 4914 των
515 4860 835 4932 προσίεμαι.
864 4862 938 4915 Τὸ
981 4862 1081 4933 μὲν
1119 4860 1228 4932 γὰρ
1274 4861 1590 4932 περίεργον,
1634 4866 1695 4916 τὸ
1733 4864 1790 4918 δὲ
1820 4867 1957 4936 ἄγαν

2069 4883 2324 4931 neutrum
2373 4877 2565 4932 horum
2620 4880 2904 4949 approbo:
2955 4880 3060 4937 hoc
3087 4884 3233 4939 enim
3265 4860 3654 4941 nimisﬁcurin-

372 4950 647 5023 μυθῶδες.
682 4953 793 5024 Τῆς
825 4953 936 5026 γὰρ
966 4952 1117 5018 θείας
1139 4954 1367 5025 Γραφῆς
1399 4956 1495 5008 καὶ
1526 4955 1632 5025 πρὸ
1659 4959 1758 5028 τῆς
1782 4958 1960 5031 ψυχῆς

2068 4981 2214 5028 sum,
2245 4967 2377 5023 illud
2411 4984 2545 5023 vero
2574 4969 2731 5025 valde
2774 4969 3107 5029 fabulosum.
3150 4974 3288 5030 Cum
3320 4976 3465 5032 enim
3505 4977 3656 5031 Scri-

372 5044 437 5096 τὸ
464 5043 627 5113 σῶμα
654 5045 1058 5102 διαπεπλᾶσθαι
1083 5048 1358 5120 φησάσης,
1390 5046 1507 5110 πῶς
1537 5047 1598 5100 ού
1632 5051 1875 5119 μυθῶδες
1899 5056 1957 5109 τὸ

2067 5067 2227 5127 ptura
2272 5060 2457 5115 divina
2504 5059 2703 5116 dixerit
2776 5078 2976 5136 corpus
3018 5065 3319 5124 formatum
3360 5083 3482 5126 esse
3529 5081 3675 5130 ante

455 5200 479 5242 ί
521 5200 657 5260 Gen.
687 5219 771 5271 ιιι,
804 5204 892 5262 19.
987 5208 1195 5269 8ibid..
1226 5209 1310 5263 ll.
1388 5212 1604 5278 1Iibid.,
1640 5214 1689 5267 l.

1773 5214 1787 5254 ί
1820 5212 1979 5269 Rom.
2013 5231 2130 5282 vm,
2161 5217 2251 5273 24.

1241 5363 1478 5420 ἾΑΒΙᾹΞ
1522 5366 1903 5425 LECTIONES
1951 5370 2037 5424 EX
2087 5371 2364 5426 CATENA
2398 5372 2762 5433 LIPSIENSI.

456 5501 508 5536 “
531 5503 631 5573 τὴν
662 5504 976 5577 ἀφθαρσίαν
1013 5523 1299 5579 πραγματ.

1378 5511 1420 5541 ⁵⁷
1449 5510 1569 5565 Cat.
1603 5526 1655 5581 p.
1698 5512 1787 5577 99,
1821 5513 1919 5585 τὴν
1947 5516 2056 5568 ἑντ.
2096 5515 2353 5585 παραϐάς
2387 5532 2499 5572 om.

1938 5631 2030 5687 ΝΟ
2046 5635 2167 5688 DE.

464 5768 576 5841 (24)
612 5770 1063 5836 Μετεσκεύασα,
1094 5770 1225 5827 Cod.
1261 5774 1326 5843 μὲ
1347 5778 1752 5833 κατεσκεύασα.
1784 5778 1969 5847 Picus,
2016 5779 2075 5833 σὲ
2108 5783 2504 5841 κατεσκεύασα.

671 5865 944 5926 ΡΑΤιιοι..
984 5866 1098 5926 GR.
1144 5868 1376 5928 LXXX.
