4038 6210
462 245 564 312 139
1437 258 1926 322 TIIEODORETI
1969 262 2090 324 EPI
2099 263 2312 325 SCOPI
2367 263 2736 335 CYRENSIS
3630 287 3734 356 140

457 364 715 424 animum.
747 360 1020 430 quomodo
1072 361 1382 420 fabulosum
1431 352 1541 423 non
1585 381 1664 426 est
1716 369 1918 439 dicere,
1952 387 2045 428 ac-

2147 373 2328 444 λέγειν
2367 383 2507 450 μετὰ
2538 384 2636 456 τὴν
2667 385 2982 457 παράϐασιν
3020 389 3122 461 τῆς
3155 392 3377 468 ἐντολῆς
3415 399 3594 471 σάρκα
3631 407 3734 458 αύ-

457 452 665 523 cepisse
719 453 841 507 illos
877 468 1097 510 carnem
1150 458 1435 514 mortalem
1469 471 1598 531 post
1645 465 2042 534 transgressio-

2146 467 2275 532 τοὺς
2312 452 2601 542 εἰληφέναι·
2640 452 2876 550 θνητήν;
2909 481 2983 535 Τὸ
3017 452 3184 554 δέ’-γε
3223 452 3733 563 πολυπραγμονεῖν,

453 559 578 599 nem
605 545 894 600 mandati?
923 547 1026 618 53
1058 547 1259 605 Verum
1311 553 1528 609 curiose
1560 555 1862 626 inquirere,
1899 557 2043 612 unde

2147 561 2312 615 πόθεν
2349 564 2427 635 τῷ
2463 566 2583 638 Θεῴ
2610 545 2878 640 δέρματα,
2912 573 3006 627 καὶ
3053 545 3142 630 διά
3180 577 3341 632 τοῦτο
3373 545 3735 650 atoma/side;-

452 636 620 703 pelles
650 636 794 695 Deus
823 639 1094 707 habuerit,
1131 651 1184 698 et
1208 644 1276 698 ob
1307 645 1359 699 id
1396 661 1594 701 novam
1643 649 1878 704 amictus
1923 665 2045 718 spe-

2146 654 2507 724 περιὸολαίων
2537 659 2796 729 ἐπινοεῖν,
2832 664 3086 737 περιττὸν
3115 663 3257 721 εἷναί
3291 688 3382 741 μοι
3419 673 3583 729 δοκεῖ.
3611 678 3735 750 Χρὴ

453 728 590 782 ciem
643 731 974 802 excogitare,
1037 735 1371 804 superfluum
1435 753 1556 794 esse
1622 740 1756 794 mihi
1803 741 2038 797 videtur.

2784 728 2788 729 ν
2906 728 2917 737 .
3291 728 3303 741 ι
3575 728 3580 729 ⁷
3613 728 3684 749 "f
3706 728 3733 750 Ἰ

2144 744 2326 799 τοίνυν
2353 750 2603 820 στέργειν
2625 752 2693 806 τὰ
2714 757 3095 828 γεγραμμένα,
3127 761 3222 814 καὶ
3249 762 3448 817 εἰδέναι
3479 765 3555 830 ὡς
3577 769 3733 822 οὐδὲν

455 812 592 870 Sunt
637 817 1230 893 igitur’fampleetemla
1258 866 1273 891 ,
1332 842 1454 897 qua:
1517 829 1721 900 scripta
1751 839 1924 898 sunt,
1987 839 2042 886 et

2450 812 2505 820 ..
2724 812 2736 822 .
2791 812 2833 826 ..
2895 812 2952 828 ..
3082 812 3136 825 ,ν
3212 812 3728 830 ηπ--.

2145 837 2349 908 ἄπορον
2379 841 2456 911 τῷ
2483 843 2592 896 τῶν
2625 845 2762 899 ὅλων
2788 849 3139 922 Δημιουργῷ,
3175 852 3268 906 καὶ
3297 852 3599 924 θαυμάζειν
3629 860 3730 912 ao-

451 907 759 975 scicndum,
788 913 931 982 quod
973 917 1217 970 omnium
1250 918 1495 974 Creatori
1522 921 1660 978 nihil
1691 922 1906 979 difficile
1948 937 2041 983 aut

2145 907 2358 1002 τοῦ
2394 907 2622 1007 ἄπειρον
2661 938 2772 1011 (25)
2801 907 3143 1014 ﬂeam-1]};-
3181 945 3263 998 ὅτι
3293 946 3386 999 καὶ
3406 907 3731 1020 παραὸεόη-
3766 985 3770 990 ρ

453 995 771 1067 impeditum
836 1012 938 1058 est.
1011 1002 1115 1061 Sed
1166 1008 1421 1063 admirari
1487 1021 1699 1080 Oportet
1745 1028 2037 1082 perennem

453 1088 566 1112 ΑΞ..-
622 1091 854 1112 l--__!._.,
1077 1099 1088 1110 ο
1322 1101 1333 1112 ο
1441 1104 1450 1112 .
1618 1105 1631 1112 -
1671 1107 1705 1112 --
1929 1111 1934 1112 ,

2316 995 2328 1002 -
2527 995 2539 1007 .
2665 995 2677 1010 ι
2754 995 2767 1011 ι
2847 995 2859 1010 .
2992 995 3039 1014 ν.
3414 995 3699 1020 ηραν..

2145 1021 2318 1076 κότων
2341 1024 2685 1094 ἐπιμελεῖται
2708 1045 2721 1058 °
2755 1032 2850 1084 καὶ
2874 1032 3174 1102 δεηθέντων
3208 1037 3560 1108 περιϐολαίου
3587 1040 3726 1112 (⁸26),

450 1088 569 1158 ejus
621 1091 942 1163 bonitatem,
997 1099 1198 1171 quippe
1243 1101 1334 1172 qui
1382 1104 1546 1158 etiam
1599 1105 2037 1179 delinquentium

2143 1117 2204 1168 οὐ
2235 1119 2477 1188 περιεῖδε
2503 1125 2749 1192 γυμνούς
2770 1119 2834 1176 ⁸⁸.

430 1180 637 1237 'curam
669 1195 842 1254 gerat,
875 1204 975 1245 nec
997 1193 1333 1250 vestimentis
1359 1198 1685 1255 necessariis
1715 1216 1905 1258 carere
1936 1221 2038 1258 nu-

447 1272 546 1327 dos
585 1276 882 1343 permittat.

519 1360 894 1424 THEODORI.
939 1369 1236 1438 Quaesitum
1277 1384 1379 1444 est,
1410 1393 1532 1448 quae
1559 1381 1672 1437 sint
1701 1394 1882 1442 vestes
1915 1390 2034 1458 pel-

448 1453 642 1510 liccae?
688 1455 824 1513 Nam
875 1459 920 1516 si
978 1477 1044 1516 ex
1091 1465 1421 1525 animalibus
1469 1473 1668 1530 occisis
1713 1476 1855 1534 facta
1909 1491 2038 1536 sunt

2139 1471 2318 1536 τίνους
2343 1489 2356 1502 ·
2382 1472 2496 1528 ἀλλ’
2527 1477 2576 1528 εί
2609 1476 2708 1546 μὲν
2737 1453 2902 1542 ζώων
2939 1453 3263 1550 σφαγέντων
3288 1483 3348 1548 ἐξ
3383 1453 3726 1554 αὐτῶνιέγέ-

448 1542 785 1610 indumenta,
831 1549 1182 1620 perspicuum
1229 1563 1312 1611 est
1355 1561 1499 1628 quod
1552 1565 1859 1622 occisorum
1919 1570 2038 1624 ani-

2139 1576 2292 1613 νοντο
2326 1560 2395 1614 τὰ
2437 1542 2733 1634 ἐνδύματα,
2777 1542 3024 1639 εὔδηλον,
3064 1542 3149 1624 δτι
3203 1542 3430 1627 ἐπέλιπε
3472 1574 3533 1628 τδ
3563 1542 3727 1645 γένος

445 1636 666 1691 malium
716 1655 889 1710 genus
949 1644 1242 1715 defecerit,
1300 1667 1426 1708 cum
1483 1654 1630 1712 Deus
1683 1661 1848 1730 paulo
1910 1674 2035 1721 ante

2138 1650 2249 1704 τῶν
2299 1653 2647 1722 σφαγέντων·
2702 1658 2828 1729 ἄρτι
2887 1636 3128 1731 μὲνίτοῦ
3168 1664 3305 1718 Θεοῦ
3330 1666 3499 1737 ἄρρεν
3527 1636 3587 1721 τέ
3629 1636 3728 1722 καί

443 1728 745 1784 masculum
777 1741 833 1788 et
866 1731 1128 1793 feminam
1163 1754 1423 1810 creasset,
1453 1763 1553 1803 nec
1579 1749 1758 1808 adhuc
1785 1756 1876 1810 ulli
1909 1773 2034 1827 par-

443 1825 526 1849 Ιηο
566 1822 900 1849 Λνριξιεηαηηι
954 1827 1091 1849 τιμ--.
1111 1847 1153 1849 4η
1550 1843 1561 1849 -
1623 1843 1635 1849 -

2137 1741 2273 1813 θῆλυ
2320 1747 2703 1818 πεποιηκότος,
2737 1727 2898 1806 οὔπω.
2935 1752 2992 1806 δὲ
3039 1755 3254 1819 οὐδενὸς
3457 1759 3728 1832 τετυγμέ-

441 1825 528 1872 tus
565 1822 921 1881 exstitissent.
954 1827 1223 1887 Praeterea
1263 1851 1427 1893 nemo
1477 1843 1794 1900 existimare
1852 1857 2032 1918 potest

2136 1853 2227 1888 νου
2257 1835 2323 1900 ⁸⁸,
2353 1837 2490 1909 πρὸς
2517 1841 2594 1910 τῷ
2625 1841 2845 1895 κάκεῖνο
2881 1841 2956 1914 μὴ
2998 1822 3319 1918 ἐνδέχεσθαι.
3342 1822 3727 1922 νόμίζεινΐὸτι

442 1909 610 1966 Deum
659 1915 918 1972 animalia
972 1920 1213 1992 iugulari
1263 1933 1611 2002 praecepisse,
1643 1940 1863 2007 quando
1895 1959 2030 1997 nou-

2135 1925 2252 1990 ζῶα
2296 1909 2623 1998 σφάττεσθαι
2656 1909 2994 1991 ἐκέλευσεν-ὀ
3027 1909 3180 2002 Θεδς,
3210 1939 3298 1992 ὅτε
3328 1909 3497 2012 μήπω
3558 1909 3725 2016 κρεο-

440 2000 568 2054 dum
592 2016 719 2060 esus
739 2010 984 2067 carnium
1011 2024 1130 2070 erat
1159 2023 1462 2088 permissus
1490 2028 1823 2088 hominibus.
1861 2033 2029 2091 Multo

2134 2021 2308 2089 φαγία
2350 2017 2417 2094 ἦν
2462 2024 2908 2101 ὲπιτετραμμένη
2967 2030 3080 2094 τοῖς
3103 2000 3447 2104 ἀνθρώποις·
3481 2000 3613 2103 τοὺς
3647 2038 3725 2112 μὴ

441 2092 622 2150 minus
658 2097 809 2155 decet
865 2117 967 2160 nos
1019 2107 1273 2167 arbitrari
1329 2115 1495 2173 Deum
1543 2130 1722 2180 vestes
1767 2142 1888 2195 quae
1916 2144 2026 2184 non

2129 2111 2292 2177 ὄντας
2338 2092 2395 2167 δέ
2435 2092 2672 2188 χιτῶνας
2853 2092 3020 2176 πλέον
3059 2092 3309 2196 άπρεπὲς
3355 2092 3609 2198 νομίζειν
3638 2092 3722 2186 at;

2211 1380 2586 1436 ΘΕΟΔΩΡΟΥ.
2621 1383 2938 1457 Ἐζήτηται,
2976 1386 3029 1440 τί
3072 1389 3188 1442 ἐστι
3231 1389 3470 1461 χιτῶνας
3517 1391 3725 1465 δερμα-

432 2197 616 2255 erant,
663 2193 1028 2261 produxisse:
1066 2202 1159 2271 qui
1203 2205 1426 2265 homine
1455 2222 1644 2269 creato
1674 2193 1838 2274 desiit
1867 2223 2027 2291 quid-

439 2292 604 2347 quam
653 2297 860 2355 creare,
903 2294 1050 2360 quod
1092 2309 1206 2350 non
1236 2310 1400 2368 esset,
1435 2307 1592 2374 quasi
1629 2308 1682 2363 in
1715 2311 1830 2380 ipso
1873 2330 2026 2369 crea-

440 2371 638 2427 tionem
671 2376 913 2434 universi
945 2386 1134 2441 mundi
1167 2371 1524 2451 concludens.
1588 2396 1817 2456 Consmt
1861 2403 2026 2475 igitur

441 2459 608 2518 Deum
665 2468 920 2537 pelliceas
953 2487 1133 2534 vestes
1166 2496 1272 2536 non
1323 2499 1542 2544 creasse
1573 2504 1639 2545 ex
1673 2493 1867 2550 nihilo.
1917 2497 2022 2552 Sed

438 2554 672 2614 fortasse
721 2560 1066 2635 ignorabant,
1123 2579 1179 2625 ut
1234 2575 1531 2634 verisimile
1588 2590 1699 2649 est,
1749 2586 1840 2655 qui
1895 2589 2020 2645 talia

435 2659 709 2718 quaerunt,
742 2655 886 2724 quod
919 2659 1084 2726 pelles
1116 2678 1224 2719 non
1257 2668 1434 2724 solum
1464 2670 1569 2727 illa
1596 2674 1875 2743 dicuntur,
1901 2697 2022 2750 quae

435 2739 506 2794 ab
532 2742 862 2802 animalibus
888 2748 1233 2818 auferuntur,
1281 2758 1377 2813 sed
1412 2761 1576 2816 etiam
1607 2781 1730 2834 quae
1760 2768 1826 2822 ab
1861 2739 2020 2826 arbo-

435 2831 609 2898 ribus,
663 2850 802 2904 quas
857 2841 1091 2898 cortices
1140 2847 1412 2916 appellare
1470 2855 1663 2926 vulgus
1708 2865 2016 2920 consuevit.

434 2923 603 2991 Igitur
637 2925 809 2983 Adam
864 2931 1181 2992 indumenta
1213 2941 1446 2998 confecit
1493 2923 1891 3010 ex'arboribus
1923 2957 2019 3012 ha-

435 3014 687 3071 bentibus
722 3021 952 3078 cortices
981 3034 1136 3094 aptas
1163 3029 1228 3081 ad
1256 3035 1579 3090 vestimenta
1611 3047 2014 3114 componenda,

435 3104 545 3161 Deo
577 3109 745 3164 menti
799 3110 945 3169 illius
999 3131 1342 3191 suggerente,
1394 3129 1669 3195 quomodo
1700 3104 1752 3186 id
1784 3134 1898 3190 fieri
1929 3139 2022 3196 de-

434 3197 604 3253 heret.

503 3366 845 3426 ORIGENIS.
878 3370 1021 3440 Quid
1052 3377 1370 3438 existimare
1401 3383 1665 3446 debemus
1690 3407 1808 3449 esse
1840 3407 2016 3456 vestes

433 3459 554 3514 illas
583 3462 878 3530 pelliceas?
910 3467 1073 3525 Valde
1095 3473 1311 3541 quidem
1345 3478 1600 3535 stolidum
1633 3496 1736 3551 est,
1769 3498 1822 3542 et
1852 3493 2013 3559 anile,

433 3552 651 3621 Deoque
724 3557 948 3613 minime
1002 3563 1264 3634 dignum,
1311 3569 1564 3628 arbitrari
1624 3575 1794 3634 Deum
1848 3585 2014 3651 pelles

431 3643 747 3700 animalium
783 3648 1176 3721 jugulatorum,
1211 3656 1319 3730 54
1347 3670 1442 3715 aut
1477 3664 1632 3721 aliter
1673 3683 2010 3732 mortuorum

428 3738 726 3808 accepisse,
779 3753 833 3797 et
866 3744 990 3800 inde
1039 3748 1205 3816 pelles
1238 3751 1358 3808 illas
1404 3763 1742 3828 consuendo,
1792 3769 2012 3824 coriarii

430 3843 603 3895 more,
633 3832 686 3885 in
718 3835 1022 3890 vestimenti
1061 3839 1288 3896 formam
1324 3847 1615 3917 redegisse.
1655 3851 1914 3924 Rursum,
1957 3871 2013 3916 ut

430 3921 628 3975 vitetur
655 3924 768 3979 haec
799 3927 1131 3998 abSurditas,
1164 3934 1365 4002 dicere,
1391 3949 1568 3998 vestes
1600 3943 1723 4002 illas
1754 3950 2010 4018 pelliceas

429 4011 565 4066 nihil
611 4015 755 4069 aliud
803 4033 928 4072 esse
971 4035 1134 4088 quam
1181 4038 1434 4096 corpora,
1465 4011 2006 4112 probabile-quidem

425 4111 530 4163 est,
567 4113 619 4158 et
649 4107 714 4159 ad
755 4110 1128 4167 assensionem
1183 4116 1504 4177 eliciendam
1555 4127 1741 4184 efﬁcax
1773 4107 1872 4188 z-at
1902 4153 2006 4192 non

424 4195 647 4252 evidens
695 4201 837 4270 quod
889 4204 958 4256 sit
1010 4221 1216 4261 verum.
1262 4208 1317 4264 Si
1348 4215 1492 4270 enim
1540 4220 1780 4288 pellicere
1832 4240 2006 4286 vestes

424 4296 552 4341 sunt
590 4303 781 4346 carnes
821 4303 875 4347 et
903 4309 1050 4360 ossa,
1094 4303 1366 4368 quomodo
1401 4318 1557 4364 antea
1603 4314 1737 4369 dixit
1788 4318 2001 4378 Adam:

427 4398 444 4428 ι
480 4378 594 4435 lloc
643 4399 786 4438 nunc
833 4401 895 4440 os
947 4403 1015 4440 ex
1054 4391 1271 4449 ossibus
1316 4398 1474 4465 meis,
1509 4411 1562 4456 et
1588 4420 1715 4461 caro
1741 4408 1806 4463 de
1837 4427 2003 4469 carne
2036 4433 2080 4488 ι)

424 4473 625 4529 meai?
659 4496 677 4528 ι
717 4477 814 4534 His
842 4478 1008 4550 igitur
1046 4484 1494 4556 ambiguitatibus
1525 4496 1704 4552 obruti
1738 4507 2000 4571 nonnulli,

424 4577 778 4623 asseruerunt
847 4581 1025 4626 vestes
1090 4575 1344 4641 pelliceas
1421 4598 1542 4639 esse
1610 4593 1998 4650 mortalitatem

473 4734 491 4784 i
527 4735 658 4790 Gen.
697 4756 752 4800 ιι,

2129 2203 2452 2270 παρήγαγεν
2499 2205 2527 2257 ὀ
2556 2205 2712 2273 Θεὸς,
2761 2207 2819 2272 ὃς
2842 2209 2901 2263 ὲν
2933 2213 2998 2282 τῇ
3046 2212 3138 2265 τοῦ
3177 2214 3465 2286 ἀνθρώπου
3498 2221 3719 2292 ποιήσει

2127 2289 2220 2342 τοῦ
2251 2296 2424 2346 ποιεῖν
2458 2312 2510 2348 τι
2553 2297 2630 2369 μὴ
2671 2297 2731 2352 ὃν
2773 2298 2885 2375 (28)
2917 2303 3298 2374 ἀπεπαύσατο,
3332 2308 3409 2374 ὡς
3449 2311 3506 2364 ὲν
3537 2314 3720 2387 τούτῳ

2125 2382 2222 2436 τοῦ
2272 2385 2484 2456 κόσμου
2525 2391 2731 2457 παντὸς
2779 2397 3140 2468 συμπεράνας
3188 2401 3289 2473 τὴν
3335 2403 3576 2475 ποίησιν.
3623 2382 3722 2462 Eii-

2124 2474 2285 2546 δηλον
2333 2475 2446 2548 οὖν,
2477 2481 2554 2546 ὡς
2584 2484 2697 2538 οὐδ’
2730 2485 2799 2540 ἂν
2840 2491 3078 2558 χιτῶνας
3113 2493 3476 2566 δερματίνους
3522 2503 3591 2555 ὲκ
3621 2502 3715 2557 τοῦ

2128 2568 2202 2640 μὴ
2238 2569 2391 2635 ὄντος
2414 2577 2762 2646 παρήγαγεν.
2809 2581 2971 2638 Ἀλλά
3007 2585 3117 2656 γὰρ
3157 2588 3461 2661 ἠγνόησαν,
3493 2593 3569 2658 ὡς
3607 2595 3718 2652 ἔοι-

2123 2679 2240 2726 κεν,
2271 2665 2320 2717 οί
2359 2667 2489 2738 περὶ
2526 2668 2732 2724 τούτων
2779 2672 3092 2746 ζητοῦντες,
3119 2680 3201 2734 ὅτι
3239 2682 3485 2755 δέρματα
3515 2687 3577 2741 οὐ
3613 2691 3716 2762 μό-

2123 2772 2212 2808 νον
2241 2757 2310 2810 τὰ
2333 2758 2397 2811 ἐκ
2427 2759 2534 2814 τῶν
2569 2760 2724 2824 ζώων
2758 2765 3144 2840 ἀφαιρούμενα
3172 2773 3416 2846 λέγεται,
3445 2778 3585 2834 ἀλλὰ
3615 2757 3716 2838 καὶ

2121 2848 2189 2900 τὰ
2234 2849 2297 2902 ἐκ
2341 2849 2450 2903 τῶν
2488 2851 2742 2924 δένδρων,
2792 2857 2829 2911 ἃ.
2858 2861 2951 2914 καὶ
2987 2861 3204 2930 φλοιοὺς
3247 2868 3539 2940 ὀνομάζειν
3587 2875 3714 2940 ἔθος

2120 2939 2234 3001 τοῖς
2263 2939 2499 3004 πολλοῖς.
2556 2943 2651 2997 Ἐκ
2699 2945 2936 3018 δένδρων
2965 2952 3146 3007 τοίνυν
3193 2957 3537 3029 ἐπιτηδείους
3593 2982 3714 3028 πως

2123 3027 2340 3096 φλοιοὺς
2388 3032 2624 3104 ἐχόντων
2651 3039 2732 3100 εἰς
2770 3039 3087 3112 ἐνδυμάτων
3113 3051 3483 3122 κατασκευὴν,
3504 3055 3714 3127 ἐποίη-

2126 3137 2225 3174 σαν
2249 3123 2298 3174 οἱ
2327 3125 2455 3194 περὶ
2493 3126 2584 3180 τὸν
2614 3129 2787 3201 Ἀδὰμ
2811 3132 2879 3185 τά
2898 3134 3193 3207 ἐνδύματα,
3216 3139 3312 3194 τοῦ
3343 3143 3481 3198 Θεοῦ
3503 3147 3550 3179 ⁸ο
3585 3123 3711 3202 κατ’

2123 3212 2332 3270 ἔννοιαν
2365 3218 2553 3282 αὐτοῖς
2608 3222 2969 3294 ὑποθεμένου,
3022 3230 3140 3296 πῶς
3181 3233 3290 3307 χρὴ
3339 3236 3499 3293 τοῦτο
3544 3242 3710 3312 ποιῆο

2189 3401 2594 3460 ΩΡΙΓΕΝΟΥΣ.
2623 3407 2689 3461 Τί
2723 3409 2806 3463 δεῖ
2854 3417 2994 3468 νοεῖν
3033 3417 3161 3481 τοὺς
3219 3419 3578 3492 δερματίνους
3618 3445 3706 3498 χι-

2118 3493 2331 3562 τῶνας;
2366 3497 2582 3572 Σφόδρα
2611 3503 2713 3571 μὲν
2749 3499 2842 3558 οῦν
2870 3507 3098 3577 ἠλίθιον,
3151 3512 3247 3567 καὶ
3288 3515 3555 3584 γραῶδες,
3608 3493 3705 3573 καὶ

2117 3586 2336 3657 ἀνάξιον
2359 3592 2453 3645 τοῦ
2488 3593 2645 3660 Θεοῦ,
2678 3595 2740 3650 τὸ
2768 3597 2977 3654 οἴεσθαι
3001 3600 3156 3666 ζώων
3183 3606 3345 3661 τινῶν
3377 3611 3704 3680 περιελόντα

2115 3678 2360 3753 δέρματα
2387 3684 2478 3738 τὸν
2508 3686 2661 3750 Θεὸν,
2690 3689 3111 3762 ἀναιρεθέντων,
3139 3695 3172 3768 ἢ
3198 3695 3376 3764 ἄλλως
3403 3678 3522 3765 πως
3556 3704 3700 3759 ἁπο-

2117 3772 2388 3830 θανόντων
2412 3816 2428 3842 ,
2468 3783 2832 3852 πεποιηκέναι
2876 3787 3132 3856 σχήματα
3180 3790 3456 3861 χιτώνων,
3493 3802 3703 3871 καταρ-

2115 3866 2366 3936 ράψαντα
2404 3869 2654 3943 δέρματα
2693 3874 2852 3946 δίκην
2897 3881 3255 3951 σκυτοτόμου.
3301 3885 3472 3941 Πάλιν
3498 3906 3558 3942 τε
3590 3866 3698 3961 φῦ-

2113 3957 2278 4025 γόντα
2308 3959 2370 4013 τὸ
2401 3960 2574 4027 οὕτως
2603 3967 2825 4032 ἄτοπον,
2852 3968 3030 4039 λέγειν
3071 3976 3196 4039 τοὺς
3225 3957 3700 4054 δερματίνουςγχι-

2110 4047 2289 4114 τῶνας
2327 4053 2427 4105 οὐκ
2449 4053 2641 4118 ἄλλους
2681 4053 2843 4125 εἶναι,
2873 4060 2905 4132 ἢ
2937 4062 3004 4116 τὰ
3037 4063 3265 4136 σώματα
3295 4047 3434 4140 (ἶ9),
3467 4047 3696 4128 πιθανῖν

2115 4139 2235 4208 μὲν,
2260 4143 2354 4195 καὶ
2393 4145 2472 4206 είς
2497 4149 2902 4215 συγκατάθεσιν
2924 4154 3337 4214 ἐπισπάσασθαι
3357 4160 3692 4233 δυνάμενονο

2109 4235 2170 4287 οὑ
2203 4236 2308 4308 μὴν
2344 4239 2514 4308 σαφὲς
2543 4241 2620 4305 ὡς
2665 4243 2886 4314 ἀληθές.
2919 4247 2981 4300 Et
3024 4248 3133 4320 γὰρ
3164 4251 3214 4304 οί
3254 4251 3572 4325 δερμάτινοι
3603 4277 3691 4329 χι-

2108 4326 2277 4391 τῶνες
2321 4331 2522 4400 σάρκες
2563 4335 2658 4388 καὶ
2687 4336 2850 4390 ὀστέα
2881 4340 3009 4406 εἰσὶ,
3043 4342 3162 4406 πῶς
3210 4345 3316 4414 πρὸ
3347 4347 3553 4404 τούτων

2111 4418 2194 4472 σὶν
2220 4422 2248 4473 ὁ
2290 4421 2483 4494 Ἀδὰμ,
2508 4443 2527 4476 ι
2557 4426 2731 4481 Τοῦτο
2758 4431 2853 4483 νῦν
2889 4432 3085 4487 ὀστοῦν
3116 4437 3181 4489 ὲκ
3211 4437 3318 4491 τῶν
3346 4439 3520 4494 ὀστῶν
3557 4418 3685 4513 μου,

2111 4510 2205 4561 καὶ
2231 4509 2366 4580 σὰρξ
2391 4515 2454 4565 ὲκ
2486 4518 2587 4586 τῆς
2620 4520 2824 4591 σαρκός
2852 4540 2955 4593 μου
2981 4542 2997 4590 ;
3025 4544 3042 4575 ι
3073 4526 3288 4593 Ταύτας
3311 4525 3405 4584 οὗν
3423 4531 3520 4596 τὰς
3546 4509 3687 4588 άπο-

2110 4600 2234 4670 ρίας
2262 4609 2676 4680 περιϊστάμενοί
2696 4629 2863 4683 τινες,
2899 4616 3256 4689 δερματίνους
3297 4625 3555 4693 χιτῶνας,
3583 4627 3682 4699 τὴν

1274 4912 1506 4971 VARle
1561 4916 1944 4976 LECTIONES
1990 4924 2076 4979 EX
2131 4926 2408 4986 CATENA
2450 4934 2803 4998 LIPSIENSI.

491 5054 537 5087 ⁸⁸
567 5054 686 5108 Cat.
708 5072 759 5124 p.
787 5055 910 5111 100.
946 5061 1044 5130 τὴν
1065 5063 1304 5136 ἄρρητον
1329 5069 1640 5144 ἁγαθότητα
1663 5091 1677 5105 ο
1709 5075 1790 5128 ὅτι
1816 5077 1910 5130 καὶ
1944 5097 2055 5204 πα2ρ

491 5125 779 5204 ηιμελεῖταε
801 5130 876 5199 μὴ
903 5124 1041 5204 εἶναι
1077 5136 1273 5204 αὐτοὺς
1301 5141 1562 5204 γυμνούς.
1640 5145 1686 5177 ’⁸⁸
1714 5147 1833 5202 Cat.
1862 5164 1913 5204 ι).
1949 5151 2009 5204 10
2049 5190 2055 5204 «

419 5125 779 5218 ἐπιμελιεῖταὲ
801 5130 876 5199 μὴ
903 5124 1041 5210 sivo-tt
1065 5124 1273 5218 έοξόπ
1301 5124 1568 5210 γυμνούςί
1588 5124 1686 5177 av“

419 5192 510 5244 τὸν
549 5194 718 5263 Ἀδὰμ
749 5192 905 5268 ἧκον,
937 5201 1028 5254 τοῦ
1062 5203 1218 5271 Θεοῦ,
1249 5192 1353 5262 éié.

2060 5081 2408 5180 αόεξηιξότων
2433 5091 2530 5161 οὐχ
2556 5093 2826 5180 ύπερεῖδε,
2860 5069 3283 5180 καὶ-δεηθέντων
3310 5110 3671 5180 περιϐολαίων

2101 5154 2314 5220 οὐδενὸς
2337 5154 2696 5233 τεταγμένού.
2778 5154 2824 5201 ⁸⁵
2858 5154 2938 5235 είς
3185 5154 3668 5254 an}?

1939 5337 2171 5396 NO'I‘E.

628 5451 944 5547 ίᾎίτειρρτίιπ
969 5459 1106 5515 Cod.
1135 5473 1207 5547 et”
1223 5464 1336 5547 Ific.
1377 5468 1715 5547 ἀπόρρητον.

628 5521 762 5598 (_J_0d_.
800 5517 858 5577 ct
892 5526 1000 5598 l’ic.
1045 5517 1425 5598 περιϐολαίων.

493 5586 604 5657 (9.7)
639 5591 772 5646 Cod.
810 5603 865 5648 et
900 5597 1011 5650 l’ie.
1039 5586 1398 5669 τεταγμένου.

2321 5490 2484 5572 μὴ
2515 5493 2605 5549 ὃν.
2628 5495 2766 5572 _Cod.
2799 5507 2852 5552 ει
2879 5499 2991 5555 Pic.
3027 5503 3230 5572 τίμιον.

2198 5487 2264 5542 28
2321 5490 2378 5544 Τὶ
2398 5493 2484 5560 μὴ
2515 5493 2605 5549 ὃν.
2631 5495 2766 5550 Cod.
2799 5507 2852 5552 ει
2879 5499 2991 5555 Pic.
3027 5503 3230 5572 τίμιον.

2173 5487 2435 5648 ξενέκοὺκ
2462 5595 2528 5602 -
2563 5566 2822 5648 σώματα.
2846 5573 2987 5648 βοαί.
3029 5584 3083 5648 et
3120 5573 3230 5648 Pic.
3266 5575 3367 5628 οὐκ
3411 5574 3542 5630 ἄλλο
3589 5577 3669 5648 (in

2102 5631 2223 5682 cod.
2254 5630 2436 5696 ἄλλος,
2475 5630 2783 5710 perperam)
2818 5638 2957 5695 εἶναι
2987 5641 3083 5695 τοῦ
3109 5642 3380 5714 σώματος.
