4038 6210
193 357 201 365 ’
314 399 417 466 ιιι

1460 403 1746 474 ΟΗᾹΞΞΤ.
1771 401 1850 463 ΙΝ
1875 403 2142 465 GENES.
2169 404 2327 466 CAP.
2357 405 2472 466 III.

3498 411 3602 480 11.3

317 517 595 584 νέκρωσιν,
628 511 698 583 ἢν
735 512 1099 584 ἀμφιέννυται
1134 515 1163 569 ὀ
1201 513 1392 586 Ἀδάμ,
1441 516 1537 569 καὶ
1563 518 1598 585 ὴ
1635 512 1773 576 Εὔα,
1807 512 1897 567 διὰ
1925 517 1954 574 Α

2003 513 2171 582 illam,
2215 530 2321 585 qua
2362 511 2684 570 circumdati
2735 521 2862 568 sunt
2912 514 3082 570 Adam
3139 526 3192 573 et
3233 518 3363 586 Eva,
3420 525 3594 583 morti

315 609 408 676 τὴν
441 607 720 674 ἁμαρτίαν
755 605 1183 671 θανατωθέντες,
1207 609 1560 680 ἀπεφήναντο
1581 607 1896 678 τυγχάνειν.

315 699 390 750 Οὐ
428 697 572 748 πάνυ
605 714 659 750 τι
694 696 818 751 οὐδὲ
857 698 1013 751 αὐτοὶ
1055 699 1298 770 εὐχερῶς
1324 698 1614 770 δυνάμενοι
1641 699 1753 772 (5U)
1793 715 1892 752 πα-

311 789 601 858 ραστῆσαι,
637 787 756 853 πῶς
798 791 826 843 6
849 789 1004 857 Θεὸς,
1032 791 1126 845 καὶ
1165 792 1285 862 ούχὶ
1333 790 1602 862 ἁμαρτία,
1633 791 1901 861 νέκρωσιν

307 883 528 950 ἐμποιεῖ
553 880 637 951 τῷ
697 882 1133 954 παραϐεϐηκότι.
1184 884 1328 956 Πρὸς
1375 883 1606 947 τούτοις,
1655 885 1901 956 ἀνάγκην

308 971 490 1042 ἔχουσι
539 973 724 1042 λέγειν
753 974 934 1046 σάρκα
977 976 1074 1029 καὶ
1103 975 1267 1030 ὀστέα
1296 977 1375 1049 τῷ
1407 978 1520 1049 ἰδίῳ
1546 977 1690 1049 λόγῳ
1717 977 1791 1049 μὴ
1821 973 1900 1030 εἷ-

305 1082 398 1121 ναι
428 1066 671 1138 φθαρτά,
705 1066 760 1118 εί
791 1083 854 1135 γε
882 1066 1010 1120 ύστε
1021 1085 1113 1139 ρον
1140 1070 1239 1140 τὴν
1274 1071 1545 1142 νέκρωσιν
1571 1072 1621 1125 οἱ
1659 1070 1900 1142 πατέρες

309 1158 467 1228 ἡμῶν
489 1157 580 1211 διά
605 1158 703 1230 τὴν
733 1159 1014 1230 ἁμαρτίαν
1041 1159 1509 1231 είλήφασιν’.Λλλ’
1532 1166 1580 1218 εί
1605 1165 1721 1234 (54)
1751 1165 1846 1217 καὶ
1873 1166 1901 1217 6

310 1249 646 1318 παράδεισος
665 1249 807 1303 θεῖόν
830 1268 882 1304 τι
900 1249 1104 1321 χωρίον
1126 1252 1264 1320 ἐστὶ,
1288 1253 1604 1322 λεγέτωσαν
1629 1253 1744 1318 πῶς
1768 1253 1899 1306 ἔκα-

311 1357 444 1394 στον
475 1343 595 1395 ἐκεῖ
638 1341 749 1395 τῶν
802 1342 981 1414 μελῶν
1027 1344 1102 1416 μὴ
1136 1345 1314 1415 μάτην
1352 1345 1900 1418 δεδημιουργημένον

311 1433 413 1502 τὴν
449 1431 662 1486 οἰκείαν
710 1433 994 1505 ἐνέργειαν
1038 1437 1263 1508 ἐνήργει
1301 1437 1439 1508 (52).
1483 1439 1621 1510 Περὶ
1665 1440 1766 1510 μὲν
1804 1437 1899 1495 οὖν

311 1521 406 1575 τοῦ
430 1523 686 1595 μυκτῆρα
708 1523 962 1594 λέγεσθαι
979 1527 1128 1598 παρὰ
1145 1527 1221 1599 τῷ
1245 1527 1452 1602 Ἀκύλᾳ
1473 1531 1567 1585 καὶ
1591 1531 1895 1603 Συμμάχῳ,

311 1615 344 1684 ἢ
391 1615 688 1686 πρόσωπον
725 1620 877 1690 παρά
921 1621 1036 1684 τοῖς
1079 1621 1486 1692 Ἑϐδομήκοντα
1539 1623 1634 1676 τοῦ
1687 1627 1896 1678 πεπλα-

314 1708 536 1776 σμένον»
586 1711 663 1773 είς
700 1710 729 1762 ὂ
767 1710 1106 1783 ἐνεφύσησεν
1139 1715 1166 1767 6
1195 1715 1330 1779 Θεὸς
1383 1715 1552 1786 πνοὴν
1596 1717 1740 1788 ζωῆς
1765 1733 1778 1748 ·
1811 1716 1898 1770 λε-

308 1798 466 1851 κτέον
496 1800 632 1871 (55),
675 1803 758 1856 ὅτι
789 1803 848 1856 ού
892 1803 972 1858 δεῖ
1025 1806 1381 1878 περιέχεσθαι
1423 1808 1521 1862 τοῦ
1563 1810 1896 1882 γράμματος

2003 618 2225 678 propter
2257 618 2543 679 peccatum
2573 606 2798 663 addicti.
2835 605 2941 663 Sed
2978 609 3068 665 isti
3113 627 3220 666 non
3261 611 3420 672 facile
3460 633 3592 688 pro-

2001 697 2133 754 bare
2163 709 2416 771 poswnt,
2457 700 2736 771 quomodo
2764 697 2930 767 Deus,
2963 708 3016 756 et
3052 717 3158 757 non
3201 705 3376 761 multo
3420 711 3594 780 magis

2001 802 2309 861 peccatum,
2345 791 2731 846 mortalitatem
2783 793 2957 862 pariat
2999 799 3417 868 transgressori.
3449 801 3596 859 Prte-

2003 891 2148 938 terea
2173 898 2395 939 necesse
2419 891 2503 939 est
2531 898 2626 939 eos
2647 883 2830 939 dicere
2878 900 3100 941 carnem
3132 901 3187 942 et
3214 904 3342 945 ossa
3374 895 3592 963 propria

2002 976 2214 1032 ratione
2259 991 2366 1032 non
2415 993 2536 1033 esse
2574 977 3153 1048 corruptibilia,‘cum
3187 991 3378 1053 postea
3411 995 3595 1056 patres

2001 1070 2175 1126 nostri
2227 1079 2449 1142 propter
2504 1083 2789 1143 peccatum
2832 1076 3184 1132 mortalitatis
3220 1080 3593 1137 conditionem

2001 1165 2330 1235 acceperint.
2358 1163 2651 1233 Cancrum,
2681 1167 2728 1223 si
2759 1169 3046 1238 paradisus
3076 1180 3160 1226 est
3189 1171 3342 1228 locus
3369 1174 3591 1244 quidam

1998 1254 2234 1320 divintts,
2289 1258 2619 1328 exprimant,
2672 1261 2948 1329 quomodo
2999 1263 3110 1319 illic
3158 1266 3594 1337 unumquodque

1998 1348 2340 1416 membrum,
2390 1364 2500 1405 non
2553 1351 2756 1408 frustra
2805 1363 3092 1422 creatum,
3146 1359 3423 1429 propriant
3482 1361 3591 1416 vim

1997 1442 2303 1498 exercebat.
2350 1441 2429 1499 Ac
2466 1445 2534 1500 de
2589 1461 2656 1501 eo
2710 1446 2930 1518 quidem
2979 1451 3126 1521 quod
3168 1467 3338 1508 nasus
3391 1454 3593 1511 dicitur

1997 1535 2138 1604 apud
2173 1535 2430 1605 Aquilam
2467 1547 2523 1593 et
2582 1537 2996 1612 Symmachum,
3041 1545 3184 1614 apud
3235 1546 3592 1619 Septuaginta

1996 1641 2125 1681 vero
2156 1626 2344 1694 facies,
2378 1646 2441 1686 ea
2472 1647 2599 1703 pars
2627 1631 2844 1688 formati
2882 1635 3137 1703 hominis,
3170 1637 3224 1692 in
3248 1654 3410 1709 quam
3444 1639 3592 1696 Deus

1997 1715 2289 1773 ittsulllavit
2313 1721 2567 1790 spiritum
2613 1721 2778 1790 vitae;
2825 1724 3114 1780 dicendum
3157 1735 3241 1783 est
3285 1743 3393 1783 non
3424 1743 3591 1800 opor-

2000 1819 2113 1866 tere
2158 1812 2439 1868 adhaerere
2480 1815 2642 1871 nuda'
2676 1814 2869 1872 litterae
2937 1815 3269 1888 Scriptura,
3327 1830 3590 1892 tanquam

305 1891 408 1961 τῆς
441 1892 662 1965 Γραφῆς
686 1893 763 1958 ὡς
803 1894 1069 1968 ἀληθοῦς·
1091 1877 1182 1953 τὸν
1201 1877 1257 1953 δὲ
1281 1877 1896 1977 κεκρυμμένον-Θησαυ-
1927 1877 1954 1932 ί

2004 1917 2178 1958 verte;
2225 1903 2317 1959 sed
2349 1903 2669 1961 thesaurum
2702 1906 2754 1962 in
2787 1906 2964 1964 littera
3015 1907 3269 1967 latentem
3321 1877 3568 1980 quaerere

309 1983 404 2055 ρδν
440 1985 501 2038 ἐν
537 1986 617 2057 τῷ
649 1987 942 2059 γράμματι
975 1988 1164 2062 ζητεῖν
1200 1991 1269 2047 ⁸¹.

933 2104 1132 2161 ΕΡΩΤ.
1163 2107 1256 2162 Μ’.

309 2211 373 2267 Τί
428 2211 560 2267 ἐστι
628 2213 695 2269 τὸ
713 2257 730 2283 ,
769 2233 789 2268 ι
837 2215 996 2270 Ἰδοὺ

905 2285 1077 2357 ἡμῶν
1106 2285 1216 2358 (54)
1246 2308 1260 2357 ;
1296 2308 1316 2342 ι

387 2371 610 2446 Ἐπειδὴ
625 2375 654 2428 6
667 2374 912 2442 διάϐολος
935 2373 1110 2444 εἶπεν,
1137 2398 1156 2431 ι
1171 2378 1400 2433 Ἐσεσθε
1419 2379 1497 2444 ὡς
1514 2379 1628 2435 θεοὶ
1650 2381 1785 2452 (35),
1811 2397 1898 2451 γι-

304 2461 610 2529 νώσκοντες
627 2466 792 2522 καλὸν
813 2469 906 2522 καὶ
923 2470 1178 2542 πονηρὸν,
1203 2490 1222 2524 ι
1244 2471 1465 2539 ἐδέξατο
1479 2471 1535 2527 δὲ
1550 2459 1646 2527 τοῦ
1659 2473 1894 2528 Θανάτου

301 2556 394 2606 τὸν
421 2555 550 2626 ὅρον
574 2557 676 2629 τὴν
711 2558 936 2630 ἐντολὴν
977 2560 1256 2631 παραϐὰς,
1290 2561 1599 2632 εἰρωνικῶς
1622 2563 1784 2618 τοῦτο
1815 2564 1896 2618 sl!-

305 2664 477 2718 ρηκεν
499 2650 527 2701 6
542 2649 652 2704 τῶν
672 2649 812 2704 ὅλων
831 2651 984 2716 Θεὸς,
1001 2652 1218 2717 δεικνὺς
1258 2653 1360 2724 τῆς
1380 2653 1696 2726 διαϐολικῆς
1721 2658 1896 2725 ἐπαγ-

301 2740 495 2808 γελίας
535 2743 596 2796 τὸ
628 2742 829 2813 ψεῦδος
856 2745 923 2800 ⁸³.
955 2745 1299 2800 Μεταλαϐεἰν
1333 2745 1391 2800 δὲ
1424 2747 1590 2802 αὐτὸν
1634 2748 1731 2802 τοῦ
1756 2767 1895 2820 καρ-

300 2831 408 2886 ποῦ
441 2833 558 2904 (56)
589 2833 686 2888 τοῦ
737 2835 899 2902 ξύλου
936 2839 1034 2908 τῆς
1076 2837 1225 2908 ζωῆς
1254 2822 1586 2894 διεκώλυσεν
1607 2855 1622 2871 ·
1656 2840 1718 2893 οὐ
1762 2841 1895 2910 φθο-

300 2925 409 2979 νῶν
458 2926 611 2998 αὐτῷ
655 2928 757 2998 τῆς
787 2927 1059 2983 ἀθανάτου
1103 2931 1268 3000 ζωῆς,
1310 2930 1450 2984 ἀλλά
1486 2932 1587 3002 τῆς
1613 2932 1894 3004 ἁμαρτίας

299 3019 520 3091 ἐπέχων
573 3020 666 3074 16v
709 3020 934 3092 δρόμον.
973 3020 1206 3093 Ἰατρεία
1240 3022 1421 3076 τοίνυν
1462 3025 1492 3078 6
1531 3022 1783 3092 θάνατος,
1829 3025 1892 3079 οὐ

298 3113 548 3184 τιμωρία
594 3113 706 3185 (37)
744 3114 913 3170 ἐστίν.
953 3114 1172 3186 Ἐπέχει
1217 3116 1325 3189 γάρ
1370 3119 1470 3189 τῆς
1499 3119 1776 3192 ἁμαρτίας
1795 3119 1893 3192 τὴν

1047 2217 1294 2293 re):qu
1340 2217 1527 2293 Ἀδὰμ
1567 2219 1649 2288 ὡς
1693 2218 1777 2286 εἶς
1825 2221 1896 2287 ἐξ
1943 2181 1955 2193 .

2520 2101 2626 2175 55
2659 2103 2937 2164 INTERR.
2966 2107 3078 2166 XL.

2005 2218 2148 2285 Quid
2179 2219 2315 2275 illud
2348 2234 2425 2279 est
2459 2242 2476 2281 :
2515 2245 2532 2278 t
2573 2225 2932 2352 Εεξιῗὺέιίανιηι
2969 2224 3142 2296 fartus
3167 2233 3244 2281 est
3275 2234 3333 2281 ut
3356 2242 3496 2282 unus
3523 2241 3590 2282 ατ

2071 2385 2212 2440 Cum
2246 2386 2501 2443 diabolus
2523 2387 2790 2444 dixisset:
2831 2405 2852 2440 ι
2888 2386 3057 2444 Erilis
3090 2386 3235 2444 sicut
3261 2386 3360 2454 dii,
3389 2402 3590 2460 cogno—

2002 2488 2219 2534 scentes
2252 2479 2454 2536 bonum
2495 2489 2550 2535 et
2585 2480 2788 2535 malum
2817 2478 2860 2546 ι,
2889 2498 2909 2533 ι
2937 2481 3187 2536 Adam-us
3235 2495 3366 2536 vero
3401 2495 3592 2537 susce-

2002 2570 2172 2639 pisset
2199 2572 2527 2627 sententiam
2575 2573 2791 2638 mortis,
2855 2573 2984 2642 qula
3043 2581 3426 2645 transgressus
3471 2582 3590 2628 erat

2002 2659 2343 2726 mandatum,
2377 2661 2522 2719 Deus
2569 2664 2816 2718 omnium
2850 2664 2954 2719 hoc
3001 2678 3097 2734 per
3136 2663 3372 2720 ironiam
3426 2663 3586 2728 dixit,

2000 2751 2387 2810 demonstrans
2440 2755 2830 2824 promissionis
2864 2756 3155 2812 diabolica:
3215 2757 3585 2814 mendacium.

2001 2839 2365 2901 Proltibuerat
2387 2855 2569 2901 autem
2603 2846 2707 2916 ipsi
2731 2845 2899 2914 Deus,
2920 2863 2988 2903 ne
3023 2847 3292 2920 acciperet
3325 2849 3394 2904 tle
3438 2849 3589 2922 ligno

2000 2938 2146 3003 vitae,
2179 2951 2288 2992 non
2323 2938 2469 3008 quod
2516 2938 2782 2994 invideret
2837 2939 3045 2995 homini
3069 2941 3233 2996 vitam
3284 2948 3586 2998 aeternam:

2000 3028 2095 3084 sed
2145 3036 2204 3082 ut
2243 3028 2448 3098 peccati
2502 3043 2725 3084 cursum
2779 3030 3084 3087 cohiberet.
3124 3030 3391 3088 Medicina
3425 3033 3590 3104 igitur

1999 3135 2150 3176 mors
2179 3130 2282 3184 est,
2315 3134 2422 3176 non
2455 3133 2638 3192 poma.
2694 3119 2967 3192 Reprimit
2996 3124 3140 3178 enim
3171 3125 3379 3195 peccati
3413 3125 3589 3196 impe-

296 3207 502 3278 ὁρμήν.
531 3225 553 3259 ι
594 3207 654 3261 '0
686 3207 798 3279 γὰρ
847 3207 1162 3277 ἀποθανὼν,
1195 3210 1350 3281 φησὶ,
1389 3211 1736 3267 δεδικαίωται
1782 3214 1890 3268 ἀπὸ
1921 3236 1954 3296 c

2003 3220 2137 3265 tum.
2164 3208 2299 3264 Nam
2339 3227 2358 3262 ι
2397 3219 2648 3265 mortuus
2705 3210 3042 3280 justilicatus
3097 3218 3200 3275 est,
3246 3211 3342 3277 ait,
3383 3225 3416 3266 a
3459 3224 3589 3280 pec-
3663 3255 3665 3257 .

298 3297 396 3368 τῆς
422 3298 731 3370 ἁμαρτίας.
760 3316 780 3350 ι
809 3299 1162 3371 Καταντικρὺ
1189 3299 1248 3354 δὲ
1275 3301 1370 3355 τοῦ
1405 3303 1741 3376 παραδείσου
1772 3305 1893 3360 διά-

297 3406 420 3457 γειν
475 3391 644 3446 αὑτὸν
685 3391 1055 3462 προσέταξεν·
1092 3392 1180 3446 ίνα
1213 3393 1312 3465 τῆς
1337 3394 1549 3450 ἀλύπου
1591 3396 1779 3468 βιοτῆς
1809 3399 1894 3463 εἰς

302 3484 531 3553 μνήμην
551 3483 870 3555 ἐρχόμενος,
901 3486 1034 3557 μισῇ
1069 3485 1171 3558 τὴν
1201 3487 1500 3558 ἁμαρτίαν,
1521 3487 1599 3554 ὡς
1621 3488 1888 3559 πρόξενον

295 3575 398 3646 τῆς
435 3575 703 3629 ἐπιπόνου
730 3575 901 3649 ζωῆς.

356 3754 754 3810 -ΘΕΟΔΟΡΟΓ
785 3757 903 3811 Οὐκ
946 3757 1214 3827 ἀοράτους
1249 3757 1407 3823 τινας
1448 3757 1711 3830 δυνάμεις
1742 3759 1893 3830 λέγει

297 3847 369 3901 τὰ
395 3849 721 3918 Χερουϐὶμ,
753 3847 831 3912 ὥς
853 3865 997 3913 τινες
1021 3849 1224 3903 οῐονται
1245 3866 1260 3883 ο
1286 3851 1410 3903 ἐπεὶ
1445 3851 1581 3922 μηδὲ
1619 3853 1894 3906 συνετέλει

297 3957 354 3993 τι
386 3940 628 4012 ἀόρατος
671 3939 836 4009 φύσις
871 3941 1010 4005 ἐκεῖ,
1045 3940 1311 4012 αἰσθητῆς
1357 3940 1532 4011 ὅψεως
1568 3941 1895 4015 ὀφειλούσης

297 4027 448 4085 εἶναι
495 4035 598 4102 τῆς
632 4031 727 4086 τὸν
757 4032 934 4104 Ἀδάμ
971 4033 1358 4106 παιδευούσης.
1397 4033 1537 4088 Οὔτε
1573 4031 1666 4090 οὖν
1694 4039 1728 4106 η
1761 4036 1889 4106 φλο-

295 4125 427 4196 γίνη
465 4125 716 4196 ῥομφαία
762 4126 924 4196 φύσις
971 4121 1040 4198 ἦν
1091 4128 1289 4198 πυρὸς,
1332 4128 1446 4183 ἀλλ’
1474 4128 1600 4200 ὄψις
1625 4130 1848 4202 τοιαύτη
1873 4147 1888 4163 ⁸

295 4217 427 4272 οὔτε
451 4220 522 4271 τὰ
551 4219 834 4290 Χερουϐὶμ
866 4219 1001 4288 ζῶα,
1030 4221 1149 4276 ἀλλ’
1175 4222 1300 4292 ὄψις
1328 4222 1576 4295 τοιαύτη.
1611 4225 1767 4280 Ἐπεὶ
1797 4225 1893 4279 καὶ

308 4310 580 4380 Ἱεζεκιὴλ
620 4311 1064 4383 τετραπρόσωπα
1104 4313 1174 4366 τά
1204 4314 1490 4386 Χερουϐὶμ
1519 4317 1622 4386 ὁρᾷ
1647 4332 1661 4347 ·
1693 4334 1890 4388 τετρα-

296 4401 598 4472 πρόσωπος
617 4402 676 4454 δὲ
702 4403 937 4473 ἀοράτου
968 4403 1134 4473 φύσις
1156 4407 1257 4460 οὐκ
1281 4406 1429 4460 ἐστιν
1451 4408 1520 4461 ⁵³.
1573 4408 1735 4463 Ἀλλά
1785 4411 1891 4463 Χε-

219 4548 238 4563 ,
296 4495 506 4568 ρουϐὶμ
559 4498 718 4551 καλεῖ
766 4499 875 4552 πᾶν
915 4499 978 4552 16
1025 4500 1274 4556 δυνατόν.
1331 4501 1520 4567 οὕτως
1565 4503 1734 4574 λέγει,
1769 4525 1789 4559 t
1829 4507 1888 4560 '0

373 4670 403 4712 ιι
438 4670 581 4726 Gen.
606 4687 690 4736 nt,
718 4670 812 4726 22.
898 4671 914 4710 ι
943 4673 1072 4729 ibid.
1101 4675 1158 4730 5.
1232 4684 1271 4706 ’³
1296 4675 1458 4732 Rom.
1490 4691 1564 4744 vt,
1587 4676 1642 4734 7.

1997 3310 2197 3357 cato“.
2231 3320 2248 3353 ι
2281 3300 2458 3356 Jussit
2516 3310 2698 3356 autem
2755 3299 2900 3358 Deus
2966 3301 3237 3357 Adamum
3275 3317 3307 3358 e
3365 3302 3589 3374 regione

1995 3392 2244 3449 Paradisi
2291 3408 2476 3464 agere,
2526 3401 2585 3449 ut
2625 3392 2912 3464 pristinam
2962 3393 3129 3448 vitam
3165 3393 3354 3450 dolore
3388 3408 3586 3450 caren-

1996 3493 2104 3541 tem
2157 3501 2424 3541 revocans
2483 3485 2538 3538 in
2591 3477 2936 3552 memoriam,
2981 3485 3109 3540 odio
3158 3494 3586 3557 prosequeretur

1995 3588 2300 3648 peccatum,
2346 3587 2603 3648 tanquam
2657 3585 2941 3633 auctorem
2998 3577 3290 3634 laboriosae
3327 3585 3383 3633 ct
3439 3592 3587 3634 aeru-

1995 3685 2201 3725 mnosa:
2234 3670 2379 3724 vitae.

2065 3763 2436 3820 TllEODORl.
2490 3763 2769 3819 Cherubim
2824 3763 2956 3819 dicit
2993 3779 3100 3817 non
3160 3763 3392 3819 virtutes
3422 3777 3585 3834 quas-

1993 3856 2118 3910 dam
2187 3856 2514 3920 invisibiles,
2567 3864 2625 3909 ut
2654 3853 2878 3924 quidam
2930 3854 3286 3923 existimant;
3319 3855 3583 3926 quoniam

1991 3947 2285 4004 invisibilis
2324 3956 2518 4004 natura
2567 3947 2702 4002 nihil
2732 3947 2842 4002 illic
2883 3948 3250 4016 contulisset;
3283 3964 3410 4005 cum
3440 3949 3584 4005 visio

1992 4039 2266 4096 sensibilis
2305 4054 2430 4096 esse
2476 4040 2720 4104 deberet,
2754 4055 2876 4111 quae
2921 4040 3195 4096 Adamum
3247 4041 3581 4098 institueret.

1990 4130 2180 4203 Neque
2211 4132 2376 4201 igitur
2397 4132 2611 4204 gladius
2641 4132 2730 4187 ille
2751 4124 3036 4189 ﬂammeus
3067 4143 3263 4188 natura
3282 4133 3422 4204 ignis
3438 4142 3575 4200 erat_

1991 4225 2087 4281 sed
2130 4225 2248 4281 visu
2287 4224 2412 4281 talis
2447 4241 2460 4277 :
2510 4209 2688 4295 neque
2739 4223 3036 4280 Cherubim
3080 4234 3240 4281 erant
3295 4226 3579 4288 animalia,

1992 4317 2085 4373 sed
2116 4318 2243 4371 talia
2274 4317 2619 4372 videbantur.
2658 4316 2945 4389 Siquidem
2979 4326 3034 4374 et
3065 4317 3320 4373 Ezechiel
3366 4317 3583 4373 Cheru-

1991 4411 2103 4466 bim
2159 4410 2308 4466 videt
2346 4410 2610 4466 habentes
2668 4419 2906 4480 quatuor
2973 4408 3190 4465 facies:
3230 4423 3358 4464 cum
3400 4415 3582 4462 tamen

1991 4502 2287 4560 invisibilis
2309 4511 2505 4560 natura
2533 4501 2952 4574 quadruplicem
2984 4500 3184 4558 faciem
3213 4515 3323 4555 non
3359 4497 3577 4556 habeat.

1166 4827 1399 4886 VARIE
1439 4829 1828 4888 LECTIONES
1883 4828 1979 4885 EX
2034 4828 2312 4887 CATENA
2367 4829 2723 4888 LfPSIENSl.

369 4991 415 5022 ’ί
449 4989 582 5064 περὶ
609 4989 798 5064 μὲν-
817 4989 878 5042 ἐν
913 4989 994 5064 τῷ
1040 5007 1132 5062 γρ.
1185 4992 1391 5064 ζητεῖν.
1420 4991 1560 5064 Haec
1616 4994 1672 5049 in
1726 5002 1834 5049 cat.
1876 4993 1954 5063 leg

2005 5003 2136 5050 ntur
2191 5010 2246 5064 p.
2280 4994 2371 5060 60,
2412 4995 2478 5049 ad
2508 4995 2641 5051 Gen.
2683 5011 2744 5060 ll,
2782 4995 2855 5060 7;
2896 4993 2989 5049 sed
3025 4992 3437 5064 πεπλανηκότος
3472 4993 3576 5064 leg.

298 5074 400 5126 pro
427 5059 848 5130 πεπλασμένου,
885 5059 1068 5116 minus
1083 5059 1263 5118 recte.
1339 5065 1387 5096 ⁸³
1416 5063 1531 5131 llla,

1566 5064 2167 5135 μεταλαϐείντ-τδέδικ.
2204 5066 2320 5135 ἀπὸ
2356 5083 2407 5120 τ.
2444 5065 2720 5135 ἁμαρτίας
2752 5073 2972 5120 exstant
3003 5064 3200 5135 inrcat.

3230 5079 3285 5134 p.
3322 5064 3442 5118 103.
3474 5065 3580 5134 Be-

298 5131 473 5207 ligua,
517 5131 873 5202 Καταντικρὺ
893 5132 1242 5188 -ἐπιπόνου
1295 5133 1441 5206 ζωῆς
1476 5131 1624 5204 vero,
1657 5136 1790 5192 ibid.
1822 5151 1877 5206 p.
1911 5134 1954 5188 il

2003 5138 2033 5191 l.
2111 5136 2158 5167 ⁵³
2189 5134 2310 5191 Cat.
2345 5151 2398 5205 p.
2435 5131 3035 5207 104.’τετραπρόσωπα
3065 5134 3122 5187 δὲ
3151 5131 3383 5206 ἀόρατος
3413 5133 3578 5205 φύσις

289 5201 400 5254 οὐκ
424 5201 593 5255 ἐστιν.

1817 5360 2057 5419 ΝΟΤΕ.

378 5566 490 5635 (30)
519 5564 656 5621 Cod.
681 5572 739 5619 et
758 5561 876 5635 Eic.
913 5563 1336 5635 δυναμούμενοι.

376 5633 488 5705 (51)
520 5636 657 5692 Cod.
699 5646 754 5689 et
778 5633 891 5705 Dic.
922 5633 1064 5705 ἀλλά
1098 5633 1194 5689 καὶ
1231 5636 1280 5688 εί
1304 5637 1356 5692 ὁ.

377 5704 490 5776 (52)
520 5707 654 5761 Cod.
696 5714 752 5759 et
781 5704 892 5776 Pic.
933 5704 1169 5776 631397512

527 5777 790 5846 Λεκτέον
812 5775 919 5827 ὅτι.
950 5774 1072 5830 Des.

379 5845 489 5927 (δι)
519 5845 577 5902 lu
597 5845 724 5903 cod.
757 5845 992 5917 August.
1026 5847 1141 5902 hac
1176 5845 1509 5917 adjiciuntur
1546 5864 1556 5898 :
1601 5846 1722 5898 ’Ὁτι
1750 5845 1881 5914 ψευ-

1989 5564 2261 5638 δὲς-λέγει
2278 5563 2338 5616 τδ
2366 5561 2613 5638 γράμμα
2645 5569 2748 5638 τῆς
2773 5562 2926 5630 Θείας
2950 5561 3200 5636 γραφῆς.

2085 5635 2176 5699 55)
2210 5635 2322 5699 Ὦς.
2362 5633 2543 5690 Deest.

2088 5700 2174 5773 56)
2217 5704 2336 5758 Τοῦ
2371 5704 2781 5773 καρποῦ.(]ο‹1.
2815 5714 2868 5760 et
2900 5705 3014 5760 Pic.
3051 5704 3148 5758 τοῦ
3178 5700 3360 5771 ξύλου.

2061 5772 2172 5846 (57)
2221 5775 2285 5828 '0
2312 5772 2569 5842 θάνατος
2603 5778 2674 5830 οὐ
2706 5777 2966 5845 τιμωρία.
3005 5775 3140 5831 Cod.
3168 5787 3218 5830 et
3245 5776 3350 5832 Pic.
3382 5773 3442 5827 οὑ
3481 5772 3577 5828 θά-

1988 5862 2149 5910 νατος
2187 5847 2220 5916 ἡ
2260 5847 2526 5919 τιμωρία.
