4038 6210
308 311 411 378 155

1366 301 1648 376 ΟΗίΕΞΤ.
1675 299 1758 361 IN
1777 296 2046 360 GENES.
2075 296 2232 358 CAP.
2260 295 2360 358 Ιν.
2393 296 2459 357 V.

3446 281 3552 348 1:36

320 439 505 496 μησαν,
530 417 574 472 εί
599 417 661 470 ὲκ
689 414 961 490 διαφόρων
988 413 1418 487 βεϐλαστηκέναι
1458 413 1713 484 πατέρων
1747 411 1858 483 ᾠή-
1886 417 1908 473 Α

1992 408 2134 464 aedos
2192 406 2574 473 admittuntur,
2607 403 2749 476 quid‘
2797 415 2909 458 non
2950 404 3381 473 perpetrassent,
3431 396 3476 451 si
3514 413 3566 454 ει

317 488 506 585 linear;
534 508 730 563 Τούτου
757 488 916 580 χάριν
941 508 1039 562 ἕνα
1075 508 1175 579 μὲν
1205 510 1269 561 ἐκ
1295 507 1392 578 τῆς
1435 506 1540 577 γῆς
1569 504 1861 559 διέπλασεν

1996 500 2186 556 iversis
2214 499 2459 570 patribus
2493 505 2643 553 ortos
2670 511 2731 554 se
2750 508 2874 551 esse
2889 492 3344 549 existimassem?
3373 488 3548 561 llujus

310 609 462 677 ἄνδρα
486 620 499 634 ·
527 605 589 655 ὲκ
625 602 683 656 δὲ
726 601 918 656 τούτου
951 601 1083 673 μίαν
1135 599 1543 672 ἐδημιούργησε
1589 600 1855 669 γυναῖκα·

304 699 455 753 ἐκ²δὲ
502 695 704 750 τούτων
748 697 930 750 πᾶσαν
986 696 1088 767 τὴν
1148 694 1474 766 οἰκουμένην
1527 691 1629 747 τοῦ
1665 692 1860 762 γένους

301 789 590 860 ἐπλήρωσε.
617 786 715 842 Διὰ
735 787 893 859 τήνδε
916 786 1096 842 τοίνυν
1120 786 1220 858 τὴν
1248 787 1451 851 αἰτίαν,
1481 783 1860 857 συνεχώρησεν

297 879 352 932 ἐν
375 879 511 949 ἀρχῇ
542 876 655 930 τῶν
686 876 934 945 ἀδελφῶν
961 876 1061 950 τὴν
1092 876 1378 948 ἐπιμιξίαν
1404 891 1418 905 ⁸
1453 874 1646 945 ἐπειδὴ
1670 874 1725 927 δὲ
1751 873 1858 944 ηὐ-

294 971 424 1041 εζθη
446 971 505 1023 τὸ
537 970 716 1038 γένος,
736 969 813 1035 ὡς
845 970 1163 1042 παράνομον
1193 970 1384 1025 τοῦτον
1405 966 1746 1039 ἀπαγορεύει
1767 966 1861 1022 τὸν

291 1065 480 1136 γάμον.
514 1063 618 1118 Διά
648 1080 731 1117 τοι
768 1063 927 1119 τοῦτο
968 1065 1067 1121 σὺν
1099 1064 1178 1135 τῷ
1227 1063 1351 1117 Νῶε
1396 1062 1493 1118 καὶ
1536 1062 1652 1125 τοῖς
1695 1060 1860 1126 υἱέσι,

290 1159 381 1213 καὶ
410 1159 510 1221 τὰς
556 1156 786 1212 ἐκείνων
837 1159 1105 1226 γυναῖκας
1152 1154 1410 1210 διέσωσεν
1440 1156 1499 1214 έν
1526 1157 1590 1225 τῇ
1617 1152 1858 1226 κιϐωτῷ,

290 1251 371 1306 ἵνα
405 1252 523 1316 ταῖς
568 1249 823 1322 ἀνεψιαῖς
876 1250 925 1304 οί
949 1248 1173 1305 ἐκείνων
1232 1248 1343 1322 (41)
1393 1246 1709 1318 συναφθῶσι
1735 1236 1862 1301 παῖ’-

286 1345 385 1406 δες.

906 1457 1108 1513 ΕΡΩΤ.
1159 1457 1293 1512 MN.

694 1572 870 1638 Τίνας
913 1571 1164 1627 ἀνεῖλεν
1183 1573 1217 1626 ὁ
1246 1568 1451 1641 Λάμεχ
1475 1586 1497 1635 ;

308 1724 315 1731 ,
350 1665 420 1720 οὗ
446 1664 564 1729 δύο,
606 1664 755 1719 καθά
800 1681 947 1727 τινες
973 1664 1348 1734 ὑπειλήφασιν
1373 1678 1387 1692 ο
1419 1662 1543 1715 οὐδὲ
1570 1661 1664 1715 τὸν
1699 1661 1861 1723 Κάῖν,

1965 593 2043 647 rei
2079 591 2249 662 gratia
2289 604 2457 645 unum
2486 588 2706 660 quidem
2734 587 2915 642 virum
2943 600 2974 640 e
3004 594 3147 640 terra
3183 583 3463 648 formavit,
3497 592 3551 638 et

1966 702 2029 740 ex
2063 700 2130 740 eo
2166 699 2328 740 unam
2381 682 2589 739 creavit
2624 681 2933 744 mulierem,
2955 687 3011 735 et
3046 695 3113 733 ex
3136 693 3328 734 eorum
3354 691 3575 748 genere-

1966 780 2195 850 replevit
2226 779 2539 833 universam
2584 785 2807 832 terram.
2840 774 2995 830 Hanc
3024 773 3189 844 igitur
3223 770 3296 829 ob
3323 784 3547 827 causam

1969 874 2114 929 Deus
2147 873 2216 928 ab
2244 872 2401 927 initio
2423 869 2673 942 permisit
2717 868 2949 925 fratrum
2984 865 3431 924 commistionem
3460 870 3554 919 :at

1967 977 2256 1036 postquam
2285 963 2495 1020 creavit
2521 963 2825 1017 humanum
2870 974 3067 1031 genus,
3105 955 3420 1041 huiusmodi
3448 971 3565 1027 n‘u-.

1968 1062 2133 1133 ptias,
2170 1069 2430 1131 tanquam
2490 1058 2728 1126 iniquas,
2786 1056 3090 1129 prohibuit.
3142 1053 3209 1109 Et
3253 1053 3324 1109 ob
3354 1052 3407 1108 id
3444 1065 3568 1106 una.

1970 1170 2094 1209 cum
2125 1151 2240 1209 Noe
2260 1153 2312 1207 el
2336 1151 2465 1208 filiis
2483 1151 2627 1221 ejus,
2648 1149 2792 1206 Dens
2820 1147 3377 1209 conservaviteorum
3410 1158 3550 1201 tuo.

1970 1246 2140 1302 resin
2172 1258 2321 1312 arca,
2359 1252 2418 1300 ut
2467 1258 2663 1300 eorum
2712 1241 2872 1298 liberi
2933 1237 3280 1297 consobrinis
3329 1234 3554 1307 copula-

1970 1346 2181 1394 rentur.

2495 1447 2774 1505 INTERR.
2812 1445 3002 1506 XLIV.

2338 1564 2609 1631 Quasnam
2636 1562 2899 1632 interfecit
2922 1558 3148 1615 Lamech
3165 1560 3192 1615 7
3261 1555 3265 1560 ’

2040 1661 2160 1716 Non
2183 1659 2435 1725 duos,ut
2483 1657 2706 1728 quidam
2744 1663 3096 1725 putaverunt,
3145 1664 3323 1721 neque
3373 1648 3550 1719 ipsum
3628 1672 3633 1677 -

286 1758 355 1821 ὡς
404 1757 587 1828 ἕτεροι
640 1756 1159 1828 μεμυθολογήκασιν
1182 1771 1199 1788 ⁸
1233 1754 1351 1810 ἀλλ’
1384 1755 1502 1818 ἕνα,
1543 1754 1639 1808 καὶ
1675 1753 1866 1807 τοῦτον
1901 1789 1908 1843 1

1991 1753 2131 1817 Iain,
2168 1761 2231 1808 ut
2263 1751 2355 1807 alii
2410 1749 2637 1805 fabulati
2682 1756 2856 1804 sunt:
2894 1746 2990 1802 sed
3050 1760 3243 1808 unum,
3299 1749 3354 1797 et
3408 1742 3561 1796 hunc

287 1849 415 1904 νέον.
453 1868 473 1900 ι
506 1848 720 1921 Ἀνδρα
749 1848 881 1919 γὰρ,
938 1849 1124 1918 φησιν,
1186 1846 1485 1902 ἀπέκτεινα
1538 1847 1620 1910 εἰς
1648 1844 1872 1917 τραῦμα
1901 1832 1908 1843 ⁴

1997 1860 2248 1902 uvenem.
2290 1863 2309 1898 ι
2348 1841 2539 1898 Virum
2581 1841 2750 1907 enim,
2806 1838 3006 1910 inquit,
3036 1837 3212 1892 occidi
3255 1834 3309 1888 in
3352 1832 3567 1887 vulnus,

288 1944 422 2009 ἐμοὶ,
450 1941 548 1995 καὶ
567 1941 861 1995 νεανίσκον
912 1941 994 2004 εἰς
1033 1938 1282 2010 μώλωπα
1315 1939 1439 2010 ὲμοί
1458 1956 1471 1972 ·
1504 1958 1524 1992 ι
1568 1940 1869 2006 τουτέστιν,

288 2037 443 2105 ἀνδρα
467 2037 608 2091 νέαν
642 2036 847 2105 ἄγοντα
870 2035 972 2106 τὴν
1013 2034 1255 2107 ἡλικίαν.
1289 2035 1526 2106 Διέφυγε
1558 2035 1744 2106 μέντοι
1770 2037 1874 2106 τὴν

289 2130 573 2199 τιμωρίαν,
608 2128 698 2182 διὰ
722 2127 822 2199 τὴν
849 2128 949 2199 τῆς
973 2127 1252 2198 ἁμαρτίας
1271 2125 1568 2198 ὁμολογίαν
1589 2144 1604 2158 ·
1628 2128 1724 2181 καὶ
1748 2126 1875 2181 καθ’

291 2221 474 2276 ἑαυτοῦ
516 2221 641 2292 (42)
671 2220 771 2294 τὴν
792 2220 974 2295 ψῆφον
1007 2219 1336 2290 ἐξενεγκὼν,
1363 2220 1466 2291 τὴν
1491 2219 1644 2274 θείαν
1669 2218 1877 2274 διεκώ-

291 2317 408 2368 λυσε
434 2314 651 2384 ψῆφον.

915 2426 1112 2480 ΕΡΩΤ.
1151 2426 1286 2482 ΜΕ’.

293 2538 407 2594 Ποῦ
437 2542 785 2610 μετέθηκεν
807 2540 918 2613 (45)
960 2544 993 2595 ὁ
1020 2539 1139 2594 τῶν
1159 2539 1321 2595 ὅλων
1349 2538 1495 2607 Θεὸς
1516 2539 1625 2593 τὸν
1652 2537 1882 2609 Ἐνώχ;

359 2634 431 2686 υύ
454 2633 541 2686 δεῖ
589 2635 781 2705 ζητεῖν
812 2634 883 2688 τὰ
924 2636 1264 2704 σεσιγημένα
1289 2648 1302 2663 ’
1332 2633 1581 2703 στέργειν
1623 2632 1679 2686 δὲ
1709 2648 1882 2703 προσ-

295 2726 409 2795 ήκει
453 2726 525 2780 τά
575 2726 969 2799 γεγραμμένα.
1012 2724 1153 2795 Ἐγὼ
1177 2725 1235 2780 δὲ
1261 2722 1415 2795 οἶμαι
1460 2722 1620 2779 τοῦτο
1654 2741 1887 2795 πεποιη-

298 2819 443 2874 κέναι
472 2819 572 2875 τὸν
608 2820 718 2873 τῶν
760 2819 898 2875 ὅλων
940 2820 1094 2886 Θεὸν,
1126 2819 1207 2884 εἰς
1239 2818 1604 2890 ψυχαγωγίαν
1644 2817 1753 2873 τῶν
1785 2816 1886 2889 τῆς

299 2912 490 2983 ἀρετῆς
533 2912 820 2985 ἀθλητῶν.
863 2912 1085 2983 Ἐπειδὴ
1117 2911 1230 2984 γάρ
1265 2913 1294 2965 ὁ
1320 2911 1511 2976 Ἀϐελ,
1550 2910 1767 2983 πρῶτος
1792 2926 1889 2979 γε·

300 3001 461 3071 γονὼς
480 3004 593 3074 τῆς
618 3003 969 3075 δικαιοσύνης
985 3002 1219 3076 καρπὸς,
1245 3003 1498 3075 πρόωρός
1520 3020 1582 3057 τε
1604 3004 1701 3058 καὶ
1722 3001 1889 3075 πρόρο

1974 1956 2156 1998 meum
2185 1947 2240 1995 et
2266 1936 2734 1994 adolescentulum
2765 1934 2823 1989 in
2852 1932 3081 1988 livorem
3106 1937 3372 1993 meumq;
3414 1945 3433 1978 ι
3454 1926 3571 1981 hoc

1973 2043 2079 2101 est,
2098 2035 2275 2089 virum
2306 2040 2555 2103 agentem
2578 2027 2874 2101 juvenilem
2908 2033 3146 2081 aetatem.
3209 2022 3433 2078 Poenam
3478 2028 3563 2074 ta-

1976 2142 2101 2182 men
2127 2125 2320 2193 evasit,
2354 2133 2577 2195 propter
2604 2120 2815 2192 peccati
2846 2115 3253 2174 confessionem
3285 2116 3395 2168 :‘et
3425 2126 3561 2166 con-

1978 2231 2060 2277 tra
2090 2234 2150 2276 se
2182 2218 2365 2276 ferens
2420 2214 2771 2281 sententiam,
2820 2210 3047 2267 evitavit
3093 2206 3418 2265 sententiam
3479 2202 3565 2259 di-.

1978 2326 2185 2367 vmam.

2539 2415 2824 2474 INTERR.
2852 2413 3018 2471 XLV.

1985 2542 2152 2610 Quem
2174 2541 2228 2594 in
2259 2546 2434 2592 locum
2462 2534 2601 2589 Deus
2653 2531 2889 2588 omnium
2934 2527 3216 2584 transtulit
3247 2523 3525 2580 Enochum
3543 2521 3587 2572 θ’

2050 2634 2169 2689 Non
2205 2632 2527 2702 inquirenda
2563 2637 2710 2695 sunt,
2738 2641 2860 2697 quae
2905 2621 3127 2680 silentio
3174 2627 3306 2675 sunt
3342 2615 3567 2680 tradita,

1986 2728 2083 2785 sed
2115 2724 2421 2782 veneranda
2477 2737 2598 2793 quae
2650 2722 2854 2790 scripta
2917 2725 3065 2774 sunt.
3096 2713 3207 2785 Ego
3253 2725 3382 2766 vero
3435 2715 3582 2779 puto.

1988 2820 2157 2875 Deum
2180 2816 2426 2873 omnium
2473 2814 2580 2870 hoc
2608 2811 2824 2875 fecisse,
2849 2809 2914 2866 ad
2941 2805 3312 2864 consolandos
3354 2798 3575 2857 virtutis

1989 2912 2245 2969 athletas.
2278 2911 2416 2965 (lum
2449 2904 2766 2963 cnim-Abel
2797 2903 3013 2974 primus
3064 2898 3295 2971 iustitia:
3337 2894 3579 2957 fructus,

1991 3003 2323 3059 immaturus
2361 2998 2545 3055 adhuc
2566 2995 2829 3051 radicitus
2856 2991 3139 3049 abscissus
3162 2996 3327 3051 esset,
3346 2994 3404 3040 et
3429 2999 3571 3039 non-

304 3093 443 3166 ριξος
491 3094 778 3167 ἐξεκόπη’
808 3096 966 3161 ἐλπὶς
1008 3095 1067 3150 δὲ
1110 3096 1210 3168 τῆς
1275 3097 1630 3157 ἀναστάσεως
1673 3094 1888 3149 οὐδέπω

1991 3095 2123 3155 dum
2149 3090 2573 3150 resurrectionis
2608 3104 2731 3159 spes
2762 3085 3014 3142 homines
3038 3082 3149 3154 58
3173 3078 3572 3139 consolaretur,

303 3165 419 3254 eoi);
443 3165 783 3260 ἀνθρώποιλς
811 3165 1185 3261 ἐψυχαγώγει,
1221 3189 1524 3260 μετέθηκεν
1581 3187 1908 3259 εὐαρεστή-“

1992 3184 2275 3243 transtulit
2300 3182 2549 3238 omnium
2581 3178 2723 3234 Deus
2750 3177 2927 3247 ipsum
2954 3174 3140 3228 Enoch
3192 3170 3296 3226 sibi
3326 3165 3577 3239 gratissi-

305 3296 464 3334 σαντα
492 3279 596 3334 τὸν
643 3278 817 3349 Ἑνὼχ
841 3281 870 3333 ό
894 3278 1001 3332 τῶν
1030 3279 1171 3333 ὅλων
1190 3278 1343 3342 Θεὸς,
1375 3279 1470 3332 καὶ
1501 3278 1603 3349 τῆς
1635 3276 1745 3330 τῶν
1768 3276 1890 3347 θνηο

303 3371 404 3426 τῶν
435 3372 684 3443 ἐχώρισε
716 3373 899 3444 βιοτῆς
922 3389 938 3404 ο
972 3371 1060 3426 ἵνα
1079 3371 1307 3436 ἕκαστος
1328 3370 1441 3425 τῶν
1482 3369 1725 3423 εὐσεϐεῖν
1755 3386 1891 3441 προ-

304 3462 652 3533 αιρουμένων
675 3463 982 3535 λογίζηται,
1016 3457 1104 3517 οἷα
1133 3463 1197 3535 δὴ
1228 3463 1372 3534 λόγῳ
1395 3462 1779 3533 τετιμημένος,
1815 3459 1891 3525 ὡς

303 3553 330 3605 ὁ
357 3554 560 3608 τοῦτον
596 3554 934 3626 τετιμηκὼς,
956 3555 1263 3628 ἀγέραστον
1289 3557 1390 3609 οὐκ
1415 3554 1569 3609 ὲάσει
1586 3555 1678 3608 τὸν
1704 3552 1893 3619 Ἅϐελ,

306 3646 395 3700 ire
444 3647 762 3719 δὴιδίκαιος
782 3647 881 3716 ὢν,
902 3650 997 3704 καὶ
1016 3649 1240 3714 δικαίως
1263 3649 1460 3704 ίθύνων
1482 3650 1552 3703 τὰ
1573 3647 1891 3719 σύμπαντα.

306 3739 517 3793 Τούτου
565 3740 630 3812 δὴ
658 3740 842 3814 χάριν,
889 3742 980 3797 τὸν
1028 3743 1127 3813 μὲν
1168 3742 1427 3814 παρεῖδεν
1475 3739 1895 3812 ἀναιρούμενον,

308 3828 394 3882 τὸν
426 3829 485 3883 δὲ
533 3832 838 3903 μετέθηκεν
864 3847 879 3863 ο
913 3833 1002 3888 ἵνα
1024 3836 1092 3904 τῇ
1124 3834 1428 3905 ἀναῤῥήσει
1462 3833 1528 3903 τῇ
1558 3830 1753 3884 τούτου
1791 3847 1899 3901 μη·

311 3921 444 3994 νύσῃ
498 3922 607 3990 τὴν
649 3924 920 3996 ἐσομένην
968 3926 1286 3980 ἀνάστασιν.
1336 3925 1394 3979 '0
1431 3924 1540 3995 γὰρ
1567 3922 1711 3977 κατὰ
1749 3923 1901 3977 τόνδε

312 4016 400 4069 τὸν
440 4016 565 4087 βίον
603 4018 715 4071 τῶν
747 4018 849 4089 τῆς
866 4018 1071 4090 ἀρετῆς
1097 4018 1176 4090 μὴ
1205 4016 1523 4088 τετυχηκὼς
1552 4016 1897 4084 ἀντιδόσεων,

316 4105 475 4176 δῆλον
520 4107 596 4172 ὡς
627 4109 684 4162 ὲν
722 4109 898 4183 ἑτέρῳ
921 4109 1126 4167 τούτων
1159 4108 1527 4165 ἀπολαύσεται
1550 4108 1672 4180 βίῳ.

924 4310 1122 4366 spor.
1147 4312 1279 4380 MC."
1306 4311 1375 4366 ὀ.

1995 3292 2166 3343 nium,
2207 3287 2442 3344 eumque
2481 3268 2721 3340 seiunxit
2749 3282 2780 3321 a
2822 3264 3134 3320 mortalium
3158 3260 3271 3314 vita
3303 3276 3317 3314 :
3362 3263 3422 3312 ut
3447 3255 3576 3326 qui-

1994 3383 2210 3440 cunque
2242 3367 2331 3438 pie
2375 3365 2557 3421 vivere
2583 3360 2860 3421 statuerit,
2886 3357 2959 3411 ita
2982 3353 3361 3416 ratiocinetur,
3391 3358 3580 3418 utpote

1995 3462 2211 3520 ratione
2248 3458 2530 3530 praeditus,
2587 3470 2715 3510 cum
2775 3453 2919 3508 Deus
2974 3447 3242 3511 omnium,
3274 3442 3369 3514 qui
3395 3441 3583 3513 justus

1996 3564 2102 3621 est,
2146 3561 2202 3609 et
2225 3552 2374 3624 juste
2427 3548 2695 3620 gubernat
2727 3543 3006 3605 universa,
3052 3537 3338 3593 Enochum
3370 3534 3583 3590 honore

1997 3653 2323 3716 prosecutus
2345 3641 2436 3706 sit,
2463 3655 2587 3696 eum
2614 3636 2839 3692 Abelem
2866 3645 3089 3703 quoque
3129 3632 3455 3684 ornamento
3486 3638 3582 3680 ca-

1999 3754 2123 3797 rere
2143 3752 2254 3793 non
2274 3733 2692 3807 permissurum.
2734 3728 2847 3784 Hac
2880 3727 2948 3782 de
2976 3738 3144 3793 causa
3179 3721 3332 3777 illum
3358 3718 3581 3791 quidem

2001 3830 2179 3888 occidi
2232 3825 2498 3900 permisit,
2554 3821 2840 3878 Enochum
2898 3827 3080 3875 autem
3148 3812 3429 3871 transtulit
3475 3819 3588 3865 :ut

2003 3922 2167 3993 hujus
2201 3916 2588 3990 pradicatione
2626 3911 2869 3968 futuram
2929 3910 3195 3966 indicaret
3227 3900 3590 3961 resurrectio-

2004 4030 2149 4069 nem.
2180 4011 2285 4080 Qui
2307 4008 2456 4065 enim
2486 4007 2543 4062 in
2577 4006 2681 4060 hac
2712 4003 2819 4059 vita
2846 4000 3065 4058 virtutis
3089 3994 3587 4052 remunerationem

2003 4121 2115 4162 non
2150 4103 2317 4160 fuerit
2338 4101 2589 4173 adeptus,
2618 4097 2768 4167 illam
2798 4096 2854 4152 in
2876 4095 3051 4152 altera
3082 4091 3191 4147 vita
3224 4096 3374 4146 certo
3397 4100 3594 4144 conse-

2008 4204 2226 4269 quetur.

2548 4303 2828 4362 INTERB.
2868 4300 3051 4359 XLVI.

321 4422 387 4475 Τί
421 4421 505 4491 δὴ
541 4422 651 4478 τοῦ
691 4424 868 4507 Ἇδᾲμ
907 4426 1346 4507 Δτ’ρέιαρτηκότρς
1382 4425 1565 4479 ’Ἅϐελ
1600 4427 1633 4480 ὁ
1673 4424 1908 4492 δίκαιος

2016 4423 2215 4490 Quare,
2254 4436 2375 4476 cum
2427 4419 2601 4474 Adam
2655 4414 3169 4507 peccassenjuslus
3221 4408 3350 4464 Abel
3392 4406 3599 4476 primus

791 4496 1152 4563 ἐτελεύτησε
1180 4496 1413 4563 πρῶτος
1437 4511 1457 4560 ;

322 4617 329 4623 -
394 4584 608 4656 Σαθρόν
651 4585 930 4657 ἠϐουλήθη
976 4589 1005 4641 ό
1045 4586 1178 4651 Θεὸς
1221 4585 1479 4656 γενέσθαι
1504 4584 1597 4639 τὸν
1620 4584 1716 4640 τοῦ
1742 4584 1911 4640 θανά-

324 4693 423 4730 του
460 4677 734 4747 θεμέλιον.
779 4678 842 4732 El
868 4680 979 4749 γάρ
1018 4680 1194 4750 Ἀδὰμ
1236 4679 1506 4752 πρότερος
1528 4679 1913 4750 ἐτελεύτησεν,

326 4768 491 4840 ἔσχεν
540 4769 608 4826 ἂν
652 4773 861 4834 ἐκεῖνος
890 4772 1118 4843 ἰσχυρὰν
1146 4773 1245 4844 τὴν
1282 4773 1547 4845 κρηπῖδα,
1578 4772 1797 4844 πρῶτον
1834 4788 1919 4826 νε-

329 4862 467 4933 κρὸν
491 4864 582 4917 τὸν
611 4865 976 4936 ἡμαρτηκότα
998 4855 1310 4937 δεξάμενος.
1358 4864 1578 4937 Ἐπειδὴ
1610 4863 1667 4918 δὲ
1689 4862 1779 4918 τὸν
1794 4862 1912 4919 ἀδί-

408 5049 441 5090 ⁴ι
477 5041 610 5097 Gen.
640 5058 715 5108 tv,
739 5041 833 5096 23.

1941 4502 1992 4563 ι)
2021 4486 2054 4490 Ἰ
2202 4486 2208 4488 ’
2612 4486 2853 4543 mortuus
2893 4486 3008 4541 est?

2018 4604 2029 4633 :
2091 4586 2277 4642 Debile
2302 4584 2471 4641 voluit
2499 4582 2644 4638 Deus
2679 4596 2800 4638 esse
2854 4577 3061 4635 mortis
3082 4573 3525 4631 fundamentum.
3545 4568 3601 4622 Si

2021 4678 2167 4735 enim
2203 4677 2377 4733 Adam
2423 4674 2573 4748 prior
2631 4672 2883 4737 obiisset,
2940 4667 3187 4723 firmiore
3245 4662 3603 4719 fundamento

2022 4784 2173 4825 mors
2230 4768 2521 4832 niteretur,
2564 4765 2802 4837 primum
2834 4769 3115 4817 mortuum
3167 4755 3450 4826 excipiens
3478 4766 3603 4823 pec-

2013 4870 2278 4918 catorem.
2309 4858 2451 4929 Quia
2496 4872 2627 4915 vero
2669 4855 2903 4928 primum
2943 4849 3151 4923 recepit
3195 4862 3348 4914 eum,
3388 4844 3486 4917 qui
3517 4843 3604 4899 in-

1201 5191 1437 5248 VARLE
1487 5183 2012 5247 LECTIONES'EX
2066 5185 2340 5246 CATENA
2371 5182 2732 5243 LlPSlENSl.

429 5355 473 5392 "
493 5359 735 5429 Quaestio
762 5359 834 5416 46
860 5360 969 5417 alio
998 5359 1188 5415 ordine
1213 5358 1432 5430 ponitur
1456 5357 1512 5411 in
1538 5363 1646 5412 cat.
1687 5366 1743 5422 p.
1780 5354 1903 5410 ΗΟ.

1864 5509 2094 5567 NOTAE.

431 5675 538 5747 (41)
574 5680 640 5733 Ol
662 5676 935 5747 ἐκείνων.
968 5675 1135 5747 Abest
1155 5690 1184 5728 a
1211 5675 1330 5747 cod.
1361 5684 1414 5730 ct
1434 5675 1562 5732 edit.
1589 5673 1721 5729 Pici.

434 5745 542 5819 (42)
568 5748 705 5805 Cod.
747 5755 804 5803 cl.
844 5745 963 5801 Pic.
989 5745 1108 5799 κατ’
1134 5745 1318 5800 αὑτοῦ.

2118 5666 2228 5738 (45)
2265 5667 2398 5722 Cod.
2448 5675 2500 5721 et
2530 5662 2644 5717 Pic.
2675 5655 3048 5731 μετατέθεικι.
