4038 6210
397 235 494 302 147

1375 238 1869 303 TI-IEODORETI
1919 239 2259 300 EPISCOPI
2310 237 2677 306 CYRENSIS

3557 232 3665 301 148

387 355 532 424 iuste
576 351 791 409 occisus
835 357 974 418 erat,
1027 349 1252 406 dubium
1322 351 1734 408 fuiniamentum
1785 351 1967 408 habet.

2082 369 2186 416 κως
2227 351 2573 424 ἀνῃρημένον
2617 349 2839 416 ἐδέξατο
2887 347 3128 421 πρῶτον,
3168 348 3439 421 σφαλερὸν
3470 347 3531 401 τὸ
3562 347 3662 402 θε-

900 544 1179 601 lNTERR.
1208 544 1420 605 XLVII.

644 659 916 728 Quanam
950 659 1121 716 Moses
1162 660 1363 715 vocavit
1398 660 1542 730 ﬁlios
1570 658 1662 714 Dei
1686 660 1713 713 7

459 772 693 842 Quidam
737 773 902 830 nimis
973 773 1176 844 stupidi
1229 781 1284 828 et
1339 773 1521 829 stolidi
1586 771 1973 828 existimarunt

393 884 486 926 eos
518 868 742 940 angelos
771 882 913 930 esse.
939 875 1195 938 putantes
1243 882 1356 924 suae
1385 869 1567 922 forsan
1605 866 1972 936 intemperan-

393 963 482 1018 tiae
515 962 879 1033 patrocinium
940 975 1001 1017 se
1039 961 1345 1024 habituros,
1390 959 1434 1013 si
1469 958 1692 1028 angelos
1725 958 1968 1028 ejusdem

391 1055 640 1112 criminis
670 1069 795 1111 reos
816 1062 1083 1110 tenerent.
1111 1053 1405 1124 Oportebat
1429 1061 1608 1107 autem
1637 1066 1731 1107 eos
1753 1052 1972 1108 audisse

394 1149 566 1203 Deum
625 1148 872 1202 omnium
929 1148 1004 1201 ita
1059 1146 1328 1200 dicentem
1364 1159 1378 1196 :
1417 1163 1437 1196 ι
1471 1142 1588 1198 Non
1633 1143 1973 1214 permanebit

398 1242 637 1313 Spiritus
671 1255 824 1296 meus
870 1239 924 1294 in
951 1238 1270 1294 hominibus
1301 1237 1409 1291 illis
1437 1237 1490 1290 in
1525 1247 1811 1300 aeternum,
1844 1237 1972 1307 quia

395 1349 590 1389 carnes
623 1340 770 1388 sunt.
797 1329 971 1384 Erunt
999 1339 1181 1383 autem
1213 1328 1331 1384 dies
1381 1328 1598 1382 illorum
1642 1337 1859 1383 centum
1889 1329 1973 1381 ri—

395 1426 531 1496 ginti
566 1424 777 1488 anni';
808 1441 827 1475 ι
861 1433 914 1477 et
963 1421 1090 1476 inde
1131 1421 1442 1492 perspicere
1492 1431 1740 1476 naturam
1796 1421 1975 1476 incor-

393 1531 616 1586 poream
651 1528 842 1569 carnes
897 1527 1010 1567 non
1060 1511 1280 1573 habere,
1315 1527 1493 1581 neque
1544 1513 1768 1582 angelos
1802 1511 1973 1565 vitam

394 1607 595 1664 habere
622 1615 864 1675 tempore
893 1604 1168 1659 deﬁnitam
1209 1622 1224 1660 :
1255 1603 1595 1660 immortales
1635 1605 1781 1659 enim
1805 1604 1974 1659 creati

2075 445 2262 518 μέλιον
2304 446 2439 517 ἔχει.

2685 561 2886 616 ΕΡΩΤ.
2913 561 3048 614 ΜΖ’.

2179 678 2354 744 Τίνας
2374 676 2544 743 υἱοὺς
2571 675 2680 731 τοῦ
2706 675 2854 730 Θεοῦ
2892 673 3204 740 κέκληκεν
3233 672 3265 724 ὁ
3291 669 3553 737 Μωσῆς-ε

2154 789 2548 862 Ἐμϐρόντητοί
2589 804 2735 851 τινες
2781 786 2877 840 καὶ
2921 785 3061 854 ἄγαν
3117 784 3338 855 ἠλίθιοι,
3389 784 3662 852 ἀγγέλους

2069 883 2294 947 τούτους
2324 882 2616 947 ὑπέλαϐον,
2649 880 2749 950 τῆς
2795 879 3003 942 οἰκείας
3043 878 3174 941 ἴσως
3200 877 3498 939 ἀκολασίας
3522 878 3665 929 ἀποα-

2069 975 2255 1045 λογίαν
2283 975 2508 1045 σχήσειν
2549 972 2870 1044 ἡγούμενοι,
2917 971 2966 1024 εί
3003 958 3111 1024 τῶν
3151 968 3402 1038 ἀγγέλων
3436 965 3661 1021 τοιαῦτα

2070 1073 2430 1141 κατηγοροῖεν
2450 1067 2676 1121 ⁸⁷.Ἔδει
2697 1066 2752 1119 δὲ
2779 1065 2973 1128 αὐτοὺς
3005 1061 3236 1116 ἀκοῦσαι
3268 1061 3362 1115 τοῦ
3390 1059 3525 1113 Θεοῦ
3556 1061 3664 1115 τῶν
3720 1119 3730 1126 ,

2071 1164 2208 1218 ὅλων
2227 1163 2478 1231 λέγοντος
2501 1175 2514 1192 ⁶
2547 1179 2565 1211 ι
2603 1158 2676 1214 Οὐ
2705 1157 2778 1229 μὴ
2810 1156 3115 1227 καταμείνῃ
3141 1152 3203 1208 τὸ
3225 1152 3452 1224 Πνεῦμα
3480 1168 3580 1222 μου
3606 1153 3665 1204 ὲν

2071 1258 2184 1318 τοῖς
2235 1253 2548 1323 ἀνθρώποις
2589 1250 2802 1312 τούτοις
2853 1250 2932 1312 είς
2967 1248 3059 1302 τὸν
3085 1246 3280 1309 αίῶνα,
3313 1243 3403 1297 διὰ
3422 1243 3490 1296 κδ
3523 1239 3665 1297 εἶναι

2073 1343 2272 1405 αὐτοὺς
2305 1342 2515 1412 σάρκας
2534 1357 2547 1369 ·
2578 1338 2790 1392 ἔσονται
2814 1337 2870 1391 δὲ
2897 1338 2954 1390 αἱ
2979 1336 3185 1408 ἡμέραι
3211 1335 3393 1389 αὐτῶν
3416 1333 3511 1406 ἔτη
3532 1333 3666 1386 ἑκα-

2071 1435 2164 1488 τὸν
2194 1433 2368 1486 εἴκοσι
2395 1448 2411 1462 ο
2454 1449 2473 1483 ι
2502 1430 2596 1484 καὶ
2631 1427 2864 1483 συνιδεῖν
2897 1425 3172 1491 ἐντεῦθεν,
3197 1425 3274 1489 ὡς
3298 1422 3424 1478 οὔτε
3450 1423 3667 1493 σάρκας

2073 1525 2186 1597 ἔχει
2215 1523 2324 1578 τῶν
2359 1522 2669 1594 ἀσωμάτων
2703 1522 2737 1592 ὴ
2771 1519 2958 1590 φύσις,
2988 1517 3114 1572 οὕτε
3162 1518 3340 1588 χρόνῳ
3369 1515 3524 1589 ῥητῷ
3563 1533 3666 1568 τιςε⁸

2077 1614 2450 1688 ριωρισμένην
2483 1612 2668 1683 ἔχουσι
2713 1610 2814 1682 τὴν
2851 1610 3036 1682 ζωήν·
3073 1608 3334 1663 ἀθάνατοι
3372 1609 3482 1678 γὰρ
3519 1607 3640 1661 ὲκτί

393 1708 541 1755 sunt.
576 1696 642 1752 Et
674 1713 796 1768 qua:
827 1706 1152 1766 sequuntur,
1177 1697 1278 1752 sub
1305 1696 1550 1751 eamdem
1604 1695 1713 1767 59
1754 1706 1973 1751 senten—

2082 1710 2301 1779 σθησαν.
2349 1706 2462 1761 Καὶ
2506 1705 2576 1758 τὰ
2614 1704 2743 1770 ἑξῆς
2780 1702 2838 1756 δὲ
2878 1701 2977 1773 τὴν
3021 1700 3193 1772 αὐτὴν
3229 1699 3342 1770 ἔχει
3373 1699 3618 1753 διάνοιαν
3647 1709 3664 1726 ⁶

393 1793 522 1847 tiam
547 1793 745 1846 cadunt
771 1809 784 1844 :
822 1790 1056 1846 «Videris
1082 1790 1248 1850 enim,
1274 1789 1468 1858 inquit.
1495 1789 1759 1844 Dominus
1785 1788 1926 1845 Deus
1955 1805 1969 1842 :

393 1885 539 1956 quod
574 1885 858 1954 completa:
915 1885 1139 1938 essent‘
1169 1883 1423 1952 nequitiae
1480 1883 1760 1938 hominum
1811 1899 1976 1954 super

393 1990 618 2042 terram,
662 1986 718 2032 et
764 1977 908 2048 quod
973 1976 1352 2046 unusquisque
1404 1977 1553 2031 omni
1621 1986 1866 2046 tempore
1919 1976 1974 2030 in

396 2069 564 2126 corde
596 2085 696 2126 suo
730 2070 970 2124 intentus
1003 2076 1147 2125 esset
1170 2069 1237 2123 ad
1273 2070 1435 2135 mala,
1485 2069 1741 2139 paenituit
1782 2067 1972 2135 Deum,

395 2163 541 2231 quod
573 2161 789 2218 fecisset
821 2162 1095 2217 hominem
1121 2176 1286 2230 super
1311 2169 1533 2216 terram.
1552 2161 1617 2215 Et
1636 2161 1772 2215 dixit
1793 2161 1972 2217 Deus:

400 2254 602 2308 Delebo
641 2254 914 2308 hominem
959 2269 1122 2323 quem
1156 2253 1280 2316 feci,
1324 2269 1352 2308 a
1415 2253 1555 2308 facie
1582 2261 1760 2316 terra},
1787 2252 1855 2306 ab
1881 2253 1978 2306 ho-

397 2346 546 2401 mine
569 2362 742 2417 usque
769 2347 835 2402 ad
870 2361 1055 2416 pecus.
1077 2357 1129 2402 et
1161 2362 1191 2402 a
1216 2345 1497 2416 reptilibns
1528 2359 1700 2413 usque
1731 2343 1798 2398 ad
1825 2343 1976 2398 vola-

398 2438 514 2492 tilia
537 2438 684 2501 cmli,
726 2438 854 2507 quia
879 2439 1106 2508 pmnitet
1135 2453 1241 2500 me,
1275 2438 1418 2506 quod
1453 2436 1671 2491 fecerint
1702 2435 1850 2505 ipsos
1873 2436 1970 2490 τ’.»

400 2529 466 2585 Et
488 2529 589 2599 ipsi
631 2529 745 2586 Noe
767 2530 906 2586 dixit
939 2531 1135 2585 iterum
1179 2545 1195 2582 :
1231 2546 1250 2582 ι
1281 2529 1433 2586 Finis
1469 2531 1742 2585 universae
1791 2529 1979 2584 carnis

398 2624 549 2694 venit
577 2637 760 2678 coram
794 2638 900 2679 me.
942 2622 1081 2690 Quia
1114 2623 1316 2693 repleta
1357 2631 1441 2678 est
1489 2631 1632 2677 terra
1693 2622 1979 2691 iniquitate

397 2715 670 2788 ipsorum,
699 2731 826 2774 ecce
853 2717 1107 2788 disperdo
1136 2729 1252 2780 eos,
1287 2725 1341 2771 et
1367 2725 1566 2770 terram
1589 2721 1636 2768 ⁸.
1659 2733 1678 2765 ι
1717 2715 1840 2769 Ilaec
1873 2714 1979 2768 uti-

397 2823 508 2881 que
533 2809 714 2865 omnia
774 2811 1014 2865 indicant
1070 2809 1320 2864 hemines
1357 2817 1478 2863 eSse
1526 2807 1617 2876 qui
1669 2808 1830 2860 vitam
1868 2807 1980 2860 ini-

397 2914 565 2972 quam
593 2900 827 2971 amplexi
879 2911 1026 2956 sunt.
1064 2900 1219 2967 Quod
1256 2900 1302 2955 si
1355 2899 1529 2970 angeli
1563 2899 1776 2954 ﬁliabus
1801 2899 1982 2953 homi-

397 3008 528 3047 num
566 2991 809 3062 permisti
841 2999 1044 3056 essent,
1101 2991 1352 3045 homines
1412 2990 1482 3043 ab
1532 2989 1741 3059 angelis
1793 2995 1980 3044 essent

397 3081 600 3153 injuria
642 3083 843 3149 aﬂ‘ccti,
879 3083 1006 3154 quia
1057 3083 1109 3136 vi
1156 3083 1349 3137 horum
1387 3080 1526 3137 ﬁlias
1579 3081 1975 3152 corrupissent.
2009 3074 2050 3131 C

397 3176 658 3246 Iniuriam
696 3191 916 3247 quoque
974 3175 1122 3246 passi
1178 3183 1362 3228 essent
1407 3190 1435 3228 a
1477 3173 1587 3228 Deo
1622 3181 1887 3235 creatore,
1915 3187 1983 3228 eo

400 3269 546 3337 quod
578 3283 676 3338 pro
705 3269 934 3340 angelis,
957 3267 1049 3337 qui
1073 3266 1351 3322 libidinosi
1385 3266 1622 3331 fuerant,
1659 3267 1762 3335 ipsi
1808 3267 1979 3336 puniti

400 3369 604 3414 essent.
638 3355 840 3413 Verum
901 3357 1037 3422 haec,
1080 3366 1138 3412 ut
1168 3356 1426 3423 arbitror,
1467 3373 1535 3410 ne
1565 3365 1718 3427 pater
1759 3356 1982 3424 quidem

403 3449 674 3505 mendacii
720 3450 899 3505 dicere
931 3448 1176 3506 auderet.
1221 3448 1402 3504 Multis
1446 3448 1589 3502 enim
1617 3448 1802 3504 docuit
1827 3461 1983 3503 sacra

405 3541 685 3612 Scriptura
728 3551 842 3597 tum
896 3541 1148 3597 homines
1193 3540 1513 3610 deliquisse,
1555 3549 1670 3595 tum
1718 3542 1982 3597 adversus

403 3649 500 3691 eos
524 3633 762 3690 divinam
819 3636 1139 3691 sententiam
1190 3647 1312 3690 esse
1342 3629 1528 3688 latam.
1567 3631 1836 3689 Ceterum
1869 3634 1984 3703 ple-

403 3729 564 3800 rique
589 3727 795 3784 idcirco
822 3728 876 3782 in
927 3728 1284 3799 ignorantiam
1316 3726 1586 3794 incidunt,
1624 3727 1771 3793 quod
1830 3727 1981 3783 Scri-

404 3825 620 3890 pturam
648 3815 890 3874 divinam
936 3821 1234 3875 oscitanter
1264 3819 1466 3890 legant.
1503 3817 1637 3874 Nam
1692 3830 1818 3874 cum
1855 3834 1983 3874 natu

404 3923 581 3969 rasset
607 3909 807 3978 Moses,
831 3914 1106 3984 quomodo
1132 3913 1260 3969 Setb
1290 3926 1355 3968 ex
1383 3914 1590 3968 Adamo
1621 3921 1782 3968 natus
1816 3922 1981 3978 esset,-

404 4021 471 4063 ex
507 4000 634 4062 Setb
664 4019 846 4062 autem
902 4005 1071 4073 En-os,
1102 4005 1386 4076 subiunxit
1420 4025 1433 4061 :
1471 4026 1492 4059 ι
1515 4006 1606 4061 Ille
1632 4007 1871 4077 speravit
1901 4006 1985 4060 in-

405 4107 605 4154 vocare
657 4095 770 4170 eo
806 4111 1003 4154 nomen
1045 4091 1258 4152 Domini
1308 4095 1406 4153 Dei
1430 4099 1472 4149 ι.
1497 4113 1515 4150 ι
1559 4099 1716 4165 Quod
1759 4097 1982 4170 quidem

403 4194 602 4264 Aquila
627 4193 1013 4264 interpretatus
1030 4201 1114 4249 est
1136 4193 1232 4248 sic.
1275 4211 1294 4244 ι
1321 4193 1475 4248 Tunc
1497 4204 1731 4264 coeptum
1759 4203 1842 4249 est
1885 4207 1983 4248 vos

402 4285 516 4341 cari
543 4285 764 4340 nomine
801 4284 1035 4339 Domini.
1063 4303 1083 4337 ι
1129 4284 1450 4340 Subindicat
1472 4295 1651 4340 autem
1670 4300 1849 4341 sermo
1871 4285 1980 4351 ille,

2088 1821 2108 1854 t
2146 1799 2291 1855 Ἰδὼν
2321 1800 2453 1871 γὰρ,
2481 1798 2637 1869 φησὶ,
2675 1796 2882 1867 Κύριος
2912 1795 2942 1847 ὁ
2963 1793 3117 1858 Θεὸς,
3145 1793 3227 1847 ὅτι
3253 1791 3669 1864 ὲπληθύνθησαν

2081 1894 2137 1947 αἱ
2183 1891 2373 1946 κακίαι
2419 1890 2530 1944 τῶν
2577 1887 2882 1959 ἀνθρώπων
2927 1887 3021 1938 ἐπὶ
3049 1885 3146 1955 τῆς
3168 1887 3293 1956 γῆς,
3321 1885 3417 1938 καὶ
3442 1886 3550 1947 πᾶς
3583 1901 3668 1948 τις

2079 1987 2370 2042 διανοεῖται
2397 1985 2453 2037 ὲν
2487 1984 2554 2053 τῇ
2587 1981 2788 2052 καρδίᾳ
2832 1978 2999 2032 αὑτοῦ
3042 1978 3323 2048 ἐπιμελῶς
3347 1979 3443 2032 ἐπὶ
3464 1979 3534 2032 τὰ
3569 1995 3669 2032 πο-

2081 2080 2223 2152 νηρὰ
2258 2077 2438 2142 πάσας
2461 2075 2561 2139 τὰς
2592 2074 2809 2147 ἡμέρας
2833 2069 2967 2143 (46),
2996 2071 3092 2126 καὶ
3126 2070 3437 2141 ἐνεθυμήθη
3461 2073 3490 2123 ὁ
3510 2069 3666 2134 Θεὸς,

2082 2173 2163 2226 ὅτι
2197 2171 2422 2240 ἐποίησε
2462 2168 2553 2221 τὸν
2584 2167 2874 2237 ἄνθρωπον
2903 2164 2995 2218 ἐπί
3031 2163 3131 2233 τῆς
3161 2163 3288 2232 γῆς.
3325 2164 3437 2216 Καὶ
3467 2157 3622 2214 εἶπεν
3641 2162 3672 2216 ὁ

2082 2263 2235 2328 Θεὸς,
2261 2260 2546 2331 ἀπαλείψω
2560 2257 2651 2312 τὸν
2673 2257 2960 2328 ἄνθρωπον
2987 2255 3044 2308 ὃν
3080 2254 3313 2324 ἐποίησα
3357 2253 3465 2306 ἀπὸ
3493 2268 3670 2322 προσ-

2083 2355 2236 2410 ώπου
2262 2355 2362 2424 τῆς
2387 2353 2514 2422 γῆς,
2560 2352 2668 2406 ἀπὸ
2690 2348 2980 2421 ἀνθρώπου
3010 2347 3116 2410 ἕως
3141 2347 3395 2418 κτήνους,
3437 2345 3530 2398 καὶ
3561 2343 3672 2397 ἀπὸ

2083 2443 2330 2516 ἑρπετῶν
2362 2443 2466 2505 ἕως
2521 2439 2785 2494 πετεινῶν
2814 2437 2911 2492 τοῦ
2971 2436 3224 2507 οὐρανοῦ,
3278 2436 3361 2489 ὅτι
3403 2434 3672 2489 ἑνεθυπά-

2084 2530 2182 2607 θην
2205 2534 2316 2606 (45)
2346 2534 2426 2588 ὅτι
2463 2532 2696 2603 ἐποίησα
2740 2529 2958 2595 αὐτούς.
2999 2549 3018 2583 ι
3054 2530 3166 2583 Kal
3216 2527 3297 2600 τῷ
3349 2527 3474 2580 Νῶε
3503 2525 3674 2580 πάλιν

2083 2628 2209 2698 ἔφη·
2269 2646 2287 2679 ι
2316 2625 2524 2696 Καιρὸς
2561 2625 2762 2688 παντὸς
2795 2622 3089 2694 ἀνθρώπου
3112 2623 3239 2693 ἥκει
3259 2621 3502 2675 ἐναντίον
3527 2636 3627 2689 μου
3649 2634 3667 2649 ·

2083 2724 2165 2777 ὅτι
2189 2718 2436 2792 ἐπλήσθη
2462 2719 2494 2791 ἡ
2520 2719 2590 2790 γῆ
2624 2719 2839 2782 ἀδικίας
2869 2719 2964 2772 ἀπ’
2994 2716 3174 2771 αὐτῶν
3199 2731 3215 2748 ο
3248 2715 3346 2769 καὶ
3375 2713 3486 2767 ίδοῖι
3505 2729 3673 2766 κατα-

2085 2811 2291 2884 φθείρω
2322 2813 2541 2875 αὐτοὺς,
2573 2812 2668 2866 καὶ
2705 2812 2807 2884 τὴν
2835 2813 2958 2882 γῆν.
3000 2827 3019 2862 ι
3056 2807 3244 2863 Ταῦτα
3273 2807 3331 2861 δὲ
3367 2806 3546 2860 πάντα
3571 2806 3670 2858 ἀνί

2086 2904 2336 2977 θρώπους
2365 2899 2504 2959 εἶναι
2527 2904 2697 2972 δηλοῖ,
2729 2903 2856 2966 τοὺς
2893 2902 2988 2955 τὸν
3027 2900 3352 2973 παράνομον
3393 2897 3509 2968 βίον
3535 2897 3674 2967 ἠγα-

2085 2997 2352 3066 πηκότας.
2390 2995 2453 3050 El
2482 2995 2539 3049 δὲ
2565 2993 2790 3064 ἄγγελοι
2839 2995 2959 3057 ταῖς
2992 2990 3101 3046 τῶν
3127 2990 3436 3062 ἀνθρώπιον
3471 2984 3670 3057 ἐπεμί-

2084 3103 2260 3157 γησαν
2282 3087 2642 3158 θυγατράσιν,
2676 3087 2964 3158 ἠδίκηνται
2998 3087 3049 3138 οί
3080 3084 3361 3154 ἄνθρωποι
3391 3079 3543 3153 παρὰ
3559 3079 3672 3134 τῶν

2084 3179 2339 3248 ἀγγέλων
2367 3197 2383 3210 ·
2419 3179 2512 3249 βία
2554 3179 2664 3250 γὰρ
2712 3178 2959 3249 δηλονότι
2997 3177 3096 3240 τὰς
3128 3175 3334 3229 τούτων
3363 3172 3672 3243 θυγατέρας

2083 3272 2404 3342 διέφθειραν
2424 3285 2438 3300 ⁸
2467 3271 2757 3342 ἠδίκηνται
2788 3271 2844 3324 δὲ
2872 3271 2967 3324 καὶ
2999 3268 3150 3339 παρὰ
3177 3267 3271 3321 τοῦ
3303 3265 3674 3336 πεποιηκότος

2083 3364 2244 3430 Θεοῦ,
2273 3363 2413 3435 ὑπὲρ
2444 3364 2692 3433 ἀγγέλων
2712 3362 3154 3432 λελαγνευκότων
3189 3359 3344 3414 αὐτοὶ
3367 3357 3481 3429 (46)
3507 3357 3672 3410 κολα·-

2085 3455 2324 3528 ζὸμενοι.
2360 3455 2522 3510 Ἀλλὰ
2569 3455 2746 3510 ταῦτα
2789 3455 2910 3508 οὐδὲ
2958 3452 3124 3508 αὑτὸν
3171 3451 3286 3521 (47)
3319 3446 3474 3521 οἶμαι
3500 3447 3671 3517 φάναι

2082 3547 2356 3619 τολμῆσαι
2382 3547 2473 3602 τὸν
2506 3548 2602 3602 τοῦ
2626 3546 2857 3618 ψεύδους
2891 3548 3125 3617 πατέρα.
3165 3544 3264 3598 Διὰ
3304 3540 3515 3597 πολλῶν
3560 3539 3670 3614 γὰρ

2084 3639 2326 3704 ἐδίδαξεν
2351 3641 2386 3711 ἡ
2403 3639 2522 3693 θεία
2547 3640 2764 3711 Γραφὴ,
2797 3639 2892 3693 καὶ
2909 3636 3233 3709 ἀνθρώπους
3248 3623 3664 3706 ἡμαρτηκέναι,

2085 3733 2181 3787 καὶ
2231 3733 2354 3786 κατ’
2402 3732 2708 3804 ἀνθρώπων
2759 3733 2860 3803 τὴν
2911 3731 3060 3785 θείαν
3088 3727 3439 3802 ἐξενηνέχθαι
3464 3726 3665 3798 ψῆφον.

2086 3826 2238 3878 Ποιεῖ
2269 3824 2328 3878 δὲ
2355 3827 2464 3888 τοῖς
2495 3825 2711 3887 πολλοῖς
2745 3825 2845 3896 τὴν
2864 3825 3089 3893 ἄγνοιαν
3121 3823 3182 3877 τὸ
3212 3821 3510 3893 παρέργως
3535 3820 3670 3873 ἀνα-

2085 3915 2374 3985 γινώσκειν
2405 3916 2504 3988 τὴν
2526 3915 2674 3970 θείαν
2702 3917 2943 3989 Γραφήν.
2970 3915 3221 3987 Εἰρηκὼς
3238 3913 3348 3986 γὰρ
3369 3914 3396 3966 ὁ
3425 3927 3667 3983 συγγρα-

2087 4007 2242 4077 φεὺς,
2291 4006 2439 4070 ὅπως
2490 4009 2554 4059 ὲκ
2597 4006 2695 4078 μὲν
2722 4007 2817 4060 τοῦ
2867 4007 3036 4076 Ἀδὰμ
3069 4008 3096 4059 ὁ
3135 4003 3242 4075 Σὴθ
3277 4004 3562 4074 ἐγεννήθη,
3603 4002 3668 4055 ὲκ

2084 4099 2144 4152 δὲ
2175 4098 2270 4152 τοῦ
2321 4097 2430 4169 Σὴθ
2461 4101 2490 4152 ὁ
2529 4099 2715 4165 Ἐνώς,
2758 4099 3120 4170 προσέθηκεν,
3156 4115 3175 4148 ι
3212 4089 3383 4158 Οὗτος
3437 4095 3667 4165 ῆλπισεν

2085 4189 2463 4244 ἐπικαλεῖσθαι
2498 4190 2558 4244 τὸ
2581 4191 2752 4260 ὄνομα
2787 4189 2991 4260 Κυρίου
3015 4187 3109 4240 τοῦ
3140 4186 3274 4239 Θεοῦ
3297 4183 3433 4254 (48).
3469 4202 3488 4234 ι
3524 4181 3581 4236 ὐ
3609 4181 3666 4234 δὲ

2098 4279 2514 4344 Ἀκύλαςοῦτως
2537 4281 2696 4334 τοῦτο
2720 4281 3086 4350 ἡρμήνευσεν,
3129 4295 3149 4328 ι
3185 4276 3318 4328 Τότε
3371 4273 3550 4345 ἧρχθη
3571 4268 3665 4324 τοῦ

401 4379 547 4449 quod
573 4385 795 4449 propter
824 4378 1074 4449 pietatem
1104 4377 1314 4448 primus
1354 4378 1443 4433 hic
1467 4377 1707 4432 divinam
1733 4378 1974 4448 appella-

2086 4372 2366 4426 καλεῖσθαι.
2397 4372 2476 4444 τῷ
2506 4373 2734 4442 ὀνόματι
2763 4371 2872 4444 (49)
2910 4371 3120 4442 Κυρίου
3144 4385 3160 4402 ·
3195 4387 3214 4421 ι
3234 4367 3532 4421 αἰνίττεται
3561 4364 3616 4417 δὲ
3635 4365 3667 4417 ὁ

402 4472 604 4526 tionem
636 4471 864 4526 sortitus
889 4478 992 4534 est,
1020 4478 1076 4524 et
1103 4485 1132 4523 a
1162 4469 1409 4541 cognatis
1437 4479 1660 4525 vocatus
1680 4478 1762 4524 est
1791 4469 1934 4524 Deus
1959 4485 1972 4522 :

403 4560 550 4614 unde
581 4569 632 4614 et
666 4561 761 4632 qui
781 4576 849 4616 ex
886 4569 956 4616 eo
984 4559 1100 4615 nati
1125 4567 1277 4622 sunt,
1322 4559 1499 4614 vocati
1547 4567 1676 4614 sunt
1706 4557 1809 4628 ﬁlii
1834 4557 1977 4613 Dei:

479 4683 502 4713 ι’
525 4671 662 4729 Gen.
685 4689 758 4738 vr,
791 4673 845 4730 5.
923 4675 980 4715 ³⁸
1004 4675 1164 4741 ibid.,
1192 4673 1306 4731 5-7.

2087 4465 2263 4534 λόγος,
2299 4465 2374 4528 ὡς
2405 4465 2495 4518 διὰ
2517 4465 2617 4535 τὴν
2639 4463 2924 4517 εὐσέϐειαν
2939 4456 3096 4526 οὗτος
3136 4461 3354 4532 πρῶτος
3380 4458 3481 4529 τῆς
3515 4457 3666 4520 θείας

2089 4556 2466 4628 προσηγορίας
2501 4555 2793 4628 τετύχηκε,
2827 4555 3058 4611 καὶὺπὸ
3086 4554 3194 4608 τῶν
3222 4551 3502 4623 συγγενῶν
3527 4548 3665 4602 ὠνο-

1385 4683 1407 4712 σ
1443 4671 1600 4739 ibid.,
1633 4672 1719 4728 i3.
1801 4673 1818 4710 ί
1848 4671 1985 4729 Gen.
2017 4687 2091 4740 tv,
2122 4670 2212 4727 26.

1253 4781 1487 4847 VARIIE
1530 4787 1915 4846 LECTIONES
1969 4789 2064 4844 EX
2116 4785 2393 4846 CATENA
2425 4779 2790 4842 LIPSIENSI.

475 4875 523 4913 "
544 4875 664 4936 Cat.
697 4893 750 4938 ο.
779 4877 902 4949 127,
923 4881 973 4936 εί
996 4879 1106 4939 τῶν
1124 4915 1196 4926 -
1219 4886 1576 4956 κατηγοροῖεν
1615 4897 1727 4940 o‘m.

1920 4976 2153 5033 NOTAE.

477 5061 592 5131 (44)
626 5059 900 5129 Ἡμέρας.
926 5059 1062 5118 Cod.
1087 5064 1382 5136 ἁμαρτίας.
1425 5065 1604 5123 Minus
1641 5068 1797 5123 bene.

477 5150 592 5218 (i5)
644 5147 1078 5218 Ἐνεθυμήθην.
1115 5151 1422 5207 Secundum
1457 5155 1744 5209 lectionem
1777 5155 1981 5212 codicis

404 5217 656 5274 Vaticani
683 5217 1120 5278 :Alexandrinus
1141 5230 1322 5276 autem
1352 5223 1534 5292 habet,
1560 5224 1868 5295 ἐθυμώοην.

482 5306 882 5384 (δῷ-Λελαγνε
919 5309 1111 5384 αὐτοί.
1145 5308 1287 5384 _Cod.
1323 5309 1764 5384 λελατρευκότων
1798 5312 1974 5368 αὐτοί.

408 5373 524 5432 Pic.
552 5373 994 5449 λελατρευκότων
1029 5378 1199 5449 αὐτῷ.

483 5466 596 5538 (47)
625 5466 779 5522 Οὐδὲ
807 5469 1016 5524 αὐτόν.
1051 5467 1184 5522 Cod.
1224 5477 1279 5523 et
1309 5466 1426 5522 Pic.
1457 5471 1626 5526 οὐδέν.

410 5623 422 5635 ο
480 5555 594 5637 (48)
619 5550 807 5621 Οὗτος
823 5556 1003 5636 ο-τρῦ
1029 5555 1198 5636 Θεᾳῦ.
1226 5553 1422 5637 Multos
1455 5557 1643 5637 [efellit
1671 5559 1802 5637 falsa
1841 5560 1980 5637 LXX

409 5628 770 5696 interpretum
805 5628 1004 5691 versio,
1041 5628 1128 5680 cui
1192 5628 1423 5682 omnino
1467 5628 1522 5682 h.
1581 5630 1614 5682 Ι.
1649 5631 1977 5698 pracferenda

2090 5077 2174 5124 est
2211 5066 2422 5138 Aquilae
2453 5067 2843 5134 interpretatio.
2875 5049 3008 5142 Limn
3035 5064 3181 5118 enim
3232 5079 3340 5117 non
3383 5063 3662 5120 descendit

2089 5190 2120 5228 a
2278 5175 2525 5244 speravit,
2555 5171 2689 5228 seda
2709 5165 2880 5238 coicit,
2922 5155 3026 5255 '7‘}?
3043 5165 3253 5235 incepit.
3288 5168 3408 5225 Vid.
3437 5169 3662 5226 Drusius

2089 5279 2126 5332 l.
2158 5298 2209 5335 c.
2243 5297 2294 5345 ι).
2335 5280 2424 5334 91.

2160 5342 2442 5430 (Δθλτρῦ.
2475 5349 2813 5430 κςινζεῖσθαιι
2847 5347 2927 5414 τῷ
2971 5348 3236 5430 ὀνόμαξι.
3285 5344 3429 5430 .Cod_.
3466 5342 3658 5430 et

2092 5415 2187 5472 τοῦ
2219 5415 2401 5473 καλεῖν
2426 5423 2483 5473 ὲν
2509 5421 2753 5487 ὀνόματι.
2779 5418 2854 5473 lta
2885 5415 3104 5488 quoque
3142 5417 3367 5472 Drusius
3399 5415 3434 5469 l.
3464 5428 3658 5488 c.pag.

2095 5489 2180 5549 id.
2219 5490 2363 5558 legit.
2418 5490 2552 5545 Cum
2606 5486 3283 5558 Sirmondianalectione
3313 5486 3662 5558 convenite:

2090 5576 2253 5627 quam
2270 5550 2572 5615 "Montiauc.
2607 5560 2640 5613 l.
2676 5576 2723 5616 c.
2752 5576 2804 5630 p.
2830 5559 2922 5627 20,
2950 5559 3192 5622 exhibet,
3235 5557 3326 5613 ubi
3353 5566 3532 5611 tamen
3585 5550 3661 5606 le-

2089 5630 2235 5700 gitur
2260 5631 2318 5684 ὲν
2339 5630 2581 5701 ὀνόματι.
