4038 6210
298 372 399 442 ὶ49

1423 374 1702 441 ΟΠΛΕΞΤ.
1733 380 1815 441 ΙΝ
1849 380 2119 442 GENES.
2150 381 2311 443 CAP.
2351 380 2451 443 VI.

3460 376 3581 438 15οη
3630 370 3633 371 ⁷

308 487 479 559 μάσθη
498 482 627 547 Θεός
649 499 663 512 ·
686 483 816 540 ὅθεν
834 487 883 539 oi
916 486 979 539 ἐκ
1004 483 1193 538 τούτου
1212 484 1409 556 φύντες
1425 486 1531 541 uici.
1555 485 1690 540 Θεοῦ
1709 489 1770 557 ὲχ
1779 503 1872 557 ρη-

1998 474 2430 556 ιυοηιοὰιηοιίοιη
2480 495 2534 540 et
2568 500 2669 541 nos
2729 500 2949 557 quoque
2979 501 3040 539 ex
3090 484 3315 539 nomine
3345 483 3547 540 Chr'sti

309 577 547 653 μρείτιζον⁸
578 577 778 645 ὥσπερ
809 575 875 650 δὴ
901 576 996 632 καὶ
1030 577 1192 650 ήμεῖς
1223 579 1288 632 ὲκ
1322 579 1423 648 τῆς
1460 577 1555 632 τοῦ
1595 579 1867 633 Δεσπότου

302 668 533 743 Χριστοῦ
572 670 956 741 προσηγορίας
991 670 1309 741 Χριστιανοὶ
1348 667 1683 740 καλούμεθα.
1715 666 1778 723 Εί
1815 668 1874 722 δέ

299 780 379 828 τις
394 762 605 833 ταύτην
635 762 700 816 οὐ
727 762 947 832 δέχεται
976 763 1076 834 τὴν
1100 762 1364 829 διάνοιαν,
1392 762 1482 817 διὰ
1509 763 1569 817 τὺ
1594 762 1686 816 τὸν
1719 756 1878 816 Ἀκύ-

298 855 397 909 λαν
416 854 595 919 οὕτως
623 853 1053 927 ήρμηνευκέναι,
1078 854 1365 910 ἀκουσάτω
1387 856 1480 909 τοῦ
1505 853 1643 908 Θεοῦ
1666 853 1754 906 διὰ
1774 853 1880 905 Δα·

301 948 387 1002 διδ
401 948 497 1001 τοῦ
526 949 809 1020 προφήτου
839 946 1092 1016 λέγοντος
1119 964 1136 980 ο
1167 967 1187 1000 ι
1229 945 1372 1017 Ἐγὼ
1397 943 1548 1014 εἶπα,
1579 946 1704 999 Θεοί
1732 948 1875 1008 ἐστε,

299 1043 395 1097 καὶ
427 1040 538 1095 υἱοὶ
588 1040 848 1111 Ὑψίστου
875 1041 1100 1105 πάντες.
1134 1059 1153 1094 ι
1190 1041 1322 1106 Καὶ,
1355 1060 1373 1093 ι
1420 1041 1477 1095 '0
1500 1039 1632 1104 Θεὸς
1662 1038 1792 1109 ἔστη
1822 1039 1879 1091 ὲν

300 1134 597 1204 συναγωγῇ
649 1131 791 1186 θεῶν
813 1171 830 1198 ,
897 1133 957 1186 ὲν
1015 1132 1165 1204 μέσῳ
1209 1131 1266 1186 δὲ
1313 1130 1469 1195 θεοὺς
1518 1131 1805 1203 διακρινεῖ.
1855 1146 1873 1179 s

299 1223 463 1278 Οῦτω
493 1223 550 1277 δὲ
578 1222 838 1295 ὀνομάζει
873 1223 1001 1287 τοὺς
1041 1222 1332 1293 ἄρχοντας,
1360 1223 1436 1285 ὡς
1456 1222 1606 1295 δηλοῖ
1636 1222 1704 1275 τὰ
1727 1220 1878 1290 ἑξῆς,

305 1332 328 1366 ι
352 1314 499 1377 Ἕως
533 1313 668 1367 πότε
690 1313 908 1386 κρίνετε
935 1313 1170 1382 ἀδικίαν,
1209 1313 1305 1367 καὶ
1322 1314 1589 1385 πρόσωπα
1619 1315 1882 1384 ἀμαρτω-

300 1406 411 1461 λῶνν
439 1406 790 1478 λαμϐάνετες
820 1406 1053 1478 Κρίνετε
1081 1406 1306 1479 ὀρφανῷ
1326 1409 1423 1462 καὶ
1442 1406 1665 1478 πτωχῷ,
1689 1424 1883 1461 ταπει-

300 1497 393 1552 νδν
420 1498 518 1552 καὶ
546 1497 757 1571 πένητα
779 1497 1131 1563 δικαιώσατε,
1164 1514 1186 1551 s
1214 1499 1310 1554 ml.
1353 1498 1421 1553 τά
1473 1498 1617 1569 ἑξῆς.
1654 1499 1765 1553 Καὶ
1785 1495 1885 1553 αὖε·

303 1589 411 1652 οις,
443 1608 466 1642 ι
500 1589 637 1654 Θεὸς
669 1590 807 1644 θεῶν
837 1590 1042 1661 Κύριος
1078 1591 1331 1664 ὲλάλησε,
1376 1592 1470 1646 καὶ
1510 1592 1736 1647 ικάλεσε
1784 1590 1886 1664 τὴν

302 1682 427 1752 γῆν.
469 1700 491 1733 s
526 1681 747 1736 Τούτων
779 1681 962 1735 αὐτῶν
991 1681 1232 1753 δηλονότι
1260 1683 1372 1737 τῶν
1392 1682 1577 1755 χάριτι
1598 1684 1698 1754 τῆς
1721 1692 1886 1754 προσ·

303 1772 540 1845 ηγορίας
575 1773 782 1843 ταύτης
811 1773 1154 1843 ἠξιωμένων.
1208 1773 1369 1829 Οὕτω
1408 1776 1555 1830 καὶὸ
1582 1774 1886 1846 νομοθέτης

306 1867 464 1937 φησι,
488 1880 509 1917 ι
533 1867 705 1930 Θεοὺς
718 1866 782 1921 οὐ
799 1866 1215 1939 κακολογήσεις,
1244 1868 1339 1921 κα)⁸
1356 1867 1626 1939 ἄρχοντας
1647 1867 1763 1939 (50)
1789 1864 1887 1921 τοῦ

303 1959 437 2015 λαοῦ
460 1978 558 2015 σου
582 1960 683 2015 οὐκ
703 1963 847 2032 ἐρεῖς
877 1961 1083 2027 κακῶς.
1113 1981 1133 2013 ι
1158 1963 1419 2016 Κάκεῖνοι
1438 1963 1620 2016 τοίνυν
1635 1963 1711 2027 ὡς
1732 1962 1886 2016 εὐσε-
1921 1939 1967 1995 Β

306 2054 425 2116 ὕεῖς
454 2054 858 2126 ὠνομάσθησαν
911 2055 1019 2109 υἱοὶ
1060 2054 1158 2109 τοῦ
1185 2055 1345 2111 Θεοῦ.
1384 2055 1753 2127 Ἑκεχώριστο
1781 2054 1892 2125 γὰρ

305 2147 404 2200 τοῦ
438 2146 550 2217 Σὴθ
592 2147 653 2200 τὸ
692 2148 872 2216 γένος,
908 2148 1003 2202 καὶ
1040 2149 1141 2203 οὐκ
1181 2149 1516 2218 ὲπεμίγνυτο
1553 2149 1669 2212 τοῖς
1704 2148 1771 2201 ὲκ
1795 2145 1891 2200 τοῦ

307 2238 472 2305 Κᾶῖν,
491 2237 582 2291 διὰ
609 2236 708 2309 τὴν
736 2237 1119 2308 ἐπενεχθεῖσαν
1142 2238 1292 2308 αὐτῷ
1315 2238 1468 2309 παρά
1497 2236 1591 2292 τοῦ
1618 2236 1756 2292 Θεοῦ
1784 2236 1892 2292 τῶν

307 2331 450 2385 ὅλων
485 2330 649 2403 ἀράν.
692 2331 857 2384 una
881 2330 1077 2403 χρόνου
1112 2330 1309 2402 συχνοῦ
1342 2330 1650 2395 διελθόντος
1673 2347 1688 2364 ο
1726 2329 1894 2402 (μετά

308 2421 536 2478 πλείονα
584 2421 695 2493 γὰρ
735 2422 770 2492 ἢ
813 2422 1046 2493 δισχίλια
1087 2420 1184 2493 ἔτη
1231 2422 1324 2475 τὸν
1362 2423 1749 2493 κατακλυσμὸν
1796 2425 1896 2477 ἑπι-

308 2517 521 2587 ήγαγεν
536 2516 565 2569 ὁ
586 2514 765 2583 Θεὸς),
784 2514 1012 2578 εὐειδεῖς
1032 2513 1354 2585 θεασάμενοι
1375 2513 1475 2585 τῆς
1498 2515 1590 2567 τοῦ
1603 2515 1747 2569 Κάῖν
1761 2531 1895 2585 συγ-

312 2606 536 2675 γενείας
564 2605 666 2669 τὰς
712 2604 1041 2676 θυγατέρας,
1086 2606 1180 2660 καὶ
1209 2605 1693 2676 καταθελχθέντες,
1724 2606 1801 2670 ὡς
1826 2607 1898 2661 εί-

312 2700 428 2763 κὺς,
476 2700 594 2762 τοῖς
635 2695 767 2769 παρ’
805 2698 987 2752 αὐτῶν
1031 2697 1362 2769 ἐπινοηθεῖσι
1401 2701 1684 2770 μουσικοῖς
1724 2699 1894 2770 ὀργάο

312 2806 425 2853 νοις
459 2792 513 2861 (ὁ
542 2790 652 2863 γαρ
694 2790 906 2844 Ἰουσάλ
953 2788 1013 2855 ἐξ
1057 2790 1239 2846 αὐτῶν
1285 2791 1550 2862 ἀνθήσας,
1597 2790 1897 2861 ψαλτήριον

311 2883 411 2937 καὶ
436 2881 676 2954 κιθάραν
699 2882 1057 2953 κατέδειξεν),
1086 2882 1432 2955 ὲπεμίγησαν
1460 2883 1674 2946 αὑταῖς,
1707 2882 1802 2936 καὶ
1821 2885 1898 2936 διο

314 2974 582 3047 ἐφθειραν
611 2973 712 3045 τὴν
757 2975 970 3029 οἰκείαν
1010 2974 1294 3044 εὐγένειαν
1320 2991 1336 3007 °
1373 2974 1466 3029 καὶ
1499 2974 1571 3028 τὰ
1610 2975 1750 3029 αὐτὰ
1784 2978 1898 3040 τοῖς

327 3064 697 3135 Ἰσραηλίταις
730 3064 1053 3137 ὑπέμειναν,
1081 3062 1135 3120 οῖ
1152 3067 1275 3131 ταῖς
1297 3064 1404 3119 τῶν
1430 3064 1781 3120 Μαδιανιτῶν
1802 3065 1898 3119 θυ-

316 3155 560 3227 γατράσι
590 3156 865 3226 μιγέντες,
889 3154 982 3210 καὶ
1025 3158 1124 3228 τῆς
1150 3155 1371 3211 ἐκείνων
1414 3146 1734 3220 δυσσεϐείας
1769 3171 1899 3227 μετ-

1978 577 2189 632 Domini
2222 590 2600 646 nuneupamur
2631 576 2952 632 Christiani.
2988 576 3143 644 Quod
3182 576 3229 629 si
3263 575 3387 641 quis
3418 575 3564 628 hunc

1982 666 2311 724 intellectum
2338 684 2443 722 non
2473 668 2680 738 recipit,
2723 677 3007 739 propterea
3041 671 3186 738 quod
3223 669 3338 721 haec
3390 667 3562 721 inter-

1980 761 2212 832 pretatio
2240 762 2309 816 ab
2339 760 2533 831 Aquila
2580 760 2820 831 profecta
2876 770 2993 825 est.
3045 760 3217 815 Deum
3251 760 3437 813 audiat
3481 759 3566 812 di-

1982 862 2192 909 centem
2208 870 2305 924 per
2332 853 2652 924 prophetam
2686 853 2885 909 David:
2908 875 2927 907 ‹
2965 853 3079 922 Ego
3102 853 3216 908 dixi
3251 851 3371 909 :Dii
3406 851 3561 917 estis,

1982 959 2037 1002 et
2058 947 2150 1002 ﬁlii
2186 948 2394 1004 Excelsi
2423 963 2613 1004 omnes
2629 959 2680 1004 ι.
2714 968 2732 1001 s
2764 949 2828 1004 Et
2857 968 2871 1005 :
2912 968 2932 1002 ι
2964 946 3109 1005 Deus
3136 949 3284 1004 stetit
3312 948 3366 1002 in
3402 962 3566 1019 syna-

1985 1055 2119 1112 goga
2148 1041 2394 1109 deorum,
2441 1042 2494 1096 in
2531 1041 2714 1097 medio
2766 1052 2949 1098 autem
2991 1043 3124 1098 deos
3176 1040 3505 1111 dijudinet'.
3538 1056 3557 1090 s

1988 1131 2080 1189 Sic
2110 1134 2255 1189 enim
2286 1136 2524 1205 appellat
2556 1137 2831 1206 principes
2881 1146 2936 1191 et
2983 1135 3360 1205 magistratus,
3392 1141 3451 1188 ut
3479 1148 3567 1188 se-

1986 1223 2207 1294 quentia
2256 1223 2537 1280 declarant
2572 1242 2586 1277 :
2621 1245 2640 1278 ι
2671 1226 2969 1296 Quousque
2997 1226 3260 1296 iudicatis
3298 1224 3567 1295 iniquita-

1987 1324 2121 1381 tem,
2152 1324 2211 1373 et
2252 1315 2423 1373 facies
2469 1328 2823 1388 peccatorum
2888 1319 3139 1374 sumitis?
3192 1317 3444 1374 Judicate
3476 1333 3567 1372 or-

1987 1409 2170 1481 phano
2184 1416 2239 1465 et
2258 1423 2449 1480 egeno,
2479 1410 2743 1466 humilem
2761 1421 2815 1467 et
2844 1427 3135 1483 pauperem
3172 1410 3466 1481 justiﬁcste
3482 1423 3528 1472 ι.
3544 1428 3563 1461 ι

1989 1510 2042 1557 et
2070 1517 2194 1572 quae
2223 1510 2546 1572 sequuntur.
2571 1503 2637 1557 Et
2670 1503 2868 1557 iterum
2909 1522 2922 1557 :
2962 1523 2981 1555 ι
3030 1502 3174 1558 Deus
3207 1504 3434 1557 deorum
3460 1501 3566 1557 Do-

1990 1597 2176 1652 minus
2215 1595 2430 1651 locutus
2473 1604 2577 1661 est,
2627 1605 2680 1651 et
2713 1597 2929 1650 vocavit
2975 1604 3174 1650 terram
3192 1605 3241 1650 γ.
3287 1615 3306 1646 ι
3343 1593 3563 1661 Illorum

1990 1703 2206 1758 nempe,
2229 1687 2324 1759 qui
2352 1688 2502 1759 digni
2534 1688 2705 1744 habiti
2736 1697 2865 1744 sunt
2896 1688 2997 1743 hac
3024 1688 3405 1760 appellationis
3444 1703 3568 1759 gra-

1992 1780 2087 1836 tia.
2121 1779 2211 1835 Sic
2249 1788 2304 1835 et
2332 1780 2611 1851 legislator
2668 1781 2777 1835 ait:
2812 1798 2831 1832 ι
2874 1779 2988 1835 Diis
3032 1795 3140 1835 non
3197 1780 3477 1846 detrahes,
3519 1785 3597 1833 et:

1996 1872 2332 1944 principibus
2356 1873 2541 1943 populi
2581 1874 2660 1929 tui
2690 1887 2801 1928 non
2852 1872 3206 1930 maledices'.
3233 1891 3252 1925 ι
3290 1868 3372 1927 llli
3410 1872 3589 1943 igitur-

1993 1965 2181 2030 etiam,
2226 1974 2487 2037 tanquam
2518 1966 2593 2037 pii
2620 1976 2675 2022 et
2707 1967 2861 2030 boni,
2910 1965 3286 2037 cognominati
3325 1975 3454 2021 sunt
3480 1965 3573 2020 ﬁlii

1994 2055 2113 2114 Dei.
2147 2057 2469 2130 Separatum
2512 2059 2658 2115 enim
2695 2069 2814 2115 erat
2838 2073 3010 2132 genus
3036 2059 3189 2126 Seth,
3221 2069 3275 2114 et
3305 2075 3415 2114 non
3451 2074 3573 2129 per-

1994 2147 2481 2206 miscebstur'cum
2513 2150 2843 2220 cognatione
2897 2149 3054 2213 Cain,
3100 2159 3322 2220 propter
3365 2144 3575 2203 illatam

1995 2241 2065 2296 ab
2091 2241 2336 2296 omnium
2371 2239 2480 2295 Deo
2506 2239 2969 2296 maledictionem.
3000 2239 3169 2295 Multo
3194 2247 3398 2294 autem
3456 2249 3577 2310 post

1999 2344 2242 2404 tempore
2271 2334 2420 2403 (nam
2461 2346 2582 2404 post
2623 2348 2800 2388 annos
2853 2334 2974 2403 plus
3015 2332 3099 2388 bis
3131 2332 3278 2387 mille
3307 2330 3573 2386 diluvium

1996 2425 2212 2481 induxit
2243 2423 2428 2497 Deus),
2462 2426 2707 2480 videntes
2740 2425 2882 2480 ﬁlias
2917 2424 3259 2494 cognationis
3288 2422 3421 2478 Cain
3454 2437 3579 2493 spe-

1997 2520 2203 2587 ciosas,
2241 2527 2296 2574 et
2325 2519 2513 2585 illecti,
2550 2530 2610 2573 nt
2646 2518 2942 2575 verisimile
2967 2519 3073 2590 61
3103 2530 3212 2582 est,
3240 2518 3578 2572 instrumen-

2000 2612 2071 2666 tis
2098 2612 2326 2666 musicis
2350 2612 2419 2666 ab
2472 2611 2550 2665 eis
2581 2610 2905 2681 excogitatis
2933 2609 3114 2680 (Jubal
3140 2610 3285 2663 enim
3323 2624 3386 2663 ex
3442 2608 3578 2678 ipsis

1999 2712 2296 2773 prognatus
2327 2702 2645 2772 psalterium
2682 2712 2738 2757 et
2790 2703 3058 2757 citharam
3095 2700 3425 2770 invenerat),
3458 2715 3580 2769 per-

1999 2778 2147 2849 misti
2167 2803 2295 2849 sunt
2323 2794 2450 2859 illis,
2468 2803 2521 2848 et
2541 2793 2988 2848 contaminarunt
3011 2806 3166 2849 suam
3191 2792 3527 2847 nobilitatem
3560 2806 3574 2841 :

1998 2895 2054 2942 et
2084 2887 2273 2942 eadem
2309 2887 2553 2957 perpessi
2601 2896 2750 2947 sunt.
2779 2901 2903 2957 qua:
2939 2886 3217 2952 lsraelitas,
3241 2885 3333 2955 qni
3368 2882 3575 2938 Iladia-

2000 2976 2240 3032 nitarum
2275 2975 2490 3030 ﬁliabus
2520 2975 2784 3045 permisti,
2811 2983 2865 3029 et
2895 2973 3189 3044 impietatis
3212 2988 3403 3029 eorum
3452 2986 3579 3041 paro

2001 3067 2191 3138 ticipes
2219 3064 2345 3120 facti
2386 3072 2534 3130 sunt,
2561 3076 2613 3119 et
2639 3064 2883 3119 divinam
2921 3063 3185 3119 ultionem
3215 3060 3577 3132 pertulerunt.

2002 3155 2076 3213 De
2107 3158 2192 3213 his
2217 3157 2433 3211 divinus
2462 3156 2627 3211 David
2661 3155 2840 3227 inquit
2877 3172 2891 3210 :
2927 3174 2946 3207 ι
2976 3153 3226 3209 Permisti
3265 3159 3394 3206 sunt
3443 3150 3583 3203 inter

320 3246 502 3315 ἔσχον,
542 3246 641 3300 καὶ
675 3246 940 3318 θεήλατον
958 3246 1230 3318 τιμωρίαν
1276 3247 1545 3314 ἐδέξαντο.
1593 3246 1731 3318 Περὶ
1771 3245 1894 3299 τού-

2003 3257 2211 3319 gentes,
2262 3258 2317 3303 et
2357 3246 2663 3302 didicerunt
2710 3260 2873 3314 Opera
2917 3258 3134 3308 eorum,
3186 3250 3241 3297 et
3277 3240 3585 3297 servierunt

321 3354 427 3390 των
450 3337 549 3390 καὶ
578 3338 607 3390 ὁ
641 3337 786 3401 θεῖος
826 3337 931 3407 ἔφη
962 3338 1149 3403 Δαόὶδ,
1186 3358 1205 3390 ι
1240 3339 1351 3394 Καὶ
1393 3338 1665 3408 ὲμίγησαν
1694 3339 1753 3390 ὲν
1785 3339 1899 3403 τοῖς

321 3427 522 3494 εθνεσι,
549 3430 647 3482 καὶ
687 3428 892 3500 ἔμαθον
928 3430 996 3483 τά
1024 3430 1159 3500 ἔργα
1203 3430 1404 3497 αὐτῶν,
1440 3431 1534 3483 καὶ
1578 3429 1902 3483 ἐδούλευσαν

322 3522 435 3582 τοῖς
457 3519 724 3588 γλυπτοῖς
760 3519 961 3575 αὐτῶν.
993 3538 1014 3572 s
1048 3519 1234 3585 Οῦτως
1264 3522 1313 3574 οί
1355 3522 1420 3575 ὲκ
1458 3522 1552 3575 τοῦ
1584 3521 1691 3593 Σὴθ
1716 3521 1778 3575 τὸ
1806 3521 1902 3592 γέ-

323 3626 415 3674 νος
450 3613 811 3680 κατάγοντες,
852 3611 1019 3665 πάλαι
1064 3611 1163 3683 μὲν
1192 3613 1269 3677 ὡς
1298 3613 1501 3685 ἀρετῆς
1535 3612 1903 3685 ἐπιμελούμε-

325 3718 406 3758 νοι
460 3703 573 3756 uici
618 3701 756 3756 Θεοῦ
801 3703 1202 3775 ἐχρημάτιζον·
1241 3707 1346 3759 ὑπὸ
1379 3707 1437 3761 δὲ
1475 3708 1575 3778 τῆς
1609 3705 1759 3779 ὥρας
1794 3707 1904 3763 τῶν

326 3794 564 3849 ἀνοσίων
592 3795 874 3864 γυναικῶν
902 3796 1301 3864 δελεασθέντες,
1350 3798 1637 3869 συνέχειαν
1667 3800 1764 3871 μὲν
1786 3798 1906 3852 δια-

325 3887 637 3958 κεκριμένα
662 3887 733 3941 τά
755 3888 888 3961 γένη
915 3906 928 3919 ·
961 3891 1171 3959 καρπὸν
1195 3891 1308 3962 (51)
1325 3891 1381 3945 δὲ
1411 3891 1779 3963 κληρονομίας
1802 3893 1903 3963 τὴν

327 3980 711 4052 πανωλεθρίαν
759 3981 1029 4046 ἐδέξαντο.
1074 3984 1283 4037 Ἐκεῖνο
1334 3984 1518 4054 μέντοι
1543 3983 1592 4016 ⁸⁸
1628 3984 1905 4056 ἐπισημή-

328 4071 528 4126 νασθαι
560 4074 692 4146 χρὴ,
717 4072 794 4138 ὡς
827 4075 925 4146 οὐχ
953 4075 1139 4141 ἁπλῶς
1180 4075 1360 4131 αὐτῶν
1394 4077 1674 4148 ἁμαρτίαν
1700 4079 1728 4130 ὁ
1765 4078 1906 4141 θεῖος

328 4163 487 4232 λόγος
500 4168 806 4237 κατηγορεῖ
824 4185 841 4199 υ
860 4166 995 4220 ἀλλά
1015 4168 1113 4238 τὴν
1148 4167 1265 4238 μετ’
1281 4169 1601 4239 ἐπιμελείας
1629 4171 1724 4223 καὶ
1742 4187 1909 4223 σπου-

330 4256 426 4324 δῆς
460 4258 831 4328 παρανομίαν.
858 4258 1029 4312 Τοῦτο
1058 4260 1167 4331 γὰρ
1192 4260 1343 4330 δηλοῖ
1374 4261 1454 4327 τὸ,
1484 4280 1503 4313 ι
1537 4263 1653 4325 Πᾶς
1675 4278 1762 4325 τις
1790 4262 1909 4315 δια-

332 4351 537 4403 νοεῖται
567 4352 625 4403 ὲν
659 4354 725 4422 τῇ
759 4352 959 4423 καρδίᾳ
993 4353 1158 4405 αὐτοῦ
1185 4353 1462 4425 ἐπιμελῶς
1487 4356 1578 4408 ἐπὶ
1607 4354 1675 4409 τὰ
1698 4353 1912 4426 πονηρὰ

334 4443 514 4505 πάσας
544 4444 648 4506 τὰς
694 4445 930 4514 ἡμέρας.
982 4463 1003 4496 s
1048 4445 1112 4498 Ol
1155 4446 1254 4515 μὲν
1310 4447 1420 4516 γὰρ
1465 4446 1913 4517 δυσχεραίνοντες

2005 3338 2349 3409 seulptilibus
2379 3352 2567 3394 eorum
2590 3349 2641 3392 ι.
2673 3355 2692 3388 ι
2729 3335 2820 3392 Sic
2846 3343 2902 3391 et
2939 3334 2996 3389 hi
3021 3333 3114 3404 qui
3147 3347 3216 3388 ex
3274 3329 3445 3386 Setbo
3486 3344 3581 3401 ge-

2007 3448 2110 3486 nus
2147 3431 2439 3496 duxerunt,
2485 3430 2616 3484 olim
2659 3429 2902 3499 quidem,
2934 3433 2995 3481 ut
3026 3425 3289 3480 virtutum
3328 3421 3580 3487 studiosi,

2007 3523 2344 3579 vocabantur
2382 3521 2476 3576 ﬁlii
2515 3520 2631 3575 Dei.
2661 3518 2863 3575 Verum
2924 3518 3261 3589 impurarum
3296 3514 3581 3569 mulierum

2008 3614 2418 3688 pulchritudine
2470 3613 2612 3682 capti
2658 3609 3027 3668 confuderunt
3075 3607 3310 3663 familias
3374 3604 3578 3675 alioqui

2011 3710 2317 3775 distinctas,
2346 3713 2399 3762 et
2422 3722 2520 3776 pro
2562 3704 2741 3760 fructu
2774 3702 3118 3758 haereditario
3145 3715 3438 3756 commune
3461 3700 3579 3754 exi-

2015 3803 2148 3857 tium
2177 3811 2516 3870 receperunt.
2541 3794 2659 3853 Hoc
2692 3804 2871 3850 tamen
2905 3792 3451 3850 animadvertendum
3475 3800 3580 3855 est,

2012 3893 2157 3966 quod
2180 3892 2398 3949 divinus
2420 3888 2612 3945 Sermo
2643 3904 2751 3943 non
2806 3886 3124 3957 simpliciter
3175 3893 3455 3955 peccatum
3489 3895 3584 3936 eo-

2014 4003 2136 4044 rum
2164 3987 2408 4049 damnat,
2430 3982 2524 4040 sed
2557 3997 2686 4038 cura
2719 3990 2774 4036 et
2802 3980 2982 4036 studio
3011 3978 3297 4050 quaesitam
3328 3974 3588 4046 iniquita-

2015 4089 2120 4135 tem
2162 4076 2526 4148 reprehendit.
2580 4073 2695 4129 Hoc
2747 4071 2892 4127 enim
2949 4069 3242 4143 signiﬁcat,
3275 4067 3421 4139 quod
3476 4065 3585 4121 ait:

2023 4188 2041 4221 ι
2078 4167 2468 4237 Unusquisque
2492 4165 2785 4221 meditatur
2812 4162 2867 4217 in
2904 4158 3072 4216 corde
3117 4174 3217 4214 suo
3253 4157 3494 4213 studiose
3526 4157 3589 4206 ad

2016 4259 2155 4313 mala
2176 4257 2482 4328 peragenda
2518 4256 2772 4311 omnibus
2797 4253 2987 4309 diebus
3007 4251 3058 4305 δ.
3091 4268 3110 4302 ι
3144 4249 3248 4316 Qui
3279 4250 3421 4303 enim
3449 4263 3591 4314 aegre

2017 4352 2199 4407 ferunt
2262 4350 2497 4405 oblatam
2562 4347 2664 4404 sibi
2704 4345 2958 4418 peccandi
3017 4342 3383 4406 occasionem,
3423 4350 3457 4390 a
3492 4351 3591 4388 ne-

2016 4446 2187 4517 quitia
2225 4454 2402 4500 tamen
2431 4444 2561 4499 victi
2593 4458 2686 4513 per
2716 4440 2913 4496 mentis
2941 4437 3237 4509 ignaviam,
3266 4440 3457 4502 postea
3485 4429 3586 4483 do-

333 4533 434 4602 τῆς
467 4534 751 4605 ἁμαρτίας
783 4536 882 4606 τὴν
914 4536 1244 4608 προσϐολὴν,
1274 4537 1579 4608 ἡττώμενοι
1616 4538 1674 4591 δὲ
1700 4538 1786 4591 διὰ
1813 4536 1894 4609 τὴἸ

2025 4540 2133 4591 lent
2182 4546 2236 4591 et
2267 4537 2472 4606 lugent,
2526 4535 2851 4589 mediocrem
2900 4528 3194 4600 quamdam
3241 4524 3592 4593 aliquatenus

335 4625 427 4680 τοῦ
452 4626 546 4679 νοῦ
576 4627 854 4699 ῥᾳθυμίαν
877 4632 944 4700 τῇ
974 4631 1229 4702 πονηρίᾳ,
1245 4627 1345 4684 εἷθ’
1365 4630 1593 4700 ὕστερον
1616 4630 1894 4699 ἀλγοῦντες

2021 4629 2219 4683 habent
2240 4627 2670 4683 excusationem.
2703 4624 2807 4690 Qui
2829 4637 2958 4677 vero
2981 4618 3257 4674 declinant
3275 4628 3501 4685 prorsus
3524 4610 3593 4665 ad

234 4713 243 4721 ’
336 4721 432 4773 καὶ
464 4719 768 4784 στένοντες,
800 4720 983 4792 ἔχουσί
1013 4740 1135 4776 τινα
1160 4724 1390 4794 μετρίαν
1420 4725 1685 4796 ἀμηγέπη
1716 4724 1894 4794 παραίι

2017 4720 2484 4791 intemperantiam
2549 4726 2602 4772 et
2641 4715 2927 4777 malitiam,
2975 4708 3285 4765 subservire
3332 4704 3595 4760 facientes

338 4821 499 4881 ττῖσιν
526 4828 542 4842 ·
575 4813 626 4864 ol
653 4812 713 4865 δὲ
734 4813 816 4876 είς
835 4815 1132 4869 ἀκολασίαν
1159 4817 1252 4870 καὶ
1270 4817 1539 4887 πονηρίαν
1566 4817 1894 4870 παντάπασι

2016 4813 2394 4870 affectionibus
2428 4811 2721 4870 rationem,
2776 4816 2835 4861 ut
2876 4805 3039 4860 etiam
3092 4799 3401 4871 excogitent
3459 4798 3594 4852 alias

340 4899 754 4965 ἀποκλίνοντες,
804 4903 900 4957 καὶ
934 4904 1121 4958 δοῦλον
1165 4905 1275 4959 τῶν
1318 4906 1509 4959 παθῶν
1535 4907 1625 4960 τὸν
1662 4905 1894 4977 λογισμὸε

2018 4908 2271 4979 nequitiae
2302 4905 2531 4976 Species,
2559 4913 2609 4956 et
2645 4902 2744 4956 hoc
2774 4914 2884 4953 non
2909 4896 3076 4954 semel
3104 4903 3201 4949 aut
3235 4893 3343 4958 his,
3382 4892 3476 4948 sed
3501 4905 3595 4960 per

415 5107 444 5136 ιι
470 5096 616 5154 Psal.
647 5096 838 5165 L'xxxr,
875 5100 928 5155 6.

1003 5108 1031 5137 '
1071 5098 1228 5166 ibid.,
1256 5098 1309 5154 1.

349 5166 378 5208 δ
408 5166 546 5224 Gen.
574 5183 649 5235 vr,
692 5167 747 5226 5.
790 5249 794 5254 Ι

1387 5109 1413 5136 ι
1446 5099 1599 5168 ibid.,
1627 5099 1683 5167 ‘2,
1718 5103 1769 5156 5.
1844 5110 1874 5149 1
1901 5099 2046 5157 Psal.
2084 5118 2232 5169 xm,
2259 5104 2308 5156 l.
2410 5107 2433 5134 ³
2465 5096 2639 5151 Exod.
2678 5109 2812 5160 xm,
2836 5093 2927 5149 28.
3033 5105 3059 5135 ε
3090 5091 3236 5149 Psal.
3272 5102 3360 5155 cv,
3382 5086 3474 5153 35,
3503 5080 3594 5138 56.

1200 5317 1432 5372 VARIIE
1477 5316 1859 5373 LECTIONES
1908 5317 2001 5371 EX
2030 5318 2304 5373 CATENA
2340 5317 2697 5375 LlPSlENSI.

407 5452 457 5490 "
475 5454 653 5510 ἐκεῖνο
684 5452 870 5525 μέντοι
901 5459 955 5505 et
984 5464 1107 5520 qua
1130 5451 1335 5522 reliqua
1362 5461 1487 5506 sunt
1514 5468 1579 5507 ex
1606 5452 1706 5506 hac
1737 5453 1894 5506 seclic

2023 5462 2240 5507 exstant
2276 5453 2328 5523 in
2361 5467 2480 5522 cap.
2507 5468 2560 5524 p.
2596 5454 2716 5511 135.

1864 5602 2101 5659 NOTAE.

425 5721 538 5792 (50)
563 5720 797 5793 Recepta
812 5719 989 5793 lectio
1028 5722 1149 5793 cod.
1178 5718 1426 5793 Vaticani
1456 5736 1607 5791 aeque
1645 5734 1709 5774 ac
1757 5718 1909 5774 Alex.
1946 5727 2028 5774 est
2057 5718 2313 5792 ἄρχοντα.

429 5789 783 5864 (51)ὓο(1.ἐι
809 5790 926 5847 Pic.
957 5789 1108 5861 παρά
1146 5792 1372 5861 καρπόν.
