4038 6210
424 354 521 422 151

1402 347 1895 413 THEODORETI
1945 341 2292 404 EPISCOPI
2328 340 2698 404 CYRENSIS

3580 314 3695 402 152’

422 478 590 524 totam
625 462 816 531 vitam,
846 476 953 533 qua
1002 443 1164 518 venia
1198 460 1351 533 digni
1397 463 1575 519 sunt?
1610 462 1759 534 quod
1792 456 2038 532 suppli-.

2113 451 2525 524 ἀποφαινοντες,
2549 452 2692 507 ὥστε
2726 448 2823 506 καὶ
2845 447 3231 523 προσεπινοεϊν
3261 446 3458 520 ἐτέρας
3485 449 3690 514 κακίας

421 560 569 615 cium
596 555 704 612 illis
742 569 855 613 non
899 553 1039 624 leve,
1073 554 1170 627 qui
1203 554 1280 612 ita
1329 554 1542 628 seipsos
1565 555 1733 614 exitio
1772 556 2009 613 devoveat

423 644 570 702 rint?

850 916 960 990 62
1011 914 1294 974 INTERR.
1334 917 1571 976 XLVIII.

629 1024 774 1093 Quos
805 1039 954 1085 vocat
986 1029 1266 1102 Scriptura
1308 1032 1488 1087 diuina
1525 1033 1760 1105 gigantes
1780 1036 1806 1090 γ

494 1116 665 1176 Aiunt
711 1123 933 1193 quidam
964 1139 1060 1180 eos
1089 1140 1233 1190 esse,
1268 1126 1362 1196 qui
1411 1127 1611 1182 multos
1645 1143 1822 1185 annos
1854 1130 2006 1191 vixee

425 1219 578 1265 runt.
615 1212 871 1271 Nonnulli
897 1233 1025 1273 vero
1061 1219 1252 1273 dicunt
1290 1234 1415 1275 esse
1450 1219 1544 1274 Dei
1590 1235 1802 1288 osores,
1833 1232 1887 1278 et
1909 1224 2002 1280 Dei

427 1299 771 1360 adversarios
794 1307 1062 1363 homines.
1088 1306 1191 1375 Qui
1216 1308 1331 1364 haec
1358 1309 1438 1365 sic
1468 1311 1874 1380 intellexerunt,
1895 1331 2002 1370 non

425 1388 618 1448 dicunt
651 1394 773 1449 illos
824 1397 1113 1466 grandiora
1151 1399 1364 1456 caeteris
1410 1401 1724 1460 hominibus
1750 1405 2005 1463 habuisse

425 1496 676 1549 corpora.
701 1483 813 1558 Ego
843 1502 992 1553 vero,
1028 1504 1153 1544 cum
1179 1490 1342 1547 audio
1388 1493 1729 1565 Scripturam
1758 1497 2001 1554 divinam

424 1572 691 1631 dicentem
726 1577 794 1633 de
824 1578 972 1636 Enac
998 1591 1046 1645 ο,
1082 1584 1230 1653 quod
1269 1603 1288 1636 ι
1326 1600 1357 1640 a
1396 1587 1707 1658 gigantibus
1736 1590 2006 1649 oriundus

424 1674 658 1734 eratpet
680 1667 746 1724 de
770 1668 850 1741 0g
869 1666 898 1709 ά
926 1688 941 1728 :
962 1674 1108 1743 quod
1139 1694 1157 1727 ι
1182 1676 1362 1732 cubile
1389 1679 1563 1748 ipsius
1590 1679 1824 1738 ferreum
1863 1693 2002 1752 erat,

421 1755 634 1813 habens
666 1758 1065 1829 longitudinem
1108 1779 1300 1820 novem
1354 1767 1688 1838 cubitorum,
1715 1781 1769 1827 et
1816 1771 2006 1829 latim-'-

421 1844 608 1900 dinem
669 1859 905 1918 quatuor
957 1852 1382 1923 cubilorum,»et
1410 1858 1555 1927 quod
1596 1858 1699 1915 iste
1721 1862 2004 1933 «reliquus

424 1934 605 1995 factus
627 1950 712 1995 est
754 1941 822 1996 de
875 1941 1330 2014 Raphaimpitem
1380 1963 1505 2004 cum
1547 1952 2006 2025 audio‘explora-

424 2036 574 2085 tores
599 2041 889 2089 narrantes
907 2042 955 2102 ο,
988 2036 1133 2106 quod
1172 2055 1190 2088 ι
1222 2052 1444 2095 eramus
1486 2040 1541 2094 in
1588 2053 1888 2114 conspectu
1912 2061 2008 2102 eo-

427 2135 550 2176 rum
581 2130 842 2195 tanquam
869 2127 1120 2193 locustaa,
1149 2146 1169 2180 ι
1196 2138 1249 2184 et
1275 2128 1447 2186 Deum
1469 2134 1884 2193 conﬁrmantem
1908 2140 2010 2197 hos

428 2224 741 2281 sermones,
801 2225 858 2271 et
917 2217 1267 2286 dicentemf;
1320 2238 1341 2272 ι
1379 2219 1600 2277 Tradidi
1655 2224 1752 2282 tibi
1808 2227 2009 2285 Amor-

426 2302 658 2372 rhaeum,
679 2306 836 2378 cujus
873 2309 1103 2366 altitudo
1153 2320 1272 2367 erat
1330 2320 1590 2386 tanquam
1615 2319 1787 2388 cedri,
1834 2329 1891 2377 et
1921 2336 2012 2377 ro—

427 2392 627 2486 bustus
683 2410 802 2455 erat
853 2411 912 2457 ut
960 2420 1229 2474 quercus;
1263 2413 1360 2461 tet
1398 2407 1465 2463 de
1522 2409 1761 2467 GoliadII
1805 2430 1820 2467 :
1866 2415 2009 2486 quod

435 2501 455 2535 ι
499 2482 894 2557 longitudinem
972 2493 1207 2551 habebat
1274 2506 1512 2566 quatuor
1573 2482 1901 2560 cubitorum—
1955 2517 2013 2564 et

426 2576 636 2647 palmi;
673 2598 693 2631 ι
730 2583 968 2641 arbitror
995 2585 1169 2644 fuisse
1218 2593 1486 2659 quosdam
1517 2597 1869 2666 praegrandes
1905 2599 2008 2656 ho-

427 2670 626 2729 mines.
653 2674 764 2731 Deo
786 2676 888 2734 hoc
908 2680 1072 2736 etiam
1104 2684 1380 2754 sapienter
1414 2687 1783 2759 dispensante,
1820 2701 1879 2750 ut
1918 2709 2014 2751 co-

428 2774 699 2832 gnoscant
746 2766 1060 2827 Creatorem
1106 2790 1217 2830 non
1257 2776 1534 2834 infirmum
1592 2760 1798 2840 tantam
1837 2786 2015 2842 homi-

426 2853 597 2911 nibus
619 2858 936 2917 attribuisse
994 2879 1350 2925 mensuram:
1396 2872 1656 2942 perfacile
1709 2876 1854 2932 enim
1894 2888 2016 2935 erat

427 2945 481 3001 ei
507 2947 673 3006 etiam
715 2954 953 3023 majores
999 2956 1247 3016 homines
1274 2977 1486 3032 creare,
1519 2967 1613 3022 sed
1647 2975 1708 3023 ut
1743 2969 2016 3040 superbiae

429 3044 703 3096 tumorem
722 3044 1064 3113 reprimeret,
1089 3056 1144 3103 et
1169 3053 1542 3123 arrogantiam
1572 3057 1878 3124 cohiberet,
1901 3076 2013 3117 non

2106 544 2273 611 ἰδέας,
2318 546 2412 601 καὶ
2449 546 2609 600 τοῦτο
2635 545 2735 617 οὐχ
2763 542 2964 616 ἃπαξῆ
2989 543 3093 609 δὶς,
3124 540 3264 596 ἀλλὰ
3302 540 3459 612 παρὰ
3507 542 3690 597 πάντα

2101 639 2194 694 τὸν
2218 639 2355 711 βίον,
2395 639 2557 705 ποίας
2589 640 2733 707 ἄξιοι
2784 634 3154 707 συγγνώμηςς
3186 633 3319 689 ποια
3369 634 3427 689 δέ
3465 634 3691 699 κόλασις

2101 734 2165 790 οὗ
2188 736 2400 809 σμικρὰ
2443 738 2557 802 τοῖς
2598 734 2743 791 οὕτω
2779 735 2919 805 σφᾶς
2960 732 3160 796 αὐτοὺς
3212 730 3573 787 ἐκδεδωκὸσιν
3609 730 3693 795 εἰς

2102 827 2325 902 δλεθρον
2345 845 2361 895 ;

2699 920 2898 975 ΕΡΩΤ.
2940 918 3084 975 MH'.

2287 1034 2464 1101 Τίνας
2490 1031 2672 1089 καλεῖ
2705 1032 2993 1103 γίγαντας
3022 1029 3060 1099 ἠ
3093 1029 3224 1086 θεία
3258 1028 3511 1100 Γραφή;

2173 1125 2331 1190 Τινές
2362 1142 2496 1197 φασι
2526 1125 2655 1189 τοὺς
2695 1123 2791 1194 ἐτη
2836 1121 3010 1178 πολλὰ
3046 1121 3387 1195 βεϐιωκότας
3407 1138 3421 1153 ·
3462 1121 3608 1184 τινές
3636 1120 3695 1175 δέ

2102 1216 2232 1282 τοὺς
2263 1217 2540 1288 θεομισεϊς
2569 1216 2661 1270 καὶ
2704 1215 2989 1279 ἀντιθέους
3030 1213 3372 1286 ἀνθρώπους.
3424 1214 3490 1268 0i
3517 1212 3695 1267 ταῦτα

2104 1306 2247 1363 οὕτω
2278 1307 2615 1379 νενοηκότες,
2652 1304 2714 1360 οὗ
2765 1323 2900 1375 φασι
2944 1306 3172 1369 τούτους
3208 1304 3433 1377 μείζονα
3463 1304 3576 1357 τῶν
3603 1301 3697 1357 ἆλ-

2106 1397 2215 1452 λων
2262 1396 2568 1465 ἀνθρώπων
2613 1395 2845 1466 σώματα
2884 1396 3204 1466 ἐσχηκέναι.
3266 1393 3408 1464 Ἐγὼ
3459 1394 3518 1447 δέ
3568 1395 3695 1448 ὅταν

2106 1486 2326 1541 ἀκούσω
2353 1487 2453 1557 τῆς
2482 1485 2633 1550 θείας
2664 1486 2888 1558 Γραφῆς
2920 1484 3189 1556 λεγούσης
3218 1486 3348 1558 περὶ
3378 1484 3472 1539 τοῦ
3506 1485 3691 1546 Ἐνὰκ,

2106 1579 2188 1633 δτι
2223 1598 2241 1632 ι
2266 1580 2532 1647 ἀπόγονος
2554 1574 2623 1649 ἦν
2649 1578 2757 1632 τῶν
2782 1577 3059 1649 γιγάντων
3087 1596 3107 1630 ι
3138 1576 3250 1649 (52)
3271 1591 3286 1606 '
3318 1578 3415 1631 καὶ
3446 1577 3574 1649 περὶ
3600 1576 3695 1631 τοῦ

2109 1669 2234 1738 Ὢγ,
2259 1669 2340 1723 ὅτι
2371 1687 2391 1721 ι
2426 1670 2461 1740 ἡ
2495 1667 2651 1738 κλίνη
2680 1667 2846 1723 αὐτοῦ
2881 1666 3080 1739 σιδηρᾶ
3107 1661 3199 1739 ἦν,
3225 1666 3385 1720 ἐννέα
3410 1666 3604 1736 πηχῶν
3637 1666 3698 1719 τδ

2112 1761 2307 1831 μῆκος,
2354 1760 2451 1816 καὶ
2499 1759 2785 1830 τεσσάρων
2839 1760 3059 1831 πήχεων
3104 1759 3169 1813 τὸ
3203 1753 3396 1830 εὖρος*
3435 1777 3453 1811 ι
3488 1759 3585 1813 καὶ
3613 1760 3697 1813 δτι

2064 1845 2264 1933 έοῦτος
2302 1872 2323 1905 ι
2362 1853 2427 1907 ἐκ
2468 1852 2578 1909 τῶν
2621 1850 2850 1921 Ῥαφαῒν
2882 1852 3209 1924 ὑπελείφθη.
3255 1870 3274 1903 ι
3312 1853 3421 1906 Καὶ
3450 1853 3560 1905 τῶν
3599 1869 3698 1906 κα-

2108 1945 2403 2000 τασκόπων
2442 1945 2839 2018 διηγουμένων,
2886 1946 2970 2000 ὃτι
3001 1964 3020 1997 ι
3070 1941 3214 2016 ἦμεν
3248 1945 3482 1999 ἐνώπιον
3515 1946 3697 1999 αὐτῶν

2111 2037 2247 2091 ὡσεὶ
2274 2038 2498 2107 ἀκρίδες
2519 2053 2534 2068 ’
2575 2058 2594 2090 ι
2643 2039 2737 2093 xal.
2767 2038 2862 2092 τοῦ
2889 2037 3027 2092 Θεοῦ
3071 2038 3418 2109 βεϐαιοῦντος
3453 2039 3582 2102 τοὺς
3609 2038 3699 2091 λό-

2110 2145 2263 2198 γους,
2283 2131 2378 2184 καὶ⁵
2400 2130 2670 2198 λέγοντος,
2696 2132 2778 2185 ὅτι
2808 2148 2827 2182 ι
2861 2130 3233 2200 Παραδέδωκά
3267 2147 3350 2183 σοι
3377 2129 3469 2183 τὸν
3501 2132 3701 2202 Ἄμορ-

2115 2223 2287 2293 ραῖον,
2323 2215 2386 2276 οὗ
2415 2222 2477 2276 τὸ
2510 2222 2642 2292 ὕψος
2675 2218 2744 2295 ἦν
2775 2223 2851 2286 ὡς
2881 2222 3097 2294 κέδρου,
3142 2223 3237 2275 καὶ
3269 2220 3489 2294 ἰσχυρὸς
3522 2216 3591 2293 ἧν
3617 2217 3702 2284 ’ὡς

2111 2312 2274 2382 δρῦς·
2313 2331 2333 2366 ι
2370 2315 2466 2367 καὶ
2496 2314 2626 2386 περὶ
2655 2313 2750 2368 τοῦ
2786 2314 2997 2380 Γολιὰδ,
3049 2316 3129 2368 ὅτι
3182 2334 3200 2365 ι
3250 2314 3535 2385 τεσσάρων
3586 2312 3699 2384 (53)

2114 2405 2339 2477 πήχεων
2384 2407 2480 2460 καὶ
2531 2406 2815 2478 σπιθαμῆς
2848 2406 2910 2460 τὸ
2947 2406 3122 2478 μῆκος
3161 2403 3348 2477 εἶχεν·
3393 2425 3412 2459 ι
3452 2405 3702 2477 ἡγοῦμαι

2114 2496 2450 2567 γεγενῆσθαι
2471 2499 2625 2563 τινὰς
2648 2499 3043 2570 παμμεγέθεις
3064 2498 3160 2553 ἀνθ
3170 2498 3407 2568 ρώπους.
3429 2498 3536 2552 Τοῦ
3562 2498 3701 2553 Θεοῦ

2115 2587 2400 2644 καὶτοῦτο
2435 2591 2617 2660 σοφῶς
2667 2591 2781 2663 (54)
2833 2591 3332 2664 πρυτανεύσαντος,
3367 2592 3454 2645 ῐνα
3498 2592 3703 2660 γνῶσιν

2115 2680 2192 2744 ὡς
2218 2681 2319 2734 οὐκ
2345 2681 2589 2737 ἀσθενῶν
2617 2683 2646 2736 ὁ
2676 2682 3024 2754 Δημιουργδς
3057 2681 3314 2736 τοσοῦτον
3346 2685 3462 2747 τοῖς
3489 2682 3704 2754 ἀνθρώ·

2115 2789 2240 2836 ποις
2273 2773 2539 2845 ἀπένειμε
2573 2773 2770 2847 μέτρον
2789 2791 2805 2807 ·
2831 2775 3013 2848 ῥᾴδιον
3032 2775 3143 2847 γὰρ
3170 2772 3240 2847 ἦν
3270 2774 3420 2847 αύτῷ
3448 2776 3544 2830 καὶ
3578 2774 3701 2847 μει-

2117 2864 2246 2930 ξους
2275 2864 2683 2937 δημιουργῆσαι
2705 2881 2719 2897 '
2753 2866 2890 2921 ἀλλὰ
2921 2867 3015 2921 τὸν
3052 2867 3222 2937 τύφον
3265 2866 3575 2932 ἐκκόπτων,
3606 2868 3705 2921 καὶ

2116 2952 2214 3023 τὴν
2269 2952 2598 3018 ἀλαζονείαν
2636 2955 2882 3022 κωλύων,
2951 2956 3187 3026 μέγιστα
3230 2958 3345 3022 τοῖς
3386 2957 3703 3029 ἀνθρώποις

2118 3042 2218 3097 οὐκ
2250 3042 2419 3097 ἔδωκε
2450 3043 2697 3115 σώματα.
2728 3045 2791 3099 Ei
2819 3045 2927 3116 γὰρ
2975 3048 3033 3100 ἐν
3069 3049 3326 3117 σμικροῖς
3354 3046 3604 3119 σώμασιν
3636 3048 3700 3101 οὐ

427 3129 581 3187 dedit
608 3132 924 3193 hominibus
978 3139 1220 3197 maxima
1259 3157 1512 3215 corpora.
1545 3146 1681 3204 Nam
1721 3149 1767 3206 si
1801 3152 2012 3225 exiguis

2119 3135 2243 3189 κατ’
2272 3136 2542 3209 ἀλλήλων,
2602 3137 2738 3193 ἀλλὰ
2790 3137 2915 3193 κατ’
2948 3137 3116 3193 αὑτοῦ
3169 3139 3575 3212 μεγαλαυχοῦσι
3606 3141 3702 3197 τοῦ

430 3227 755 3296 corporibus
786 3231 997 3300 praediti
1028 3249 1135 3295 non
1160 3245 1354 3292 contra
1390 3253 1450 3294 se
1483 3241 1669 3308 modo,
1699 3244 1793 3298 sed
1820 3254 2012 3302 contra

2120 3228 2368 3299 ποιητοῦ,
2403 3229 2457 3284 τί
2503 3230 2605 3286 οὐκ
2648 3232 2716 3287 ἂν
2758 3231 2994 3304 ἔδρασαν
3025 3233 3073 3286 εἰ
3111 3232 3385 3304 μεγίστων
3433 3235 3706 3307 σωμάτων

429 3315 603 3374 Deum
628 3332 931 3379 creatorem
988 3314 1329 3394 attolluntur.
1364 3332 1492 3402 quid
1544 3350 1653 3390 non
1707 3339 2019 3396 commisis-

433 3420 579 3497 sent,
607 3414 653 3470 si
682 3417 917 3472 maxima
948 3432 1181 3489 corpora
1208 3423 1384 3478 sortiti
1410 3427 1631 3483 essent?

889 3530 998 3604 63
1033 3531 1313 3594 INTERR.
1366 3537 1553 3593 xux.

636 3640 813 3710 Quare
845 3645 1000 3716 longo
1032 3656 1259 3718 tempore
1297 3653 1534 3710 vivebant
1569 3657 1816 3728 antiqui?

510 3727 580 3784 Ut
620 3730 867 3802 longiore
904 3740 1166 3808 temporis
1192 3742 1372 3811 spatio
1410 3746 1592 3815 augeri
1630 3727 1862 3802 numero
1888 3765 2019 3821 pos-

437 3829 580 3875 sent.
627 3821 761 3879 Nam
800 3838 1018 3899 propter
1053 3831 1157 3886 hoc
1196 3835 1363 3889 etiam
1403 3837 1590 3907 plures
1621 3856 1824 3897 uxores
1854 3843 2021 3898 duce-

440 3909 592 3963 bant.
622 3910 807 3983 Itaque
830 3919 993 3972 etiam
1029 3931 1148 3991 post
1174 3923 1461 3992 diluvium,
1489 3944 1663 3994 usque
1685 3931 1751 3984 ad
1780 3941 2023 4002 tempora

439 4003 873 4069 patriarcharum
895 4047 912 4073 ,
965 4008 1193 4080 longzevi
1226 4024 1402 4070 erant.
1437 4018 1796 4090 Posteaquam
1838 4032 2023 4077 autem

438 4100 640 4147 terram
672 4097 1015 4166 repleverunt
1037 4141 1053 4167 ,
1091 4102 1397 4162 diminutus
1425 4118 1509 4165 est
1547 4109 1805 4182 deinceps
1837 4129 2016 4168 anno-

438 4198 562 4240 rum
611 4203 897 4248 numerus.

1040 4284 1322 4345 INTERR.
1355 4290 1421 4347 L.

566 4369 677 4427 Cur
706 4371 909 4433 diluvio
943 4378 1334 4437 multitudinem
1364 4384 1637 4440 hominum
1664 4386 1851 4442 delevit
1871 4388 1898 4442 Ρ

510 4526 700 4586 Delere
726 4532 973 4590 sobolem
1005 4535 1141 4592 Cain
1172 4540 1349 4596 voluit
1380 4560 1395 4597 :
1434 4550 1489 4598 et
1518 4542 1644 4613 quia
1678 4544 1894 4614 piorum
1931 4546 2033 4601 tri-

437 4619 545 4675 bus
575 4622 649 4677 illi
680 4627 937 4695 permista
965 4639 1107 4700 erat,
1142 4633 1213 4688 oh
1241 4633 1293 4689 id
1322 4637 1574 4706 supplicii
1606 4637 1876 4707 particeps
1908 4637 2032 4699 fuit.

2122 3322 2421 3396 μετέλαχον
2446 3342 2462 3393 ;

2680 3521 2878 3577 ΕΡΩΤ.
2928 3521 3043 3576 ΜΘ¹
3070 3524 3136 3577 ⁸⁸.

2305 3639 2469 3694 Διατί
2496 3638 2699 3694 πολὺν
2727 3639 2951 3709 χρόνον
2982 3637 3127 3699 ἔζων
3156 3638 3211 3690 οἱ
3240 3622 3489 3690 παλαιοί
3504 3651 3526 3700 ;

2195 3733 2358 3787 Ὥστε
2385 3732 2690 3804 αὐξηθῆναι
2719 3730 2799 3801 τῷ
2828 3730 3035 3784 πλείονι
3066 3729 3243 3801 χρόνῳ
3264 3744 3278 3759 ο
3310 3727 3399 3781 διὰ
3424 3725 3582 3780 τοῦτο
3612 3727 3707 3780 καὶ

2125 3825 2348 3887 πολλαῖς
2383 3826 2716 3895 συνήπτοντο
2747 3822 2860 3895 (55)
2890 3821 3151 3892 γυναιξίν.
3198 3821 3407 3875 Αὐτίκα
3449 3819 3581 3891 γοῦν
3612 3821 3707 3873 καὶ

2129 3919 2268 3990 μετὰ
2299 3918 2390 3971 τὸν
2425 3916 2813 3986 κατακλυσμὸν
2863 3916 3025 3986 μέχρι
3059 3913 3170 3968 τῶν
3212 3910 3569 3983 πατριαρχῶν
3605 3926 3709 3980 μα-

2126 4010 2335 4082 κρόϐιοι
2362 4005 2502 4081 ἦσαν
2522 4026 2537 4039 ·
2563 4008 2753 4078 ἐπειδὴ
2782 4007 2837 4061 δέ
2873 4008 2972 4077 τὴν
3001 4004 3329 4075 οἰκουμένην
3355 4002 3704 4075 ἐπλήρωσαν,

2125 4100 2415 4175 ἠλαττώθη
2441 4100 2630 4156 λοιπὸν
2652 4101 2680 4155 ὁ
2706 4100 2814 4154 τῶν
2849 4098 2987 4153 ἐτῶν
3019 4096 3274 4171 ἀριθμός.

2767 4275 2965 4330 ΕΡΩΤ.
3007 4274 3093 4330 N’.

2136 4376 2197 4430 Τί
2242 4372 2468 4441 δήποτε
2508 4369 2590 4437 τῷ
2604 4348 3187 4506 πκιαήτᾶῑέλέἵὲᾖιέξν
3205 4359 3326 4463 τῶν
3384 4358 3711 4442 ἀνθρώπων

2215 4534 2531 4605 Ἐξαλεϊψαι
2561 4533 2659 4587 τοῦ
2684 4532 2826 4586 Κάῖν
2852 4530 2914 4583 τὺ
2945 4528 3103 4597 γένος
3136 4526 3441 4597 ἠθέλησεν·
3474 4522 3711 4592 ἀνεμίγη

2130 4631 2188 4685 δὲ
2222 4628 2370 4700 αὐτῷ
2416 4627 2511 4681 καὶ
2541 4624 2650 4679 τῶν
2677 4622 2918 4677 εὐσεϐῶν
2958 4623 2992 4693 ἡ
3042 4619 3185 4690 φυλή
3206 4634 3222 4648 ο
3257 4617 3339 4671 διὸ
3373 4616 3470 4670 καὶ
3501 4615 3599 4685 τῆς
3628 4630 3710 4665 τι·

440 4711 647 4771 Volens
675 4720 820 4774 enim
858 4723 1002 4781 Deus
1050 4703 1687 4798 principiumquoddam
1720 4703 1875 4784 novae
1906 4729 2036 4785 vitae

2136 4723 2349 4795 μωρίας
2401 4719 2762 4791 μετέσχηκεν.
2822 4712 3023 4784 Ἀρχὴν
3059 4711 3117 4765 δέ
3169 4726 3297 4764 τινα
3349 4706 3539 4762 καινοῦ
3594 4703 3711 4798 βίου

442 4809 628 4865 facere
649 4853 665 4877 ,
706 4820 1053 4873 conservavit
1083 4835 1262 4890 ipsum
1296 4819 1410 4875 Noe
1439 4830 1495 4876 et
1523 4821 1725 4877 liberos
1757 4820 1876 4889 ejus
1906 4837 2033 4877 cum

2133 4813 2468 4887 ποιήσασθαι
2519 4807 2822 4881 βουληθεὶς,
2871 4805 2962 4859 τὸν
3006 4802 3131 4859 Νῶε
3181 4801 3278 4856 καὶ
3323 4800 3452 4861 τοὺς
3499 4796 3710 4851 ἐκείνου

443 4904 714 4962 uxoribus
748 4926 762 4962 :
791 4907 924 4977 Noe,
961 4913 1208 4984 inquam,
1245 4915 1426 4971 virum
1459 4914 1605 4981 pium
1638 4923 1692 4971 et
1721 4915 1955 4986 justum,
1981 4925 2036 4971 et

2132 4910 2332 4972 παῖδας
2366 4907 2462 4960 σὺν
2491 4905 2610 4968 ταῖς
2637 4899 2855 4971 γυναιξὶ
2880 4898 3220 4970 διετήρησεν,
3265 4892 3466 4963 εὐσεϐῆ
3495 4907 3552 4944 τε
3582 4890 3712 4942 ὄντα

521 5054 546 5085 ο
573 5046 739 5103 Num.
773 5063 893 5119 xm,
918 5050 1009 5109 54.
1083 5053 1109 5095 ἀ
1132 5055 1290 5113 Deut.
1320 5074 1403 5127 ιιι,
1434 5059 1489 5113 ‘2.
1529 5069 1552 5098 ο
1574 5056 1739 5113 Num.
1777 5075 1896 5122 xm,
1921 5057 2011 5113 δι.

2153 5056 2320 5109 Amos
2344 5066 2406 5115 ιι,
2435 5049 2491 5105 9.
2574 5049 2601 5088 ⁸
2634 5046 2655 5101 I
2686 5045 2821 5114 Reg.
2854 5058 2986 5110 xvn,
3013 5040 3069 5095 4.

1300 5196 1536 5251 VARUE
1590 5192 1977 5251 LECTIONES
2009 5194 2101 5248 EX
2151 5187 2433 5247 CATENA
2470 5181 2831 5242 LIPSIENSI.

517 5308 565 5340 ’δ
591 5307 795 5375 Quaest.
825 5311 894 5367 49
917 5311 972 5367 in
1001 5320 1107 5369 eat.
1133 5329 1189 5385 p.
1225 5314 1323 5369 151
1357 5314 1578 5385 ponitur
1607 5323 1733 5371 ante
1763 5319 1956 5384 quaest.
1983 5325 2107 5381 quae
2133 5313 2314 5365 exstat
2342 5302 2476 5359 ibid.
2571 5354 2575 5356 γ

1932 5428 2163 5486 ΝΟΤΔΕ.

524 5521 638 5594 (52)
671 5523 876 5594 Ὄτι-
895 5524 1201 5594 γιγάντων.
1235 5523 1363 5579 Haec
1384 5522 1626 5581 referunt
1655 5507 1777 5582 sese
1805 5525 1873 5581 ad
1903 5539 2027 5579 ver-

452 5591 520 5646 ba
556 5593 643 5646 illa
691 5593 856 5649 Num.
885 5591 1007 5656 illi.
1034 5594 1345 5665 54:71.10‘5‘
1383 5595 1549 5649 Ἐνὰκ
1591 5599 1655 5650 ἐκ
1693 5596 1804 5650 τῶν
1836 5594 2027 5665 γιγάν-

452 5678 582 5735 των,
610 5680 735 5735 qua:
760 5665 813 5717 in
844 5665 1098 5735 versione
1144 5663 1288 5719 LXX
1338 5665 1697 5735 interpretum
1753 5663 1972 5731 desunt,
2000 5681 2029 5719 a

455 5731 658 5787 Grabio
690 5743 873 5789 autem
904 5744 959 5791 ct
980 5734 1319 5809 Brcitingero
1344 5731 1609 5793 asterisco
1627 5737 1813 5793 addito
1830 5736 2032 5793 inserta

452 5811 605 5864 sunt.

2205 5520 2318 5645 $53)
2346 5515 2676 5584 τεσσάρων.
2712 5508 3023 5568 Secundum
3052 5503 3337 5559 lectionem
3365 5498 3484 5556 cod.
3513 5495 3711 5563 Vatic.,

2205 5610 2213 5645 ι
2261 5590 2432 5645 codex
2458 5588 2614 5641 Alex.
2645 5584 2825 5639 habet.
2857 5580 2915 5645 ἐξ
2938 5578 3178 5645 πήχεων.

2137 5578 2230 5647 sed
2261 5578 2432 5645 codex
2458 5578 2614 5641 Alex.
2645 5584 2825 5639 habet.
2857 5580 2915 5648 ἐξ
2938 5578 3178 5649 πήχεων.

2213 5657 2697 5731 (5ι)(ὶο(1γ.ειῌΡίο.
2731 5651 2939 5731 σαφῶς·
3077 5714 3115 5731 η
3170 5713 3186 5731 _
3261 5723 3303 5731 ﬂ
3355 5709 3409 5731 η,

2349 5706 3044 5809 ἦοξὶᾶἀῖξ--σμνήέιτὸντο,
3075 5713 3209 5773 Cod.
3253 5723 3307 5793 et
3355 5709 3470 5766 Pic.
3504 5706 3713 5762 πλείοσι

2148 5803 2496 5857 συνάπτοντο.
