4038 6210
382 326 481 395 1'53

1439 330 1721 402 QUrEST.
1751 330 1834 394 IN
1879 332 2147 396 GENES.
2184 335 2342 400 CAP.
2379 339 2456 401 VI

3520 353 3620 418 154

391 442 474 495 καὶ
503 438 716 500 δίκαιον,
761 437 826 490 ἐκ
860 437 962 508 τῆς
990 438 1098 492 τῶν
1149 441 1389 497 εὐσεϐῶν
1441 449 1762 516 συγγενείας
1812 450 1938 520 βλα·

2042 467 2069 507 e
2097 454 2306 522 piorum
2335 453 2542 512 familia
2571 463 2752 512 ortum
2781 499 2795 525 ,
2840 469 2896 514 et
2937 462 3030 532 qui
3060 465 3471 532 permistionem
3508 472 3619 526 ini~

393 533 655 602 στήσαντα,
679 531 776 583 καὶ
800 531 897 602 τὴν
936 533 1034 604 τῆς
1065 537 1411 608 παρανομίας
1441 541 1724 610 ἐπιμιξίαν
1765 546 1932 616 μισή-

384 642 549 678 σαντα.
585 624 655 676 Οὑ
703 626 834 694 μὴν,
863 625 940 688 ῶς
978 628 1122 692 τινές
1158 646 1339 697 φασιν,
1371 633 1506 704 ὀργῇ
1541 651 1666 699 τινι,
1702 637 1794 689 καὶ
1837 653 1934 706 με·

377 717 624 788 ταμελείᾳ
641 717 813 771 ταῦτα
848 721 1138 790 πεποίηκε.
1171 723 1356 777 Ταῦτα
1379 726 1488 798 γάρ
1513 744 1596 781 τοι
1620 729 1936 802 ἀνθρώπινα

373 811 510 880 πάθη
535 827 549 840 ·
582 812 614 880 ἡ
645 810 700 864 δὲ
743 811 866 864 θεία
900 813 1060 881 φύσις
1095 815 1356 888 ἐλευθέρα
1390 820 1602 876 παθῶν.
1640 822 1844 888 ’Ἄλλως
1875 842 1934 878 τε

371 905 399 973 η
433 902 761 973 μεταμέλεια
794 907 907 968 τοῖς
939 907 1076 977 μετὰ
1104 909 1202 979 τὴν
1231 913 1428 980 πεῖραν
1461 913 1793 985 μανθάνουσι
1826 917 1936 971 τῶν

369 992 702 1060 πραγμάτων
732 993 829 1065 τὴν
865 995 1026 1064 φύσιν
1065 1000 1402 1071 κατάλληλος
1427 1018 1438 1032 ο
1470 1005 1795 1072 ἀγνοοῦντες
1825 1007 1935 1078 γὰρ

368 1084 423 1136 τὺ
448 1085 720 1154 ἐσόμενον,
750 1087 1205 1157 προϐουλεύονται
1227 1109 1241 1124 ο
1271 1090 1390 1146 εῐτα
1430 1097 1496 1167 τῇ
1535 1096 1704 1168 πείρᾳ
1731 1097 1936 1167 μανθά-

368 1193 558 1238 νοντες,
596 1177 672 1239 ὡς
716 1177 817 1230 οὒκ
861 1178 1037 1248 ὀρθῶς
1070 1181 1480 1250 ἐϐουλεύσαντο,
1515 1188 1928 1258 μεταμέλονται.

379 1267 433 1319 ’0
458 1267 511 1320 δὲ
539 1267 673 1331 Θεὸς
714 1269 886 1333 οὕτως
929 1274 1032 1343 ὁρᾷ
1065 1273 1132 1327 τά
1167 1277 1304 1345 μετὰ
1335 1276 1537 1342 πολλὰς
1575 1279 1809 1350 ἐσόμενα
1838 1298 1936 1350 γε-

367 1357 504 1419 νεὰς,
537 1357 613 1419 ὡς
652 1359 754 1430 ἤδη
805 1363 1173 1433 γεγενημένα.
1220 1367 1305 1432 Ὠς
1350 1371 1602 1440 προορῶν
1630 1373 1808 1425 τοίνυν
1839 1374 1934 1427 καὶ

365 1449 770 1518 προγινώσκων,
801 1452 974 1518 οὕτως
1003 1455 1219 1511 ἅπαντα
1245 1463 1598 1532 πρυτανεύει.
1640 1465 1704 1518 Τί
1732 1465 1934 1537 δήποτε

360 1543 534 1595 τοίνυν
585 1545 996 1616 μεταμελεῖται,
1047 1549 1265 1605 ἅπαντα
1313 1554 1450 1622 πρὸς
1482 1556 1578 1624 τὴν
1627 1558 1936 1627 πρόγνωσιν

361 1633 452 1705 τὴν
489 1635 699 1690 οίκείαν
725 1639 1054 1708 οίκονομῶν;
1087 1642 1284 1697 οὐκοῦν
1325 1646 1416 1698 ἐπὶ
1455 1646 1589 1700 Θεοῦ
1620 1649 1730 1718 (56)
1765 1667 1935 1720 μετα-

363 1726 549 1797 μέλεια
606 1729 922 1800 οἰκονομίας
953 1735 1070 1784 ἐστὶ
1103 1735 1396 1807 μεταϐολή.
1455 1756 1473 1790 ι
1527 1740 1933 1812 Μεταμεμέλη--

360 1835 451 1889 μαι
482 1819 599 1888 (57)
632 1820 761 1890 γὰρ,
797 1824 983 1893 φησὶν,
1015 1825 1100 1878 ὅτι
1122 1827 1360 1898 κέκρικα
1388 1829 1500 1899 (58)
1527 1831 1617 1883 τὸν
1648 1831 1823 1884 Σαοὺλ
1853 1835 1934 1897 είς

359 1909 605 1980 βασιλέα,
635 1930 653 1963 ι
698 1913 818 1965 ἀντὶ
852 1914 969 1981 τοῦ,
998 1916 1325 1988 Ἐδοκίμασα
1352 1920 1452 1989 μὲν
1484 1922 1692 1976 παῦσαι
1717 1923 1934 1990 τοῦτον,

357 2001 539 2072 ἕτερον
579 2003 640 2056 δὲ
674 2006 1072 2076 χειροτονῆσαι.
1111 2009 1268 2063 Οῦτω
1315 2012 1617 2078 κάνταῦθα,
1667 2013 1937 2086 ἐνεθυμή-

358 2095 451 2165 θην
487 2098 570 2150 ὅτι
613 2099 846 2170 ἐποίησα
893 2101 982 2155 τὸν
1016 2101 1323 2172 ἄνθρωπον,
1359 2105 1657 2175 ἐδοκίμασα
1698 2107 1936 2162 διολέσαι

357 2190 460 2243 τῶν
510 2190 824 2261 ἀνθρώπων
876 2192 938 2246 τὸ
988 2195 1182 2263 γένος’
1241 2196 1376 2249 ἀλλὰ
1428 2198 1812 2270 φιλάνθρωπος
1862 2204 1939 2256 ὢν

359 2281 583 2352 σπέρμα
618 2283 708 2337 τὸν
755 2283 878 2336 Νῶε
910 2288 977 2356 τῇ
1027 2285 1187 2354 φύσει
1219 2287 1329 2357 (59)
1361 2291 1683 2361 τετήρηκεν.
1727 2295 1940 2366 Ἐπειδὴ

357 2371 410 2424 δὲ
445 2373 540 2426 καὶ
601 2373 710 2426 τῶν
774 2374 989 2444 ἀλόγων
1039 2378 1108 2430 τὰ
1147 2379 1278 2449 γένη
1337 2381 1436 2449 τῆς
1484 2383 1591 2435 τῶν
1636 2385 1941 2454 ἀνθρώπων

359 2463 516 2516 ἕνεκα
575 2465 1044 2538 δεδημιούργηται
1087 2470 1296 2541 χρείας,
1343 2473 1436 2526 καὶ
1480 2475 1654 2529 ταῦτα
1689 2481 1801 2541 τοῖς
1844 2479 1939 2532 άν-

361 2556 606 2628 θρὼποις
649 2559 1034 2631 συνδιεφθάρη,
1072 2562 1212 2632 πλὴν
1255 2562 1364 2616 τῶν
1403 2567 1462 2618 ἐν
1491 2569 1556 2636 τῇ
1589 2563 1810 2639 κιϐωτῷ
1845 2571 1942 2624 σὺν

359 2647 431 2718 τῷ
462 2649 598 2701 Νῶε
631 2649 1003 2705 διασωθέντων
1034 2654 1099 2709 ⁶⁰.
1147 2653 1431 2710 Ἐκέλευσε
1465 2659 1508 2689 ⁸⁸
1543 2658 1651 2730 γὰρ
1684 2661 1711 2710 ὁ
1740 2661 1944 2712 Δεσπό-

360 2756 454 2804 της
502 2740 650 2803 Θεὸς
677 2741 782 2794 ἀνὰ
831 2741 926 2795 δύο
962 2743 1061 2812 μὲν
1113 2745 1171 2811 ἐξ
1205 2746 1438 2800 ἑκάστου
1489 2747 1681 2816 γένους
1721 2749 1828 2801 τῶν
1857 2749 1944 2802 δο-

359 2831 610 2886 κούντων
651 2833 982 2904 ἀκαθάρτων
1023 2837 1376 2908 διασωθῆναι,
1410 2839 1514 2894 ἀνὰ
1560 2841 1700 2894 ἑπτὰ
1733 2841 1790 2895 δὲ
1835 2842 1945 2894 τῶν

361 2925 649 2995 καθαρῶν.
693 2927 911 2998 Ἐπειδὴ
961 2929 1069 3000 γὰρ
1107 2931 1310 3000 ἧμελλε
1364 2936 1666 3004 συγχωρεῖν
1714 2937 1824 2994 τοῖς
1853 2938 1946 2988 ἀν-

361 3016 612 3085 θρώποις
639 3019 1080 3089 μεταλαμϐάνειν
1119 3024 1316 3092 κρεῶν,
1353 3025 1584 3095 ἤμελλον
1627 3026 1684 3078 δὲ
1730 3027 1822 3080 καὶ
1855 3027 1947 3080 θυ-

2035 545 2260 614 quitatis
2289 559 2507 600 summo
2539 548 2667 602 odio
2696 548 2947 605 habebat.
2970 549 3089 606 Non
3122 566 3324 623 autem,
3356 570 3414 614 ut
3441 559 3621 617 ferunt

2034 637 2278 707 quidam,
2312 638 2388 693 ira
2418 640 2653 709 quadam
2686 651 2739 693 et
2765 641 3084 710 pmnitentia
3110 644 3308 700 ductus
3334 647 3478 704 Deus
3506 652 3622 708 haec

2033 729 2161 796 egit.
2199 727 2290 783 lla:
2321 739 2448 784 sunt
2491 731 2637 784 enim
2686 730 2940 786 humana:
2982 734 3304 803 passiones,
3343 750 3372 788 a
3421 740 3622 808 quibus

2035 831 2233 876 natura
2265 821 2447 876 divina
2482 838 2708 891 prorsus
2746 834 2830 878 est
2865 824 3056 879 libera.
3095 825 3327 881 Maxime
3349 844 3472 884 cum
3509 846 3624 900 pm-

2035 913 2264 968 nitentia
2313 915 2604 969 conveniat
2651 915 2765 981 eis,
2806 916 2901 986 qui
2951 916 3198 986 periculo
3245 918 3393 974 facto
3437 936 3622 976 rerum

2035 1006 2401 1061 conditionem
2436 1007 2765 1062 didicerunt.
2804 1007 3127 1079 lgnorantcs
3163 1011 3309 1066 enim
3345 1013 3491 1082 quod
3535 1012 3624 1067 fu-

2037 1110 2218 1154 turum
2255 1108 2339 1155 est
2362 1140 2376 1164 ,
2409 1110 2566 1156 antea
2610 1101 2924 1157 consultant
2956 1120 2969 1156 :
3006 1111 3120 1157 tum
3178 1104 3423 1172 periculo
3477 1103 3623 1160 facto

2035 1191 2308 1247 discentes
2331 1193 2472 1262 quod
2508 1209 2614 1248 non
2647 1201 2793 1249 recte
2819 1194 3267 1263 deliberaverint,
3301 1197 3623 1266 pmuitentia

2035 1283 2330 1338 ducuntur.
2363 1282 2504 1339 Deus
2530 1293 2710 1338 autem
2745 1284 2967 1354 perinde
2993 1286 3138 1340 videt
3167 1302 3230 1341 ea
3261 1303 3383 1357 qua:
3419 1289 3622 1344 multas

2036 1389 2158 1445 pOSt
2184 1377 2562 1446 generationes
2589 1376 2772 1430 futura
2801 1385 2949 1443 sunt,
2976 1392 3040 1432 ac
3063 1377 3108 1433 si
3142 1377 3253 1447 jam
3290 1379 3618 1434 evenissent.

2037 1467 2176 1521 Hinc
2213 1467 2270 1521 ﬁt
2321 1476 2378 1520 ut
2406 1477 2668 1538 tanquam
2705 1468 3004 1538 prmvidens
3032 1477 3086 1522 et
3117 1471 3408 1538 pra-sciens
3436 1471 3619 1524 omnia

2035 1560 2331 1630 dispenset.
2347 1559 2636 1626 Quomodo
2660 1577 2790 1631 ergo
2817 1565 2832 1583 ⁵
2864 1562 3183 1631 poenitentia
3207 1563 3364 1616 cadat
3389 1563 3443 1614 in
3466 1579 3618 1625 enin,

2037 1654 2128 1722 qui
2161 1669 2258 1708 sua
2282 1653 2618 1723 praescientia
2649 1653 2786 1723 regit
2815 1654 3069 1708 universa
3104 1669 3118 1705 :
3155 1669 3326 1723 quare
3361 1654 3623 1722 poeniten-

2038 1748 2112 1801 tia
2150 1746 2239 1800 Dei
2279 1747 2416 1800 nihil
2445 1745 2590 1799 aliud
2621 1753 2740 1811 est,
2778 1760 2943 1814 quam
2989 1746 3222 1799 mutatio
3259 1745 3624 1813 dispensatio-

2039 1839 2126 1894 nis
2161 1838 2322 1906 ejus:
2371 1855 2389 1888 ι
2426 1836 2658 1892 Paenitet
2686 1851 2800 1900 me,
2843 1835 2954 1908 64
2983 1837 3200 1904 inquit,
3238 1836 3386 1906 quod
3420 1835 3622 1892 consti-

2037 1929 2236 1983 tuerim
2266 1927 2392 1982 Saul
2417 1943 2598 1998 regem
2621 1929 2649 1967 ιι
2676 1969 2691 1992 ,
2729 1944 2830 1997 pro
2861 1944 2926 1982 eo
2957 1929 3103 1997 quod
3132 1937 3250 1994 est,
3275 1928 3439 1982 statui
3471 1929 3624 1982 illum

2039 2022 2344 2090 deponere,
2374 2031 2425 2074 et
2449 2021 2679 2074 alterum
2708 2036 2916 2076 creare.
2957 2019 3048 2075 Sic
3103 2031 3157 2074 et
3214 2021 3266 2072 in
3334 2021 3436 2074 hoc
3469 2020 3586 2073 loco
3607 2061 3623 2086 ,

2048 2124 2065 2157 ι
2093 2104 2325 2160 Paenitet
2385 2121 2471 2159 me
2519 2105 2712 2160 fecisse
2740 2106 3012 2160 hominem
3040 2145 3055 2169 ,
3088 2123 3106 2157 ι
3141 2104 3246 2158 hoc
3272 2113 3355 2158 est
3373 2145 3388 2168 ,
3411 2104 3624 2158 decrevi

2041 2197 2266 2267 perdere
2294 2197 2576 2250 hominum
2619 2213 2811 2266 genus.
2852 2195 3052 2250 Verum
3077 2238 3092 2262 ,
3119 2211 3245 2250 cum
3269 2195 3538 2265 benignus
3573 2204 3630 2249 et

2041 2290 2282 2345 clemens
2321 2298 2502 2356 esset,
2549 2305 2734 2344 semen
2779 2290 2946 2343 totius
2992 2290 3228 2358 generis,
3287 2290 3463 2356 ipsum
3514 2286 3628 2340 Noe

2042 2386 2250 2432 naturae
2273 2379 2525 2434 humana:
2551 2380 2916 2434 conservavit.
2935 2379 3000 2433 Et
3022 2380 3278 2448 quoniam
3305 2380 3626 2433 animalium

2044 2468 2446 2522 irrationalium
2507 2485 2705 2538 genera
2764 2470 2820 2522 in
2884 2485 3044 2523 usum
3111 2469 3393 2522 hominum
3447 2478 3629 2524 creata

2043 2567 2199 2610 erant
2225 2595 2239 2620 ,
2270 2557 2436 2610 etiam
2467 2558 2581 2610 haec
2615 2573 2739 2611 cum
2772 2556 3089 2611 hominibus
3123 2557 3299 2611 deleta
3333 2566 3501 2620 sunt,
3533 2573 3633 2611 ex-

2045 2648 2216 2717 ceptis
2243 2649 2347 2714 his,
2379 2665 2500 2717 quae
2534 2649 2586 2702 in
2618 2664 2744 2703 arca
2772 2664 2897 2703 cum
2925 2647 3040 2703 Noe
3066 2657 3280 2704 servata
3309 2658 3458 2702 sunt.
3481 2647 3634 2702 Man-

2046 2739 2195 2794 davit
2222 2740 2365 2794 enim
2402 2740 2665 2795 Dominus
2697 2740 2842 2795 Deus
2897 2740 3024 2795 bi’na
3052 2756 3116 2796 ex
3153 2757 3480 2812 unaquaque
3509 2755 3633 2810 spe-

2047 2833 2131 2888 cie
2165 2832 2507 2898 animalium,
2536 2848 2658 2902 qua:
2690 2833 3031 2886 habebantur
3061 2832 3364 2896 immunda,
3400 2831 3629 2895 servari,

2047 2934 2100 2978 et
2131 2924 2456 2978 mundorum
2493 2924 2811 2978 animalium
2842 2934 3088 2994 septena.
3119 2921 3254 2976 Nam
3293 2939 3418 2978 cum
3457 2921 3633 2975 homi-

2050 3018 2212 3071 nibus
2239 3024 2382 3071 esset
2417 3016 2788 3085 permissurus
2818 3017 3152 3071 manducare
3185 3030 3402 3079 carnes,
3438 3021 3491 3067 et
3529 3012 3632 3065 ho-

363 3104 478 3168 σίας
529 3104 689 3175 αὐτῷ
733 3109 1063 3179 προσφέρειν
1108 3112 1210 3180 τῆς
1249 3115 1533 3178 εὐσεϐείας
1571 3117 1618 3168 ot
1668 3117 1946 3186 τρόφιμοι,

2054 3112 2227 3167 mines
2249 3111 2322 3181 pii
2343 3111 2700 3166 sacriﬁcaturi
2723 3120 2909 3165 essent
2931 3111 3030 3178 illi,
3053 3111 3315 3180 majorem
3343 3121 3632 3162 numerum

362 3196 592 3252 πλείονα
647 3197 717 3252 τὰ
772 3199 990 3272 καθαρὰ
1057 3204 1398 3275 φυλαχθῆναι
1455 3208 1792 3276 προσέταξε·
1845 3210 1946 3275 τὰς

365 3289 457 3358 μὲν
487 3293 652 3361 τρεῖς
679 3291 945 3361 συζυγίας
980 3296 1060 3358 είς
1097 3297 1197 3367 τὴν
1235 3296 1462 3368 αὔξησιν
1499 3299 1592 3354 τοῦ
1625 3302 1850 3369 γένους·
1885 3301 1947 3356 τὸ

362 3379 415 3432 δὲ
439 3379 499 3434 ἐν
519 3381 589 3434 τὺ
619 3384 877 3453 περιττὸν
905 3386 986 3450 είς
1013 3386 1226 3442 θυσίαν.
1259 3389 1435 3454 Εὐθὺς
1462 3391 1570 3463 γὰρ
1591 3394 1618 3445 ὁ
1642 3393 1787 3456 Νῶε,
1810 3394 1946 3465 μετὰ

361 3471 457 3542 τὴν
492 3472 715 3527 παῦλαν
752 3476 856 3545 τῆς
880 3478 1174 3549 τιμωρίας,
1212 3479 1406 3535 θυσίαν
1437 3481 1516 3551 τῷ
1542 3482 1661 3554 Θεῷ
1688 3487 1947 3555 χαριστή-

368 3581 479 3636 ριον
510 3568 951 3638 προσενήνοχεν⁹
987 3571 1094 3625 ἀπὸ
1126 3571 1363 3639 πάντων,
1407 3574 1564 3646 φησὶ,
1597 3575 1704 3628 τῶν
1735 3577 1948 3647 κτηνῶν

363 3658 471 3711 τῶν
518 3658 805 3730 καθαρῶν,
842 3663 937 3715 καὶ
981 3664 1088 3717 ἀπὸ
1132 3666 1349 3720 πάντων
1396 3667 1504 3721 τῶν
1543 3670 1807 3722 πετεινῶν
1838 3671 1948 3724 τῶν

364 3748 646 3820 καθαρῶν.
691 3751 780 3812 Ὠς
826 3747 966 3806 εἷναι
1016 3754 1192 3826 δῆλον,
1243 3759 1324 3812 ὅτι
1359 3759 1616 3830 τούτουγε
1649 3762 1809 3833 χάριν
1846 3763 1949 3816 ἀνὰ

364 3841 515 3894 ἑπτὰ
548 3843 880 3912 προσέταξεν
929 3845 988 3911 ἐξ
1023 3847 1253 3903 ἑκάστου
1303 3851 1498 3918 γένους
1545 3853 1654 3908 τῶν
1689 3854 1948 3925 καθαρῶν

365 3934 442 3994 εἰς
473 3932 580 4002 τὴν
611 3935 840 3988 κιϐωτὸν
876 3939 1218 4010 εἰσαχθῆναι,
1253 3941 1338 3994 ἵνα
1378 3942 1440 3995 τὸ
1477 3942 1534 3996 ἓν
1571 3943 1710 4008 ζῶον
1750 3944 1807 4011 ἐξ
1825 3945 1951 3999 ἐκά-

369 4040 500 4077 στου
540 4025 730 4092 γένους
763 4029 792 4080 ὁ
835 4028 961 4083 Νῶε
1006 4031 1333 4103 προσφέρων
1376 4035 1451 4105 μὴ
1497 4035 1782 4109 διαφθείρῃ
1850 4037 1950 4102 τὰς

372 4113 660 4184 συζυγίας.

977 4261 1176 4316 ΕΡΩΤ.
1217 4262 1348 4317 NA'.

588 4419 649 4470 Τί
677 4417 890 4487 ἤσθιεν
928 4419 998 4474 ἐν
1034 4419 1110 4490 τῇ
1153 4421 1378 4488 κιϐωτῷ
1417 4422 1490 4478 τὰ
1534 4425 1750 4495 θηρία;

2047 3204 2377 3259 mundorum
2411 3204 2734 3258 animalium
2769 3203 3037 3257 custodiri
3071 3202 3274 3271 jussit;
3309 3215 3502 3269 nempe
3537 3214 3633 3253 sex

2047 3296 2553 3365 connubiojuneta,
2579 3296 2645 3349 ad
2668 3293 3166 3364 augmentationem
3195 3291 3433 3359 generis,
3464 3303 3632 3343 unum

2047 3404 2176 3443 vero
2213 3389 2417 3442 animal
2458 3388 2766 3455 reliquum,
2818 3386 2885 3440 ad
2937 3384 3380 3439 sacriﬁcandum.
3435 3381 3632 3435 Statim

2047 3479 2190 3531 enim
2224 3477 2314 3530 ubi
2345 3478 2580 3532 cessavit
2605 3475 2760 3542 ultio,
2787 3474 2898 3528 Noe
2921 3473 3250 3529 sacriﬁcium
3276 3472 3472 3528 obtulit
3503 3470 3632 3535 Deo,

2048 3569 2346 3639 gratiarum
2393 3567 3006 3625 actioni-conveniens:
3055 3584 3073 3616 ι
3107 3564 3182 3617 Ex
3218 3563 3515 3624 omnibus,
3551 3561 3636 3615 in-

2049 3665 2166 3734 quit
2192 3703 2206 3727 ,
2238 3662 2530 3732 pecoribus
2561 3661 2781 3715 mundis
2802 3700 2818 3726 ,
2853 3669 2907 3714 et
2937 3675 3004 3714 ex
3033 3658 3292 3712 omnibus
3323 3655 3636 3710 volatilibus

2050 3759 2269 3813 mundis
2296 3759 2338 3813 ί.
2376 3777 2395 3809 ι
2436 3757 2512 3811 lta
2551 3765 2612 3810 ut
2647 3764 2857 3809 certum
2889 3753 2962 3808 sit
3014 3754 3116 3806 hac
3162 3751 3230 3805 de
3272 3764 3433 3804 causa
3465 3747 3634 3802 Deum

2045 3849 2277 3920 jussisse
2297 3867 2359 3904 ex
2386 3863 2712 3918 unaquaque
2737 3847 2917 3918 specie
2954 3847 3282 3901 mundorum
3316 3843 3635 3898 animalium

2051 3952 2268 4013 Septena
2315 3942 2368 3996 in
2411 3957 2594 3995 aream
2636 3940 2930 4004 introduci,
2984 3946 3046 3992 ut
3079 3936 3192 3992 Noe
3233 3953 3402 3991 unum
3433 3933 3636 3988 animal

2053 4035 2307 4095 oﬁ'crens,
2347 4049 2410 4086 ex
2467 4046 2794 4101 unaquaque
2833 4029 3052 4100 specie,
3106 4043 3214 4081 non
3278 4025 3491 4080 tolleret
3519 4035 3642 4092 quae

2054 4127 2329 4183 connubio
2361 4126 2550 4196 juncta
2582 4131 2762 4178 erant.

2649 4256 2932 4313 INTERR.
2973 4255 3062 4311 LI.

2329 4422 2471 4489 Quid
2501 4420 2890 4476 manducabant
2925 4421 2978 4472 in
3009 4433 3138 4472 arca
3171 4413 3385 4469 bestia?

444 4509 618 4579 Δῆλον
645 4484 728 4564 ὄττι
756 4511 905 4582 χιλόν
931 4530 991 4566 τε
1022 4484 1116 4567 καί
1147 4484 1458 4586 σπέρματα.
1677 4484 1788 4591 γάρ
1817 4520 1953 4590 πρὸς

2134 4484 2371 4574 Constat
2421 4516 2604 4571 fenum
2665 4523 2719 4568 et
2781 4512 2990 4567 semina
3060 4506 3444 4563 manducasse.
3500 4498 3647 4554 Dixit

375 4601 544 4654 αὑτὸν
587 4604 616 4656 6
648 4602 813 4668 Θε6ς’
855 4623 874 4657 ι
921 4605 992 4659 Σὺ
1037 4606 1094 4660 δὲ
1147 4607 1293 4678 λήψῃ
1349 4609 1560 4680 σεαυτῷ
1595 4610 1704 4664 ἀπὸ
1737 4611 1955 4666 πάντων

451 4799 483 4841 ι
515 4801 533 4856 1
561 4803 694 4874 Reg.
722 4818 814 4869 xv,
839 4805 928 4860 ll.
1010 4807 1029 4847 ι
1064 4804 1203 4862 Gen.
1230 4821 1350 4870 vm,
1375 4805 1469 4860 20.

2066 4611 2212 4668 enim
2244 4610 2388 4666 Deus
2432 4610 2500 4664 ad
2530 4607 2685 4663 Noe:
2734 4624 2751 4656 ι
2789 4603 2870 4657 Τιι
2907 4617 3036 4657 vero
3072 4613 3258 4655 sumes
3295 4596 3390 4651 tibi
3425 4610 3490 4648 ex
3523 4607 3645 4647 om-

1229 4958 1463 5016 VARUE
1515 4959 1900 5017 LECTIONES
1943 4958 2036 5013 EX
2082 4955 2361 5013 CATENA
2413 4953 2765 5010 LIPSIENSI.

461 5146 502 5177 “
525 5145 642 5200 Cal.
680 5160 736 5214 p.
775 5144 895 5197 155.
935 5142 1033 5196 σὺν
1065 5140 1142 5214 τῷ
1269 5140 1758 5214 διαφᾼυλαχθέντων.
1837 5139 1876 5170 ⁶¹
1913 5137 1957 5202 Ο

2042 5159 2046 5189 ε
2075 5138 2126 5191 in
2159 5139 2245 5192 ed.
2281 5143 2471 5189 nostra
2511 5140 2836 5204 sequuntur,
2881 5130 3157 5196 ἐκέλευσε,
3191 5138 3322 5188 etc..
3348 5133 3562 5182 exstant
3592 5127 3644 5178 in

393 5225 496 5270 cat.
529 5232 582 5287 p.
613 5206 740 5282 143,
766 5214 831 5269 ad
858 5229 908 5269 c.
943 5230 1039 5278 vn,
1068 5206 1125 5267 2.
1170 5206 1433 5267 Praecedit
1467 5206 1648 5266 autem
1688 5212 1741 5264 in
1784 5219 1891 5264 cat.
1933 5224 1986 5278 p.
2021 5209 2122 5262 145
2150 5207 2379 5277 quaestio
2413 5206 2501 5258 51.

1894 5391 2125 5447 ΝΟΤΛ).

465 5553 572 5623 (56)
610 5549 742 5615 Ἐ’πί
769 5545 941 5623 Θεώ.
974 5550 1110 5604 Cod.
1135 5558 1188 5623 e_t
1219 5549 1497 5623 P_iC._p.E":&
1523 5546 1683 5623 Θεοῦ.

467 5614 574 5692 (57')
605 5619 1229 5692 Μεταμεμέλημαιτιιθ
1255 5614 1449 5692 legitur
1466 5620 1651 5692 etiam,
1687 5625 1744 5669 ut
1775 5614 1964 5692 Lamb.

401 5684 500 5748 Bos
545 5684 795 5753 testatur,
834 5684 888 5744 in
938 5684 1068 5744 edit.
1102 5684 1379 5760 Complut.
1413 5690 1545 5746 Cod.
1589 5687 1741 5741 Alex.
1778 5696 1831 5741 ct
1865 5684 1967 5738 Va-

403 5763 490 5820 ιιι.
521 5764 720 5819 habent
747 5760 1194 5832 παρακέκλημαι.

2147 5543 2258 5610 (5'8)
2317 5541 2589 5610 Κέχρικα.
2643 5539 2876 5607 Recepta
2914 5536 3072 5592 lectio
3123 5543 3241 5595 est,
3296 5529 3643 5584 ἐϐασίλευσα.

2076 5613 2189 5688 Alii
2215 5614 2400 5688 legunt
2439 5613 2690 5688 'EXPWE-
2731 5680 2743 5688 ,
2841 5678 2932 5688 ..η
3031 5677 3051 5688 -
3204 5673 3215 5688 .

2151 5677 2372 5754 (Μὴ-Τῇ
2398 5677 2599 5752 φύσει.
2634 5680 2766 5735 Cod.
2799 5687 2853 5733 et
2877 5678 2989 5732 Pic.
3029 5677 3109 5729 ἔτι
3150 5677 3324 5742 φύσει.

3980 4735 3984 4873 ι

3978 4323 3984 4414 1
