4038 6210
382 312 490 384 155

1363 324 1856 392 THEODORETI
1896 332 2240 397 EPISCOPI
2300 335 2668 411 CYRENSIS

3546 352 3647 420 156

377 432 540 487 nibus
580 430 718 488 cibis
752 447 896 504 quos
941 434 1264 504 comeditis,
1313 446 1369 494 et
1412 445 1766 502 coacervabis
1815 449 1958 517 apud

2058 451 2168 508 τῶν
2203 451 2509 524 βρωμάτων
2554 448 2632 510 ῶν
2664 457 2871 527 ἕδεσθε,
2907 460 3002 516 καὶ
3035 463 3302 530 ’συνάξεις
3341 467 3480 539 πρὸς
3521 470 3646 524 ἑαυ-

379 525 653 594 teipsum:
705 535 758 581 et
799 536 963 582 erunt
1007 529 1104 583 tibi
1151 539 1204 585 et
1251 531 1359 588 illis
1397 536 1514 590 esui
1543 548 1589 592 1.
1622 557 1642 591 ι
1690 538 1798 610 65
1846 539 1960 598 Hoc

376 625 554 686 autem
597 616 774 684 ipsum
816 619 981 672 etiam
1023 621 1334 679 hominibus
1372 626 1532 682 edere
1586 630 1702 700 lege
1753 648 1956 702 praecco

376 712 489 779 pit:
530 730 546 761 ι
579 708 718 765 Ecce
746 713 889 765 enim
926 711 1049 767 dedi
1075 716 1233 771 vobis
1261 733 1477 774 omnem
1522 722 1743 777 herbam
1788 727 1955 782 semi-

375 803 590 866 nalem,
623 804 902 862 seminans
945 823 1165 873 semen,
1215 812 1361 880 quod
1411 823 1495 869 est
1540 831 1702 885 super
1738 819 1957 875 univer-

373 908 488 946 sam
519 903 740 956 terram,
777 904 831 950 et
862 913 1024 953 omne
1057 900 1259 970 lignum
1295 903 1498 960 habens
1529 907 1580 959 in
1620 923 1678 962 se
1712 908 1953 967 fructum

372 981 601 1036 seminis
633 984 953 1040 seminalem
984 989 1086 1042 erit
1117 989 1271 1044 vobis
1305 991 1358 1044 in
1388 991 1569 1047 cibum
1602 1005 1651 1050 et
1685 999 1954 1057 universis

373 1075 564 1129 bestiis
587 1087 778 1142 terrae,
811 1088 866 1133 et
894 1081 1150 1137 omnibus
1181 1082 1492 1141 volatilibus
1523 1088 1644 1142 coeli
1669 1129 1684 1154 ,
1735 1101 1789 1146 et
1835 1093 1956 1148 uni-

373 1183 533 1224 verso
565 1171 744 1238 reptili
775 1173 984 1242 repenti
1017 1189 1182 1244 super
1212 1183 1446 1245 terram,
1486 1180 1633 1250 quod
1673 1183 1726 1236 in
1763 1199 1823 1239 se
1854 1186 1952 1241 ha-

370 1260 462 1314 bet
500 1262 737 1317 animam
768 1265 892 1319 vita:
923 1282 936 1319 :
970 1274 1025 1320 et
1052 1281 1267 1322 omnem
1301 1269 1526 1327 herbam
1559 1274 1787 1330 viridem
1826 1279 1950 1334 dedi

370 1349 528 1404 vobis
561 1350 614 1403 in
647 1367 826 1406 escam
860 1353 905 1408 ιι.
950 1372 969 1406 ι
1003 1353 1081 1408 Ita
1116 1363 1174 1409 ut
1211 1357 1562 1416 manifestum
1594 1364 1684 1430 sit,
1721 1369 1864 1435 quod
1898 1378 1953 1422 et

369 1440 621 1496 homines
656 1451 711 1496 et
742 1444 998 1498 animalia
1031 1446 1102 1500 ab
1138 1462 1233 1503 esu
1268 1452 1513 1508 carnium
1556 1455 1946 1513 abstinebant:

367 1547 468 1600 pro
509 1533 770 1588 alimento
811 1549 977 1602 vero,
1018 1535 1291 1597 fructibus
1346 1558 1377 1598 e
1416 1553 1562 1599 terra
1601 1551 1950 1608 nascentibus

368 1624 678 1678 utebantur.
711 1624 850 1680 lllud
870 1629 887 1650 ‘
911 1637 1116 1694 autem,
1138 1649 1157 1682 ι
1179 1634 1460 1692 seminans
1485 1653 1694 1707 semen,
1715 1660 1732 1694 ι
1752 1641 1947 1714 Aquila

364 1712 756 1783 interprelatus
785 1726 896 1784 est,
946 1739 964 1772 ι
997 1721 1307 1790 producens
1345 1742 1553 1784 semen.
1584 1748 1604 1783 ι

930 1830 1212 1890 INTERR.
1267 1837 1378 1892 LII.

366 1936 638 2003 Quomodo
665 1943 1061 2016 intelligendum
1099 1961 1177 2005 est
1219 1953 1354 2007 illud
1385 1969 1404 2008 :
1450 1975 1468 2008 ι
1518 1956 1588 2011 Et
1635 1963 1946 2018 recordatus

844 2027 924 2071 est
963 2018 1219 2076 Dominus
1260 2024 1416 2082 Noe?
1449 2045 1467 2078 ι

429 2099 710 2174 Scriptura
739 2107 921 2164 divina
948 2111 1210 2182 loquitur,
1239 2126 1404 2186 prout
1428 2120 1748 2181 hominibus
1778 2142 1946 2197 expe-

359 2195 468 2257 dit,
501 2208 554 2250 et
583 2214 682 2268 pro
711 2210 873 2270 captu
917 2205 1230 2262 auditorum
1265 2211 1445 2266 varias
1481 2212 1643 2270 habet
1682 2195 1944 2289 loquendi

358 2285 584 2344 formas.
630 2290 1102 2356 Quemadmodum
1152 2311 1284 2369 ergo
1356 2303 1679 2370 pmnitentia
1726 2285 1779 2362 in
1834 2309 1944 2365 Deo

356 2387 439 2432 est
468 2379 959 2438 administrationis
989 2383 1292 2441 adversitas
1319 2406 1332 2443 :
1371 2406 1388 2440 ι
1427 2392 1660 2447 Paenitet
1685 2396 1828 2449 enim
1859 2413 1945 2452 me

355 2469 502 2538 quod
535 2473 783 2526 unxerim
823 2473 953 2528 Saul
984 2476 1036 2530 in
1069 2493 1251 2550 regem
1277 2485 1324 2545 ⁸,
1363 2501 1383 2534 ι
1421 2499 1521 2553 pro
1551 2500 1616 2540 eo
1645 2489 1789 2558 quod
1824 2499 1902 2545 est
1925 2531 1940 2558 ,

352 2565 569 2620 decrevi
616 2567 782 2621 alium
829 2569 882 2623 in
929 2571 1048 2641 ejus
1090 2572 1272 2628 locum
1321 2580 1655 2634 constituere
1695 2599 1709 2635 :
1757 2582 1840 2638 sic
1891 2593 1943 2638 et

350 2655 440 2711 hic
492 2675 506 2711 :
557 2678 575 2709 ι
611 2659 844 2717 Ρωηίιει
884 2678 971 2718 me
1020 2666 1166 2735 quod
1215 2666 1316 2722 feci
1365 2669 1731 2738 hominemm,
1771 2692 1789 2726 ι
1843 2691 1942 2744 pro

349 2764 417 2804 eo
471 2751 617 2821 quod
677 2764 797 2820 est,
856 2757 1022 2812 statui
1080 2759 1397 2818 hominibus
1438 2763 1637 2820 inferre
1686 2767 1936 2825 exitium.

350 2840 463 2898 Hoc
492 2843 691 2913 igitur:
735 2867 754 2899 ι
783 2848 1120 2907 liecordatus
1150 2865 1232 2908 est
1260 2853 1524 2914 Dominus
1553 2857 1668 2914 Noe
1685 2867 1732 2925 η,
1772 2882 1790 2913 ι
1830 2879 1939 2919 non

347 2936 585 3004 priorem
619 2936 789 2994 fuisse
812 2941 1141 2997 oblivionem
1175 2946 1456 3016 designat,
1500 2945 1596 3005 sed
1639 2954 1937 3010 maximam

349 3027 524 3096 ipsius
577 3029 969 3085 humanitatem
1013 3035 1236 3086 denotat
1266 3051 1292 3106 ετ
1347 3039 1494 3106 quod
1543 3055 1763 3097 summo
1813 3060 1941 3116 erga

1976 1800 2027 1862 Β

2060 545 2172 610 τὸν,
2209 546 2301 599 καὶ
2333 547 2485 600 ἔσται
2524 550 2606 601 σοὶ
2637 551 2730 604 καὶ
2776 551 3006 617 ἐκείνοις
3045 556 3260 623 φαγεῖν.
3313 577 3330 610 ι
3369 556 3546 612 Ταυτδ
3585 561 3644 616 δὶ

2061 639 2155 694 καὶ
2195 643 2308 704 τοῖς
2351 641 2663 713 ἀνθρώποις
2710 644 2909 698 ἐσθίειν
2947 647 3374 720 ἐνομοθέτησενο
3426 669 3445 703 ι
3508 653 3642 710 Ἰδοὺ

2059 731 2188 802 γὰρ,
2239 735 2395 804 φησὶ,
2449 735 2660 789 δέδωκα
2712 739 2842 808 ὑμῖν
2893 741 3073 794 πάντα
3126 743 3317 813 χόρτον
3370 746 3642 816 σπόριμον

2059 827 2281 895 σπεῖρον
2319 829 2540 899 σπέρμα
2570 830 2598 882 ὅ
2625 831 2984 886 ὲστιν.ὲπάνω
3025 823 3205 905 πάσης
3241 837 3342 906 τῆς
3375 838 3510 908 γῆς’
3547 842 3638 894 καὶ

2058 918 2166 970 πᾶν
2199 917 2374 984 ξύλον,
2407 920 2436 973 ὅ
2470 921 2584 992 ἔχει
2619 924 2676 975 ὲν
2709 924 2888 994 ἐαυτῷ
2918 924 3132 995 καρπὸν
3160 927 3472 997 σπέρματος
3505 933 3639 985 σπό-

2060 1026 2238 1080 ριμον,
2272 1013 2401 1082 ὑμῖν
2429 1013 2580 1068 ἔσται
2611 1017 2691 1079 είς
2723 1014 2946 1087 βρῶσιν,
2973 1018 3068 1071 καὶ
3103 1019 3239 1072 πᾶσι
3266 1022 3379 1084 τοῖς
3422 1022 3639 1091 θηρίοις

2053 1099 2156 1168 τῆς
2182 1101 2303 1171 γῆς,
2337 1103 2431 1155 κα)⁵
2463 1104 2594 1156 πᾶσι
2645 1107 2755 1167 τοῖς
2801 1107 3070 1168 πετεινοῖς
3101 1104 3196 1158 τοῦ
3245 1107 3502 1176 οὐρανοῦ,
3540 1109 3636 1162 καὶ

2056 1190 2270 1261 ἑρπετῷ
2296 1192 2517 1262 ἕρποντι
2545 1194 2637 1246 ἐπὶ
2661 1195 2760 1265 τῆς
2789 1197 2912 1266 γῆς,
2941 1197 2969 1249 ὃ
2999 1195 3113 1267 ἔχει
3155 1199 3214 1250 ὲν
3257 1196 3434 1268 ἑαυτῷ
3461 1197 3638 1270 ψυχὴν

2055 1281 2219 1354 ζωῆς.
2249 1287 2344 1337 καὶ
2372 1287 2547 1339 πάντα
2576 1286 2768 1358 χόρτον
2799 1287 3006 1358 χλωρὸν
3027 1291 3106 1353 είς
3139 1288 3361 1359 βρῶσιν.
3389 1307 3407 1340 ι
3446 1288 3534 1353 Ὦς
3563 1286 3638 1343 εἷ-

2053 1396 2142 1432 ναι
2162 1378 2435 1451 amoma
2467 1382 2558 1435 καὶ
2578 1383 2627 1434 οἱ
2649 1381 2924 1453 ἄνθρωποι
2943 1383 3037 1436 καὶ
3053 1382 3120 1436 τὰ
3144 1381 3260 1446 ζῶα
3285 1383 3636 1454 κρεωφαγίας

2052 1471 2358 1542 ἀπείχοντο,
2388 1473 2593 1543 τροφὴν
2620 1473 2677 1526 δὲ
2703 1471 2847 1545 εἶχον
2875 1475 3000 1539 τοὺς
3041 1475 3151 1528 ἀπὸ
3197 1475 3302 1544 γῆς
3331 1475 3637 1544 φυομένους

2051 1565 2318 1634 καρπούς.
2342 1565 2416 1620 Τὸ
2433 1565 2491 1620 δὲ
2508 1587 2524 1617 ι
2540 1568 2760 1638 σπεῖρον
2784 1567 3026 1638 σπέρμα,
3041 1585 3060 1620 ι
3088 1586 3106 1618 ι
3121 1569 3454 1639 σπερμαῖνον
3471 1567 3609 1638 στεέρ

2054 1671 2130 1725 μα
2163 1654 2304 1728 (60)»
2341 1656 2370 1708 ὁ
2419 1655 2648 1720 Ἀκύλας
2675 1657 3038 1729 ήρμήνευσεν.

2651 1851 2849 1930 ερατ.
2895 1851 3026 1909 NB'.

2049 1968 2183 2036 Πῶς
2214 1965 2466 2038 νοητέον
2492 1969 2581 2036 τὸ,
2617 1988 2637 2021 ‹
2689 1969 2988 2040 Ἐμνήσθη
3023 1969 3238 2040 Κύριος
3260 1970 3368 2025 τοῦ
3394 1968 3570 2035 Νῶε;
3610 1988 3629 2022 ι

2121 2127 2454 2197 Προσφόρως
2499 2127 2612 2189 τοῖς
2645 2125 2954 2196 ἀνθρώποις
3001 2127 3034 2197 ὴ
3069 2125 3186 2178 θεία
3222 2125 3411 2196 Γραφὴ
3463 2122 3637 2177 διαλέ-

2047 2234 2202 2287 γεται
2221 2236 2236 2251 ο
2263 2221 2356 2272 καὶ
2375 2217 2450 2280 ὡς
2478 2218 2700 2271 ἀκούειν
2727 2217 2981 2271 δύνανται
3017 2215 3486 2289 μετασχηματίζει
3507 2217 3636 2280 τοὺς

2045 2310 2258 2379 λόγους.
2290 2310 2504 2380 Ὥσπερ
2544 2308 2727 2363 τοίνυν
2765 2309 2860 2362 ἐπὶ
2888 2308 3024 2362 Θεοῦ
3056 2309 3089 2378 ή
3123 2307 3460 2378 μεταμέλεια
3491 2308 3635 2360 οίκοο

2045 2401 2238 2471 νομίας
2273 2398 2392 2452 ἐστὶ
2412 2399 2647 2471 διαφορά
2676 2415 2690 2430 ο
2725 2415 2744 2449 ι
2777 2397 3257 2468 Μεταμεμέλημαι
3286 2397 3394 2468 γὰρ
3425 2398 3508 2450 ὅτι
3546 2395 3636 2449 κέ-

2043 2511 2210 2565 χρικα
2237 2493 2328 2546 τὸν
2351 2493 2525 2546 Σαοὺλ
2554 2493 2634 2556 εἰς
2661 2492 2906 2562 βασιλέα,
2935 2512 2952 2543 ι
2987 2493 3111 2545 ἀντὶ
3138 2490 3256 2555 τοῦ,
3299 2489 3634 2559 Ἐδοκίματα

2043 2585 2204 2639 ἄλλον
2245 2585 2360 2638 ἀντ’
2408 2583 2575 2637 αὑτοῦ
2611 2584 2982 2655 καταστῆσαι·
3032 2582 3176 2637 οὕτω
3255 2583 3346 2636 καὶ
3394 2581 3634 2637 ἐνταῦθα

2043 2672 2284 2743 νοητέον,
2308 2691 2328 2725 ί
2371 2673 2744 2744 Ἐνεθυμήθην
2764 2674 2847 2726 ὅτι
2877 2672 3110 2743 ἐποίησα
3137 2672 3227 2725 τὸν
3266 2671 3574 2742 ἄνθρωπον,
3606 2692 3624 2723 ι

2042 2766 2165 2820 ἀντὶ
2191 2765 2309 2831 τοῦ,
2352 2760 2690 2837 Έδοκίμασα
2735 2767 2816 2830 είς
2857 2766 3057 2829 αὐτοὺς
3117 2765 3494 2836 πανωλεθρίαν
3537 2767 3631 2818 ἐπ-

2043 2861 2294 2929 αγαγεῖν.
2330 2859 2440 2913 Καὶ
2477 2859 2638 2914 τοῦτο
2660 2861 2838 2915 τοίνυν
2867 2859 2977 2922 τὺ,ι
3017 2859 3298 2929 Ἐμνήσθη
3321 2860 3349 2911 ὁ
3373 2858 3506 2922 Θεὸς
3531 2857 3628 2912 τοῦ

2043 2950 2220 3014 Nae,»
2240 2950 2302 3003 οὐ
2328 2951 2603 3023 προτέραν
2633 2950 2804 3021 λήθην
2821 2949 3140 3012 αίνίττεται,
3163 2948 3298 3002 ἀλλὰ
3324 2949 3424 3019 τὴν
3453 2949 3631 3019 ᾶρῤη-

2040 3060 2133 3098 τον
2175 3041 2342 3098 αὑτοῦ
2386 3043 2799 3115 φιλανθρωπίαν
2846 3041 3029 3114 δηλοῖο
3077 3041 3160 3095 ὅτι
3212 3039 3302 3095 διὰ
3352 3041 3450 3112 τὴν
3500 3041 3630 3113 περὶ

348 3134 474 3174 eum
527 3137 712 3177 amore
748 3122 978 3191 jusserit
1015 3124 1283 3181 inﬁnitam
1322 3129 1468 3184 illam
1521 3141 1576 3187 et
1616 3135 1937 3192 immensam

2048 3135 2250 3188 ἐκεῖνον
2293 3132 2676 3206 φιλοστοργίαν
2716 3132 3051 3204 προσέταξεν
3085 3132 3162 3197 ὡς
3199 3132 3429 3203 τάχιστα
3455 3149 3628 3187 κατα-

347 3214 561 3282 copiam
619 3229 885 3284 aquarum
944 3231 1107 3287 quam
1173 3220 1438 3277 citissime
1487 3222 1599 3297 66
1637 3229 1938 3285 exhauriri.

346 3301 526 3372 Atque
574 3313 634 3357 ut
683 3306 963 3362 immensae
1015 3325 1131 3365 suae
1183 3311 1442 3371 bonitatis
1485 3317 1938 3388 signiﬁcationem

348 3395 652 3466 praeberet,
701 3397 956 3456 addidit:
1023 3421 1042 3453 ι
1078 3402 1236 3469 Quod
1291 3407 1457 3462 etiam
1511 3411 1828 3468 recordatus
1868 3414 1942 3470 sit

347 3488 598 3542 omnium
647 3505 906 3561 pecorum
965 3505 1018 3550 et
1073 3497 1460 3556 universorum
1516 3504 1820 3560 volatilium
1885 3517 1940 3564 et

348 3579 652 3650 reptilium,
684 3601 805 3653 quae
842 3597 998 3642 erant
1041 3603 1168 3644 cum
1214 3591 1309 3646 illo
1351 3593 1406 3648 in
1451 3610 1578 3651 arca
1613 3597 1656 3651 °.
1689 3616 1708 3650 ι
1742 3595 1940 3655 Nostra

347 3683 530 3729 autem
561 3691 724 3732 causa
753 3679 914 3733 etiam
942 3680 1030 3736 bis
1055 3685 1343 3741 consulere
1365 3687 1618 3759 dignatus
1639 3699 1758 3748 est:
1793 3693 1938 3763 quod

346 3776 402 3824 et
431 3784 664 3840 magnus
693 3770 786 3825 ille
814 3769 982 3828 David
1014 3775 1216 3831 clamat
1241 3795 1254 3831 :
1293 3797 1311 3830 ι
1339 3777 1442 3846 Qui
1473 3781 1724 3850 producit
1747 3781 1937 3840 fenum

339 3859 638 3934 jurulentis,
698 3872 752 3918 et
800 3864 1024 3920 herbam
1081 3869 1330 3926 servituti
1391 3873 1676 3930 hominum
1717 3887 1765 3931 P.
1800 3896 1819 3931 ι
1872 3877 1940 3935 Et

347 3949 544 4004 iterum
570 3966 584 4004 :
615 3967 635 4003 ι
659 3949 920 4007 Homines
943 3963 996 4009 et
1018 3954 1268 4025 jumenta
1297 3959 1556 4030 salvabis,
1588 3963 1818 4023 Domine
1841 3975 1932 4021 (1.1

346 4039 574 4114 Propter
603 4061 704 4103 nos
733 4047 879 4102 enim
910 4047 1076 4104 etiam
1108 4061 1296 4108 nostra
1329 4064 1509 4111 curat.

909 4164 1190 4225 INTERR.
1228 4167 1363 4224 LIll.

444 4277 587 4346 Quid
619 4292 696 4336 est
726 4296 746 4336 :
783 4300 801 4333 ι
840 4276 1029 4344 Olfecit
1053 4282 1194 4338 Deus
1221 4284 1435 4338 odorem
1456 4286 1737 4341 suavitatis
1758 4290 1784 4341 ?
1808 4307 1827 4340 ι

407 4431 662 4504 Suscepit
705 4429 878 4504 ipsius
903 4431 1019 4490 Noe
1063 4439 1552 4507 promptitudinem
1589 4446 1793 4511 animi,
1824 4461 1932 4500 non

2047 3226 2278 3298 ποθῆναι
2328 3226 2390 3280 τὸ
2444 3226 2672 3298 ἄπειρον
2723 3228 2900 3280 έκεῖνο
2947 3228 3042 3280 καὶ
3099 3225 3404 3297 ἀμέτρητον
3460 3224 3624 3296 ὕδωρ.

2044 3320 2222 3392 Δήλην
2277 3319 2334 3374 δὲ
2388 3318 2555 3373 αὐτοῦ
2596 3317 2766 3373 ποιῶν
2815 3319 2915 3387 τὴν
2962 3318 3240 3388 ἄφραστον
3288 3316 3624 3388 ἀγαθότητα,

2043 3411 2415 3485 προσέθηκεν,
2462 3411 2546 3465 δτι
2593 3429 2613 3463 ι
2669 3409 2780 3464 Καὶ
2830 3411 3047 3465 πάντων
3089 3407 3199 3462 τῶν
3245 3406 3483 3479 κτηνῶν,
3533 3407 3627 3461 καὶ

2043 3505 2264 3559 πάντων
2282 3504 2391 3558 τῶν
2414 3502 2698 3567 πετεινῶν,
2721 3503 2818 3557 καὶ
2849 3503 3067 3556 πάντων
3092 3500 3202 3554 τῶν
3231 3498 3500 3572 ἑρπετῶν,
3527 3500 3627 3554 ὅσα

2040 3593 2112 3670 ἦν
2143 3597 2258 3668 μετ’
2288 3595 2454 3651 αὑτοῦ
2485 3600 2542 3652 ὲν
2573 3599 2640 3668 τῇ
2671 3595 2910 3666 κιϐωτῷ.
2948 3615 2966 3646 ι
3015 3593 3208 3664 Ἧμῶν
3236 3593 3293 3648 δὲ
3335 3594 3497 3666 χάριν
3531 3592 3625 3647 καὶ

2041 3689 2213 3744 ταῦτα
2250 3689 2594 3762 προμηθείας
2624 3687 2878 3759 ἠξίωσεν.
2913 3685 3087 3740 Τοῦτο
3116 3686 3225 3756 γὰρ
3254 3685 3352 3740 καὶ
3385 3687 3413 3739 ὁ
3453 3685 3626 3755 μέγας

2041 3782 2205 3838 Δαὸὶδ
2245 3782 2377 3855 βοᾷ’
2425 3800 2445 3834 ι
2493 3781 2553 3836 Ὀ
2596 3779 2964 3847 tamen.»
3007 3778 3200 3850 χόρτον
3231 3780 3345 3841 τοῖς
3375 3779 3622 3848 κτήνεσι,

2041 3877 2136 3931 καὶ
2166 3877 2330 3948 χλόην
2358 3874 2424 3946 τῇ
2459 3872 2673 3946 δουλείᾳ
2704 3872 2813 3926 τῶν
2853 3870 3180 3942 ἀνθρώπων.
3230 3889 3249 3923 ι
3283 3872 3394 3924 Καὶ⁸
3425 3869 3621 3923 πάλιν·

2046 3987 2067 4021 ‹
2100 3967 2451 4040 Ἀνθρώπους
2482 3968 2578 4020 καὶ
2610 3966 2786 4037 κτήνη
2819 3963 3037 4029 σώσεις,
3061 3963 3236 4036 Κύριε
3252 3964 3318 4017 ⁸³.
3340 3982 3359 4016 ι
3376 3961 3453 4016 Δι’
3477 3962 3624 4033 ἡμᾶς

2037 4062 2150 4136 γὰρ
2179 4061 2273 4116 καὶ
2301 4061 2410 4115 τῶν
2440 4059 2728 4132 ἡμετέρων
2766 4057 3131 4129 ἐπιμελεῖται.
3157 4110 3167 4117 ,

2593 4174 2789 4227 ΕΡΩΤ.
2831 4174 2957 4228 ΝΓν.

2043 4288 2105 4343 Τί
2144 4288 2350 4351 ἐστιν,
2399 4305 2416 4337 ι
2481 4285 2824 4409 Ὠσφράνὲη
2899 4287 3117 4354 Κύριος
3162 4285 3207 4317 σε

2701 4375 2744 4409 ω
2787 4373 2924 4409 ιαςέ
2960 4376 2978 4408 ι

2701 4373 2880 4422 ωονιας
2905 4373 2924 4420 ;
2960 4376 2978 4408 ι

2119 4448 2445 4515 Ὕπεδέξατο
2483 4445 2578 4502 τοῦ
2624 4448 2749 4502 Νῶε
2789 4450 2850 4503 τὸ
2881 4446 3182 4517 εὔγνωμον,
3214 4448 3277 4501 οὐ
3307 4451 3372 4517 τῇ
3424 4445 3620 4518 κνίσσῃ

3280 4282 3483 4352 ὀσμὴν
3525 4285 3622 4338 εὑ-

341 4521 558 4588 quidem
615 4524 722 4580 hoc
768 4525 961 4582 nidore
997 4528 1336 4599 delectatus,
1400 4532 1535 4587 nihil
1581 4536 1726 4590 enim
1779 4537 1934 4608 pejus

2048 4541 2321 4612 τερφθείς·
2365 4540 2538 4593 ὀστῶν
2587 4541 2697 4613 γὰρ
2745 4541 3052 4611 καιομένων
3094 4539 3244 4594 οὐδὲν
3291 4517 3620 4592 δυσωδέστεὲ

343 4612 480 4677 olet,
507 4631 669 4684 quam
696 4634 820 4673 ossa
845 4631 1037 4677 exusta
1055 4662 1071 4689 ,
1115 4625 1208 4678 sed
1236 4623 1515 4683 oderentis
1541 4628 1785 4683 animum
1821 4631 1938 4685 lau-

341 4703 498 4758 dans.
542 4703 660 4759 Non
705 4711 851 4763 enim
892 4722 1076 4780 partes
1117 4729 1416 4786 carporeas
1461 4717 1626 4773 habet
1670 4719 1846 4788 Deus,
1876 4732 1936 4779 ut

339 4800 418 4855 illi
444 4816 605 4872 pares
633 4805 796 4860 etiam
838 4811 1080 4866 tribuere
1119 4813 1419 4882 possimus.
1457 4813 1594 4871 Nam
1639 4833 1733 4886 per
1769 4835 1931 4876 nares

412 4965 603 5043 {Gem
671 4983 756 5043 vr,
784 4969 898 5043 _2l.
962 4974 1030 5043 χιι
1061 4973 1197 5030 Gen.
1231 4992 1284 5041 ι,
1337 4976 1430 5043 29,
1474 4978 1565 5034 50.

339 5046 369 5088 Ρ
397 5036 543 5094 Psal.
580 5053 698 5107 cm,
735 5039 825 5095 14.
897 5051 928 5093 <1
961 5041 1108 5100 Psal.
1144 5036 1307 5111 xxxv,
1339 5047 1390 5101 7.

1677 4979 1698 5020 1
1732 4979 1749 5034 l
1786 4979 1918 5052 Reg.
1969 4997 2061 5049 xv,
2089 4981 2178 5039 11.
2255 4993 2296 5016 ’³
2328 4983 2464 5040 Gen.
2497 4999 2574 5050 vr,
2607 4982 2660 5038 7.

2041 4652 2132 4706 ρον
2155 4650 2168 4665 ’
2221 4632 2358 4688 ἀλλὰ
2403 4633 2500 4706 τὴν
2535 4632 2628 4686 τοῦ
2663 4634 3123 4705 προσενηνοχύτος
3155 4632 3450 4694 ἐπαινέσας
3481 4630 3618 4698 γνώ·

2040 4744 2168 4798 μην.
2211 4728 2282 4780 Οὐ
2319 4726 2428 4796 γὰρ
2468 4725 2756 4797 σωματικὰ
2804 4726 2917 4795 ἔχει
2955 4727 3139 4796 μόρια,
3191 4725 3280 4779 ἵνα
3329 4723 3424 4777 καὶ
3467 4725 3618 4794 ῥῖνας

2035 4820 2183 4891 αὑτῷ
2217 4819 2530 4891 περιθῶμεν
2550 4833 2564 4849 ⁸
2597 4819 2686 4873 διὰ
2716 4819 2879 4891 ῥινῶν
2906 4819 3016 4889 γὰρ
3046 4821 3079 4890 ἡ
3108 4817 3394 4889 ὄσφρησις.
3438 4813 3619 4885 Ἀμεί-

2768 4991 2799 5019 ²³
2830 4981 2968 5038 Gen.
2998 4996 3115 5046 vm,
3146 4980 3200 5036 1.
3312 4987 3334 5010 ⁶
3369 4976 3504 5032 ibid.
3560 4976 3615 5030 1ο

1194 5139 1428 5196 VARIE
1483 5139 1868 5198 LECTIONES
1911 5139 2006 5196 EX
2040 5140 2325 5198 CATENA
2368 5140 2726 5198 LIPSIENSL

412 5253 457 5286 "
479 5251 586 5334 gat
636 5269 694 5334 _p.
729 5254 854 5322 148,
891 5265 1017 5327 post
1053 5255 1228 5329 Κύριε
1266 5258 1516 5330 sequitur
1540 5259 1616 5326 ὡς
1641 5259 1953 5332 ὲπλήθυνας

2048 5281 2054 5312 ι
2087 5259 2236 5326 ἔλεός
2279 5263 2374 5316 σου
2411 5258 2500 5332 ἐφ’
2530 5259 2730 5332 ἡμᾶςη
2799 5258 2847 5293 ⁸⁸
2875 5257 2994 5315 Cat.
3023 5273 3076 5329 p.
3121 5258 3246 5314 155.
3283 5257 3463 5334 ὠσφρ.
3498 5259 3617 5316 Κύ-

1843 5415 2075 5476 NOTAE.

344 5339 459 5394 ριος
488 5325 518 5377 ὁ
547 5322 701 5388 Θεός.

419 5527 541 5614 (69),
560 5532 938 5614 Σπερμαῖνοις
965 5534 1226 5614 σπέριια.
1255 5532 1394 5614 Cod.
1429 5535 1742 5614 σπαρμένον
1765 5533 1928 5614 σπέρ-

331 5617 448 5676 ιμα.
475 5599 656 5676 Ρ-ἱεηε,
682 5599 1308 5676 ἐσπαρμένον-σπέρμα,
1339 5613 1395 5657 et
1419 5604 1502 5657 sic
1539 5599 1758 5676 Quoque
1787 5599 1925 5676 Dru-

347 5669 485 5735 sius,
514 5672 550 5725 l.
579 5686 629 5726 ο.
669 5687 726 5743 p.
769 5669 1002 5744 {hanc
1027 5669 1243 5744 Aquilae
1274 5669 1577 5744 versionem
1600 5691 1630 5730 e
1668 5669 1923 5729 Theodo-

348 5750 468 5795 reto
488 5749 683 5798 nostro
706 5743 953 5814 protulit.
987 5743 1108 5814 qui’
1136 5753 1316 5798 tamen
1351 5743 1406 5796 in
1431 5745 1708 5799 Addendis
1748 5760 1802 5812 p.
1829 5744 1917 5808 85,

341 5823 629 5884 perperam
695 5813 984 5872 substituit
1007 5813 1324 5872 lectionem
1353 5826 1665 5886 corruptam
1703 5815 1922 5884 σπειρό-

2037 5533 2346 5606 μεν.11ιιιι‹1
2391 5532 2527 5588 satis
2571 5531 3135 5606 constat,_q_u:e_hoc
3196 5531 3320 5606 loco
3379 5529 3612 5606 si_t_vera

2031 5597 2696 5680 'Aquilminterpretatio.
2721 5601 2833 5680 Pici
2861 5597 3168 5680 "lectionem
3224 5601 3385 5680 habet
3417 5597 3609 5680 Menti”.

2033 5677 2066 5730 Ι.
2098 5668 2150 5731 ὶο.
2171 5673 2335 5744 p.15,
2369 5668 2462 5728 sed
2486 5690 2537 5741 p.
2570 5671 2657 5744 12.
2685 5675 2737 5727 in
2764 5673 2892 5744 ipso,
2917 5681 3066 5744 textu
3084 5670 3274 5728 Graeco
3315 5670 3474 5740 longe
3503 5668 3607 5726 alia

2029 5758 2111 5802 cst
2137 5742 2338 5811 versio,
2380 5759 2542 5816 quam
2577 5742 3019 5814 Aquilaitribuit.
