4038 6210
436 291 529 358 15Ἶ

1453 305 1838 377 QUIESTJN
1872 311 2138 374 GENES.
2158 316 2316 377 CAP.
2349 320 2488 380 VIII
2549 319 2654 382 IX.

3574 326 3676 394 158

440 411 580 463 σεται
605 406 702 500 οξν
733 414 896 468 αὐτὸν
923 419 986 487 τῇ
1016 417 1264 491 εὐλογίᾳ·
1299 419 1392 473 καὶ
1423 420 1610 492 ἐπειδὴ
1643 423 1866 494 σπέρμα
1899 425 1994 478 τοῦ

2095 429 2156 483 Iit
2187 429 2440 487 olfactns.
2473 432 2806 489 Reinunerat
2844 435 3009 500 igitur
3051 438 3201 493 illum
3254 441 3669 499 benedictione:

438 498 611 565 γένους
635 493 730 570 ἦν,
757 505 852 556 καὶ
877 505 1000 576 ῥίζα
1023 507 1124 578 τῆς
1145 509 1377 578 φύσεως,
1403 510 1495 564 καὶ
1517 493 1767 582 δεύτερος
1804 514 1992 585 Ἀδάμ,

431 587 634 640 δίδωσιν
673 590 824 663 αὐτῷ
866 595 963 665 τὴν
993 597 1262 668 εὐλογίαν,
1314 595 1382 672 ἧς
1433 603 1638 666 ἐκεῖνος
1689 603 1849 667 εὐθὺς
1878 605 1994 658 δια-

426 675 683 766 πλασθεὶς
711 682 1104 741 ἀπολελαύκει·
1147 707 1166 741 ι
1223 691 1553 759 Λὺξάνεσθε,
1588 695 1683 748 καὶ
1730 695 1995 766 πληθύνε-

424 764 534 830 σθε,
569 769 665 822 καὶ
700 772 1023 844 πληρώσατε
1065 778 1164 849 τὴν
1206 782 1331 850 γῆν,
1386 785 1480 837 καὶ⁵
1525 764 1991 856 κατακνριεύσατε

419 856 586 946 αὐτῆς
615 859 661 890 ⁸⁸
684 877 696 888 ·
723 865 816 916 καὶ
840 866 867 917 ὁ
892 868 1056 934 φόσος
1083 869 1236 939 ὑμῶν
1257 873 1350 926 καὶ
1382 875 1409 928 ὁ
1433 874 1634 945 τρόμος
1663 876 1816 946 ὑμῶν
1840 876 1991 931 ἔσται

420 945 508 998 ἐπὶ
536 950 672 1002 πᾶσι
718 955 829 1016 τοῖς
860 954 1069 1026 θηρίοις
1100 959 1200 1029 τῆς
1224 961 1351 1031 γῆς,
1381 964 1474 1016 καὶ
1507 964 1550 994 ⁸⁸
1582 966 1674 1017 ἐπὶ
1700 945 1876 1020 πάντα
1922 968 1989 1021 τά

420 1043 636 1094 πετεινά
680 1043 774 1097 τοῦ
811 1047 1064 1117 οὐρανοῦ,
1097 1053 1192 1105 καὶ
1224 1054 1314 1106 ἐπὶ
1354 1056 1530 1108 πάντα
1578 1057 1647 1110 τά
1696 1058 1989 1126 κινούμενα

419 1130 507 1183 ἐπὶ
531 1133 628 1202 τῆς
655 1135 780 1204 γῆς,
807 1141 902 1190 καὶ
927 1139 1018 1193 ἐπὶ
1050 1141 1256 1208 πάντας
1279 1146 1404 1209 τοὺς
1433 1147 1622 1216 ἰχθύας
1651 1148 1750 1218 τῆς
1783 1148 1986 1202 θαλάσ-

420 1240 531 1295 σης,
561 1224 598 1278 ἃ
629 1227 735 1280 ὑπὸ
767 1233 924 1302 χεῖρα
952 1233 1080 1303 ὑμῖν
1107 1235 1330 1292 δέδωκα.
1375 1257 1392 1291 ι
1437 1237 1546 1292 Καὶ
1585 1241 1612 1292 ὁ
1641 1240 1797 1308 λόγος
1826 1240 1986 1310 ἔργον

415 1314 598 1382 γέγονε
624 1332 640 1347 ·
665 1317 803 1372 δέδιε
828 1323 935 1393 γάρ
967 1324 1178 1378 ἅπαντα
1205 1329 1299 1380 καὶ
1323 1329 1492 1400 αὐτὴν
1522 1329 1619 1401 τὴν
1647 1330 1740 1383 τοῦ
1778 1331 1986 1402 ἀνθρὼ-

411 1421 511 1455 που
552 1409 732 1473 σκιάν,
768 1413 861 1465 καὶ
895 1413 962 1467 τά
1008 1417 1202 1487 νηκτὰ,
1250 1417 1342 1471 καὶ
1377 1419 1444 1473 τὰ
1491 1424 1742 1492 χερσαῖα,
1777 1424 1872 1476 καὶ
1917 1423 1984 1478 τά

409 1497 606 1567 πτηνά.
639 1495 770 1552 Εἶτα
799 1500 890 1554 τὸν
924 1506 1051 1573 περὶ
1081 1509 1180 1578 τῆς
1212 1511 1564 1580 κρεωφαγίας
1604 1513 1754 1583 αὐτῷ
1782 1515 1981 1567 δέδωκε

409 1586 590 1656 νόμον,
623 1589 698 1655 ὡς
737 1591 985 1663 λαχάνων
1023 1597 1132 1651 τῶν
1159 1599 1336 1671 κρεῶν
1365 1602 1663 1657 ἀπολαύειν
1693 1603 1978 1669 κελεύσας.

998 1710 1192 1768 ΕΡΩΤ.
1232 1716 1336 1768 NA’
1358 1716 1424 1773 ‘°.

409 1814 573 1882 Τίνος
612 1818 790 1888 χάριν·
832 1821 1191 1965 ἀπαγριςῖεὲῗέ
1361 1833 1618 1931 ,αἵματος
1652 1837 1769 1905 τὴν
1797 1839 1978 1908 μετά-

1131 1915 1191 1951 ιν
1232 1915 1374 1968 (nt);

469 1977 810 2050 Σαφέστερον
855 1983 1092 2052 ἐδίδαξεν
1135 1990 1192 2041 ὲν
1232 1990 1310 2061 τῷ
1349 1995 1531 2065 νόμῳ·
1570 2015 1589 2048 ι
1648 1998 1826 2069 Ὅπερ
1867 2003 1975 2071 γάρ

399 2069 514 2159 ἐστι
534 2111 546 2131 ,
582 2073 774 2142 φησιν.
823 2075 1097 2149 ἀνθρώπῳ
1125 2079 1308 2152 ψυχὴ,
1345 2085 1502 2139 τοῦτο
1528 2091 1638 2152 τοῖς
1670 2090 1888 2159 ἀλόγοις
1914 2069 1974 2146 τδ

400 2155 555 2231 αἷμα.
605 2182 624 2214 ι
658 2165 790 2235 Δίχα
819 2168 1000 2222 τοίνυν
1051 2171 1144 2223 τοῦ
1181 2174 1416 2244 αἵματος
1443 2178 1552 2231 τῶν
1589 2183 1770 2249 κρεῶν
1810 2202 1974 2254 μετα-

398 2251 689 2320 λαμϐάνων
707 2297 722 2320 ,
744 2257 820 2321 ὡς
845 2259 1090 2330 λαχάνων
1111 2262 1381 2332 δήπουθεν
1407 2271 1694 2344 μεταλήψῃ
1719 2291 1733 2304 ·
1766 2251 1972 2347 ἄψυχον

395 2346 588 2435 γὰρτὸ
611 2347 863 2418 λάχανον.
901 2352 962 2405 Et
992 2353 1048 2407 δὲ
1075 2356 1215 2424 μετά
1241 2359 1334 2412 τοῦ
1361 2361 1589 2428 αἵματος
1621 2346 1966 2435 μεταλάϐοις,

389 2434 566 2506 ψυχὴν
619 2439 840 2502 ἐσθίεις.
893 2441 984 2495 Διὸ
1029 2442 1092 2515 δὴ
1152 2449 1249 2500 καὶ
1288 2449 1522 2506 ἐνταῦθα
1558 2434 1700 2525 ἔφη,
1755 2477 1774 2509 ι
1825 2459 1968 2531 Πλὴν

388 2529 572 2620 κρέας*
591 2531 650 2582 ὲν
683 2531 880 2599 αἵματι
917 2534 1097 2606 ψυχῆς
1125 2540 1225 2592 οὐκ
1255 2539 1460 2596 ἔδεσθε.
1497 2546 1606 2598 Καὶ
1631 2548 1740 2618 γάρ
1769 2529 1966 2620 ὑμέτε-

390 2635 480 2712 ρον
509 2615 651 2690 αἷμα
677 2623 800 2712 ,τῶν
829 2624 1017 2695 ψυχῶν
1045 2628 1198 2698 ὑμῶν
1221 2630 1508 2704 ὲκξητήσω
1537 2637 1674 2708 (69)·
1699 2615 1764 2693 ἐκ
1783 2615 1965 2712 χειρὸς

385 2709 603 2763 πάντων
631 2711 738 2763 τῶν
768 2713 972 2784 θηρίων
999 2717 1288 2789 ἐκζητήσω
1321 2724 1453 2777 αύτό
1475 2726 1539 2757 ⁸⁷·
1559 2730 1622 2780 ἐκ
1661 2709 1839 2799 χειρὸς
1863 2709 1962 2784 ἀν-

385 2799 608 2892 θρώπου
636 2803 868 2874 ἀδελφοῦ
895 2809 1060 2863 αὑτοῦ
1085 2812 1374 2885 ἐκζητήσω
1395 2816 1492 2888 τὴν
1513 2819 1690 2892 ψυχὴν
1715 2821 1902 2876 αὑτοῦ.
1937 2843 1956 2877 ι

394 2889 657 2944 Ἐνταῦθα
692 2895 990 2950 αἰνίττεται
1017 2900 1114 2968 τὴν
1147 2903 1478 2958 ἀνάστασιν·
1511 2889 1621 2978 οὐχί
1644 2889 1721 2971 ὧς
1753 2911 1824 2963 τά
1859 2911 1958 2984 θη-

378 2981 472 3053 ρία
502 2984 768 3054 παράξων
796 2989 876 3051 είς
907 2989 965 3042 τὸ
996 2993 1299 3064 κριτήριον,
1326 2997 1421 3049 καὶ
1449 2996 1605 3061 δίκας
1626 3001 1726 3070 τῆς
1749 2981 1958 3073 ἀνθρω-

2094 531 2151 575 et
2172 535 2297 576 cum
2323 531 2471 576 esset
2500 539 2686 578 semen
2718 528 2952 594 generis,
2979 537 3034 583 et
3062 531 3214 585 radix
3245 541 3482 597 natura,
3509 543 3673 604 aulae

2096 614 2366 669 secundus
2399 615 2590 677 Adam,
2621 617 2850 681 largitur
2882 619 2984 688 ipsi
3017 621 3470 689 benedictionem,
3504 641 3668 695 quam

2094 714 2419 759 consecutus
2445 716 2560 760 erat
2592 707 2680 759 ille
2707 709 2912 773 statim,
2944 710 3036 764 ubi
3069 710 3332 766 formatus
3359 723 3463 768 est.
3498 735 3517 766 ι
3549 719 3676 768 (Στρ-

2093 797 2246 859 srite,
2281 806 2336 852 et
2361 799 2812 865 multiplicamini,
2842 809 2896 854 et
2926 803 3124 871 replete
3157 814 3379 864 terram.
3415 812 3468 857 et
3493 805 3667 855 domi-

2094 888 2147 941 ni
2180 889 2300 943 sitis
2325 889 2444 959 ejus
2472 900 2514 942 τ.
2546 921 2617 932 -
2648 891 2710 945 Ει
2742 892 2905 947 timor
2931 908 2995 948 ac
3026 904 3228 948 tremor
3256 896 3417 949 vestri
3445 897 3549 949 erit
3579 913 3671 945 sn-

2092 995 2188 1048 pcr
2211 995 2402 1042 omnes
2428 983 2627 1038 bestias
2672 992 2856 1049 terrae,
2892 995 2945 1040 et
2987 1001 3152 1054 super
3191 988 3376 1041 omnia
3426 989 3662 1041 volatilia

2091 1071 2242 1136 coeli,
2305 1083 2359 1127 et
2417 1089 2578 1142 super
2608 1076 2788 1130 omnia
2820 1093 2940 1146 quae
2995 1089 3282 1133 moventur
3335 1095 3500 1148 super
3549 1088 3652 1134 ter-

2090 1179 2228 1225 ram,
2260 1175 2312 1218 et
2342 1180 2504 1233 super
2553 1181 2740 1222 omnes
2775 1171 2951 1236 pisces
2983 1171 3150 1228 maris
3177 1189 3190 1225 :
3219 1186 3339 1239 quae
3370 1172 3472 1226 sub
3497 1187 3660 1226 manu

2088 1254 2244 1309 vobis
2265 1254 2388 1308 dedi
2411 1263 2458 1311 '.
2485 1275 2502 1307 ι
2531 1254 2596 1310 Et
2621 1259 2823 1323 evenit,
2854 1267 2912 1313 ut
2931 1261 3134 1316 dictum
3159 1270 3262 1318 est.
3285 1260 3657 1316 Relormidant

2086 1344 2232 1399 enim
2259 1346 2512 1401 universa
2538 1347 2792 1404 animalia
2817 1351 2900 1405 vel
2931 1351 3104 1420 ipsam
3123 1353 3362 1408 hominis
3386 1354 3658 1417 umbram,

2084 1437 2199 1491 sive
2225 1441 2468 1494 natatilia
2491 1483 2504 1505 ,
2535 1442 2651 1496 sive
2681 1445 2980 1510 terrestria,
3011 1445 3124 1498 sive
3148 1445 3412 1500 volatilia.
3444 1449 3460 1468 ‘
3501 1444 3656 1499 Post-

2087 1530 2306 1584 modum
2340 1532 2489 1587 dedit
2518 1533 2595 1587 illi
2631 1535 2803 1604 legem
2833 1537 3055 1591 edenda:
3083 1539 3294 1603 carnis,
3342 1539 3656 1609 przecipiens

2083 1623 2340 1681 carnibus
2369 1627 2512 1681 vesci
2536 1666 2552 1692 ,
2589 1627 3050 1696 quemadmodum
3079 1643 3132 1684 et
3162 1629 3424 1686 oleribus.

2560 1739 2668 1808 θ’]
2724 1736 2998 1795 INTERR.
3047 1738 3179 1798 Liv.

2117 1847 2468 1912 Quamobrem
2511 1867 2575 1904 ne
2611 1852 2916 1920 tattguiuem
2951 1854 3284 1921 degustarent
3312 1853 3619 1923 prohibuit?

2147 2004 2404 2072 Apertius
2431 2004 2618 2060 docuit
2645 2005 2696 2058 in
2723 2006 2882 2075 lege:
2917 2024 2936 2058 ‹
2974 2007 3128 2074 Quod
3157 2007 3303 2062 enim
3339 2007 3544 2061 homini
3571 2019 3654 2064 est

2076 2097 2292 2163 anima,
2326 2098 2545 2166 inquit,
2587 2100 2689 2154 hoc
2732 2100 3062 2155 animalibus
3112 2101 3524 2154 irrationalibus
3569 2111 3646 2154 est

2075 2188 2600 2258 sanguis‘altaque
2645 2191 2689 2245 si
2733 2206 2920 2245 sumas
2953 2191 3070 2245 sine
3110 2191 3374 2261 sanguine
3419 2205 3646 2255 carnes,

2075 2276 2264 2344 utique
2299 2285 2556 2345 tanquam
2598 2280 2719 2333 olus
2758 2281 3153 2334 manducabis:
3186 2281 3307 2334 olus
3333 2281 3494 2334 etiam
3526 2281 3648 2333 ani-

2073 2382 2158 2420 ma
2189 2368 2526 2434 caret.Quod
2555 2371 2597 2423 si
2623 2387 2746 2424 cum
2776 2373 3038 2442 sanguine
3060 2371 3378 2440 sumpseris,
3408 2371 3645 2425 animam

2070 2454 2390 2510 manducas.
2428 2456 2728 2526 Propterea
2763 2467 2814 2512 et
2851 2459 2953 2512 hoc
2988 2459 3110 2513 loco
3139 2460 3315 2513 dixit:
3361 2479 3378 2511 ι
3413 2458 3646 2513 Verum-

2071 2553 2250 2599 tamen
2289 2562 2506 2600 carnem
2539 2547 2590 2600 in
2637 2547 2902 2618 sanguine
2945 2549 3144 2603 anima:
3182 2565 3290 2602 non
3326 2549 3641 2602 comedetis.

2068 2636 2282 2690 Etenim
2309 2641 2628 2708 sanguinem
2655 2640 2962 2693 animarum
2990 2650 3296 2694 vestrarum
3333 2641 3600 2710 requiram
3625 2660 3639 2695 :

2065 2724 2132 2776 de
2163 2739 2326 2776 manu
2365 2726 2610 2778 omnium
2642 2726 2939 2780 bestiarum
2973 2728 3245 2795 requiram
3273 2728 3420 2782 illum
3447 2770 3462 2794 ,
3491 2739 3544 2782 et
3576 2727 3643 2782 de

2065 2825 2230 2864 manu
2259 2811 2496 2866 hominis
2522 2812 2706 2868 fratris
2733 2817 2816 2868 sui
2845 2817 3116 2885 requiram
3141 2819 3375 2870 animam
3403 2818 3521 2886 ejus
3542 2825 3590 2870 ι.
3615 2835 3635 2869 ι

2063 2900 2163 2956 liic
2195 2903 2438 2957 insinuat
2469 2908 2922 2961 resurrectionem
2951 2927 2964 2962 :
3001 2925 3106 2963 non
3130 2911 3274 2979 quod
3311 2910 3510 2964 bestias
3544 2926 3640 2964 vo-

2061 3004 2286 3049 caturus
2309 2995 2381 3049 sit
2409 2996 2462 3048 in
2491 2997 2758 3065 judicium
2785 3037 2800 3061 ,
2835 3010 2888 3074 et
2915 3001 2981 3055 de
3011 3000 3098 3055 bis
3129 3003 3456 3071 supplicium
3484 3016 3638 3056 sum-

378 3074 659 3142 ποςραγίας
706 3077 1170 3151 εἰσπραξάμενος·
1220 3085 1336 3140 ἀλλ’
1377 3087 1454 3152 ὡς
1497 3089 1564 3142 τὰ
1607 3090 1711 3144 ὑπὸ
1751 3092 1956 3147 τούτων
1984 3103 2013 3160 (ξ

2070 3093 2275 3154 pturus,
2303 3103 2368 3140 eo
2386 3088 2530 3157 quod
2559 3091 2805 3145 homines
2833 3091 3178 3148 devorarint:
3203 3093 3297 3147 sed
3327 3103 3384 3146 ιιι
3412 3108 3636 3161 congre-

376 3163 834 3220 ωταναλωθέντα
869 3168 1097 3238 σώματα
1129 3174 1371 3238 συνάξων
1399 3191 1459 3229 τε
1491 3180 1586 3232 καὶ
1618 3185 1954 3254 συναναστή-

377 3268 505 3308 σων.
544 3272 564 3305 ι
612 3256 700 3309 Ἐν
728 3258 836 3328 γὰρ
858 3263 921 3330 τῇ
951 3264 1095 3332 χειρὶ
1113 3265 1279 3319 αὐτοῦ
1306 3258 1376 3320 τά
1400 3268 1610 3340 πέρατα
1633 3273 1732 3342 τῆς
1757 3275 1860 3345 γῆς
1879 3291 1894 3306 ·
1928 3295 1947 3328 ι

375 3346 468 3397 καὶ
509 3346 693 3418 ῥᾴδιον
744 3350 892 3422 αύτῷ
927 3354 1191 3409 πάντοθεν
1223 3363 1552 3428 συναγαγεῖν
1585 3363 1645 3415 τὸ
1687 3365 1953 3438 ἡμέτερον

374 3437 566 3509 σῶμαο
599 3441 836 3496 ἐνταῦθα
869 3444 970 3514 μὲν
1010 3447 1424 3518 αἰνιγματωδῶς
1458 3452 1618 3506 τοῦτο
1644 3437 1911 3526 δεδήλωκε
1934 3475 1948 3488 ο

373 3526 459 3582 διὰ
481 3529 538 3583 δὲ
588 3530 851 3604 Ἰεζεκιὴλ
883 3536 1220 3610 σαφέστερον
1249 3541 1479 3613 ἐκήρυξε
1505 3544 1605 3615 τὴν
1628 3546 1948 3605 ἀνάστασιν.

972 3734 1171 3789 ΕΡΩΤ.
1210 3736 1339 3790 ΝΕ¹.

370 3838 532 3892 Arati
579 3837 650 3893 es
694 3841 854 3907 ὅλως
890 3842 1007 3913 τὴν
1055 3849 1433 3918 κρεωφαγίαν
1475 3851 1950 3924 ἐνομοθέτησεν;

437 3928 618 3994 Εὐθὺς
691 3931 1106 4021 δημιουργήσας
1159 3939 1250 3993 τὸν
1323 3942 1647 4015 ἄνθρωπον,
1699 3949 1797 4014 τῆς
1843 3949 1950 4021 γῆς

368 4020 518 4090 αὐτῷ
545 4024 672 4086 τοὺς
701 4027 951 4095 καρποὺς
982 4009 1317 4101 ἐδωρήσατο,
1349 4009 1457 4088 ἀπο
1493 4009 1824 4109 σπερμάτων

366 4112 600 4185 δένδρων
636 4115 898 4185 βιοτεύειν
932 4121 1228 4187 κελεύσας·
1268 4126 1406 4195 μετὰ.
1457 4127 1512 4180 δὲ
1548 4129 1637 4182 τὸν
1675 4135 1947 4187 κατακλυ-

366 4205 502 4272 σμὸν
525 4245 542 4271 ,
575 4207 784 4262 πλείονι.
833 4210 1020 4266 τοῦτον
1055 4214 1419 4286 φιλοτιμεῖται
1452 4225 1630 4292 τρυφῇ
1667 4222 1808 4293 (65),
1849 4225 1945 4280 καὶ

363 4299 592 4352 πετεινά
643 4302 737 4355 καὶ
778 4305 951 4374 νηκτὰ
984 4305 1100 4378 (64)
1148 4309 1240 4361 καὶ
1273 4315 1504 4381 χερσαῖα
1549 4316 1662 4376 ςὼα
1701 4316 1849 4371 θύειν
1884 4336 1941 4371 τε

2057 3187 2282 3248 gaturus
2328 3196 2558 3250 corpora
2594 3183 2661 3235 ab
2689 3183 2822 3252 ipsis
2850 3195 3173 3254 consumpta
3199 3225 3213 3249 ,
3250 3195 3301 3238 et
3333 3185 3422 3238 illa
3455 3186 3634 3240 susci-

2056 3279 2288 3327 taturus.
2331 3293 2348 3326 ι
2379 3272 2433 3326 In
2471 3291 2631 3328 manu
2656 3279 2800 3329 enim
2837 3276 2953 3345 ejus
2980 3289 3108 3332 sunt
3134 3293 3324 3331 omnes
3355 3279 3492 3332 lines
3534 3287 3635 3330 ter-

2055 3380 2128 3419 ra:
2150 3374 2200 3430 ν,
2233 3385 2252 3418 ι
2289 3375 2342 3420 et
2367 3375 2451 3421 est
2481 3367 2554 3420 illi
2589 3367 2744 3422 facile
2773 3370 3131 3437 undecunque
3159 3383 3355 3438 corpus
3385 3379 3631 3423 nostrum

2058 3472 2406 3528 congregare.
2429 3458 2494 3512 Et
2515 3460 2603 3513 hic
2627 3461 2843 3528 quidem
2865 3460 3006 3513 istud
3033 3461 3239 3514 indicat
3261 3460 3627 3515 subobscure:

2057 3562 2152 3617 per
2187 3546 2526 3604 Ezechielem
2561 3563 2742 3605 autem
2771 3551 2974 3606 clarius
3005 3551 3457 3606 resurrectionem
3493 3566 3631 3620 pra:-

2057 3637 2275 3692 dicavit.

2636 3753 2914 3809 INTER“.
2955 3753 3064 3809 LV.

2192 3867 2301 3924 Cur
2339 3869 2496 3939 plane
2522 3870 2585 3924 de
2611 3871 2859 3924 carnibus
2886 3871 3099 3924 edendis
3138 3871 3299 3941 legem
3330 3869 3488 3926 tulit?

2121 3958 2241 4015 Mox
2277 3961 2368 4016 ubi
2399 3972 2639 4017 creasset
2670 3963 2943 4018 hominem
2972 4003 2987 4029 ,
3021 3964 3164 4018 dedit
3202 3965 3278 4017 illi
3311 3974 3470 4018 terra:
3510 3963 3626 4018 fru-

2049 4059 2201 4116 ctus,
2246 4053 2448 4122 jubens
2480 4056 2632 4108 illum
2674 4056 2817 4109 vesci
2853 4055 3035 4110 fructu
3068 4057 3338 4111 seminum
3370 4065 3423 4108 et
3465 4057 3625 4109 arbo-

2048 4159 2170 4197 rum
2212 4163 2224 4198 :
2285 4156 2406 4213 post
2451 4146 2716 4200 diluvium
2765 4157 2943 4201 autem
2997 4146 3232 4216 majores
3273 4147 3348 4200 illi
3399 4147 3622 4200 delicias

2046 4235 2303 4290 munifice
2343 4236 2590 4306 largitur,
2622 4238 2820 4307 jnhens
2851 4239 3099 4293 occidere
3127 4247 3179 4292 et
3212 4239 3495 4292 comedere
3527 4253 3621 4290 ro-

2046 4325 2239 4389 iatilia,
2273 4336 2327 4381 et
2353 4330 2618 4391 natatilia,
2649 4339 2702 4384 et
2733 4332 3014 4385 terrestria
3048 4331 3159 4401 68
3185 4329 3460 4390 animalia,
3497 4327 3620 4380 alre-

363 4388 461 4490 καὶ
490 4389 695 4496 ξσθὲειν
729 4396 1027 4462 κελεύσαςθ
1063 4400 1226 4453 πάθει
1264 4403 1434 4466 πάθος
1466 4404 1793 4473 ἐξελαύνων,
1845 4407 1941 4464 7ιαῖ¹
1973 4441 2013 4496 υ

2070 4425 2193 4469 :tum
2225 4416 2417 4472 affectu
2451 4420 2747 4488 repellens,
2781 4431 2835 4475 et
2861 4420 3047 4477 leviori
3071 4437 3271 4475 curans
3294 4419 3617 4488 graviorem.

361 4478 443 4568 τῷ
471 4481 714 4538 ἐλάττονι
767 4485 1083 4557 θεραπεύων
1116 4491 1178 4543 τὸ
1221 4493 1424 4561 μεῖζον.
1465 4496 1720 4566 Προορῶν
1767 4500 1875 4571 γὰρ
1907 4503 1936 4556 ὁ
1973 4478 2013 4496 υ

2070 4507 2357 4563 ’rawidcns
2400 4509 2543 4563 enim
2594 4510 2734 4564 Deus
2791 4511 3039 4565 homines
3097 4511 3148 4563 in
3191 4522 3490 4563 extremam
3527 4509 3618 4561 de-

361 4565 518 4638 Θεὸς,
555 4575 638 4628 ὅτι
659 4576 831 4631 ταῦτα
859 4579 1037 4634 πάντα
1056 4581 1099 4612 ⁸⁸
1139 4582 1555 4655 θεοποιήσουσιν
1589 4565 1636 4640 οἱ
1667 4591 1746 4654 είς
1773 4565 1936 4663 ἐσχά-

2047 4599 2309 4654 mentiam
2335 4601 2540 4671 lapsos,
2572 4604 2686 4658 haec
2714 4602 2896 4656 omnia
2924 4617 3021 4673 pro
3046 4601 3151 4656 diis
3181 4601 3480 4664 habituros,
3504 4616 3617 4668 per-

438 4685 636 4784 :Een‘.
704 4699 824 4758 vni,
861 4692 950 4748 17.
1022 4703 1044 4733 ⁸
1082 4693 1220 4752 Gen.
1257 4711 1334 4760 Ix,
1403 4697 1458 4766 2,
1495 4699 1548 4755 5.
1639 4704 1655 4738 ι
1699 4704 1875 4761 Levit.
1946 4726 2013 4766 vn

2143 4711 2250 4782 26;
2327 4716 2620 4784 “11,14.
2699 4723 2726 4754 ¹¹
2769 4715 2905 4774 Gen.
2980 4731 3075 4783 ix,
3127 4713 3197 4784 4,
3268 4713 3321 4770 5.
3395 4711 3608 4767 'Psal.

361 4769 526 4810 xcxuv
545 4797 561 4822 ,
600 4759 653 4813 4.

1213 4859 1447 4917 VARle
1487 4863 1872 4922 LEC'I’IONES
1922 4869 2014 4924 EX
2066 4870 2344 4927 CATENA
2375 4873 2736 4932 LIPSIENSI.

430 4957 476 5044 f‘
500 4962 612 5042 ,καὶ
645 4965 829 5044 treﬁt
855 4999 924 5044 -.-
949 4986 1218 5044 mwp-
1252 4973 1421 5044 αὐτῆς

360 5027 640 5093 κελεύσας,
666 5027 892 5090 ἰίιίιί.ἐι1
925 5055 1064 5094 vers.
1090 5043 1123 5093 2
1157 5027 1394 5098 exstant:

1465 4976 1517 5057 in
1550 4986 1659 5057 cat.
1689 4995 1741 5048 p.
1934 4983 1998 5057 ad
2024 5052 2033 5057 μ
2059 4983 2192 5038 Gen.
2231 5003 2306 5050 Ix,
2335 4988 2397 5053 l;
2452 4988 2657 5057 reliqua
2688 4999 2888 5055 autem,
2927 4990 3020 5043 καὶ
3054 4993 3081 5045 ὁ

1461 5046 1504 5126 ξε
1545 5050 1658 5100 (lat.
1692 5046 1744 5127 ρ.
1799 5051 2045 5128 155,ηὲπὶ
2079 5073 2138 5107 π.
2168 5073 2216 5109 τ,
2261 5046 2394 5127 θηρξ
2421 5075 2471 5112 τ.
2529 5046 2630 5128 γῆς
2656 5060 2750 5113 καί
2788 5046 2897 5116 σπη’.

3131 4993 3292 5062 φόϐος
3351 5024 3409 5034 -
3449 4994 3606 5047 ἀπολ.

3009 5063 3054 5094 ⁸⁸
3084 5065 3284 5128 Quaest.
3320 5064 3387 5119 54
3410 5064 3459 5116 in
3499 5075 3606 5117 cat.

358 5098 574 5202 ἐξ)ξέ
603 5115 728 5202 post
756 5115 950 5202 quaest.
980 5109 1048 5202 Ξξό
1077 5112 1296 5202 ponitur
1329 5114 1382 5166 in
1431 5098 2388 5202 duasnseciionevsuvdivisatuq'uaiiiin
2963 5147 3018 5202 p.

427 5172 490 5219 ἐκ
514 5172 697 5244 χειρὸς
718 5172 790 5215 -ῖ
810 5172 1096 5250 ἐκζητήσώ
1123 5181 1263 5235 αὐτό
1289 5198 1398 5237 om.
1489 5186 1533 5217 ⁸⁸
1559 5187 1680 5241 Cat.
1703 5205 1755 5258 p.
1786 5172 2013 5245 ιδδῖάτά

2070 5172 2117 5190 .,
2158 5172 2255 5192 Ἴ--

2070 5211 2114 5246 τα
2143 5211 2255 5250 om.

1866 5328 2096 5388 NOT/E.

567 5427 704 5518 god.
735 5435 1072 5518 μεταϐολήν.
1108 5436 1184 5493 Ita
1217 5455 1435 5518 quoque
1467 5443 1592 5518 legit
1620 5445 1803 5510 Picus,
1834 5451 1927 5518 qui

354 5510 535 5578 tamen
574 5507 632 5554 in
664 5507 909 5578 margine
955 5509 1092 5562 hanc
1148 5507 1398 5578 apposuit
1437 5507 1680 5570 not'ulam
1718 5536 1730 5570 :
1775 5507 1800 5569 ι’
1830 5507 1927 5573 Εε-

355 5569 607 5645 ιςιξιιίίῃιιιΔ
623 5569 922 5645 videtuer
959 5569 1300 5645 μεταλαϐεῖν,
1343 5589 1401 5635 ιιι
1422 5599 1617 5639 sensus
1638 5569 1921 5642 constet;

429 5637 544 5729 ιω)
593 5637 972 5714 Ἐκζητήσω.’
991 5647 1048 5702 lu
1074 5649 1196 5704 cod.
1232 5637 1468 5719 additur,
1499 5637 1926 5729 caveai—135:»;

353 5723 473 5760 τύυ.

2111 5451 2219 5522 (65)
2261 5456 2501 5538 ιζλείρνι
2532 5456 2847 5538 τ-λτρυςοῇι.
2887 5457 3268 5538 Οοᾱκπλείονα
3306 5458 3600 5538 φιλοτιμεῖ-

2035 5526 2373 5606 ται¹ςτροφήν.
2405 5525 2557 5606 Apud
2591 5525 2776 5581 Picum
2804 5528 2955 5582 deest
2977 5527 3216 5593 πλείονα,
3243 5529 3447 5600 reliqua
3474 5525 3598 5587 cum

2037 5593 2222 5645 codice
2248 5593 2613 5650 consentiunt.

2104 5662 2214 5730 (64)
2249 5664 2582 5733 Κίιίνηκτά.
2621 5666 2798 5720 Desid.
2840 5667 2890 5720 in
2918 5666 3042 5721 cod.
