4038 6210
386 307 487 370 159

384 515 488 564 ret.
519 507 744 561 Summa
772 507 919 562 enim
947 515 1031 562 est
1056 507 1265 562 insania
1294 549 1307 574 ,
1341 508 1569 563 adorare
1627 510 1769 579 quod
1809 527 1962 564 com-

1365 302 1857 365 THEODORETI
1895 301 2235 366 EPISCOPI
2304 306 2545 370 CYREN
2556 307 2624 369 SI
2632 310 2673 370 S

385 417 537 473 misit
571 416 790 470 illorum
821 430 973 471 esum
996 457 1010 477 .
1060 425 1122 472 ut
1172 416 1504 486 impietatem
1553 419 1698 473 illam
1738 417 1956 473 cobibe—
1991 415 2014 471 Α

2096 437 2161 490 ην
2220 421 2446 488 ἀλογίαν
2477 422 2896 487 ἐκπεπτωκότες
2915 465 2928 488 ,

3553 305 3655 371 160

2980 424 3252 494 συγχωρεῖ
3282 421 3378 494 τὴν
3424 421 3623 493 βρῶσιν
3635 461 3652 485 ,

2071 513 2158 566 ἵνα
2186 513 2286 585 τὴν
2314 515 2569 570 ἀσέϐειαν
2602 517 2802 587 παύσῃ.
2844 514 3199 586 Ἀϐελτηρίας
3237 515 3345 586 γὰρ
3394 515 3654 586 ἐσχάτης,

295 641 302 647 -
383 599 587 656 editur.
630 598 922 668 Propterea
944 613 1072 654 vero
1103 601 1357 654 animalia
1393 601 1640 670 quaedam
1686 601 1963 655 immunda

2096 606 2134 657 τὸ
2179 606 2496 674 ἐσθιόμενον
2539 611 2887 677 προσκυνεῖν.
2937 609 3035 662 Διά
3080 626 3160 662 τοι
3204 608 3386 672 τοῦτο,
3439 609 3508 663 τὰ
3560 608 3658 678 μὲν

383 692 543 753 dixit,
585 692 691 745 alia
732 707 862 746 vero
904 692 1106 747 munda
1141 708 1155 743 :
1203 700 1264 747 ut
1311 694 1401 746 illa
1451 694 1668 762 quidem
1713 704 1969 762 tauquam

2096 698 2364 768 ικάθαρτα
2407 699 2514 752 τῶν
2560 699 2714 762 ζώων
2765 699 2948 768 λέγει,
2983 701 3051 752 τὰ
3076 700 3131 753 δὲ
3173 700 3395 770 καθαρά
3421 717 3435 730 ·
3470 699 3556 753 ἵνα
3591 701 3658 755 τὰ

386 782 671 836 immunda
710 782 1110 845 exhorrentes,
1159 798 1270 837 non
1316 782 1606 849 deificent;
1655 782 1769 837 haec
1807 795 1973 847 vero,

384 888 511 944 quat
538 874 943 940 comeduntur,
979 889 1087 928 non
1122 875 1373 930 adorent.

942 987 1226 1043 INTERR.
1276 985 1412 1045 LVI.

392 1101 498 1169 Qui
541 1103 603 1173 ﬁt
629 1143 644 1170 ,
691 1111 750 1158 ut
794 1102 913 1159 Noe
959 1107 1174 1228 nonbsft
1214 1105 1562 1210 redargutus,
1602 1107 1742 1176 quod
1772 1123 1824 1163 se
1862 1109 1978 1163 ine-

1099 1189 1282 1228 nam.

1099 1189 1282 1231 ηαηιὲ

464 1266 547 1322 Ab
575 1266 847 1334 imperitia
870 1269 1318 1339 proficiscebatur
1347 1269 1465 1324 haec
1497 1269 1684 1339 passio
1710 1314 1726 1327 .
1769 1288 1876 1328 non
1911 1273 1981 1328 ab

391 1356 837 1428 intemperantia.
869 1358 1004 1414 Nam
1035 1361 1127 1414 ille
1153 1359 1365 1429 primus
1395 1377 1461 1415 ex
1497 1361 1812 1419 hominibus
1833 1378 1984 1418 com-

393 1465 588 1518 presso
619 1451 746 1506 vitis
773 1451 973 1516 fructu,
1007 1452 1270 1521 ignorans
1304 1468 1414 1506 non
1445 1453 1626 1508 solum
1670 1463 1937 1524 quantum
1963 1457 1982 1477 ⁶

392 1551 539 1596 esset
569 1544 858 1598 bibendum
883 1583 898 1605 .
952 1544 1046 1598 sed
1095 1545 1258 1599 etiam
1303 1547 1580 1615 quomodo
1615 1548 1942 1602 sumendum
1965 1589 1981 1615 ,

397 1648 592 1702 nempe
621 1636 768 1704 quod
799 1635 952 1704 prius
987 1637 1284 1705 temperari
1317 1637 1546 1704 debeat,
1582 1649 1635 1694 et
1664 1641 1743 1694 sic
1770 1639 1945 1710 potari
1967 1679 1981 1704 ,

396 1724 588 1778 incidit
617 1726 669 1778 in
702 1726 1042 1783 ebrietatem.
1076 1726 1231 1793 Quod
1270 1744 1398 1782 vero
1438 1731 1674 1785 nudatus
1703 1739 1816 1796 est,
1847 1729 1983 1784 nihil

395 1816 524 1870 novi
557 1818 801 1886 pertulit.
844 1819 1054 1876 Etenim
1091 1822 1254 1876 etiam
1287 1838 1433 1876 nunc
1458 1823 1679 1892 quidam
1705 1823 1987 1878 dormien-

2081 793 2180 863 μὲν
2212 794 2288 858 ὡς
2323 795 2613 867 ἀκάθαρτα
2663 796 3072 867 βδελυττόμενοι
3126 797 3200 867 μὴ
3231 796 3557 861 θεοποιῶσι,
3592 799 3662 850 τὰ

2076 884 2131 938 δὲ
2164 886 2240 958 μὴ
2271 887 2654 959 προσκυνῶσιν
2684 887 2976 959 ἐσθιόμενα
2998 887 3063 942 θ’.

2679 1003 2876 1060 ΕΡΩΤ.
2916 1001 3060 1071 Nq'.

2086 1114 2147 1168 Τί
2194 1113 2420 1182 δήποτε
2464 1117 2577 1171 οὐκ
2609 1115 2879 1186 ἐμέμφθη
2929 1116 3059 1172 Νῶε
3088 1115 3247 1184 μέθῃ
3291 1116 3662 1185 περιπεσών,

2166 1266 2451 1338 Ἀπειρίας
2477 1263 2546 1338 ἦν
2575 1269 2675 1321 οὐκ
2705 1268 2974 1338 ἀκρασίας
3001 1268 3061 1322 τὸ
3085 1267 3278 1332 πάθος.
3306 1268 3530 1340 Πρῶτος
3559 1273 3671 1339 γὰρ

2083 1358 2387 1431 ἀνθρώπων
2419 1359 2730 1430 ἀποθλίψας
2757 1360 2846 1414 τὸν
2877 1361 2977 1430 τῆς
3027 1361 3276 1432 ἀμπέλου
3308 1361 3545 1432 καρπὸν,
3575 1362 3672 1414 καὶ

2085 1451 2296 1519 ἀγνοῶν
2328 1452 2389 1505 οὐ
2424 1451 2584 1522 μόνον
2609 1451 2670 1506 τὸ
2695 1452 2864 1505 ποσὸν
2893 1453 2992 1522 τῆς
3026 1451 3260 1516 πόσεως,
3291 1451 3430 1506 ἀλλά
3459 1453 3553 1507 καὶ
3579 1451 3674 1506 τὸν

2084 1541 2286 1613 τρόπον
2317 1541 2417 1611 τῆς
2454 1541 2832 1613 μεταλήψεως,
2869 1541 2951 1594 ὅτι
2991 1540 3075 1594 δεῖ
3104 1540 3672 1613 κεράσαικπρότερον,

2087 1627 2184 1686 εἶθ’
2215 1631 2357 1685 οὕτω
2386 1634 2552 1694 πιεῖν,
2577 1631 2668 1686 τὸν
2695 1631 2865 1700 κάρον
2895 1631 3178 1701 ὑπέμεινε.
3208 1631 3410 1685 Καινὺν
3437 1630 3495 1683 δὲ
3519 1630 3677 1683 οἰδὲν

2087 1723 2325 1778 πέπονθε
2352 1723 2684 1795 γυμνωθείς.
2713 1725 2824 1778 Καὶ
2846 1725 2954 1795 γὰρ
2985 1723 3081 1777 καὶ
3108 1723 3204 1778 νῦν
3229 1741 3375 1788 τινες
3409 1727 3680 1794 γυμνοῦν-

2087 1835 2180 1872 ται
2204 1817 2582 1881 καθεύδοντες,
2607 1816 3019 1888 ἀφαιρουμένου
3045 1817 3139 1870 τοῦ
3167 1815 3337 1870 ὕπνου
3363 1816 3462 1885 τὴν
3491 1815 3681 1886 αἴσθη-

398 1917 481 1964 tes
515 1911 823 1975 nudantur,
873 1930 1068 1967 somno
1106 1932 1324 1971 sensum
1362 1916 1644 1984 eripiente.
1677 1915 1813 1970 Cum
1854 1931 1983 1971 vero

2096 1929 2180 1965 σιν
2201 1926 2213 1938 ·
2243 1909 2320 1981 τῷ
2345 1909 2500 1980 ὕπνῳ
2525 1909 2634 1979 δὲή
2662 1909 2800 1979 μέθη
2829 1908 3264 1979 προσγινομένη,
3296 1908 3679 1979 πιθανωτέραν

399 2014 597 2054 somno
629 2003 790 2057 etiam
818 2006 1025 2060 accedit
1061 2008 1316 2071 ebrietas,
1351 2007 1521 2062 multo
1558 2008 1981 2077 probabiliorem

399 2091 664 2148 nuditatis
688 2097 1094 2151 excusationem
1130 2099 1328 2156 reddit.

956 2214 1234 2271 INTERR.
1295 2217 1453 2272 LVII.

403 2327 536 2383 Cum
565 2328 793 2382 nomium
836 2329 948 2382 ulla
983 2340 1116 2382 esset
1153 2330 1267 2383 luta
1298 2331 1401 2393 lex.
1439 2348 1553 2401 qum
1573 2331 1781 2400 jubere!
1821 2332 1988 2386 Itono—

478 2415 596 2450 rm'e
630 2409 832 2471 patrem
882 2409 930 2452 et
977 2412 1229 2465 matrem,
1275 2403 1534 2471 quomodo
1568 2402 1733 2457 Cham
1781 2413 1838 2456 ut
1870 2419 1986 2456 reus

475 2470 752 2537 parricidii
790 2469 1080 2523 dantualur
1098 2472 1123 2524 ?

479 2561 647 2628 Leges
689 2564 1031 2615 necessarias
1061 2579 1154 2628 per
1182 2572 1430 2617 naturam
1468 2564 1988 2621 sancivitCreator:

420 2661 469 2702 et
497 2651 566 2702 ita
589 2650 814 2702 Cainum
852 2650 1249 2709 condemnavit,
1287 2649 1542 2716 quoniam
1583 2649 1760 2717 ipsum
1799 2657 1994 2702 natura

420 2741 645 2794 docebat
680 2741 878 2794 caedem
916 2755 1035 2793 esse
1060 2748 1247 2792 contra
1287 2739 1479 2808 legem.
1525 2736 1676 2792 Unde
1713 2739 1836 2800 ille,
1861 2753 1994 2792 usus

420 2832 566 2891 dolo,
589 2830 808 2885 fratrem
854 2847 883 2884 a
925 2830 1238 2900 parentibus
1277 2830 1466 2899 procul
1497 2831 1789 2883 abductum
1825 2827 1995 2881 inter-

423 2923 567 2975 ft-cit.
607 2920 716 2975 Deo
745 2931 922 2975 autem
953 2923 1316 2991 interrogante
1347 2941 1360 2975 :
1409 2921 1520 2992 69
1557 2940 1574 2972 ι
1615 2921 1717 2976 Ubi
1752 2930 1834 2975 est
1863 2920 1994 2974 Abel

421 3012 588 3065 frater
617 3021 742 3067 tuus
769 3014 833 3064 3?
862 3032 878 3063 ι
916 3013 1150 3082 negavit.
1171 3013 1361 3067 Sciens
1390 3013 1579 3081 procul
1606 3013 1772 3065 dubio
1791 3012 1994 3064 malum

422 3102 474 3156 id
509 3117 667 3165 esse,
714 3102 858 3172 quod
904 3101 1141 3166 fecerat,
1171 3101 1483 3171 pernegavit
1521 3099 1654 3152 illud
1699 3115 1757 3153 se
1788 3099 1996 3153 facinus

421 3196 711 3250 admisisse
736 3211 749 3246 :
786 3194 1068 3249 convictus
1090 3203 1269 3249 autem
1303 3208 1331 3246 a
1353 3193 1504 3260 justo
1528 3191 1712 3262 judice
1736 3232 1752 3255 ,
1783 3190 1998 3246 confes-

2089 2005 2189 2076 τῆς
2217 2002 2552 2075 γυμνὼσεως
2585 2001 2697 2074 (65)
2725 2001 2824 2056 τὴν
2854 2000 3149 2070 ἀπολογίαν
3180 2001 3345 2055 ποιεῖ.

2705 2205 2904 2258 ΕΡΩΤ.
2945 2204 3072 2259 NZ'.

2100 2315 2212 2372 Τοῦ
2257 2316 2449 2384 νόμον
2486 2313 2733 2384 μηδέπω
2779 2313 3076 2384 τεθέντος,
3113 2311 3179 2384 ἃς
3225 2311 3557 2384 διαγορεύει
3594 2327 3681 2384 τι-

2163 2385 2287 2456 μᾷν
2314 2382 2420 2438 τὸν
2454 2383 2698 2456 πατέρα,
2725 2382 2821 2456 καὶ
2851 2382 2965 2447 τὴν
2995 2382 3244 2451 μητέρα,
3275 2382 3374 2436 διὰ
3403 2384 3458 2436 τί
3489 2386 3520 2437 ό
3550 2383 3682 2452 Χὰμ

2167 2454 2246 2523 ὡς
2279 2455 2644 2522 πατραλοίας
2678 2454 2974 2518 κρίνεται;

2169 2549 2249 2619 Τῇ
2307 2545 2470 2616 φύσει
2510 2545 2639 2607 τοὺς
2668 2543 3001 2612 ἀναγκαίους
3033 2541 3247 2596 τέθεικε
3291 2543 3486 2613 νόμους
3509 2543 3537 2594 6
3570 2542 3682 2612 (66)

2102 2629 2351 2699 ποιητής.
2384 2628 2540 2683 Οὕτω
2563 2628 2654 2682 τὸν
2685 2630 2824 2682 Κάῖν
2860 2631 3183 2702 κατέκρινεν
3204 2673 3218 2696 ,
3252 2634 3550 2706 ἐπειδήπερ
3577 2637 3677 2691 αὐ-

2100 2718 2192 2773 τὸν
2221 2720 2253 2790 ἡ
2288 2719 2448 2788 φύσις
2479 2721 2786 2786 ἐδίδασκεν,
2823 2721 2896 2785 ὡς
2932 2722 2960 2774 6
2994 2724 3155 2792 φόνος
3182 2726 3518 2796 παράνομος.
3565 2727 3677 2781 Αὐ-

2102 2810 2228 2864 τίκα
2258 2811 2393 2878 γοῦν
2433 2812 2569 2882 δόλῳ
2607 2814 2954 2884 χρησάμενος
3010 2814 3286 2886 συνεργῷ,
3329 2816 3518 2888 πόρρω
3567 2817 3678 2872 τῶν

2102 2904 2510 2974 γεγεννηκότων
2543 2904 2846 2974 ἀπαγαγὼν
2866 2945 2882 2971 ,
2936 2907 3116 2961 ἀνεῖλε
3149 2907 3240 2960 τὸν
3283 2908 3508 2978 ἀδελφὺν
3528 2950 3541 2972 ,
3579 2913 3676 2964 καὶ

2102 2995 2196 3047 τοῦ
2247 2995 2385 3048 Θεοῦ
2438 2996 2884 3066 πυνθανομένου,
2937 3017 2955 3048 ι
3009 2997 3118 3050 Ποῦ
3163 2998 3329 3052 Ἀὁελ
3373 3001 3402 3052 6
3447 3000 3677 3068 ἁδελφός

2106 3102 2234 3151 σου;
2271 3105 2287 3136 ι
2330 3087 2562 3158 ἠρνήθη.
2597 3087 2766 3158 Δῆλον
2797 3087 2852 3140 δὲ
2883 3088 2956 3151 ὡς
2991 3089 3354 3158 ἐπιστάμενος
3391 3091 3472 3143 ὃτι
3505 3092 3677 3145 κακὸν

2103 3176 2162 3229 τὸ
2192 3179 2578 3248 γεγενημένον,
2612 3180 2889 3250 ἠρνήσατο
2928 3179 3037 3251 (67)
3064 3181 3124 3233 τὸ
3151 3181 3440 3252 τολμηθὲν.
3485 3183 3675 3252 Ἐλεγ-

421 3303 518 3341 sus
547 3296 628 3342 est
663 3302 722 3342 se
760 3288 980 3357 gravius
1008 3301 1298 3357 peccasse,
1331 3299 1496 3354 quam
1537 3293 1598 3338 ut
1626 3283 1836 3338 veniam
1886 3299 1998 3337 me-

2102 3269 2249 3338 χθεὶς
2273 3270 2328 3323 δὲ
2352 3271 2455 3324 ὑπὸ
2478 3270 2573 3323 τοῦ
2602 3270 2810 3324 δικαίου
2840 3272 3026 3343 κριτοῦ
3044 3273 3114 3336 ⁷ο,
3145 3273 3498 3345 ὡμολόγησεν
3533 3275 3676 3346 ὑπὲρ

421 3387 630 3433 rcretur
657 3397 671 3432 :
711 3397 730 3430 ι
764 3379 933 3449 Major
962 3389 1044 3434 est
1074 3380 1217 3433 cnim
1245 3420 1259 3442 ,
1295 3377 1510 3447 inquit,
1549 3376 1811 3446 iniquitas
1843 3372 1995 3443 mea,

424 3484 588 3537 quam
616 3479 677 3524 ut
704 3470 836 3523 mihi
873 3470 1208 3526 condonetur
1229 3479 1277 3524 γ.
1310 3489 1328 3521 ι
1364 3469 1560 3524 Verum
1585 3469 1757 3523 Adam
1781 3483 2000 3539 quoque

423 3572 548 3610 cum
581 3557 817 3611 divinam
853 3561 1196 3629 praesentiam
1231 3559 1530 3620 sensisset,
1570 3559 1738 3613 latere
1769 3569 1999 3613 conatus

424 3660 539 3716 est,
591 3650 746 3719 quasi
793 3665 1128 3722 cognoscens
1169 3653 1338 3706 furari
1383 3653 1587 3706 malum
1635 3667 1775 3707 esse.
1820 3651 1895 3705 Ita
1945 3660 2000 3704 et

421 3741 591 3796 Cham
643 3741 919 3812 parricidii
967 3760 1091 3799 reus
1127 3745 1345 3799 habitus
1370 3751 1452 3798 est
1477 3785 1492 3809 ,
1529 3753 1788 3812 tanquam
1820 3753 2000 3798 trans-

424 3851 646 3906 gressus
680 3835 848 3905 legem
895 3846 1120 3890 naturae.
1152 3836 1287 3890 Nam
1325 3836 1467 3905 quod
1509 3845 1702 3890 natura
1739 3837 1853 3906 ipsa
1895 3836 1997 3890 do-

425 3939 570 3983 ceret
597 3931 839 3984 venerari
880 3939 933 3983 et
970 3930 1144 3984 colere
1185 3939 1434 3999 parentes
1476 3938 1760 3999 oportere,
1805 3929 1998 3985 testiﬁ~

424 4033 617 4075 cantur
651 4020 846 4075 fratres
877 4021 1048 4088 ipsius
1078 4021 1246 4076 Cham
1281 4039 1294 4075 :
1327 4037 1354 4074 a
1389 4037 1498 4090 quo
1531 4037 1653 4075 cum
1692 4021 1994 4075 intellexis-

423 4111 722 4180 sent,quod
756 4111 894 4180 patri
918 4111 1226 4175 acciderat,
1257 4111 1430 4166 multo
1457 4126 1580 4166 cum
1613 4110 1817 4180 pudore
1846 4119 1994 4166 retro

424 4203 730 4271 gradientes
763 4213 968 4273 patrem
1003 4213 1376 4273 operuerunt,
1409 4215 1469 4258 ut
1498 4204 1720 4258 minime
1755 4204 1996 4259 viderent

423 4295 566 4349 unde
603 4305 762 4350 erant
802 4297 1071 4367 prognati.
1108 4297 1294 4367 Itaque
1330 4297 1523 4352 merito
1561 4297 1994 4353 benedictionem

420 4404 450 4443 a
483 4397 634 4459 patre
673 4399 1022 4445 acceperunt.

490 4566 811 4622 Olthl-JNIS
846 4570 912 4622 ⁷¹.
941 4569 1054 4624 Cur
1085 4567 1386 4639 Scriptura,
1422 4584 1545 4624 cum
1576 4568 1834 4625 dixisset:
1873 4588 1891 4621 ι
1928 4567 1994 4624 Et

2099 3363 2430 3433 συγγνώμην
2475 3364 2878 3435 ἡμαρτηκέναι.
2922 3383 2940 3416 ι
2999 3364 3211 3430 Μείζων
3245 3367 3375 3439 γὰρ,
3414 3370 3603 3437 φησὶν,
3642 3371 3674 3440 ή

2097 3455 2341 3527 ἁμαρτία
2381 3473 2481 3526 μου
2509 3456 2604 3510 τοῦ
2641 3458 2910 3528 ἀφεθῆναί
2958 3476 3048 3527 με.
3101 3478 3120 3510 ι
3151 3459 3264 3512 Καὶ
3303 3461 3487 3530 μέντοι
3517 3461 3616 3514 καὶ
3649 3463 3677 3516 6

2110 3548 2280 3619 Ἀδὰμ
2330 3550 2427 3620 τῆς
2475 3549 2625 3613 θείας
2668 3551 2992 3618 ἐπιφανείας
3033 3551 3359 3623 αἰσθόμενος
3402 3553 3671 3626 ἐπειράθη

2095 3641 2311 3706 λαθεῖν,
2344 3642 2420 3707 ὡς
2463 3641 2622 3707 εἰδὼς
2667 3644 2749 3697 ὅτι
2789 3643 2854 3714 δὴ
2888 3643 2950 3696 τὸ
2983 3643 3240 3699 κλέπτειν
3281 3646 3484 3700 κακόν·
3531 3647 3675 3701 οὕτω

2097 3736 2191 3790 καὶ
2218 3735 2246 3788 6
2274 3736 2404 3807 Χὰμ
2427 3735 2524 3808 τὴν
2553 3735 2646 3790 τοῦ
2683 3737 3014 3808 πατραλοίου
3053 3738 3393 3810 κατηγορίαν
3431 3739 3670 3805 ἐδέξατο,

2095 3828 2171 3892 ὼς
2204 3828 2455 3899 παραϐὰς
2485 3829 2577 3883 τὸν
2602 3830 2700 3900 τῆς
2728 3829 2946 3900 φύσεως
2973 3831 3158 3902 νόμον.
3197 3831 3317 3886 ’Ότι
3349 3832 3456 3900 γὰρ
3492 3811 3589 3886 καὶ
3614 3831 3674 3886 τδ

2095 3919 2371 3990 γεραίρειν
2406 3922 2532 3984 τοὺς
2562 3923 3015 3994 γεγεννηκόταςή
3047 3922 3208 3992 φύσις
3233 3923 3501 3988 ἐδίδασκε,
3533 3942 3673 3996 μαρ-

2096 4012 2349 4083 τυροῦσιν
2391 4014 2440 4065 οἱ
2484 4013 2578 4066 τοῦ
2628 4015 2756 4084 Χὰμ
2796 4013 3037 4084 ἀδελφοὶ,
3089 4014 3140 4068 οἳ
3186 4015 3319 4086 παρ’
3365 4015 3577 4070 ἐκείνου
3607 4016 3672 4069 τὸ

2096 4105 2268 4167 πάθος
2293 4103 2674 4175 μεμαθηκότες
2699 4103 2791 4156 τοῦ
2825 4105 3054 4175 πατρὸς,
3086 4106 3227 4174 μετὰ
3252 4106 3452 4176 πολλῆς
3488 4106 3672 4168 αἰδοῦς

2095 4198 2176 4260 είς
2201 4197 2441 4250 τούπίσω
2467 4195 2774 4267 βαδίζοντες
2798 4197 3172 4266 συνεκάλυψαν
3197 4196 3288 4254 τὸν
3312 4196 3528 4266 πατέρα
3549 4237 3566 4262 ,
3595 4197 3672 4259 ὡς

2093 4288 2160 4342 ἂν
2187 4289 2385 4360 ἥκιστα
2408 4287 2567 4341 ῐδοιεν
2600 4288 2721 4342 ὅθεν
2747 4289 3047 4360 σπαρέντες
3071 4288 3430 4359 ἐϐλάστησαν.
3463 4288 3670 4358 Τοιγάρ

2094 4397 2178 4434 τοι
2210 4379 2303 4433 καὶ
2347 4378 2492 4450 μάλα
2519 4379 2745 4444 εἰκότως
2780 4379 2876 4433 κα)⁵
2909 4378 3002 4436 τοῦ
3046 4378 3253 4450 πατρὸς
3280 4379 3380 4450 τὴν
3417 4379 3669 4448 εὐλογίαν

2094 4471 2385 4543 ἐδρέψαντο
2410 4471 2542 4542 (68).

2163 4562 2566 4617 ΩΡΙΓΕΝΟΥΣ.
2602 4561 2666 4616 Τί
2697 4562 2760 4633 δή
2788 4578 2919 4616 ποτε
2945 4561 3232 4631 εἰποῦσαή
3261 4560 3474 4631 Γραφὴ,
3512 4579 3532 4611 ι
3561 4561 3670 4614 Καὶ

420 4668 574 4710 erant
599 4659 689 4710 IIIII
715 4660 846 4724 Noe,
870 4665 962 4731 qui
984 4664 1052 4715 ab
1077 4678 1200 4715 arca
1224 4662 1430 4730 egressi
1473 4669 1622 4725 sunt,
1648 4660 1796 4724 Sem,
1821 4661 1990 4715 Cham

2096 4651 2238 4728 ἦσαν
2260 4656 2310 4708 οἱ
2328 4654 2438 4708 υἱοὶ
2464 4653 2590 4707 Νῶε
2617 4653 2961 4724 ἐξερχόμενοι
2989 4653 3097 4708 ἀπὸ
3121 4654 3220 4722 τῆς
3246 4651 3503 4716 κιϐωτοῦ,
3524 4654 3668 4723 Σήμ,

421 4758 473 4800 et
506 4747 962 4817 Japhetpaddidit
992 4772 1004 4808 :
1050 4772 1068 4805 ι
1110 4755 1174 4808 Et
1201 4754 1374 4808 Cham
1409 4753 1525 4823 ipse
1549 4761 1633 4809 est
1661 4762 1816 4825 pater
1847 4754 1994 4810 Cha-

465 4916 518 4968 ἰ
548 4925 684 4982 Gen.
723 4943 798 4992 tv,
843 4928 896 4986 9.
970 4937 999 4978 1
1038 4931 1170 4987 ibid.
1231 4933 1300 4988 15

2099 4749 2249 4818 Χὰμ,
2289 4744 2489 4816 Ἰάφεθ,
2521 4763 2540 4797 ι
2574 4743 2903 4817 προσέθηκε,
2945 4763 2964 4797 ι
3003 4745 3113 4799 Καὶ
3147 4744 3278 4816 Χὰμ
3306 4739 3459 4807 οὗτος
3487 4744 3670 4813 πατὴρ

1259 5067 1496 5125 VABIAE
1563 5069 1951 5128 LECTIONES
1980 5069 2074 5126 EX
2112 5069 2392 5127 CATENA
2442 5066 2801 5125 LIPSIENSI.

514 5201 558 5232 “
580 5198 782 5280 Cat._p.
816 5199 937 5253 I56.
965 5200 1040 5280 ὡς
1068 5201 1496 5280 ἐσθιόμενα-φη
1521 5208 1641 5266 Cat.
1699 5225 1755 5280 p.
1795 5208 1916 5263 I64.
1974 5208 2014 5260 6'

2112 5206 2206 5261 τοῦ
2276 5206 2664 5277 δικαιοκρίτου.

417 5278 524 5324 cat.
589 5285 642 5339 ι).
690 5271 784 5326 161
843 5273 1133 5339 quaestioni
1187 5273 1255 5329 56
1295 5282 1347 5329 et
1382 5277 1467 5330 57.

2773 5206 2818 5239 "
2849 5203 2950 5261 Hic
3004 5204 3156 5260 locus
3200 5204 3547 5276 praemittitur
3615 5205 3672 5257 in

1895 5408 1900 5414 ’
1937 5408 2170 5464 ΝΟΤΑτλ.

491 5525 604 5594 (65)
641 5525 1032 5596 Γυμνώσεως.
1091 5523 1247 5596 Cod.
1277 5523 1551 5589 γνώσεως.
1603 5525 1766 5580 Picus
1800 5533 1979 5596 autem

417 5593 546 5667 legit
575 5593 952 5666 πιθανωτέραν
1007 5596 1104 5667 τῆς
1150 5595 1402 5664 γνώσεως
1450 5596 1548 5665 τὴν
1601 5596 1776 5648 αἰτίαν
1831 5593 1984 5663 φθεί-

419 5685 602 5810 pe2'66)
627 5736 760 5793 Cod.
790 5744 843 5791 ct
865 5733 972 5790 Pic.
1025 5735 1120 5798 ὡς.

2156 5520 2268 5590 (67)
2312 5522 2660 5592 Ἦρνήσατο.
2695 5521 2828 5576 Cod.
2861 5522 3090 5592 ἡρνήῦη.
3115 5521 3264 5591 Apud
3280 5520 3466 5576 Picum
3493 5518 3662 5579 desid.

2088 5593 2147 5645 τὸ
2174 5609 2372 5661 γεγενη
2384 5593 2450 5660 μέ
2461 5592 2874 5662 νονᾷήρνήσατο.

2164 5663 2275 5730 (68)
2306 5659 2439 5715 om.
2471 5669 2524 5715 et
2551 5659 2662 5714 Pic.
2696 5659 2966 5724 ἐδέξαντο.
