  <div class='ocr_page' id='page_1' title='image "/cluster/home/n/w/nwhite01/storage/ocr_20150623/80/mdp.39015007044145/089.png"; bbox 0 0 4038 6210; ppageno 0'>
   <div class='ocr_carea' id='block_1_1' title="bbox 356 315 462 386">
    <p class='ocr_par' dir='ltr' id='par_1_1' title="bbox 356 315 462 386">
     <span class='ocr_line' id='line_1_1' title="bbox 356 315 462 386; baseline -0.019 0"><span class='ocrx_word' id='word_1_1' title='bbox 356 315 462 386; x_wconf 81' lang='grc'><strong>163</strong></span> 
     </span>
    </p>
   </div>
   <div class='ocr_carea' id='block_1_2' title="bbox 1341 314 2617 394">
    <p class='ocr_par' dir='ltr' id='par_1_2' title="bbox 1341 314 2617 394">
     <span class='ocr_line' id='line_1_2' title="bbox 1341 314 2617 394; baseline 0.001 -18"><span class='ocrx_word' id='word_1_2' title='bbox 1341 314 1829 394; x_wconf 76' lang='lat' dir='ltr'><strong>THEODORETI</strong></span> <span class='ocrx_word' id='word_1_3' title='bbox 1860 315 2202 378; x_wconf 86' lang='lat' dir='ltr'><strong>EPISCOPI</strong></span> <span class='ocrx_word' id='word_1_4' title='bbox 2243 316 2617 379; x_wconf 79' lang='lat' dir='ltr'><strong>CYRENSIS</strong></span> 
     </span>
    </p>
   </div>
   <div class='ocr_carea' id='block_1_3' title="bbox 3511 318 3611 384">
    <p class='ocr_par' dir='ltr' id='par_1_3' title="bbox 3511 318 3611 384">
     <span class='ocr_line' id='line_1_3' title="bbox 3511 318 3611 384; baseline 0.02 -2"><span class='ocrx_word' id='word_1_5' title='bbox 3511 318 3611 384; x_wconf 69' lang='grc'>164</span> 
     </span>
    </p>
   </div>
   <div class='ocr_carea' id='block_1_4' title="bbox 347 427 1931 505">
    <p class='ocr_par' dir='ltr' id='par_1_4' title="bbox 347 427 1931 500">
     <span class='ocr_line' id='line_1_4' title="bbox 347 427 1931 500; baseline -0.005 -12"><span class='ocrx_word' id='word_1_6' title='bbox 347 431 473 500; x_wconf 80' lang='lat' dir='ltr'><strong>ejus</strong></span> <span class='ocrx_word' id='word_1_7' title='bbox 513 430 623 488; x_wconf 79' lang='lat' dir='ltr'><strong>lilio</strong></span> <span class='ocrx_word' id='word_1_8' title='bbox 663 427 1096 486; x_wconf 83' lang='lat' dir='ltr'><strong>maledictionem</strong></span> <span class='ocrx_word' id='word_1_9' title='bbox 1140 428 1341 484; x_wconf 90' lang='lat' dir='ltr'><strong>intulit.</strong></span> <span class='ocrx_word' id='word_1_10' title='bbox 1378 427 1476 484; x_wconf 88' lang='lat' dir='ltr'><strong>Est</strong></span> <span class='ocrx_word' id='word_1_11' title='bbox 1514 437 1695 484; x_wconf 91' lang='lat' dir='ltr'><strong>autem</strong></span> <span class='ocrx_word' id='word_1_12' title='bbox 1725 427 1931 498; x_wconf 87' lang='lat' dir='ltr'><strong>suppli-</strong></span> 
     </span>
    </p>
   </div>
   <div class='ocr_carea' id='block_1_5' title="bbox 2012 427 3612 505">
    <p class='ocr_par' dir='ltr' id='par_1_5' title="bbox 2035 431 3612 505">
     <span class='ocr_line' id='line_1_5' title="bbox 2035 431 3612 505; baseline 0.001 -18"><span class='ocrx_word' id='word_1_13' title='bbox 2035 431 2374 501; x_wconf 83' lang='grc' dir='ltr'>περιτέθεικε</span> <span class='ocrx_word' id='word_1_14' title='bbox 2408 433 2510 504; x_wconf 84' lang='grc' dir='ltr'>τὴν</span> <span class='ocrx_word' id='word_1_15' title='bbox 2559 432 2719 504; x_wconf 84' lang='grc' dir='ltr'>ἀράν.</span> <span class='ocrx_word' id='word_1_16' title='bbox 2757 432 2914 503; x_wconf 82' lang='grc' dir='ltr'>Ἔχει</span> <span class='ocrx_word' id='word_1_17' title='bbox 2946 431 3002 484; x_wconf 78' lang='grc' dir='ltr'>δὲ</span> <span class='ocrx_word' id='word_1_18' title='bbox 3055 432 3146 486; x_wconf 76' lang='grc' dir='ltr'><strong>καὶ</strong></span> <span class='ocrx_word' id='word_1_19' title='bbox 3198 432 3232 504; x_wconf 81' lang='grc' dir='ltr'>ἡ</span> <span class='ocrx_word' id='word_1_20' title='bbox 3283 431 3522 505; x_wconf 75' lang='grc' dir='ltr'>τιμωρία</span> <span class='ocrx_word' id='word_1_21' title='bbox 3552 437 3612 489; x_wconf 81' lang='grc' dir='ltr'><strong>τὸ</strong></span> 
     </span>
    </p>
   </div>
   <div class='ocr_carea' id='block_1_6' title="bbox 312 517 1920 590">
    <p class='ocr_par' dir='ltr' id='par_1_6' title="bbox 312 517 1920 590">
     <span class='ocr_line' id='line_1_6' title="bbox 312 517 1920 590; baseline -0.005 -13"><span class='ocrx_word' id='word_1_22' title='bbox 312 549 316 551; x_wconf 94' lang='grc'><strong>-</strong></span> <span class='ocrx_word' id='word_1_23' title='bbox 350 523 496 577; x_wconf 71' lang='lat' dir='ltr'><strong>cium</strong></span> <span class='ocrx_word' id='word_1_24' title='bbox 543 521 770 590; x_wconf 81' lang='lat' dir='ltr'><strong>justum.</strong></span> <span class='ocrx_word' id='word_1_25' title='bbox 807 519 942 586; x_wconf 84' lang='lat' dir='ltr'><strong>Quia</strong></span> <span class='ocrx_word' id='word_1_26' title='bbox 974 519 1141 580; x_wconf 83' lang='lat' dir='ltr'><strong>enim,</strong></span> <span class='ocrx_word' id='word_1_27' title='bbox 1177 533 1300 572; x_wconf 90' lang='lat' dir='ltr'><strong>cum</strong></span> <span class='ocrx_word' id='word_1_28' title='bbox 1340 518 1482 574; x_wconf 91' lang='lat' dir='ltr'><strong>lilius</strong></span> <span class='ocrx_word' id='word_1_29' title='bbox 1515 527 1692 582; x_wconf 88' lang='lat' dir='ltr'><strong>esset,</strong></span> <span class='ocrx_word' id='word_1_30' title='bbox 1733 517 1786 571; x_wconf 91' lang='lat' dir='ltr'><strong>in</strong></span> <span class='ocrx_word' id='word_1_31' title='bbox 1825 531 1920 586; x_wconf 84' lang='lat' dir='ltr'><strong>pa-</strong></span> 
     </span>
    </p>
   </div>
   <div class='ocr_carea' id='block_1_7' title="bbox 347 609 1926 681">
    <p class='ocr_par' dir='ltr' id='par_1_7' title="bbox 347 609 1926 681">
     <span class='ocr_line' id='line_1_7' title="bbox 347 609 1926 681; baseline -0.001 -14"><span class='ocrx_word' id='word_1_32' title='bbox 347 620 485 667; x_wconf 87' lang='lat' dir='ltr'><strong>trem</strong></span> <span class='ocrx_word' id='word_1_33' title='bbox 517 611 765 681; x_wconf 83' lang='lat' dir='ltr'><strong>deliquit.</strong></span> <span class='ocrx_word' id='word_1_34' title='bbox 803 614 874 665; x_wconf 88' lang='lat' dir='ltr'><strong>ob</strong></span> <span class='ocrx_word' id='word_1_35' title='bbox 918 611 968 666; x_wconf 88' lang='lat' dir='ltr'><strong>id</strong></span> <span class='ocrx_word' id='word_1_36' title='bbox 1009 627 1102 680; x_wconf 89' lang='lat' dir='ltr'><strong>per</strong></span> <span class='ocrx_word' id='word_1_37' title='bbox 1136 610 1228 664; x_wconf 85' lang='lat' dir='ltr'><strong>lilii</strong></span> <span class='ocrx_word' id='word_1_38' title='bbox 1270 609 1705 664; x_wconf 87' lang='lat' dir='ltr'><strong>maledictionem</strong></span> <span class='ocrx_word' id='word_1_39' title='bbox 1735 623 1926 678; x_wconf 62' lang='lat' dir='ltr'><strong>plenas</strong></span> 
     </span>
    </p>
   </div>
   <div class='ocr_carea' id='block_1_8' title="bbox 346 699 1924 770">
    <p class='ocr_par' dir='ltr' id='par_1_8' title="bbox 346 699 1924 770">
     <span class='ocr_line' id='line_1_8' title="bbox 346 699 1924 770; baseline 0 -16"><span class='ocrx_word' id='word_1_40' title='bbox 346 702 468 756; x_wconf 92' lang='lat' dir='ltr'><strong>luit.</strong></span> <span class='ocrx_word' id='word_1_41' title='bbox 515 702 593 756; x_wconf 87' lang='lat' dir='ltr'><strong>Ad</strong></span> <span class='ocrx_word' id='word_1_42' title='bbox 633 703 744 757; x_wconf 80' lang='lat' dir='ltr'><strong>haec</strong></span> <span class='ocrx_word' id='word_1_43' title='bbox 767 701 1223 756; x_wconf 85' lang='lat' dir='ltr'><strong>considerandum</strong></span> <span class='ocrx_word' id='word_1_44' title='bbox 1257 710 1343 755; x_wconf 92' lang='lat' dir='ltr'><strong>est</strong></span> <span class='ocrx_word' id='word_1_45' title='bbox 1373 700 1527 766; x_wconf 87' lang='lat' dir='ltr'><strong>illud,</strong></span> <span class='ocrx_word' id='word_1_46' title='bbox 1559 699 1702 770; x_wconf 85' lang='lat' dir='ltr'><strong>quod</strong></span> <span class='ocrx_word' id='word_1_47' title='bbox 1735 701 1779 755; x_wconf 88' lang='lat' dir='ltr'><strong>si</strong></span> <span class='ocrx_word' id='word_1_48' title='bbox 1809 700 1924 769; x_wconf 86' lang='lat' dir='ltr'><strong>ipse</strong></span> 
     </span>
    </p>
   </div>
   <div class='ocr_carea' id='block_1_9' title="bbox 344 792 1923 861">
    <p class='ocr_par' dir='ltr' id='par_1_9' title="bbox 344 792 1923 861">
     <span class='ocr_line' id='line_1_9' title="bbox 344 792 1923 861; baseline -0.001 -14"><span class='ocrx_word' id='word_1_49' title='bbox 344 792 516 848; x_wconf 77' lang='lat' dir='ltr'><strong>Cliam</strong></span> <span class='ocrx_word' id='word_1_50' title='bbox 569 794 1004 848; x_wconf 88' lang='lat' dir='ltr'><strong>maledictionem</strong></span> <span class='ocrx_word' id='word_1_51' title='bbox 1053 793 1402 861; x_wconf 74' lang='lat' dir='ltr'><strong>suscepisset,</strong></span> <span class='ocrx_word' id='word_1_52' title='bbox 1445 793 1498 845; x_wconf 87' lang='lat' dir='ltr'><strong>in</strong></span> <span class='ocrx_word' id='word_1_53' title='bbox 1544 800 1716 846; x_wconf 87' lang='lat' dir='ltr'><strong>totum</strong></span> <span class='ocrx_word' id='word_1_54' title='bbox 1751 807 1923 861; x_wconf 85' lang='lat' dir='ltr'><strong>genus</strong></span> 
     </span>
    </p>
   </div>
   <div class='ocr_carea' id='block_1_10' title="bbox 346 884 1920 954">
    <p class='ocr_par' dir='ltr' id='par_1_10' title="bbox 346 884 1920 954">
     <span class='ocr_line' id='line_1_10' title="bbox 346 884 1920 954; baseline 0 -15"><span class='ocrx_word' id='word_1_55' title='bbox 346 885 657 941; x_wconf 84' lang='lat' dir='ltr'><strong>maledictio</strong></span> <span class='ocrx_word' id='word_1_56' title='bbox 697 901 759 940; x_wconf 90' lang='lat' dir='ltr'><strong>ea</strong></span> <span class='ocrx_word' id='word_1_57' title='bbox 799 895 1085 954; x_wconf 77' lang='lat' dir='ltr'><strong>pervagata</strong></span> <span class='ocrx_word' id='word_1_58' title='bbox 1120 884 1330 939; x_wconf 83' lang='lat' dir='ltr'><strong>fuisset.</strong></span> <span class='ocrx_word' id='word_1_59' title='bbox 1376 884 1598 948; x_wconf 89' lang='lat' dir='ltr'><strong>Verum,</strong></span> <span class='ocrx_word' id='word_1_60' title='bbox 1631 884 1920 939; x_wconf 90' lang='lat' dir='ltr'><strong>minimum</strong></span> 
     </span>
    </p>
   </div>
   <div class='ocr_carea' id='block_1_11' title="bbox 345 974 1920 1046">
    <p class='ocr_par' dir='ltr' id='par_1_11' title="bbox 345 974 1920 1046">
     <span class='ocr_line' id='line_1_11' title="bbox 345 974 1920 1046; baseline -0.001 -15"><span class='ocrx_word' id='word_1_61' title='bbox 345 978 514 1032; x_wconf 84' lang='lat' dir='ltr'><strong>lilium</strong></span> <span class='ocrx_word' id='word_1_62' title='bbox 550 977 819 1046; x_wconf 86' lang='lat' dir='ltr'><strong>ejusmodi</strong></span> <span class='ocrx_word' id='word_1_63' title='bbox 851 976 1206 1046; x_wconf 80' lang='lat' dir='ltr'><strong>castigatione</strong></span> <span class='ocrx_word' id='word_1_64' title='bbox 1244 976 1564 1045; x_wconf 80' lang='lat' dir='ltr'><strong>increpavit.</strong></span> <span class='ocrx_word' id='word_1_65' title='bbox 1597 974 1713 1030; x_wconf 87' lang='lat' dir='ltr'><strong>Hoc</strong></span> <span class='ocrx_word' id='word_1_66' title='bbox 1738 985 1920 1030; x_wconf 89' lang='lat' dir='ltr'><strong>autem</strong></span> 
     </span>
    </p>
   </div>
   <div class='ocr_carea' id='block_1_12' title="bbox 345 1069 1919 1139">
    <p class='ocr_par' dir='ltr' id='par_1_12' title="bbox 345 1069 1919 1139">
     <span class='ocr_line' id='line_1_12' title="bbox 345 1069 1919 1139; baseline 0.001 -16"><span class='ocrx_word' id='word_1_67' title='bbox 345 1069 647 1134; x_wconf 87' lang='lat' dir='ltr'><strong>sciendum,</strong></span> <span class='ocrx_word' id='word_1_68' title='bbox 697 1070 843 1139; x_wconf 85' lang='lat' dir='ltr'><strong>quod</strong></span> <span class='ocrx_word' id='word_1_69' title='bbox 894 1071 1055 1124; x_wconf 82' lang='lat' dir='ltr'><strong>verba</strong></span> <span class='ocrx_word' id='word_1_70' title='bbox 1099 1069 1256 1139; x_wconf 82' lang='lat' dir='ltr'><strong>justi,</strong></span> <span class='ocrx_word' id='word_1_71' title='bbox 1296 1083 1404 1122; x_wconf 92' lang='lat' dir='ltr'><strong>non</strong></span> <span class='ocrx_word' id='word_1_72' title='bbox 1459 1069 1790 1134; x_wconf 87' lang='lat' dir='ltr'><strong>maledictio,</strong></span> <span class='ocrx_word' id='word_1_73' title='bbox 1823 1069 1919 1125; x_wconf 83' lang='lat' dir='ltr'><strong>sed</strong></span> 
     </span>
    </p>
   </div>
   <div class='ocr_carea' id='block_1_13' title="bbox 345 1158 1920 1232">
    <p class='ocr_par' dir='ltr' id='par_1_13' title="bbox 345 1158 1920 1232">
     <span class='ocr_line' id='line_1_13' title="bbox 345 1158 1920 1232; baseline 0.003 -21"><span class='ocrx_word' id='word_1_74' title='bbox 345 1161 626 1229; x_wconf 78' lang='lat' dir='ltr'><strong>prophetia</strong></span> <span class='ocrx_word' id='word_1_75' title='bbox 666 1171 810 1215; x_wconf 90' lang='lat' dir='ltr'><strong>sunt.</strong></span> <span class='ocrx_word' id='word_1_76' title='bbox 847 1159 978 1214; x_wconf 84' lang='lat' dir='ltr'><strong>Nam</strong></span> <span class='ocrx_word' id='word_1_77' title='bbox 1015 1177 1137 1215; x_wconf 89' lang='lat' dir='ltr'><strong>cum</strong></span> <span class='ocrx_word' id='word_1_78' title='bbox 1172 1160 1331 1216; x_wconf 89' lang='lat' dir='ltr'><strong>Israel</strong></span> <span class='ocrx_word' id='word_1_79' title='bbox 1366 1175 1434 1214; x_wconf 79' lang='lat' dir='ltr'><strong>ex</strong></span> <span class='ocrx_word' id='word_1_80' title='bbox 1471 1158 1596 1215; x_wconf 91' lang='lat' dir='ltr'><strong>Sem</strong></span> <span class='ocrx_word' id='word_1_81' title='bbox 1621 1177 1794 1232; x_wconf 84' lang='lat' dir='ltr'><strong>genus</strong></span> <span class='ocrx_word' id='word_1_82' title='bbox 1819 1163 1920 1218; x_wconf 80' lang='lat' dir='ltr'><strong>du-</strong></span> 
     </span>
    </p>
   </div>
   <div class='ocr_carea' id='block_1_14' title="bbox 343 1249 1918 1321">
    <p class='ocr_par' dir='ltr' id='par_1_14' title="bbox 343 1249 1918 1321">
     <span class='ocr_line' id='line_1_14' title="bbox 343 1249 1918 1321; baseline 0.004 -20"><span class='ocrx_word' id='word_1_83' title='bbox 343 1265 494 1311; x_wconf 90' lang='lat' dir='ltr'><strong>cens,</strong></span> <span class='ocrx_word' id='word_1_84' title='bbox 534 1249 873 1304; x_wconf 65' lang='lat' dir='ltr'><strong>Palaestinam</strong></span> <span class='ocrx_word' id='word_1_85' title='bbox 922 1253 938 1270; x_wconf 84' lang='lat'><strong><em>&#39;</em></strong></span> <span class='ocrx_word' id='word_1_86' title='bbox 977 1261 1343 1319; x_wconf 86' lang='lat' dir='ltr'><strong>occupaturus</strong></span> <span class='ocrx_word' id='word_1_87' title='bbox 1388 1261 1552 1317; x_wconf 84' lang='lat' dir='ltr'><strong>esset,</strong></span> <span class='ocrx_word' id='word_1_88' title='bbox 1593 1268 1757 1321; x_wconf 89' lang='lat' dir='ltr'><strong>quam</strong></span> <span class='ocrx_word' id='word_1_89' title='bbox 1791 1254 1918 1309; x_wconf 92' lang='lat' dir='ltr'><strong>olim</strong></span> 
     </span>
    </p>
   </div>
   <div class='ocr_carea' id='block_1_15' title="bbox 346 1343 1922 1412">
    <p class='ocr_par' dir='ltr' id='par_1_15' title="bbox 346 1343 1922 1412">
     <span class='ocr_line' id='line_1_15' title="bbox 346 1343 1922 1412; baseline 0.004 -19"><span class='ocrx_word' id='word_1_90' title='bbox 346 1343 703 1407; x_wconf 89' lang='lat' dir='ltr'><strong>incoluerant,</strong></span> <span class='ocrx_word' id='word_1_91' title='bbox 737 1345 826 1412; x_wconf 91' lang='lat' dir='ltr'><strong>qui</strong></span> <span class='ocrx_word' id='word_1_92' title='bbox 865 1359 932 1397; x_wconf 80' lang='lat' dir='ltr'><strong>ex</strong></span> <span class='ocrx_word' id='word_1_93' title='bbox 972 1344 1227 1398; x_wconf 81' lang='lat' dir='ltr'><strong>Chanaan</strong></span> <span class='ocrx_word' id='word_1_94' title='bbox 1262 1345 1678 1410; x_wconf 86' lang='lat' dir='ltr'><strong>descenderant,</strong></span> <span class='ocrx_word' id='word_1_95' title='bbox 1712 1347 1764 1400; x_wconf 90' lang='lat' dir='ltr'><strong>in</strong></span> <span class='ocrx_word' id='word_1_96' title='bbox 1806 1363 1922 1400; x_wconf 89' lang='lat' dir='ltr'><strong>ma-</strong></span> 
     </span>
    </p>
   </div>
   <div class='ocr_carea' id='block_1_16' title="bbox 343 1432 1917 1504">
    <p class='ocr_par' dir='ltr' id='par_1_16' title="bbox 343 1432 1917 1504">
     <span class='ocr_line' id='line_1_16' title="bbox 343 1432 1917 1504; baseline 0.002 -20"><span class='ocrx_word' id='word_1_97' title='bbox 343 1432 648 1487; x_wconf 84' lang='lat' dir='ltr'><strong>ledictinnis</strong></span> <span class='ocrx_word' id='word_1_98' title='bbox 705 1433 936 1486; x_wconf 82' lang='lat' dir='ltr'><strong>formam</strong></span> <span class='ocrx_word' id='word_1_99' title='bbox 983 1433 1322 1502; x_wconf 89' lang='lat' dir='ltr'><strong>prophetiam</strong></span> <span class='ocrx_word' id='word_1_100' title='bbox 1377 1433 1568 1499; x_wconf 79' lang='lat' dir='ltr'><strong>ell&#39;ert;</strong></span> <span class='ocrx_word' id='word_1_101' title='bbox 1620 1437 1917 1504; x_wconf 58' lang='lat' dir='ltr'><strong>pradicens</strong></span> 
     </span>
    </p>
   </div>
   <div class='ocr_carea' id='block_1_17' title="bbox 342 1520 1918 1591">
    <p class='ocr_par' dir='ltr' id='par_1_17' title="bbox 342 1520 1918 1591">
     <span class='ocr_line' id='line_1_17' title="bbox 342 1520 1918 1591; baseline 0.001 -17"><span class='ocrx_word' id='word_1_102' title='bbox 342 1521 560 1587; x_wconf 86' lang='lat' dir='ltr'><strong>quidem</strong></span> <span class='ocrx_word' id='word_1_103' title='bbox 609 1520 810 1581; x_wconf 83' lang='lat' dir='ltr'><strong>futura,</strong></span> <span class='ocrx_word' id='word_1_104' title='bbox 847 1523 1131 1575; x_wconf 79' lang='lat' dir='ltr'><strong>(lelerrens</strong></span> <span class='ocrx_word' id='word_1_105' title='bbox 1181 1529 1364 1575; x_wconf 89' lang='lat' dir='ltr'><strong>autem</strong></span> <span class='ocrx_word' id='word_1_106' title='bbox 1404 1532 1669 1589; x_wconf 88' lang='lat' dir='ltr'><strong>posteros,</strong></span> <span class='ocrx_word' id='word_1_107' title='bbox 1701 1538 1766 1576; x_wconf 91' lang='lat' dir='ltr'><strong>ne</strong></span> <span class='ocrx_word' id='word_1_108' title='bbox 1793 1538 1918 1591; x_wconf 88' lang='lat' dir='ltr'><strong>pec-</strong></span> 
     </span>
    </p>
   </div>
   <div class='ocr_carea' id='block_1_18' title="bbox 341 1610 1920 1680">
    <p class='ocr_par' dir='ltr' id='par_1_18' title="bbox 341 1610 1920 1680">
     <span class='ocr_line' id='line_1_18' title="bbox 341 1610 1920 1680; baseline -0.002 -14"><span class='ocrx_word' id='word_1_109' title='bbox 341 1620 465 1666; x_wconf 90' lang='lat' dir='ltr'><strong>cent</strong></span> <span class='ocrx_word' id='word_1_110' title='bbox 503 1614 558 1664; x_wconf 88' lang='lat' dir='ltr'><strong>in</strong></span> <span class='ocrx_word' id='word_1_111' title='bbox 591 1620 863 1678; x_wconf 89' lang='lat' dir='ltr'><strong>parentes.</strong></span> <span class='ocrx_word' id='word_1_112' title='bbox 911 1610 965 1664; x_wconf 92' lang='lat' dir='ltr'><strong>ld</strong></span> <span class='ocrx_word' id='word_1_113' title='bbox 1001 1610 1148 1680; x_wconf 86' lang='lat' dir='ltr'><strong>quod</strong></span> <span class='ocrx_word' id='word_1_114' title='bbox 1190 1625 1291 1664; x_wconf 91' lang='lat' dir='ltr'><strong>nos</strong></span> <span class='ocrx_word' id='word_1_115' title='bbox 1332 1619 1517 1678; x_wconf 88' lang='lat' dir='ltr'><strong>aperte</strong></span> <span class='ocrx_word' id='word_1_116' title='bbox 1560 1612 1715 1665; x_wconf 81' lang='lat' dir='ltr'><strong>docet</strong></span> <span class='ocrx_word' id='word_1_117' title='bbox 1757 1612 1920 1664; x_wconf 82' lang='lat' dir='ltr'><strong>bene-</strong></span> 
     </span>
    </p>
   </div>
   <div class='ocr_carea' id='block_1_19' title="bbox 339 1700 1914 1769">
    <p class='ocr_par' dir='ltr' id='par_1_19' title="bbox 339 1700 1914 1769">
     <span class='ocr_line' id='line_1_19' title="bbox 339 1700 1914 1769; baseline 0.002 -15"><span class='ocrx_word' id='word_1_118' title='bbox 339 1702 509 1755; x_wconf 89' lang='lat' dir='ltr'><strong>dictio</strong></span> <span class='ocrx_word' id='word_1_119' title='bbox 546 1700 670 1755; x_wconf 91' lang='lat' dir='ltr'><strong>Sem</strong></span> <span class='ocrx_word' id='word_1_120' title='bbox 711 1718 726 1757; x_wconf 89' lang='lat'><strong>:</strong></span> <span class='ocrx_word' id='word_1_121' title='bbox 771 1720 789 1752; x_wconf 81' lang='grc' dir='ltr'>ι</span> <span class='ocrx_word' id='word_1_122' title='bbox 830 1701 1179 1765; x_wconf 85' lang='lat' dir='ltr'><strong>Benedictus,</strong></span> <span class='ocrx_word' id='word_1_123' title='bbox 1228 1703 1424 1769; x_wconf 87' lang='lat' dir='ltr'><strong>inquit,</strong></span> <span class='ocrx_word' id='word_1_124' title='bbox 1467 1702 1732 1758; x_wconf 88' lang='lat' dir='ltr'><strong>Dominus</strong></span> <span class='ocrx_word' id='word_1_125' title='bbox 1775 1703 1914 1757; x_wconf 89' lang='lat' dir='ltr'><strong>Dens</strong></span> 
     </span>
    </p>
   </div>
   <div class='ocr_carea' id='block_1_20' title="bbox 341 1781 1990 1864">
    <p class='ocr_par' dir='ltr' id='par_1_20' title="bbox 341 1781 1990 1864">
     <span class='ocr_line' id='line_1_20' title="bbox 341 1781 1990 1864; baseline 0.001 -19"><span class='ocrx_word' id='word_1_126' title='bbox 341 1789 488 1854; x_wconf 91' lang='lat' dir='ltr'><strong>Sem,</strong></span> <span class='ocrx_word' id='word_1_127' title='bbox 532 1800 587 1847; x_wconf 89' lang='lat' dir='ltr'><strong>et</strong></span> <span class='ocrx_word' id='word_1_128' title='bbox 624 1793 726 1846; x_wconf 88' lang='lat' dir='ltr'><strong>erit</strong></span> <span class='ocrx_word' id='word_1_129' title='bbox 770 1791 1029 1847; x_wconf 89' lang='lat' dir='ltr'><strong>Chanaan</strong></span> <span class='ocrx_word' id='word_1_130' title='bbox 1075 1807 1264 1849; x_wconf 81' lang='lat' dir='ltr'><strong>servus</strong></span> <span class='ocrx_word' id='word_1_131' title='bbox 1309 1793 1427 1864; x_wconf 86' lang='lat' dir='ltr'><strong>ejus</strong></span> <span class='ocrx_word' id='word_1_132' title='bbox 1464 1792 1514 1847; x_wconf 77' lang='grc' dir='ltr'><strong>ἀ.</strong></span> <span class='ocrx_word' id='word_1_133' title='bbox 1550 1813 1568 1845; x_wconf 73' lang='grc' dir='ltr'>ι</span> <span class='ocrx_word' id='word_1_134' title='bbox 1612 1793 1731 1849; x_wconf 84' lang='lat' dir='ltr'><strong>Non</strong></span> <span class='ocrx_word' id='word_1_135' title='bbox 1769 1794 1916 1848; x_wconf 91' lang='lat' dir='ltr'><strong>enim</strong></span> <span class='ocrx_word' id='word_1_136' title='bbox 1953 1781 1990 1835; x_wconf 76' lang='grc' dir='ltr'><strong><em>Β</em></strong></span> 
     </span>
    </p>
   </div>
   <div class='ocr_carea' id='block_1_21' title="bbox 337 1885 1914 1956">
    <p class='ocr_par' dir='ltr' id='par_1_21' title="bbox 337 1885 1914 1956">
     <span class='ocr_line' id='line_1_21' title="bbox 337 1885 1914 1956; baseline 0.001 -18"><span class='ocrx_word' id='word_1_137' title='bbox 337 1885 553 1939; x_wconf 88' lang='lat' dir='ltr'><strong>duobus</strong></span> <span class='ocrx_word' id='word_1_138' title='bbox 572 1886 713 1939; x_wconf 89' lang='lat' dir='ltr'><strong>hunc</strong></span> <span class='ocrx_word' id='word_1_139' title='bbox 731 1885 981 1953; x_wconf 77' lang='lat' dir='ltr'><strong>subjecit,</strong></span> <span class='ocrx_word' id='word_1_140' title='bbox 1018 1885 1113 1940; x_wconf 89' lang='lat' dir='ltr'><strong>sed</strong></span> <span class='ocrx_word' id='word_1_141' title='bbox 1134 1887 1234 1940; x_wconf 89' lang='lat' dir='ltr'><strong>soli</strong></span> <span class='ocrx_word' id='word_1_142' title='bbox 1262 1885 1408 1940; x_wconf 86' lang='lat' dir='ltr'><strong>Sem.</strong></span> <span class='ocrx_word' id='word_1_143' title='bbox 1440 1886 1504 1940; x_wconf 87' lang='lat' dir='ltr'><strong>Et</strong></span> <span class='ocrx_word' id='word_1_144' title='bbox 1523 1885 1755 1956; x_wconf 78' lang='lat' dir='ltr'><strong>Japheth</strong></span> <span class='ocrx_word' id='word_1_145' title='bbox 1791 1888 1914 1956; x_wconf 90' lang='lat' dir='ltr'><strong>qui-</strong></span> 
     </span>
    </p>
   </div>
   <div class='ocr_carea' id='block_1_22' title="bbox 337 1975 1920 2046">
    <p class='ocr_par' dir='ltr' id='par_1_22' title="bbox 337 1975 1920 2046">
     <span class='ocr_line' id='line_1_22' title="bbox 337 1975 1920 2046; baseline 0 -16"><span class='ocrx_word' id='word_1_146' title='bbox 337 1978 459 2032; x_wconf 88' lang='lat' dir='ltr'><strong>dem</strong></span> <span class='ocrx_word' id='word_1_147' title='bbox 493 1977 846 2045; x_wconf 88' lang='lat' dir='ltr'><strong>multiplicem</strong></span> <span class='ocrx_word' id='word_1_148' title='bbox 874 1976 1181 2046; x_wconf 77' lang='lat' dir='ltr'><strong>progeniem</strong></span> <span class='ocrx_word' id='word_1_149' title='bbox 1208 1977 1475 2046; x_wconf 70' lang='lat' dir='ltr'><strong>przedixit,</strong></span> <span class='ocrx_word' id='word_1_150' title='bbox 1510 1975 1633 2031; x_wconf 76' lang='lat' dir='ltr'><strong>Seni</strong></span> <span class='ocrx_word' id='word_1_151' title='bbox 1665 1992 1790 2030; x_wconf 85' lang='lat' dir='ltr'><strong>vero</strong></span> <span class='ocrx_word' id='word_1_152' title='bbox 1812 1979 1920 2045; x_wconf 83' lang='lat' dir='ltr'><strong>pie-</strong></span> 
     </span>
    </p>
   </div>
   <div class='ocr_carea' id='block_1_23' title="bbox 337 2064 1924 2136">
    <p class='ocr_par' dir='ltr' id='par_1_23' title="bbox 337 2064 1924 2136">
     <span class='ocr_line' id='line_1_23' title="bbox 337 2064 1924 2136; baseline -0.001 -17"><span class='ocrx_word' id='word_1_153' title='bbox 337 2073 525 2127; x_wconf 82' lang='lat' dir='ltr'><strong>tatem.</strong></span> <span class='ocrx_word' id='word_1_154' title='bbox 556 2065 694 2120; x_wconf 87' lang='lat' dir='ltr'><strong>Nam</strong></span> <span class='ocrx_word' id='word_1_155' title='bbox 767 2064 936 2120; x_wconf 87' lang='lat' dir='ltr'><strong>Deum</strong></span> <span class='ocrx_word' id='word_1_156' title='bbox 967 2066 1309 2136; x_wconf 84' lang='lat' dir='ltr'><strong>prophetavit</strong></span> <span class='ocrx_word' id='word_1_157' title='bbox 1338 2067 1704 2121; x_wconf 84' lang='lat' dir='ltr'><strong>habitaturum</strong></span> <span class='ocrx_word' id='word_1_158' title='bbox 1731 2067 1780 2119; x_wconf 95' lang='lat' dir='ltr'><strong>in</strong></span> <span class='ocrx_word' id='word_1_159' title='bbox 1815 2075 1924 2119; x_wconf 81' lang='lat' dir='ltr'><strong>ten-</strong></span> 
     </span>
    </p>
   </div>
   <div class='ocr_carea' id='block_1_24' title="bbox 338 2156 1918 2228">
    <p class='ocr_par' dir='ltr' id='par_1_24' title="bbox 338 2156 1918 2228">
     <span class='ocr_line' id='line_1_24' title="bbox 338 2156 1918 2228; baseline 0 -16"><span class='ocrx_word' id='word_1_160' title='bbox 338 2158 496 2212; x_wconf 90' lang='lat' dir='ltr'><strong>toriis</strong></span> <span class='ocrx_word' id='word_1_161' title='bbox 531 2156 695 2213; x_wconf 79' lang='lat' dir='ltr'><strong>Seni:</strong></span> <span class='ocrx_word' id='word_1_162' title='bbox 729 2158 996 2213; x_wconf 84' lang='lat' dir='ltr'><strong>habitavit</strong></span> <span class='ocrx_word' id='word_1_163' title='bbox 1037 2168 1216 2213; x_wconf 89' lang='lat' dir='ltr'><strong>autem</strong></span> <span class='ocrx_word' id='word_1_164' title='bbox 1253 2159 1393 2228; x_wconf 88' lang='lat' dir='ltr'><strong>apud</strong></span> <span class='ocrx_word' id='word_1_165' title='bbox 1426 2158 1789 2228; x_wconf 84' lang='lat' dir='ltr'><strong>patriarchas,</strong></span> <span class='ocrx_word' id='word_1_166' title='bbox 1824 2159 1918 2227; x_wconf 87' lang='lat' dir='ltr'><strong>qui</strong></span> 
     </span>
    </p>
   </div>
   <div class='ocr_carea' id='block_1_25' title="bbox 337 2249 1919 2321">
    <p class='ocr_par' dir='ltr' id='par_1_25' title="bbox 337 2249 1919 2321">
     <span class='ocr_line' id='line_1_25' title="bbox 337 2249 1919 2321; baseline 0 -16"><span class='ocrx_word' id='word_1_167' title='bbox 337 2265 407 2305; x_wconf 81' lang='lat' dir='ltr'><strong>ex</strong></span> <span class='ocrx_word' id='word_1_168' title='bbox 445 2249 570 2305; x_wconf 89' lang='lat' dir='ltr'><strong>Sem</strong></span> <span class='ocrx_word' id='word_1_169' title='bbox 618 2251 724 2304; x_wconf 86' lang='lat' dir='ltr'><strong>orti</strong></span> <span class='ocrx_word' id='word_1_170' title='bbox 763 2261 928 2306; x_wconf 90' lang='lat' dir='ltr'><strong>sunt:</strong></span> <span class='ocrx_word' id='word_1_171' title='bbox 976 2262 1030 2305; x_wconf 93' lang='lat' dir='ltr'><strong>et</strong></span> <span class='ocrx_word' id='word_1_172' title='bbox 1057 2253 1199 2321; x_wconf 89' lang='lat' dir='ltr'><strong>apud</strong></span> <span class='ocrx_word' id='word_1_173' title='bbox 1241 2251 1555 2320; x_wconf 87' lang='lat' dir='ltr'><strong>prophetas,</strong></span> <span class='ocrx_word' id='word_1_174' title='bbox 1592 2252 1683 2320; x_wconf 88' lang='lat' dir='ltr'><strong>qui</strong></span> <span class='ocrx_word' id='word_1_175' title='bbox 1712 2265 1778 2305; x_wconf 77' lang='lat' dir='ltr'><strong>ex</strong></span> <span class='ocrx_word' id='word_1_176' title='bbox 1813 2251 1919 2305; x_wconf 88' lang='lat' dir='ltr'><strong>illis</strong></span> 
     </span>
    </p>
   </div>
   <div class='ocr_carea' id='block_1_26' title="bbox 337 2340 1918 2411">
    <p class='ocr_par' dir='ltr' id='par_1_26' title="bbox 337 2340 1918 2411">
     <span class='ocr_line' id='line_1_26' title="bbox 337 2340 1918 2411; baseline 0 -15"><span class='ocrx_word' id='word_1_177' title='bbox 337 2341 781 2397; x_wconf 84' lang='lat' dir='ltr'><strong>descenderunt:</strong></span> <span class='ocrx_word' id='word_1_178' title='bbox 831 2351 889 2398; x_wconf 84' lang='lat' dir='ltr'><strong>et</strong></span> <span class='ocrx_word' id='word_1_179' title='bbox 938 2343 1092 2411; x_wconf 89' lang='lat' dir='ltr'><strong>prius</strong></span> <span class='ocrx_word' id='word_1_180' title='bbox 1126 2342 1180 2396; x_wconf 88' lang='lat' dir='ltr'><strong>in</strong></span> <span class='ocrx_word' id='word_1_181' title='bbox 1222 2341 1594 2405; x_wconf 81' lang='lat' dir='ltr'><strong>tabernaculo,</strong></span> <span class='ocrx_word' id='word_1_182' title='bbox 1643 2340 1918 2410; x_wconf 81' lang='lat' dir='ltr'><strong>posterius</strong></span> 
     </span>
    </p>
   </div>
   <div class='ocr_carea' id='block_1_27' title="bbox 336 2431 1916 2502">
    <p class='ocr_par' dir='ltr' id='par_1_27' title="bbox 336 2431 1916 2502">
     <span class='ocr_line' id='line_1_27' title="bbox 336 2431 1916 2502; baseline -0.001 -14"><span class='ocrx_word' id='word_1_183' title='bbox 336 2431 751 2502; x_wconf 79' lang='lat' dir='ltr'><strong>Hierosolymis.</strong></span> <span class='ocrx_word' id='word_1_184' title='bbox 789 2432 858 2486; x_wconf 88' lang='lat' dir='ltr'><strong>Et</strong></span> <span class='ocrx_word' id='word_1_185' title='bbox 889 2433 1002 2487; x_wconf 65' lang='lat' dir='ltr'><strong>haec</strong></span> <span class='ocrx_word' id='word_1_186' title='bbox 1036 2433 1321 2502; x_wconf 85' lang='lat' dir='ltr'><strong>prophetia</strong></span> <span class='ocrx_word' id='word_1_187' title='bbox 1353 2433 1721 2488; x_wconf 85' lang='lat' dir='ltr'><strong>certissimum</strong></span> <span class='ocrx_word' id='word_1_188' title='bbox 1756 2432 1916 2486; x_wconf 79' lang='lat' dir='ltr'><strong>linem</strong></span> 
     </span>
    </p>
   </div>
   <div class='ocr_carea' id='block_1_28' title="bbox 333 2521 1914 2594">
    <p class='ocr_par' dir='ltr' id='par_1_28' title="bbox 333 2521 1914 2594">
     <span class='ocr_line' id='line_1_28' title="bbox 333 2521 1914 2594; baseline 0.001 -18"><span class='ocrx_word' id='word_1_189' title='bbox 333 2522 547 2588; x_wconf 83' lang='lat' dir='ltr'><strong>habuit,</strong></span> <span class='ocrx_word' id='word_1_190' title='bbox 577 2525 892 2594; x_wconf 85' lang='lat' dir='ltr'><strong>mysterium</strong></span> <span class='ocrx_word' id='word_1_191' title='bbox 919 2524 1340 2594; x_wconf 80' lang='lat' dir='ltr'><strong>dispensationis</strong></span> <span class='ocrx_word' id='word_1_192' title='bbox 1372 2525 1510 2594; x_wconf 69' lang='lat'><strong>:72</strong></span> <span class='ocrx_word' id='word_1_193' title='bbox 1526 2523 1742 2592; x_wconf 85' lang='lat' dir='ltr'><strong>quando</strong></span> <span class='ocrx_word' id='word_1_194' title='bbox 1778 2521 1914 2577; x_wconf 78' lang='lat' dir='ltr'><strong>Deus</strong></span> 
     </span>
    </p>
   </div>
   <div class='ocr_carea' id='block_1_29' title="bbox 333 2615 1912 2686">
    <p class='ocr_par' dir='ltr' id='par_1_29' title="bbox 333 2615 1912 2686">
     <span class='ocr_line' id='line_1_29' title="bbox 333 2615 1912 2686; baseline 0.001 -18"><span class='ocrx_word' id='word_1_195' title='bbox 333 2615 583 2680; x_wconf 83' lang='lat' dir='ltr'><strong>verbum,</strong></span> <span class='ocrx_word' id='word_1_196' title='bbox 639 2615 730 2669; x_wconf 82' lang='lat' dir='ltr'><strong>Dei</strong></span> <span class='ocrx_word' id='word_1_197' title='bbox 775 2624 828 2670; x_wconf 91' lang='lat' dir='ltr'><strong>et</strong></span> <span class='ocrx_word' id='word_1_198' title='bbox 874 2615 1052 2670; x_wconf 85' lang='lat' dir='ltr'><strong>Patris</strong></span> <span class='ocrx_word' id='word_1_199' title='bbox 1094 2615 1265 2671; x_wconf 85' lang='lat' dir='ltr'><strong>Filius</strong></span> <span class='ocrx_word' id='word_1_200' title='bbox 1315 2616 1653 2686; x_wconf 90' lang='lat' dir='ltr'><strong>unigenitus,</strong></span> <span class='ocrx_word' id='word_1_201' title='bbox 1691 2630 1912 2670; x_wconf 86' lang='lat' dir='ltr'><strong>carnem</strong></span> 
     </span>
    </p>
   </div>
   <div class='ocr_carea' id='block_1_30' title="bbox 333 2707 1913 2776">
    <p class='ocr_par' dir='ltr' id='par_1_30' title="bbox 333 2707 1913 2776">
     <span class='ocr_line' id='line_1_30' title="bbox 333 2707 1913 2776; baseline 0 -15"><span class='ocrx_word' id='word_1_202' title='bbox 333 2709 637 2776; x_wconf 81' lang='lat' dir='ltr'><strong>assumpsit</strong></span> <span class='ocrx_word' id='word_1_203' title='bbox 664 2716 718 2762; x_wconf 92' lang='lat' dir='ltr'><strong>et</strong></span> <span class='ocrx_word' id='word_1_204' title='bbox 750 2707 914 2762; x_wconf 88' lang='lat' dir='ltr'><strong>homo</strong></span> <span class='ocrx_word' id='word_1_205' title='bbox 941 2707 1117 2764; x_wconf 82' lang='lat' dir='ltr'><strong>lactus</strong></span> <span class='ocrx_word' id='word_1_206' title='bbox 1139 2717 1245 2772; x_wconf 92' lang='lat' dir='ltr'><strong>est,</strong></span> <span class='ocrx_word' id='word_1_207' title='bbox 1271 2716 1327 2763; x_wconf 89' lang='lat' dir='ltr'><strong>et</strong></span> <span class='ocrx_word' id='word_1_208' title='bbox 1357 2722 1599 2772; x_wconf 88' lang='lat' dir='ltr'><strong>carnem,</strong></span> <span class='ocrx_word' id='word_1_209' title='bbox 1629 2723 1792 2776; x_wconf 89' lang='lat' dir='ltr'><strong>quam</strong></span> <span class='ocrx_word' id='word_1_210' title='bbox 1820 2722 1913 2762; x_wconf 86' lang='lat' dir='ltr'><strong>ac-</strong></span> 
     </span>
    </p>
   </div>
   <div class='ocr_carea' id='block_1_31' title="bbox 331 2797 1908 2867">
    <p class='ocr_par' dir='ltr' id='par_1_31' title="bbox 331 2797 1908 2867">
     <span class='ocr_line' id='line_1_31' title="bbox 331 2797 1908 2867; baseline -0.001 -14"><span class='ocrx_word' id='word_1_211' title='bbox 331 2798 474 2866; x_wconf 88' lang='lat' dir='ltr'><strong>cepit</strong></span> <span class='ocrx_word' id='word_1_212' title='bbox 502 2814 570 2852; x_wconf 80' lang='lat' dir='ltr'><strong>ex</strong></span> <span class='ocrx_word' id='word_1_213' title='bbox 603 2797 814 2853; x_wconf 88' lang='lat' dir='ltr'><strong>semine</strong></span> <span class='ocrx_word' id='word_1_214' title='bbox 843 2797 1009 2854; x_wconf 80' lang='lat' dir='ltr'><strong>David</strong></span> <span class='ocrx_word' id='word_1_215' title='bbox 1034 2809 1089 2854; x_wconf 90' lang='lat' dir='ltr'><strong>et</strong></span> <span class='ocrx_word' id='word_1_216' title='bbox 1107 2799 1378 2854; x_wconf 82' lang='lat' dir='ltr'><strong>Abraham</strong></span> <span class='ocrx_word' id='word_1_217' title='bbox 1398 2837 1416 2865; x_wconf 93' lang='lat'><strong>,</strong></span> <span class='ocrx_word' id='word_1_218' title='bbox 1461 2798 1719 2867; x_wconf 88' lang='lat' dir='ltr'><strong>templum</strong></span> <span class='ocrx_word' id='word_1_219' title='bbox 1747 2812 1908 2852; x_wconf 91' lang='lat' dir='ltr'><strong>suum</strong></span> 
     </span>
    </p>
   </div>
   <div class='ocr_carea' id='block_1_32' title="bbox 332 2887 1909 2959">
    <p class='ocr_par' dir='ltr' id='par_1_32' title="bbox 332 2887 1909 2959">
     <span class='ocr_line' id='line_1_32' title="bbox 332 2887 1909 2959; baseline 0.001 -18"><span class='ocrx_word' id='word_1_220' title='bbox 332 2887 657 2942; x_wconf 68' lang='lat' dir='ltr'><strong>norninavit.</strong></span> <span class='ocrx_word' id='word_1_221' title='bbox 693 2887 831 2943; x_wconf 87' lang='lat' dir='ltr'><strong>Nam</strong></span> <span class='ocrx_word' id='word_1_222' title='bbox 860 2904 924 2944; x_wconf 83' lang='lat' dir='ltr'><strong>ex</strong></span> <span class='ocrx_word' id='word_1_223' title='bbox 962 2888 1086 2943; x_wconf 87' lang='lat' dir='ltr'><strong>Sem</strong></span> <span class='ocrx_word' id='word_1_224' title='bbox 1114 2889 1167 2943; x_wconf 91' lang='lat' dir='ltr'><strong>hi</strong></span> <span class='ocrx_word' id='word_1_225' title='bbox 1191 2903 1410 2959; x_wconf 87' lang='lat' dir='ltr'><strong>quoque</strong></span> <span class='ocrx_word' id='word_1_226' title='bbox 1440 2887 1706 2957; x_wconf 75' lang='lat' dir='ltr'><strong>originem</strong></span> <span class='ocrx_word' id='word_1_227' title='bbox 1735 2889 1909 2942; x_wconf 81' lang='lat' dir='ltr'><strong>duxe-</strong></span> 
     </span>
    </p>
   </div>
   <div class='ocr_carea' id='block_1_33' title="bbox 329 2977 1905 3035">
    <p class='ocr_par' dir='ltr' id='par_1_33' title="bbox 329 2977 1905 3035">
     <span class='ocr_line' id='line_1_33' title="bbox 329 2977 1905 3035; baseline -0.001 -2"><span class='ocrx_word' id='word_1_228' title='bbox 329 2985 498 3033; x_wconf 86' lang='lat' dir='ltr'><strong>runt:</strong></span> <span class='ocrx_word' id='word_1_229' title='bbox 545 2986 603 3031; x_wconf 90' lang='lat' dir='ltr'><strong>at</strong></span> <span class='ocrx_word' id='word_1_230' title='bbox 661 2981 895 3035; x_wconf 81' lang='lat' dir='ltr'><strong>servitus</strong></span> <span class='ocrx_word' id='word_1_231' title='bbox 947 2979 1208 3034; x_wconf 84' lang='lat' dir='ltr'><strong>Chanaan</strong></span> <span class='ocrx_word' id='word_1_232' title='bbox 1271 2977 1326 3033; x_wconf 90' lang='lat' dir='ltr'><strong>in</strong></span> <span class='ocrx_word' id='word_1_233' title='bbox 1371 2977 1690 3034; x_wconf 88' lang='lat' dir='ltr'><strong>Gabaonitis</strong></span> <span class='ocrx_word' id='word_1_234' title='bbox 1743 2979 1905 3032; x_wconf 80' lang='lat' dir='ltr'><strong>linem</strong></span> 
     </span>
    </p>
   </div>
   <div class='ocr_carea' id='block_1_34' title="bbox 329 3067 492 3137">
    <p class='ocr_par' dir='ltr' id='par_1_34' title="bbox 329 3067 492 3137">
     <span class='ocr_line' id='line_1_34' title="bbox 329 3067 492 3137; baseline 0 -15"><span class='ocrx_word' id='word_1_235' title='bbox 329 3067 492 3137; x_wconf 85' lang='lat' dir='ltr'><strong>cepit.</strong></span> 
     </span>
    </p>
   </div>
   <div class='ocr_carea' id='block_1_35' title="bbox 889 3310 1346 3367">
    <p class='ocr_par' dir='ltr' id='par_1_35' title="bbox 889 3310 1346 3367">
     <span class='ocr_line' id='line_1_35' title="bbox 889 3310 1346 3367; baseline -0.004 0"><span class='ocrx_word' id='word_1_236' title='bbox 889 3310 1168 3367; x_wconf 78' lang='lat' dir='ltr'><strong>INTERR.</strong></span> <span class='ocrx_word' id='word_1_237' title='bbox 1210 3310 1346 3366; x_wconf 79' lang='lat' dir='ltr'><strong>LIX.</strong></span> 
     </span>
    </p>
   </div>
   <div class='ocr_carea' id='block_1_36' title="bbox 334 3409 1907 3506">
    <p class='ocr_par' dir='ltr' id='par_1_36' title="bbox 334 3409 1907 3506">
     <span class='ocr_line' id='line_1_36' title="bbox 334 3409 1907 3506; baseline -0.001 -26"><span class='ocrx_word' id='word_1_238' title='bbox 334 3420 590 3480; x_wconf 71' lang='lat' dir='ltr'><strong>Dixerunt</strong></span> <span class='ocrx_word' id='word_1_239' title='bbox 639 3409 851 3498; x_wconf 67' lang='lat' dir='ltr'><strong>quidam</strong></span> <span class='ocrx_word' id='word_1_240' title='bbox 904 3443 968 3482; x_wconf 75' lang='lat' dir='ltr'><strong>ex</strong></span> <span class='ocrx_word' id='word_1_241' title='bbox 999 3427 1269 3506; x_wconf 66' lang='lat' dir='ltr'><strong>magistris</strong></span> <span class='ocrx_word' id='word_1_242' title='bbox 1307 3423 1540 3479; x_wconf 77' lang='lat' dir='ltr'><strong>bitumen</strong></span> <span class='ocrx_word' id='word_1_243' title='bbox 1567 3441 1678 3479; x_wconf 82' lang='lat' dir='ltr'><strong>esse</strong></span> <span class='ocrx_word' id='word_1_244' title='bbox 1711 3425 1907 3478; x_wconf 77' lang='lat' dir='ltr'><strong>calcent</strong></span> 
     </span>
    </p>
   </div>
   <div class='ocr_carea' id='block_1_37' title="bbox 1025 3511 1213 3548">
    <p class='ocr_par' dir='ltr' id='par_1_37' title="bbox 1025 3511 1213 3548">
     <span class='ocr_line' id='line_1_37' title="bbox 1025 3511 1213 3548; baseline 0 0"><span class='ocrx_word' id='word_1_245' title='bbox 1025 3511 1213 3548; x_wconf 76' lang='lat' dir='ltr'><strong>vivam.</strong></span> 
     </span>
    </p>
   </div>
   <div class='ocr_carea' id='block_1_38' title="bbox 399 3606 1906 3682">
    <p class='ocr_par' dir='ltr' id='par_1_38' title="bbox 399 3606 1906 3682">
     <span class='ocr_line' id='line_1_38' title="bbox 399 3606 1906 3682; baseline -0.001 -18"><span class='ocrx_word' id='word_1_246' title='bbox 399 3613 746 3682; x_wconf 78' lang='lat' dir='ltr'><strong>lgnorantes,</strong></span> <span class='ocrx_word' id='word_1_247' title='bbox 796 3620 854 3664; x_wconf 93' lang='lat' dir='ltr'><strong>nt</strong></span> <span class='ocrx_word' id='word_1_248' title='bbox 904 3609 1198 3664; x_wconf 66' lang='lat' dir='ltr'><strong>verisimile</strong></span> <span class='ocrx_word' id='word_1_249' title='bbox 1233 3618 1338 3672; x_wconf 83' lang='lat' dir='ltr'><strong>est,</strong></span> <span class='ocrx_word' id='word_1_250' title='bbox 1380 3606 1556 3663; x_wconf 83' lang='lat' dir='ltr'><strong>fontes</strong></span> <span class='ocrx_word' id='word_1_251' title='bbox 1592 3608 1644 3660; x_wconf 93' lang='lat' dir='ltr'><strong>in</strong></span> <span class='ocrx_word' id='word_1_252' title='bbox 1685 3607 1906 3678; x_wconf 85' lang='lat' dir='ltr'><strong>Assyria</strong></span> 
     </span>
    </p>
   </div>
   <div class='ocr_carea' id='block_1_39' title="bbox 326 3700 1904 3771">
    <p class='ocr_par' dir='ltr' id='par_1_39' title="bbox 326 3700 1904 3771">
     <span class='ocr_line' id='line_1_39' title="bbox 326 3700 1904 3771; baseline -0.003 -14"><span class='ocrx_word' id='word_1_253' title='bbox 326 3706 671 3765; x_wconf 82' lang='lat' dir='ltr'><strong>exsistentes,</strong></span> <span class='ocrx_word' id='word_1_254' title='bbox 715 3710 1040 3771; x_wconf 78' lang='lat' dir='ltr'><strong>putaverunt</strong></span> <span class='ocrx_word' id='word_1_255' title='bbox 1081 3717 1146 3755; x_wconf 80' lang='lat' dir='ltr'><strong>ex</strong></span> <span class='ocrx_word' id='word_1_256' title='bbox 1185 3700 1334 3755; x_wconf 86' lang='lat' dir='ltr'><strong>calce</strong></span> <span class='ocrx_word' id='word_1_257' title='bbox 1372 3701 1493 3754; x_wconf 87' lang='lat' dir='ltr'><strong>viva</strong></span> <span class='ocrx_word' id='word_1_258' title='bbox 1541 3700 1732 3753; x_wconf 82' lang='lat' dir='ltr'><strong>turrim</strong></span> <span class='ocrx_word' id='word_1_259' title='bbox 1771 3700 1904 3754; x_wconf 64' lang='lat' dir='ltr'><strong>aedi-</strong></span> 
     </span>
    </p>
   </div>
   <div class='ocr_carea' id='block_1_40' title="bbox 325 3791 1902 3865">
    <p class='ocr_par' dir='ltr' id='par_1_40' title="bbox 325 3791 1902 3865">
     <span class='ocr_line' id='line_1_40' title="bbox 325 3791 1902 3865; baseline -0.003 -15"><span class='ocrx_word' id='word_1_260' title='bbox 325 3799 541 3851; x_wconf 82' lang='lat' dir='ltr'><strong>licatam</strong></span> <span class='ocrx_word' id='word_1_261' title='bbox 589 3809 730 3849; x_wconf 91' lang='lat' dir='ltr'><strong>esse.</strong></span> <span class='ocrx_word' id='word_1_262' title='bbox 773 3793 884 3865; x_wconf 86' lang='lat' dir='ltr'><strong>Ego</strong></span> <span class='ocrx_word' id='word_1_263' title='bbox 923 3809 1050 3848; x_wconf 82' lang='lat' dir='ltr'><strong>vero</strong></span> <span class='ocrx_word' id='word_1_264' title='bbox 1079 3794 1365 3863; x_wconf 82' lang='lat' dir='ltr'><strong>diligenter</strong></span> <span class='ocrx_word' id='word_1_265' title='bbox 1403 3792 1569 3848; x_wconf 89' lang='lat' dir='ltr'><strong>didici</strong></span> <span class='ocrx_word' id='word_1_266' title='bbox 1602 3792 1672 3846; x_wconf 90' lang='lat' dir='ltr'><strong>ab</strong></span> <span class='ocrx_word' id='word_1_267' title='bbox 1705 3792 1773 3846; x_wconf 90' lang='lat' dir='ltr'><strong>iis</strong></span> <span class='ocrx_word' id='word_1_268' title='bbox 1808 3791 1902 3861; x_wconf 90' lang='lat' dir='ltr'><strong>qui</strong></span> 
     </span>
    </p>
   </div>
   <div class='ocr_carea' id='block_1_41' title="bbox 325 3881 1902 3952">
    <p class='ocr_par' dir='ltr' id='par_1_41' title="bbox 325 3881 1902 3952">
     <span class='ocr_line' id='line_1_41' title="bbox 325 3881 1902 3952; baseline -0.003 -13"><span class='ocrx_word' id='word_1_269' title='bbox 325 3885 478 3940; x_wconf 89' lang='lat' dir='ltr'><strong>illinc</strong></span> <span class='ocrx_word' id='word_1_270' title='bbox 508 3884 755 3948; x_wconf 84' lang='lat' dir='ltr'><strong>veniunt,</strong></span> <span class='ocrx_word' id='word_1_271' title='bbox 787 3898 908 3939; x_wconf 91' lang='lat' dir='ltr'><strong>esse</strong></span> <span class='ocrx_word' id='word_1_272' title='bbox 937 3881 1137 3946; x_wconf 83' lang='lat' dir='ltr'><strong>fontes,</strong></span> <span class='ocrx_word' id='word_1_273' title='bbox 1170 3882 1265 3952; x_wconf 89' lang='lat' dir='ltr'><strong>qui</strong></span> <span class='ocrx_word' id='word_1_274' title='bbox 1293 3883 1435 3937; x_wconf 88' lang='lat' dir='ltr'><strong>hanc</strong></span> <span class='ocrx_word' id='word_1_275' title='bbox 1467 3882 1748 3936; x_wconf 89' lang='lat' dir='ltr'><strong>materiam</strong></span> <span class='ocrx_word' id='word_1_276' title='bbox 1776 3896 1902 3936; x_wconf 91' lang='lat' dir='ltr'><strong>cum</strong></span> 
     </span>
    </p>
   </div>
   <div class='ocr_carea' id='block_1_42' title="bbox 326 3962 1904 4045">
    <p class='ocr_par' dir='ltr' id='par_1_42' title="bbox 326 3962 1904 4045">
     <span class='ocr_line' id='line_1_42' title="bbox 326 3962 1904 4045; baseline -0.003 -17"><span class='ocrx_word' id='word_1_277' title='bbox 326 3989 469 4045; x_wconf 88' lang='lat' dir='ltr'><strong>aqua</strong></span> <span class='ocrx_word' id='word_1_278' title='bbox 502 3973 828 4028; x_wconf 85' lang='lat' dir='ltr'><strong>ell‘undunt:</strong></span> <span class='ocrx_word' id='word_1_279' title='bbox 874 3981 928 4028; x_wconf 91' lang='lat' dir='ltr'><strong>et</strong></span> <span class='ocrx_word' id='word_1_280' title='bbox 964 3972 1114 4043; x_wconf 91' lang='lat' dir='ltr'><strong>quod</strong></span> <span class='ocrx_word' id='word_1_281' title='bbox 1153 3962 1398 4027; x_wconf 66' lang='lat' dir='ltr'><strong>azditiciis</strong></span> <span class='ocrx_word' id='word_1_282' title='bbox 1434 3970 1814 4027; x_wconf 84' lang='lat' dir='ltr'><strong>construendis</strong></span> <span class='ocrx_word' id='word_1_283' title='bbox 1839 3971 1904 4025; x_wconf 85' lang='lat' dir='ltr'><strong>il—</strong></span> 
     </span>
    </p>
   </div>
   <div class='ocr_carea' id='block_1_43' title="bbox 324 4064 1904 4136">
    <p class='ocr_par' dir='ltr' id='par_1_43' title="bbox 324 4064 1904 4136">
     <span class='ocr_line' id='line_1_43' title="bbox 324 4064 1904 4136; baseline -0.001 -16"><span class='ocrx_word' id='word_1_284' title='bbox 324 4067 433 4120; x_wconf 89' lang='lat' dir='ltr'><strong>lam</strong></span> <span class='ocrx_word' id='word_1_285' title='bbox 471 4067 808 4136; x_wconf 86' lang='lat' dir='ltr'><strong>adaptantes,</strong></span> <span class='ocrx_word' id='word_1_286' title='bbox 859 4065 1112 4120; x_wconf 89' lang='lat' dir='ltr'><strong>coctilem</strong></span> <span class='ocrx_word' id='word_1_287' title='bbox 1158 4079 1280 4120; x_wconf 92' lang='lat' dir='ltr'><strong>cum</strong></span> <span class='ocrx_word' id='word_1_288' title='bbox 1320 4080 1383 4119; x_wconf 89' lang='lat' dir='ltr'><strong>ea</strong></span> <span class='ocrx_word' id='word_1_289' title='bbox 1421 4064 1644 4120; x_wconf 87' lang='lat' dir='ltr'><strong>laterem</strong></span> <span class='ocrx_word' id='word_1_290' title='bbox 1683 4079 1904 4134; x_wconf 89' lang='lat' dir='ltr'><strong>compo-</strong></span> 
     </span>
    </p>
   </div>
   <div class='ocr_carea' id='block_1_44' title="bbox 326 4156 1898 4227">
    <p class='ocr_par' dir='ltr' id='par_1_44' title="bbox 326 4156 1898 4227">
     <span class='ocr_line' id='line_1_44' title="bbox 326 4156 1898 4227; baseline 0.001 -16"><span class='ocrx_word' id='word_1_291' title='bbox 326 4167 486 4223; x_wconf 92' lang='lat' dir='ltr'><strong>nunt,</strong></span> <span class='ocrx_word' id='word_1_292' title='bbox 519 4165 680 4226; x_wconf 90' lang='lat' dir='ltr'><strong>atque</strong></span> <span class='ocrx_word' id='word_1_293' title='bbox 704 4157 807 4210; x_wconf 90' lang='lat' dir='ltr'><strong>hoc</strong></span> <span class='ocrx_word' id='word_1_294' title='bbox 832 4166 992 4227; x_wconf 87' lang='lat' dir='ltr'><strong>pacto</strong></span> <span class='ocrx_word' id='word_1_295' title='bbox 1021 4157 1214 4210; x_wconf 88' lang='lat' dir='ltr'><strong>turrim</strong></span> <span class='ocrx_word' id='word_1_296' title='bbox 1241 4157 1563 4212; x_wconf 58' lang='lat' dir='ltr'><strong>aediﬁcatam</strong></span> <span class='ocrx_word' id='word_1_297' title='bbox 1584 4171 1706 4211; x_wconf 91' lang='lat' dir='ltr'><strong>esse</strong></span> <span class='ocrx_word' id='word_1_298' title='bbox 1728 4156 1898 4212; x_wconf 89' lang='lat' dir='ltr'><strong>aiunt.</strong></span> 
     </span>
    </p>
   </div>
   <div class='ocr_carea' id='block_1_45' title="bbox 324 4246 1898 4318">
    <p class='ocr_par' dir='ltr' id='par_1_45' title="bbox 324 4246 1898 4318">
     <span class='ocr_line' id='line_1_45' title="bbox 324 4246 1898 4318; baseline 0.001 -18"><span class='ocrx_word' id='word_1_299' title='bbox 324 4247 392 4302; x_wconf 86' lang='lat' dir='ltr'><strong>Et</strong></span> <span class='ocrx_word' id='word_1_300' title='bbox 421 4248 624 4303; x_wconf 84' lang='lat' dir='ltr'><strong>oculati</strong></span> <span class='ocrx_word' id='word_1_301' title='bbox 663 4257 830 4303; x_wconf 89' lang='lat' dir='ltr'><strong>testes</strong></span> <span class='ocrx_word' id='word_1_302' title='bbox 865 4246 1143 4302; x_wconf 88' lang='lat' dir='ltr'><strong>alllrmant</strong></span> <span class='ocrx_word' id='word_1_303' title='bbox 1192 4263 1250 4303; x_wconf 91' lang='lat' dir='ltr'><strong>se</strong></span> <span class='ocrx_word' id='word_1_304' title='bbox 1279 4247 1556 4318; x_wconf 72' lang='lat' dir='ltr'><strong>cili-egisse</strong></span> <span class='ocrx_word' id='word_1_305' title='bbox 1577 4247 1898 4318; x_wconf 77' lang='lat' dir='ltr'><strong>particulam</strong></span> 
     </span>
    </p>
   </div>
   <div class='ocr_carea' id='block_1_46' title="bbox 322 4339 1899 4411">
    <p class='ocr_par' dir='ltr' id='par_1_46' title="bbox 322 4339 1899 4411">
     <span class='ocr_line' id='line_1_46' title="bbox 322 4339 1899 4411; baseline 0.001 -18"><span class='ocrx_word' id='word_1_306' title='bbox 322 4341 586 4411; x_wconf 85' lang='lat' dir='ltr'><strong>aliquam,</strong></span> <span class='ocrx_word' id='word_1_307' title='bbox 632 4349 687 4395; x_wconf 92' lang='lat' dir='ltr'><strong>et</strong></span> <span class='ocrx_word' id='word_1_308' title='bbox 723 4341 892 4410; x_wconf 84' lang='lat' dir='ltr'><strong>probe</strong></span> <span class='ocrx_word' id='word_1_309' title='bbox 930 4340 1149 4395; x_wconf 81' lang='lat' dir='ltr'><strong>novisse</strong></span> <span class='ocrx_word' id='word_1_310' title='bbox 1183 4339 1426 4394; x_wconf 90' lang='lat' dir='ltr'><strong>bitumen</strong></span> <span class='ocrx_word' id='word_1_311' title='bbox 1459 4355 1581 4394; x_wconf 90' lang='lat' dir='ltr'><strong>esse</strong></span> <span class='ocrx_word' id='word_1_312' title='bbox 1608 4340 1899 4395; x_wconf 90' lang='lat' dir='ltr'><strong>coctilibus</strong></span> 
     </span>
    </p>
   </div>
   <div class='ocr_carea' id='block_1_47' title="bbox 2029 523 3610 600">
    <p class='ocr_par' dir='ltr' id='par_1_47' title="bbox 2029 523 3610 600">
     <span class='ocr_line' id='line_1_47' title="bbox 2029 523 3610 600; baseline 0.004 -24"><span class='ocrx_word' id='word_1_313' title='bbox 2029 523 2256 579; x_wconf 78' lang='grc' dir='ltr'>δίκαιον.</span> <span class='ocrx_word' id='word_1_314' title='bbox 2299 526 2520 598; x_wconf 82' lang='grc' dir='ltr'><strong>Ἐπειδὴ</strong></span> <span class='ocrx_word' id='word_1_315' title='bbox 2552 526 2661 598; x_wconf 86' lang='grc' dir='ltr'>γὰρ</span> <span class='ocrx_word' id='word_1_316' title='bbox 2685 526 2798 590; x_wconf 80' lang='grc' dir='ltr'>υἱὸς</span> <span class='ocrx_word' id='word_1_317' title='bbox 2827 525 2901 579; x_wconf 86' lang='grc' dir='ltr'>ὢν</span> <span class='ocrx_word' id='word_1_318' title='bbox 2925 526 3237 597; x_wconf 77' lang='grc' dir='ltr'>ἐξήμαρτεν</span> <span class='ocrx_word' id='word_1_319' title='bbox 3262 529 3344 591; x_wconf 85' lang='grc' dir='ltr'><strong>είς</strong></span> <span class='ocrx_word' id='word_1_320' title='bbox 3376 529 3610 600; x_wconf 77' lang='grc' dir='ltr'>πατέρα,</span> 
     </span>
    </p>
   </div>
   <div class='ocr_carea' id='block_1_48' title="bbox 2026 615 3611 691">
    <p class='ocr_par' dir='ltr' id='par_1_48' title="bbox 2026 615 3611 691">
     <span class='ocr_line' id='line_1_48' title="bbox 2026 615 3611 691; baseline 0.004 -22"><span class='ocrx_word' id='word_1_321' title='bbox 2026 615 2113 670; x_wconf 79' lang='grc' dir='ltr'>διὰ</span> <span class='ocrx_word' id='word_1_322' title='bbox 2161 615 2263 686; x_wconf 85' lang='grc' dir='ltr'>τῆς</span> <span class='ocrx_word' id='word_1_323' title='bbox 2295 616 2388 669; x_wconf 83' lang='grc' dir='ltr'><strong>τοῦ</strong></span> <span class='ocrx_word' id='word_1_324' title='bbox 2425 618 2616 681; x_wconf 91' lang='grc' dir='ltr'>παιδὸς</span> <span class='ocrx_word' id='word_1_325' title='bbox 2658 617 2822 671; x_wconf 86' lang='grc' dir='ltr'><strong>αὐτοῦ</strong></span> <span class='ocrx_word' id='word_1_326' title='bbox 2857 619 2998 688; x_wconf 79' lang='grc' dir='ltr'>ἀρᾶς</span> <span class='ocrx_word' id='word_1_327' title='bbox 3030 617 3247 688; x_wconf 79' lang='grc' dir='ltr'>δέχεται</span> <span class='ocrx_word' id='word_1_328' title='bbox 3295 619 3396 691; x_wconf 82' lang='grc' dir='ltr'><strong>τὴν</strong></span> <span class='ocrx_word' id='word_1_329' title='bbox 3440 637 3611 691; x_wconf 81' lang='grc' dir='ltr'><strong>τιμω⁴</strong></span> 
     </span>
    </p>
   </div>
   <div class='ocr_carea' id='block_1_49' title="bbox 2029 707 3608 780">
    <p class='ocr_par' dir='ltr' id='par_1_49' title="bbox 2029 707 3608 780">
     <span class='ocr_line' id='line_1_49' title="bbox 2029 707 3608 780; baseline 0.003 -19"><span class='ocrx_word' id='word_1_330' title='bbox 2029 707 2172 779; x_wconf 84' lang='grc' dir='ltr'>ρίαν.</span> <span class='ocrx_word' id='word_1_331' title='bbox 2206 710 2346 779; x_wconf 85' lang='grc' dir='ltr'>Πρὸς</span> <span class='ocrx_word' id='word_1_332' title='bbox 2379 711 2437 763; x_wconf 83' lang='grc' dir='ltr'>δὲ</span> <span class='ocrx_word' id='word_1_333' title='bbox 2469 709 2683 774; x_wconf 82' lang='grc' dir='ltr'><strong>τούτοις</strong></span> <span class='ocrx_word' id='word_1_334' title='bbox 2714 709 3016 780; x_wconf 79' lang='grc' dir='ltr'>σκοπητέον</span> <span class='ocrx_word' id='word_1_335' title='bbox 3052 712 3293 777; x_wconf 73' lang='grc' dir='ltr'>κάκεῖνο,</span> <span class='ocrx_word' id='word_1_336' title='bbox 3323 712 3398 777; x_wconf 84' lang='grc' dir='ltr'>ὡς</span> <span class='ocrx_word' id='word_1_337' title='bbox 3431 715 3481 768; x_wconf 83' lang='grc' dir='ltr'><strong>εί</strong></span> <span class='ocrx_word' id='word_1_338' title='bbox 3510 714 3608 767; x_wconf 87' lang='grc' dir='ltr'>αὐ-</span> 
     </span>
    </p>
   </div>
   <div class='ocr_carea' id='block_1_50' title="bbox 2023 797 3608 872">
    <p class='ocr_par' dir='ltr' id='par_1_50' title="bbox 2023 797 3608 872">
     <span class='ocr_line' id='line_1_50' title="bbox 2023 797 3608 872; baseline 0.003 -21"><span class='ocrx_word' id='word_1_339' title='bbox 2023 797 2113 862; x_wconf 86' lang='grc' dir='ltr'><strong>τὸς</strong></span> <span class='ocrx_word' id='word_1_340' title='bbox 2139 799 2168 852; x_wconf 85' lang='grc' dir='ltr'><strong>ὁ</strong></span> <span class='ocrx_word' id='word_1_341' title='bbox 2199 798 2328 868; x_wconf 85' lang='grc' dir='ltr'><strong>Χὰμ</strong></span> <span class='ocrx_word' id='word_1_342' title='bbox 2367 798 2583 864; x_wconf 78' lang='grc' dir='ltr'><strong>ἐδέξατο</strong></span> <span class='ocrx_word' id='word_1_343' title='bbox 2619 801 2717 871; x_wconf 80' lang='grc' dir='ltr'>τὴν</span> <span class='ocrx_word' id='word_1_344' title='bbox 2743 799 2919 870; x_wconf 79' lang='grc' dir='ltr'>ἀρὰν,</span> <span class='ocrx_word' id='word_1_345' title='bbox 2955 801 3036 862; x_wconf 82' lang='grc' dir='ltr'><strong>είς</strong></span> <span class='ocrx_word' id='word_1_346' title='bbox 3076 799 3196 853; x_wconf 83' lang='grc' dir='ltr'><strong>ὅλον</strong></span> <span class='ocrx_word' id='word_1_347' title='bbox 3242 801 3308 854; x_wconf 83' lang='grc' dir='ltr'><strong>ἂν</strong></span> <span class='ocrx_word' id='word_1_348' title='bbox 3359 801 3512 872; x_wconf 81' lang='grc' dir='ltr'>διέϐη</span> <span class='ocrx_word' id='word_1_349' title='bbox 3547 801 3608 854; x_wconf 88' lang='grc' dir='ltr'><strong>τὸ</strong></span> 
     </span>
    </p>
   </div>
   <div class='ocr_carea' id='block_1_51' title="bbox 2023 889 3605 964">
    <p class='ocr_par' dir='ltr' id='par_1_51' title="bbox 2023 889 3605 964">
     <span class='ocr_line' id='line_1_51' title="bbox 2023 889 3605 964; baseline 0.001 -20"><span class='ocrx_word' id='word_1_350' title='bbox 2023 891 2179 960; x_wconf 82' lang='grc' dir='ltr'>γένος</span> <span class='ocrx_word' id='word_1_351' title='bbox 2212 892 2244 962; x_wconf 85' lang='grc' dir='ltr'><strong>ἡ</strong></span> <span class='ocrx_word' id='word_1_352' title='bbox 2272 891 2514 962; x_wconf 75' lang='grc' dir='ltr'><strong>τιμωρία</strong></span> <span class='ocrx_word' id='word_1_353' title='bbox 2534 908 2550 924; x_wconf 81' lang='grc' dir='ltr'><strong>ο</strong></span> <span class='ocrx_word' id='word_1_354' title='bbox 2580 893 2659 955; x_wconf 75' lang='grc' dir='ltr'>εἰς</span> <span class='ocrx_word' id='word_1_355' title='bbox 2689 891 2746 944; x_wconf 83' lang='grc' dir='ltr'>δὲ</span> <span class='ocrx_word' id='word_1_356' title='bbox 2775 891 2865 944; x_wconf 88' lang='grc' dir='ltr'><strong>τὸν</strong></span> <span class='ocrx_word' id='word_1_357' title='bbox 2891 889 3162 945; x_wconf 79' lang='grc' dir='ltr'><strong>νεώτατον</strong></span> <span class='ocrx_word' id='word_1_358' title='bbox 3191 891 3308 945; x_wconf 86' lang='grc' dir='ltr'>υίὸν</span> <span class='ocrx_word' id='word_1_359' title='bbox 3335 891 3436 964; x_wconf 84' lang='grc' dir='ltr'>τὴν</span> <span class='ocrx_word' id='word_1_360' title='bbox 3474 911 3605 946; x_wconf 83' lang='grc' dir='ltr'>παι-</span> 
     </span>
    </p>
   </div>
   <div class='ocr_carea' id='block_1_52' title="bbox 2021 983 3610 1056">
    <p class='ocr_par' dir='ltr' id='par_1_52' title="bbox 2021 983 3610 1056">
     <span class='ocr_line' id='line_1_52' title="bbox 2021 983 3610 1056; baseline 0.002 -18"><span class='ocrx_word' id='word_1_361' title='bbox 2021 984 2169 1038; x_wconf 86' lang='grc' dir='ltr'>δείαν</span> <span class='ocrx_word' id='word_1_362' title='bbox 2216 983 2544 1056; x_wconf 80' lang='grc' dir='ltr'>παρέπεμψε</span> <span class='ocrx_word' id='word_1_363' title='bbox 2574 983 2641 1047; x_wconf 86' lang='grc'><strong>⁷³,</strong></span> <span class='ocrx_word' id='word_1_364' title='bbox 2681 987 2775 1039; x_wconf 76' lang='grc' dir='ltr'>καὶ</span> <span class='ocrx_word' id='word_1_365' title='bbox 2819 984 2977 1039; x_wconf 84' lang='grc' dir='ltr'>τοῦτο</span> <span class='ocrx_word' id='word_1_366' title='bbox 3029 985 3087 1038; x_wconf 85' lang='grc' dir='ltr'>δὲ</span> <span class='ocrx_word' id='word_1_367' title='bbox 3129 985 3210 1039; x_wconf 86' lang='grc' dir='ltr'><strong>δεῖ</strong></span> <span class='ocrx_word' id='word_1_368' title='bbox 3269 985 3487 1055; x_wconf 79' lang='grc' dir='ltr'>εἰδέναι,</span> <span class='ocrx_word' id='word_1_369' title='bbox 3530 985 3610 1050; x_wconf 84' lang='grc' dir='ltr'><strong>ὡς</strong></span> 
     </span>
    </p>
   </div>
   <div class='ocr_carea' id='block_1_53' title="bbox 2023 1074 3600 1149">
    <p class='ocr_par' dir='ltr' id='par_1_53' title="bbox 2023 1074 3600 1149">
     <span class='ocr_line' id='line_1_53' title="bbox 2023 1074 3600 1149; baseline 0.003 -23"><span class='ocrx_word' id='word_1_370' title='bbox 2023 1075 2330 1146; x_wconf 71' lang='grc' dir='ltr'>πρόρρησίς</span> <span class='ocrx_word' id='word_1_371' title='bbox 2363 1077 2530 1139; x_wconf 80' lang='grc' dir='ltr'>ἐστιν,</span> <span class='ocrx_word' id='word_1_372' title='bbox 2565 1075 2666 1129; x_wconf 90' lang='grc' dir='ltr'><strong>οὐκ</strong></span> <span class='ocrx_word' id='word_1_373' title='bbox 2695 1074 2825 1146; x_wconf 73' lang='grc' dir='ltr'>ἀρὰ,</span> <span class='ocrx_word' id='word_1_374' title='bbox 2861 1075 2957 1130; x_wconf 80' lang='grc' dir='ltr'>τοῦ</span> <span class='ocrx_word' id='word_1_375' title='bbox 2989 1075 3196 1130; x_wconf 76' lang='grc' dir='ltr'><strong>δικαίου</strong></span> <span class='ocrx_word' id='word_1_376' title='bbox 3238 1076 3308 1130; x_wconf 76' lang='grc' dir='ltr'>τὰ</span> <span class='ocrx_word' id='word_1_377' title='bbox 3337 1077 3560 1149; x_wconf 77' lang='grc' dir='ltr'>ῥήματα</span> <span class='ocrx_word' id='word_1_378' title='bbox 3585 1092 3600 1106; x_wconf 85' lang='grc'><strong><em>⁸</em></strong></span> 
     </span>
    </p>
   </div>
   <div class='ocr_carea' id='block_1_54' title="bbox 2023 1169 3603 1243">
    <p class='ocr_par' dir='ltr' id='par_1_54' title="bbox 2023 1169 3603 1243">
     <span class='ocr_line' id='line_1_54' title="bbox 2023 1169 3603 1243; baseline 0.003 -22"><span class='ocrx_word' id='word_1_379' title='bbox 2023 1169 2212 1240; x_wconf 78' lang='grc' dir='ltr'>ἐπειδὴ</span> <span class='ocrx_word' id='word_1_380' title='bbox 2239 1171 2346 1242; x_wconf 87' lang='grc' dir='ltr'>γὰρ</span> <span class='ocrx_word' id='word_1_381' title='bbox 2377 1169 2611 1240; x_wconf 73' lang='grc' dir='ltr'>ἤμελλεν</span> <span class='ocrx_word' id='word_1_382' title='bbox 2639 1172 2668 1223; x_wconf 86' lang='grc' dir='ltr'>ὁ</span> <span class='ocrx_word' id='word_1_383' title='bbox 2712 1170 2929 1241; x_wconf 82' lang='grc' dir='ltr'>Ἰσραὴλ</span> <span class='ocrx_word' id='word_1_384' title='bbox 2964 1171 3030 1224; x_wconf 80' lang='grc' dir='ltr'>ὲκ</span> <span class='ocrx_word' id='word_1_385' title='bbox 3057 1170 3148 1224; x_wconf 74' lang='grc' dir='ltr'>τοῦ</span> <span class='ocrx_word' id='word_1_386' title='bbox 3190 1171 3311 1243; x_wconf 81' lang='grc' dir='ltr'><strong>Σὴμ</strong></span> <span class='ocrx_word' id='word_1_387' title='bbox 3345 1171 3603 1241; x_wconf 80' lang='grc' dir='ltr'><strong>κατάγων</strong></span> 
     </span>
    </p>
   </div>
   <div class='ocr_carea' id='block_1_55' title="bbox 2022 1261 3598 1337">
    <p class='ocr_par' dir='ltr' id='par_1_55' title="bbox 2022 1261 3598 1337">
     <span class='ocr_line' id='line_1_55' title="bbox 2022 1261 3598 1337; baseline 0.004 -23"><span class='ocrx_word' id='word_1_388' title='bbox 2022 1261 2082 1314; x_wconf 83' lang='grc' dir='ltr'><strong>τὸ</strong></span> <span class='ocrx_word' id='word_1_389' title='bbox 2120 1263 2297 1328; x_wconf 84' lang='grc' dir='ltr'>γένος,</span> <span class='ocrx_word' id='word_1_390' title='bbox 2342 1263 2439 1332; x_wconf 82' lang='grc' dir='ltr'>τῆς</span> <span class='ocrx_word' id='word_1_391' title='bbox 2486 1262 2849 1332; x_wconf 82' lang='grc' dir='ltr'>Παλαιστίνης</span> <span class='ocrx_word' id='word_1_392' title='bbox 2883 1264 3344 1336; x_wconf 80' lang='grc' dir='ltr'>παραλαμϐάνειν</span> <span class='ocrx_word' id='word_1_393' title='bbox 3374 1267 3472 1337; x_wconf 76' lang='grc' dir='ltr'><strong>τὴν</strong></span> <span class='ocrx_word' id='word_1_394' title='bbox 3512 1268 3598 1321; x_wconf 87' lang='grc' dir='ltr'>δε-</span> 
     </span>
    </p>
   </div>
   <div class='ocr_carea' id='block_1_56' title="bbox 2024 1354 3600 1426">
    <p class='ocr_par' dir='ltr' id='par_1_56' title="bbox 2024 1354 3600 1426">
     <span class='ocr_line' id='line_1_56' title="bbox 2024 1354 3600 1426; baseline 0.003 -20"><span class='ocrx_word' id='word_1_395' title='bbox 2024 1355 2283 1408; x_wconf 82' lang='grc' dir='ltr'>σποτείαν</span> <span class='ocrx_word' id='word_1_396' title='bbox 2304 1371 2316 1383; x_wconf 93' lang='grc'><strong>·</strong></span> <span class='ocrx_word' id='word_1_397' title='bbox 2353 1356 2556 1426; x_wconf 81' lang='grc' dir='ltr'>ταύτην</span> <span class='ocrx_word' id='word_1_398' title='bbox 2587 1354 2642 1408; x_wconf 87' lang='grc' dir='ltr'>δὲ</span> <span class='ocrx_word' id='word_1_399' title='bbox 2673 1356 2843 1410; x_wconf 85' lang='grc' dir='ltr'>πάλαι</span> <span class='ocrx_word' id='word_1_400' title='bbox 2875 1355 3052 1426; x_wconf 74' lang='grc' dir='ltr'>ᾤκουν</span> <span class='ocrx_word' id='word_1_401' title='bbox 3082 1359 3132 1410; x_wconf 84' lang='grc' dir='ltr'><strong>οί</strong></span> <span class='ocrx_word' id='word_1_402' title='bbox 3162 1359 3225 1410; x_wconf 81' lang='grc' dir='ltr'><strong>ὲκ</strong></span> <span class='ocrx_word' id='word_1_403' title='bbox 3255 1358 3347 1411; x_wconf 80' lang='grc' dir='ltr'>τοῦ</span> <span class='ocrx_word' id='word_1_404' title='bbox 3379 1360 3600 1414; x_wconf 83' lang='grc' dir='ltr'>Χαναὰν</span> 
     </span>
    </p>
   </div>
   <div class='ocr_carea' id='block_1_57' title="bbox 2024 1447 3596 1522">
    <p class='ocr_par' dir='ltr' id='par_1_57' title="bbox 2024 1447 3596 1522">
     <span class='ocr_line' id='line_1_57' title="bbox 2024 1447 3596 1522; baseline 0.001 -20"><span class='ocrx_word' id='word_1_405' title='bbox 2024 1449 2451 1519; x_wconf 86' lang='grc' dir='ltr'>βεϐλαστηκότες</span> <span class='ocrx_word' id='word_1_406' title='bbox 2475 1464 2487 1477; x_wconf 92' lang='grc'><strong>·</strong></span> <span class='ocrx_word' id='word_1_407' title='bbox 2515 1450 2596 1511; x_wconf 87' lang='grc' dir='ltr'><strong>είς</strong></span> <span class='ocrx_word' id='word_1_408' title='bbox 2625 1447 2763 1519; x_wconf 77' lang='grc' dir='ltr'>ἀράν</span> <span class='ocrx_word' id='word_1_409' title='bbox 2789 1451 3114 1520; x_wconf 78' lang='grc' dir='ltr'>σχηματίζει</span> <span class='ocrx_word' id='word_1_410' title='bbox 3137 1450 3236 1521; x_wconf 86' lang='grc' dir='ltr'>τὴν</span> <span class='ocrx_word' id='word_1_411' title='bbox 3267 1451 3596 1522; x_wconf 73' lang='grc' dir='ltr'>πρόρρησιν,</span> 
     </span>
    </p>
   </div>
   <div class='ocr_carea' id='block_1_58' title="bbox 2022 1540 3600 1613">
    <p class='ocr_par' dir='ltr' id='par_1_58' title="bbox 2022 1540 3600 1613">
     <span class='ocr_line' id='line_1_58' title="bbox 2022 1540 3600 1613; baseline 0.003 -20"><span class='ocrx_word' id='word_1_412' title='bbox 2022 1540 2410 1612; x_wconf 84' lang='grc' dir='ltr'>προαγορεύων</span> <span class='ocrx_word' id='word_1_413' title='bbox 2444 1540 2540 1609; x_wconf 84' lang='grc' dir='ltr'>μὲν</span> <span class='ocrx_word' id='word_1_414' title='bbox 2572 1541 2640 1594; x_wconf 81' lang='grc' dir='ltr'>τὰ</span> <span class='ocrx_word' id='word_1_415' title='bbox 2668 1541 2924 1613; x_wconf 76' lang='grc' dir='ltr'>ἐσόμενα,</span> <span class='ocrx_word' id='word_1_416' title='bbox 2968 1541 3342 1612; x_wconf 77' lang='grc' dir='ltr'>δεδιττόμενος</span> <span class='ocrx_word' id='word_1_417' title='bbox 3376 1544 3432 1596; x_wconf 86' lang='grc' dir='ltr'>δὲ</span> <span class='ocrx_word' id='word_1_418' title='bbox 3473 1543 3600 1606; x_wconf 72' lang='grc' dir='ltr'>τοὺς</span> 
     </span>
    </p>
   </div>
   <div class='ocr_carea' id='block_1_59' title="bbox 2021 1633 3598 1704">
    <p class='ocr_par' dir='ltr' id='par_1_59' title="bbox 2021 1633 3598 1704">
     <span class='ocr_line' id='line_1_59' title="bbox 2021 1633 3598 1704; baseline 0 -17"><span class='ocrx_word' id='word_1_419' title='bbox 2021 1633 2246 1702; x_wconf 76' lang='grc' dir='ltr'>ὕστερον</span> <span class='ocrx_word' id='word_1_420' title='bbox 2287 1633 2611 1702; x_wconf 69' lang='grc' dir='ltr'>ἐσομένους,</span> <span class='ocrx_word' id='word_1_421' title='bbox 2641 1634 2717 1704; x_wconf 84' lang='grc' dir='ltr'>μὴ</span> <span class='ocrx_word' id='word_1_422' title='bbox 2752 1633 3094 1702; x_wconf 84' lang='grc' dir='ltr'>πλημμελεῖν</span> <span class='ocrx_word' id='word_1_423' title='bbox 3119 1635 3199 1698; x_wconf 83' lang='grc' dir='ltr'><strong>είς</strong></span> <span class='ocrx_word' id='word_1_424' title='bbox 3237 1634 3450 1699; x_wconf 80' lang='grc' dir='ltr'>γονέας.</span> <span class='ocrx_word' id='word_1_425' title='bbox 3491 1636 3598 1688; x_wconf 76' lang='grc' dir='ltr'><strong>Καὶ</strong></span> 
     </span>
    </p>
   </div>
   <div class='ocr_carea' id='block_1_60' title="bbox 2021 1724 3596 1797">
    <p class='ocr_par' dir='ltr' id='par_1_60' title="bbox 2021 1724 3596 1797">
     <span class='ocr_line' id='line_1_60' title="bbox 2021 1724 3596 1797; baseline -0.003 -14"><span class='ocrx_word' id='word_1_426' title='bbox 2021 1730 2177 1783; x_wconf 81' lang='grc' dir='ltr'>τοῦτο</span> <span class='ocrx_word' id='word_1_427' title='bbox 2227 1728 2414 1797; x_wconf 82' lang='grc' dir='ltr'>σαφῶς</span> <span class='ocrx_word' id='word_1_428' title='bbox 2464 1727 2614 1797; x_wconf 78' lang='grc' dir='ltr'>ἡμᾶς</span> <span class='ocrx_word' id='word_1_429' title='bbox 2655 1727 2688 1796; x_wconf 81' lang='grc' dir='ltr'><strong>ἡ</strong></span> <span class='ocrx_word' id='word_1_430' title='bbox 2736 1725 2832 1778; x_wconf 88' lang='grc' dir='ltr'>τοῦ</span> <span class='ocrx_word' id='word_1_431' title='bbox 2891 1724 3011 1796; x_wconf 82' lang='grc' dir='ltr'><strong>Σὴμ</strong></span> <span class='ocrx_word' id='word_1_432' title='bbox 3063 1725 3283 1793; x_wconf 77' lang='grc' dir='ltr'>εὐλογία</span> <span class='ocrx_word' id='word_1_433' title='bbox 3330 1724 3596 1780; x_wconf 80' lang='grc' dir='ltr'>διδάσκει.</span> 
     </span>
    </p>
   </div>
   <div class='ocr_carea' id='block_1_61' title="bbox 2029 1817 3592 1891">
    <p class='ocr_par' dir='ltr' id='par_1_61' title="bbox 2029 1817 3592 1891">
     <span class='ocr_line' id='line_1_61' title="bbox 2029 1817 3592 1891; baseline -0.004 -16"><span class='ocrx_word' id='word_1_434' title='bbox 2029 1842 2045 1875; x_wconf 84' lang='grc' dir='ltr'>ι</span> <span class='ocrx_word' id='word_1_435' title='bbox 2086 1821 2390 1891; x_wconf 82' lang='grc' dir='ltr'>Εὐλογητὸς</span> <span class='ocrx_word' id='word_1_436' title='bbox 2417 1820 2524 1891; x_wconf 85' lang='grc' dir='ltr'>γὰρ</span> <span class='ocrx_word' id='word_1_437' title='bbox 2545 1859 2560 1885; x_wconf 91' lang='grc'><strong>,</strong></span> <span class='ocrx_word' id='word_1_438' title='bbox 2616 1820 2773 1890; x_wconf 70' lang='grc' dir='ltr'>φησὶ,</span> <span class='ocrx_word' id='word_1_439' title='bbox 2803 1817 3006 1890; x_wconf 77' lang='grc' dir='ltr'>Κύριος</span> <span class='ocrx_word' id='word_1_440' title='bbox 3044 1820 3072 1872; x_wconf 79' lang='grc' dir='ltr'>ὁ</span> <span class='ocrx_word' id='word_1_441' title='bbox 3099 1817 3231 1881; x_wconf 84' lang='grc' dir='ltr'>Θεὸς</span> <span class='ocrx_word' id='word_1_442' title='bbox 3251 1817 3344 1870; x_wconf 82' lang='grc' dir='ltr'>τοῦ</span> <span class='ocrx_word' id='word_1_443' title='bbox 3376 1818 3532 1888; x_wconf 76' lang='grc' dir='ltr'><strong>Σήμ’</strong></span> <span class='ocrx_word' id='word_1_444' title='bbox 3573 1835 3592 1868; x_wconf 75' lang='grc' dir='ltr'>ι</span> 
     </span>
    </p>
   </div>
   <div class='ocr_carea' id='block_1_62' title="bbox 2022 1908 3599 1980">
    <p class='ocr_par' dir='ltr' id='par_1_62' title="bbox 2022 1908 3599 1980">
     <span class='ocr_line' id='line_1_62' title="bbox 2022 1908 3599 1980; baseline -0.004 -11"><span class='ocrx_word' id='word_1_445' title='bbox 2022 1916 2117 1970; x_wconf 78' lang='grc' dir='ltr'>κα).</span> <span class='ocrx_word' id='word_1_446' title='bbox 2163 1913 2316 1967; x_wconf 71' lang='grc' dir='ltr'>ἔσται</span> <span class='ocrx_word' id='word_1_447' title='bbox 2367 1912 2593 1966; x_wconf 75' lang='grc' dir='ltr'>Χαναὰν</span> <span class='ocrx_word' id='word_1_448' title='bbox 2629 1912 2763 1974; x_wconf 82' lang='grc' dir='ltr'>παῖς</span> <span class='ocrx_word' id='word_1_449' title='bbox 2807 1909 2997 1964; x_wconf 80' lang='grc' dir='ltr'>αὐτοῦ.</span> <span class='ocrx_word' id='word_1_450' title='bbox 3038 1928 3056 1962; x_wconf 71' lang='grc' dir='ltr'>ι</span> <span class='ocrx_word' id='word_1_451' title='bbox 3093 1910 3166 1962; x_wconf 80' lang='grc' dir='ltr'>Οὐ</span> <span class='ocrx_word' id='word_1_452' title='bbox 3205 1911 3316 1980; x_wconf 83' lang='grc' dir='ltr'>γὰρ</span> <span class='ocrx_word' id='word_1_453' title='bbox 3352 1911 3467 1973; x_wconf 87' lang='grc' dir='ltr'>τοῖς</span> <span class='ocrx_word' id='word_1_454' title='bbox 3504 1908 3599 1963; x_wconf 84' lang='grc' dir='ltr'>δύο</span> 
     </span>
    </p>
   </div>
   <div class='ocr_carea' id='block_1_63' title="bbox 2019 2003 3595 2077">
    <p class='ocr_par' dir='ltr' id='par_1_63' title="bbox 2019 2003 3595 2077">
     <span class='ocr_line' id='line_1_63' title="bbox 2019 2003 3595 2077; baseline -0.001 -16"><span class='ocrx_word' id='word_1_455' title='bbox 2019 2007 2210 2062; x_wconf 75' lang='grc' dir='ltr'>τοῦτον</span> <span class='ocrx_word' id='word_1_456' title='bbox 2239 2005 2504 2070; x_wconf 66' lang='grc' dir='ltr'>ὑπέταξεν</span> <span class='ocrx_word' id='word_1_457' title='bbox 2537 2004 2650 2077; x_wconf 86' lang='grc'>(76)</span> <span class='ocrx_word' id='word_1_458' title='bbox 2699 2004 2838 2059; x_wconf 81' lang='grc' dir='ltr'>ἀλλὰ</span> <span class='ocrx_word' id='word_1_459' title='bbox 2872 2005 3018 2076; x_wconf 83' lang='grc' dir='ltr'>μόνῳ</span> <span class='ocrx_word' id='word_1_460' title='bbox 3045 2004 3122 2076; x_wconf 85' lang='grc' dir='ltr'>τῷ</span> <span class='ocrx_word' id='word_1_461' title='bbox 3162 2005 3306 2076; x_wconf 87' lang='grc' dir='ltr'><strong>Σήμ.</strong></span> <span class='ocrx_word' id='word_1_462' title='bbox 3350 2004 3462 2059; x_wconf 79' lang='grc' dir='ltr'>Καὶ</span> <span class='ocrx_word' id='word_1_463' title='bbox 3499 2003 3595 2059; x_wconf 81' lang='grc' dir='ltr'>τοῦ</span> 
     </span>
    </p>
   </div>
   <div class='ocr_carea' id='block_1_64' title="bbox 2023 2096 3598 2171">
    <p class='ocr_par' dir='ltr' id='par_1_64' title="bbox 2023 2096 3598 2171">
     <span class='ocr_line' id='line_1_64' title="bbox 2023 2096 3598 2171; baseline 0.003 -19"><span class='ocrx_word' id='word_1_464' title='bbox 2023 2100 2121 2170; x_wconf 73' lang='grc' dir='ltr'>μὲν</span> <span class='ocrx_word' id='word_1_465' title='bbox 2163 2099 2338 2169; x_wconf 80' lang='grc' dir='ltr'>Ἰάφεο</span> <span class='ocrx_word' id='word_1_466' title='bbox 2378 2097 2478 2170; x_wconf 80' lang='grc' dir='ltr'>τὴν</span> <span class='ocrx_word' id='word_1_467' title='bbox 2517 2096 2845 2167; x_wconf 87' lang='grc' dir='ltr'>πολυγονίαν</span> <span class='ocrx_word' id='word_1_468' title='bbox 2885 2096 3206 2171; x_wconf 76' lang='grc' dir='ltr'>προείρηκε,</span> <span class='ocrx_word' id='word_1_469' title='bbox 3244 2096 3337 2154; x_wconf 81' lang='grc' dir='ltr'>τοῦ</span> <span class='ocrx_word' id='word_1_470' title='bbox 3381 2098 3439 2152; x_wconf 75' lang='grc' dir='ltr'>δὶ</span> <span class='ocrx_word' id='word_1_471' title='bbox 3474 2098 3598 2170; x_wconf 80' lang='grc' dir='ltr'><strong>Σὴμ</strong></span> 
     </span>
    </p>
   </div>
   <div class='ocr_carea' id='block_1_65' title="bbox 2017 2189 3594 2263">
    <p class='ocr_par' dir='ltr' id='par_1_65' title="bbox 2017 2189 3594 2263">
     <span class='ocr_line' id='line_1_65' title="bbox 2017 2189 3594 2263; baseline 0.001 -19"><span class='ocrx_word' id='word_1_472' title='bbox 2017 2195 2116 2263; x_wconf 78' lang='grc' dir='ltr'><strong>τὴν</strong></span> <span class='ocrx_word' id='word_1_473' title='bbox 2147 2192 2429 2246; x_wconf 83' lang='grc' dir='ltr'>εὐσέϐειαν</span> <span class='ocrx_word' id='word_1_474' title='bbox 2449 2207 2462 2220; x_wconf 91' lang='grc'><strong>·</strong></span> <span class='ocrx_word' id='word_1_475' title='bbox 2494 2191 2587 2245; x_wconf 87' lang='grc' dir='ltr'><strong>τὸν</strong></span> <span class='ocrx_word' id='word_1_476' title='bbox 2616 2190 2726 2262; x_wconf 77' lang='grc' dir='ltr'>γὰρ</span> <span class='ocrx_word' id='word_1_477' title='bbox 2759 2189 2895 2245; x_wconf 86' lang='grc' dir='ltr'>Θεὸν</span> <span class='ocrx_word' id='word_1_478' title='bbox 2919 2191 2980 2245; x_wconf 75' lang='grc' dir='ltr'>ὲν</span> <span class='ocrx_word' id='word_1_479' title='bbox 3000 2193 3114 2254; x_wconf 83' lang='grc' dir='ltr'>τοῖς</span> <span class='ocrx_word' id='word_1_480' title='bbox 3149 2189 3472 2262; x_wconf 78' lang='grc' dir='ltr'>σκηνώμασι</span> <span class='ocrx_word' id='word_1_481' title='bbox 3499 2189 3594 2246; x_wconf 73' lang='grc' dir='ltr'>τοῦ</span> 
     </span>
    </p>
   </div>
   <div class='ocr_carea' id='block_1_66' title="bbox 2017 2282 3595 2356">
    <p class='ocr_par' dir='ltr' id='par_1_66' title="bbox 2017 2282 3595 2356">
     <span class='ocr_line' id='line_1_66' title="bbox 2017 2282 3595 2356; baseline 0 -18"><span class='ocrx_word' id='word_1_482' title='bbox 2017 2285 2139 2356; x_wconf 76' lang='grc' dir='ltr'>Σὴμ</span> <span class='ocrx_word' id='word_1_483' title='bbox 2177 2286 2528 2355; x_wconf 83' lang='grc' dir='ltr'>κατοικήσειν</span> <span class='ocrx_word' id='word_1_484' title='bbox 2568 2284 2887 2355; x_wconf 73' lang='grc' dir='ltr'>προείρηκε.</span> <span class='ocrx_word' id='word_1_485' title='bbox 2940 2282 3246 2355; x_wconf 78' lang='grc' dir='ltr'>Κατῴκησε</span> <span class='ocrx_word' id='word_1_486' title='bbox 3288 2283 3346 2340; x_wconf 73' lang='grc' dir='ltr'>δὲ</span> <span class='ocrx_word' id='word_1_487' title='bbox 3391 2284 3451 2338; x_wconf 83' lang='grc' dir='ltr'>ὲν</span> <span class='ocrx_word' id='word_1_488' title='bbox 3480 2285 3595 2348; x_wconf 81' lang='grc' dir='ltr'>τοῖς</span> 
     </span>
    </p>
   </div>
   <div class='ocr_carea' id='block_1_67' title="bbox 2016 2374 3594 2446">
    <p class='ocr_par' dir='ltr' id='par_1_67' title="bbox 2016 2374 3594 2446">
     <span class='ocr_line' id='line_1_67' title="bbox 2016 2374 3594 2446; baseline -0.001 -17"><span class='ocrx_word' id='word_1_489' title='bbox 2016 2378 2080 2430; x_wconf 82' lang='grc' dir='ltr'>ὲκ</span> <span class='ocrx_word' id='word_1_490' title='bbox 2116 2375 2211 2429; x_wconf 80' lang='grc' dir='ltr'>τοῦ</span> <span class='ocrx_word' id='word_1_491' title='bbox 2239 2375 2361 2446; x_wconf 84' lang='grc' dir='ltr'><strong>Σὴμ</strong></span> <span class='ocrx_word' id='word_1_492' title='bbox 2389 2375 2787 2446; x_wconf 82' lang='grc' dir='ltr'>πατριάρχαις,</span> <span class='ocrx_word' id='word_1_493' title='bbox 2818 2377 2913 2430; x_wconf 76' lang='grc' dir='ltr'>καὶ</span> <span class='ocrx_word' id='word_1_494' title='bbox 2941 2375 3000 2429; x_wconf 76' lang='grc' dir='ltr'><strong>ἐν</strong></span> <span class='ocrx_word' id='word_1_495' title='bbox 3032 2378 3145 2440; x_wconf 81' lang='grc' dir='ltr'>τοῖς</span> <span class='ocrx_word' id='word_1_496' title='bbox 3183 2376 3248 2428; x_wconf 76' lang='grc' dir='ltr'>ἐκ</span> <span class='ocrx_word' id='word_1_497' title='bbox 3271 2374 3478 2430; x_wconf 83' lang='grc' dir='ltr'>τούτων</span> <span class='ocrx_word' id='word_1_498' title='bbox 3506 2375 3594 2445; x_wconf 84' lang='grc' dir='ltr'><strong>βε-</strong></span> 
     </span>
    </p>
   </div>
   <div class='ocr_carea' id='block_1_68' title="bbox 2016 2467 3589 2540">
    <p class='ocr_par' dir='ltr' id='par_1_68' title="bbox 2016 2467 3589 2540">
     <span class='ocr_line' id='line_1_68' title="bbox 2016 2467 3589 2540; baseline -0.001 -21"><span class='ocrx_word' id='word_1_499' title='bbox 2016 2467 2349 2538; x_wconf 85' lang='grc' dir='ltr'>ϐλαστηκόσι</span> <span class='ocrx_word' id='word_1_500' title='bbox 2391 2469 2730 2540; x_wconf 74' lang='grc' dir='ltr'>προφήταιςο</span> <span class='ocrx_word' id='word_1_501' title='bbox 2776 2467 2870 2520; x_wconf 78' lang='grc' dir='ltr'><strong>καὶ</strong></span> <span class='ocrx_word' id='word_1_502' title='bbox 2909 2467 2966 2520; x_wconf 79' lang='grc' dir='ltr'>ἐν</span> <span class='ocrx_word' id='word_1_503' title='bbox 2991 2469 3056 2537; x_wconf 75' lang='grc' dir='ltr'>τῇ</span> <span class='ocrx_word' id='word_1_504' title='bbox 3088 2469 3262 2538; x_wconf 78' lang='grc' dir='ltr'>σκηνῇ</span> <span class='ocrx_word' id='word_1_505' title='bbox 3292 2467 3589 2538; x_wconf 86' lang='grc' dir='ltr'>πρότερον·</span> 
     </span>
    </p>
   </div>
   <div class='ocr_carea' id='block_1_69' title="bbox 2015 2555 3592 2630">
    <p class='ocr_par' dir='ltr' id='par_1_69' title="bbox 2015 2555 3592 2630">
     <span class='ocr_line' id='line_1_69' title="bbox 2015 2555 3592 2630; baseline -0.002 -19"><span class='ocrx_word' id='word_1_506' title='bbox 2015 2559 2108 2611; x_wconf 80' lang='grc' dir='ltr'>καὶ</span> <span class='ocrx_word' id='word_1_507' title='bbox 2158 2559 2216 2610; x_wconf 79' lang='grc' dir='ltr'>ὲν</span> <span class='ocrx_word' id='word_1_508' title='bbox 2266 2557 2659 2627; x_wconf 82' lang='grc' dir='ltr'>Ἱεροσολύμοις</span> <span class='ocrx_word' id='word_1_509' title='bbox 2709 2555 2955 2630; x_wconf 76' lang='grc' dir='ltr'>ὕστερον.</span> <span class='ocrx_word' id='word_1_510' title='bbox 3026 2556 3280 2627; x_wconf 83' lang='grc' dir='ltr'>Ἀκριϐὲς</span> <span class='ocrx_word' id='word_1_511' title='bbox 3322 2556 3380 2612; x_wconf 83' lang='grc' dir='ltr'>δὲ</span> <span class='ocrx_word' id='word_1_512' title='bbox 3438 2556 3592 2621; x_wconf 87' lang='grc' dir='ltr'>τέλος</span> 
     </span>
    </p>
   </div>
   <div class='ocr_carea' id='block_1_70' title="bbox 2013 2649 3590 2722">
    <p class='ocr_par' dir='ltr' id='par_1_70' title="bbox 2013 2649 3590 2722">
     <span class='ocr_line' id='line_1_70' title="bbox 2013 2649 3590 2722; baseline 0 -20"><span class='ocrx_word' id='word_1_513' title='bbox 2013 2650 2170 2721; x_wconf 79' lang='grc' dir='ltr'>ἔσχεν</span> <span class='ocrx_word' id='word_1_514' title='bbox 2191 2652 2225 2718; x_wconf 83' lang='grc' dir='ltr'>ἡ</span> <span class='ocrx_word' id='word_1_515' title='bbox 2260 2649 2565 2722; x_wconf 85' lang='grc' dir='ltr'>προφητεία</span> <span class='ocrx_word' id='word_1_516' title='bbox 2589 2651 2648 2703; x_wconf 89' lang='grc' dir='ltr'><strong>τὸ</strong></span> <span class='ocrx_word' id='word_1_517' title='bbox 2677 2650 2778 2720; x_wconf 78' lang='grc' dir='ltr'>τῆς</span> <span class='ocrx_word' id='word_1_518' title='bbox 2809 2650 3120 2720; x_wconf 78' lang='grc' dir='ltr'>οἰκονομίας</span> <span class='ocrx_word' id='word_1_519' title='bbox 3145 2651 3475 2721; x_wconf 75' lang='grc' dir='ltr'>μυστήριονο</span> <span class='ocrx_word' id='word_1_520' title='bbox 3502 2651 3590 2704; x_wconf 79' lang='grc' dir='ltr'>ὅτε</span> 
     </span>
    </p>
   </div>
   <div class='ocr_carea' id='block_1_71' title="bbox 2012 2740 3589 2813">
    <p class='ocr_par' dir='ltr' id='par_1_71' title="bbox 2012 2740 3589 2813">
     <span class='ocr_line' id='line_1_71' title="bbox 2012 2740 3589 2813; baseline -0.001 -17"><span class='ocrx_word' id='word_1_521' title='bbox 2012 2744 2178 2806; x_wconf 87' lang='grc' dir='ltr'>αὐτὸς</span> <span class='ocrx_word' id='word_1_522' title='bbox 2207 2745 2235 2796; x_wconf 87' lang='grc' dir='ltr'>ὁ</span> <span class='ocrx_word' id='word_1_523' title='bbox 2258 2742 2392 2807; x_wconf 84' lang='grc' dir='ltr'>Θεὸς</span> <span class='ocrx_word' id='word_1_524' title='bbox 2417 2742 2610 2810; x_wconf 82' lang='grc' dir='ltr'>Λόγος,</span> <span class='ocrx_word' id='word_1_525' title='bbox 2638 2743 2666 2795; x_wconf 79' lang='grc' dir='ltr'>ὁ</span> <span class='ocrx_word' id='word_1_526' title='bbox 2692 2740 2786 2795; x_wconf 81' lang='grc' dir='ltr'>τοῦ</span> <span class='ocrx_word' id='word_1_527' title='bbox 2816 2742 2951 2796; x_wconf 83' lang='grc' dir='ltr'>Θεοῦ</span> <span class='ocrx_word' id='word_1_528' title='bbox 2984 2743 3077 2796; x_wconf 77' lang='grc' dir='ltr'><strong>καὶ</strong></span> <span class='ocrx_word' id='word_1_529' title='bbox 3103 2742 3314 2811; x_wconf 56' lang='lat' dir='ltr'><strong>Harpe;</strong></span> <span class='ocrx_word' id='word_1_530' title='bbox 3341 2742 3464 2804; x_wconf 81' lang='grc' dir='ltr'>Υίὸς</span> <span class='ocrx_word' id='word_1_531' title='bbox 3496 2761 3589 2813; x_wconf 83' lang='grc' dir='ltr'>μο-</span> 
     </span>
    </p>
   </div>
   <div class='ocr_carea' id='block_1_72' title="bbox 2011 2833 3586 2908">
    <p class='ocr_par' dir='ltr' id='par_1_72' title="bbox 2011 2833 3586 2908">
     <span class='ocr_line' id='line_1_72' title="bbox 2011 2833 3586 2908; baseline -0.003 -16"><span class='ocrx_word' id='word_1_532' title='bbox 2011 2837 2255 2908; x_wconf 77' lang='grc' dir='ltr'>νογενὴς,</span> <span class='ocrx_word' id='word_1_533' title='bbox 2287 2835 2578 2907; x_wconf 74' lang='grc' dir='ltr'>ἐσαρκώθη</span> <span class='ocrx_word' id='word_1_534' title='bbox 2612 2836 2705 2888; x_wconf 82' lang='grc' dir='ltr'>καὶ</span> <span class='ocrx_word' id='word_1_535' title='bbox 2735 2833 3127 2906; x_wconf 81' lang='grc' dir='ltr'>ὲνηνθρὼπησε</span> <span class='ocrx_word' id='word_1_536' title='bbox 3159 2837 3253 2890; x_wconf 76' lang='grc' dir='ltr'><strong>καὶ</strong></span> <span class='ocrx_word' id='word_1_537' title='bbox 3281 2834 3408 2890; x_wconf 77' lang='grc' dir='ltr'>ναὸν</span> <span class='ocrx_word' id='word_1_538' title='bbox 3455 2836 3586 2889; x_wconf 76' lang='grc' dir='ltr'>ἑαυο</span> 
     </span>
    </p>
   </div>
   <div class='ocr_carea' id='block_1_73' title="bbox 2008 2927 3588 3000">
    <p class='ocr_par' dir='ltr' id='par_1_73' title="bbox 2008 2927 3588 3000">
     <span class='ocr_line' id='line_1_73' title="bbox 2008 2927 3588 3000; baseline -0.001 -17"><span class='ocrx_word' id='word_1_539' title='bbox 2008 2931 2102 2984; x_wconf 81' lang='grc' dir='ltr'>τοῦ</span> <span class='ocrx_word' id='word_1_540' title='bbox 2153 2929 2627 3000; x_wconf 84' lang='grc' dir='ltr'>προσηγόρευσεν,</span> <span class='ocrx_word' id='word_1_541' title='bbox 2685 2927 2753 2999; x_wconf 82' lang='grc' dir='ltr'>ἢν</span> <span class='ocrx_word' id='word_1_542' title='bbox 2803 2928 2866 2980; x_wconf 78' lang='grc' dir='ltr'>ἐκ</span> <span class='ocrx_word' id='word_1_543' title='bbox 2910 2927 3226 2998; x_wconf 80' lang='grc' dir='ltr'>σπέρματος</span> <span class='ocrx_word' id='word_1_544' title='bbox 3277 2927 3440 2982; x_wconf 80' lang='grc' dir='ltr'>Δαϐὶδ</span> <span class='ocrx_word' id='word_1_545' title='bbox 3494 2929 3588 2982; x_wconf 71' lang='grc' dir='ltr'><strong>κα)⁸</strong></span> 
     </span>
    </p>
   </div>
   <div class='ocr_carea' id='block_1_74' title="bbox 2022 3013 3585 3092">
    <p class='ocr_par' dir='ltr' id='par_1_74' title="bbox 2022 3013 3585 3092">
     <span class='ocr_line' id='line_1_74' title="bbox 2022 3013 3585 3092; baseline -0.001 -20"><span class='ocrx_word' id='word_1_546' title='bbox 2022 3019 2275 3091; x_wconf 72' lang='grc' dir='ltr'>Ἀϐραὰμ</span> <span class='ocrx_word' id='word_1_547' title='bbox 2320 3019 2483 3072; x_wconf 71' lang='grc' dir='ltr'>ἔλαϐε</span> <span class='ocrx_word' id='word_1_548' title='bbox 2530 3019 2732 3088; x_wconf 84' lang='grc' dir='ltr'>σάρκα.</span> <span class='ocrx_word' id='word_1_549' title='bbox 2788 3019 2885 3072; x_wconf 84' lang='grc' dir='ltr'><strong>Ἐκ</strong></span> <span class='ocrx_word' id='word_1_550' title='bbox 2907 3017 3004 3071; x_wconf 81' lang='grc' dir='ltr'>τοῦ</span> <span class='ocrx_word' id='word_1_551' title='bbox 3032 3018 3154 3088; x_wconf 80' lang='grc' dir='ltr'><strong>Σὴμ</strong></span> <span class='ocrx_word' id='word_1_552' title='bbox 3179 3018 3288 3092; x_wconf 80' lang='grc' dir='ltr'>γὰρ</span> <span class='ocrx_word' id='word_1_553' title='bbox 3320 3018 3415 3072; x_wconf 71' lang='grc' dir='ltr'>καὶ</span> <span class='ocrx_word' id='word_1_554' title='bbox 3441 3013 3585 3074; x_wconf 76' lang='grc' dir='ltr'>οὗτοι</span> 
     </span>
    </p>
   </div>
   <div class='ocr_carea' id='block_1_75' title="bbox 1933 3101 3586 3180">
    <p class='ocr_par' dir='ltr' id='par_1_75' title="bbox 1933 3101 3586 3180">
     <span class='ocr_line' id='line_1_75' title="bbox 1933 3101 3586 3180; baseline -0.006 -10"><span class='ocrx_word' id='word_1_555' title='bbox 1933 3114 1976 3173; x_wconf 89' lang='lat' dir='ltr'><strong>C</strong></span> <span class='ocrx_word' id='word_1_556' title='bbox 2009 3111 2249 3180; x_wconf 80' lang='grc' dir='ltr'>κατῆγον</span> <span class='ocrx_word' id='word_1_557' title='bbox 2279 3110 2340 3163; x_wconf 89' lang='grc' dir='ltr'><strong>τὸ</strong></span> <span class='ocrx_word' id='word_1_558' title='bbox 2364 3110 2540 3179; x_wconf 85' lang='grc' dir='ltr'>γένος.</span> <span class='ocrx_word' id='word_1_559' title='bbox 2585 3110 2652 3163; x_wconf 82' lang='grc' dir='ltr'>Ἢ</span> <span class='ocrx_word' id='word_1_560' title='bbox 2686 3109 2743 3162; x_wconf 74' lang='grc' dir='ltr'>δὲ</span> <span class='ocrx_word' id='word_1_561' title='bbox 2767 3107 2862 3162; x_wconf 81' lang='grc' dir='ltr'>τοῦ</span> <span class='ocrx_word' id='word_1_562' title='bbox 2898 3109 3117 3163; x_wconf 76' lang='grc' dir='ltr'>Χαναὰν</span> <span class='ocrx_word' id='word_1_563' title='bbox 3139 3108 3360 3163; x_wconf 81' lang='grc' dir='ltr'>δουλεία</span> <span class='ocrx_word' id='word_1_564' title='bbox 3387 3110 3446 3163; x_wconf 79' lang='grc' dir='ltr'>ὲν</span> <span class='ocrx_word' id='word_1_565' title='bbox 3473 3101 3586 3172; x_wconf 70' lang='grc' dir='ltr'>τοϊς</span> 
     </span>
    </p>
   </div>
   <div class='ocr_carea' id='block_1_76' title="bbox 2010 3199 2918 3266">
    <p class='ocr_par' dir='ltr' id='par_1_76' title="bbox 2010 3199 2918 3266">
     <span class='ocr_line' id='line_1_76' title="bbox 2010 3199 2918 3266; baseline 0.002 -12"><span class='ocrx_word' id='word_1_566' title='bbox 2010 3200 2382 3266; x_wconf 89' lang='grc' dir='ltr'>Γαϐαωνίταις</span> <span class='ocrx_word' id='word_1_567' title='bbox 2410 3199 2475 3254; x_wconf 90' lang='grc' dir='ltr'><strong>τὸ</strong></span> <span class='ocrx_word' id='word_1_568' title='bbox 2500 3199 2653 3263; x_wconf 81' lang='grc' dir='ltr'>τέλος</span> <span class='ocrx_word' id='word_1_569' title='bbox 2679 3199 2918 3265; x_wconf 79' lang='grc' dir='ltr'>ἐδέξατο.</span> 
     </span>
    </p>
   </div>
   <div class='ocr_carea' id='block_1_77' title="bbox 2571 3310 2986 3365">
    <p class='ocr_par' dir='ltr' id='par_1_77' title="bbox 2571 3310 2986 3365">
     <span class='ocr_line' id='line_1_77' title="bbox 2571 3310 2986 3365; baseline 0.002 -1"><span class='ocrx_word' id='word_1_570' title='bbox 2571 3311 2767 3364; x_wconf 79' lang='grc' dir='ltr'>ΕΡΩΤ.</span> <span class='ocrx_word' id='word_1_571' title='bbox 2799 3312 2903 3365; x_wconf 72' lang='grc' dir='ltr'><strong>ΝΘ</strong></span> <span class='ocrx_word' id='word_1_572' title='bbox 2920 3310 2986 3364; x_wconf 69' lang='grc'><strong>⁷⁸.</strong></span> 
     </span>
    </p>
   </div>
   <div class='ocr_carea' id='block_1_78' title="bbox 2014 3423 3579 3497">
    <p class='ocr_par' dir='ltr' id='par_1_78' title="bbox 2014 3423 3579 3497">
     <span class='ocr_line' id='line_1_78' title="bbox 2014 3423 3579 3497; baseline -0.005 -17"><span class='ocrx_word' id='word_1_573' title='bbox 2014 3425 2134 3495; x_wconf 75' lang='grc' dir='ltr'><strong>Τὴν</strong></span> <span class='ocrx_word' id='word_1_574' title='bbox 2163 3424 2482 3495; x_wconf 52' lang='lat' dir='ltr'><strong>aegrum-</strong></span> <span class='ocrx_word' id='word_1_575' title='bbox 2508 3441 2668 3497; x_wconf 76' lang='grc' dir='ltr'>τινες</span> <span class='ocrx_word' id='word_1_576' title='bbox 2715 3424 2833 3497; x_wconf 74' lang='grc' dir='ltr'><strong>τῶν</strong></span> <span class='ocrx_word' id='word_1_577' title='bbox 2873 3423 3258 3497; x_wconf 70' lang='grc' dir='ltr'>διδασκάλων</span> <span class='ocrx_word' id='word_1_578' title='bbox 3283 3423 3396 3497; x_wconf 82' lang='grc'>(77)</span> <span class='ocrx_word' id='word_1_579' title='bbox 3436 3424 3579 3496; x_wconf 70' lang='grc' dir='ltr'>ἔφη-</span> 
     </span>
    </p>
   </div>
   <div class='ocr_carea' id='block_1_79' title="bbox 2453 3491 3116 3566">
    <p class='ocr_par' dir='ltr' id='par_1_79' title="bbox 2453 3491 3116 3566">
     <span class='ocr_line' id='line_1_79' title="bbox 2453 3491 3116 3566; baseline 0.002 -18"><span class='ocrx_word' id='word_1_580' title='bbox 2453 3509 2578 3548; x_wconf 77' lang='grc' dir='ltr'>σαν</span> <span class='ocrx_word' id='word_1_581' title='bbox 2608 3495 2914 3566; x_wconf 69' lang='grc' dir='ltr'>ἄσϐεστον</span> <span class='ocrx_word' id='word_1_582' title='bbox 2943 3491 3116 3549; x_wconf 76' lang='grc' dir='ltr'>εἶναι.</span> 
     </span>
    </p>
   </div>
   <div class='ocr_carea' id='block_1_80' title="bbox 2077 3609 3584 3683">
    <p class='ocr_par' dir='ltr' id='par_1_80' title="bbox 2077 3609 3584 3683">
     <span class='ocr_line' id='line_1_80' title="bbox 2077 3609 3584 3683; baseline -0.003 -17"><span class='ocrx_word' id='word_1_583' title='bbox 2077 3613 2140 3682; x_wconf 77' lang='lat' dir='ltr'><strong>Oi</strong></span> <span class='ocrx_word' id='word_1_584' title='bbox 2170 3609 2511 3680; x_wconf 82' lang='grc' dir='ltr'>ἀγνοοῦντες,</span> <span class='ocrx_word' id='word_1_585' title='bbox 2539 3610 2612 3673; x_wconf 85' lang='grc' dir='ltr'>ὡς</span> <span class='ocrx_word' id='word_1_586' title='bbox 2641 3609 2809 3674; x_wconf 84' lang='grc' dir='ltr'>εἰκὸς,</span> <span class='ocrx_word' id='word_1_587' title='bbox 2844 3609 2945 3673; x_wconf 85' lang='grc' dir='ltr'>τὰς</span> <span class='ocrx_word' id='word_1_588' title='bbox 2981 3611 3040 3663; x_wconf 79' lang='grc' dir='ltr'>ὲν</span> <span class='ocrx_word' id='word_1_589' title='bbox 3077 3613 3144 3683; x_wconf 77' lang='grc' dir='ltr'>τῇ</span> <span class='ocrx_word' id='word_1_590' title='bbox 3187 3610 3447 3682; x_wconf 77' lang='grc' dir='ltr'>Ἀσσυρίᾳ</span> <span class='ocrx_word' id='word_1_591' title='bbox 3481 3627 3584 3680; x_wconf 81' lang='grc' dir='ltr'>πη-</span> 
     </span>
    </p>
   </div>
   <div class='ocr_carea' id='block_1_81' title="bbox 2005 3683 3578 3772">
    <p class='ocr_par' dir='ltr' id='par_1_81' title="bbox 2005 3683 3578 3772">
     <span class='ocr_line' id='line_1_81' title="bbox 2005 3683 3578 3772; baseline 0 -17"><span class='ocrx_word' id='word_1_592' title='bbox 2005 3683 2144 3770; x_wconf 78' lang='grc' dir='ltr'>γάς,</span> <span class='ocrx_word' id='word_1_593' title='bbox 2192 3699 2449 3772; x_wconf 74' lang='grc' dir='ltr'>ᾠήθησαν</span> <span class='ocrx_word' id='word_1_594' title='bbox 2488 3698 2739 3770; x_wconf 80' lang='grc' dir='ltr'>ἀσϐέστῳ</span> <span class='ocrx_word' id='word_1_595' title='bbox 2774 3697 2864 3751; x_wconf 90' lang='grc' dir='ltr'><strong>τὸν</strong></span> <span class='ocrx_word' id='word_1_596' title='bbox 2912 3697 3120 3770; x_wconf 82' lang='grc' dir='ltr'>πύργον</span> <span class='ocrx_word' id='word_1_597' title='bbox 3167 3699 3578 3772; x_wconf 82' lang='grc' dir='ltr'>ᾠκοδομείσθαι.</span> 
     </span>
    </p>
   </div>
   <div class='ocr_carea' id='block_1_82' title="bbox 2017 3787 3581 3862">
    <p class='ocr_par' dir='ltr' id='par_1_82' title="bbox 2017 3787 3581 3862">
     <span class='ocr_line' id='line_1_82' title="bbox 2017 3787 3581 3862; baseline 0 -18"><span class='ocrx_word' id='word_1_598' title='bbox 2017 3788 2287 3859; x_wconf 84' lang='grc' dir='ltr'>Ἀκριϐὦς</span> <span class='ocrx_word' id='word_1_599' title='bbox 2319 3787 2377 3842; x_wconf 82' lang='grc' dir='ltr'><strong>δὲ</strong></span> <span class='ocrx_word' id='word_1_600' title='bbox 2424 3787 2574 3858; x_wconf 79' lang='grc' dir='ltr'>παρὰ</span> <span class='ocrx_word' id='word_1_601' title='bbox 2616 3787 2726 3841; x_wconf 85' lang='grc' dir='ltr'><strong>τῶν</strong></span> <span class='ocrx_word' id='word_1_602' title='bbox 2765 3789 2976 3843; x_wconf 69' lang='grc' dir='ltr'>ἐκεῖθεν</span> <span class='ocrx_word' id='word_1_603' title='bbox 3020 3789 3369 3861; x_wconf 80' lang='grc' dir='ltr'>ἀφικομένων</span> <span class='ocrx_word' id='word_1_604' title='bbox 3405 3791 3581 3862; x_wconf 76' lang='grc' dir='ltr'>μεμάο</span> 
     </span>
    </p>
   </div>
   <div class='ocr_carea' id='block_1_83' title="bbox 2004 3878 3579 3952">
    <p class='ocr_par' dir='ltr' id='par_1_83' title="bbox 2004 3878 3579 3952">
     <span class='ocr_line' id='line_1_83' title="bbox 2004 3878 3579 3952; baseline 0.001 -19"><span class='ocrx_word' id='word_1_605' title='bbox 2004 3879 2167 3951; x_wconf 88' lang='grc' dir='ltr'>Θηκα,</span> <span class='ocrx_word' id='word_1_606' title='bbox 2199 3879 2276 3942; x_wconf 86' lang='grc' dir='ltr'>ὡς</span> <span class='ocrx_word' id='word_1_607' title='bbox 2304 3878 2411 3932; x_wconf 72' lang='grc' dir='ltr'>εἰσὶ</span> <span class='ocrx_word' id='word_1_608' title='bbox 2452 3879 2624 3949; x_wconf 80' lang='grc' dir='ltr'>πηγαὶ</span> <span class='ocrx_word' id='word_1_609' title='bbox 2653 3878 2856 3949; x_wconf 81' lang='grc' dir='ltr'>ταύτην</span> <span class='ocrx_word' id='word_1_610' title='bbox 2886 3879 3288 3944; x_wconf 74' lang='grc' dir='ltr'>ἀναϐλύζουσαι</span> <span class='ocrx_word' id='word_1_611' title='bbox 3323 3881 3422 3951; x_wconf 79' lang='grc' dir='ltr'><strong>τὴν</strong></span> <span class='ocrx_word' id='word_1_612' title='bbox 3447 3881 3579 3952; x_wconf 77' lang='grc' dir='ltr'>ὓλην</span> 
     </span>
    </p>
   </div>
   <div class='ocr_carea' id='block_1_84' title="bbox 2007 3969 3576 4044">
    <p class='ocr_par' dir='ltr' id='par_1_84' title="bbox 2007 3969 3576 4044">
     <span class='ocr_line' id='line_1_84' title="bbox 2007 3969 3576 4044; baseline 0.003 -20"><span class='ocrx_word' id='word_1_613' title='bbox 2007 3972 2127 4042; x_wconf 85' lang='grc' dir='ltr'>μεθ’</span> <span class='ocrx_word' id='word_1_614' title='bbox 2177 3969 2404 4034; x_wconf 70' lang='grc' dir='ltr'>ὓδατοςο</span> <span class='ocrx_word' id='word_1_615' title='bbox 2464 3972 2560 4025; x_wconf 79' lang='grc' dir='ltr'>καὶ</span> <span class='ocrx_word' id='word_1_616' title='bbox 2585 3971 2666 4024; x_wconf 83' lang='grc' dir='ltr'><strong>ὅτι</strong></span> <span class='ocrx_word' id='word_1_617' title='bbox 2697 3970 2901 4042; x_wconf 84' lang='grc' dir='ltr'>ταύτην</span> <span class='ocrx_word' id='word_1_618' title='bbox 2944 3974 3064 4036; x_wconf 86' lang='grc' dir='ltr'>ταῖς</span> <span class='ocrx_word' id='word_1_619' title='bbox 3092 3972 3426 4042; x_wconf 85' lang='grc' dir='ltr'>οἰκοδομίαις</span> <span class='ocrx_word' id='word_1_620' title='bbox 3469 3974 3576 4044; x_wconf 84' lang='grc'>(78)</span> 
     </span>
    </p>
   </div>
   <div class='ocr_carea' id='block_1_85' title="bbox 2005 4061 3577 4135">
    <p class='ocr_par' dir='ltr' id='par_1_85' title="bbox 2005 4061 3577 4135">
     <span class='ocr_line' id='line_1_85' title="bbox 2005 4061 3577 4135; baseline 0.001 -18"><span class='ocrx_word' id='word_1_621' title='bbox 2005 4061 2446 4132; x_wconf 87' lang='grc' dir='ltr'>συνυφαίνοντες,</span> <span class='ocrx_word' id='word_1_622' title='bbox 2486 4062 2582 4115; x_wconf 75' lang='grc' dir='ltr'>ὲπ).</span> <span class='ocrx_word' id='word_1_623' title='bbox 2611 4062 2811 4132; x_wconf 84' lang='grc' dir='ltr'>ταύτης</span> <span class='ocrx_word' id='word_1_624' title='bbox 2851 4063 2952 4133; x_wconf 83' lang='grc' dir='ltr'><strong>τὴν</strong></span> <span class='ocrx_word' id='word_1_625' title='bbox 2991 4062 3326 4135; x_wconf 81' lang='grc' dir='ltr'>ὠπτημένην</span> <span class='ocrx_word' id='word_1_626' title='bbox 3363 4066 3577 4118; x_wconf 88' lang='grc' dir='ltr'>συνετί-</span> 
     </span>
    </p>
   </div>
   <div class='ocr_carea' id='block_1_86' title="bbox 2003 4154 3575 4229">
    <p class='ocr_par' dir='ltr' id='par_1_86' title="bbox 2003 4154 3575 4229">
     <span class='ocr_line' id='line_1_86' title="bbox 2003 4154 3575 4229; baseline 0.001 -20"><span class='ocrx_word' id='word_1_627' title='bbox 2003 4156 2166 4210; x_wconf 85' lang='grc' dir='ltr'>θεσαν</span> <span class='ocrx_word' id='word_1_628' title='bbox 2203 4155 2444 4209; x_wconf 84' lang='grc' dir='ltr'>πλίνθον.</span> <span class='ocrx_word' id='word_1_629' title='bbox 2479 4154 2636 4208; x_wconf 80' lang='grc' dir='ltr'>Οὕτω</span> <span class='ocrx_word' id='word_1_630' title='bbox 2674 4156 2769 4208; x_wconf 72' lang='grc' dir='ltr'><strong>καὶ</strong></span> <span class='ocrx_word' id='word_1_631' title='bbox 2803 4156 2894 4209; x_wconf 84' lang='grc' dir='ltr'><strong>τὸν</strong></span> <span class='ocrx_word' id='word_1_632' title='bbox 2941 4157 3150 4228; x_wconf 83' lang='grc' dir='ltr'>πύργον</span> <span class='ocrx_word' id='word_1_633' title='bbox 3189 4156 3575 4229; x_wconf 81' lang='grc' dir='ltr'>ᾠκοδομῆσθαι</span> 
     </span>
    </p>
   </div>
   <div class='ocr_carea' id='block_1_87' title="bbox 2003 4246 3573 4321">
    <p class='ocr_par' dir='ltr' id='par_1_87' title="bbox 2003 4246 3573 4321">
     <span class='ocr_line' id='line_1_87' title="bbox 2003 4246 3573 4321; baseline -0.003 -19"><span class='ocrx_word' id='word_1_634' title='bbox 2003 4264 2162 4317; x_wconf 85' lang='grc' dir='ltr'>φασι,</span> <span class='ocrx_word' id='word_1_635' title='bbox 2186 4248 2283 4300; x_wconf 73' lang='grc' dir='ltr'><strong>καὶ</strong></span> <span class='ocrx_word' id='word_1_636' title='bbox 2305 4248 2356 4300; x_wconf 79' lang='lat' dir='ltr'><strong>oi</strong></span> <span class='ocrx_word' id='word_1_637' title='bbox 2379 4246 2647 4300; x_wconf 79' lang='grc' dir='ltr'>αὐτόπται</span> <span class='ocrx_word' id='word_1_638' title='bbox 2683 4247 2872 4302; x_wconf 80' lang='grc' dir='ltr'>τούτου</span> <span class='ocrx_word' id='word_1_639' title='bbox 2912 4247 3216 4321; x_wconf 48' lang='grc' dir='ltr'>διαρρῆξαί,</span> <span class='ocrx_word' id='word_1_640' title='bbox 3240 4266 3292 4302; x_wconf 89' lang='grc' dir='ltr'><strong>τι</strong></span> <span class='ocrx_word' id='word_1_641' title='bbox 3337 4250 3502 4321; x_wconf 85' lang='grc' dir='ltr'>μέρος</span> <span class='ocrx_word' id='word_1_642' title='bbox 3527 4252 3573 4282; x_wconf 79' lang='grc'><strong>⁷³</strong></span> 
     </span>
    </p>
   </div>
   <div class='ocr_carea' id='block_1_88' title="bbox 2005 4337 3574 4410">
    <p class='ocr_par' dir='ltr' id='par_1_88' title="bbox 2005 4337 3574 4410">
     <span class='ocr_line' id='line_1_88' title="bbox 2005 4337 3574 4410; baseline 0.003 -20"><span class='ocrx_word' id='word_1_643' title='bbox 2005 4337 2388 4409; x_wconf 81' lang='grc' dir='ltr'>ἰσχυρίσαντο,</span> <span class='ocrx_word' id='word_1_644' title='bbox 2420 4339 2514 4391; x_wconf 76' lang='grc' dir='ltr'>καὶ</span> <span class='ocrx_word' id='word_1_645' title='bbox 2553 4337 2799 4408; x_wconf 80' lang='grc' dir='ltr'>ἀκριϐῶς</span> <span class='ocrx_word' id='word_1_646' title='bbox 2825 4337 3153 4405; x_wconf 83' lang='grc' dir='ltr'>διαγνῶναι,</span> <span class='ocrx_word' id='word_1_647' title='bbox 3189 4339 3263 4404; x_wconf 85' lang='grc' dir='ltr'>ὡς</span> <span class='ocrx_word' id='word_1_648' title='bbox 3299 4341 3574 4410; x_wconf 81' lang='grc' dir='ltr'>ἄσφαλτος</span> 
     </span>
    </p>
   </div>
   <div class='ocr_carea' id='block_1_89' title="bbox 322 4427 1931 4502">
    <p class='ocr_par' dir='ltr' id='par_1_89' title="bbox 322 4431 1931 4502">
     <span class='ocr_line' id='line_1_89' title="bbox 322 4431 1931 4502; baseline -0.001 -16"><span class='ocrx_word' id='word_1_649' title='bbox 322 4432 580 4488; x_wconf 82' lang='lat' dir='ltr'><strong>lateribus</strong></span> <span class='ocrx_word' id='word_1_650' title='bbox 611 4433 948 4487; x_wconf 87' lang='lat' dir='ltr'><strong>substratum</strong></span> <span class='ocrx_word' id='word_1_651' title='bbox 979 4450 993 4486; x_wconf 90' lang='lat'><strong>:</strong></span> <span class='ocrx_word' id='word_1_652' title='bbox 1027 4441 1334 4488; x_wconf 87' lang='lat' dir='ltr'><strong>asserentes</strong></span> <span class='ocrx_word' id='word_1_653' title='bbox 1379 4432 1584 4502; x_wconf 85' lang='lat' dir='ltr'><strong>alioqui</strong></span> <span class='ocrx_word' id='word_1_654' title='bbox 1614 4431 1894 4501; x_wconf 88' lang='lat' dir='ltr'><strong>penuriam</strong></span> <span class='ocrx_word' id='word_1_655' title='bbox 1929 4448 1931 4500; x_wconf 74' lang='grc' dir='ltr'>ζ</span> 
     </span>
    </p>
   </div>
   <div class='ocr_carea' id='block_1_90' title="bbox 2012 4427 3572 4502">
    <p class='ocr_par' dir='ltr' id='par_1_90' title="bbox 2012 4427 3572 4499">
     <span class='ocr_line' id='line_1_90' title="bbox 2012 4427 3572 4499; baseline 0.003 -18"><span class='ocrx_word' id='word_1_656' title='bbox 2012 4431 2120 4491; x_wconf 76' lang='grc' dir='ltr'>ταῖς</span> <span class='ocrx_word' id='word_1_657' title='bbox 2153 4427 2509 4498; x_wconf 83' lang='grc' dir='ltr'>ὡπτημέναις</span> <span class='ocrx_word' id='word_1_658' title='bbox 2554 4429 2904 4499; x_wconf 75' lang='grc' dir='ltr'>ὑπέστρωται</span> <span class='ocrx_word' id='word_1_659' title='bbox 2959 4429 3221 4494; x_wconf 81' lang='grc' dir='ltr'>πλίνθοις.</span> <span class='ocrx_word' id='word_1_660' title='bbox 3271 4432 3481 4496; x_wconf 82' lang='grc' dir='ltr'>Ἀλλως</span> <span class='ocrx_word' id='word_1_661' title='bbox 3513 4450 3572 4486; x_wconf 87' lang='grc' dir='ltr'><strong>τε</strong></span> 
     </span>
    </p>
   </div>
   <div class='ocr_carea' id='block_1_91' title="bbox 321 4524 1896 4596">
    <p class='ocr_par' dir='ltr' id='par_1_91' title="bbox 321 4524 1896 4596">
     <span class='ocr_line' id='line_1_91' title="bbox 321 4524 1896 4596; baseline 0.002 -20"><span class='ocrx_word' id='word_1_662' title='bbox 321 4538 444 4577; x_wconf 86' lang='lat' dir='ltr'><strong>esse</strong></span> <span class='ocrx_word' id='word_1_663' title='bbox 480 4525 718 4593; x_wconf 87' lang='lat' dir='ltr'><strong>lapidum</strong></span> <span class='ocrx_word' id='word_1_664' title='bbox 757 4525 811 4579; x_wconf 91' lang='lat' dir='ltr'><strong>in</strong></span> <span class='ocrx_word' id='word_1_665' title='bbox 850 4525 1094 4596; x_wconf 80' lang='lat' dir='ltr'><strong>Assyria,</strong></span> <span class='ocrx_word' id='word_1_666' title='bbox 1125 4533 1178 4580; x_wconf 81' lang='lat' dir='ltr'><strong>et</strong></span> <span class='ocrx_word' id='word_1_667' title='bbox 1216 4525 1288 4580; x_wconf 88' lang='lat' dir='ltr'><strong>ob</strong></span> <span class='ocrx_word' id='word_1_668' title='bbox 1326 4540 1446 4580; x_wconf 88' lang='lat' dir='ltr'><strong>eam</strong></span> <span class='ocrx_word' id='word_1_669' title='bbox 1488 4540 1604 4578; x_wconf 88' lang='lat' dir='ltr'><strong>rem</strong></span> <span class='ocrx_word' id='word_1_670' title='bbox 1635 4524 1896 4579; x_wconf 85' lang='lat' dir='ltr'><strong>lateribus</strong></span> 
     </span>
    </p>
   </div>
   <div class='ocr_carea' id='block_1_92' title="bbox 324 4614 1896 4689">
    <p class='ocr_par' dir='ltr' id='par_1_92' title="bbox 324 4614 1896 4689">
     <span class='ocr_line' id='line_1_92' title="bbox 324 4614 1896 4689; baseline 0.004 -23"><span class='ocrx_word' id='word_1_671' title='bbox 324 4614 402 4667; x_wconf 91' lang='lat' dir='ltr'><strong>uti</strong></span> <span class='ocrx_word' id='word_1_672' title='bbox 441 4631 537 4683; x_wconf 90' lang='lat' dir='ltr'><strong>pro</strong></span> <span class='ocrx_word' id='word_1_673' title='bbox 587 4616 881 4686; x_wconf 78' lang='lat' dir='ltr'><strong>lapidibus.</strong></span> <span class='ocrx_word' id='word_1_674' title='bbox 931 4617 1096 4689; x_wconf 84' lang='lat' dir='ltr'><strong>Atqui</strong></span> <span class='ocrx_word' id='word_1_675' title='bbox 1142 4617 1262 4673; x_wconf 90' lang='lat' dir='ltr'><strong>sine</strong></span> <span class='ocrx_word' id='word_1_676' title='bbox 1305 4616 1574 4687; x_wconf 89' lang='lat' dir='ltr'><strong>lapidibus</strong></span> <span class='ocrx_word' id='word_1_677' title='bbox 1621 4617 1896 4687; x_wconf 86' lang='lat' dir='ltr'><strong>quomodo</strong></span> 
     </span>
    </p>
   </div>
   <div class='ocr_carea' id='block_1_93' title="bbox 321 4705 1071 4778">
    <p class='ocr_par' dir='ltr' id='par_1_93' title="bbox 321 4705 1071 4778">
     <span class='ocr_line' id='line_1_93' title="bbox 321 4705 1071 4778; baseline 0.011 -19"><span class='ocrx_word' id='word_1_678' title='bbox 321 4706 441 4760; x_wconf 80' lang='lat' dir='ltr'><strong>Calx</strong></span> <span class='ocrx_word' id='word_1_679' title='bbox 473 4705 592 4760; x_wconf 83' lang='lat' dir='ltr'><strong>viva</strong></span> <span class='ocrx_word' id='word_1_680' title='bbox 631 4709 824 4762; x_wconf 80' lang='lat' dir='ltr'><strong>conﬁci</strong></span> <span class='ocrx_word' id='word_1_681' title='bbox 854 4711 1071 4778; x_wconf 79' lang='lat' dir='ltr'><strong>possit?</strong></span> 
     </span>
    </p>
   </div>
   <div class='ocr_carea' id='block_1_94' title="bbox 388 4853 878 4922">
    <p class='ocr_par' dir='ltr' id='par_1_94' title="bbox 388 4853 878 4922">
     <span class='ocr_line' id='line_1_94' title="bbox 388 4853 878 4922; baseline 0.002 -12"><span class='ocrx_word' id='word_1_682' title='bbox 388 4854 418 4896; x_wconf 71' lang='grc' dir='ltr'><strong><em>ἀ</em></strong></span> <span class='ocrx_word' id='word_1_683' title='bbox 458 4853 593 4910; x_wconf 85' lang='lat' dir='ltr'><strong>Gen.</strong></span> <span class='ocrx_word' id='word_1_684' title='bbox 657 4872 732 4922; x_wconf 79' lang='lat' dir='ltr'><strong>Ix,</strong></span> <span class='ocrx_word' id='word_1_685' title='bbox 785 4856 878 4911; x_wconf 77' lang='lat'><strong>26.</strong></span> 
     </span>
    </p>
   </div>
   <div class='ocr_carea' id='block_1_95' title="bbox 2000 4515 3571 4593">
    <p class='ocr_par' dir='ltr' id='par_1_95' title="bbox 2000 4515 3571 4593">
     <span class='ocr_line' id='line_1_95' title="bbox 2000 4515 3571 4593; baseline 0.001 -19"><span class='ocrx_word' id='word_1_686' title='bbox 2000 4520 2095 4574; x_wconf 69' lang='grc' dir='ltr'>καὶ</span> <span class='ocrx_word' id='word_1_687' title='bbox 2145 4518 2308 4573; x_wconf 82' lang='grc' dir='ltr'>λίθων</span> <span class='ocrx_word' id='word_1_688' title='bbox 2353 4515 2493 4574; x_wconf 74' lang='grc' dir='ltr'>εἶναι</span> <span class='ocrx_word' id='word_1_689' title='bbox 2541 4520 2740 4574; x_wconf 81' lang='grc' dir='ltr'>σπάνιν</span> <span class='ocrx_word' id='word_1_690' title='bbox 2769 4521 2828 4572; x_wconf 76' lang='grc' dir='ltr'>ἐν</span> <span class='ocrx_word' id='word_1_691' title='bbox 2859 4523 2928 4592; x_wconf 72' lang='grc' dir='ltr'>τῇ</span> <span class='ocrx_word' id='word_1_692' title='bbox 2983 4521 3246 4593; x_wconf 77' lang='grc' dir='ltr'>Ἀσσυρίᾳ</span> <span class='ocrx_word' id='word_1_693' title='bbox 3284 4524 3436 4591; x_wconf 71' lang='grc' dir='ltr'>φασὶ,</span> <span class='ocrx_word' id='word_1_694' title='bbox 3477 4523 3571 4576; x_wconf 79' lang='grc' dir='ltr'><strong>καὶ</strong></span> 
     </span>
    </p>
   </div>
   <div class='ocr_carea' id='block_1_96' title="bbox 1998 4611 3569 4687">
    <p class='ocr_par' dir='ltr' id='par_1_96' title="bbox 1998 4611 3569 4687">
     <span class='ocr_line' id='line_1_96' title="bbox 1998 4611 3569 4687; baseline 0.002 -21"><span class='ocrx_word' id='word_1_695' title='bbox 1998 4612 2085 4666; x_wconf 86' lang='grc' dir='ltr'>διὰ</span> <span class='ocrx_word' id='word_1_696' title='bbox 2109 4611 2265 4666; x_wconf 82' lang='grc' dir='ltr'>τοῦτο</span> <span class='ocrx_word' id='word_1_697' title='bbox 2292 4615 2411 4675; x_wconf 75' lang='grc' dir='ltr'>ταῖς</span> <span class='ocrx_word' id='word_1_698' title='bbox 2440 4611 2683 4676; x_wconf 79' lang='grc' dir='ltr'>πλίνθοις</span> <span class='ocrx_word' id='word_1_699' title='bbox 2703 4613 2824 4666; x_wconf 71' lang='grc' dir='ltr'>ἀντὶ</span> <span class='ocrx_word' id='word_1_700' title='bbox 2849 4613 3015 4667; x_wconf 77' lang='grc' dir='ltr'>λίθων</span> <span class='ocrx_word' id='word_1_701' title='bbox 3035 4615 3338 4687; x_wconf 84' lang='grc' dir='ltr'>κεχρῆσθαι</span> <span class='ocrx_word' id='word_1_702' title='bbox 3359 4631 3373 4648; x_wconf 83' lang='lat'><strong><em>°</em></strong></span> <span class='ocrx_word' id='word_1_703' title='bbox 3405 4614 3569 4669; x_wconf 85' lang='grc' dir='ltr'>λίθων</span> 
     </span>
    </p>
   </div>
   <div class='ocr_carea' id='block_1_97' title="bbox 1996 4703 3008 4776">
    <p class='ocr_par' dir='ltr' id='par_1_97' title="bbox 1996 4703 3008 4776">
     <span class='ocr_line' id='line_1_97' title="bbox 1996 4703 3008 4776; baseline 0.002 -17"><span class='ocrx_word' id='word_1_704' title='bbox 1996 4705 2055 4759; x_wconf 85' lang='grc' dir='ltr'>δὲ</span> <span class='ocrx_word' id='word_1_705' title='bbox 2083 4704 2207 4776; x_wconf 83' lang='grc' dir='ltr'>δίχα</span> <span class='ocrx_word' id='word_1_706' title='bbox 2241 4703 2355 4768; x_wconf 84' lang='grc' dir='ltr'><strong>πῶς</strong></span> <span class='ocrx_word' id='word_1_707' title='bbox 2383 4704 2453 4758; x_wconf 82' lang='grc' dir='ltr'><strong>ἂν</strong></span> <span class='ocrx_word' id='word_1_708' title='bbox 2476 4704 2688 4772; x_wconf 82' lang='grc' dir='ltr'>γένοιτο</span> <span class='ocrx_word' id='word_1_709' title='bbox 2711 4704 3008 4772; x_wconf 83' lang='grc' dir='ltr'>άσϐεστος;</span> 
     </span>
    </p>
   </div>
   <div class='ocr_carea' id='block_1_98' title="bbox 1169 4969 2690 5034">
    <p class='ocr_par' dir='ltr' id='par_1_98' title="bbox 1169 4969 2690 5034">
     <span class='ocr_line' id='line_1_98' title="bbox 1169 4969 2690 5034; baseline 0.004 -6"><span class='ocrx_word' id='word_1_710' title='bbox 1169 4970 1403 5028; x_wconf 59' lang='grc' dir='ltr'><strong>ἾΑΒΙΔΕ</strong></span> <span class='ocrx_word' id='word_1_711' title='bbox 1435 4969 1822 5029; x_wconf 79' lang='lat' dir='ltr'><strong>LECTIONES</strong></span> <span class='ocrx_word' id='word_1_712' title='bbox 1869 4972 1957 5029; x_wconf 81' lang='lat' dir='ltr'><strong>EX</strong></span> <span class='ocrx_word' id='word_1_713' title='bbox 1997 4975 2274 5031; x_wconf 81' lang='lat' dir='ltr'><strong>CATENA</strong></span> <span class='ocrx_word' id='word_1_714' title='bbox 2327 4975 2690 5034; x_wconf 76' lang='lat' dir='ltr'><strong>LlPSlENSl.</strong></span> 
     </span>
    </p>
   </div>
   <div class='ocr_carea' id='block_1_99' title="bbox 386 5113 588 5166">
    <p class='ocr_par' dir='ltr' id='par_1_99' title="bbox 386 5113 588 5166">
     <span class='ocr_line' id='line_1_99' title="bbox 386 5113 588 5166; baseline -0.01 0"><span class='ocrx_word' id='word_1_715' title='bbox 386 5113 434 5145; x_wconf 80' lang='grc'>⁷³</span> <span class='ocrx_word' id='word_1_716' title='bbox 467 5113 588 5166; x_wconf 85' lang='lat' dir='ltr'><strong>Cat.</strong></span> 
     </span>
    </p>
   </div>
   <div class='ocr_carea' id='block_1_100' title="bbox 317 5182 1764 5261">
    <p class='ocr_par' dir='ltr' id='par_1_100' title="bbox 317 5182 1764 5261">
     <span class='ocr_line' id='line_1_100' title="bbox 317 5182 1764 5261; baseline 0.003 -21"><span class='ocrx_word' id='word_1_717' title='bbox 317 5182 386 5240; x_wconf 81' lang='grc'>60</span> <span class='ocrx_word' id='word_1_718' title='bbox 417 5193 470 5238; x_wconf 90' lang='lat' dir='ltr'><strong>et</strong></span> <span class='ocrx_word' id='word_1_719' title='bbox 490 5182 579 5238; x_wconf 83' lang='lat' dir='ltr'><strong>Gl.</strong></span> <span class='ocrx_word' id='word_1_720' title='bbox 647 5184 693 5216; x_wconf 86' lang='grc'><strong>⁷⁵</strong></span> <span class='ocrx_word' id='word_1_721' title='bbox 727 5183 848 5239; x_wconf 88' lang='lat' dir='ltr'><strong>Cat.</strong></span> <span class='ocrx_word' id='word_1_722' title='bbox 879 5182 934 5254; x_wconf 73' lang='grc' dir='ltr'>ρ.</span> <span class='ocrx_word' id='word_1_723' title='bbox 978 5184 1100 5240; x_wconf 75' lang='grc'>175.</span> <span class='ocrx_word' id='word_1_724' title='bbox 1126 5187 1220 5239; x_wconf 73' lang='grc' dir='ltr'>καὶ</span> <span class='ocrx_word' id='word_1_725' title='bbox 1240 5187 1481 5260; x_wconf 80' lang='grc' dir='ltr'>διορύξαι</span> <span class='ocrx_word' id='word_1_726' title='bbox 1504 5182 1764 5261; x_wconf 66' lang='grc' dir='ltr'>τιμέρός.</span> 
     </span>
    </p>
   </div>
   <div class='ocr_carea' id='block_1_101' title="bbox 639 5112 1931 5198">
    <p class='ocr_par' dir='ltr' id='par_1_101' title="bbox 639 5112 1931 5198">
     <span class='ocr_line' id='line_1_101' title="bbox 639 5112 1931 5198; baseline -0.002 0"><span class='ocrx_word' id='word_1_727' title='bbox 639 5127 694 5198; x_wconf 64' lang='lat'><strong>:2.-</strong></span> <span class='ocrx_word' id='word_1_728' title='bbox 727 5112 848 5198; x_wconf 57' lang='grc' dir='ltr'><strong>ιδξο</strong></span> <span class='ocrx_word' id='word_1_729' title='bbox 870 5113 1144 5198; x_wconf 50' lang='lat' dir='ltr'><strong>«esse</strong></span> <span class='ocrx_word' id='word_1_730' title='bbox 1173 5117 1267 5198; x_wconf 49' lang='lat'><strong>6:4</strong></span> <span class='ocrx_word' id='word_1_731' title='bbox 1480 5118 1833 5198; x_wconf 68' lang='grc' dir='ltr'><strong>παρέῖτεμψεο</strong></span> <span class='ocrx_word' id='word_1_732' title='bbox 1914 5120 1931 5152; x_wconf 72' lang='grc' dir='ltr'><strong>τ</strong></span> 
     </span>
    </p>
   </div>
   <div class='ocr_carea' id='block_1_102' title="bbox 2012 5112 3561 5198">
    <p class='ocr_par' dir='ltr' id='par_1_102' title="bbox 2012 5120 3561 5198">
     <span class='ocr_line' id='line_1_102' title="bbox 2012 5120 3561 5198; baseline 0.005 -22"><span class='ocrx_word' id='word_1_733' title='bbox 2012 5120 2195 5188; x_wconf 74' lang='lat' dir='ltr'><strong>)uaest.</strong></span> <span class='ocrx_word' id='word_1_734' title='bbox 2260 5123 2330 5181; x_wconf 84' lang='lat'><strong>59</strong></span> <span class='ocrx_word' id='word_1_735' title='bbox 2382 5124 2438 5179; x_wconf 92' lang='lat' dir='ltr'><strong>in</strong></span> <span class='ocrx_word' id='word_1_736' title='bbox 2489 5133 2599 5180; x_wconf 85' lang='lat' dir='ltr'><strong>cat.</strong></span> <span class='ocrx_word' id='word_1_737' title='bbox 2648 5138 2704 5195; x_wconf 79' lang='grc' dir='ltr'>ρ.</span> <span class='ocrx_word' id='word_1_738' title='bbox 2767 5125 2871 5181; x_wconf 75' lang='grc'>175</span> <span class='ocrx_word' id='word_1_739' title='bbox 2915 5126 3136 5196; x_wconf 85' lang='lat' dir='ltr'><strong>ponitur</strong></span> <span class='ocrx_word' id='word_1_740' title='bbox 3186 5135 3314 5198; x_wconf 89' lang='lat' dir='ltr'><strong>post</strong></span> <span class='ocrx_word' id='word_1_741' title='bbox 3368 5139 3561 5198; x_wconf 80' lang='lat' dir='ltr'><strong>quaest.</strong></span> 
     </span>
    </p>
   </div>
   <div class='ocr_carea' id='block_1_103' title="bbox 1850 5306 2076 5363">
    <p class='ocr_par' dir='ltr' id='par_1_103' title="bbox 1850 5306 2076 5363">
     <span class='ocr_line' id='line_1_103' title="bbox 1850 5306 2076 5363; baseline 0.004 -1"><span class='ocrx_word' id='word_1_742' title='bbox 1850 5306 2076 5363; x_wconf 69' lang='grc' dir='ltr'><strong>ΝΟΤΛΕ.</strong></span> 
     </span>
    </p>
   </div>
   <div class='ocr_carea' id='block_1_104' title="bbox 409 5415 1227 5488">
    <p class='ocr_par' dir='ltr' id='par_1_104' title="bbox 409 5415 1227 5488">
     <span class='ocr_line' id='line_1_104' title="bbox 409 5415 1227 5488; baseline 0.006 -18"><span class='ocrx_word' id='word_1_743' title='bbox 409 5416 500 5488; x_wconf 53' lang='lat' dir='ltr'><strong>fili)</strong></span> <span class='ocrx_word' id='word_1_744' title='bbox 535 5415 671 5488; x_wconf 86' lang='lat' dir='ltr'><strong>Cod.</strong></span> <span class='ocrx_word' id='word_1_745' title='bbox 711 5427 766 5472; x_wconf 92' lang='lat' dir='ltr'><strong>et</strong></span> <span class='ocrx_word' id='word_1_746' title='bbox 783 5417 896 5488; x_wconf 81' lang='lat' dir='ltr'><strong>Pic.</strong></span> <span class='ocrx_word' id='word_1_747' title='bbox 925 5417 1227 5483; x_wconf 77' lang='grc' dir='ltr'>ὑπέδειξεν.</span> 
     </span>
    </p>
   </div>
   <div class='ocr_carea' id='block_1_105' title="bbox 412 5486 1875 5562">
    <p class='ocr_par' dir='ltr' id='par_1_105' title="bbox 412 5486 1875 5562">
     <span class='ocr_line' id='line_1_105' title="bbox 412 5486 1875 5562; baseline 0.008 -25"><span class='ocrx_word' id='word_1_748' title='bbox 412 5486 500 5562; x_wconf 62' lang='lat'><strong>7:1)</strong></span> <span class='ocrx_word' id='word_1_749' title='bbox 537 5487 700 5562; x_wconf 78' lang='grc' dir='ltr'>Τινὲς</span> <span class='ocrx_word' id='word_1_750' title='bbox 758 5487 878 5541; x_wconf 78' lang='grc' dir='ltr'><strong>τῶν</strong></span> <span class='ocrx_word' id='word_1_751' title='bbox 921 5488 1618 5562; x_wconf 42' lang='grc' dir='ltr'>διδασκὰλςεηνειιοίιιωιιε</span> <span class='ocrx_word' id='word_1_752' title='bbox 1651 5494 1875 5562; x_wconf 90' lang='lat' dir='ltr'><strong>scilicet,</strong></span> 
     </span>
    </p>
   </div>
   <div class='ocr_carea' id='block_1_106' title="bbox 317 5555 1877 5633">
    <p class='ocr_par' dir='ltr' id='par_1_106' title="bbox 317 5555 1877 5633">
     <span class='ocr_line' id='line_1_106' title="bbox 317 5555 1877 5633; baseline 0.008 -26"><span class='ocrx_word' id='word_1_753' title='bbox 317 5564 377 5633; x_wconf 57' lang='lat' dir='ltr'><strong>ut</strong></span> <span class='ocrx_word' id='word_1_754' title='bbox 439 5555 610 5633; x_wconf 69' lang='lat' dir='ltr'><strong>Syrus</strong></span> <span class='ocrx_word' id='word_1_755' title='bbox 675 5561 967 5633; x_wconf 54' lang='lat' dir='ltr'><strong>interpres,</strong></span> <span class='ocrx_word' id='word_1_756' title='bbox 1027 5571 1087 5612; x_wconf 93' lang='lat' dir='ltr'><strong>ut</strong></span> <span class='ocrx_word' id='word_1_757' title='bbox 1121 5575 1174 5633; x_wconf 89' lang='lat' dir='ltr'><strong>_e_</strong></span> <span class='ocrx_word' id='word_1_758' title='bbox 1220 5560 1482 5633; x_wconf 70' lang='lat' dir='ltr'><strong>Diodoro</strong></span> <span class='ocrx_word' id='word_1_759' title='bbox 1515 5565 1700 5633; x_wconf 90' lang='lat' dir='ltr'><strong>liquet.</strong></span> <span class='ocrx_word' id='word_1_760' title='bbox 1745 5555 1877 5620; x_wconf 79' lang='lat' dir='ltr'><strong>Vide</strong></span> 
     </span>
    </p>
   </div>
   <div class='ocr_carea' id='block_1_107' title="bbox 1988 5416 3564 5493">
    <p class='ocr_par' dir='ltr' id='par_1_107' title="bbox 1988 5416 3564 5493">
     <span class='ocr_line' id='line_1_107' title="bbox 1988 5416 3564 5493; baseline -0.002 -16"><span class='ocrx_word' id='word_1_761' title='bbox 1988 5424 2112 5493; x_wconf 79' lang='lat' dir='ltr'><strong>gine</strong></span> <span class='ocrx_word' id='word_1_762' title='bbox 2130 5430 2308 5478; x_wconf 91' lang='lat' dir='ltr'><strong>autem</strong></span> <span class='ocrx_word' id='word_1_763' title='bbox 2357 5422 2501 5477; x_wconf 87' lang='lat' dir='ltr'><strong>hanc</strong></span> <span class='ocrx_word' id='word_1_764' title='bbox 2542 5423 2781 5478; x_wconf 84' lang='lat' dir='ltr'><strong>notulam</strong></span> <span class='ocrx_word' id='word_1_765' title='bbox 2840 5422 3094 5493; x_wconf 87' lang='lat' dir='ltr'><strong>apposuit</strong></span> <span class='ocrx_word' id='word_1_766' title='bbox 3143 5421 3357 5493; x_wconf 76' lang='lat' dir='ltr'><strong>Picus;</strong></span> <span class='ocrx_word' id='word_1_767' title='bbox 3398 5438 3418 5473; x_wconf 74' lang='grc' dir='ltr'>ι</span> <span class='ocrx_word' id='word_1_768' title='bbox 3465 5416 3564 5474; x_wconf 92' lang='lat' dir='ltr'><strong>llic</strong></span> 
     </span>
    </p>
   </div>
   <div class='ocr_carea' id='block_1_108' title="bbox 1985 5491 3554 5564">
    <p class='ocr_par' dir='ltr' id='par_1_108' title="bbox 1985 5491 3554 5564">
     <span class='ocr_line' id='line_1_108' title="bbox 1985 5491 3554 5564; baseline -0.006 -16"><span class='ocrx_word' id='word_1_769' title='bbox 1985 5491 2203 5548; x_wconf 56' lang='lat' dir='ltr'><strong>ridetur</strong></span> <span class='ocrx_word' id='word_1_770' title='bbox 2243 5494 2490 5564; x_wconf 79' lang='lat' dir='ltr'><strong>ponenda</strong></span> <span class='ocrx_word' id='word_1_771' title='bbox 2516 5495 2634 5564; x_wconf 77' lang='lat' dir='ltr'><strong>_alia</strong></span> <span class='ocrx_word' id='word_1_772' title='bbox 2668 5491 2927 5564; x_wconf 32' lang='lat' dir='ltr'><strong>quastio,‘</strong></span> <span class='ocrx_word' id='word_1_773' title='bbox 2958 5493 3164 5564; x_wconf 17' lang='lat' dir='ltr'><strong>Tliéﬂt</strong></span> <span class='ocrx_word' id='word_1_774' title='bbox 3194 5491 3486 5564; x_wconf 76' lang='grc' dir='ltr'>ἄσφαλτος.</span> <span class='ocrx_word' id='word_1_775' title='bbox 3534 5506 3554 5539; x_wconf 84' lang='grc'><strong><em>›</em></strong></span> 
     </span>
    </p>
   </div>
   <div class='ocr_carea' id='block_1_109' title="bbox 2059 5561 3554 5635">
    <p class='ocr_par' dir='ltr' id='par_1_109' title="bbox 2059 5561 3554 5635">
     <span class='ocr_line' id='line_1_109' title="bbox 2059 5561 3554 5635; baseline -0.002 -20"><span class='ocrx_word' id='word_1_776' title='bbox 2059 5564 2173 5635; x_wconf 87' lang='grc'>(78)</span> <span class='ocrx_word' id='word_1_777' title='bbox 2201 5562 2333 5629; x_wconf 84' lang='grc' dir='ltr'>Ταῖς</span> <span class='ocrx_word' id='word_1_778' title='bbox 2355 5562 2556 5635; x_wconf 14' lang='grc' dir='ltr'>κρίκοδ.</span> <span class='ocrx_word' id='word_1_779' title='bbox 2589 5561 2724 5635; x_wconf 77' lang='lat' dir='ltr'><strong>Cod.</strong></span> <span class='ocrx_word' id='word_1_780' title='bbox 2757 5568 2874 5627; x_wconf 87' lang='grc' dir='ltr'>ταῖς</span> <span class='ocrx_word' id='word_1_781' title='bbox 2901 5565 2957 5619; x_wconf 81' lang='grc' dir='ltr'>ὲν</span> <span class='ocrx_word' id='word_1_782' title='bbox 2986 5563 3172 5618; x_wconf 75' lang='grc' dir='ltr'>ὕδασιν</span> <span class='ocrx_word' id='word_1_783' title='bbox 3195 5561 3554 5630; x_wconf 83' lang='grc' dir='ltr'>οἰκοδομίαις,</span> 
     </span>
    </p>
   </div>
   <div class='ocr_carea' id='block_1_110' title="bbox 316 5622 1931 5704">
    <p class='ocr_par' dir='ltr' id='par_1_110' title="bbox 316 5622 1868 5704">
     <span class='ocr_line' id='line_1_110' title="bbox 316 5622 1868 5704; baseline 0.01 -30"><span class='ocrx_word' id='word_1_784' title='bbox 316 5622 508 5704; x_wconf 52' lang='grc' dir='ltr'>Μοιιιίτ.</span> <span class='ocrx_word' id='word_1_785' title='bbox 564 5627 786 5704; x_wconf 75' lang='lat' dir='ltr'><strong>Hexapl.</strong></span> <span class='ocrx_word' id='word_1_786' title='bbox 822 5622 986 5704; x_wconf 55' lang='lat' dir='ltr'><strong>&#39;Orig.</strong></span> <span class='ocrx_word' id='word_1_787' title='bbox 1018 5646 1070 5698; x_wconf 91' lang='lat' dir='ltr'><strong>p.</strong></span> <span class='ocrx_word' id='word_1_788' title='bbox 1113 5629 1201 5681; x_wconf 71' lang='grc'>27.</span> <span class='ocrx_word' id='word_1_789' title='bbox 1254 5629 1311 5682; x_wconf 91' lang='lat' dir='ltr'><strong>In</strong></span> <span class='ocrx_word' id='word_1_790' title='bbox 1359 5622 1593 5704; x_wconf 77' lang='lat' dir='ltr'><strong>editione</strong></span> <span class='ocrx_word' id='word_1_791' title='bbox 1625 5634 1810 5688; x_wconf 67' lang='lat' dir='ltr'><strong>Graeca</strong></span> <span class='ocrx_word' id='word_1_792' title='bbox 1847 5637 1868 5688; x_wconf 79' lang='grc' dir='ltr'><strong>ί</strong></span> 
     </span>
    </p>
   </div>
   <div class='ocr_carea' id='block_1_111' title="bbox 2012 5622 2884 5704">
    <p class='ocr_par' dir='ltr' id='par_1_111' title="bbox 2012 5622 2884 5704">
     <span class='ocr_line' id='line_1_111' title="bbox 2012 5622 2884 5704; baseline 0.002 -18"><span class='ocrx_word' id='word_1_793' title='bbox 2012 5622 2096 5688; x_wconf 75' lang='lat' dir='ltr'><strong>&#39;ic.</strong></span> <span class='ocrx_word' id='word_1_794' title='bbox 2123 5622 2220 5694; x_wconf 62' lang='grc' dir='ltr'><strong>τάς</strong></span> <span class='ocrx_word' id='word_1_795' title='bbox 2252 5622 2324 5686; x_wconf 67' lang='grc' dir='ltr'><strong>ἐν’</strong></span> <span class='ocrx_word' id='word_1_796' title='bbox 2342 5634 2529 5687; x_wconf 82' lang='grc' dir='ltr'>ὐδασιν</span> <span class='ocrx_word' id='word_1_797' title='bbox 2552 5622 2884 5704; x_wconf 68' lang='grc' dir='ltr'>οἰκοδομίας.</span> 
     </span>
    </p>
   </div>
   <div class='ocr_carea' id='block_1_112' title="bbox 316 5691 1874 5770">
    <p class='ocr_par' dir='ltr' id='par_1_112' title="bbox 316 5691 1874 5770">
     <span class='ocr_line' id='line_1_112' title="bbox 316 5691 1874 5770; baseline 0.009 -26"><span class='ocrx_word' id='word_1_798' title='bbox 316 5691 428 5747; x_wconf 76' lang='lat' dir='ltr'><strong>Pici</strong></span> <span class='ocrx_word' id='word_1_799' title='bbox 466 5697 577 5751; x_wconf 59' lang='lat' dir='ltr'><strong>huic</strong></span> <span class='ocrx_word' id='word_1_800' title='bbox 613 5691 963 5768; x_wconf 61' lang='lat' dir='ltr'><strong>interrogatio</strong></span> <span class='ocrx_word' id='word_1_801' title='bbox 989 5691 1072 5753; x_wconf 75' lang='lat' dir='ltr'><strong>est</strong></span> <span class='ocrx_word' id='word_1_802' title='bbox 1097 5716 1221 5768; x_wconf 76' lang='lat' dir='ltr'><strong>pars</strong></span> <span class='ocrx_word' id='word_1_803' title='bbox 1251 5703 1623 5770; x_wconf 64' lang='lat' dir='ltr'><strong>praecedentis,</strong></span> <span class='ocrx_word' id='word_1_804' title='bbox 1649 5705 1700 5756; x_wconf 92' lang='lat' dir='ltr'><strong>in</strong></span> <span class='ocrx_word' id='word_1_805' title='bbox 1731 5722 1874 5758; x_wconf 81' lang='lat' dir='ltr'><strong>mar-</strong></span> 
     </span>
    </p>
   </div>
  </div>
