4038 6210
435 331 529 396 171

958 435 1232 491 INTER“.
1294 437 1475 491 LXIV.

696 549 844 606 Unde
893 551 1267 606 Melchisedech
1327 569 1485 621 genus
1529 551 1750 605 traxit?

505 644 642 700 Cum
676 645 895 700 divinus
941 645 1030 698 illc
1062 645 1262 699 Paulus
1293 645 1435 698 dicat
1468 661 1480 697 :
1522 663 1538 695 ι
1578 644 1694 696 sine
1724 651 1894 710 patre,
1928 640 2002 693 si-

347 729 353 732 ’
436 755 504 793 ne
554 747 760 803 matre,
813 747 867 793 et
894 737 1388 808 'siuegenealogia
1421 745 1468 803 η,
1510 756 1528 787 ι
1563 736 1682 804 quis
1723 733 2004 787 veritatem

443 831 608 900 hujus
642 831 715 884 rei
754 847 917 885 nosse
949 831 1167 900 potest?
1207 829 1507 884 Verisimile
1528 839 1608 882 est
1643 835 1822 880 autem
1854 825 2004 877 illum

438 937 558 978 esse
621 937 682 976 ex
747 921 853 976 illis
905 923 1176 992 gentibus,
1227 937 1346 991 quae
1407 919 1742 974 t'alazstiuam
1805 917 2006 972 incole-

441 1016 589 1070 bant.
624 1015 757 1068 Nam
791 1015 1001 1068 illarum
1033 1031 1142 1068 ιιιιιι
1165 1030 1277 1076 rex,
1310 1023 1418 1068 tum
1451 1013 1703 1067 sacerdos
1733 1020 1848 1065 erat
1876 1028 1888 1064 :
1922 1024 2009 1064 sa—

443 1104 635 1160 cerdos
693 1115 872 1158 autem
935 1103 1026 1157 Dei
1074 1104 1338 1157 omnium.
1377 1121 1394 1152 ι
1432 1099 1560 1154 Erat
1604 1100 1770 1163 enim,
1813 1099 2006 1168 inquit,

445 1197 699 1251 sacerdos
742 1195 836 1251 Dei
889 1197 1135 1250 altissimi
1169 1202 1214 1248 ο.
1263 1213 1280 1244 ›
1337 1193 1490 1248 Unde
1531 1192 1692 1246 etiam
1736 1190 2009 1245 Abraham

446 1289 752 1358 patriarcha
785 1287 981 1342 obtulit
1006 1288 1053 1339 ei
1085 1286 1382 1355 spoliorum
1405 1283 1664 1348 decimas,
1686 1293 1739 1336 et
1769 1298 1892 1337 cum
1920 1282 2012 1352 ju-

447 1387 564 1434 stus
612 1387 787 1444 esset,
823 1386 876 1432 et
921 1377 1132 1430 amicus
1173 1375 1288 1439 Dei,
1333 1376 1400 1429 ab
1445 1374 1536 1430 illo
1585 1373 2014 1428 benedictionem

447 1470 705 1540 percepit.
731 1470 938 1539 'l‘ypum
969 1468 1113 1522 enim
1143 1469 1361 1538 gerebat
1391 1467 1678 1523 sacerdotii
1723 1464 2012 1520 Dominici.

447 1560 680 1630 ideoque
711 1568 766 1614 et
793 1560 1026 1614 Abtahae
1055 1575 1224 1630 panes
1260 1567 1314 1613 et
1345 1559 1530 1613 vinum
1562 1557 1804 1612 vicissim
1847 1555 2013 1623 dedit,

450 1661 506 1704 ut
523 1651 612 1719 qui
636 1648 868 1705 fortasse
890 1649 1086 1706 solitus
1101 1661 1217 1703 erat
1244 1647 1353 1703 Deo
1376 1647 1618 1702 omnium
1644 1645 1770 1700 talia
1797 1643 2013 1700 olierre.

447 1743 743 1814 Oportebat
777 1742 920 1797 enim
946 1752 1000 1798 et
1033 1742 1086 1794 in
1121 1741 1224 1796 hoc
1260 1751 1444 1811 typum
1469 1737 1732 1810 pateﬁeri.

1016 1937 1296 1995 INTEBR.
1323 1937 1486 1996 LXV.

452 2054 724 2120 Quomodo
768 2054 940 2118 ﬁdelis
985 2053 1281 2121 appellatur
1326 2051 1616 2115 Abraham,
1662 2067 1780 2105 cum
1827 2051 2017 2104 dixerit

521 2125 663 2207 Deo,
829 2140 930 2193 quo
970 2139 1278 2194 cognoscam
1319 2124 1452 2187 Itoc,
1495 2123 1634 2192 quod
1681 2137 2018 2192 possessurus

521 2211 614 2245 ειηι
642 2201 779 2245 eam'

514 2201 614 2250 sint
642 2201 779 2248 eam:

522 2287 710 2343 lstud:
753 2305 771 2338 ι
807 2284 886 2340 Ex
936 2300 1045 2355 quo
1088 2299 1416 2355 cognoscam
1455 2284 1560 2338 hoc
1587 2300 1636 2347 Ρ,
1677 2302 1695 2334 ι
1731 2297 1839 2338 non
1882 2281 2022 2338 αἰαῖ-

451 2378 632 2433 dentis
657 2386 762 2443 est,
794 2375 888 2432 sed
924 2374 1142 2430 modum
1173 2373 1485 2445 possidendi
1521 2373 1662 2430 scire
1707 2373 2023 2427 desideran—

454 2472 544 2526 tis.
567 2471 702 2526 Cum
735 2467 880 2524 enim
915 2468 1125 2523 videret
1149 2467 1319 2521 multa
1351 2466 1632 2521 hominum
1665 2465 1830 2519 millia
1855 2464 2026 2519 Palae-

455 2562 654 2615 stinam
690 2543 1068 2624 incolentium,
1097 2557 1307 2612 discere
1340 2555 1575 2621 volebat,
1605 2570 1714 2624 quo
1745 2564 1904 2625 pacto
1926 2555 2026 2610 do-

459 2655 688 2708 minium
743 2653 888 2707 illius
935 2660 1094 2706 terra:
1143 2659 1468 2720 accepturus
1513 2658 1860 2704 essetznum
1907 2648 2029 2718 jure

455 2749 601 2812 belli,
633 2763 700 2800 an
727 2747 844 2817 sine
872 2745 1040 2800 armis
1076 2763 1088 2799 :
1123 2753 1177 2798 et
1205 2758 1272 2798 an
1309 2741 1615 2797 viventibus
1643 2741 1770 2804 illis,
1799 2756 1865 2794 an
1896 2741 2028 2794 sub-

455 2841 600 2903 latis,
639 2847 733 2892 aut
775 2853 1000 2906 prorsus
1029 2837 1237 2905 ejectis.
1276 2832 1386 2888 llac
1420 2836 1486 2889 de
1524 2849 1689 2889 causa
1723 2833 1832 2902 78
1861 2832 2032 2887 sacri-

455 2933 580 2986 ticio
627 2931 779 2987 linito
825 2929 968 2985 Deus
997 2929 1240 2983 omnium
1267 2927 1404 2982 dixit
1433 2943 1446 2982 :
1484 2943 1503 2978 ι
1551 2925 1899 2994 Coguoscens
1932 2937 2029 2978 co-

457 3038 709 3095 gnosces,
738 3021 883 3093 quod
908 3035 1093 3075 semen
1127 3029 1278 3074 tuum
1319 3017 1493 3072 incola
1521 3017 1624 3070 erit
1655 3017 1706 3069 in
1755 3023 1896 3068 terra
1924 3027 2031 3068 non

1417 319 1908 385 'l‘lIEODORETI
1937 312 2277 378 EPISCOPI
2317 311 2684 373 CYBENSIS

3577 311 3677 376 Πν

2717 422 2910 478 ΕΡΩΤ.
2954 424 3072 479 ΞΜ.

2257 543 2309 595 '0
2334 542 2707 610 Μελχισεδὲκ
2741 543 2926 594 πόθεν
2956 539 3180 609 κατῆγε
3209 540 3275 594 τὸ
3320 540 3538 610 γένος-ς

2175 629 2282 682 Τοῦ
2311 626 2599 680 θεσπεσίου
2625 626 2875 695 λέγοντος
2901 626 3138 692 Παύλου,
3180 644 3196 676 ι
3223 626 3498 697 Ἀπάτωρ,
3534 627 3650 698 ὰμή
3670 656 3682 668 -

2107 736 2246 788 τωρ,
2290 718 2746 789 ἀγενεαλόγητος,
2797 737 2815 769 ι
2862 718 2944 780 τίς
3009 717 3075 772 ἂν
3119 717 3276 786 γνοίη
3329 717 3391 770 τδ
3443 716 3680 788 ἀληθέςε

2110 813 2271 876 Εἰκὸς
2301 812 2358 865 δὲ
2388 812 2552 865 αὐτὸν
2581 813 2644 864 ἐκ
2675 811 2784 864 τῶν
2817 810 2986 866 ἐθνῶν
3018 811 3247 864 ἐκείνων
3277 806 3418 864 εἶναι
3443 811 3552 864 τῶν
3584 811 3684 884 τὴν

2111 903 2479 974 Παλαιστίνην
2513 901 2827 957 οἰκούντων.
2886 902 3144 956 Ἐκείνων
3172 902 3282 974 γὰρ
3307 903 3420 975 (97)
3447 906 3540 958 καὶ
3566 903 3687 974 βα--ο

2114 994 2294 1057 σιλεὺς
2326 994 2417 1047 καὶ
2449 994 2624 1065 ἱερεὺς
2659 991 2955 1062 ἐτύγχανεν
2981 991 3079 1056 ὢν,
3128 994 3309 1064 ἱερεὺς
3358 995 3415 1047 δὲ
3449 993 3544 1048 τοῦ
3572 998 3685 1049 τῶν

2113 1086 2251 1139 ὅλων
2301 1083 2459 1138 Θεοῦ.
2502 1103 2520 1136 ι
2555 1079 2664 1136 Ἦν
2714 1084 2842 1155 γὰρ,
2894 1085 3078 1156 φησὶν,
3122 1085 3302 1156 ἱερεὺς
3351 1085 3445 1138 τοῦ
3479 1085 3617 1139 Θεοῦ
3635 1084 3684 1116 ⁸⁸

2112 1178 2206 1233 τοῦ
2259 1179 2506 1249 ὑψίστου.
2549 1197 2568 1230 ι
2628 1176 2793 1232 Ὅθεν
2827 1176 2978 1248 αὐτῷ
3022 1178 3119 1230 καὶ
3173 1177 3426 1248 Ἀϐραὰμ
3485 1179 3514 1230 ὁ
3576 1196 3688 1232 πα-

2113 1271 2381 1343 τριάρχης
2431 1270 2798 1342 προσενήνοχε
2833 1270 2936 1334 τὰς
2977 1270 3087 1324 τῶν
3135 1269 3394 1342 λαφύρων
3427 1271 3686 1333 δεκάτας.

2115 1363 2225 1416 Καὶ
2255 1363 2466 1426 δίκαιος
2493 1362 2590 1428 ὢν,
2626 1363 2720 1417 καὶ
2750 1363 2847 1416 τοῦ
2897 1362 3031 1416 Θεοῦ
3067 1362 3242 1433 φίλος,
3301 1364 3432 1434 παρ’
3475 1363 3687 1417 ἐκείνου

2115 1455 2216 1526 τὴν
2244 1455 2500 1523 εὐλογίαν
2527 1454 2858 1526 καρποῦται.
2891 1455 3002 1526 Τῆς
3033 1454 3142 1526 γὰρ
3177 1455 3518 1524 Δεσποτικῆς
3539 1451 3689 1524 εἶχεν

2123 1546 2424 1620 ἱερωσύνης
2442 1547 2535 1602 τὸν
2556 1547 2748 1600 τύπον.
2769 1548 2862 1600 Διδ
2881 1547 2945 1618 δὴ
2965 1548 3058 1601 καὶ
3078 1546 3276 1618 ἄρτους
3304 1547 3384 1617 τῷ
3415 1546 3688 1618 Ἀϐραὰμ,

2118 1641 2213 1695 καὶ
2228 1635 2370 1694 οἶνον
2391 1638 2503 1710 (98)
2529 1639 2851 1692 ἀντέδωκεν·
2867 1639 2942 1703 ώς
2956 1639 3181 1693 τοιαῦτα
3217 1639 3376 1710 τυχὸν
3395 1637 3505 1707 (99)
3521 1655 3691 1710 προσ-

2050 1782 2090 1836 B
2129 1731 2342 1802 φέρειν,
2378 1730 2584 1794 εἰωθὼς
2635 1730 2716 1800 τῷ
2770 1729 2882 1782 τῶν
2916 1729 3052 1783 ὅλων
3089 1728 3230 1800 Θεῷ.
3282 1729 3430 1783 Ἔδει
3461 1728 3538 1799 ti)
3581 1729 3692 1800 γὰρ

2119 1825 2223 1878 κάν
2251 1822 2426 1894 τούτῳ
2464 1821 2772 1894 δειχθῆναι,
2805 1822 2898 1875 τὸν
2929 1820 3099 1875 τύπον
3127 1819 3198 1874 δ’,

2739 1937 2940 1990 ΕΡΩΤ.
2972 1933 3096 1990 ΞΕ’.

2123 2051 2256 2117 Πῶς
2293 2053 2350 2106 Ἀ
2361 2049 2550 2120 ϐραὰμ
2566 2050 2783 2116 πιστὸς
2807 2048 3151 2120 ὀνομάζεται
3170 2049 3422 2118 εἰρηκὼς
3440 2047 3522 2114 τῷ
3549 2049 3692 2120 Θεῷ,

2192 2122 2354 2261 Kurd;
2403 2123 2462 2175 τί
2506 2119 2810 2192 γνώσομαι
2850 2119 3046 2186 τοῦτο,
3110 2119 3199 2174 ὅτι
3261 2119 3698 2191 κληρονομήσω

2195 2209 2334 2246 αυττ
2355 2208 2428 2255 ν;

2195 2285 2292 2351 Τὸ,
2340 2303 2358 2336 ι
2396 2283 2553 2338 Κατὰ
2586 2283 2640 2336 τί
2680 2280 2960 2354 γνώσομαι
2992 2280 3172 2347 τοῦτο,
3213 2301 3231 2334 ι
3267 2281 3367 2336 οὐκ
3402 2283 3697 2338 ἀπιστοῦν-

2125 2377 2215 2442 τός
2242 2379 2409 2442 ἐστιν,
2446 2374 2586 2430 ἀλλὰ
2633 2374 2825 2446 μαθεῖν
2855 2373 3151 2439 ποθοῦντος
3192 2375 3292 2445 τῆς
3335 2373 3700 2448 κληρονομίας

2127 2471 2218 2525 τὸν
2251 2470 2476 2543 τρόπον.
2521 2469 2741 2540 Ἐπειδὴ
2791 2468 2902 2540 γὰρ
2945 2467 3093 2540 ἐώρα
3143 2467 3321 2538 πλήθη
3377 2466 3547 2539 μυρία
3603 2469 3702 2538 τὴν

2129 2563 2496 2631 Παλαιστίνην
2512 2561 2787 2626 οἰκοῦντα,
2825 2561 3021 2631 μαθεῖν
3073 2558 3332 2629 ἠϐούλετο
3363 2559 3470 2613 τίνι
3515 2559 3702 2630 τρόπῳ

2129 2655 2510 2727 παραλήψεται
2541 2655 2641 2726 τῆς
2667 2654 2768 2725 γῆς
2793 2653 3004 2723 ἐκείνης
3024 2653 3122 2723 τὴν
3150 2651 3471 2704 δεσποτείαν
3495 2667 3508 2680 ’
3545 2651 3705 2705 πολέ-

2135 2767 2234 2820 μου
2267 2748 2438 2818 νόμῳ,
2503 2747 2536 2818 ἢ
2582 2747 2704 2818 δίχα
2757 2745 3032 2816 πολέμου·
3087 2743 3308 2808 ζώντων
3360 2744 3618 2810 ἐκείνων,
3668 2742 3702 2812 ἢ

2131 2838 2543 2909 ἀναιρουμένων
2561 2838 2659 2908 (2),
2689 2836 2722 2908 ἢ
2756 2835 3198 2906 ἐξελαυνομένων
3214 2835 3280 2890 δ’.
3308 2833 3513 2887 Τούτου
3544 2835 3704 2906 χάριν

2137 2931 2275 3002 μετὰ
2303 2931 2402 3001 τὴν
2431 2930 2624 2983 θυσίαν
2650 2930 2678 2981 ὁ
2712 2929 2823 2981 τῶν
2852 2927 2988 2981 ὅλων
3018 2927 3152 2990 Θεὸς
3186 2926 3290 2997 ἔφη
3315 2941 3330 2958 ο
3363 2945 3381 2977 ι
3414 2925 3705 2979 Γινώσκων

2133 3020 2339 3095 γνώσῃ,
2375 3022 2458 3074 ὅτι
2509 3021 2775 3091 πάροικον
2825 3019 2977 3074 ἔσται
3021 3019 3082 3072 τὸ
3139 3019 3359 3095 σπέρμα
3409 3034 3503 3072 σου
3544 3019 3602 3070 ἐν
3637 3019 3705 3090 τῇ

457 3132 592 3183 sua;
624 3125 678 3170 et
714 3112 959 3170 servituti
1003 3110 1294 3180 subjicient
1341 3124 1458 3172 eos,
1503 3116 1556 3161 et
1601 3106 1836 3178 aﬂligeut
1888 3105 2023 3168 illos1

2133 3115 2203 3184 γῇ
2224 3114 2300 3182 (5)
2325 3113 2424 3166 οὐκ
2458 3111 2588 3183 ἰδίᾳ·
2630 3113 2724 3164 καὶ¹
2747 3111 3109 3164 δουλώσουσιν
3143 3110 3362 3174 αὐτοὺς,
3396 3110 3493 3164 καὶ
3520 3109 3707 3163 κακὼ-

456 3219 620 3278 atque
674 3204 1040 3260 humiliabuut
1093 3201 1515 3271 quadringentos
1571 3212 1766 3252 annos.
1801 3195 2025 3251 Gentem

458 3311 607 3358 vero,
647 3294 732 3349 cui
761 3281 1343 3361 servierintfjudicabo
1369 3303 1490 3359 ego.
1512 3285 1704 3342 Postea
1729 3301 1859 3340 vero
1879 3299 2029 3354 egre-

458 3387 672 3440 dientur
694 3385 802 3440 huc
833 3399 958 3439 cum
999 3390 1263 3452 apparatu
1294 3381 1487 3434 multo.
1517 3377 1598 3432 Tu
1641 3393 1772 3433 vero
1801 3377 2029 3432 decedes

461 3478 525 3532 ad
553 3486 733 3546 patres
771 3487 893 3532 tuos
916 3475 970 3528 in
1003 3489 1156 3545 pace,
1190 3474 1426 3528 nutritus
1461 3471 1512 3525 iu
1541 3478 1820 3525 senectute
1865 3469 2026 3524 bona.

462 3569 665 3635 Quarta
691 3576 870 3621 autem
898 3563 1248 3636 generatione
1269 3570 1608 3617 revertentur
1633 3561 1755 3614 huc.
1779 3557 2028 3614 Nondum

459 3661 602 3715 enim
674 3660 956 3730 completa;
1019 3667 1147 3713 sunt
1219 3655 1531 3724 iniquitates
1591 3653 2030 3707 Amorrhteorum

461 3770 636 3824 usque
687 3770 835 3809 nunc
862 3765 911 3807 tt.
951 3772 970 3803 ι
1031 3751 1105 3805 Ex
1169 3749 1521 3821 responsione
1567 3747 1752 3802 divina
1801 3745 2030 3800 formam

460 3844 907 3916 interrogationis
961 3857 1287 3913 cognoscere
1343 3842 1488 3894 licet.
1548 3838 1680 3892 Nam
1745 3848 2028 3909 postquam

459 3938 596 3991 dixit
627 3956 638 3992 :
679 3958 696 3990 ι
742 3936 819 3990 Et
853 3950 962 4005 quo
991 3933 1516 4004 cognoscan'i,'quod
1543 3946 1897 4002 possessurus
1927 3931 2028 3984 sim

461 4030 642 4086 eam"!
676 4049 694 4081 ι
744 4029 953 4092 didicit,
986 4035 1250 4096 quantum
1307 4025 1566 4095 temporis
1622 4024 1811 4078 incolae
1864 4023 2034 4078 futuri

461 4134 666 4184 essent,
695 4130 748 4174 et
776 4136 940 4190 quam
973 4118 1168 4173 misere
1193 4119 1480 4182 tractandi,
1512 4127 1565 4171 ct
1587 4126 1788 4186 quanta
1819 4117 2032 4172 tandem

463 4212 806 4284 providentia
835 4211 928 4264 Dei
963 4210 1288 4277 excipiendi,
1327 4219 1438 4264 tum
1471 4209 1738 4278 supplicio
1771 4208 2035 4264 sumendo

465 4308 532 4360 de
566 4305 673 4368 his,
705 4306 797 4373 qui
833 4304 939 4358 illis
985 4304 1184 4358 bellum
1210 4303 1411 4358 inferre
1445 4303 1667 4368 vellent,
1701 4310 1812 4355 tum
1843 4317 2032 4356 eorum

465 4399 624 4452 bonis
662 4397 892 4452 fruendo
929 4414 942 4450 :
970 4405 1020 4450 et
1059 4397 1201 4465 quod
1225 4395 1499 4450 Abraham
1527 4396 1674 4449 nulla
1703 4395 1897 4450 horum
1940 4409 2036 4448 ex-

2137 3222 2320 3258 σουσιν
2352 3204 2571 3268 αὐτοὺς,
2613 3204 2708 3258 καὶ
2751 3202 3183 3257 ταπεινώσουσιν
3220 3203 3312 3274 ἐτη
3357 3205 3706 3275 τετρακόσια.

2137 3296 2210 3349 Τὸ
2246 3297 2300 3349 δέ
2332 3295 2504 3361 ἔθνος,
2539 3290 2583 3364 ᾧ
2617 3296 2712 3350 ἐὰν
2762 3296 3114 3361 δουλεύσωσι,
3150 3295 3339 3367 ,κρινῶ
3380 3296 3511 3364 ἐγώ.
3555 3297 3711 3350 Μετὰ

2135 3387 2192 3442 δέ
2223 3387 2397 3442 ταῦτα
2435 3387 2805 3452 ἐξελεύσονται
2829 3382 2933 3442 ὦδε
2957 3389 3098 3460 μετά
3131 3389 3448 3459 ἀποσκευῆς
3472 3388 3707 3459 πολλῆς·

2139 3480 2203 3532 σὺ
2232 3477 2288 3531 δὲ
2309 3478 2599 3532 ὰπελεύσει
2640 3481 2780 3549 πρὸς
2813 3481 2942 3544 τοὺς
2971 3481 3216 3551 πατέρας
3271 3499 3364 3535 σου
3412 3483 3470 3534 ἐν
3495 3483 3706 3554 εἰρήνῃ,

2136 3571 2366 3642 τραφεὶς
2391 3573 2448 3624 ὲν
2478 3572 2641 3643 γήρει
2675 3571 2845 3643 καλῷ.
2903 3573 3150 3645 Τετάρτῃ
3173 3573 3231 3627 δέ
3267 3575 3430 3645 γενεᾷ
3467 3577 3711 3646 στραφή..

2140 3681 2322 3719 σονται
2347 3657 2448 3718 ὦδε
2476 3681 2490 3695 ·
2521 3663 2672 3718 οῦπω
2693 3665 2800 3736 γὰρ
2831 3666 3329 3737 ἀναπεπλήρωνται
3355 3669 3410 3720 αἱ
3433 3668 3703 3738 ἁμαρτίαι

2139 3755 2247 3810 τῶν
2307 3757 2653 3827 Ἀμορραίων
2711 3758 2817 3820 ἕως
2863 3756 2958 3810 τοῦ
3011 3756 3127 3812 νῦν.
3179 3775 3197 3809 ι
3268 3759 3361 3811 Ἐκ
3420 3759 3520 3829 τῆς
3559 3758 3708 3822 θείας

2142 3849 2485 3919 ἀποκρίσεως
2511 3849 2625 3901 ἔστι
2658 3847 2866 3917 γνῶναι
2896 3849 2970 3920 (4)
3005 3850 3095 3902 τὸν
3130 3849 3330 3920 τρόπον
3373 3851 3470 3921 τῆς
3503 3852 3711 3922 ἐρωτή-

2145 3955 2300 4001 σεως.
2349 3939 2566 4010 Ἐπειδὴ
2597 3935 2741 4005 εἶπε,
2774 3959 2792 3990 ι
2823 3939 2974 3992 Κατὰ
3029 3940 3080 3992 τί
3113 3939 3394 4011 γνώσομαι
3449 3941 3531 3994 ὅτι
3580 3943 3710 4010 κλη-

2143 4031 2429 4102 ρονομήσω
2459 4031 2648 4100 αὐτὴν,
2685 4051 2703 4082 ι
2736 4030 2984 4102 ἐδιδάχθη
3018 4031 3140 4084 ὅσον
3173 4032 3271 4102 μὲν
3311 4033 3708 4104 παροικήσουσι

2142 4123 2355 4192 χρόνον,
2387 4123 2481 4176 καί
2521 4124 2670 4186 ὅπως
2712 4123 3247 4195 ταλαιπωρήσουσιν,
3285 4124 3415 4193 ὅσης
3450 4141 3508 4176 τε
3540 4121 3695 4188 ἀξιωο

2143 4211 2398 4282 θήσονται
2428 4213 2791 4283 προμηθείας,
2827 4213 2935 4266 τῶν
2971 4213 3071 4283 μὲν
3123 4215 3454 4284 πολεμήσειν
3495 4213 3704 4267 ἐθελόν-

2139 4320 2248 4357 των
2278 4305 2462 4367 αὐτοῖς
2495 4305 3004 4375 κολασθησομένων,
3052 4305 3258 4359 τούτων
3296 4307 3352 4359 δὲ
3385 4306 3450 4360 τὰ
3486 4307 3712 4359 ἐκείνων

2143 4397 2622 4468 καρπωσαμὲνων·
2656 4399 2747 4451 καὶ
2771 4399 2854 4450 ὅτι
2879 4399 3080 4451 τούτων
3121 4399 3282 4462 αὐτὸς
3315 4399 3570 4468 οὐδεμίαν
3599 4399 3714 4450 πεῖ-

467 4490 728 4559 perientia
759 4497 998 4558 accepta,
1032 4488 1082 4541 in
1113 4502 1243 4557 pace
1271 4503 1301 4541 e
1333 4489 1439 4541 vita
1479 4487 1828 4542 discessurus
1873 4495 2023 4541 esset.

2149 4462 2244 4554 ραν
2269 4462 2470 4548 λαϐὼν,
2505 4485 2562 4536 ἐν
2613 4487 2805 4558 εἰρήνῃ
2837 4485 3130 4540 καταλύσει
3160 4487 3252 4539 τὸν
3281 4488 3415 4557 βίον.
3442 4462 3454 4468 ”
3477 4486 3713 4549 Ἐδίδαξε

471 4575 663 4630 Docuit
694 4577 896 4646 pariter
928 4575 1194 4630 rationem
1240 4576 1536 4640 dilationis,
1591 4591 1658 4629 ne
1698 4577 1820 4644 quis
1860 4576 2038 4644 suspi-

470 4675 717 4734 caretur,
769 4670 838 4722 ob
886 4682 1238 4723 numerosam
1283 4668 1584 4721 incolarum
1636 4668 2038 4722 multitudinem

475 4758 761 4811 Dominum
793 4756 958 4812 Deum
1015 4774 1124 4812 non
1159 4758 1402 4824 potuisse
1452 4757 1558 4810 illis
1601 4758 1814 4810 tradere
1865 4757 2040 4810 domi-

2145 4573 2202 4626 δέ
2235 4575 2326 4626 καὶ
2354 4575 2452 4646 τῆς
2479 4575 2746 4645 ἀναϐολῆς
2771 4577 2870 4646 τὴν
2910 4579 3112 4644 αἰτίαν,
3165 4579 3252 4631 ἵνα
3284 4580 3358 4649 μή
3391 4596 3472 4640 τις
3503 4579 3712 4647 τοπάσῃ

2147 4663 2234 4716 διὰ
2265 4665 2326 4717 τὸ
2372 4666 2573 4736 πλῆθος
2617 4667 2725 4718 τῶν
2773 4657 3123 4722 ἐνοικούντων
3180 4670 3256 4740 μὴ
3283 4669 3579 4740 δυνηθῆναι
3627 4669 3716 4721 τὸν

2152 4759 2429 4827 Δεσπότην
2456 4759 2588 4811 Θεὸν
2617 4760 2716 4828 τῆς
2749 4760 2851 4830 γῆς
2893 4761 3107 4831 ἐκείνην
3163 4762 3349 4825 αὐτοῖς
3381 4761 3714 4834 παραδοῦναι

524 4911 551 4938 ιι
585 4899 748 4954 Hebr.
777 4915 872 4962 vn,
901 4901 956 4952 5.
1036 4908 1059 4935 ο
1083 4899 1220 4954 Gen.
1248 4915 1356 4961 xw,
1388 4900 1470 4953 18.
1553 4911 1578 4949 Ρ
1607 4899 1740 4955 Gen.
1769 4917 1853 4965 xv,
1881 4899 1932 4954 8.
2013 4912 2023 4936 ι

2128 4917 2204 4956 1n.
2238 4917 2325 4963 xv,
2360 4901 2540 4955 15-16.
2613 4911 2634 4938 τ
2669 4900 2806 4955 Gen.
2834 4917 2923 4964 xv,
2953 4901 3004 4956 8.

1363 5063 1595 5119 VARIAS
1621 5063 1998 5120 LEGTIONES
2028 5064 2116 5118 EX
2160 5063 2435 5122 CATENA
2466 5065 2818 5121 LlPSlENSl.

547 5209 594 5242 ”
627 5208 746 5264 Cat.
773 5221 827 5276 p.
861 5203 982 5259 198.
1008 5203 1102 5256 τοῦ
1135 5202 1270 5255 Θεοῦ
1299 5219 1407 5258 om.
1484 5204 1525 5235 ⁸⁸
1549 5203 1720 5273 δειχθ.
1745 5203 1836 5256 τὸν
1867 5205 2023 5274 τρόπι

2166 5205 2208 5235 ⁸¹
2253 5203 2370 5259 Cat.
2411 5221 2461 5273 p.
2495 5205 2620 5260 20L
2656 5205 3142 5276 ἢέξελαυνομένων
3169 5222 3280 5263 om.

1979 5368 2210 5425 ΝΟΤᾹΞ.

549 5512 662 5572 (97)
694 5510 825 5564 Cod.
864 5519 914 5562 et
959 5506 1068 5560 Pic.
1113 5507 1339 5564 ἐκεῖνος.

547 5583 658 5652 (98)
694 5582 800 5634 Καὶ
824 5575 1011 5652 οἶνον.
1053 5575 1188 5652 God.
1233 5585 1285 5630 et
1320 5573 1434 5652 Pic.
1456 5574 1687 5652 addunt,
1722 5575 1817 5652 καὶ
1851 5577 2036 5652 στέαρ,

548 5644 657 5718 (99)
695 5651 904 5718 Τυχόν.
939 5650 990 5702 In
1018 5647 1162 5718 cod.‘
1179 5657 1231 5718 et
1261 5646 1403 5718 apud
1456 5644 1566 5699 l‘ic.
1623 5646 1869 5715 sequitur
1897 5644 2040 5700 τινα.

550 5713 650 5786 (li'
684 5713 862 5773 Ἔδει.
895 5719 1026 5774 Cod.
1057 5727 1110 5773 et
1138 5715 1252 5777 Pic.
1282 5713 1445 5770 εἶδεν.

2348 5509 2841 5588 ςᾼιιαιρουίιέιχονξ.
2888 5513 3022 5588 C0_d.
3075 5513 3278 5588 ct_Pic.
3313 5516 3708 5588 ἐλαυνομένων.

2224 5581 2300 5656 (ἓξ)
2337 5581 2450 5656 μετ’
2481 5581 2553 5647 τῇ
2578 5581 2671 5656 πῇ.
2712 5581 2843 5656 ϐοιΙ.
2874 5594 2926 5637 et
2955 5584 3064 5639 Pic.
3099 5586 3329 5652 addunt,
3370 5581 3644 5656 ἀλλοτρίᾳ.

2222 5651 2306 5722 (4)
2329 5651 2460 5703 Cod.
2491 5662 2538 5722 et
2603 5650 2713 5722 Pic.
2768 5655 3086 5722 ἐπιγνῶναι.
3144 5650 3323 5712 Minus
3367 5650 3717 5712 benefl’icus

2155 5721 2403 5791 supplere
2443 5721 2613 5776 voluit
2641 5721 2841 5788 ἔξεστι,
2873 5721 2966 5780 aut
2995 5727 3190 5782 simile.
