4038 6210
397 303 490 368 ι-ξδ
1441 291 1726 366 ΟυίΕΒΤ.
1773 293 1855 354 IN
1889 292 1919 354 Ε

2023 293 2157 354 iES.
2192 295 2354 356 CAP.
2391 291 2510 356 XV.

3506 294 3602 361 17$

399 412 486 486 τὴν
509 406 819 466 δεσποτείαν.
863 407 1008 478 Ἔφη
1037 406 1094 460 δέ
1121 405 1331 469 οὖτως’“
1358 426 1375 457 ι
1408 405 1574 462 Οὔπω
1591 408 1701 479 γὰρ
1726 408 1919 462 ἀναπες

2029 406 2348 462 niumillius
2375 415 2557 462 terra}.
2585 407 2730 461 Dixit
2756 415 2938 464 autem
2969 407 3088 466 sic':
3131 428 3148 464 ι
3177 409 3427 468 Nondum
3453 428 3585 470 com

401 507 676 575 πλήρωνται
719 499 774 553 αἱ
818 499 1086 570 ἁμαρτίαι
1119 497 1232 553 τῶν
1283 499 1631 572 Ἀμορραίων
1677 499 1782 566 ἓως
1823 499 1921 556 τοῦ

393 599 488 652 νῦν.
521 614 539 648 ι
593 593 832 658 οὐδέπω,
873 593 1063 662 φησὶν,
1111 591 1242 660 ἄξια
1269 592 1645 664 πανωλεθρίας
1701 591 1922 664 πεπρά-

385 705 522 762 χασιν
544 702 557 714 ’
591 686 651 738 οὗ
691 683 793 754 χρὴ
825 683 882 738 δὲ
912 683 1019 755 πρὸ
1046 687 1145 754 τῆς
1165 683 1438 755 ἁμαρτίας
1469 685 1533 738 ἐκ
1559 682 1922 755 προγνώσεως

380 777 711 849 ἐπενεχθῆναι
770 774 868 848 τὴν
914 774 1209 847 τιμωρίαν.
1277 775 1402 830 Ὀτι
1451 775 1509 828 δὲ
1565 775 1813 847 ὑπῆρχον
1839 774 1916 846 (5)

379 875 483 930 κατ’
512 875 712 927 ἐκεῖνον
736 871 830 927 τὸν
858 871 1052 943 καιρὸν
1074 870 1339 938 εὐσεϐεῖς,
1379 871 1540 942 δῆλον
1568 872 1632 926 ἐκ
1658 869 1754 924 τοῦ
1777 869 1922 925 Μελ-

374 967 592 1039 χισεδὲκ,
624 961 838 1020 καὶτοῦ
894 963 1208 1036 Ἀϐιμέλεχ,
1257 967 1352 1018 καὶ
1394 963 1504 1018 τῶν
1550 964 1652 1035 τὴν
1693 960 1920 1033 Χεϐρὼν

372 1059 664 1114 οἰκούντων.
696 1058 803 1112 Καὶ
831 1055 1174 1130 γὰρςέκείνοι
1201 1056 1406 1129 πολλῆς
1449 1056 1542 1112 τὸν
1573 1055 1920 1127 πατριάρχην

371 1150 647 1223 θεραπείας
685 1147 942 1219 ἠξίωσανο
965 1149 1059 1203 καὶ
1087 1148 1234 1203 ἐστιν
1271 1148 1506 1203 ἀκοῦσαι
1541 1147 1720 1201 αὐτῶν
1751 1147 1918 1218 βοών-

368 1258 493 1296 τωνο
526 1259 544 1292 ι
580 1239 843 1302 Βασιλεὺς
871 1234 924 1293 εἴ
945 1241 1010 1294 σὺ
1043 1240 1192 1310 παρὰ
1217 1238 1352 1292 Θεοῦ
1391 1241 1450 1292 ἐν
1485 1241 1636 1310 ἡμῖν.
1689 1239 1780 1292 Ἐν
1807 1241 1919 1304 τοῖς

365 1335 618 1397 ἐκλεκτοῖς
651 1332 942 1404 μνημείοις
974 1331 1133 1404 ἡμῶν
1165 1331 1335 1402 θάψον
1363 1332 1456 1385 τὸν
1501 1331 1698 1404 νεκρόν
1728 1347 1844 1384 σου.
1885 1349 1905 1384 ι

941 1471 1141 1534 ΕΡΩΤ.
1180 1468 1315 1538 εσυ.

359 1609 506 1662 Διατί
545 1605 612 1662 δὲ
652 1607 909 1675 τυθῆναι
942 1605 1279 1674 προσέταξε
1319 1604 1578 1675 δάμαλιν
1605 1602 1918 1675 τριετίζου-

449 1694 586 1744 σαν,
614 1678 716 1733 καὶ
753 1673 924 1747 κριὸν
962 1673 1338 1746 emetiar-ta,
1391 1673 1490 1731 ita!
1530 1675 1602 1730 τὰ
1627 1673 1812 1742 δξῆς;

2029 497 2188 568 plotae
2208 507 2333 554 sunt
2356 499 2674 568 iniquitates
2689 497 3132 554 Amorrbreorum
3151 515 3326 571 usque
3344 518 3493 560 mure
3509 513 3552 559 ι.
3583 526 3600 558 ο

2031 589 2308 655 Nondum,
2339 591 2538 662 inquit,
2589 593 2870 647 communi
2909 591 3081 647 exitio
3126 593 3289 663 digna
3322 606 3603 668 perpetra-

2029 693 2178 741 runt.
2239 683 2356 739 Non
2404 684 2558 739 decet
2609 694 2792 738 autem
2851 693 2976 740 ante
3017 695 3299 754 peccatum
3341 704 3405 742 ex
3463 704 3598 756 prze-

2029 773 2260 828 scientia
2287 788 2504 843 poenam
2541 774 2804 846 inﬂigere.
2831 775 2987 842 Quod
3017 787 3201 832 autem
3226 777 3333 832 illis
3353 781 3596 848 tempori-

2029 861 2136 918 bus
2164 874 2351 921 essent
2375 864 2476 918 viri
2510 865 2604 934 pii,
2629 877 2844 925 constat
2875 883 2941 926 ex
2975 868 3376 926 Melcliiacdeco
3397 877 3452 924 et
3482 871 3586 928 Abi

2029 953 2300 1019 melecho,
2341 963 2396 1010 et
2441 955 2547 1018 his,
2598 957 2692 1026 qui
2733 957 3047 1016 incolebant
3096 969 3296 1014 terram
3325 961 3602 1017 Chebron.
3629 1007 3650 1019 .

2026 1043 2109 1099 illi
2167 1046 2314 1100 enim
2369 1047 2738 1116 patriarcham
2786 1063 3116 1120 magnopere
3161 1051 3400 1105 venerati
3453 1061 3601 1106 sunt.

2027 1139 2341 1194 Audiuntur
2397 1141 2580 1210 itaque
2637 1144 2954 1209 clamantes,
3009 1163 3028 1196 ι
3069 1142 3180 1198 Rex
3213 1160 3273 1197 es
3324 1155 3380 1199 tu
3423 1162 3452 1200 a
3495 1143 3606 1203 Deo

2029 1232 2170 1300 apud
2197 1247 2318 1286 nos.
2348 1231 2401 1286 in
2444 1233 2554 1304 79
2587 1234 2772 1291 electis
2803 1239 3172 1292 monumentis
3201 1239 3405 1294 nostris
3430 1239 3600 1310 sepeli

2029 1334 2306 1380 mortuum
2339 1335 2493 1382 tuum
2530 1329 2573 1381 ί.
2617 1346 2636 1378 ι

2567 1463 2848 1521 INTERR.
2887 1465 3072 1522 LXVI.

2026 1595 2204 1664 Quare
2239 1598 2376 1652 Deus
2405 1603 2676 1672 prwcrpit,
2718 1603 3022 1672 sacriﬁcari
3049 1603 3151 1657 sibi
3185 1620 3397 1659 vaccam
3439 1603 3605 1660 trien-

2251 1685 2368 1723 ncm
2399 1681 2448 1724 et
2473 1672 2680 1726 qudum
2724 1675 3028 1730 triennem?
3069 1682 3122 1730 et
3147 1675 3377 1744 reliqua.

417 1791 719 1861 Αἰνίγματα
748 1791 924 1845 ταῦτα
951 1787 1019 1862 ἦν
1043 1790 1153 1844 τῶν
1173 1789 1253 1862 τῷ
1278 1789 1426 1858 γένει
1457 1785 1913 1860 συμϐησομένων.

2092 1779 2217 1836 Ηπο
2248 1791 2403 1836 erant
2441 1781 2661 1838 illorum
2690 1785 3000 1856 aenigmata,
3034 1799 3154 1857 qua!
3185 1787 3420 1857 posteris
3448 1797 3606 1842 erant

355 1881 628 1953 Τοιγάρτοι
688 1881 828 1952 μετὰ
857 1881 958 1945 τὰς
1011 1879 1206 1943 θυσίας
1260 1881 1535 1952 ἐπήγαγεο
1571 1898 1590 1932 ι
1625 1878 1918 1933 Γινώσκων

355 1971 520 2042 γνώσῃ
550 1973 598 2004 ⁸⁸
623 1973 712 2027 ὅτι
761 1974 1026 2044 πάροικον
1071 1970 1226 2026 ἔσται
1263 1970 1326 2025 τὸ
1357 1971 1580 2044 σπέρμα
1633 1987 1728 2024 σου
1755 1971 1814 2024 ἐν
1844 1971 1914 2042 γῇ

353 2064 443 2118 οὐκ
478 2064 602 2135 ἰδίᾳ.
645 2083 667 2116 ι
723 2063 836 2118 Καὶ
887 2063 1236 2136 προσέθηκε·
1298 2083 1318 2118 ι
1363 2065 1610 2136 Τετάρτῃ
1659 2065 1717 2118 δὲ
1755 2063 1920 2134 γενεᾷ

353 2140 857 2228 ἄποστραφήσονται
881 2149 1006 2212 ὧδε,
1035 2176 1053 2210 ι
1079 2157 1180 2212 Διά
1197 2158 1356 2212 τοῦτο
1377 2159 1503 2229 τρία
1528 2157 1637 2212 τῶν
1662 2156 1919 2228 καθαρῶν

349 2248 710 2318 τετραπόδων,
739 2249 836 2303 καὶ
869 2249 1100 2304 ἕκαστον
1141 2251 1354 2322 τριετὲς
1381 2250 1456 2321 (6)
1479 2250 1710 2322 τυθῆναι
1745 2266 1920 2322 προσ-

350 2339 514 2404 έταξε,
539 2339 656 2394 τῶν
683 2341 850 2413 τριῶν
881 2341 1086 2412 γενεῶν
1115 2344 1196 2408 εἰς
1232 2342 1486 2416 δήλωσιν,
1527 2343 1586 2396 αϊ
1618 2341 1918 2414 παροικοῦ-

351 2449 430 2486 σαι
463 2432 867 2488 διατελέσουσιν
886 2450 902 2466 ο
930 2437 965 2508 ή
993 2435 1050 2490 δὲ
1075 2433 1296 2508 τρυγὼν
1332 2436 1433 2509 τήν
1467 2435 1662 2506 γενεὰν
1705 2436 1920 2508 ἐκείνην

347 2525 580 2596 ἐνέφηνε,
613 2525 719 2597 τὴν
751 2525 914 2579 οίονεὶ
953 2525 1280 2580 ἀποπτᾶσαν
1326 2527 1426 2598 μὲν
1453 2527 1546 2580 καὶ
1598 2525 1920 2590 ἐξελθοῦσαν

345 2615 397 2682 ἐξ
445 2617 760 2686 Αίγῦπτου,
809 2619 869 2672 ἐν
913 2618 970 2672 δέ
1016 2621 1084 2689 τῇ
1122 2619 1315 2690 ἐρήμῳ
1374 2617 1879 2690 κατασκηνώσασαν
1899 2634 1913 2648 ·

345 2709 644 2782 φιλέρημον
682 2713 794 2782 γὰρ
823 2713 940 2766 τόδε
971 2713 1034 2766 τδ
1072 2713 1277 2786 ὄρνεον.
1330 2711 1395 2766 Ἥ
1417 2711 1476 2765 δὲ
1498 2711 1797 2782 περιστερᾶ
1820 2712 1920 2780 τὴν

345 2801 496 2873 ἄλλην
535 2805 750 2872 γενεὰν
781 2803 1113 2876 παρεδήλου,
1138 2805 1172 2873 ἢ
1201 2803 1300 2875 τὴν
1345 2801 1764 2874 ἐπηγγελμένην
1815 2802 1921 2856 ἀπο

348 2895 630 2966 εὶάμϐανε
647 2896 751 2965 γῆν
767 2913 782 2927 ο
813 2897 1024 2968 ἥμερον
1045 2896 1156 2969 γὰρ
1173 2897 1234 2950 τὸ
1259 2895 1420 2961 ζῶον,
1450 2895 1548 2948 καὶ
1578 2897 1697 2958 ταῖς
1724 2895 1921 2957 οἰκίαις

345 2988 773 3060 ἐμφιλοχωροῦν.
805 2992 905 3044 Διά
949 3007 1030 3044 τοι
1054 2989 1237 3053 τοῦτο,
1283 2987 1352 3040 τὰ
1385 2987 1484 3058 μὲν
1507 2986 1567 3039 οὐ
1596 2986 1814 3051 διετλεν,
1843 2985 1918 3050 ὡς

342 3081 430 3153 τὴν
455 3083 558 3152 τῆς
601 3080 850 3146 δουλείας
877 3081 1201 3152 ἀπαλλαγὴν
1232 3078 1606 3148 αίνιττόμενα.
1633 3077 1715 3130 Τὰ
1741 3076 1798 3130 δέ
1831 3094 1920 3130 τε-

2023 1874 2348 1930 obvcntura.
2385 1873 2666 1946 Siquidem
2700 1879 2974 1934 sacriﬁcio
3004 1887 3250 1950 peracto,
3277 1877 3556 1949 subiunxit
3583 1898 3598 1935 :

2025 1984 2046 2018 ι
2076 1965 2423 2036 Cognoscens
2443 1983 2766 2039 cognosces,
2797 1971 2945 2042 quod
2971 1985 3156 2026 Semen
3187 1980 3338 2025 tuum
3364 1971 3603 2042 peregri-

2020 2071 2148 2110 num
2174 2056 2278 2112 erit
2308 2058 2361 2111 in
2385 2067 2529 2114 terra
2573 2075 2682 2114 non
2711 2075 2830 2116 sua.
2903 2081 2923 2113 ι
2957 2060 3021 2116 Et
3047 2061 3253 2118 addidit
3283 2080 3298 2117 :
3343 2081 3364 2116 ι
3396 2063 3602 2130 Quarta

2020 2163 2150 2202 vero
2171 2149 2518 2218 generatione
2545 2162 2892 2208 revertentur
2925 2153 3031 2210 huc
3063 2159 3116 2208 ι.
3149 2172 3169 2206 ι
3205 2154 3495 2225 Propterea
3533 2169 3602 2210 ex

2019 2242 2460 2314 quadrupedibus
2508 2243 2726 2301 mundis
2776 2245 2908 2312 tria,
2960 2254 3016 2301 et
3053 2248 3488 2318 unumquodque
3509 2260 3604 2302 eo-

2019 2349 2140 2388 rum
2195 2335 2416 2390 trimum
2455 2337 2748 2393 sacriﬁcari
2777 2341 3053 2412 praecepit,
3105 2340 3172 2395 ad
3217 2339 3602 2412 signiﬁcandas

2021 2437 2134 2481 tres
2174 2429 2590 2496 generationes,
2659 2446 2782 2502 quae
2830 2432 2886 2486 in
2938 2433 3181 2488 incolatu
3229 2447 3602 2504 permansura:

2019 2521 2196 2577 erant.
2231 2521 2436 2578 Turtur
2459 2533 2640 2580 autem
2667 2527 3076 2594 generationem
3106 2527 3257 2582 illam
3283 2527 3600 2596 denotabat,

2019 2629 2142 2682 qua:
2173 2629 2238 2668 ex
2272 2613 2510 2688 Egypto
2539 2633 2758 2688 egressa
2791 2618 2938 2675 velut
2989 2620 3248 2687 avolavit,
3296 2627 3352 2676 et
3381 2621 3600 2677 habita-

2021 2703 2098 2757 vit
2127 2705 2180 2758 in
2219 2705 2818 2777 deserto.-Hujusmodi
2851 2709 3000 2764 enim
3026 2711 3144 2767 avis
3171 2720 3255 2769 est
3277 2726 3470 2767 amans
3503 2711 3600 2767 de-

2021 2793 2172 2849 serti.
2197 2794 2454 2850 Columba
2473 2805 2651 2851 autem
2681 2799 3086 2868 generationem
3124 2801 3286 2858 aliam
3318 2804 3596 2871 innuebat,

2021 2902 2142 2957 quae
2169 2895 2368 2942 terram
2408 2891 2736 2960 promissam
2781 2893 3012 2962 accepit.
3059 2892 3406 2953 Mansuetum
3451 2899 3597 2954 enim

2020 2993 2104 3038 est
2134 2981 2236 3039 hoc
2266 2984 2468 3038 animal
2496 2993 2550 3039 et
2574 2986 2958 3042 domesticum.
3013 2985 3191 3055 Quam
3239 2991 3311 3046 ob
3348 3006 3598 3056 causam,

2023 3075 2140 3130 haec
2163 3069 2638 3146 quidem'minime
2675 3077 2882 3146 divisit,
2909 3089 2972 3136 ut
3015 3080 3385 3138 liberationem
3415 3097 3446 3137 a
3481 3099 3600 3138 ser-

344 3174 587 3248 τράποδα
633 3173 852 3240 διεῖλεν,
905 3175 1028 3228 ἐπεὶ
1064 3175 1168 3246 τὴν
1208 3175 1266 3227 ἐν
1313 3171 1576 3242 Αἰγύπτῳ
1619 3169 1919 3240 κακουχίαν

2023 3169 2192 3223 vitute
2207 3167 2590 3240 signiﬁcantia.
2615 3168 3008 3240 Quadrupedes
3030 3181 3212 3226 autem
3241 3173 3472 3242 partitus
3491 3183 3595 3238 εει,

345 3269 626 3338 ἐσήμαινε.
660 3267 742 3320 Τὰ
783 3266 841 3321 δέ
879 3283 942 3336 γε
967 3267 1314 3336 ἐφιπτάμενα
1349 3265 1458 3327 τοῖς
1485 3261 1919 3334 διχοτομήμασιν

344 3358 507 3430 ὅρνεα,
541 3359 698 3430 ἅπερ
719 3361 748 3413 ὁ
788 3359 1140 3429 πατριάρχης
1162 3359 1227 3410 ἐκ
1250 3355 1359 3410 τῶν
1388 3355 1605 3421 ἱερείων
1637 3353 1916 3425 ἐξήλαυνε,

345 3452 430 3522 τὴν
457 3451 699 3523 φονικὴν
737 3450 848 3504 τῶν
889 3449 1204 3516 Αἰγυπτίων
1239 3447 1602 3520 προῃνίττετο
1649 3443 1878 3516 γνώμην
1901 3460 1916 3474 ·

345 3541 403 3611 ἠν
419 3541 711 3612 ἄπρακτον
749 3540 1031 3610 ἀπέφηνεν
1062 3539 1393 3608 ὀΔεσπότης
1437 3537 1590 3600 Θεὸς,
1637 3535 1735 3598 τὰς
1783 3535 1920 3606 πρὸς

344 3634 426 3685 τὸν
464 3633 732 3704 Ἀϐραὰμ
765 3631 1016 3702 ἐμπεδῶν
1034 3629 1358 3700 ὑποσχέσεις
1375 3646 1388 3659 ·
1415 3627 1606 3699 ὥσπερ
1627 3627 1735 3698 γὰρ
1752 3627 1811 3678 ἐν
1842 3624 1920 3696 τῷ

345 3724 487 3794 τύπῳ
516 3726 654 3788 τοὺς
697 3722 1066 3794 σαρκοϐόρους
1104 3721 1283 3793 ὄρνεις
1311 3720 1607 3790 ἐξήλαυνεν
1642 3718 1919 3790 Ἀϐραὰμ,

343 3816 502 3880 οὕτως
529 3817 570 3887 ἡ
602 3815 735 3886 τιμὴ
769 3815 866 3868 τοῦ
889 3814 1142 3886 ’Δϐραὰμ
1164 3814 1290 3876 τοὺς
1319 3813 1654 3882 Αἰγυπτίους
1669 3812 1918 3866 ἐκόλασε.

343 3909 406 3960 Τὸ
437 3909 496 3961 δὲ
521 3908 654 3979 περὶ
685 3907 836 3978 ἡλίου
871 3906 1082 3976 δυσμὰς
1113 3905 1350 3976 ὀφθῆναι
1379 3905 1472 3958 τὸν
1519 3903 1922 3974 καπνιζόμενον

345 4001 622 4064 κλίϐανον,
652 4002 747 4054 καὶ
775 3999 873 4064 τὰς
911 3997 1004 4052 τοῦ
1054 3999 1228 4070 πυρὸς
1250 3997 1564 4068 λαμπάδας,
1596 3996 1790 4070 ἐδήλου
1821 3997 1921 4068 μὲν

343 4094 430 4144 καὶ
461 4091 532 4144 τὸ
564 4090 824 4162 δεχθῆναι
853 4091 922 4144 τὰ
944 4089 1164 4159 θύματα
1181 4105 1196 4120 ·
1222 4089 1596 4159 προεσήμαινε
1623 4087 1681 4140 δὲ
1707 4086 1802 4139 καὶ
1821 4085 1922 4156 τὴν

343 4185 490 4254 παρὰ
529 4183 592 4237 τδ
633 4183 788 4246 τέλος
829 4180 922 4235 τοῦ
956 4179 1362 4252 προρῤηθέντος
1413 4179 1610 4250 χρόνου
1651 4179 1921 4248 ἐσομένην

344 4276 665 4344 ἐπιφάνειαν
698 4274 793 4328 τοῦ
823 4273 930 4327 τῶν
955 4273 1090 4328 ὅλων
1119 4271 1280 4326 Θεοῦ.
1307 4271 1408 4325 Διὰ
1434 4271 1608 4342 πυρὸς
1652 4270 1761 4342 γὰρ
1782 4269 1919 4341 ἐφά-

343 4386 402 4438 νη
427 4368 477 4400 ⁸⁸⁵
504 4369 601 4422 καὶ
633 4368 808 4437 Mum]
855 4364 935 4436 τῷ
969 4349 1255 4436 νομοθέτῃ,
1290 4365 1383 4417 καὶ
1409 4363 1550 4434 μετὰ
1563 4363 1737 4416 ταῦτα
1755 4362 1922 4416 παντὶ

343 4458 578 4528 τῷλαῷ.
633 4456 912 4510 Ἐδίδασκε
963 4456 1019 4509 δὲ
1067 4455 1204 4526 πρὸς
1246 4453 1478 4516 τούτοις,
1512 4453 1606 4506 καὶ
1632 4453 1714 4506 ὅτι
1740 4450 1916 4504 ταῦτα

346 4548 569 4622 ὕστερον
619 4548 975 4620 νομοθετήσει
1009 4548 1076 4602 τὰ
1115 4546 1230 4611 ζῶα
1261 4544 1692 4617 προσφέρεσθαι.
1754 4545 1910 4608 Τινὲς

347 4640 398 4692 δέ
429 4657 614 4707 φασιν,
645 4641 729 4692 ὅτι
778 4639 1004 4708 βεϐαίαν
1035 4639 1081 4670 ⁸⁸⁵
1123 4637 1292 4702 δεῖξαι
1344 4635 1672 4706 βουλόμενος
1709 4637 1738 4689 ὁ
1787 4635 1920 4698 Θεὸς

345 4727 440 4799 τὴν
473 4729 788 4799 ὑπόσχεσιν,
829 4729 973 4782 κατὰ
997 4727 1059 4781 τὸ
1089 4727 1324 4800 κρατοῦν
1357 4727 1476 4790 ἔθος
1503 4727 1798 4797 ἐποιήσατο
1815 4725 1914 4790 τὰς

349 4821 636 4889 συνθήκας.
697 4819 936 4873 Είώθασι
977 4819 1108 4890 γὰρ,
1137 4819 1212 4882 ὣς
1264 4837 1416 4888 φασι,
1477 4819 1598 4889 διχῆ
1634 4819 1702 4872 τὰ
1751 4820 1920 4890 ἱερεῖα

348 4911 706 4980 διαιροῦντες,
736 4911 880 4966 οὕτω
933 4911 1200 4967 ποιεῖσθαι
1236 4913 1362 4975 τοὺς
1403 4913 1623 4984 ὅρκους.
1664 4911 1806 4980 Ἐγὼ
1861 4911 1920 4965 δὲ

415 5100 436 5128 ·
464 5091 598 5147 Gen.
647 5107 738 5158 xv,
785 5091 872 5147 {6.
960 5095 976 5128 ⁸
1014 5091 1150 5146 Gen.
1201 5109 1356 5156 χχιιι,
1396 5093 1448 5146 6.
1525 5100 1554 5128 ιι
1581 5092 1716 5147 Gen.
1755 5110 1844 5156 xv,
1879 5094 1965 5150 15.

2019 3277 2084 3316 eo
2109 3261 2256 3330 quod
2286 3261 2592 3317 indicarent
2624 3277 2789 3332 quam
2851 3264 2993 3318 male
3035 3264 3304 3319 tractandi
3351 3275 3508 3320 erant
3543 3269 3594 3320 in

2023 3351 2283 3424 Egypto.
2338 3353 2481 3409 Aves
2511 3363 2692 3409 autem
2739 3355 2864 3423 illae,
2920 3371 3044 3426 quae
3100 3371 3266 3426 supra
3317 3359 3596 3428 portiones

2021 3445 2226 3500 divisas
2262 3445 2581 3512 volitabant,
2610 3453 2750 3517 quas
2777 3447 2996 3518 quidem
3029 3448 3341 3520 patriarcha
3367 3464 3398 3506 a
3431 3443 3598 3506 sacri-

2024 3537 2164 3591 ﬁciis
2193 3535 2468 3606 abigebat,
2519 3539 2844 3594 sententiam
2891 3540 3270 3612 Aﬁgyptiorum
3324 3541 3599 3614 signiﬁca-

2023 3628 2175 3694 bant,
2203 3644 2308 3700 qua
2343 3643 2534 3684 omnes
2553 3632 2760 3686 caedere
2777 3631 3129 3688 decreverant
3164 3649 3179 3688 :
3210 3649 3374 3704 quam
3417 3643 3598 3689 tamen

2023 3721 2232 3776 irritam
2253 3719 2518 3776 Dominus
2547 3721 2687 3777 Deus
2700 3722 2950 3790 reddidit,
2975 3725 3160 3780 volens
3177 3740 3241 3780 ea
3268 3726 3425 3782 ﬁrma
3456 3736 3602 3782 rata-

2022 3829 2130 3884 que
2155 3829 2298 3875 esse.
2356 3830 2479 3884 quae
2507 3815 2823 3870 Abraliamo
2851 3815 3199 3888 promiserat.
3251 3817 3407 3874 Sicut
3450 3819 3599 3874 enim

2025 3903 2078 3957 in
2100 3902 2267 3972 ﬁgura
2294 3919 2422 3959 aves
2450 3905 2571 3960 illas
2593 3905 2934 3974 pradatrices
2963 3907 3553 3976 expellebatAbrabam
3581 3929 3595 3967 :

2023 3995 2103 4050 sic
2117 3995 2413 4050 Abrahami
2443 3996 2615 4051 honor
2654 3999 2912 4067 repressit
2933 3997 3398 4070 Egyptiosﬂuod
3414 4011 3596 4057 autem

2026 4088 2254 4151 dicitur,
2274 4088 2448 4142 visum
2470 4104 2592 4144 esse
2613 4089 2758 4144 circa
2787 4093 2918 4146 solis
2939 4107 3195 4148 occasum
3211 4093 3488 4152 clibanum
3511 4093 3598 4150 fu-

2027 4187 2293 4240 mantem,
2327 4186 2384 4232 et
2411 4177 2690 4248 lampades
2735 4179 2898 4251 ignis,
2940 4183 3303 4252 signiﬁcabat,
3349 4196 3600 4259 suscepta

2022 4282 2146 4322 esse
2193 4267 2512 4324 sacriﬁcia:
2552 4269 2666 4341 80
2692 4280 2746 4326 et
2802 4282 3094 4343 praeterea,
3140 4275 3308 4332 Deum
3353 4279 3597 4333 omnium

2023 4356 2142 4412 fore
2206 4361 2567 4430 conspicuum
2631 4363 2776 4419 circa
2813 4365 2975 4420 ﬁnem
3022 4367 3266 4436 praedicti
3315 4369 3596 4437 temporis.

2024 4448 2158 4508 Nam
2189 4451 2246 4506 in
2279 4453 2404 4524 igne
2444 4453 2596 4509 visus
2620 4465 2705 4511 est
2731 4456 2865 4512 Mosi
2899 4459 3220 4528 legislatori,
3253 4458 3449 4514 deinde
3474 4461 3600 4515 uni-

2028 4559 2187 4598 verso
2218 4546 2437 4616 populo.
2463 4545 2702 4602 Docebat
2727 4551 2914 4616 etiam,
2946 4552 3091 4620 quod
3124 4552 3350 4620 posthac
3386 4553 3600 4608 anima-

2025 4635 2098 4690 lia
2130 4635 2447 4706 huiusmodi
2483 4655 2580 4709 per
2612 4641 2786 4710 legem
2838 4651 3000 4695 erant
3033 4642 3326 4700 offerenda.
3367 4644 3436 4698 At
3474 4643 3600 4714 qui-

2021 4729 2144 4784 dam
2178 4727 2378 4795 lerunt,
2426 4732 2570 4800 quod
2615 4733 2756 4788 Deus
2785 4733 2977 4789 volens
3031 4734 3428 4801 demonstrare,
3468 4750 3599 4806 pro-

2025 4821 2343 4876 missionem
2393 4837 2550 4879 suam
2592 4824 2804 4878 ﬁrmam
2841 4840 2984 4890 esse,
3029 4826 3096 4881 de
3134 4842 3306 4897 more,
3335 4829 3428 4898 qui
3481 4837 3592 4883 tum

2024 4913 2338 4982 obtinebat,
2385 4918 2664 4985 pactiones
2709 4917 2948 4972 iniverit.
3001 4919 3260 4974 Solebant
3293 4922 3442 4975 enim
3469 4962 3484 4985 ,
3538 4933 3596 4974 ut

1237 5251 1470 5308 VARIJE
1503 5253 1884 5310 LICCTIONES
1920 5255 2005 5311 ΕΚ
2049 5256 2320 5311 (ZATENA
2355 5253 2704 5310 LIPSIICNSI.

424 5397 464 5428 ⁸³
495 5397 614 5452 Cat.
650 5410 706 5464 p.
735 5391 864 5447 206.
893 5388 1176 5460 γινώσκων
1206 5387 1427 5457 γνώσει.

1509 5390 1558 5420 ⁸⁸⁵
1590 5389 1706 5444 Cat.
1735 5406 1784 5460 p.
1812 5391 1938 5446 9.06.
1975 5392 2244 5456 ἐπεφάνη.

2323 5393 2367 5420 ⁸³
2401 5392 2654 5462 βεϐαίως.

1849 5554 2082 5612 NOTAE.

423 5686 494 5768 (δ’)
517 5683 649 5753 Cod.
683 5707 736 5750 et
769 5698 885 5768 Ptp.
907 5691 1068 5768 eixov

423 5764 494 5836 (ti)
533 5769 784 5838 'I'pzezéc.
809 5764 947 5822 Cod.
969 5765 1196 5836 τραπές.
1227 5765 1305 5820 Ex
1328 5780 1538 5836 errore,
1581 5775 1642 5822 ut
1683 5766 1917 5834 videtur,

2031 5701 2258 5780 librarii.
2297 5701 2448 5773 Apud
2491 5701 2679 5758 Picum
2716 5701 2922 5755 nullum
2969 5697 3131 5769 huius
3184 5712 3331 5754 vocas
3375 5710 3454 5755 est
3493 5709 3584 5748 Vc-

2029 5783 2266 5838 sugium.
3117 5804 3123 5810 -
