4038 6210
953 470 1149 528 ΕΡΩΤ.
1211 472 1337 529 ΞΗἍ

396 588 450 643 π
489 584 705 652 δήποτε
760 584 1207 710 περιτμηθῑὲἒέ
1226 588 1441 686 ⁸αὑτὸν·
1497 589 1873 658 προσέταξεν
1909 594 1943 647 ό

1109 674 1207 723 εος
1220 675 1241 722 ;

445 742 721 815 Προειπὼν
765 744 866 816 τὴν
912 748 1226 817 παροικίαν,
1278 751 1530 820 φυλακήν
1574 768 1699 806 τινα
1761 771 1941 824 μηχα-

382 838 524 889 νᾶται
566 838 631 905 τῇ
660 836 947 909 εὐσεϐείᾳ,
999 839 1085 891 ἵνα
1116 842 1230 903 τοῖς
1257 840 1577 896 δυσσεὸἐσιν
1627 843 1943 915 ἀνθρώποις

379 925 745 995 ἀναμιγέντες,
794 925 871 998 μὴ
920 927 1277 1003 διαφθείρωσι
1326 932 1428 1003 τὴν
1474 933 1781 1002 εὐγένειαν,
1809 936 1943 991 ἀλλά

378 1022 452 1082 εἰς
498 1018 558 1071 τὸ
602 1021 829 1091 σημεῖον
877 1021 1133 1092 ὁρῶντες,
1188 1023 1453 1079 ἄσϐεστον
1495 1027 1592 1081 τοῦ
1644 1028 1944 1096 δεδωκότος

374 1112 523 1164 τοῦτο
570 1110 672 1183 τὴν
702 1113 928 1184 μνήμην
954 1113 1292 1183 φυλάττωσι.
1333 1117 1444 1173 Καὶ
1493 1119 1575 1173 ὅτι
1604 1120 1764 1176 τοῦτό
1794 1125 1944 1177 ἐστιν

374 1201 581 1271 ἀληθὲς,
614 1202 647 1271 ἠ
694 1203 902 1273 ἕρημος
938 1205 1154 1276 μάρτυς
1188 1207 1323 1277 (11).
1367 1209 1794 1284 Τεσσαρὰκοντα
1832 1211 1943 1286 γὰρ

372 1295 586 1365 χρόνους
626 1295 740 1365 (12)
790 1297 850 1350 ὲν
887 1297 1024 1371 αὐτῇ
1067 1299 1471 1372 διατρίψαντες,
1525 1306 1788 1378 περιττὴν
1830 1308 1945 1361 ενό-

375 1386 519 1451 μιζον
554 1387 655 1458 τὴν
686 1390 1009 1461 περιτομὴν,
1028 1392 1143 1445 τῶν
1184 1394 1356 1448 ὲθνῶν
1399 1399 1818 1469 κεχωρισμένοι,
1849 1400 1943 1454 καὶ

371 1480 484 1532 καθ’
530 1480 762 1544 ἑαυτοὺς
816 1482 1247 1556 πολιτευόμενοι.
1316 1487 1507 1543 Ἥνίκα
1543 1491 1600 1544 δὲ
1648 1491 1835 1546 λοιπὸν
1862 1495 1942 1558 είς

369 1571 461 1639 τὴν
484 1573 905 1645 ἐπηγγελμένην
935 1576 1221 1648 εἰσήγοντο
1248 1579 1376 1648 γῆν,
1402 1583 1704 1646 τηνικαῦτα
1729 1582 1896 1639 πάλιν
1913 1585 1943 1638 ὁ

369 1662 469 1715 τῶν
490 1663 626 1716 ὅλων
658 1664 792 1729 Θεὸς
830 1665 1010 1737 Ἰησοῦ
1037 1667 1117 1739 τῷ
1144 1670 1239 1724 τοῦ
1271 1673 1424 1740 Ναυῆ
1457 1675 1761 1742 προσέταξε
1780 1693 1942 1748 περι-

369 1757 543 1824 τεμεῖν
572 1755 856 1823 ἀπαντας·
898 1761 993 1814 καὶ
1033 1760 1178 1816 οὕτω
1210 1765 1311 1833 τῆς
1339 1766 1442 1836 γῆς
1474 1768 1812 1837 παραδοῦναι
1842 1769 1943 1841 τὴν

369 1846 707 1904 δεσποτείαν.
743 1852 1011 1922 Ἔμελλον
1044 1855 1156 1927 (15)
1179 1856 1289 1928 γὰρ
1349 1858 1560 1913 ἔθνεσιν
1620 1861 1942 1932 ἀλλοφύλοις
1977 1847 2022 1903 Β

372 1941 771 2008 προσπελάζειν
791 1961 804 1977 ·
829 1939 891 1999 οῦ
912 1945 977 2018 δὴ
996 1948 1157 2020 χάριν
1178 1950 1495 2021 ἀναγκαίως
1513 1955 1614 2025 τῆς
1647 1958 1946 2027 σφραγῖδος

371 2032 573 2088 ἐδέοντο
592 2077 607 2099 ,
633 2036 741 2106 τῆς
780 2039 892 2092 ἀπὸ
911 2040 1021 2095 τῶν
1049 2042 1358 2113 ἀλλογενῶν
1383 2047 1582 2112 αὐτοὺς
1605 2050 1951 2124 χωριζούσης

370 2126 548 2181 ἐθνῶν.
574 2129 655 2182 «Εἰ
686 2129 742 2183 δὲ
779 2131 925 2202 μέγα
956 2136 1248 2206 φρονοῦσιν
1276 2139 1370 2193 ἐπὶ
1397 2142 1463 2211 τῇ
1503 2146 1773 2216 περιτομῇ
1813 2145 1947 2198 Ἰουι

370 2217 515 2282 δαῖοι,
534 2220 866 2289 μαθέτωσαν
880 2226 959 2280 ὅτι
976 2227 1087 2299 (14)
1105 2230 1166 2282 οὐ
1183 2232 1344 2301 μόνος
1368 2233 1415 2265 ⁸⁸
1437 2235 1467 2287 δ
1495 2236 1843 2310 πατριάρχης
1857 2255 1951 2293 πε-

373 2313 637 2383 ριετμῆθη
660 2356 678 2379 ,
699 2316 834 2371 ἀλλὰ
853 2320 945 2373 καὶ
973 2320 1197 2395 ’Ῐσμαὴλ
1214 2325 1569 2397 ὁήμίδουλος,
1602 2330 1696 2383 καὶ
1716 2332 1765 2384 oi
1790 2334 1930 2386 οξκο⁶

371 2406 535 2470 γενεῖς
551 2408 792 2469 οἰκέται.
815 2413 908 2465 καὶ
923 2413 972 2466 oi
1000 2415 1404 2490 ἀργυρώνητοι,
1429 2424 1522 2476 καὶ
1535 2425 1585 2476 οί
1627 2424 1947 2496 Ἰδουμαῖοι,

371 2497 454 2585 sui
509 2501 558 2552 oi
626 2502 740 2557 ἀπὸ
780 2504 883 2574 τῆς
937 2507 1270 2582 Χεττούρας.
1337 2513 1584 2585 Ἐμαθον
1624 2518 1682 2572 δὲ
1724 2519 1790 2573 ἑκ
1841 2519 1952 2575 τῶν

379 2584 736 2659 Ἰσραηλιτῶν
765 2594 861 2647 καὶ
880 2594 1171 2665 Αἰγύπτιοι
1193 2605 1382 2674 περιτέ
1391 2584 1644 2673 μνεσθαι.
1669 2610 1745 2663 Οὐ
1772 2611 1952 2664 τοίνυν

368 2678 399 2772 η
426 2683 710 2751 περιτομὴ
739 2682 983 2752 δικαίους
1009 2690 1324 2761 ἐργάζεται.
1355 2691 1517 2752 Οὗτοι
1546 2699 1655 2772 γὰρ
1688 2701 1950 2768 ἅπαντες,

368 2769 437 2865 ὡς
471 2772 802 2841 δυσσεϐεῖς.
847 2779 951 2834 ὑπὸ
990 2783 1084 2852 τῆς
1128 2785 1279 2851 θείας
1337 2769 1769 2864 κατηγοροῦνται
1813 2795 1956 2865 Γρα-

368 2863 486 2933 ῳῆς.
506 2868 731 2922 Οὐκοῦν
754 2872 872 2927 οὐδὲ
905 2874 996 2927 τὸν
1037 2877 1348 2951 Ἀδραάμή
1381 2863 1652 2954 περιτομὴ
1686 2863 1951 2940 ἐδικαίω-

368 2973 484 3022 σεν,
534 2959 667 3015 ἀλλ’
697 2963 730 3033 ἡ
769 2964 871 3034 μὲν
904 2967 1088 3031 πίστις
1142 2970 1394 3043 ἀπέφηνε
1426 2974 1636 3029 δίκαιον
1656 2993 1669 3006 ·
1701 2975 1955 3049 λαμπρά·

367 3065 517 3117 τερον
560 3051 627 3105 δὲ
681 3053 714 3123 ή
766 3056 937 3129 ἀρετὴ
992 3062 1416 3119 κατεσκεύασεν.
1458 3066 1526 3119 Ἦ
1558 3065 1618 3121 δὲ
1674 3068 1952 3141 περιτομὴ

370 3146 604 3212 σημεῖον
626 3146 787 3219 ἐδόθη
815 3150 919 3221 τῆς
958 3153 1199 3219 πίστεως
1229 3156 1296 3213 ⁸⁸.

929 3266 976 3299 ⁹⁰
1009 3267 1206 3325 ΕΡΩΤ.
1263 3270 1382 3326 ΞΘ’.

382 3369 437 3424 Ἠ
475 3372 618 3427 θεία
663 3376 876 3457 Γραξὴ
927 3380 1109 3461 λέγεέ,
1148 3381 1238 3461 ὕει
1273 3384 1500 3461 iis:th
1541 3390 1595 3443 οὶ
1624 3388 1865 3461 ἄγγελοι
1886 3392 1958 3446 ἐν

760 3455 835 3515 τῇ
884 3455 1088 3520 σκηνῇ
1118 3455 1226 3508 τοῦ
1286 3456 1567 3527 Ἀϐραάμ.

435 3533 549 3587 Καὶ
570 3535 606 3604 ἡ
630 3538 769 3610 αὐτη
797 3539 947 3609 λέγει
972 3542 1279 3615 Γραφὴ.δτι
1296 3546 1493 3616 ἀνδρας
1511 3544 1650 3603 εἶδεν
1681 3550 1952 3623 Ἀδραάμη

374 3621 430 3675 Εἰ
460 3624 649 3678 τοίνυν
679 3630 871 3700 γυμνῷ
905 3633 1236 3703 προσεκτέον
1282 3635 1362 3706 τῷ
1391 3637 1702 3709 γράμματι,
1738 3621 1952 3713 ἄνδρες,

372 3715 463 3769 οὐκ
495 3718 727 3787 ἄγ’γελοι
759 3720 962 3791 ἔφαγον
988 3742 1003 3754 ·
1036 3727 1085 3779 εί
1129 3727 1185 3780 δὲ
1212 3728 1304 3783 τὸν
1336 3730 1461 3784 νοῦν
1491 3732 1951 3805 ἀναπτύσσωμεν,

373 3808 441 3873 t'o;
465 3808 734 3884 ὤφθησαν
763 3815 988 3887 ἔφαγον.
1053 3821 1266 3893 Ὥσπερ
1306 3822 1415 3894 γάρ
1464 3824 1757 3896 ἀσώματον
1802 3827 1954 3899 ἕχον-

369 3917 454 3964 τες
508 3904 627 3976 (15)
675 3906 876 3975 φύσιν,
927 3913 1021 3965 καὶ
1056 3913 1233 3975 αὐτοὶ,
1276 3915 1374 3968 καὶ
1427 3917 1457 3969 ὁ
1503 3917 1713 3973 τούτων
1744 3921 1969 3974 Δεσπό-·

374 4008 493 4083 της,
528 3994 759 4067 σώματα
801 4000 946 4071 ἔχειν
983 4002 1191 4071 ἔδοξαν,
1224 4007 1398 4072 οὕτως
1448 4011 1557 4080 γὰρ
1586 4011 1911 4083 ἑωράθησαν
1936 4030 1951 4044 ⁸

372 4080 547 4175 οῦτως
575 4087 850 4155 ἐσθίοντες
895 4091 1176 4165 ὤφθησαν,
1228 4099 1288 4151 οὐ
1321 4099 1551 4169 στόματι
1614 4080 1712 4156 καὶ
1755 4080 1955 4175 γαστρὶ

374 4174 471 4245 τὴν
501 4178 712 4250 τροφὴν
734 4186 1192 4253 προσενεγκόντες
1208 4205 1221 4218 ⁸
1245 4188 1368 4244 οὔτε
1396 4191 1503 4261 γὰρ
1530 4187 1675 4264 εἶχον
1701 4174 1951 4266 σώματαο

374 4267 747 4337 ἀναλώσαντες
777 4273 833 4329 δὲ
857 4277 1024 4347 αὐτὴν
1044 4278 1118 4342 ὡς
1141 4280 1432 4354 ἠθέλησαν.
1467 4285 1678 4348 ’Ᾱνοίας
1703 4286 1816 4357 (l6)
1842 4288 1952 4359 γὰρ

374 4361 604 4504 ἐξ·χάηὲ
651 4364 714 4419 τὸ
768 4367 1338 4442 πολυπραγμονεῖσθαι
1367 4375 1478 4447 (17)
1527 4376 1636 4431 τῶν
1693 4378 1955 4452 ἀρρήτων

376 4468 404 4503 τ
435 4469 465 4504 ν
494 4470 563 4504 το
601 4473 723 4504 πον-

376 4453 465 4504 τὸν
494 4453 723 4525 τρόπον.

1003 4571 1201 4630 ΕΡΩΤ.
1247 4576 1323 4627 0'.

378 4679 535 4735 Διατί
575 4683 610 4736 ό
646 4682 782 4739 Λὼτ
821 4688 933 4741 οὐκ
966 4686 1265 4812 erudiri/In
1321 4690 1452 4757 ταῖς
1496 4694 1825 4762 θυγατράσι
1854 4713 1954 4765 μι-

1076 4776 1142 4812 re
1169 4778 1201 4812 ρ
1220 4775 1259 4812 :'

1076 4775 1259 4827 τεις;’

460 4841 681 4914 Ἐπειδὴ
720 4848 836 4908 τοῖς
873 4846 935 4913 ἐξ
956 4802 1193 4919 ἀγνοίας
1214 4802 1732 4927 πλημμελουμένοις
1761 4856 1856 4910 καὶ
1901 4858 1952 4911 oi

1331 365 1615 437 QUEST.
1643 364 1726 428 ιΝ
1784 366 2056 429 GENES.
2089 368 2245 429 CAP.
2290 370 2644 433 XVII'XIX.

1988 4557 2035 4613 D

2573 381 2644 433 Χ.
3530 381 3634 449 118

2569 480 3112 540 INTEBR.LXVHL

2262 593 2439 662 Quare
2479 598 2619 652 Deus
2652 596 2819 666 jussit
2846 599 3021 665 ipsum
3067 601 3424 659 circumcidi?

2122 753 2257 809 Cum
2295 753 2434 811 Deus
2463 756 2805 826 praedixisset
2835 758 3156 823 incolatum,
3185 759 3405 830 pietatis
3448 776 3634 818 custo-

2049 847 2213 903 diam-
2244 848 2574 919 excogitavit
2609 868 2622 905 :
2656 866 2724 906 ne
2763 849 3078 908 hominibus
3123 853 3304 924 impiis
3349 856 3593 922 permisti
3616 899 3630 923 ,

2054 943 2397 998 macularent
2427 944 2792 1012 nobilitatem,
2827 946 2919 1001 sed
2973 945 3026 1001 in
3077 945 3293 1015 signum
3332 946 3629 1013 intuentes,

2051 1032 2397 1089 indelebilem
2432 1036 2755 1091 memoriam
2776 1036 2918 1107 eius,
2972 1038 3066 1107 qui
3112 1038 3260 1094 dedit
3298 1038 3451 1104 illud,
3498 1054 3603 1094 con

2051 1135 2356 1181 servarent.
2390 1127 2571 1196 Atque
2616 1128 2720 1184 boc
2756 1145 2877 1186 esse
2920 1146 3133 1198 verum,
3175 1139 3407 1187 testatur
3445 1132 3632 1188 deser.

2050 1222 2186 1270 tum.
2227 1216 2363 1272 Nam
2387 1233 2511 1272 cum
2548 1218 2603 1272 in
2633 1234 2700 1271 eo
2729 1220 2989 1289 degerent
3021 1221 3379 1291 quadraginta
3430 1236 3630 1286 annos,

2051 1313 2381 1384 superﬂuam
2425 1313 2817 1368 existimabant
2858 1315 3334 1369 circumcisionem
3379 1333 3393 1370 :
3439 1328 3632 1385 nempe

2052 1421 2080 1461 a
2127 1404 2338 1460 caeteris
2377 1404 2630 1474 gentibus
2669 1407 2962 1477 segregati,
3007 1416 3061 1460 et
3096 1407 3243 1477 quod
3270 1422 3456 1462 secum
3489 1408 3633 1462 inter

2052 1513 2113 1555 se
2149 1509 2519 1554 versaremur.
2552 1497 2789 1564 Quando
2836 1514 2964 1554 vero
3004 1509 3192 1569 postea
3222 1499 3453 1571 ingressi
3502 1508 3631 1555 sunt

2052 1599 2256 1647 terram
2278 1591 2634 1661 promissam,
2664 1599 2795 1646 tunc
2816 1592 3013 1646 iterum
3040 1590 3184 1647 Deus
3214 1594 3458 1647 omnium
3493 1607 3632 1661 pra:-

2051 1684 2196 1755 cepit
2222 1683 2404 1739 Josuae
2431 1684 2542 1738 lilio
2567 1682 2735 1750 Nave,
2773 1684 3168 1739 circumcidere
3205 1700 3419 1749 omnes,
3462 1693 3518 1740 et
3557 1685 3631 1740 ita

2052 1779 2355 1835 dominium
2389 1790 2548 1835 terrae
2571 1779 2809 1835 tradere.
2840 1778 3163 1835 Erarifenim
3198 1779 3367 1836 futuri
3399 1780 3632 1850 proximi

2055 1873 2272 1945 populis
2310 1872 2628 1940 alienigenis
2656 1890 2670 1926 :
2700 1871 3058 1941 quamobrem
3091 1871 3408 1942 indigebant
3436 1885 3628 1927 neces-

2055 1966 2203 2022 sario
2227 1965 2386 2035 signo
2414 1964 2676 2034 quodam,
2712 1963 2854 2033 quod
2885 1963 3008 2018 illos
3031 1962 3390 2032 distingueret
3410 1962 3478 2016 ab
3501 1962 3634 2017 alie-

2053 2058 2268 2129 nigenis
2317 2058 2655 2112 nationibus.
2703 2053 2933 2122 Quod'si
2975 2052 3148 2109 Judaei
3207 2054 3634 2125 gierianturﬁe

2054 2150 2494 2212 circumcisione,
2525 2148 2745 2205 discant
2791 2147 2937 2218 quod
2983 2162 3088 2202 non
3135 2146 3286 2203 solus
3319 2146 3632 2217 patriarcha

2055 2242 2420 2298 circumcisus
2451 2241 2633 2303 fuerit,
2675 2240 2800 2310 32‘
2817 2240 3105 2295 sed'etiam
3144 2238 3336 2294 lsmael
3370 2238 3630 2294 semiser-

2053 2347 2176 2396 vus,
2211 2340 2266 2387 et
2295 2346 2490 2399 vernae,
2524 2338 2579 2387 et
2627 2332 2801 2400 pretio
2855 2330 3023 2399 empti
3068 2330 3247 2393 servi,
3282 2338 3336 2384 et
3386 2328 3631 2391 Idumaei.

2053 2432 2109 2479 et
2133 2424 2227 2495 qui
2260 2439 2326 2478 ex
2356 2422 2598 2478 Cbctura
2630 2422 2734 2477 orti
2768 2430 2918 2478 sunt.
2955 2421 3107 2488 Quin
3132 2431 3186 2476 et
3224 2419 3466 2493 Egyptii
3491 2436 3632 2493 quo-

2054 2532 2162 2586 que
2188 2515 2500 2571 didicerunt
2523 2513 2594 2568 ab
2637 2512 2900 2569 lsraelitis
2945 2513 3285 2569 circumcidi.
3313 2512 3436 2569 Non
3470 2513 3636 2585 igitur

2055 2606 2405 2663 circumcisio
2448 2607 2631 2677 justos
2682 2605 2880 2660 reddit.
2929 2603 3024 2660 Isti
3068 2605 3213 2661 enim
3254 2618 3469 2671 omnes,
3514 2616 3637 2661 tan-

2054 2715 2221 2770 quam
2252 2699 2427 2769 impii,
2459 2715 2489 2753 a
2517 2699 2704 2753 divina
2742 2698 3027 2767 Scriptura
3054 2705 3333 2753 notantur.
3365 2697 3509 2768 Ergo
3538 2712 3636 2753 ne-

2056 2807 2165 2863 que
2202 2792 2579 2847 Abrahamum
2614 2790 2961 2846 circumcisio
2988 2791 3329 2861 justilicavit,
3357 2790 3450 2846 sed
3502 2789 3635 2845 ﬁdes

2036 2884 2210 2940 "illum
2231 2882 2440 2953 justum
2465 2881 2784 2947 declaravit,
2821 2892 2874 2935 et
2904 2880 3259 2937 illustriorem
3277 2879 3636 2937 reddiditvir-

2060 2985 2168 3033 tus.
2185 2974 2550 3032 Circumcisio
2576 2982 2757 3030 autem
2779 2975 2918 3029 data
2931 2983 3017 3031 est
3044 2975 3217 3032 veluti
3238 2975 3455 3047 signum
3488 2972 3632 3029 ﬁdei.

2590 3262 2871 3322 INTER“.
2913 3264 3102 3320 LXIX.

2060 3378 2344 3440 Scriptura
2385 3379 2565 3434 divina
2593 3379 2825 3451 perhibet
2860 3381 3073 3450 angelos
3120 3381 3405 3436 comedisse
3442 3383 3497 3437 in
3522 3392 3636 3437 ten-

2613 3453 2753 3505 torio
2783 3451 3095 3505 Abrahami.

2131 3541 2335 3597 Eadem
2395 3556 2616 3612 quoque
2681 3541 2960 3611 Scriptura
3013 3545 3212 3598 asserit
3259 3543 3633 3602 Abralramum

2059 3635 2209 3691 viros
2240 3635 2462 3690 vidisse.
2503 3634 2558 3689 Si
2604 3651 2735 3705 ergo
2771 3635 3002 3690 litteram
3033 3635 3232 3691 nudam
3267 3637 3633 3703 attendamus,

2060 3729 2183 3794 viri,
2221 3744 2330 3783 non
2362 3729 2540 3799 angeli
2588 3730 2942 3784 comederunt
2973 3745 2986 3782 :
3019 3729 3064 3784 si
3098 3743 3227 3784 vero
3256 3738 3493 3784 mentem
3540 3745 3637 3784 ex-

2058 3822 2346 3892 plicemus,
2380 3820 2481 3877 visi
2507 3813 3460 3888 suntcomedere.‘Quemadmodum
3487 3822 3635 3877 enim

2058 3914 2157 3980 illi,
2187 3923 2398 3969 natura:
2430 3929 2557 3969 cum
2590 3913 2703 3968 sint
2744 3912 3098 3982 incorporeas,
3140 3922 3319 3968 tamen
3348 3921 3404 3969 et
3442 3914 3638 3984 ipsiet

2058 4022 2248 4062 eorum
2283 4006 2547 4060 Dominus
2580 4004 2683 4059 visi
2710 4013 2840 4060 sunt
2871 4004 3072 4060 habere
3094 4020 3349 4073 corpora,
3383 4005 3635 4060 ita-enim

2059 4105 2435 4168 apparuerunt
2469 4113 2482 4150 :
2515 4096 2596 4152 sic
2625 4096 2727 4151 visi
2757 4102 2887 4151 sunt
2912 4095 3095 4159 edere,
3125 4109 3234 4149 non
3266 4095 3450 4151 cibum
3498 4095 3638 4150 infe-

2060 4199 2239 4246 rentes
2274 4190 2330 4245 in
2360 4204 2422 4245 os
2451 4199 2506 4245 et
2534 4198 2797 4252 ventrem,
2836 4203 3014 4256 neque
3060 4187 3207 4242 enim
3257 4201 3506 4258 corpora.
3538 4186 3638 4240 ba-

2058 4283 2293 4348 bebant;
2326 4282 2421 4338 sed
2444 4289 2832 4337 consumentes
2862 4281 3044 4335 cibum
3068 4289 3232 4350 prout
3267 4280 3376 4335 illis
3411 4279 3634 4348 placuit.

2061 4374 2329 4429 Extrema!
2366 4375 2510 4429 enim
2542 4373 2830 4429 dementiae
2854 4382 2960 4439 est,
2994 4372 3264 4429 rationem
3316 4386 3382 4427 ac
3413 4370 3634 4425 modum

2058 4480 2381 4520 arcanorum
2411 4465 2627 4521 curiose
2653 4464 2931 4533 indagare.

2606 4574 2885 4630 INTERR.
2932 4572 3097 4627 LXX.

2061 4690 2169 4746 Cur
2215 4701 2309 4746 Lot
2336 4706 2436 4744 non
2466 4700 2542 4743 est
2572 4684 3046 4809 accusatusyquod
3089 4684 3303 4756 ﬁliabus
3331 4701 3386 4740 se
3412 4684 3634 4738 miscue-

2787 4773 2832 4809 γι
2876 4797 2889 4809 .

2787 4773 2889 4811 1⁸1ιέ

2130 4850 2269 4917 Quia
2303 4851 2552 4906 homines
2577 4863 2794 4920 quoque
2833 4848 3009 4904 solent
3034 4848 3143 4905 illis
3188 4848 3497 4921 ignoscere,
3544 4846 3634 4915 qui

1266 4986 1504 5044 VARUE
1536 4990 1920 5048 LECTIONES
1960 4989 2057 5047 EX
2105 4987 2387 5044 CATENA
2420 4986 2774 5043 LIPSIENSI.

450 5174 495 5263 ’ξ
684 5177 895 5263 ρλῖξίίο
923 5180 1011 5263 Αὼς
1037 5181 1098 5235 οὒ
1135 5183 1316 5254 μόνον.
1392 5186 1439 5219 ⁸⁹
1464 5184 1741 5258 Sequitur,
1779 5190 1864 5244 ἵνα
1893 5191 1984 5246 διὰ
2013 5192 2112 5263 τῆς
2142 5191 2445 5263 περιτομῆς
2473 5189 2742 5263 γνώριμοι
2775 5185 2910 5248 ὦσιν
2939 5192 2988 5246 οἱ
3014 5190 3108 5246 τοῦ
3136 5189 3329 5247 πιστοῦ
3361 5189 3631 5261 Ἀϐραάμ.

387 5241 430 5275 ⁸⁸
453 5244 653 5314 ρυδιει.
686 5241 761 5302 B9
786 5249 957 5305 abest.

1872 5399 2099 5459 ΝΟΤᾸΞ.

452 5526 563 5665 (11)
589 5526 852 5594 Μάρτυς.
893 5529 1027 5585 Cod.
1064 5538 1349 5606 μαρτυρεῖ.

453 5597 544 5661 (ιῖ
603 5600 1068 5665 Τεσσαρὰκοντα
1124 5606 1235 5665 γὰρ
1274 5625 1344 5665 γλ)

453 5597 563 5665 (ιῖ)
603 5597 1101 5677 ’ζίςσνοναράῖιονιτιίΔ
1124 5597 1551 5677 τ’·ὰρξγρόνους.
1589 5610 1723 5665 Cod.
1757 5628 1955 5665 τεσσα-

392 5670 649 5752 ρῳιοστοῦ
684 5685 830 5733 τινος
861 5670 971 5740 γὰρ
1004 5670 1217 5742 χρόνον.
1254 5670 1368 5734 Pio.
1404 5670 1816 5754 τεσσαράκοντα
1852 5684 1945 5753 ἔτη

392 5737 722 5791 γιονοόνον.

390 5753 724 5879 718301333:
751 5812 1007 5879 ἤμελλον.

2139 5545 2249 5613 (1.1)
2285 5546 2426 5600 Ὅτι.
2464 5546 2599 5601 (ἷοιι.
2629 5546 2833 5601 etPic.
2870 5545 2965 5609 ὡς.

2139 5616 2251 5683 (15)
2286 5616 2422 5671 Cod.
2451 5616 2687 5686 ἔχουσιν.

2136 5686 2246 5756 (16)
2275 5687 2385 5741 Cod
2396 5730 2407 5742 .
2437 5687 2679 5755 ἀγνοίας.

2140 5758 2248 5830 (17)
2276 5757 2410 5814 Cod.
2447 5757 2995 5828 πολυπραγμονῆσαι.
