4038 6210
389 344 491 413 179

1383 344 1874 407 THEODOBETI
1914 345 2257 408 EPISCOPI
2290 346 2661 415 CYRENSIS

3555 340 3660 408 1590

387 474 482 529 per
520 454 888 528 ignorantiam
946 453 1293 525 delinquunt.
1338 452 1510 509 Nemo
1550 455 1733 526 itaque
1773 458 1966 510 merito

2072 456 2355 526 ἄνθρωποι
2379 454 2779 525 συγγινώσκειν
2805 451 3066 505 είώθασιν
3084 465 3098 481 ⁶
3123 448 3184 503 οὐ
3224 447 3407 503 τοίνυν
3434 449 3558 505 οὐδὲ
3584 454 3664 524 τῷ

385 552 581 605 Lotum
633 547 1046 617 reprehenderit
1092 547 1163 601 ob
1196 546 1339 600 illam
1374 547 1706 603 mistionem.
1743 547 1969 625 Nescie-

383 644 479 697 bat
508 640 652 696 enim
685 639 817 709 quid
842 649 1045 709 ageret.
1081 636 1330 693 Ebrietas
1362 654 1492 694 vero
1538 640 1627 694 illa
1673 639 1967 709 quamdam

386 733 550 787 habet
577 730 1056 800 reprehensionem
1091 729 1248 783 venia
1281 738 1657 799 temperatam:
1688 727 1971 798 Siquidem

384 825 584 880 anxius
629 822 809 887 valde,
840 824 919 891 {ac
962 837 1235 885 maerens,
1273 832 1455 892 utpote
1506 822 1763 879 omnibus
1806 823 1967 879 simul

382 918 542 991 bonis
577 925 629 971 et
650 931 821 971 uxore
853 916 1132 970 etiamsua
1162 916 1449 986 spoliatus,
1470 914 1737 986 permisit,
1769 916 1969 971 utlilize

383 1009 494 1081 83
524 1009 710 1063 vinum
745 1008 954 1077 largius
979 1008 1346 1075 aliunderent,
1378 1017 1430 1063 ct
1458 1009 1601 1079 quod
1652 1008 1970 1065 struebatur

383 1105 672 1174 ignorans,
709 1102 777 1158 ad
816 1102 1124 1157 leniendam
1176 1102 1643 1172 mitigandamque
1690 1102 1966 1158 tristitiam

384 1194 438 1250 id
468 1194 587 1250 ﬁeri
619 1193 1025 1265 suspicabatur.
1075 1192 1187 1247 Illa:
1226 1208 1356 1247 vero
1401 1208 1624 1262 prorsus
1655 1209 1687 1248 a
1741 1194 1969 1251 crimine

382 1297 515 1344 sunt
538 1288 848 1354 immunes;
878 1286 1028 1357 quia,
1066 1300 1193 1340 eum
1221 1285 1487 1341 vidissent
1519 1294 1757 1357 quatuor
1778 1289 1969 1344 civita-

384 1390 467 1438 tes
497 1390 553 1438 et
574 1380 860 1436 universos
890 1393 1057 1449 pagos
1082 1378 1237 1449 ignea
1271 1379 1455 1447 plutia
1485 1380 1781 1447 exarsisse,
1810 1380 1969 1437 habi-

383 1485 586 1531 tatores
613 1484 793 1530 autem
815 1471 1004 1543 Segor,
1056 1480 1215 1527 terrae
1243 1472 1393 1528 hiatu
1431 1475 1718 1545 absorptos
1746 1475 1967 1546 (nomen

386 1567 534 1631 enim
562 1568 739 1637 ipsum
772 1566 822 1619 id
852 1565 1147 1637 signiﬁcat,
1175 1564 1305 1636 quia
1368 1565 1540 1638 Segor
1593 1567 1826 1623 vertitur
1869 1568 1968 1623 ab-

383 1656 637 1727 sorptio),
668 1656 1080 1711 arbitrabantur
1108 1656 1418 1713 universam
1459 1673 1684 1728 prorsus
1715 1667 1964 1715 naturam

383 1749 668 1805 hominum
708 1749 1008 1805 interiisse.
1057 1749 1305 1820 Cumque
1353 1761 1675 1821 praesentem
1710 1753 1964 1809 solitudi.

382 1858 507 1897 nem
530 1842 880 1898 attenderem
908 1885 926 1910 ,
962 1851 1019 1898 et
1062 1843 1427 1913 prmviderent
1465 1846 1762 1902 senectutis
1793 1846 1966 1903 imbe-

385 1933 695 1998 cillitatem,
734 1934 978 1991 humano
1004 1935 1171 1991 simul
1202 1937 1387 2008 generi
1433 1952 1619 1993 semen
1654 1940 1966 2012 excogitare

385 2024 695 2091 voluerunt,
723 2034 778 2080 et
802 2026 905 2080 sibi
927 2025 1063 2096 ipsis
1097 2026 1531 2097 consolationem
1561 2027 1821 2098 aliquam.
1856 2029 1968 2084 Hac

385 2116 594 2171 ratione
620 2114 817 2182 ductae,
852 2131 964 2171 non
1006 2127 1067 2171 ut
1104 2117 1315 2173 libidini
1359 2119 1720 2182 inservirent,
1761 2120 1967 2176 anx-‘lio

387 2208 503 2262 vini
534 2223 650 2263 usae
672 2218 802 2263 sunt
835 2225 850 2263 :
883 2224 1119 2280 cumque
1156 2210 1296 2282 patri
1327 2225 1549 2266 sensum
1575 2211 1783 2281 majore
1813 2212 1968 2283 copia

385 2296 498 2353 vini
533 2297 890 2366 ademissent,
936 2298 1091 2356 illum
1123 2299 1353 2358 seminis
1397 2311 1678 2358 auctorem
1714 2303 1967 2360 reddide-

389 2400 542 2446 runt.

918 2592 1201 2651 INTERR.
1228 2593 1419 2650 LXXI.

390 2704 573 2770 Quare
605 2700 752 2760 Deus
799 2703 1178 2832 ἰίίερὶιὶηιιιῧη.ὁ
1195 2706 1614 2831 εῗιςηιὶδείοηεηι
1679 2720 1784 2761 non
1849 2721 1972 2776 pro-

1109 2793 1144 2831 ιι
1184 2793 1237 2830 ιιι

455 2865 795 2925 Ρτενίἀοῦδι
822 2869 1157 2940 impietatem
1188 2871 1412 2937 generis
1448 2870 1694 2926 humani.
1720 2868 1975 2927 Moabitae

386 2960 533 3015 enim
561 2961 817 3016 colebant
852 2960 1115 3026 Cbamos.
1186 2963 1516 3018 Ammanitae
1581 2962 1835 3018 Melchol.
1894 2962 1975 3019 Ne

388 3051 552 3123 igitur
591 3051 847 3109 Israelita:
894 3068 1019 3109 cum
1053 3053 1183 3120 illis,
1238 3064 1298 3109 ut
1343 3054 1611 3126 cognatis,
1679 3055 1974 3126 impietatis

2075 549 2199 603 Λὼτ
2235 548 2619 620 ὲπεμέμψαιτο
2644 547 2710 601 ἄν
2737 562 2820 609 τις
2854 544 3080 606 δικαίως
3099 541 3201 612 τῆς
3234 541 3437 614 μίξεως
3470 541 3659 598 ἓνεκα.

2085 640 2298 712 Ἥγνόει
2320 642 2429 713 γὰρ
2476 641 2539 694 τὸ
2580 639 2976 709 πραττόμενον.
3001 635 3074 689 Τὸ
3100 636 3157 689 δὲ
3197 635 3296 705 τῆς
3323 633 3496 705 μέθης
3537 636 3662 706 ἔχει

2071 735 2194 789 τινὰ
2263 733 2474 805 μέμψιν
2526 730 2878 803 κεκραμένην
2954 730 3278 802 συγγνώμῃ.
3348 726 3663 798 ’Δδημονῶν

2073 829 2182 899 γὰρ
2212 828 2408 900 κομιδῇ
2438 827 2533 880 καὶ
2569 825 2772 892 ἀλύων,
2817 824 2895 889 ὡς
2923 824 3144 878 πάντων
3171 820 3309 893 ὁμοῦ
3337 820 3448 874 τῶν
3486 819 3660 874 ὄντων

2073 922 2499 993 γεγυμνωμένος
2530 961 2544 984 ,
2601 915 2869 988 καὶπρὸς
2898 918 3013 980 τοῖς
3070 914 3256 977 ἄλλοις
3304 904 3501 978 ἅπασι,
3559 911 3657 966 καὶ

2070 1016 2242 1088 αὐτῆς
2263 1015 2361 1084 τῆς
2412 1012 2708 1083 ὁμοζύγου,
2765 1008 3025 1080 ἠνέσχετο
3050 1007 3161 1061 τῶν
3192 1005 3509 1077 θυγατέρων
3560 1004 3653 1057 τὸν

2069 1103 2213 1162 οἶνον
2235 1102 2664 1179 προσφερουσῶν
2684 1098 2996 1172 περαιτέρω
3025 1099 3125 1168 τῆς
3144 1097 3335 1168 χρείας
3351 1112 3366 1126 ·
3391 1095 3486 1149 ἅτε
3509 1093 3574 1165 δὴ
3593 1093 3656 1146 τὸ

2072 1202 2174 1272 μὲν
2200 1196 2746 1266 κατασκευαζόμενον
2775 1192 3007 1263 ἀγνοῶν,
3035 1189 3396 1261 ψυχαγωγίαν
3448 1187 3507 1241 δὲ
3563 1187 3662 1240 καὶ

2071 1293 2427 1366 παραμυθίαν
2444 1292 2506 1346 τὸ
2533 1290 2809 1364 δρώμενον
2827 1285 3173 1341 ὑποπτεύων.
3192 1284 3432 1338 Ἐκεῖναι
3446 1281 3503 1334 δὲ
3522 1297 3660 1333 παν-

2067 1385 2303 1441 τάπασίν
2335 1386 2442 1438 εισι
2473 1381 2806 1455 κατηγορίας
2829 1379 2996 1433 ἁθῶοι
3019 1394 3034 1409 ·
3062 1376 3398 1446 θεασάμεναι
3428 1373 3538 1445 γὰρ
3557 1373 3660 1436 τὰς

2070 1478 2172 1550 μὲν
2218 1476 2490 1548 τέσσαρας
2517 1474 2722 1538 πόλεις,
2754 1470 2962 1534 καὶτὰς
2989 1468 3184 1538 κώμας
3211 1467 3428 1530 ἁπάσας
3451 1464 3662 1536 ἐμπρη-

2070 1569 2293 1633 σθείσας
2313 1568 2391 1639 τῷ
2403 1566 2542 1639 ύετῷ
2561 1565 2655 1619 τοῦ
2677 1564 2868 1637 πυρὸς,
2892 1561 3088 1626 τοὺςδὲ
3106 1560 3206 1631 τὴν
3228 1558 3426 1630 Σηγὼρ
3443 1555 3659 1610 οἰκοῦν-

2071 1676 2171 1724 τας
2196 1659 2605 1722 καταποθέντας
2634 1655 2826 1727 (τοῦτο
2854 1654 2964 1725 γὰρ
2995 1651 3251 1723 σημαίνει
3270 1651 3365 1706 καὶ
3384 1648 3654 1720 τοῦνομα’

2067 1752 2401 1819 κατάποσις
2418 1752 2574 1822 γὰρὴ
2594 1747 2791 1819 Σηγὼρ
2813 1744 3172 1818 ἑρμηνεύεται
3204 1741 3366 1816 [18]),
3385 1741 3660 1795 ὲτόπασαν

1999 1822 2039 1877 Β
2071 1846 2256 1898 πᾶσαν
2284 1842 2454 1915 ἄρδην
2480 1839 2822 1895 ἀπολωλέναι
2854 1836 2959 1891 τῶν
2990 1832 3294 1906 ἀνθρώπων
3318 1833 3416 1904 τὴν
3449 1829 3614 1902 φύσιν
3636 1846 3651 1861 ο

2066 1936 2165 1992 καὶ
2189 1936 2285 2007 τὴν
2311 1934 2649 2005 κατέχουσαν
2680 1929 2922 2003 ἐρημίαν
2954 1929 3184 2000 ὁρῶσαι,
3216 1927 3312 1980 καὶ
3345 1924 3441 1980 τοῦ
3469 1925 3658 1995 γήρως

2068 2026 2529 2100 προθεωρήσασαι
2554 2023 2652 2095 τὴν
2681 2021 2995 2086 ἀσθένειαν,
3015 2017 3403 2091 ἠϐουλήθησαν
3429 2018 3653 2087 ἐπινοῆ-

2071 2137 2160 2174 σαι
2182 2119 2277 2172 καὶ
2299 2117 2526 2188 σπέρμα
2574 2114 2653 2187 τῷ
2692 2114 2863 2185 γένει,
2901 2112 3000 2166 καὶ
3041 2111 3265 2174 ἑαυταῖς
3290 2107 3658 2179 ψυνγωγίαν

2068 2210 2208 2265 τινά.
2239 2208 2428 2278 Τούτῳ
2479 2207 2827 2280 χρησάμεναι
2867 2204 2950 2276 τῷ
2982 2199 3254 2273 λογισμῷ,
3284 2201 3381 2254 καὶ
3408 2199 3509 2253 οὐκ
3533 2199 3660 2251 ἐπι-

2071 2302 2242 2374 θυμία
2262 2301 2619 2356 δουλεύσασαι
2640 2339 2657 2366 ,
2684 2299 2777 2353 τὸν
2812 2299 2912 2370 μὲν
2959 2293 3104 2351 οἶνον
3136 2282 3330 2349 ἔλαϐον
3372 2292 3653 2365 συνεργὸν,

2070 2397 2308 2468 ἔκλεψαν
2338 2395 2397 2450 δὲ
2432 2397 2499 2467 τῇ
2550 2394 2757 2449 πλείονι
2792 2393 2950 2446 πόσει
2998 2389 3092 2444 τοῦ
3120 2387 3516 2459 γεγεννηκότος
3557 2387 3660 2456 τὴν

2072 2492 2344 2565 αἴσθησιν,
2380 2491 2668 2563 ἀπέφηναν
2701 2487 2758 2543 δὲ
2783 2489 2875 2543 τὸν
2902 2487 3117 2560 πατέρα
3145 2484 3377 2556 σπορέα.

2677 2603 2873 2658 ΕΡΩΤ.
2928 2602 3054 2655 OA'.

2078 2724 2140 2782 Ti
2186 2724 2411 2792 δήποτε
2442 2725 2474 2778 ό
2503 2722 2649 2789 Θεὸς
2678 2723 2791 2776 οὐκ
2809 2720 3086 2856 ῗὲὡλυσε
3134 2716 3251 2785 τὴν
3304 2730 3657 2784 παρανομον

2762 2809 2809 2856 μ
2878 2806 2976 2855 ινί

2878 2806 2976 2855 ιν;

2813 2809 2831 2845 ι
2878 2809 2937 2844 ιν
2955 2809 2976 2855 ;

2143 2886 2414 2961 Προεὼρα
2439 2886 2540 2955 τὴν
2566 2884 2660 2939 τοῦ
2688 2809 2880 2952 vix);
2915 2881 3195 2936 ἀσέϐειαν.
3233 2877 3523 2935 Μωαϐῖται
3556 2875 3661 2948 μὲν

2075 2981 2187 3053 γὰρ
2239 2980 2523 3034 ἐδούλευον
2566 2979 2646 3047 τῷ
2673 2976 2903 3047 Χαμῶς,
2934 2973 3014 3045 τῷ
3062 2973 3121 3028 δὲ
3162 2970 3396 3043 Μελχὼλ
3445 2970 3662 3039 Ἀμμα-

2076 3076 2219 3129 νῖται
2260 3072 2395 3145 (l9).
2432 3073 2554 3127 Ἵνα
2589 3066 2682 3125 οὖν
2742 3068 2854 3142 (20)
2918 3068 2993 3139 μὴ
3054 3066 3131 3131 ὡς
3184 3063 3502 3136 συγγενέσιν
3533 3062 3579 3093 ⁹¹
3607 3063 3659 3115 ot

386 3152 573 3199 essent
597 3146 911 3216 participes,
932 3162 1039 3201 non
1063 3145 1339 3215 prohibuit
1370 3146 1683 3216 illegitimas
1715 3146 1966 3216 nuptias;

2086 3166 2418 3240 Ἰσραηλῖται
2454 3165 2770 3235 μετάσχωσι
2808 3161 2911 3231 τῆς
2943 3159 3216 3224 ἀσεϐείας,
3260 3158 3362 3212 οὐκ
3413 3153 3657 3210 ἐκώλυσε

388 3244 448 3290 ιιι
482 3235 587 3293 hoc
618 3247 778 3308 pacto
808 3242 1183 3294 exsecrandos
1213 3239 1337 3293 illos
1364 3247 1419 3294 et
1448 3238 1843 3296 abominabiles
1875 3238 1971 3294 Ju-

388 3325 521 3384 daeis
553 3327 823 3385 redderet.
859 3329 973 3385 Hoc
1003 3339 1186 3385 autem
1225 3329 1366 3386 Deus
1411 3331 1656 3387 omnium
1711 3332 1972 3401 declarat,

387 3420 707 3490 pmcipiens
738 3418 961 3495 ρειτεᾷ
979 3420 1157 3477 Mosen
1184 3421 1549 3493 legislat‘orem
1575 3439 1591 3477 :
1625 3442 1645 3475 ι
1664 3422 1975 3479 Ammonita

387 3497 711 3565 et'llloabita
743 3527 853 3566 non
880 3513 1256 3583 ingredientur
1276 3512 1576 3571 Ecclesiam
1608 3515 1845 3582 Domini,
1876 3533 1973 3573 us-

387 3614 494 3669 que
540 3600 605 3655 ad
645 3602 913 3658 decimam
943 3607 1369 3676 generationem,
1404 3615 1459 3662 et
1524 3622 1698 3680 usque
1756 3608 1809 3663 in
1861 3625 1967 3666 sm-

387 3691 576 3748 culum
611 3706 660 3748 ³.
701 3712 723 3745 ι

912 3809 1191 3868 ιΝτΕιιιι.
1224 3813 1436 3871 LXX“.

388 3921 686 3997 Admodum
718 3921 926 3976 crudele
956 3924 1182 3997 videtur,
1217 3927 1356 3997 quod
1386 3926 1585 3983 Ismuc!
1607 3928 1781 3983 adhuc
1803 3930 1969 3985 tenel-

458 3992 544 4046 lss
567 4009 595 4046 ε
633 3993 790 4046 domo
826 4003 1048 4062 paterna
1071 3996 1140 4050 sit
1166 3992 1392 4066 ejectus,
1424 4014 1544 4052 cum
1620 4009 1790 4056 matre
1827 4003 1968 4070 sola,

454 4073 506 4118 et
534 4072 650 4117 utre
677 4079 850 4133 aqum.
1830 4095 1837 4100 -

457 4216 574 4273 Hoc
602 4217 781 4288 ipsum
822 4218 1006 4289 potius
1057 4220 1313 4276 virtutem
1374 4223 1669 4281 Abrahami
1741 4226 1969 4285 demon-

385 4316 541 4363 strat.
571 4306 707 4363 Nam
737 4326 858 4365 cum
894 4309 1027 4365 Sara
1062 4311 1332 4369 dixisset:
1373 4334 1391 4366 ι
1430 4314 1578 4385 Ejice
1608 4318 1860 4375 ancillam
1913 4332 1967 4378 et

2074 3255 2165 3309 τὸν
2200 3253 2523 3326 παράνομον
2552 3251 2762 3322 γάμον·
2805 3250 2955 3313 ὅπως
2987 3248 3165 3321 ταύτῃ
3216 3245 3348 3316 γοῦν
3376 3244 3659 3317 μυσαροὺς

2074 3345 2273 3409 αὐτοὺς
2297 3343 2553 3416 ἀποφήνῃ
2572 3342 2666 3395 καὶ
2703 3338 3026 3411 βδελυκτοὺς
3063 3334 3360 3398 Ἰουδαίοις.
3403 3331 3564 3402 Δηλοῖ
3600 3328 3659 3383 δὲ

2072 3433 2230 3490 τοῦτο
2256 3432 2350 3487 καὶ
2383 3434 2411 3485 ὁ
2435 3433 2544 3485 τῶν
2586 3429 2724 3484 ὅλων
2760 3426 2893 3492 Θεὸς
2919 3426 3008 3480 διὰ
3032 3424 3278 3487 Μωσέως
3302 3419 3398 3475 τοῦ
3435 3417 3660 3491 νομοθέ-

2072 3544 2168 3581 του
2224 3522 2583 3595 διαγορεύων·
2630 3540 2649 3574 ι
2700 3518 3047 3591 Ἀμμανξτης
3099 3515 3194 3569 καὶ
3222 3511 3526 3581 Μωαϐίτης
3557 3510 3658 3563 οὐκ

2074 3617 2476 3673 εἰσελεύσονται
2498 3614 2610 3687 (21)
2628 3616 2709 3678 είς
2725 3610 3053 3683 Ἐκκλησίαν
3070 3608 3277 3681 Κυρίου
3297 3607 3403 3670 ἓως
3424 3604 3656 3675 δεκάτης

2072 3713 2291 3783 γενεᾶς,
2326 3710 2422 3766 καὶ
2443 3711 2548 3775 ἕως
2568 3710 2649 3774 είς
2676 3708 2770 3763 τὸν
2807 3707 3001 3763 αἰῶνα.
3037 3724 3055 3756 ι

2686 3822 2883 3877 ΕΡΩΤ.
2921 3816 3042 3875 OB'.

2075 3938 2122 3971 "
2156 3936 2354 4008 medie
2392 3936 2546 4008 ἄγαν
2595 3930 2751 4008 eirea
2796 3930 2966 4008 δοκεῖ
3028 3929 3097 4008 τὸ
3150 3927 3297 3983 νέον
3339 3924 3493 4008 όντιξ
3546 3922 3658 4008 τὸν

2162 3993 2418 4076 Ἰἇμαὴλ
2440 3993 2817 4076 ’ἐξελαθῆναι
2844 4003 2958 4076 (2‘2)
2982 3995 3411 4076 rﬁcezargmﬁq
3438 3993 3653 4076 οξκίας,

2146 4068 2295 4148 uer-2t
2324 4068 2520 4147 μόνης
2552 4075 2661 4145 τῆς
2692 4068 2919 4146 μητρὸς
2943 4068 2965 4139 ’,
3012 4071 3114 4126 καὶ
3157 4070 3264 4123 τοῦ
3305 4068 3506 4123 ἀσκοῦ
3548 4068 3654 4117 τοῦ

2149 4150 2469 4296 ξῖῗτῗεῐύτο
2505 4238 2766 4309 ἄντικρυς
2814 4236 3057 4289 δείκνυσι
3109 4231 3210 4303 τὴν
3246 4227 3341 4284 τοῦ
3405 4225 3656 4296 Ἀϐραὰμ

2074 4333 2298 4405 ἀρετήν.
2332 4330 2446 4400 Τῆς
2484 4330 2583 4401 μὲν
2622 4333 2732 4398 γὰρ
2765 4329 2982 4400 Σάρρας
3016 4324 3320 4396 εἰρηκυίας,
3357 4339 3377 4372 ι
3412 4316 3653 4373 Ἔκϐαλε

383 4400 554 4456 lilium
589 4402 710 4472 ejus
741 4410 790 4468 r,
840 4421 860 4454 ι
897 4418 1103 4459 morem
1134 4404 1211 4458 illi
1243 4420 1352 4459 non
1420 4402 1608 4478 gessit.
1680 4409 1778 4466 Ubi
1835 4431 1965 4471 vero

2075 4423 2173 4495 τὴν
2201 4422 2514 4491 παιδίσκην,
2539 4420 2636 4474 καὶ
2670 4419 2762 4472 τὸν
2791 4417 2904 4471 υἱὸν
2930 4415 3121 4485 αὐτῆς,
3155 4433 3173 4465 ι
3204 4412 3305 4484 οὐχ
3327 4410 3609 4482 ὑπήκουσε
3634 4420 3649 4435 ·

457 4551 486 4579 ³
513 4542 675 4599 Deut.
710 4559 870 4610 mn,
911 4544 965 4600 5.
1049 4551 1081 4593 I
1115 4542 1251 4599 Gen.
1288 4562 1400 4612 im,
1436 4545 1521 4600 l0.

1266 4654 1505 4709 VARUE
1547 4655 1931 4714 LECTIONES
1960 4658 2050 4713 EX
2099 4661 2375 4719 CATENA
2417 4662 2769 4720 LIPSIENSI.

455 4772 500 4805 ⁹¹
526 4769 889 4850 Cat._p._2561
918 4772 1232 4850 donavere.
1253 4772 1532 4850 Sequitur
1562 4775 1963 4850 ἐπιμιγνύμενο

2071 4778 2267 4841 ούτοις.
2343 4781 2389 4815 ⁹²
2434 4780 2793 4850 Ὠμὸν--τοῦ
2826 4779 3040 4844 ὓδατος.
3088 4793 3237 4845 nam,
3283 4787 3338 4833 et
3382 4792 3504 4848 quae
3563 4791 3671 4835 δρα.

384 4854 629 4920 qnuntur
661 4844 960 4920 Iggtroﬁro
987 4873 1058 4885 —-
1089 4843 1536 4920 πεπλήρωκεηίιιι
1565 4855 1760 4920 θείην.
1792 4843 1903 4900 270
1934 4864 1962 4899 a

2071 4851 2235 4918 iptum
2270 4851 2476 4906 habent
2496 4843 2752 4920 Ἄδήλου.
2787 4850 2882 4906 Illa
2916 4843 3032 4919 ἅμα
3066 4880 3136 4890 -—
3170 4843 3379 4920 πλῆρες
3400 4843 3414 4848 ’
3431 4856 3649 4920 exstant

386 4917 438 4969 in
460 4924 564 4969 cat.
601 4928 652 4983 p.
683 4913 923 4985 27lsub
959 4930 1095 4985 vago
1129 4916 1352 4968 nomine
1385 4914 1628 4985 Ἀδήλου.

397 4985 605 5057 μέντοι,
631 5000 686 5037 κ.
721 5000 774 5039 τ.
802 4983 854 5037 λ.
874 4983 1091 5039 exstant
1110 4986 1165 5039 in
1185 4994 1293 5041 cat.
1318 4998 1372 5054 p.
1398 4983 1529 5039 274.

1666 4916 1799 4982 Quae
1828 4934 1961 4988 sequ

2071 4916 2133 4974 nr
2159 4921 2553 4992 ὅτι-ἕρημος
2590 4916 2804 4994 πλήρης
2849 4916 3051 4977 desunt
3097 4922 3153 4975 in
3197 4916 3304 4975 cat.
3347 4919 3577 4989 Reliqua
3622 4917 3652 4969 ὁ

1908 5099 2116 5157 ΝΟΤᾸΕ
2127 5141 2141 5155 .

458 5217 576 5291 (18)
615 5218 764 5286 Τοὺς
792 5217 862 5273 δὲ
890 5249 958 5291 τ-ο
1008 5218 1416 5289 ἐρμηνεύεται.
1476 5225 1573 5281 His
1619 5225 1964 5281 illustraudis

385 5290 1033 5366 apprimeAinserviunL
1072 5293 1193 5366 duo_
1261 5294 1399 5366 loca,
1470 5312 1590 5366 quas
1658 5296 1955 5350 Montl‘auc.

388 5358 613 5431 Hexapl.
646 5358 798 5431 Orig.
858 5376 914 5431 p.
967 5362 1036 5416 '55
1067 5377 1098 5416 e
1152 5358 1393 5419 Catenis
1427 5358 1560 5422 mss.
1614 5366 1961 5421 Bibliothecae

385 5431 562 5506 Paris.
598 5432 656 5506 in
686 5431 936 5506 medium
959 5431 1209 5506 protulit,
1238 5449 1269 5506 e
1321 5436 1518 5503 quibus
1547 5447 1786 5506 apparet,
1820 5438 1961 5491 inter

384 5503 593 5576 primos
619 5501 873 5576 Ecclesiae
907 5504 1159 5576 doctor_es
1189 5501 1359 5559 fuisse
1392 5501 1679 5576 quosdam,
1711 5508 1803 5576 qui
1847 5517 1959 5560 sta-

384 5570 615 5647 iuerint,
648 5572 857 5647 incolas
887 5573 1041 5647 urbis
1080 5570 1223 5627 Zoar
1260 5570 1460 5647 (quaee
1501 5575 1638 5628 LXX
1663 5570 1959 5647 interpre-

385 5645 533 5715 tibus
555 5639 755 5715 Σηγῶρ
792 5643 1015 5715 dicitur)
1053 5660 1157 5715 non
1202 5639 1498 5700 subvorsos
1551 5647 1642 5699 sed
1687 5639 1959 5715 absofptos

384 5713 577 5778 fuisse,
628 5713 859 5782 idquue
904 5714 1043 5769 hanc
1070 5714 1260 5767 urbem
1293 5730 1492 5769 nomen
1543 5716 1674 5769 Bala
1706 5734 1798 5770 seu
1829 5713 1957 5771 Bela

390 5791 603 5839 nactam
624 5797 765 5839 esse.
794 5782 1078 5840 Falluntur
1101 5785 1311 5857 itaque,
1332 5786 1423 5857 qui
1447 5786 1643 5859 Σηγὼρ
1674 5788 1813 5841 idem
1835 5804 1957 5844 esse

2074 5233 2269 5295 putant
2302 5240 2425 5280 cum
2458 5224 2649 5281 Graeco
2677 5226 3000 5292 κατάποσις,
3023 5228 3133 5282 haec
3158 5225 3300 5281 enim
3325 5225 3652 5296 interpreta-

2068 5313 2144 5367 tio
2175 5314 2382 5368 meliori
2414 5315 2537 5385 jure
2566 5317 2631 5368 ad
2681 5331 2875 5371 nomen
2911 5301 3020 5395 γῇς
3055 5315 3403 5370 transfertur.
3438 5314 3491 5369 lu
3523 5313 3647 5369 eod.

2066 5419 2300 5489 August.
2336 5436 2434 5490 pro
2464 5417 2768 5485 κατάποσις
2794 5424 2897 5492 leg.
2923 5423 3297 5485 κατάπτωσις.

2139 5504 2250 5574 (19)
2289 5504 2420 5558 Cod.
2459 5506 2720 5575 Μελχιτῳ..
2751 5505 2860 5559 Pie.
2892 5505 3115 5576 Μελχῷ.

2139 5587 2252 5657 (20)
2284 5583 2426 5643 Οὗν.
2460 5591 2590 5644 (20d.
2625 5604 2679 5643 et
2707 5588 2820 5644 Pic.
2845 5591 3045 5646 τοίνυν.

2142 5672 2256 5741 (2|)
2288 5672 2422 5726 Cod.
2452 5682 2505 5727 et
2532 5671 2645 5727 Pic.
2672 5673 3068 5730 εἰσελεύσεται.

2148 5756 2260 5827 (22)
2287 5756 2423 5813 Cod.
2443 5765 2497 5813 ct
2535 5756 2648 5814 Pic.
2677 5757 2936 5825 ἐξελθεῖν.
