4038 6210
333 268 435 334 183

1325 265 1818 328 TIIEODORETI
1853 264 2195 326 EPISCOPI
2266 264 2636 326 CYRENSIS

3495 259 3593 327 ιει

327 379 472 433 enim
504 386 663 448 typus
697 382 814 431 crat
847 374 1174 440 divinitatis,
1207 376 1351 431 aries
1380 385 1561 432 autem
1597 377 1904 431 immanita-

2019 391 2132 444 νοχε
2186 373 2318 445 (26).
2376 374 2558 437 Τύπος
2605 371 2716 442 γάρ
2780 369 2892 442 (27)
2947 371 3045 440 τῆς
3100 370 3200 441 μὲν
3248 369 3503 441 θεότητος
3561 371 3595 426 6

327 469 418 521 tis.
450 466 562 536 86
587 463 826 534 Tempus
855 473 1039 519 autem
1085 465 1264 534 ipsum
1323 467 1551 536 aequale,
1607 467 1734 538 quia
1795 474 1904 522 tres

324 557 444 613 dies
468 567 522 612 et
548 565 660 613 tres
685 567 879 612 noctes
905 565 960 612 et
985 557 1073 612 hic
1103 567 1157 614 et
1191 557 1320 615 illic.

841 756 1122 814 INTERR.
1154 757 1320 813 LXXI
1332 757 1392 812 ν.

330 872 472 940 Quid
501 874 598 927 hoc
629 882 736 927 est:
793 893 811 926 ι
869 872 1014 929 Pone
1069 891 1286 980 manugm
1318 885 1464 927 tuam
1523 889 1680 943 super
1734 874 1908 943 [ωηατ-

953 961 1121 980 manus
1155 957 1178 980 c
1281 964 1299 980 ι

953 961 1124 999 meum
1155 957 1178 984 ο
1224 957 1248 999 2’
1279 964 1299 996 ι

397 1034 671 1090 Connubii
724 1036 1084 1092 contrahendi
1135 1050 1301 1092 causa
1333 1035 1581 1091 mittebat
1622 1050 1904 1091 servorum

330 1125 665 1194 praefectum,
697 1127 900 1193 sciens,
933 1128 1245 1199 progeniem
1267 1127 1529 1182 Chanaan
1563 1127 1904 1184 maledictatn
1931 1190 1948 1200 ,

329 1233 469 1285 esse,
527 1235 684 1275 suam
721 1236 849 1276 vero
897 1221 1277 1292 cognationem
1321 1221 1570 1290 adeptam
1631 1236 1755 1277 esse
1816 1223 1907 1276 be-

330 1311 715 1366 nedictionem.
752 1311 889 1368 Cum
917 1327 1045 1380 ergo
1075 1312 1128 1366 in
1153 1311 1366 1367 semine
1390 1327 1494 1368 suo
1525 1321 1640 1368 tum
1683 1311 1907 1369 benedi-

329 1407 564 1462 ctionem
598 1415 712 1461 tum
759 1408 1177 1477 promissionem
1229 1407 1501 1462 bonorum
1551 1409 1903 1479 suscepisset,

329 1498 440 1552 illic
476 1514 696 1554 servum
745 1512 1018 1567 apponere
1046 1513 1269 1552 manum
1299 1497 1485 1568 jussit,
1517 1498 1608 1553 ubi
1637 1499 1764 1555 ﬁdei
1817 1499 1906 1554 si-

332 1607 493 1662 gnum
525 1591 746 1660 recepit.
769 1591 1008 1646 Credens
1028 1591 1173 1656 enim
1201 1591 1660 1661 promissionibus
1682 1592 1902 1658 divinis,

2021 467 2232 520 Ίσαάκ·
2289 468 2391 535 τῆς
2441 467 2498 520 δὲ
2546 463 2968 536 ἀνθρωπὸτητος
3022 465 3049 516 ὁ
3077 462 3253 535 κριός.
3285 463 3394 516 Καὶ
3431 462 3596 526 αὐτὸς

2007 558 2065 614 δὲ
2093 563 2121 613 ὁ
2152 561 2344 633 χρόνος
2369 561 2674 632 ἰσάριθμος.
2709 559 2870 629 Τρεῖς
2899 557 3010 628 γὰρ
3044 556 3249 627 ἡμέραι
3273 556 3368 610 καὶ
3400 554 3598 620 νύκτες

2007 657 2176 725 τρεῖς,
2209 654 2302 708 καὶ
2336 653 2572 707 ἐνταῦθα
2606 653 2767 706 κάκεῖ
2797 649 2930 721 (28).

2605 764 2806 819 ΕΡΩΤ.
2863 765 2980 816 ΟΔ’.

1990 875 2074 939 ’Τί
2103 882 2256 950 ἐστι,
2311 901 2330 934 ι
2383 880 2492 948 Θὲς
2540 878 2657 948 τὴν
2706 877 2877 948 χεῖρά
2929 891 3046 932 σου
3093 876 3190 931 ἐπὶ
3255 876 3364 932 τὸν
3401 877 3602 947 μηρόν

2695 965 2853 1018 you;
2902 968 2920 1001 ι
3131 1015 3142 1025 _

2090 1047 2216 1101 Ἑπὶ
2249 1044 2430 1115 γάμον
2464 1041 2792 1096 ἀπέστελλεν
2819 1040 2927 1093 τῶν
2957 1038 3188 1093 οἰκετῶν
3218 1038 3312 1092 τὸν
3357 1038 3602 1110 ἡγούμε-

2007 1157 2096 1194 νον
2118 1138 2422 1210 ’ἐπάρατον
2451 1135 2550 1202 μέν
2580 1134 2942 1204 ἐπιστάμενος
2965 1130 3060 1184 τοῦ
3092 1131 3312 1185 Χαναὰν
3343 1131 3599 1198 τὸγένος,

2009 1231 2257 1300 εὐλογίας
2278 1230 2333 1283 δὲ
2351 1227 2664 1300 ἠξιωμένην
2695 1225 2792 1297 τὴν
2819 1225 3024 1279 οἰκείαν
3054 1225 3392 1293 συγγένειαν.
3416 1226 3601 1278 Ἐπει-

2009 1323 2072 1395 δὴ
2091 1323 2268 1376 τοίνυν
2290 1323 2349 1374 ἐν
2372 1320 2448 1392 τῷ
2479 1319 2752 1389 σπέρματι
2769 1315 2933 1371 αὐτοῦ
2961 1317 3070 1388 (29)
3090 1315 3183 1369 καὶ
3206 1317 3303 1388 τὴν
3326 1315 3599 1384 εὐλογίαν,

2009 1418 2108 1473 καὶ
2135 1418 2233 1488 τὴν
2269 1415 2380 1470 τῶν
2409 1414 2631 1483 ἀγαθῶν
2666 1413 3003 1483 ἐπαγγελίαν
3029 1412 3265 1478 ἐδέξατο,
3293 1414 3409 1466 ἐκεῖ
3431 1412 3603 1466 θεῖναι

2006 1512 2097 1566 τὸν
2118 1511 2284 1564 παῖδα
2299 1508 2398 1580 τὴν
2418 1511 2576 1578 χεῖρα
2604 1507 2955 1578 προσέταξεν,
2973 1504 3101 1559 ἔνθα
3122 1506 3217 1559 καὶ
3246 1505 3345 1575 τῆς
3368 1505 3604 1568 πίστεως

2006 1603 2065 1658 1'0
2097 1605 2320 1673 σημεῖον
2341 1601 2578 1664 ἐδέξατο.
2604 1597 2910 1663 Πιστεύσας
2931 1598 3039 1670 γὰρ
3082 1600 3202 1659 ταῖς
3225 1597 3399 1660 θείαις
3426 1599 3600 1664 ἐπαγ-

330 1685 538 1755 accepit
561 1687 904 1755 signaculum
935 1686 1401 1742 circumcisionis.
1434 1685 1546 1742 illic
1577 1694 1758 1742 autem
1790 1703 1903 1741 ma-

2019 1693 2216 1762 γελίαις
2249 1693 2408 1745 ἔλαϐε
2434 1690 2534 1761 τῆς
2557 1692 2860 1760 περιτομῆς
2907 1687 3005 1759 τὴν
3041 1687 3334 1758 σφραγῖδα.
3381 1687 3527 1740 Ἐκεῖ
3547 1687 3604 1740 δέ

331 1790 458 1830 num
493 1775 752 1831 adhibere
783 1776 971 1845 jussit,
1027 1785 1086 1830 ut
1125 1786 1179 1832 et
1206 1777 1585 1847 promissionis
1615 1777 1816 1832 divin:e
1850 1791 1903 1832 et

330 1868 768 1924 circumcisiouis
796 1884 1029 1934 memor,
1061 1871 1410 1925 matrimonio
1439 1886 1564 1927 cum
1605 1871 1906 1942 alienigena

330 1971 618 2016 contracto
670 1961 1009 2017 nobilitatem
1067 1961 1406 2018 Dominicam
1475 1980 1582 2019 non
1641 1965 1904 2019 inﬁccrot.

333 2052 732 2106 Advertendum
768 2065 852 2110 εει
881 2065 1063 2109 autem
1111 2055 1254 2124 quod
1289 2073 1485 2112 manus
1513 2057 1581 2112 ad
1605 2056 1784 2113 femur
1815 2075 1910 2126 ap-

334 2143 530 2214 posita,
567 2145 1034 2216 atjusjurandum
1067 2164 1164 2219 per
1210 2148 1381 2204 Deum
1418 2151 1663 2205 omnium
1719 2153 1910 2206 condi-

334 2249 504 2291 torem
553 2239 854 2307 praestitum
895 2249 1022 2295 cst:
1091 2259 1110 2293 ‹
1163 2241 1370 2312 Adjuro
1422 2251 1496 2308 te,
1549 2244 1746 2314 inquit,
1821 2260 1915 2314 per

332 2327 504 2382 Deum
551 2329 675 2384 caeli
705 2337 762 2385 et
806 2339 982 2398 terrae,
1019 2342 1078 2387 ut
1105 2348 1210 2389 non
1245 2334 1482 2405 accipias
1511 2351 1735 2392 uxorem
1803 2337 1915 2391 ﬁlio

338 2435 460 2476 meo
487 2419 641 2477 Isaac
668 2423 736 2480 de
761 2423 976 2480 ﬁliabus
1019 2425 1475 2493 Chananzeorum,
1537 2445 1661 2484 cum
1709 2430 1915 2500 quibus

337 2527 439 2582 ego
465 2512 655 2568 habito
681 2513 731 2580 ει,
764 2532 781 2565 ι
827 2525 881 2571 et
927 2531 1048 2586 quae
1099 2527 1424 2588 sequuntur.
1479 2495 1915 2576 Prmleniissima

337 2619 468 2660 vero
513 2604 613 2661 fuit
643 2609 787 2662 servi
840 2608 1195 2679 interrogatio
1226 2629 1245 2680 ε,
1291 2612 1383 2680 qui
1417 2613 1687 2669 reveritus
1733 2615 1916 2685 jusju-

341 2700 593 2766 randum,
647 2700 750 2755 sibi
784 2701 928 2756 clara
980 2704 1336 2761 volebatesse
1384 2706 1698 2776 nuptiarum
1759 2723 1917 2763 man-

339 2792 507 2847 data:
544 2811 563 2844 ι
600 2792 654 2846 Si
683 2794 850 2860 enim,
911 2795 1111 2866 inquit,
1173 2797 1351 2866 puella
1403 2799 1734 2868 desponsata
1786 2801 1920 2854 nolit

340 2883 447 2938 huc
480 2885 684 2952 venire,
733 2887 825 2941 sed
843 2886 1036 2956 jubeat
1066 2903 1326 2958 sponsum
1366 2889 1431 2944 ad
1461 2891 1606 2945 illam
1639 2891 1916 2954 accedere,

338 2975 570 3044 jubesne
607 2976 775 3032 illium
819 2986 974 3032 tuum
1003 2980 1068 3032 ad
1101 2989 1315 3049 gentem
1355 2981 1500 3036 illam
1537 2983 1730 3038 reverti
1796 2983 1866 3036 εἳ
1895 3001 1912 3034 ι

2012 1785 2297 1856 θεῖναιτὴν
2316 1787 2475 1856 χεῖρα
2497 1781 2854 1852 προσέταξεν,
2895 1781 2980 1834 ἵνα
3006 1781 3101 1834 καὶ
3125 1779 3225 1848 τῆς
3253 1778 3403 1842 Θείας
3433 1781 3605 1848 ἐπαγν

2011 1876 2196 1946 γελίας
2216 1874 2423 1946 καὶτῆς
2443 1873 2744 1946 περιτομῆς
2769 1890 2832 1943 με
2842 1890 2946 1943 μνη
2955 1869 3422 1940 μένος,ἀλλοφύλῳ
3442 1871 3606 1941 γάμῳ

2011 1970 2111 2040 τὴν
2152 1965 2486 2037 Δεσποτικὴν
2517 1964 2799 2033 εὐγένειαν
2861 1962 2937 2034 μὴ
2964 1961 3302 2032 λωϐήσηται.
3347 1960 3541 2015 ’ἰστέον
3559 1961 3632 1992 "-

2015 2059 2071 2113 δὲ
2105 2058 2180 2121 ὡς
2235 2059 2268 2128 ἡ
2321 2057 2419 2128 μὲν
2457 2056 2579 2126 χεὶρ
2613 2054 2716 2108 ὑπὸ
2741 2053 2833 2106 τὸν
2862 2052 3036 2124 μηρὸν
3071 2051 3252 2121 ἐτέθη,
3279 2053 3306 2104 ὁ
3354 2051 3412 2104 δέ
3445 2050 3607 2121 ὅρκος

2013 2152 2157 2206 κατὰ
2203 2148 2315 2221 (50)
2358 2148 2452 2202 τοῦ
2496 2147 2632 2200 Θεοῦ
2669 2145 2778 2200 τῶν
2813 2145 2949 2198 ὅλων
2997 2144 3251 2212 ἐγένετο·
3297 2162 3315 2193 ‹
3372 2141 3608 2210 Ὁρκίζω

2018 2261 2076 2296 σε
2105 2243 2241 2313 (51),
2273 2241 2404 2313 γὰρ,
2438 2240 2566 2310 ἔφη,
2600 2239 2806 2309 Κύριον
2841 2238 2931 2290 τὸν
2967 2236 3100 2290 Θεὸν
3128 2235 3224 2289 τοῦ
3251 2234 3482 2305 οὐρανοῦ
3516 2232 3609 2286 καὶ

2015 2337 2115 2405 τῆς
2132 2338 2256 2406 γῆς,
2278 2334 2364 2388 ἵνα
2393 2333 2467 2404 μὴ
2493 2332 2665 2404 λάϐῃς
2682 2332 2913 2399 γυναῖκα
2937 2329 3014 2399 τῷ
3037 2328 3137 2399 υίῷ
3164 2346 3264 2399 μου
3296 2327 3482 2380 Ἰσαὰκ
3501 2327 3611 2380 ἀπὸ

2016 2427 2124 2480 τῶν
2158 2424 2476 2496 θυγατέρων
2521 2424 2630 2477 τῶν
2673 2421 3019 2491 Χαναναίων,
3059 2421 3178 2492 μεθ’
3221 2413 3294 2473 ὧν
3336 2417 3447 2487 ἐγὼ
3477 2417 3609 2471 οίκῶ

2017 2518 2076 2572 ἐν
2101 2519 2310 2584 αὐτοῖς,
2334 2534 2352 2568 ι
2389 2515 2482 2569 καὶ
2497 2515 2564 2569 τὰ
2596 2514 2743 2585 ἑξῆς.
2775 2512 3068 2582 Σοφωτάτη
3088 2511 3134 2542 ’⁸
3157 2511 3213 2563 δὲ
3236 2509 3375 2577 άγαν
3399 2507 3492 2561 καὶ
3515 2504 3608 2561 τοῦ

2018 2609 2210 2674 παιδὸς
2247 2611 2278 2680 ἠ
2315 2610 2617 2680 ἐρώτησις·
2667 2606 2853 2668 δείσας⁵
2890 2603 2999 2674 γὰρ
3043 2603 3134 2655 τὸν
3181 2603 3364 2672 ὅρκον,
3418 2599 3609 2670 δήλους

2017 2702 2169 2774 αὐτῷ
2215 2701 2472 2772 γενέσθαι
2527 2698 2830 2770 παρεκάλει
2877 2695 2970 2750 τοῦ
3011 2696 3191 2766 γάμου
3239 2693 3367 2756 τοὺς
3409 2693 3606 2763 ὄρους.

2024 2815 2044 2850 ι
2100 2798 2166 2850 Εἰ
2210 2795 2320 2868 γὰρ
2351 2793 2490 2866 (52),
2526 2793 2680 2864 φησὶ,
2721 2790 2796 2862 μὴ
2843 2788 3018 2843 ἕλοιτο
3067 2785 3303 2839 ἐνταῦθα
3345 2783 3524 2837 ἐλθεῖν
3572 2783 3607 2854 ἡ

2024 2886 2439 2961 μνηστευομένη
2485 2885 2643 2957 κόρη,
2677 2882 2815 2937 ἁλλά
2857 2881 2996 2951 πρὸς
3031 2877 3201 2949 αὐτὴν
3230 2875 3485 2931 ἀπελθεῖν
3518 2874 3611 2928 τὸν

2027 2982 2316 3053 μνηστῆρα
2363 2976 2603 3043 κελεύει,
2634 2973 2990 3046 προστάττεις
3034 2971 3122 3024 τὸν
3153 2969 3269 3023 υἱὸν
3303 2970 3384 3032 είς
3431 2968 3612 3021 ἐκεῖνο

347 3063 542 3120 Verum
589 3065 865 3122 Abraham
921 3054 1254 3138 patriarcha,
1316 3070 1410 3139 qui
1454 3071 1622 3139 probe
1673 3084 1915 3136 noverat,

2020 3074 2082 3127 τὸ
2112 3073 2262 3137 ἔθνος
2285 3071 2399 3144 (55)
2428 3069 2670 3124 ἀνελθεῖν
2690 3087 2736 3137 ;ι
2761 3065 2902 3122 Ἀλλ’
2927 3065 2955 3118 ὁ
2975 3061 3323 3135 πατριάρχης
3359 3057 3612 3131 Ἀϐραὰμ

343 3171 404 3212 se
429 3158 711 3216 vocatione
736 3160 918 3216 divina
935 3161 1084 3216 illinc
1108 3162 1362 3217 eductum
1385 3161 1575 3228 fuisse,
1599 3164 1711 3236 87
1732 3180 1919 3220 verum

346 3251 414 3305 de
437 3251 645 3321 nuptiis
698 3253 868 3323 legem
903 3269 929 3307 a
969 3253 1080 3309 Deo
1107 3270 1216 3310 non
1267 3256 1563 3326 accepisse,
1616 3273 1742 3312 cum
1773 3265 1919 3312 esset

347 3343 403 3397 in
444 3343 708 3414 religione
735 3345 822 3414 pie
859 3345 1150 3414 educatus,
1182 3347 1356 3402 voluit
1409 3348 1522 3404 lilio
1572 3363 1638 3404 ex
1696 3348 1920 3419 prepria

345 3435 673 3504 cognatione
699 3450 925 3492 uxorem
959 3438 1318 3509 desponsari:
1379 3439 1618 3511 illudque
1671 3441 1926 3510 prohith

332 3523 483 3591 ﬁeri,
514 3528 658 3598 quod
692 3528 875 3584 divina
903 3530 1018 3601 lege
1041 3531 1384 3602 potissimum
1410 3525 1559 3588 erat'
1589 3533 1878 3589 inhibitum
1909 3551 1922 3588 :

352 3621 458 3674 hoc
487 3628 668 3673 autem
698 3620 896 3676 divinae
929 3622 1195 3692 permittit
1222 3622 1605 3691 Providentiae,
1635 3641 1739 3695 qua
1791 3640 1928 3681 con-

351 3709 487 3765 ﬁsus
513 3727 707 3767 servus
736 3712 1016 3782 profectus
1043 3726 1147 3772 est.
1195 3717 1266 3772 At
1291 3733 1419 3773 vero
1477 3735 1585 3773 non
1629 3719 1928 3774 dubitando

350 3803 898 3872 protulitorationem
936 3807 1101 3876 illam,
1155 3820 1214 3865 ut
1236 3812 1458 3881 quidam
1490 3812 1720 3866 nimium
1783 3813 1927 3868 sim-

351 3894 523 3964 plices
550 3895 902 3951 existimant:
941 3900 1034 3954 sed
1063 3915 1187 3954 cum
1245 3902 1408 3957 Deum
1443 3902 1588 3958 illius
1629 3901 1929 3973 desponsa-

349 3985 518 4042 tionis
565 3987 875 4058 adjutorem
932 3992 1252 4062 accepisset,
1314 3994 1468 4066 signa
1517 3996 1768 4065 quaedam
1825 3997 1927 4052 sibi

352 4077 645 4131 monstrari
677 4077 1010 4148 postulabat,
1053 4095 1150 4150 per
1186 4097 1308 4150 quae
1333 4084 1476 4138 scire
1514 4092 1720 4152 posset,
1749 4099 1818 4138 an
1844 4084 1932 4139 de-

353 4167 636 4235 sponsatio
677 4169 787 4224 Deo
822 4168 1080 4240 placeret.
1134 4170 1363 4244 Signum
1411 4182 1596 4229 autem
1652 4184 1770 4230 erat
1821 4191 1930 4230 non

352 4257 706 4327 pulchritudo
757 4261 1026 4332 corporis,
1058 4278 1168 4318 non
1198 4265 1414 4335 generis
1442 4266 1716 4332 nobilitas,
1751 4282 1932 4336 neque

351 4350 654 4422 quidquam
687 4353 834 4409 aliud
869 4350 935 4410 ex
977 4355 1045 4412 iis
1099 4371 1220 4426 quae
1273 4357 1556 4427 Splendida
1623 4369 1923 4430 putantur:

2025 3165 2202 3232 εἰδὼς,
2240 3166 2316 3229 ὡς
2358 3163 2568 3218 ἐκεῖθεν
2605 3162 2704 3233 μὲν
2735 3161 2897 3214 αὐτὸν
2927 3161 2960 3230 ἡ
3000 3157 3122 3210 θεία
3157 3155 3354 3224 κλῆσις
3387 3153 3496 3225 (54)
3527 3149 3614 3218 ἐξ·

2026 3259 2224 3328 ήγαγε,
2253 3256 2384 3326 περ).
2416 3256 2475 3310 δὲ
2509 3252 2601 3308 τοῦ
2639 3253 2823 3323 γάμου
2850 3252 3015 3323 νόμον
3043 3251 3144 3303 οὐκ
3187 3247 3406 3312 ἐδέξατο
3431 3245 3573 3299 θεῖον
3594 3261 3609 3273 ·

2026 3348 2188 3413 αὐτὸς
2217 3349 2273 3402 δέ
2308 3347 2384 3412 ὡς
2421 3346 2674 3417 εὐσεϐείᾳ
2705 3341 3206 3414 συντεθραμμένος,
3238 3338 3507 3408 ἠθέλησεν
3546 3334 3613 3388 ἐκ

2027 3440 2128 3511 τῆς
2176 3438 2503 3508 συγγενικῆς
2554 3437 2733 3498 οἰκίας
2777 3436 2854 3504 τῷ
2900 3433 3053 3486 παιδὶ
3098 3429 3477 3499 κατεγγυῆσαι
3519 3443 3616 3496 γυ-

2027 3535 2190 3588 ναῖκα
2213 3550 2224 3562 ·
2257 3533 2436 3584 ἐκεῖνο
2472 3528 2572 3600 μὲν
2597 3525 2932 3598 ἀπαγορεύει
2961 3521 3234 3593 γενέσθαι,
3271 3522 3366 3575 ἅτε
3399 3519 3463 3591 δὴ
3485 3519 3616 3589 θείῳ
3706 3597 3714 3603 _

2029 3625 2179 3696 νόμῳ
2209 3623 2624 3692 κεκωλυμένον·
2668 3618 2827 3672 τοῦτο
2856 3619 2912 3672 δὲ
2951 3617 3072 3688 θείᾳ.
3118 3613 3413 3686 ἐγχειρίζει
3456 3610 3617 3682 κηδε-

2033 3717 2215 3788 μονίᾳ.
2253 3715 2439 3786 Ταύτῃ
2490 3712 2772 3786 θαρρήσας
2805 3713 2833 3765 ὁ
2877 3712 3005 3772 παῖς
3040 3707 3394 3777 ἐξεδήμησεν.
3443 3701 3616 3755 Ἐκεί-

2029 3825 2129 3879 νην
2173 3807 2228 3860 δὲ
2259 3805 2356 3878 τὴν
2385 3805 2553 3876 εὐχὴν
2583 3805 2644 3858 οὐ
2694 3800 3041 3874 συμϐολικῶς
3085 3797 3506 3870 προσενήνοχεν,
3540 3790 3615 3854 ῶς

2027 3919 2174 3965 τινες
2201 3899 2308 3954 τῶν
2344 3899 2484 3968 ἄγαν
2527 3897 2755 3970 ἠλιθίων
2785 3894 3056 3950 ὑπέλαϐον
3079 3908 3092 3923 ·
3141 3891 3257 3945 ἀλλ’
3302 3887 3491 3958 ἐπειδὴ
3525 3886 3617 3939 τὸν

2030 3994 2163 4048 Θεὸν
2222 3993 2482 4063 συνεργὸν
2535 3991 2694 4044 ἔλαϐε
2751 3991 2849 4062 τῆς
2904 3985 3200 4058 μνηστείας
3250 3980 3452 4054 σημεῖά
3492 3995 3615 4033 τινα

2031 4085 2183 4155 αὐτῷ
2230 4085 2510 4155 δειχθῆναι
2556 4084 2764 4136 ἱκέτευε
2821 4081 2932 4150 (55)
2981 4078 3048 4132 δι’
3081 4071 3156 4131 ὧν
3185 4074 3446 4145 ἠϐούλετο
3477 4068 3620 4140 γνῶ-

2032 4195 2141 4240 ναι,
2176 4177 2226 4229 εί
2257 4175 2482 4247 ἀρέσκει
2514 4173 2624 4243 (56)
2655 4172 2730 4243 τῷ
2770 4169 2888 4240 Θεῷ
2920 4171 2953 4239 ἡ
3000 4165 3282 4238 μνηστεία.
3320 4161 3394 4214 Τὸ
3433 4160 3491 4213 δὲ
3525 4175 3617 4228 ση-

2036 4269 2184 4338 μεῖον
2209 4261 2296 4336 ἦν,
2322 4264 2420 4334 οὐχ
2450 4262 2568 4333 ὥρα
2605 4259 2878 4331 σώματος,
2909 4258 3027 4312 οὐδέ
3053 4253 3382 4327 περιφάνεια
3404 4249 3614 4320 γένους,

2031 4358 2150 4412 οὐδέ
2173 4357 2300 4411 ἄλλο
2323 4374 2375 4409 τι
2399 4355 2508 4408 τῶν
2532 4352 2830 4407 δοκούντων
2849 4347 3142 4421 λαμπρῶν,
3161 4345 3300 4400 ἀλλὰ
3323 4339 3616 4413 φιλοξενία,

351 4443 443 4496 sed
481 4444 843 4515 hospitalitas,
875 4445 1188 4513 aﬂ'abilitas,
1219 4455 1272 4503 et
1299 4450 1469 4504 animi
1529 4452 1917 4508 mansuetudo.

2032 4452 2124 4505 καὶ
2154 4448 2545 4521 φιλοφροσύνη,
2577 4446 2672 4500 καὶ
2704 4443 2937 4515 ἠπιότης
2969 4441 3339 4513 φρονήματος.
3371 4453 3388 4488 ι
3425 4434 3619 4487 Ἔσται

425 4611 445 4636 α
505 4601 639 4657 Gen.
669 4622 816 4669 XXIV,
981 4606 1010 4645 ἀ
1042 4607 1174 4664 ibid.
1207 4608 1261 4664 5.
1340 4619 1365 4647 ο
1394 4608 1526 4664 ibid.
1558 4608 1614 4663 5.

1248 4753 1483 4810 VARME
1523 4749 1908 4812 LECTIONES
1944 4747 2032 4803 EX
2075 4745 2354 4802 CATENA
2387 4739 2731 4799 LIPSIENSI.

425 4895 472 4968 ’ἦ
517 4892 802 4968 Ἰστέοντ-
825 4898 960 4968 οἰκῷ
985 4901 1044 4953 ἐν
1069 4901 1273 4964 αὐτοῖς.
1310 4899 1433 4956 Haec
1463 4901 1516 4956 in
1539 4909 1650 4956 cat.
1676 4899 1786 4953 vid.
1819 4913 1870 4967 ι).
1899 4897 1917 4951 ε

2019 4935 2023 4948 .
2102 4893 2270 4968 f“_llla
2293 4887 2580 4968 σοφωτάτη
2598 4884 3020 4968 τέξεδήμησεν
3041 4882 3153 4940 vid.
3185 4882 3238 4936 in
3273 4890 3378 4936 cat.
3405 4895 3458 4949 p.
3491 4879 3616 4935 293.

357 4966 605 5036 Reliqua,
631 4963 850 5038 ἐκείνην
863 4956 1111 5025 -ἐὐώδ.
1143 4989 1194 5026 τ.
1217 4956 1336 5026 δδόν
1357 4989 1458 5042 μου
1483 4981 1786 5042 sequuntur
1893 4969 1917 5020 θ

2019 5012 2020 5022 χ
2052 4966 2118 5021 ad
2145 4964 2281 5021 Gen.
2315 4956 2464 5024 χέεν,
2495 4956 2698 5014 “4H.

1861 5149 2094 5206 ΝΟΤᾹΕ.

427 5297 541 5368 (26)
569 5294 704 5369 Cod.
735 5303 794 5369 et
815 5291 927 5369 Pic.
957 5288 1353 5369 πρρσήνε·γκεν-.

428 5357 542 5436 (~27)
567 5365 714 5433 Γάρ.
756 5363 890 5436 (ξομ.
914 5370 966 5415 et
992 5357 1212 5436 Βία-δέ.

429 5427 541 5506 (28)
577 5427 712 5493 Cod.
741 5445 796 5490 et
813 5433 938 5506 “Pic.
973 5430 1137 5483 κάκεῖ
1165 5429 1261 5482 καὶ
1296 5427 1545 5484 ἐνταῦθα.

430 5505 542 5581 (29)
559 5507 774 5581 Αὐτοῦ.
789 5505 995 5581 _De_eS_t-
1032 5571 1045 5581 _
1097 5570 1156 5581 __

429 5568 749 5646 (5031mm
779 5576 916 5630 Cod.
941 5571 1070 5646 ὐπρ.
1097 5570 1212 5646 Pic.
1244 5568 1373 5624 ἀπό.

429 5641 543 5715 (3|)
574 5648 706 5705 Cod.
732 5656 788 5703 et
811 5646 923 5701 l‘ic.
980 5641 1265 5715 ἐξορχίζω.

433 5709 542 5790 (σε)
579 5722 642 5774 Ei
701 5719 809 5789 γὰρ
847 5748 904 5760 -.
930 5711 1227 5769 ἀνελθεῖν.
1279 5709 1402 5767 Haec
1434 5724 1465 5767 ο
1495 5711 1754 5766 memoria
1800 5711 1940 5767 alic-

2043 5296 2163 5356 gata
2213 5300 2336 5341 esse
2386 5282 2673 5348 videntur;
2733 5279 2996 5334 recedunt
3048 5276 3193 5357 enim
3235 5291 3266 5328 a
3295 5273 3622 5330 lectionibus

2043 5357 2458 5424 exemplarium,
2485 5367 2609 5422 quae
2633 5359 2758 5406 uota
2782 5358 2932 5411 sunt,
2960 5363 3230 5402 omnium.

2116 5428 2225 5472 (53)
2257 5426 2394 5472 Cod-
2431 5431 2484 5472 et.
2520 5422 2633 5472 Pic.
2672 5419 3012 5472 ἐπανελθεῖν.

2116 5422 2225 5494 (55)
2257 5426 2394 5481 Cod.
2431 5431 2484 5478 et.
2520 5422 2633 5476 Pic.
2672 5422 3012 5474 ἐπανελθεῖν.

2113 5497 2226 5566 (54)
2250 5495 2504 5564 Κλῆσις.
2539 5492 2675 5566 god.
2708 5489 2898 5566 et
2935 5489 3134 5557 ψῆφος.

2115 5556 2229 5640 (55)
2247 5556 2682 5640 ’ζκρὲτευεξ-(Σοείἔ
2720 5571 2774 5640 e_t
2801 5559 2915 5614 Pic.
2951 5556 3271 5640 παρεκάλει.

2113 5631 2227 5709 (56)
2251 5637 2385 5693 Cod.
2419 5645 2473 5691 et
2494 5632 2606 5692 Pic.
2654 5631 2984 5703 ἁρέσκουσα.
