4038 6210
349 277 459 345 185

1307 281 1592 354 QUAEST.
1616 282 1698 343 IN
1748 282 2016 343 GENES.
2038 284 2194 345 CAP-
2230 285 2629 397 XXIX-XXV.

3468 280 3605 366 ‘136

348 391 475 463 γὰρ,
499 387 673 460 φησὶν,
717 380 1083 463 η’παρθένος,
1172 392 1240 448 ἂν
1278 393 1390 462 ἐγὼ
1418 395 1579 463 εἴπω,
1617 395 1923 451 Ἑπικλινόν

2032 419 2050 452 ι
2089 400 2206 455 Erit
2234 380 2638 476 enimfinqnit,
2674 407 2829 480 virgo
2861 409 2971 479 illa,
3006 413 3093 468 cui
3128 430 3254 471 cum
3283 416 3496 487 dixero,
3523 421 3612 478 ln-

357 501 443 557 μοι
477 484 568 555 τήν
594 481 787 552 ὑδρίαν
829 501 923 537 σου
946 486 1032 539 ἵνα
1059 488 1187 550 πίω,
1223 489 1317 542 καὶ
1348 488 1480 559 εἴπῃ
1514 506 1625 560 μοι,
1663 490 1785 554 Πίε,
1820 491 1918 544 κύ-

353 591 447 646 ριε,
473 573 563 626 καὶ
587 573 689 638 τὰς
717 576 1002 647 καμήλους
1040 594 1133 631 σου
1164 579 1335 633 ποτιῶ
1361 580 1468 646 ἓως
1508 581 1575 636 ἂν
1602 581 1917 637 παύσωνται

346 665 481 717 πιεῖν
510 662 647 733 (57),
678 664 887 735 ταύτην
917 666 1222 738 ἡτοίμασας
1246 667 1325 739 τῷ
1364 670 1515 725 παιδί
1555 687 1648 724 σου
1692 672 1879 726 Ἰσαάκ
1900 688 1915 703 °

340 756 430 809 καὶ
473 757 532 809 ἑν
568 757 749 829 τούτῳ
786 758 1088 830 γνώσομαι,
1137 762 1223 815 ὃτι
1267 763 1531 832 ἐποίησας
1581 764 1731 820 ἔλεον
1779 766 1919 836 μετὰ

337 846 429 900 τοῦ
473 848 670 919 κυρίου
723 867 826 919 μου
886 851 1156 923 Ἁϐραάμ.
1203 872 1223 906 ι
1283 854 1502 926 Ἐπειδὴ
1553 855 1662 926 γὰρ
1708 859 1921 921 τούτοις

335 939 625 1012 ἐκοσμεῖτο
674 944 792 1006 τοῖς
839 943 1277 1017 πλεονεκτήμασι
1328 948 1695 1017 διαφερόντως
1742 952 1770 1003 6
1814 966 1922 1002 πα-

335 1033 631 1105 τριάρχης,
668 1035 945 1108 ἠϐουλήθη
993 1038 1088 1092 καὶ
1118 1039 1217 1109 τὴν
1248 1039 1469 1112 νύμφην
1500 1042 1818 1111 συμϐαίνειν
1840 1041 1921 1112 τῷ

335 1126 524 1195 τρόπῳ
558 1126 653 1180 τοῦ
685 1128 965 1200 κηδεστοῦ.
1001 1131 1089 1184 ἵνα
1118 1130 1193 1202 μὴ
1223 1132 1337 1203 ἔριν
1380 1132 1503 1187 τινὰ
1549 1134 1643 1187 καὶ
1684 1134 1922 1201 φιλο-ρει-

334 1218 458 1273 κίαν
486 1218 516 1271 6
539 1220 745 1285 σκοπὸς
779 1220 888 1291 (38)
924 1222 1251 1293 ἐργάσηται.
1284 1225 1405 1277 Ὀτι
1440 1224 1495 1278 δὲ
1521 1226 1581 1278 οὐ
1615 1226 1921 1295 συμϐολικὰ

332 1310 508 1366 ταῦτα
548 1307 638 1384 ἦν,
693 1312 829 1366 ἀλλὰ
876 1313 1110 1378 πίστεως
1157 1316 1252 1369 καὶ
1304 1316 1583 1381 εὐσεϐείας
1625 1317 1917 1388 δηλωτικὰ,

334 1408 553 1479 πρῶτον
623 1407 865 1461 διδάσκει
931 1408 992 1460 τὸ
1063 1409 1349 1463 σπουδαῖον
1406 1410 1507 1480 τῆς
1575 1411 1917 1482 προσευχῆςο

334 1501 529 1556 ἔπειτα
571 1500 635 1555 τὸ
665 1500 990 1571 προσμένειν
1028 1500 1191 1554 αὐτὸν
1221 1503 1320 1573 τὴν
1359 1502 1556 1575 βουλὴν
1604 1503 1699 1556 τοῦ
1746 1503 1918 1558 Θεοῦο

333 1593 493 1648 τοῦτο
513 1593 626 1665 γὰρ
660 1595 696 1665 ή
725 1593 844 1647 θεία
868 1593 1107 1647 διδάσκει
1134 1593 1327 1666 Γραφή
1356 1613 1370 1626 ο
1402 1614 1422 1647 ι
1472 1596 1530 1649 Ὀ
1555 1596 1613 1650 δὲ
1637 1596 1921 1666 ἅνθρωπος

336 1684 748 1755 κατεμάνθανεν
776 1684 966 1755 αὐτὴν,
1000 1687 1097 1739 καὶ
1127 1687 1463 1751 παρεσιώπα
1502 1688 1596 1742 τοῦ
1643 1690 1841 1758 γνῶναι
1871 1693 1920 1743 εί

335 1748 589 1829 εὐώδωκε
634 1773 840 1845 Κύριος
1015 1777 1134 1829 ὀδδν
1168 1748 1356 1837 αύτοῦ.
1395 1777 1427 1849 ἢ
1467 1777 1550 1831 οὔ.
1595 1798 1613 1830 ι
1655 1748 1920 1851 ”Εκείνης
1952 1748 1995 1806 Β

334 1865 446 1933 γὰρ
476 1863 539 1915 τὺ
585 1861 732 1934 ὕδωρ
768 1865 1098 1941 ἀρυομένης,
1147 1867 1243 1921 καὶ
1280 1871 1402 1931 ταῖς
1447 1869 1718 1940 καμήλοις
1752 1888 1923 1943 προσ-

334 1953 613 2024 φερούσης
658 1955 723 2008 τὸ
750 1958 919 2026 νᾶμα,
963 1956 1228 2030 ἀνέμενεν
1273 1953 1428 2024 οὗτος
1474 1960 1604 2015 ἰδεῖν
1638 1963 1689 2014 εί
1721 1962 1923 2029 πάσαις

335 2045 598 2114 παράσχῃ
631 2043 745 2116 (59)
776 2045 875 2116 τὴν
907 2047 1100 2119 χρείαν
1149 2049 1291 2103 κατὰ
1324 2050 1422 2122 τήν
1470 2051 1712 2123 αἴτησιν.
1761 2055 1926 2108 Πιου-

341 2136 449 2189 σῶν
475 2136 536 2190 δὲ
564 2136 677 2190 τῶν
717 2139 1000 2210 καμήλων,
1034 2140 1213 2205 εὐθὺςο
1245 2144 1613 2215 προσενήνοχε
1637 2145 1740 2216 τῆς
1787 2164 1923 2219 μνη-

338 2229 525 2293 “sic;
553 2229 625 2283 τά
659 2230 904 2301 σύμϐολα
936 2234 1068 2305 (40).
1099 2234 1265 2298 Γνοὺς
1297 2234 1351 2289 δὲ
1379 2236 1441 2290 τὸ
1481 2237 1658 2307 γένος,
1694 2240 1789 2294 καὶ
1823 2240 1923 2313 τήν

335 2329 670 2400 δεσποτικὴν
705 2326 1049 2397 συγγένειαν,
1084 2326 1404 2399 εὐδοκήσας,
1439 2330 1623 2400 φησὶν,
1655 2334 1684 2385 6
1707 2331 1919 2403 ἅνθρω-

329 2438 431 2485 πος
462 2419 844 2491 προσεκύνησε
868 2416 946 2490 τῷ
973 2418 1185 2491 Κυρίῳ,
1216 2421 1311 2474 καὶ
1340 2418 1528 2476 εἶπεν·
1562 2442 1582 2476 ι
1618 2424 1920 2497 Εὐλογητὸς

328 2510 538 2582 Κύριος
578 2512 609 2565 6
660 2510 793 2575 Θεὸς
837 2511 933 2565 τοῦ
979 2512 1174 2581 κυρίου
1224 2528 1327 2585 μου
1390 2512 1666 2585 Ἀϐραὰμ,
1711 2517 1770 2581 ὃς
1821 2519 1921 2573 οὐκ

329 2603 661 2670 ἐγκατέλιπε
713 2603 813 2676 τὴν
865 2605 1212 2678 δικαιοσύνην
1264 2608 1377 2678 (41)
1437 2608 1627 2678 αὐτοῦ,
1681 2611 1778 2665 καὶ
1827 2613 1921 2667 τὸν

330 2693 479 2748 ἔλεον
522 2693 636 2766 (62)
677 2693 844 2748 αὐτοῦ
873 2694 982 2747 ἀπὸ
1019 2694 1113 2749 τοῦ
1142 2696 1336 2767 κυρίου
1373 2714 1494 2767 μου.
1529 2698 1689 2767 Κάμὲ
1720 2698 1833 2768 (45)
1862 2700 1921 2753 ὲν

330 2784 435 2856 όδῷ
457 2785 642 2856 ἤγαγε
674 2784 786 2857 (ιι)
818 2785 1010 2857 κύριος
1035 2788 1115 2851 είς
1138 2788 1231 2842 τὸν
1263 2784 1414 2842 οἷκον
1443 2788 1538 2842 τοῦ
1567 2789 1798 2859 ἀδελφοῦ
1826 2790 1919 2844 τοῦ

331 2880 527 2950 κυρίου
571 2896 701 2949 μου.
766 2900 785 2933 ι
820 2880 931 2934 Καὶ
980 2882 1131 2934 πᾶσα
1179 2881 1236 2934 δὲ
1276 2872 1441 2935 αὑτοῢ
1478 2884 1511 2954 ή
1558 2883 1813 2951 διάλεξις,
1858 2883 1920 2937 τὸ

329 2972 554 3036 εὐσεϐὲς
590 2970 853 3045 κηρύττει
881 2975 981 3044 τῆς
1008 2973 1255 3044 γνώμης.
1291 2974 1401 3027 Καὶ
1432 2975 1614 3045 μέντοι
1654 2976 1750 3030 καὶ
1781 2975 1921 3047 μετὰ

2023 493 2167 548 clina
2198 496 2333 549 mihi
2364 505 2512 552 tuam
2561 500 2831 571 hydriam,
2891 513 2951 559 ut
3010 505 3238 563 bibam:
3298 520 3353 565 et
3408 510 3607 567 dixerit

2023 590 2182 655 mihi,
2211 589 2360 655 Bibe,
2386 593 2626 661 domine,
2657 602 2712 650 et
2741 598 2981 651 camelos
3012 607 3135 654 tuos
3165 611 3352 670 potare
3383 603 3603 674 faciam,

2021 680 2195 736 donec
2223 681 2412 738 bibere
2440 683 2711 751 desinant,
2747 685 2887 742 hanc
2918 689 3235 757 praeparasti
3283 706 3453 760 puero
3508 696 3605 748 tito

2020 774 2216 828 Isaac:
2250 782 2305 829 et
2334 775 2386 828 in
2420 776 2522 830 hoc
2551 793 2904 848 cognoscam,
2940 781 3085 849 quod
3134 781 3331 838 feceris
3387 784 3610 839 miseri-

2021 864 2268 918 cordiam
2297 880 2421 920 cum
2472 866 2697 921 domino
2752 883 2873 923 meo
2925 870 3240 925 Abrahamo
3302 872 3346 929 ί.
3385 890 3405 924 ι
3465 872 3604 931 Cum

2021 957 2166 1009 enim
2201 966 2310 1011 tam
2344 958 2646 1028 insignibus
2700 962 3043 1016 ornamentis
3092 965 3406 1021 cumulatus
3462 974 3605 1023 esset

2022 1051 2358 1121 patriarcha,
2391 1053 2607 1107 volebat
2633 1062 2690 1108 et
2716 1069 2981 1124 sponsam
3014 1072 3322 1128 congruere
3353 1059 3604 1115 moribus

2023 1143 2223 1207 soceri,
2254 1159 2324 1197 ne
2351 1146 2760 1201 contentionem
2792 1147 3035 1217 aliquam
3066 1152 3604 1207 autcontroversiam

2022 1244 2280 1306 parerent
2310 1251 2492 1293 mores
2521 1239 2808 1294 contrarii.
2839 1239 2998 1307 Quod
3031 1250 3211 1297 autem
3246 1243 3364 1299 haec
3418 1244 3608 1314 conje-

2023 1318 2177 1381 ctitia
2207 1342 2313 1383 non
2345 1338 2548 1395 essent,
2583 1329 2676 1385 sed
2710 1330 2835 1386 ﬁdei
2864 1339 2920 1386 et
2947 1332 3233 1405 religionis
3283 1344 3605 1404 argumenta

2022 1418 2263 1488 primum
2295 1419 2637 1476 demonstrat
2666 1432 2925 1478 accurata
2958 1425 3288 1494 compositio
3344 1426 3607 1496 depreca-

2024 1511 2212 1578 tionis,
2244 1513 2440 1569 deindc
2467 1517 2805 1585 exspectatio
2857 1517 3157 1573 voluntatis
3212 1517 3431 1575 divinat.
3490 1518 3607 1574 Hoc

2024 1604 2170 1660 enim
2201 1606 2361 1661 docet
2390 1606 2577 1662 divina
2609 1607 2889 1678 Scriptura
2918 1627 2933 1664 :
2987 1628 3006 1661 ι
3044 1608 3144 1664 Vir
3174 1618 3356 1665 autem
3414 1610 3606 1667 obser-

2025 1698 2188 1753 vabat
2218 1698 2386 1763 illam,
2417 1710 2473 1755 et
2503 1701 2737 1767 tacebat,
2769 1711 2830 1755 ut
2860 1702 3046 1767 sciret,
3067 1718 3135 1756 an
3170 1701 3437 1757 Dominus
3467 1717 3598 1773 pro-

2026 1797 2302 1859 Sperasset
2328 1790 2471 1843 viam
2504 1804 2684 1854 suam,
2716 1806 2783 1845 an
2817 1806 2925 1846 non
2961 1794 3008 1845 8.
3048 1809 3067 1842 ›
3102 1791 3352 1862 Cumque
3382 1792 3608 1863 illass

2024 1879 2301 1936 hausisset
2329 1896 2549 1950 aquam,
2582 1891 2637 1938 et
2664 1884 2890 1938 camelis
2940 1884 3265 1954 prmbuisset
3316 1884 3604 1949 ﬂuentum,

2024 1970 2375 2038 exspectabat
2406 1971 2582 2037 ille,ut
2612 1973 2843 2037 videret,
2877 1988 2944 2027 an
2999 1974 3260 2030 omnibus
3318 1974 3605 2044 praeberet,

2024 2076 2290 2134 quantum
2322 2080 2460 2134 opus
2490 2074 2630 2131 erat,
2686 2065 3151 2136 quemadmodum
3214 2066 3604 2137 postulaverat.

2022 2153 2326 2223 Adaquatis
2356 2162 2537 2209 autem
2570 2156 2819 2220 camelis,
2854 2156 3035 2211 statim
3072 2155 3303 2224 protulit
3360 2155 3606 2225 despon-

2022 2243 2251 2300 sationis
2281 2245 2547 2316 symbola.
2578 2245 2714 2301 Cum
2748 2253 2929 2301 autem
2962 2245 3277 2316 agnovisset
3310 2261 3487 2317 genus
3551 2253 3608 2300 et

2022 2337 2404 2406 cognationem
2436 2336 2645 2391 domini
2677 2339 2786 2403 sui,
2818 2337 3135 2409 gratissimo
3164 2337 3351 2392 animo
3381 2337 3464 2391 vir
3492 2337 3606 2401 ille,

2022 2429 2220 2499 inquit,
2253 2430 2501 2485 adoravit
2528 2429 2847 2496 Dominum,
2897 2439 2951 2485 et
2980 2430 3157 2485 dixit:
3225 2449 3244 2482 ι
3282 2428 3607 2485 Benedictus

2021 2516 2291 2576 Dominus
2319 2519 2462 2577 Deus
2490 2520 2702 2576 domini
2732 2521 2838 2577 mei
2869 2521 3191 2587 Abrahami,
3224 2521 3318 2592 qui
3349 2536 3459 2575 non
3509 2520 3608 2574 de-

2022 2614 2538 2685 rcliquitjustitiatn
2572 2631 2727 2672 suam
2759 2625 2814 2673 et
2870 2616 3302 2672 misericordiam
3360 2630 3517 2670 suam
3575 2629 3605 2668 a

2022 2706 2249 2761 domino
2282 2724 2434 2764 meo:
2467 2718 2522 2762 et
2550 2724 2637 2763 me
2667 2710 2895 2764 deduxit
2927 2710 2980 2764 in
3013 2709 3237 2764 domum
3272 2709 3461 2764 fratris
3506 2707 3608 2761 do-

2022 2800 2159 2855 mini
2190 2800 2296 2856 mei
2325 2801 2376 2856 ιι.
2414 2819 2434 2853 ι
2472 2799 2741 2858 Universa
2775 2812 2957 2858 autem
2992 2802 3108 2858 haec
3140 2802 3313 2872 ipsius
3360 2802 3606 2856 collocu—

2022 2893 2099 2949 tio
2131 2894 2387 2963 pietatem
2421 2894 2591 2948 animi
2622 2894 2886 2952 declarat.
2922 2894 3193 2951 Similiter
3244 2903 3300 2951 et
3331 2909 3454 2965 quae
3484 2900 3608 2962 post

2022 2986 2169 3041 illam
2203 2986 2624 3042 collocationem
2692 2997 3021 3059 sequuntur,
3055 2988 3305 3044 eamdem
3346 2986 3610 3040 denotant

330 3066 426 3136 τὴν
451 3065 716 3131 διάλεξιν,
755 3065 848 3120 τὸν
882 3066 1043 3120 αὑτὸν
1091 3066 1350 3137 σημαίνει
1382 3069 1603 3121 σκοπόν.
1646 3066 1919 3139 Συνθεμέ-

2027 3076 2410 3133 intentionem.
2443 3078 2758 3134 Contractis
2788 3080 2933 3134 enim
2967 3079 3175 3149 nuptiis
3206 3092 3302 3146 per
3356 3082 3609 3145 parentes

330 3176 444 3212 νων
464 3159 581 3230 γὰρ
603 3157 714 3213 τῶν
742 3157 842 3230 τὴν
871 3158 1040 3230 κόρην
1062 3160 1473 3231 γεγεννηκότων
1511 3159 1605 3215 τὸν
1647 3160 1825 3230 γάμον
1848 3161 1918 3227 ⁸⁵,

332 3246 492 3311 εὐθὺς
520 3247 687 3313 αὐτὸς
724 3266 744 3300 ι
785 3248 1188 3319 Προσεκύνησε,
1219 3252 1407 3321 φησὶν,
1425 3249 1526 3304 ἐπὶ
1546 3250 1645 3321 τὴν
1676 3254 1780 3323 γῆν
1807 3252 1919 3325 (45)

331 3340 409 3412 τῷ
439 3341 656 3413 Κυρίῳ.
693 3362 713 3394 ι
747 3342 858 3397 Καὶ
885 3341 954 3396 τά
983 3341 1109 3413 ἑξῆς
1152 3341 1211 3395 δὲ
1250 3341 1353 3412 τῆς
1388 3341 1558 3414 αὐτῆς
1591 3342 1774 3413 ἔχεται
1805 3344 1922 3400 δια-

332 3435 481 3499 νοίας
502 3450 517 3464 ·
565 3455 584 3488 ι
620 3436 712 3508 Μὴ
745 3436 1007 3507 κατέχετε
1036 3434 1146 3506 γάρ
1177 3452 1267 3506 με,
1300 3436 1455 3509 φησὶ,
1487 3438 1582 3491 καὶ
1609 3439 1815 3510 Κύριος
1836 3439 1926 3493 εύ-

330 3524 522 3582 ὡδωσε
550 3528 653 3602 τὴν
681 3529 801 3583 ὁδόν
840 3546 964 3600 μου.
1007 3547 1027 3582 ι

912 3623 1109 3680 ΕΡΩΤ.
1149 3625 1249 3679 OE'
1276 3623 1342 3677 “.

332 3711 497 3786 Διατί
525 3711 1050 3786 τῶννπατριαρχῶν
1096 3719 1156 3771 al
1192 3715 1477 3786 γυναῖκες
1517 3713 1782 3783 στεῖραι;
1813 3716 1923 3770 Kal

402 3782 516 3852 γὰρ
540 3782 737 3852 Σάρῤα
767 3782 994 3853 desipit,
1034 3788 1132 3841 καὶ
1163 3782 1211 3855 ἦ
1241 3786 1523 3841 Ῥεϐέκκα
1549 3782 1836 3852 ὡσαύτως
1852 3788 1921 3853 ’⁷,

402 3855 504 3907 καὶ
537 3855 576 3926 ᾖ
621 3854 1101 3924 Ῥαχὴλμέντοι,
1131 3854 1231 3910 καὶ
1260 3858 1298 3925 ἡ
1330 3857 1493 3912 Λεία.
1534 3874 1553 3908 ι
1605 3857 1764 3910 Ἰδὼν
1790 3857 1925 3926 γὰρ,

404 3924 582 3999 φησὶ.
608 3926 853 3999 Κύριος,
888 3926 977 3980 ὅτι
998 3928 1261 3996 μισεῖται
1288 3924 1327 3998 ἢ
1358 3929 1524 3992 Λεία,
1552 3926 1779 3994 ἀνέῳξε
1798 3924 1924 3999 (46)

406 3998 520 4048 αὐτ
529 3994 603 4064 ῆς
630 3995 745 4064 τὴν
770 3994 1026 4067 μήτρανῖ.

407 4086 483 4142 Τὸ
518 4088 914 4159 Ἰσραηλιτικὺν
938 4090 1204 4161 συστῆσαι
1226 4090 1383 4160 γένος
1406 4089 1694 4162 βουληθεὶς
1722 4091 1749 4145 ό
1770 4088 1925 4155 Θεὸς,

334 4178 610 4234 δείκνυσιν
642 4180 704 4234 ού
735 4183 878 4235 κατὰ
912 4181 1124 4252 φύσεως
1169 4181 1494 4237 ἀκολουθίαν
1521 4183 1588 4249 ’⁸,
1618 4182 1756 4236 ἀλλὰ
1783 4183 1930 4238 κατὰ

337 4276 437 4343 τήν
466 4273 570 4343 τῆς
600 4275 826 4345 χάριτος
860 4274 1174 4345 φιλοτιμίαν
1214 4275 1312 4346 τὴν
1342 4276 1669 4345 πολυγονίαν
1705 4275 1931 4349 δεξάμε-

339 4377 449 4420 νον.
486 4365 707 4432 Ταύτης
734 4358 792 4419 δὲ
838 4365 941 4436 τῆς
971 4350 1301 4437 κηδεμονίας
1331 4369 1509 4421 ἐκεῖνο
1545 4368 1605 4422 τὸ
1635 4368 1794 4437 γένος
1837 4386 1929 4422 τε-

2026 3171 2243 3241 puellae,
2276 3171 2392 3241 ipse
2421 3187 2584 3227 mox:
2624 3191 2642 3224 ι
2680 3170 3002 3237 Procidens,
3054 3170 3255 3239 inquit,
3290 3170 3343 3223 in
3404 3176 3606 3221 terram

2025 3259 2273 3315 adoravit
2304 3259 2590 3315 Dominum
2631 3261 2673 3316 ί.
2717 3279 2736 3312 ›
2767 3261 2833 3315 Ει
2859 3276 2982 3331 qua:
3010 3269 3334 3329 sequuntur,
3362 3255 3608 3327 ejusdem

2026 3365 2155 3409 sunt
2184 3352 2500 3408 sententiae:
2541 3372 2558 3404 ι
2597 3350 2676 3409 Ne
2709 3353 3011 3418 retineatis,
3050 3351 3247 3422 inquit,
3282 3364 3389 3405 me.
3424 3342 3612 3401 Domi-

2026 3462 2131 3502 nus
2158 3446 2305 3501 cnim
2334 3445 2680 3518 prosperavit
2711 3446 2853 3500 viam
2887 3460 3061 3501 meam
3094 3444 3145 3499 l.
3181 3462 3202 3497 ι

2507 3617 2527 3638 ⁹
2544 3622 2824 3679 INTERR.
2860 3622 3072 3679 LXXV.

2030 3716 2384 3782 Quamobrem
2428 3730 2617 3769 uxores
2669 3716 3097 3784 patriarcharum
3156 3727 3307 3771 erant
3363 3717 3615 3775 steriles?

2104 3785 2248 3840 Nam
2282 3784 2420 3840 Sara
2450 3785 2647 3840 sterilis
2700 3796 2835 3848 erat,
2868 3797 2918 3839 et
2956 3787 3208 3853 Rebecca,
3250 3789 3499 3842 similiter
3560 3800 3609 3844 et

2098 3855 2296 3910 Rachel
2351 3856 2664 3929 atqueLea.
2708 3875 2727 3908 ι
2775 3855 2961 3911 Videas
3002 3861 3163 3922 enim,
3195 3859 3388 3929 inquit,
3425 3860 3609 3914 Domi-

2099 3944 2219 3991 nus,
2250 3929 2425 4036 kquod
2489 3927 2849 3997 despiceretur
2902 3929 3032 3996 Lea,
3064 3927 3273 3999 aperuit
3322 3929 3437 3999 ejus
3495 3939 3612 3985 ute-

2099 4013 2215 4036 rum
2335 4016 2354 4036 ι

2099 4013 2219 4051 rum
2250 4013 2299 4051 ι.
2334 4016 2354 4049 ι

2098 4088 2302 4145 Volens
2348 4090 2493 4146 Deus
2547 4092 2936 4146 commendare
2991 4107 3166 4164 genus
3224 4090 3609 4162 lsraeliticum,

2028 4183 2265 4237 ostendit
2293 4182 2427 4237 illud
2459 4197 2568 4237 non
2602 4185 2838 4238 naturali
2872 4186 3247 4251 successione,
3280 4186 3375 4242 sed
3437 4187 3612 4258 gratia

2027 4273 2296 4329 etfavore
2346 4273 2736 4330 fecunditatem
2795 4276 3097 4333 liberorum
3156 4278 3410 4348 adeptum
3468 4294 3610 4334 esse.

2028 4368 2183 4425 Hanc
2234 4375 2417 4422 autem
2445 4368 2839 4439 providentiam
2870 4370 3106 4425 obtinuit
3132 4370 3246 4440 89
3277 4386 3451 4439 genus
3481 4371 3611 4426 illud

338 4458 600 4530 τύχηκεν,
633 4458 935 4530 ἐπειδήπερ
956 4461 985 4513 6
1023 4461 1302 4530 Δεσπότης
1336 4460 1593 4531 Χριστὸς,
1626 4462 1655 4515 6
1691 4478 1918 4532 μονογε-

2024 4460 2152 4529 quia
2182 4460 2436 4516 Christus
2467 4460 2734 4517 Dominus
2765 4462 3082 4532 unigenitus
3118 4463 3209 4517 Dei
3260 4462 3431 4516 Filius
3487 4461 3614 4517 inde

340 4550 436 4622 νὴς
468 4549 565 4605 τοῦ
597 4550 735 4604 Θεοῦ
768 4550 897 4615 Υἱὸς
928 4551 996 4618 ’³,
1029 4552 1241 4606 ἐκεῖθεν
1267 4552 1459 4625 ἔμελλε
1487 4551 1549 4606 τὸ
1575 4554 1719 4607 κατὰ
1746 4555 1925 4624 σάρκα

343 4639 691 4711 βλαστήσειν.

2033 4554 2332 4610 secundum
2364 4569 2587 4610 carnem
2619 4554 2770 4611 nasci
2802 4554 3060 4610 debebat.

416 4755 433 4794 ¹
469 4756 605 4813 Gen.
636 4767 789 4817 xxxv,
816 4752 903 4808 14.
986 4756 1011 4794 ε
1053 4753 1184 4809 ibid.
1226 4752 1318 4808 21.
1390 4755 1419 4794 h
1446 4753 1576 4809 ibid.
1601 4754 1692 4809 27.
1774 4756 1790 4797 ί
1833 4754 1964 4810 ibid.
2015 4754 2108 4810 26.
2188 4753 2202 4804 i
2244 4754 2375 4810 ibid.
2406 4754 2495 4809 56.
2574 4756 2601 4795 ιι
2640 4755 2776 4811 Gen.
2815 4770 2966 4821 xxix,
3005 4753 3097 4809 5|.

1230 4865 1466 4922 VARIA‘J
1502 4866 1887 4924 LECTIONES
1918 4868 2007 4922 EX
2057 4869 2337 4925 CATENA
2364 4869 2720 4926 LlPSlENSl.

408 4969 452 4999 "
484 4966 606 5022 Cat.
645 4982 699 5037 p.
735 4966 863 5021 295.
896 4964 977 5035 τῷ
1000 4964 1119 5037 γάῇμ

1123 4982 1236 5038 ῳἨ
1263 4965 1319 5038 ’ξ
1338 4964 1440 5029 Qu.
1467 4964 1545 5038 75h
1568 4973 1748 5038 exstat
1774 4966 1827 5020 in
1849 4977 1923 5021 cal

2023 5005 2037 5020 .
2071 4967 2196 5030 562,
2232 4968 2296 5021 ad
2327 4967 2461 5023 Gen.
2505 4984 2658 5032 xxrx,
2685 4968 2773 5021 3|.
2853 4968 2899 5001 ⁸⁷
2931 4965 3049 5022 Cat.
3079 4983 3132 5038 ρ.
3167 4966 3302 5022 562.
3345 4968 3610 5035 ὡσαύτως

346 5052 454 5092 om.
517 5038 564 5070 ’⁸
594 5033 833 5108 φυσικὴν
864 5033 1149 5091 ἀκολουθζ
1197 5036 1242 5068 ⁹⁹
1281 5033 1400 5090 Cat.
1431 5050 1486 5105 p.
1518 5035 1643 5090 562.
1674 5038 1702 5091 ό
1730 5054 1918 5107 μονογ.
1952 5033 2001 5098 τξ
2033 5039 2097 5099 Θ.
2134 5038 2262 5101 Υἱός
2293 5056 2406 5091 om.

1858 5151 2095 5209 NOTAE}.

414 5248 522 5318 (57)
548 5247 687 5303 Cod.
720 5255 775 5302 et
826 5246 942 5302 Pic.
993 5247 1268 5310 πίνουσαι,
1316 5262 1437 5317 qua:
1488 5256 1572 5302 est
1611 5248 1926 5305 communis

346 5319 506 5374 lrctio
534 5319 698 5384 hujus
736 5318 865 5373 loci.

413 5388 527 5458 (38)
573 5389 637 5442 Ὀ
674 5390 929 5456 σκοπός.
973 5391 1106 5447 Cod.
1148 5389 1297 5446 addit
1327 5387 1594 5454 ἐναντίος.
1632 5389 1796 5444 Picus
1825 5388 1923 5442 ha-

342 5460 427 5516 bet
453 5463 480 5514 6
504 5461 706 5530 τρόπος
730 5461 758 5512 6
781 5461 1038 5525 ἐναντίος.

436 5530 528 5601 59)
735 5530 926 5603 et
955 5532 1211 5603 παρέχει.

436 5536 528 5601 59)
568 5536 704 5584 Cod.
735 5540 791 5585 et
811 5536 926 5586 Pic.
955 5536 1211 5603 παρέχει.

415 5536 525 5669 itii)
557 5600 696 5656 Cod.
726 5608 782 5656 et
812 5599 926 5656 Pic.
956 5603 1018 5656 τὸ
1043 5601 1333 5672 σύμϐολον.

416 5671 525 5734 (Μ)
557 5671 980 5750 emanarit-nr.
1016 5669 1262 5750 Cod.~et_
1297 5672 1412 5750 Pic.
1449 5670 1737 5750 διαθήκην..
1768 5669 1912 5750 Δμου·

349 5738 546 5798 tionem
572 5741 849 5800 Sirmond.
904 5738 1126 5800 tuentur
1152 5743 1285 5800 Cod.
1317 5743 1467 5799 Alex.
1503 5752 1557 5798 ct
1597 5738 1919 5797 Vaticanus.

2100 5248 2212 5319 (42)
2287 5248 2638 5302 Ter-slew.
2692 5247 2924 5319 Recepta
2982 5247 3139 5303 lectio
3181 5256 3283 5312 cst,
3326 5248 3424 5319 τὴν
3473 5247 3610 5320 ἁλήο

2029 5319 2622 5474 λιξυρίουιφυ.
2644 5389 2778 5474 Cod:
2814 5400 2869 5474 et
2898 5390 3021 5474 Pic..
3067 5387 3301 5474 :rldunt,‘
3333 5385 3613 5474 ξΔϐραάμ.

2100 5457 2382 5529 (4›ί)1ίάμὲ
2405 5457 2701 5530 -ἤγαγεκ
2735 5462 2917 5515 Codex
2961 5461 3115 5516 Alex.
3144 5459 3308 5515 habet
3338 5457 3443 5528 ἐμὲ
3470 5457 3607 5513 εὐώ-

2025 5527 2198 5590 δωκε,
2225 5527 2557 5596 Vaticanus,
2578 5527 2677 5600 ὲμέ
2706 5533 2750 5584 τ’
2773 5531 3040 5586 εὐώδωκε.

2098 5600 2208 5671 (45)
2233 5601 2435 5671 Φησὶν
2457 5601 2556 5654 ἐπὶ
2585 5601 2702 5666 τὴν
2724 5601 2861 5671 γῆν.
2891 5600 3071 5659 Desid.

2094 5669 2207 5739 (46)
2233 5670 2364 5728 Cod.
2397 5672 2595 5741 ἤνοιξε,
2624 5669 2739 5730 Pic.
2769 5673 2971 5743 ἤνοιγε.
