3974 6206
269 338 410 407 1929

1535 330 1619 392 IN
1648 328 1855 391 PSAL.
1889 325 2228 391 CXXXVII.

3403 320 3534 386 1930

276 453 518 521 κενοῦτε,
552 449 841 508 ὲκκενοῦτε
870 447 977 514 ἕως
1009 448 1120 504 τῶν
1148 445 1416 520 θεμελίων
1440 447 1637 519 αὐτῆςο
1677 465 1698 498 ι
1731 445 1855 501 ἀντὶ

1984 444 2074 516 jus
2105 441 2499 497 fundamenta:
2537 458 2555 492 ι
2596 438 2700 494 hoc
2726 445 2831 502 est,
2858 453 2923 492 ex
2963 410 3334 493 fundamentis
3362 439 3534 508 ipsum

272 547 392 613 τοῦ,
418 548 511 601 Ἐκ
533 544 751 616 βάθρων
779 542 950 613 αὐτὴν
970 540 1347 608 άνασπάσατε,
1375 538 1516 593 ὥστε
1553 538 1688 610 μηδὲ
1714 536 1855 593 αὐτὰ

281 641 461 712 μεῖναι
485 636 594 691 τῶν
634 633 906 702 θεμελίων
939 634 1009 688 τὰ
1036 634 1181 704 ἴχνη.

343 728 412 800 η’.
450 749 469 782 ι
494 729 755 800 Θυγάτηρ
785 727 1105 790 Βαϐυλῶνος
1128 729 1163 799 ή
1187 726 1534 798 ταλαίπωρος
1550 726 1618 778 ⁸³.
1652 745 1671 778 ι
1696 724 1857 780 Οὕτω

281 822 552 894 παραδοὺς
572 819 652 892 τῷ
674 821 794 892 Θεῷ
816 820 924 874 τῶν
957 820 1224 874 Ἰουδαίων
1246 820 1346 891 τὴν
1370 819 1575 890 κρίσιν,
1599 818 1855 889 προλέγει

277 914 369 968 καὶ
393 914 459 982 τῇ
493 910 772 965 Βαϐυλῶνι
798 910 889 965 τὸν
914 912 1172 982 ἐσόμενον
1196 911 1439 983 ὄλεθρον.
1470 910 1860 978 Ταλαιπωρον

280 1005 339 1060 δὲ
363 1003 554 1075 αὐτὴν,
587 1005 663 1067 ὼς
682 1004 876 1061 ἀθλίαν
897 1004 1181 1075 ἐσομένην,
1206 1004 1381 1059 καλεῖ.
1422 1003 1480 1059 '0
1507 1004 1564 1059 δὲ
1601 1002 1855 1068 Ἀκύλας,

284 1096 402 1155 ἀντὶ
435 1095 530 1150 τοῦ
562 1097 961 1165 ταλαίπωρος,
993 1097 1032 1165 ή
1060 1098 1582 1168 προνενομευμένη
1612 1096 1855 1169 εἴρηκεν.

290 1208 308 1240 ι
342 1188 633 1259 Μακάριος
661 1187 720 1252 ὃς
744 1189 1120 1243 ἀνταποδὼσει
1147 1206 1235 1243 σοι
1259 1190 1321 1244 τὸ
1353 1190 1711 1261 ἀνταπόδομά
1739 1206 1856 1255 σου,

281 1278 311 1334 ὃ
336 1277 726 1341 ἀνταπέδωκας
759 1279 910 1348 ἡμῖν.
945 1296 965 1330 ι
996 1279 1063 1331 Τί
1091 1278 1149 1332 δὲ
1171 1278 1330 1333 τοῦτό
1359 1281 1539 1346 ὲστιν;

353 1366 417 1420 θ’.
462 1386 481 1418 ι
514 1367 802 1438 Μακάριος
829 1365 889 1429 ὃς
910 1368 1196 1439 κρατήσει,
1231 1369 1325 1422 καὶ⁹
1354 1367 1570 1437 ἐδαφιεῖ
1596 1366 1667 1420 τὰ
1691 1367 1862 1437 νήπιά

282 1475 377 1511 σου
426 1457 564 1529 πρὸς
607 1460 708 1528 τὴν
761 1459 994 1529 πέτραν.
1032 1478 1052 1510 ι
1099 1458 1320 1529 Ἐπειδὴ
1351 1460 1396 1492 ⁸³
1439 1459 1549 1530 γάρ
1579 1458 1674 1513 καὶ
1706 1457 1862 1512 αὐτοὶ

281 1552 393 1613 τοῖς
440 1550 620 1604 αὐτῶν
659 1549 874 1620 νηπίοις
917 1549 1083 1620 ὠμῶς
1118 1551 1441 1621 ἐχρήσαντο,
1477 1549 1578 1620 τὴν
1611 1548 1735 1618 ίσην
1769 1550 1865 1602 αὐ-

281 1645 393 1704 τοῖς
422 1641 694 1712 τιμωρίαν
742 1642 770 1694 6
808 1642 1101 1713 Προφήτης
1129 1642 1449 1714 προείρηκε.
1484 1639 1863 1710 Μακαρίζεται

283 1730 465 1783 τοίνυν
498 1733 527 1784 6
559 1729 763 1802 Κῦρος,
795 1732 822 1783 6
877 1730 1165 1794 κάκείνους
1211 1731 1468 1795 κολάσας,
1498 1732 1596 1785 καὶ
1639 1730 1863 1792 τούτους

1957 537 2276 603 convellite,
2321 544 2379 590 ut
2405 548 2479 589 ne
2515 532 2741 603 vestigia
2787 530 3012 601 quidem
3052 530 3535 586 fundamentorum

1902 669 1906 672 ~
1956 638 2301 686 remaneant.

2027 720 2197 777 Vsus.
2230 721 2285 776 8.
2319 739 2338 771 ι
2378 720 2516 776 Filia
2538 718 2828 791 Babylonis
2848 718 3071 773 misera.
3123 736 3140 769 ι
3181 715 3290 771 Deo
3320 713 3537 771 Judaeu-

1960 832 2081 871 rum
2122 814 2388 887 judicium
2431 814 2537 866 hoc
2574 810 2737 865 modo
2775 810 3118 879 relinquens,
3157 806 3405 878 praedicit
3430 804 3532 861 Ba-

1958 905 2146 979 byloni
2194 904 2433 959 futuram
2473 902 2794 973 perniciem.
2836 902 3091 955 Miseram
3116 908 3297 955 autem
3340 900 3537 969 ipsam,

1960 1011 2223 1073 tanquam
2275 998 2654 1054 calamitosam
2705 996 2943 1051 futuram
2986 1001 3161 1049 vocat.
3207 993 3402 1064 Aquila
3438 1008 3540 1048 au-

1961 1103 2069 1149 tem
2093 1108 2194 1163 pro
2222 1092 2441 1154 misera,
2476 1089 2616 1144 dixit
2655 1096 2887 1144 vastata.
2922 1106 2941 1138 ι
2987 1085 3189 1141 Beatus
3232 1086 3327 1156 qui
3380 1086 3543 1139 retriv

1963 1185 2096 1241 buet
2128 1184 2229 1241 tibi
2252 1181 2672 1239 retributionem
2710 1189 2884 1243 tuam,
2914 1193 3080 1249 quam
3110 1177 3413 1233 retribuisti
3443 1192 3542 1234 no-

1964 1279 2073 1335 bis.
2120 1296 2139 1330 ι
2180 1276 2320 1344 Quid
2352 1283 2535 1330 autem
2569 1284 2657 1330 est
2689 1273 2838 1328 hoc?

2040 1364 2206 1424 Vens.
2239 1368 2292 1424 9.
2333 1387 2352 1420 ‹
2388 1367 2590 1423 Beatus
2614 1367 2708 1436 qui
2737 1365 2966 1429 tenebit,
2995 1374 3050 1419 et
3074 1363 3261 1419 allidet
3287 1362 3544 1432 parvulos

1967 1472 2092 1518 tuos
2126 1461 2190 1516 ad
2214 1468 2449 1530 petram.
2497 1477 2516 1510 ι
2549 1456 2819 1524 Quoniam
2849 1455 2994 1510 enim
3017 1466 3072 1511 et
3100 1454 3202 1524 ipsi
3232 1453 3287 1508 in
3321 1450 3543 1507 Judaeo~

1965 1570 2088 1610 rum
2133 1555 2275 1609 ﬁlios
2303 1552 2554 1608 crudeles
2581 1551 2828 1614 fuerunt,
2856 1548 3122 1619 aequalem
3160 1545 3295 1616 ipsis
3326 1558 3543 1615 poenam

1968 1647 2239 1717 Pr0pbeta
2269 1644 2536 1716 praedicit.
2574 1642 2786 1714 1527
2812 1641 2987 1712 Cyrus
3023 1654 3154 1710 ergo
3183 1638 3378 1693 beatus
3402 1650 3544 1706 pra!-

1970 1740 2208 1806 dicatur,
2241 1738 2335 1809 qui
2367 1746 2422 1793 et
2446 1738 2501 1792 in
2530 1736 2654 1791 illos
2687 1733 3097 1799 animadvertit,
3127 1740 3182 1786 et
3214 1730 3316 1786 hos
3345 1728 3545 1783 libera-

285 1818 657 1888 ἐλευθερώσας
723 1819 823 1873 οὐκ
855 1819 1045 1891 ἐπειδὴ
1075 1820 1177 1889 τῆς
1213 1819 1537 1891 εἰλικρινοῦς
1581 1819 1865 1883 εὐσεϐείας

1984 1833 2048 1887 vit
2081 1851 2092 1886 :
2124 1848 2234 1887 non
2276 1831 2406 1902 quia
2446 1831 2675 1886 sincerae
2713 1826 2937 1898 pietatis
2989 1826 3248 1881 alumnus
3277 1829 3415 1889 erat,
3448 1821 3542 1877 sed

282 1910 550 1980 τρόφιμος
581 1906 671 1980 ἦν,
704 1911 922 1964 ἀλλ’ὅτι
971 1910 1063 1963 τὸν
1102 1911 1302 1980 εὐσεϐῆ
1345 1912 1472 1964 λαὸν
1515 1912 1615 1980 τῆς
1646 1911 1863 1964 ἐλευθε-

284 2001 405 2072 ρίας
432 2000 656 2071 ἠξίωσε,
682 2001 776 2055 καὶ
801 2001 892 2055 τὸν
915 2001 1057 2056 θεῖον
1079 2001 1219 2055 νεὼν
1244 2001 1666 2072 οἰκοδομηθῆναι
1691 2017 1865 2071 προσ-

284 2092 464 2158 ἐταξε.
485 2093 713 2163 Δέχεται
737 2092 795 2146 δὲ
815 2092 949 2157 Θεὸς
975 2094 1071 2147 καὶ
1096 2092 1225 2157 τοὺς
1245 2092 1461 2160 ὀλίγους
1480 2093 1750 2164 καρποὺς,
1771 2091 1868 2146 καὶ

284 2183 383 2245 τὰς
429 2182 672 2252 μεγάλας
702 2181 1002 2245 ἀντιδόσεις
1030 2182 1291 2253 παρέχειο
1319 2181 1460 2235 οὕτω
1484 2183 1610 2246 τοὺς
1643 2181 1737 2234 δύο
1767 2179 1868 2249 τῆς

288 2276 463 2345 χήρας
489 2273 709 2337 ὀϐολοὺς
743 2272 1099 2343 ἀνεκήρυξεν.

605 2385 871 2439 ΕΡΜΗΝ.
895 2385 1033 2438 ΤΟΥ
1061 2384 1206 2440 PAZ'
1235 2385 1554 2440 ΨΑΛΜΟΥ.

359 2495 427 2552 α’.
462 2494 550 2562 Τῷ
578 2495 757 2550 Δαϐἰδ
777 2495 846 2550 ’³.
884 2496 1041 2551 Μετὰ
1065 2497 1113 2530 ⁸⁸⁵
1141 2496 1239 2567 τὴν
1274 2496 1381 2549 άπὸ
1420 2494 1739 2559 Βαϐυλῶνος
1768 2496 1871 2550 ἐπ·

291 2590 497 2655 ἀνοδον,
525 2586 594 2642 τὰ
633 2589 1017 2643 ἐπαναστάντα
1047 2589 1232 2653 αὐτοῖς
1260 2590 1309 2642 οι
1352 2587 1595 2642 Ἰουδαῖοι
1631 2587 1873 2642 καταλύ-

293 2697 483 2743 σαντες
516 2679 644 2750 ἐθνη
679 2680 768 2733 διὰ
795 2682 893 2751 τῆς
919 2681 1072 2744 θείας
1100 2681 1294 2753 ῥοπῆς,
1332 2679 1501 2751 ὕμνον
1521 2680 1873 2752 χαριστήριον

294 2774 665 2845 προσφέρουσι
701 2773 779 2845 τῷ
805 2773 946 2844 Θεῷ.
973 2773 1159 2827 Ταῦτα
1184 2773 1363 2826 τοίνυν
1395 2776 1423 2827 6
1457 2774 1599 2836 θεῖος
1633 2789 1873 2844 προαγο-

296 2865 444 2935 ρεύει
474 2865 655 2919 Δαϐίδ.
693 2884 713 2918 ι
752 2864 1254 2937 Ἐξομολογήσομαί
1277 2882 1383 2930 σοι,
1409 2866 1583 2938 Κύριε
1604 2866 1669 2931 ⁸⁵,
1697 2867 1757 2921 ἐν
1776 2866 1876 2939 ὅλῃ

296 2956 492 3027 καρδίᾳ
524 2973 649 3026 μου.
680 2973 700 3008 ι
733 2956 848 3010 Οὐκ
871 2956 1122 3025 ἐγένοντο
1151 2958 1281 3029 περὶ
1302 2958 1395 3010 τὸν
1418 2958 1716 3029 εὐεργέτην
1742 2959 1878 3029 ἀχά-

297 3064 492 3115 ριστοι.
537 3048 679 3102 Ἀλλ’
710 3048 950 3102 ἱκετείαν
986 3050 1470 3120 προσενεγκόντες,
1503 3050 1597 3105 καὶ
1623 3051 1877 3121 βοηθείας

1967 1924 2099 1993 quia
2152 1925 2300 1994 pium
2349 1924 2614 1993 populum
2670 1922 2915 1976 libertate
2945 1920 3190 1983 donavit,
3233 1924 3285 1973 et
3322 1925 3380 1972 ut
3407 1913 3546 1970 divi-

1966 2027 2101 2068 num
2150 2014 2412 2082 templum
2457 2011 2820 2067 aedificaretur
2860 2010 3047 2079 jussit.
3094 2008 3238 2064 Deus
3277 2020 3444 2079 porro
3493 2016 3548 2060 et

1967 2104 2196 2176 exiguos
2232 2103 2446 2159 [ructus
2491 2102 2744 2170 suscipit,
2780 2108 2835 2155 et
2878 2115 3106 2169 magnas
3142 2097 3547 2154 remuneratio-

1970 2211 2068 2253 ncs
2100 2197 2301 2266 praebet
2334 2214 2346 2248 :
2372 2195 2452 2252 sic
2479 2195 2619 2250 duos
2649 2193 2828 2247 viduae
2866 2192 3062 2247 obolos
3094 2190 3367 2246 laudavit-

2311 2388 2586 2444 INTEIlP.
2618 2389 2873 2444 PSALMI
2914 2388 3221 2444 CXXXVII.

2044 2506 2209 2564 Vens.
2245 2506 2297 2562 1.
2334 2506 2546 2560 Davidi.
2580 2502 2706 2558 Post
2737 2503 2969 2558 reditum
3003 2517 3069 2556 ex
3098 2502 3391 2574 Babylone,
3423 2515 3549 2556 cum

1976 2608 2190 2671 gentes,
2239 2613 2359 2669 quae
2405 2597 2459 2651 in
2495 2597 2643 2667 ipsos
2689 2596 2988 2660 irruerunt,
3032 2593 3201 2649 Judaei
3237 2594 3421 2650 divina
3450 2608 3552 2664 Ope

1975 2691 2387 2765 proﬂigassent,
2416 2690 2680 2763 hymnum
2708 2689 3006 2759 gratiarum
3032 2686 3266 2743 actionis
3294 2686 3549 2743 oﬂ‘erunt.

1974 2782 2103 2838 Haec
2127 2782 2311 2852 itaque
2343 2795 2490 2835 nunc
2519 2779 2741 2835 divinus
2768 2779 2935 2833 David
2964 2776 3319 2835 vaticinatur.
3359 2798 3379 2831 ι
3408 2779 3548 2833 Con-

1976 2873 2171 2929 ﬁtebor
2197 2872 2291 2928 tibi
2320 2871 2590 2939 ,Domine,
2619 2879 2732 2927 toto
2757 2870 2921 2926 corde
2952 2886 3093 2927 meo.
3141 2889 3160 2923 ι
3197 2869 3400 2944 Ingrati
3426 2888 3552 2943 erga

1974 2963 2228 3020 beneﬁcii
2258 2971 2539 3018 auctorem
2575 2978 2684 3019 non
2715 2961 2938 3017 fuerunt
2966 2977 2983 3016 :
3015 2962 3108 3017 sed
3135 2977 3261 3017 cum
3294 2964 3557 3030 depreca-

1976 3056 2126 3111 tione
2178 3055 2357 3110 oblata
2407 3054 2674 3110 auxilium
2722 3054 3111 3119 obtinuissent,
3154 3067 3251 3123 pro
3283 3057 3303 3076 '
3346 3054 3555 3109 viribus

294 3139 657 3210 τετυχηκότες
679 3181 694 3207 ,
726 3143 837 3205 τοῖς
869 3140 1115 3205 δυνατοῖς
1153 3142 1252 3205 τὰς
1277 3143 1595 3213 εὐεργεσίας
1621 3144 1871 3214 ἀμείϐον-

1984 3145 2241 3202 beneﬁcia
2268 3154 2646 3215 compensant,
2687 3154 2743 3199 et
2777 3143 3012 3216 hymnos
3055 3143 3292 3201 oﬂ‘erunt
3330 3158 3430 3213 pro
3461 3158 3561 3199 au-

296 3247 405 3294 ται,
444 3231 537 3284 καὶ
567 3230 770 3301 ὕμνους
797 3233 936 3305 ὑπὲρ
968 3232 1068 3299 τῆς
1101 3233 1419 3304 ἐπικουρίας
1452 3234 1871 3304 προσφέρουσιν.

302 3343 320 3373 ι
358 3323 469 3377 Καὶ
501 3324 747 3378 ἐναντίον
790 3325 1038 3394 ἀγγέλων
1068 3326 1114 3358 ⁸⁸
1160 3325 1317 3395 ψαλῶ
1347 3342 1429 3378 σοι
1455 3327 1522 3378 ⁸⁷.
1555 3344 1574 3377 ι
1628 3326 1881 3397 Μιμησό-

300 3418 462 3488 μεθα,
488 3418 646 3488 φησὶ,
676 3417 785 3471 τῶν
805 3419 1054 3488 ἀγγέλων
1083 3419 1212 3483 τοὺς
1238 3420 1475 3490 δήμους·
1503 3420 1594 3473 καὶ
1624 3419 1878 3490 καθάπερ

299 3513 356 3564 ἐν
390 3516 501 3575 τοῖς
534 3513 784 3583 οὐρανοῖς
820 3514 1019 3565 ἐκεῖνοι
1053 3511 1369 3583 χορεύοντες
1393 3510 1624 3582 ὑμνοῦσι
1652 3510 1743 3565 τὸν
1769 3511 1879 3565 τῶν

297 3602 435 3656 ὅλων
457 3603 613 3670 Θεὸν,
644 3602 788 3656 οὕτω
814 3602 911 3656 καὶ
937 3604 1099 3673 ἡμεῖς
1126 3604 1221 3657 ἐπὶ
1245 3603 1347 3674 τῆς
1374 3603 1480 3673 γῆς
1505 3603 1604 3673 τὴν
1633 3619 1880 3674 πνευμα-

297 3694 458 3764 τικήν
492 3711 575 3747 σοι
609 3693 882 3764 μελῳδίαν
911 3693 1295 3764 προσοίσομεν.
1756 3688 1759 3691 ί
1798 3712 1801 3719 ·
1843 3764 1849 3769 ,

372 3785 439 3856 β’.
477 3804 495 3837 ι
528 3786 904 3855 Προσκυνήσω
928 3786 1065 3855 πρὸς
1089 3785 1216 3839 ναὸν
1238 3784 1394 3853 ἅγιόν
1418 3801 1538 3850 σου,
1563 3786 1656 3837 καὶ
1685 3785 1876 3854 ὲξομοο

304 3878 608 3944 λογήσομαι
638 3874 718 3945 τῷ
739 3874 967 3943 ὀνόματί
995 3892 1111 3936 σου,
1143 3875 1237 3927 ἐπὶ
1268 3874 1346 3945 τῷ
1379 3876 1517 3929 ἐλέει
1546 3892 1660 3937 σου,
1689 3876 1782 3928 καὶ
1813 3880 1877 3946 τῇ

302 3965 528 4035 ἀληθείᾳ
552 3982 667 4018 σου.
702 3983 721 4015 ι
761 3965 957 4017 Ἔσται
985 3966 1045 4017 δέ
1073 3980 1163 4034 μοι
1192 3966 1312 4018 ἀντὶ
1340 3967 1434 4019 τοῦ
1467 3966 1698 4037 οὐρανοῦ
1727 3969 1755 4020 ὁ
1777 3969 1881 4034 ἀφ-

306 4056 599 4126 ιερωμένος
630 4054 707 4124 τῷ
737 4054 963 4124 ὀνόματί
991 4072 1085 4107 σου
1116 4055 1270 4117 νεώς.
1303 4058 1390 4110 Ἐν
1423 4057 1615 4129 ἐκείνῳ
1644 4075 1883 4129 προσκυ-

302 4150 453 4218 νήσω
480 4164 560 4212 σε,
594 4146 687 4200 καὶ
718 4146 817 4216 τὴν
847 4147 1200 4218 χαριστήριον
1226 4147 1536 4217 δοξολογίαν
1560 4151 1880 4220 ποιήσομαι,

303 4240 400 4310 τὴν
437 4241 515 4301 είς
548 4239 648 4308 ἐμὲ
671 4236 1103 4308 φιλανθρωπίαν,
1135 4239 1229 4292 καὶ⁸
1269 4238 1368 4309 τὴν
1418 4240 1561 4294 κατά
1586 4243 1694 4295 τῶν
1720 4244 1880 4295 πολε-

308 4332 445 4397 μίων
479 4329 827 4400 δικαιοσύνην
853 4328 1015 4399 ὁρῶν.
1054 4328 1175 4381 Τῶν
1218 4330 1316 4400 μὲν
1360 4331 1490 4402 γὰρ,
1525 4334 1601 4396 ὡς
1634 4334 1882 4387 ἀδικούν-

305 4439 431 4488 των,
465 4421 691 4490 ἀληθεία
723 4423 1067 4491 χρησάμενος
1095 4424 1456 4493 κατεψηφίσω
1495 4425 1589 4479 τὸν
1625 4427 1875 4498 ὄλεθρον·

1981 3235 2133 3289 ιίιίο.
2174 3255 2193 3287 ι
2236 3236 2303 3290 Et
2332 3235 2387 3290 in
2419 3243 2718 3304 conspectu
2759 3235 3077 3302 angelorum
3127 3234 3355 3303 psallam
3385 3234 3503 3290 tibi.
3532 3252 3552 3284 ι

1980 3324 2343 3391 Imitabimur,
2370 3323 2563 3394 inquit,
2590 3323 2908 3394 angelorum
2948 3332 3125 3379 cetus
3160 3341 3173 3377 :
3205 3331 3258 3377 ct
3287 3325 3558 3392 quemad-

1979 3417 2203 3472 modum
2239 3417 2293 3471 in
2317 3417 2473 3473 caelis
2512 3417 2592 3471 illi
2646 3416 3013 3485 tripudiantes
3044 3415 3300 3470 laudibus
3332 3415 3556 3471 univer-

1980 3525 2166 3565 sorum
2217 3508 2387 3565 Deum
2422 3516 2852 3580 prosequuntur,
2887 3509 2967 3563 sic
2997 3509 3161 3564 etiam
3191 3521 3290 3562 nos
3328 3508 3380 3562 in
3415 3517 3558 3562 terra

1981 3602 2321 3674 spiritualem
2353 3611 2684 3657 concentum
2714 3599 3032 3656 oﬂ‘eremus.

2055 3782 2220 3839 Vens.
2263 3782 2318 3837 2.
2358 3802 2377 3834 ι
2419 3782 2673 3839 Adorabo
2708 3784 2774 3838 ad
2802 3783 3063 3853 templum
3097 3791 3347 3836 sanctum
3379 3791 3556 3842 tuum,

1974 3878 2038 3928 ὀι
2070 3876 2375 3930 conﬁtebor
2434 3875 2649 3930 nomini
2677 3885 2793 3940 tuo,
2831 3890 2994 3944 Super
3054 3874 3435 3930 misericordia
3468 3884 3559 3927 tua

1982 3976 2037 4020 et
2068 3967 2295 4021 veritate
2330 3976 2443 4020 tua.
2482 3985 2499 4017 ι
2545 3968 2661 4021 Erit
2716 3976 2897 4021 autem
2938 3966 3071 4021 mihi
3104 3981 3204 4036 pro
3243 3966 3384 4020 cmlo
3419 3976 3559 4019 tem-

1982 4054 2135 4124 plum
2167 4065 2261 4109 tuo
2285 4055 2496 4109 nomini
2536 4063 2948 4108 consecratum.
2982 4055 3042 4108 lu
3094 4056 3187 4109 illo
3221 4054 3461 4109 adorabo
3485 4066 3556 4121 te,

1983 4157 2036 4199 ct
2067 4147 2369 4215 gratiarum
2402 4146 2632 4201 actionis
2659 4146 2848 4200 Iaudes
2884 4145 3139 4209 referam,
3168 4146 3556 4214 benignitatem

1990 4235 2207 4306 1528
2239 4252 2347 4305 qua
2382 4237 2435 4290 in
2480 4252 2568 4290 me
2599 4252 2732 4292 usus
2770 4251 2851 4297 es.
2896 4248 2949 4291 et
2988 4236 3259 4306 justitiam
3296 4236 3560 4291 adversus

1986 4326 2173 4381 hostes
2209 4341 2470 4382 cernens.
2505 4325 2617 4381 Hos
2642 4327 2806 4393 etum,
2841 4337 3100 4396 tanquam
3128 4326 3385 4396 injustos,
3414 4325 3560 4379 veri-

1989 4429 2096 4472 tate
2130 4434 2262 4473 usus
2290 4419 2358 4474 ad
2390 4420 2668 4474 interitum
2698 4419 3097 4483 condemnasti,
3132 4435 3218 4473 me
3250 4428 3432 4472 autem
3458 4417 3561 4470 mi-

306 4515 405 4583 ἐμὲ
428 4515 482 4567 δὲ
510 4514 589 4583 τῷ
623 4513 702 4583 σῷ
733 4514 868 4582 ὲλέῳ
902 4514 1189 4577 διέσωσας.
1227 4515 1350 4568 Ὅτι
1402 4517 1736 4584 ὲμεγάλυνας
1788 4520 1871 4571 ἐπὶ

1988 4510 2287 4565 sericordia
2318 4512 2572 4566 servasti.
2612 4531 2630 4563 ι
2689 4511 2962 4577 Quoniam
2994 4510 3362 4582 magniﬁcasti
3395 4525 3555 4579 super

307 4606 414 4657 πᾶν
457 4605 518 4656 τὸ
555 4603 724 4672 ὄνομα
756 4603 801 4635 ⁸⁸
839 4603 901 4655 τὸ
921 4594 1086 4671 ’ἅγιόν
1120 4619 1216 4656 σου
1238 4604 1306 4657 ⁹⁹.
1343 4623 1362 4654 ι
1396 4605 1494 4656 Διά
1526 4603 1743 4658 πάντων
1774 4605 1880 4676 γὰρ

305 4696 501 4748 σεπτὸν
529 4694 588 4747 τὸ
608 4694 779 4763 ὄνομά
804 4711 898 4747 σου
916 4712 930 4725 ·
957 4695 1053 4748 καὶ
1082 4693 1236 4764 παρὰ
1255 4695 1421 4748 πᾶσιν
1450 4694 1632 4766 ᾄδεται
1649 4698 1761 4761 τοῖς
1780 4697 1880 4767 τὴν

306 4786 403 4853 σὴν
432 4786 794 4856 θεασαμένοις
832 4785 1005 4855 ίσχύν.

372 4874 441 4943 γ’.
481 4895 498 4927 ι
538 4876 629 4928 Ἐν
722 4876 787 4928 ἂν
819 4875 1002 4946 ἡμέρᾳ
1032 4876 1453 4949 ὲπικαλέσωμαί
1493 4895 1577 4945 σε,
1612 4881 1750 4949 ταχὺ
1782 4880 1882 4932 ἒπ-

309 4967 538 5020 άκουσόν
585 4984 707 5038 μου.
744 4987 763 5018 ι
811 4967 1030 5037 Ταύτης
1091 4969 1189 5039 τῆς
1233 4969 1574 5042 εὐφροσύνης
1624 4972 1888 5043 διηνεκῶς

310 5057 606 5111 ἀπολαύειν
625 5059 910 5114 ἀντιϐολῶ.
941 5078 959 5113 ι
982 5059 1367 5131 Πολυωρήσεις
1397 5080 1464 5132 με
1485 5065 1500 5095 ⁸
1531 5065 1588 5117 ἐν
1616 5064 1760 5137 ψυχῇ
1787 5082 1888 5137 μου

1988 4618 2153 4657 omne
2185 4619 2387 4658 nomen
2440 4615 2689 4658 sanetum
2743 4614 2919 4659 tuum.
2959 4624 2978 4657 ο
3012 4605 3068 4657 In
3121 4603 3378 4657 onmibus
3416 4602 3561 4655 enim

1989 4703 2144 4751 tuum
2176 4711 2378 4752 nomen
2407 4708 2695 4768 augustum
2726 4706 2828 4760 est,
2869 4705 2923 4750 et
2949 4697 3018 4751 ab
3041 4695 3297 4750 omnibus
3328 4694 3564 4748 celebra-

1988 4796 2099 4851 tur,
2132 4789 2225 4858 qui
2258 4797 2408 4843 tuam
2446 4789 2745 4857 potentiam
2783 4799 3208 4859 conspexerunt.

2069 4879 2231 4935 Vens.
2266 4881 2319 4934 5.
2352 4900 2371 4932 ι
2424 4880 2767 4951 Quocunque
2803 4882 2892 4936 die
2934 4883 3261 4937 invocavcro
3299 4890 3371 4945 te,
3416 4882 3562 4935 illico

1988 4972 2189 5026 exaudi
2219 4987 2328 5026 me.
2373 4993 2391 5025 ι
2420 4973 2491 5028 Ut
2516 4974 2619 5028 hac
2644 4974 2831 5028 laetitia
2855 4974 3113 5029 continue
3143 4973 3314 5039 fruar,
3345 4989 3559 5043 precor.

1999 5084 2018 5116 ι
2048 5066 2212 5122 Multa
2241 5085 2370 5124 cura
2397 5070 2712 5139 dignaberis
2730 5071 2968 5125 animam
2984 5085 3161 5126 meam
3182 5071 3382 5124 virtute
3404 5079 3513 5124 tua.
3545 5088 3560 5118 υ

1386 5225 1620 5281 ΥΔΒΙΛΕ
1675 5226 2062 5285 LECTIONES
2100 5228 2187 5284 ET
2220 5229 2456 5287 NOTAE.

380 5331 422 5364 "
441 5332 528 5418 ’Ἡ
548 5334 1241 5418 τιιλαίίτζξξεὶιινίξξρςεαιᾳ.
1261 5411 1274 5418 _
1379 5342 1871 5418 ⁸’ζῖσζεειςῖὴήέλιευῤ

1984 5344 2142 5418 ὃσας.
2173 5344 2317 5418 Haec.
2347 5346 2567 5418 Origeni
2597 5348 2965 5402 tribuitCord.
2994 5345 3318 5418 l.c.p.ﬁli§5.
3337 5345 3564 5418 Reliqua

314 5401 402 5484 ξι».
425 5402 645 5488 desunt:
708 5405 754 5436 οε
785 5406 868 5488 τῷ
888 5409 1233 5488 _A_a6’t'6‘.c_od:
1253 5401 1727 5488 ιδ’ᾼλληλούῖαΛιι
1764 5414 1871 5467 cod.

1984 5401 2241 5488 tticfhaac
2271 5416 2372 5486 leg.
2412 5401 2714 5488 inscriptio,
2733 5401 2961 5486 Ψαλμδς
2977 5401 3269 5488 «pA-adid,
3310 5401 3568 5488 ’ᾼγγσῖίου

314 5473 418 5558 καὶ.
438 5473 786 5558 Ζαχαρίου...
811 5475 864 5558 ⁸).
880 5479 1249 5558 Macen-7AM}
1273 5473 1637 5558 Origeniliazc
1670 5497 1871 5558 quoqut

1986 5485 2225 5558 buuntur
2249 5473 2390 5554 θμῦιι
2413 5473 2720 5558 Carm-lac.
2752 5504 2804 5558 p.
2837 5473 2962 5542 6'72.
2991 5557 2995 5558 ί
3026 5473 3083 5520 ’⁸⁵
3112 5473 3308 5558 Κύριε.
3340 5473 3506 5558 Abest
3536 5500 3569 5538 a

314 5552 468 5623 textu.
503 5543 665 5596 Hebr.
721 5544 789 5622 _"
828 5546 975 5623 ᾎγτ.
997 5548 1176 5623 ΔΗεὶιικ
1207 5543 1455 5623 υςοτιῖηι.
1488 5553 1630 5623 Αίιιι.
1659 5543 1713 5605 οὶ
1742 5543 1871 5623 Sim

1991 5555 2149 5609 θεῶν.

937 5619 1040 5696 ξτός
1096 5637 1216 5699 μου.
1241 5619 1461 5699 Eadem
1511 5619 1683 5699 verba
1737 5619 1962 5699 in'_c0d.
2015 5625 2214 5697 iAug.
2270 5630 2673 5699 praemittuntur
2732 5625 2998 5699 versiculo

312 5679 692 5759 Helvrgautem
725 5679 1107 5759 su_t_tt_alieua.'
1153 5690 1199 5720 ⁸⁸
1239 5690 1308 5743 Τὸ
1337 5691 1541 5759 ὄνομα.
1589 5691 1755 5746 Hebr.
1808 5694 1871 5749 Νι

1984 5713 2011 5750 η
2058 5679 2227 5753 tuum.

312 5611 383 5684 τά
399 5614 631 5684 λρήματα
656 5612 749 5665 τοῦ
773 5611 1040 5683 στόματός

314 5750 329 5784 ⁷
365 5754 634 5822 Πολυωρ.
652 5770 745 5820 με.
782 5753 942 5808 llebr.
984 5758 1288 5812 Auimosum
1335 5750 1615 5818 reddidisti
1666 5778 1763 5819 me.

628 5851 904 5913 PATROL.
942 5853 1083 5935 Gn._
1112 5855 1367 5919 LXXX.

2251 5552 2297 5589 ³⁷
2333 5560 2457 5634 Σοι.
2487 5560 2608 5612 cod.
2636 5552 2768 5611 Vat:
2804 5559 2929 5634 add.
2949 5625 2960 5634 _
2982 5557 3064 5609 ὃτι
3109 5557 3347 5634 ἢκουσας
3387 5552 3565 5634 πάντα

3055 5632 3322 5695 proximo,
3350 5640 3375 5676 ιι
3412 5632 3515 5677 text
3528 5641 3562 5678 ιι

2290 5693 2371 5771 ξ⁹⁹
2399 5699 2469 5753 Τὸ
2500 5698 2675 5767 ἅγιόν
2724 5711 2861 5751 σου.
2906 5693 3071 5751 Hebr.
3124 5693 3335 5749 verbum
3394 5706 3564 5747 luunt.

3255 5866 3326 5923 Gl.
