3974 6206
332 360 348 422 ἶ
363 359 466 425 938

1635 351 1716 412 IN
1753 349 1958 412 PSAL.
1987 349 2341 411 CXXXVIII

3453 345 3587 412 1934

327 477 388 530 τὸ
410 475 529 531 καθ’
562 477 593 546 η
605 473 720 546 μῶν
751 472 1172 546 χειρόγραφον.ι
1213 467 1409 542 Κύριε,
1435 465 1496 522 τδ
1527 467 1675 532 ἔλεός
1701 485 1799 522 σου
1827 468 1900 529 εἰς

2009 475 2197 520 contra
2230 482 2332 522 nes
2367 475 2501 522 erat.
2538 486 2556 519 ι
2591 465 2840 532 Domine,
2861 465 3234 522 misericordia
3275 476 3365 522 tua
3399 467 3451 522 in
3483 485 3587 524 sar-

328 569 419 623 τὸν
453 567 646 632 αίῶνα,
677 566 748 619 τὰ
776 566 918 638 ἔργα
959 563 1072 618 τῶν
1101 561 1306 636 χειρῶν
1354 577 1451 615 σου
1480 560 1554 632 μὴ
1586 560 1840 633 παρίδῃς.
1883 577 1901 610 ι

341 659 558 730 Ἐπειδὴ
586 657 766 712 τοίνυν
791 655 1104 728 ἀμέτρητός
1138 673 1232 710 σου
1256 656 1286 708 ό
1307 653 1477 718 ἔλεος,
1513 653 1610 706 καὶ
1641 649 1720 722 τῷ
1751 649 1906 705 αἰῶνι

330 751 832 821 συνεκτεινόμενος,
865 750 1091 820 ταχεῖαν
1115 747 1229 810 τοῖς
1265 747 1380 809 σοῖς
1423 745 1696 816 ποιήμασι
1722 742 1908 814 παρά-

328 862 458 916 σχου
496 847 598 916 τὴν
628 843 924 915 σωτηρίαν.
944 839 1165 910 Ταύτην
1201 838 1260 891 δὲ
1281 839 1312 890 6
1337 836 1632 908 Προφήτης
1679 849 1906 905 προσεν-

326 939 521 1009 ήνοχεν
550 927 652 992 ὕπὸ
673 938 773 1006 τῆς
795 933 888 988 τοῦ
915 931 1186 1002 παναγίου
1218 928 1544 999 Πνεύματος
1567 923 1907 998 μεμαθηκὼς

325 1028 569 1097 χάριτος,
595 1024 671 1088 ὡς
698 1025 760 1078 τὺ
787 1024 948 1096 χρέος
994 1021 1094 1092 τῆς
1137 1019 1354 1092 φύσεως
1381 1019 1409 1072 6
1437 1015 1674 1088 Ποιητής
1703 1015 1908 1070 ἐκτίσει

325 1119 426 1188 τῆς
450 1116 686 1188 φύσεως.

631 1227 898 1284 EPMIIN.
925 1227 1061 1282 ΤΟΥ
1095 1227 1249 1280 PAH'
1280 1225 1605 1281 ΨΑΛΜΟΥ.

311 1373 314 1376 ~
393 1353 462 1400 α’.
495 1363 514 1396 ‹
561 1345 658 1408 Et;
703 1345 765 1396 τὸ
802 1343 988 1407 τέλος·
1021 1343 1250 1413 Ψαλμὺς
1304 1341 1384 1412 τῷ
1439 1341 1625 1396 Δαϐίδ.
1682 1359 1701 1396 ι
1743 1340 1830 1394 Ἐν
1865 1341 1903 1371 ¹¹

325 1442 489 1501 ἐνίοις
519 1439 882 1506 ἀντιγράφοις
940 1435 1288 1505 πρόσκειται,
1329 1453 1347 1486 ι
1383 1433 1658 1504 Ζαχαρίου
1696 1435 1776 1496 είς
1810 1432 1906 1502 τὴν

323 1531 648 1601 διασπορὰν.
695 1548 712 1581 ι
757 1529 930 1582 Τοῦτο
961 1528 1002 1560 ¹¹
1031 1525 1157 1580 οὔτε
1189 1526 1340 1598 παρὰ
1367 1525 1444 1597 τῷ
1485 1525 1746 1603 Ἑϐραίῳ,
1781 1525 1904 1578 οὔτε

325 1623 476 1693 παρὰ
515 1625 628 1686 τοῖς
671 1621 1096 1692 Ἑϐδομήκοντα,
1127 1618 1254 1673 οὔτε
1285 1619 1438 1690 παρά
1467 1621 1578 1682 τοῖς
1611 1618 1793 1682 ἄλλοις
1816 1613 1908 1672 εὖ·

327 1729 418 1783 ρον
444 1713 846 1782 ἑρμηνευταίς’
895 1709 1032 1764 ἀλλά
1077 1727 1160 1772 τις
1201 1710 1276 1773 ὡς
1319 1709 1592 1780 ἠϐουλήθη
1631 1709 1906 1782 νενοηκὼς

2011 558 2220 624 culum,
2265 571 2320 614 et
2350 575 2517 631 opera
2554 575 2818 616 manuum
2859 571 3075 616 tuarum
3114 577 3184 616 ne
3221 562 3512 632 despicias.
3563 581 3580 614 ι

2011 645 2284 713 Quoniam
2317 649 2487 720 igitur
2532 650 2800 706 immensa
2837 657 2923 706 est
2963 659 3056 706 tua
3093 651 3498 718 misericordia,
3534 659 3590 708 et

2012 740 2176 796 simul
2209 757 2334 797 cum
2365 743 2670 798 aeternitate
2699 743 3036 807 extenditur,
3071 743 3302 798 celerem
3324 743 3433 796 tuis
3458 757 3588 812 ope-

2011 831 2165 890 ribus
2220 835 2457 890 salutem
2501 833 2656 890 affer.
2715 833 2867 891 Hanc
2911 844 3093 890 autem
3144 835 3584 905 deprecationem

2011 927 2238 994 protulit
2268 921 2563 996 Propheta,
2600 942 2725 982 cum
2754 943 2782 982 ο
2815 927 3054 998 Spiritus
3085 931 3259 983 saneti
3287 929 3463 998 gratia
3505 931 3588 986 di-

2009 1016 2252 1086 dicisset,
2281 1018 2524 1072 debitum
2556 1029 2765 1074 natura:
2796 1019 3053 1088 Opificem
3085 1031 3298 1074 natura;
3335 1023 3590 1090 persolu-

2011 1115 2196 1160 turum
2235 1121 2376 1161 ρεεο.

2327 1219 2604 1275 INTERP.
2646 1220 2900 1277 PSALMI
2939 1219 3273 1277 CXXXVIII.

2081 1330 2246 1389 Vnus.
2289 1335 2313 1390 I
2354 1353 2372 1386 ι
2396 1333 2451 1389 In
2481 1335 2664 1404 ﬁnem,
2684 1337 2937 1392 Psalmus
2957 1337 3168 1393 Davidi.
3209 1357 3228 1392 ι
3263 1337 3320 1392 In
3349 1339 3586 1394 nonnul-

2010 1424 2076 1480 lis
2111 1427 2514 1497 exemplaribus
2537 1429 2854 1500 adjunctum
2883 1441 2961 1485 est
2990 1449 3004 1485 :
3031 1449 3049 1484 ι
3090 1431 3369 1492 Zachariae
3399 1433 3453 1486 in
3475 1433 3588 1490 dis-

2009 1519 2342 1588 persionem.
2371 1540 2392 1574 ι
2423 1521 2536 1579 lloc
2550 1540 2648 1579 nec
2671 1527 2810 1595 apud
2829 1513 3140 1591 Ilebrmum,
3160 1543 3262 1586 nec
3283 1529 3426 1601 apud
3447 1528 3584 1598 sep-

2009 1611 2276 1682 tuaginta,
2305 1628 2406 1668 nec
2429 1616 2572 1684 apud
2592 1617 2728 1674 alios
2758 1617 3081 1688 interpretes
3102 1617 3346 1674 ‘inveni:
3369 1619 3462 1674 sed
3481 1619 3587 1674 ali-

2008 1702 2132 1770 quis
2156 1717 2280 1760 cum
2309 1705 2580 1774 psalmum
2617 1707 2976 1765 intellexisset
2997 1716 3058 1762 ut
3079 1707 3312 1774 volebat,
3349 1708 3588 1778 inscrip-

325 1803 418 1854 τὶν
447 1801 681 1871 ψαλμὸν,
705 1801 805 1865 τῆς
850 1800 1166 1872 ἐπιγραφῆς
1207 1801 1502 1870 ἐποιήσατο
1524 1799 1622 1872 τὴν
1657 1801 1900 1874 προσθή-

2009 1793 2172 1848 tionis
2187 1796 2520 1852 auditionem
2551 1797 2696 1855 fecit.
2735 1799 3002 1856 Craterum
3023 1801 3266 1870 psalmus
3285 1801 3588 1872 praedictio-

322 1909 446 1962 κην.
495 1895 550 1946 Ὀ
576 1893 760 1962 μέντοι
790 1890 1006 1961 ψαλμὺς
1035 1889 1128 1943 τοῦ
1171 1890 1374 1945 Ἰωσίου
1419 1890 1514 1944 τοῦ
1563 1891 1831 1961 βασιλέως
1857 1892 1901 1924 ³³

322 1985 628 2054 πρόρρησιν
677 1981 812 2052 ἔχει.
849 1977 1020 2043 Οὗτος
1063 1981 1174 2052 γὰρ
1214 1983 1280 2035 ἐκ
1322 1981 1621 2048 δυσσεϐοῦς
1669 1983 1898 2054 βλαστή-

325 2091 420 2136 σας
445 2073 677 2142 πατρὸς,
709 2072 956 2127 τοιούτου
989 2058 1048 2124 δὲ
1087 2071 1180 2126 καὶ
1212 2071 1439 2129 πάππου
1470 2072 1765 2144 γενόμενος
1808 2073 1900 2128 εκ-

323 2182 500 2233 γονος,
526 2165 625 2232 τὴν
657 2165 754 2238 μὲν
782 2163 1007 2220 ἐκείνων
1036 2163 1292 2224 ἀσέϐειαν
1320 2162 1664 2231 ὲϐδελύξατο,
1685 2164 1774 2220 διὰ
1801 2165 1902 2220 πά-

325 2273 424 2328 σης
449 2254 505 2308 δὲ
527 2253 761 2308 ὦδευσεν
784 2252 1008 2324 ἀρετῆς,
1044 2253 1139 2308 καὶ
1168 2252 1314 2324 ζήλῳ
1343 2253 1474 2325 θείῳ
1504 2257 1900 2328 πυρποληθεὶς,

324 2349 450 2410 τοὺς
477 2345 585 2400 τῶν
603 2343 836 2398 εἰδώλων
855 2343 1041 2415 ἱερέας
1063 2344 1456 2415 κατηκόντισεν
1469 2345 1718 2410 ἅπαντας
1735 2360 1750 2376 ⁶
1772 2348 1902 2411 τοὺς

323 2440 509 2510 δὲτὴν
555 2436 840 2492 εὐσέϐειαν
899 2435 1318 2507 ἀσπαζομένους
1368 2437 1548 2506 πάσης
1599 2438 1904 2510 θεραπείας

323 2533 546 2604 ἠξίωσε.
579 2532 767 2584 Ταῦτα
815 2531 1076 2601 προλέγει
1110 2531 1138 2583 6
1165 2528 1404 2600 ψαλμός.
1447 2531 1674 2601 Είσάγει
1716 2532 1774 2586 δὲ
1806 2533 1902 2586 αὐ-

321 2626 414 2678 τὸν
451 2627 479 2678 6
504 2623 846 2696 προφητικὸς
861 2622 1020 2691 λόγος
1039 2623 1502 2694 προσευχόμενον,
1522 2624 1618 2677 καὶ
1637 2624 1737 2696 τὴν
1773 2643 1840 2680 πε
1849 2625 1903 2696 pl.

324 2715 489 2771 αὑτοῦ
531 2715 840 2787 πρόγνωσιν
868 2713 1327 2784 ἐκπληττόμενον.
1366 2732 1385 2766 ι
1421 2713 1610 2784 Κύριε,
1643 2715 1901 2788 ἐδοκίμα-

326 2809 424 2872 σάς
461 2825 528 2878 με
561 2849 575 2872 ,
607 2807 703 2860 καὶ
750 2805 924 2876 ἔγνως
955 2823 1044 2876 με.
1078 2825 1097 2857 ι
1128 2806 1374 2869 Βάσανος
1420 2807 1623 2878 ἀρετῆς
1648 2809 1708 2862 οὐ
1743 2809 1903 2880 μόνον

327 2903 491 2956 πενία
515 2901 608 2954 καὶ
636 2898 868 2968 ἀθυμία,
909 2897 1046 2953 ἀλλά
1073 2899 1168 2952 καὶ
1197 2895 1449 2968 βασιλεία
1480 2900 1574 2953 καὶ
1606 2899 1900 2972 εὐπραξία.

327 2993 542 3064 Ὥσπερ
565 2993 676 3064 γὰρ
713 2993 770 3044 ὲν
801 2993 912 3054 τοῖς
946 2991 1193 3061 ἀνιαροῖς
1233 2990 1664 3062 δοκιμαζόμεθα,
1703 2993 1754 3046 εἰ
1803 2992 1902 3062 φέ-

327 3103 446 3158 ρειν
473 3084 740 3154 γενναίως
784 3081 1062 3152 δυνάμεθα
1089 3082 1158 3137 τὰ
1199 3083 1618 3155 προσπίπτοντα
1649 3082 1899 3156 λυπηρά·

2005 1900 2128 1938 nem
2146 1887 2214 1942 de
2244 1885 2397 1947 Josia
2421 1905 2546 1962 rege
2565 1893 2830 1949 continet.
2856 1893 2957 1960 Hic
2977 1893 3122 1948 enim
3148 1907 3217 1948 ex
3241 1893 3413 1962 impio
3427 1905 3586 1966 patre

2001 1987 2187 2043 natus,
2215 1967 2470 2062 talisque.
2487 1984 2652 2038 etiam
2680 1985 2764 2039 avi
2789 1999 2980 2054 nepos,
3007 1985 3340 2056 impietatem
3359 1987 3584 2060 quidem

2004 2065 2221 2124 illorum
2261 2083 2578 2130 exsecratus
2603 2083 2706 2140 est,
2749 2085 2808 2130 et
2841 2078 2896 2132 in
2922 2079 3073 2134 omni
3101 2080 3302 2148 virtute
3331 2081 3580 2148 incessit,

2002 2156 2302 2231 divinaque
2323 2177 2510 2220 amore
2529 2165 2808 2235 incensus,
2833 2183 3024 2227 omnes
3043 2170 3310 2228 idolorum
3338 2175 3584 2240 sacerdo-

2002 2262 2084 2312 tcs
2114 2257 2362 2323 conﬁxit,
2401 2276 2498 2318 cos
2534 2277 2686 2326 vero,
2736 2264 2830 2333 qui
2863 2266 3122 2336 pietatem
3156 2267 3430 2334 colebant,
3458 2283 3582 2326 om-

2004 2345 2060 2398 ni
2111 2360 2246 2402 cura
2291 2349 2550 2418 dignatus
2589 2362 2694 2412 est.
2761 2354 2887 2410 Haec
2931 2357 3176 2425 psalmus
3226 2359 3577 2426 vaticinatur.

2006 2433 2220 2492 lnducit
2244 2448 2428 2496 autem
2457 2441 2606 2496 illum
2639 2445 2990 2514 propheticus
3021 2462 3207 2504 sermo
3235 2458 3574 2518 precantem,

2003 2539 2058 2582 et
2080 2527 2173 2584 Dei
2199 2545 2327 2596 erga
2353 2548 2411 2588 se
2433 2537 2834 2604 praescientiam
2857 2537 3241 2594 admirantem.
3280 2559 3299 2591 ι
3325 2539 3577 2609 Domine,

2005 2621 2248 2690 probasti
2283 2639 2391 2687 me,
2425 2634 2479 2680 et
2516 2628 2822 2696 cognovisti
2853 2645 2959 2686 me.
2997 2649 3016 2684 ι
3053 2628 3282 2688 Virtutis
3331 2633 3582 2702 probatio

2005 2727 2112 2766 non
2155 2715 2334 2770 solum
2387 2726 2473 2772 est
2514 2729 2812 2790 paupertas
2847 2731 2906 2779 et
2937 2723 3242 2792 calamitas,
3281 2727 3375 2784 sed
3409 2725 3582 2789 etiam

2011 2802 2220 2874 1531
2257 2821 2486 2878 regnum
2528 2817 2583 2864 et
2609 2810 2869 2870 felicitas.
2911 2813 3070 2870 Sicut
3109 2817 3256 2875 enim
3305 2817 3362 2874 in
3413 2818 3582 2874 rebus

2005 2895 2257 2954 tristibus
2307 2900 2644 2968 probamur,
2705 2904 2752 2959 si
2797 2905 3029 2962 viriliter
3077 2905 3222 2963 ferre
3279 2924 3584 2980 possumus

2003 2988 2236 3046 molesta
2273 3005 2397 3060 quae
2425 2993 2722 3052 accidunt:
2747 2997 2828 3052 sic
2855 3014 3076 3070 quoque
3119 3000 3174 3054 in
3205 3003 3464 3059 secundis
3489 3019 3583 3064 re-
3661 3005 3668 3012 “

2005 3079 2110 3134 bus
2150 3095 2491 3151 exercemur,
2527 3097 2582 3142 et
2631 3089 2992 3159 ostendimur,
3046 3093 3161 3150 sive
3197 3095 3270 3152 ob
3308 3095 3581 3166 prosperid

325 3157 499 3242 οὕτως
529 3177 624 3231 καὶ
658 3179 716 3230 ὲν
745 3179 866 3240 ταῖς
900 3175 1224 3246 εὐημερίαις
1240 3174 1652 3246 γυμναζόμεθα,
1677 3177 1770 3230 καὶ
1791 3175 1898 3230 δει-

2009 3177 2150 3227 tates
2174 3171 2478 3242 efferimur,
2510 3177 2627 3235 sive
2657 3180 2850 3238 harum
2879 3157 3134 3241 naturam
3171 3157 3581 3258 cognbscit-nus.

327 3267 593 3339 κνύμεθα,
629 3268 740 3320 εἴτε
775 3264 1224 3337 συνεπαιρόμεθα
1267 3267 1384 3327 ταῖς
1421 3264 1760 3336 εὐκληρξαις,
1793 3266 1902 3320 εἴτε

326 3359 424 3428 τὴν
454 3357 662 3410 τούτων
688 3355 1036 3424 ἐπιστάμεθα
1065 3353 1250 3422 φύσιν.
1283 3353 1569 3408 Βασιλείαν
1603 3357 1784 3409 τοίνυν
1809 3359 1904 3426 ἐγ-

327 3451 622 3522 χειρισθεὶς
675 3450 704 3502 6
751 3448 1020 3517 μακάριος
1063 3445 1272 3510 Ἰωσίας
1299 3485 1314 3511 ,
1347 3447 1443 3502 καὶ
1483 3447 1601 3518 μετ’
1623 3447 1902 3512 εὐσεϐείας

327 3541 494 3614 αὐτὴν
526 3541 884 3612 κυϐερνήσας,
913 3538 1138 3601 εἰκότως
1164 3537 1266 3608 ἔφη
1289 3553 1304 3569 ο

393 3635 613 3705 (Κύριε,
627 3633 958 3702 ὲδοκίμασάς
985 3647 1075 3702 με,
1091 3631 1187 3686 κα)⁹
1201 3631 1375 3699 ἔγνως
1397 3646 1484 3700 με.
1503 3627 1619 3702 [ﬁt]
1639 3631 1709 3684 Σὺ
1729 3629 1902 3699 ἔγνως

326 3727 426 3798 τὴν
459 3725 728 3793 καθέδραν
757 3741 883 3794 μου,
921 3723 1016 3776 καὶ
1063 3723 1165 3796 τὴν
1209 3721 1426 3792 ἐγερσίν
1465 3738 1592 3792 μου.
1631 3741 1650 3775 ι
1689 3723 1898 3790 Πάντα,

327 3820 483 3891 φησι,
526 3817 858 3888 μεμάθηκας
901 3815 1143 3887 ἀκριϐῶς
1169 3855 1184 3878 ,
1219 3815 1344 3868 τίνα
1385 3813 1724 3887 εἰργαζόμην
1773 3816 1904 3872 καθ-

328 3915 551 3980 ήμενος,
581 3911 705 3962 τίνα
733 3909 906 3978 ἔδρων
945 3907 1328 3977 ἀνιστάμενος.
1355 3905 1456 3959 Διά
1500 3905 1608 3977 γὰρ
1626 3908 1734 3974 τῆς
1763 3911 1902 3962 καθ-

329 4003 504 4069 ἕδρας
529 4001 622 4055 καί¹
647 4000 748 4069 τῆς
763 3999 1078 4068 ὲγέρσεως,
1109 3997 1290 4052 πάντα
1312 3997 1404 4051 τὸν
1431 3998 1547 4069 βίον
1570 3999 1809 4070 ἐδήλωσε
1831 3999 1896 4057 ⁸⁸.

330 4094 590 4164 Καθαρᾶς
627 4093 684 4145 δὲ
711 4091 889 4162 ψυχῆς
913 4091 1010 4144 καὶ
1045 4091 1348 4154 συνειδότος
1377 4091 1690 4163 ἐρρωμένου
1712 4093 1779 4146 τὰ
1802 4093 1901 4165 ῥή-

331 4200 495 4254 ματα.
517 4183 628 4236 Καὶ
647 4181 838 4252 ἐπειδὴ
865 4177 1043 4244 εἷπεν,
1077 4198 1097 4231 ι
1123 4179 1488 4250 Ἐδοκίμασάς
1515 4197 1582 4252 με
1607 4180 1700 4234 καὶ
1727 4180 1898 4248 ἔγνως

331 4292 418 4346 με,
463 4294 480 4327 ι
513 4275 601 4326 ἵνα
631 4275 704 4343 μή
743 4289 827 4335 τις
864 4271 1112 4342 ὑπολάϐῃ
1162 4271 1302 4342 μετά
1330 4271 1388 4325 τὸ
1411 4273 1564 4337 τέλος
1587 4273 1696 4328 τῶν
1719 4291 1903 4344 πραγ-

330 4367 516 4437 μάτων
583 4364 878 4436 μανθάνειν
907 4362 998 4416 τδν
1051 4361 1186 4416 Θεὸν
1211 4361 1282 4416 τὰ
1313 4363 1594 4434 γινόμενα,
1624 4363 1898 4435 ἁρμοδίως

328 4459 474 4530 μάλα
502 4458 746 4528 ἐπήγαγε
770 4471 786 4486 ο

394 4557 464 4620 γ’.
507 4569 524 4602 ι
563 4549 636 4602 Σὺ
671 4547 912 4616 συνῆκας
939 4545 1066 4608 τοὺς
1095 4543 1479 4614 διαλογισμούς
1509 4562 1610 4615 μου
1640 4545 1748 4599 ἀπὸ
1789 4563 1896 4617 μαο

321 4643 538 4713 κρόθεν.
573 4661 593 4693 ι
637 4639 880 4692 Ἀνωθεν
904 4637 1034 4706 γὰρ,
1072 4635 1168 4689 καὶ
1191 4633 1466 4706 ὲξὰρχῆς,
1501 4635 1599 4690 καὶ
1621 4636 1730 4706 πρὸ
1765 4635 1894 4690 πολ-

319 4735 426 4788 λῶν
459 4731 658 4802 γενεῶν
683 4731 780 4803 τῆς
825 4728 967 4798 ἐμῆς
1021 4727 1398 4791 διαπλάσεως,
1455 4727 1516 4782 οὐ
1575 4729 1736 4798 μόνον
1796 4728 1895 4792 τὰς

319 4827 462 4898 ἐμὰς
494 4822 858 4896 προεώρακας
903 4817 1156 4891 πράξεις,
1197 4818 1334 4873 ἀλλά
1370 4819 1410 4850 ⁸³
1440 4819 1565 4882 τοὺς
1601 4819 1896 4889 ἐσομένους

324 4935 412 4984 μοι
460 4912 822 4984 προεώρακας
857 4910 898 4942 ³⁸
950 4905 1268 4978 λογισμούς.
1303 4923 1323 4958 ι
1371 4906 1480 4976 Τὴν
1527 4905 1712 4976 τρίϐον
1765 4923 1889 4976 μου,

321 5009 415 5058 καὶ
443 5007 540 5077 τὴν
571 5008 611 5038 ⁸⁷
637 5003 846 5076 σχοῖνόν
877 5017 980 5072 μου
1009 5001 1072 5053 σὺ
1101 4999 1145 5031 ¹⁸
1173 4997 1502 5068 ὲξιχνίασας.
1546 5015 1565 5049 ι
1601 4997 1658 5050 Ὀ
1685 4997 1742 5050 δὲ
1761 4997 1892 5054 Θεο-

319 5099 508 5152 δοτίων
575 5097 766 5164 οὕτως,
832 5093 956 5158 Τὴν
1011 5091 1216 5160 τρίϐον
1267 5087 1550 5156 μου,καὶ
1602 5087 1716 5154 τὴν
1745 5087 1890 5142 ὀδόν

1923 4491 1974 4551 D

2005 3263 2256 3334 Regnum
2286 3266 2454 3337 igitur
2500 3270 2662 3328 beato
2679 3271 2845 3330 Josia:
2871 3291 2998 3335 cum
3029 3276 3336 3350 obtigisset,
3363 3289 3422 3336 et
3451 3292 3580 3340 cum

2004 3355 2202 3425 pietate
2225 3357 2402 3428 ipsum
2443 3362 2824 3430 gubern‘asset,
2847 3366 2974 3436 jure
3002 3368 3082 3424 ait
3119 3387 3136 3424 :

2079 3641 2099 3675 ι
2127 3626 2374 3694 Domine,
2395 3629 2638 3698 probasti
2657 3645 2764 3698 mc,
2779 3640 2834 3687 et
2850 3635 3154 3704 cognovisti
3167 3637 3470 3712 me.[Vnns.
3491 3641 3576 3714 2.]

2005 3713 2084 3771 Tu
2120 3719 2425 3790 cognovisti
2459 3721 2759 3778 sessionem
2790 3739 2989 3790 meam,
3031 3733 3086 3780 ct
3115 3713 3574 3788 resurrectionem

1999 3823 2202 3864 meam.
2243 3827 2262 3862 ι
2302 3809 2517 3879 Omnia,
2550 3813 2746 3883 inquit,
2781 3828 3039 3874 accurate
3074 3819 3255 3884 nosti.
3298 3837 3420 3892 qua:
3444 3838 3576 3894 ope-

2001 3899 2167 3955 rabar
2201 3901 2424 3967 sedens,
2457 3914 2506 3958 et
2542 3919 2663 3978 quae
2701 3903 2967 3961 faciebam
3007 3923 3238 3980 surgens
3273 3928 3288 3965 :
3325 3927 3421 3980 per
3457 3929 3576 3968 εει-
3661 3927 3666 3940 ’

2003 3986 2204 4043 sionem
2231 3986 2374 4041 enim
2405 3997 2457 4042 et
2488 3995 2925 4047 resurrectionem
2949 4035 2964 4060 ,
3009 4005 3176 4052 totam
3227 3999 3392 4056 vitam
3427 4001 3573 4058 desi-

2001 4079 2206 4149 gnavit.
2249 4077 2374 4134 Haec
2407 4095 2536 4135 vero
2559 4097 2708 4150 purae
2741 4084 2937 4140 animae
2961 4095 3014 4141 et
3042 4084 3392 4148 conscientiae
3422 4107 3574 4152 sana

2001 4179 2128 4230 sunt
2160 4171 2346 4229 verba.
2401 4171 2468 4228 Et
2495 4175 2624 4243 quia
2660 4174 2799 4230 dixit
2841 4194 2855 4231 :
2893 4194 2914 4228 ι
2962 4175 3211 4235 Probasti
3247 4197 3358 4247 me,
3391 4191 3448 4238 et
3473 4199 3572 4241 co-

2000 4263 2236 4334 gnovisti
2283 4280 2390 4330 me,
2429 4283 2446 4316 ι
2495 4281 2564 4321 ne
2620 4259 2744 4336 quis
2791 4269 3168 4340 suspicaretur
3221 4273 3390 4332 Deum
3450 4286 3574 4346 post

2001 4357 2162 4413 ﬁnem
2215 4371 2397 4412 rerum
2443 4373 2504 4412 ea
2565 4374 2688 4428 quae
2729 4358 2868 4416 fiunt
2918 4361 3164 4428 discere,
3209 4377 3572 4436 congruenter

2000 4447 2296 4504 admodum
2331 4449 2574 4504 subdidit
2596 4467 2611 4505 ;

2072 4537 2238 4595 Vnus.
2291 4540 2344 4594 5.
2376 4559 2394 4590 ι
2453 4539 2535 4594 Tu
2583 4541 2894 4597 intellexisti
2953 4545 3310 4615 cogitationes
3357 4565 3505 4608 meas
3539 4567 3570 4604 ο

1999 4630 2321 4702 longinquo.
2367 4650 2385 4684 ι
2429 4631 2562 4687 Nam
2601 4633 2732 4687 olim
2757 4675 2772 4700 ,
2807 4644 2922 4698 et‘a
2960 4639 3265 4706 principio.
3301 4649 3356 4695 et
3384 4645 3568 4698 multis

1997 4725 2215 4782 saeculis
2252 4735 2378 4781 ante
2433 4742 2608 4781 meam
2649 4730 2980 4786 creationem
3004 4771 3018 4792 ,
3067 4748 3181 4786 non'
3221 4733 3384 4788 modo
3419 4749 3570 4791 meas

1997 4816 2241 4873 actiones
2284 4819 2604 4888 praevidisti,
2641 4835 2826 4874 verum
2855 4830 2910 4877 et
2941 4820 3152 4878 futuras
3180 4839 3330 4880 meas
3359 4825 3569 4896 cogita-

1995 4906 2173 4963 tiones
2205 4909 2549 4980 prasscivisti.
2599 4929 2617 4962 ι
2656 4910 2918 4966 Semitam
2949 4927 3148 4981 meam,
3179 4926 3234 4970 et
3259 4914 3566 4972 funiculum

1997 5012 2180 5054 meum
2209 5001 2568 5072 investigasti.
2611 5020 2630 5054 ι
2659 5001 2962 5058 TheodOtio
2993 5004 3073 5059 sic
3099 5005 3237 5060 dixit
3263 5023 3276 5060 :
3307 5005 3566 5064 Semitam

1999 5099 2254 5153 meam,et
2279 5091 2418 5146 viam
2446 5109 2618 5147 meam
2647 5094 2998 5164 investigasti.
3037 5095 3186 5151 Viam
3223 5107 3277 5154 et
3321 5101 3568 5155 semitam

317 5205 434 5255 μου
465 5185 817 5254 ἐξιχνίασας
848 5181 1096 5236 ¹⁹.Ὀδὸν
1145 5177 1238 5231 καὶ
1275 5177 1478 5244 τρίϐον
1528 5175 1626 5238 τὰς
1660 5177 1888 5247 πράξεις

2009 5183 2239 5238 actiones
2261 5192 2442 5247 vocat,
2477 5184 2771 5254 funiculum
2791 5202 2920 5242 vero
2938 5188 3132 5242 harum
3157 5188 3560 5258 rectitudiuem,

321 5281 494 5344 καλεῖ,
526 5283 730 5351 σχοῖνον
761 5279 818 5332 δὲ
851 5278 951 5350 τὴν
980 5279 1187 5330 τούτων
1212 5269 1484 5342 εὐθύτητα
1509 5287 1523 5300 ο
1555 5271 1618 5323 ὲκ
1651 5287 1890 5340 μεταφο-

2009 5275 2314 5344 metapbora
2347 5277 2516 5346 petita
2549 5279 2626 5336 ab
2667 5280 2732 5336 iis
2783 5281 2878 5350 qui
2909 5281 3053 5340 mdes
3091 5279 3463 5348 fabricantur,
3505 5291 3562 5338 et

1374 5427 1612 5484 VARle
1645 5427 2030 5486 LECTIONES
2077 5431 2166 5486 ET
2221 5433 2451 5490 NOTAE.

385 5557 426 5588 “
455 5553 1159 5625 Ἠν-ἐκπληττόμενον(
1177 5551 1397 5625 Origeni
1425 5551 1542 5625 haec
1567 5549 1884 5625 tribuuntur

2019 5553 2048 5604 (1
2075 5551 2236 5610 Cord.
2279 5555 2396 5625 ch.
2437 5570 2487 5625 p.
2534 5553 2658 5610 689.
2765 5555 2806 5586 “
2844 5551 3046 5625 Τοῦτο.
3081 5551 3203 5625 cod.
3241 5551 3264 5604 I
3320 5552 3448 5625 add.
3475 5552 3554 5608 δέ.

323 5625 368 5658 ’³
397 5627 720 5696 Βασιλέως,
751 5625 873 5678 cod.
908 5619 1413 5696 I'add._s_6ss6eiq.§.
1494 5619 1684 5696 “_(_:o_d.
1713 5623 1738 5674 1
1758 5638 1900 5696 Δ’παρέ

2009 5639 2142 5676 ωσε.
2234 5625 2276 5658 ¹⁵
2317 5619 2520 5696 Ἀλλά.
2550 5625 2685 5696 Ibid.
2713 5624 3010 5696 scqu._xai.
3087 5619 3553 5696 “_IIposn'ipaxac.
3599 5685 3604 5696 ,

322 5697 454 5764 Ibid.
485 5689 925 5764 προεθεώρησας.
948 5761 960 5764 _
1004 5693 1054 5764 ¹⁷Α
1080 5691 1204 5756 Τὴν
1230 5721 1302 5732 --
1323 5691 1514 5764 ἑξιχν.
1548 5689 1712 5746 Hebr.
1737 5689 1900 5746 Accub

2009 5710 2044 5746 ιι
2097 5711 2268 5750 meum
2316 5695 2553 5750 cinxisti.
2634 5695 2676 5726 ³⁸
2709 5689 2813 5748 Σύζ
2869 5693 3097 5747 Additur
3135 5689 3353 5749 in’codl
3395 5689 3553 5748 Alex.

318 5761 363 5798 ²’
413 5761 819 5834 Ἐξίχνίασὰς.
865 5761 987 5819 cod.
1037 5762 1059 5816 I
1099 5777 1284 5832 praem.
1327 5761 1412 5815 σύ.
