3974 6206
361 305 495 374 1945

1613 317 1696 378 IN
1757 319 1964 380 PSAL.
2024 319 2339 383 CXXXIX.

3477 321 3612 388 1946

427 425 493 480 θ’.
527 443 546 476 ι
574 425 722 494 Mi,”
749 425 1006 498 παραδῷς
1043 444 1130 498 με,
1155 428 1472 502 Κύριε,ἀπδ
1503 430 1605 504 τῆς
1630 433 1914 506 ἐπιθυμίας

2099 434 2262 491 Vens.
2297 439 2350 494 9.
2381 457 2400 489 ι
2427 437 2504 492 Ne
2531 437 2720 495 tradas
2742 453 2848 500 me.
2875 437 3124 500 Domine,
3145 451 3172 491 a
3193 437 3463 494 desiderio
3489 453 3607 493 meo

361 533 462 586 μου
494 515 820 588 ἁμαρτωλῷ.
857 537 875 568 ι
908 518 967 571 '0
989 519 1044 574 δὲ
1069 517 1366 593 Σύμμαχος
1403 519 1610 586 οὕτως’
1644 523 1740 591 Μὴ
1783 521 1922 590 δῷς,

355 609 555 676 Κύριε,
585 609 688 674 τὰς
733 609 1053 679 ἐπιθυμίας
1107 610 1218 667 τοῦ
1258 615 1633 684 παρανόμου.
1694 615 1928 686 Ὁμοίως

356 701 414 756 δέ
446 703 542 755 καὶ
573 703 601 755 6
653 702 972 768 Θεοδοτίων,
1024 704 1118 757 καὶ
1169 705 1198 756 6
1241 703 1550 767 Ἀκύλαςτδ.
1607 707 1719 775 Τῆς
1761 707 1922 778 ἐμῆς,

357 795 545 866 φησὶν,
573 795 849 866 ἐφιεμένῳ
871 797 1086 866 σφαγῆς
1125 797 1200 868 μὴ
1229 797 1334 868 δῷς
1374 797 1474 868 τὴν
1495 797 1596 868 τῆς
1631 797 1926 868 ἐπιθυμίας

355 886 672 940 ἀπόλαυσιν.
747 886 859 941 Καὶ
922 888 1063 941 κατὰ
1111 891 1240 952 τοὺς
1303 888 1705 958 Ἑ-ϐδομήκοντα
1779 889 1922 946 οὕτω

353 978 594 1047 νοητέον,
625 976 720 1045 Μὴ
759 977 834 1032 δι’
884 977 1032 1047 ἐμοῦ
1057 979 1406 1032 ἀπολαῦσαι
1427 979 1472 1014 ’⁷⁸
1499 973 1588 1032 ὧν
1635 981 1921 1048 γλίχεται.

365 1068 508 1138 Ἐγὼ
569 1071 668 1140 μὲν
712 1071 820 1142 γὰρ
850 1072 896 1104 ⁷⁸
948 1071 1203 1142 ἐπιθυμῶ
1255 1071 1494 1141 σωθῆναι
1525 1088 1540 1104 ⁶
1605 1074 1817 1137 ἐκεῖνος
1868 1074 1926 1128 δὲ

351 1161 612 1231 ἐπιθυμεῖ
645 1161 864 1216 ἀνελεῖν
887 1179 978 1232 με.
1007 1162 1098 1232 Μὴ
1125 1163 1309 1215 τοίνυν
1345 1161 1442 1232 τὴν
1467 1161 1608 1232 ἐμὴν
1627 1162 1924 1232 ἐπιθυμίαν

349 1253 545 1325 ἐκείνῳ
598 1256 904 1326 παράσχῃς.
969 1274 989 1307 ι
1051 1255 1433 1325 Διελογίσαντο
1466 1257 1509 1288 ⁷⁷
1567 1256 1689 1309 κατ’
1737 1256 1872 1326 ἐμοῦ
1908 1273 1922 1288 ⁸

351 1345 424 1416 μὴ
455 1345 829 1418 ὲγκαταλίπῃς
889 1365 979 1418 με,
1041 1349 1254 1420 μήποτε
1313 1347 1622 1417 semesam.
1665 1368 1686 1403 ι
1737 1349 1925 1404 Πάντα

344 1435 608 1507 λογισμὸν
634 1437 846 1492 κινοῦσι
881 1438 1024 1492 κατὰ
1053 1439 1151 1510 τῆς
1173 1438 1316 1510 ἐμῆς
1344 1441 1594 1510 σφαγῆς·
1631 1441 1706 1511 μὴ
1743 1441 1925 1495 τοίνυν

349 1544 414 1596 με
445 1527 546 1597 τῆς
585 1528 690 1597 σῆς
712 1526 1012 1603 γυμνώσῃς
1044 1530 1322 1601 προνοίας,
1377 1531 1464 1584 ἵνα
1524 1532 1598 1604 μὴ
1649 1531 1926 1604 πρόφασιν

342 1618 528 1682 αὐτοῖς
547 1619 866 1684 ἀλαζονείας
903 1621 1213 1693 παράσχῃς.

417 1715 470 1762 ι’.
509 1707 572 1762 Ἦ
592 1710 637 1743 ⁷⁸
671 1711 884 1782 κεφαλὴ
933 1711 1026 1766 τοῦ
1082 1711 1439 1783 κυκλώματος
1491 1714 1690 1778 αὐτῶν,
1751 1714 1921 1779 κόπος

2026 531 2325 600 peccatori.
2359 551 2378 584 ›
2419 531 2787 602 Symmachus
2819 531 2931 585 sic:
2977 527 3052 584 Ne
3085 531 3201 595 des,
3238 528 3480 596 Domine,
3519 533 3610 584 de-

2027 621 2225 676 sideria
2278 623 2466 692 iniqui.
2521 622 2787 678 Similiter
2834 631 3015 676 autem
3074 634 3125 677 et
3179 623 3514 686 'l'heodotio,
3557 633 3610 678 et

2025 710 2243 780 Aquila.
2303 713 2673 779 Desideranti,
2737 716 2854 777 ait,
2922 715 3340 788 meamcaedem
3400 729 3464 767 ne
3513 715 3606 768 des

2025 802 2281 857 desiderii
2331 809 2607 862 eventum.
2655 805 2720 860 Et
2767 805 3069 860 secundum
3126 807 3480 874 Septuaginta
3526 805 3607 859 sic

2027 895 2436 967 intelligendum
2461 908 2545 952 est
2573 917 2587 953 :
2612 897 2692 952 Ne
2719 913 2810 966 per
2839 914 2917 952 me
2935 908 3290 968 consequatur
3303 915 3420 968 quae
3439 899 3604 966 cupit.

2029 990 2142 1058 Ego
2172 990 2318 1044 enim
2345 990 2530 1046 salvus
2566 1005 2690 1046 esse
2719 991 2902 1062 cupio,
2936 991 3025 1045 ille
3057 1005 3186 1046 vero
3217 1006 3303 1045 me
3339 991 3607 1059 perimere

2027 1083 2202 1151 cupit:
2259 1098 2326 1137 ne
2375 1083 2543 1154 igitur
2591 1099 2770 1138 meum
2820 1084 3151 1139 desiderium
3213 1083 3290 1137 illi
3337 1083 3602 1153 praebeas.

2034 1193 2054 1226 ι
2089 1173 2480 1246 Cogitaveruut
2521 1185 2713 1230 contra
2750 1193 2858 1242 me,
2897 1193 2963 1230 ne
3006 1176 3352 1245 derelinquas
3385 1190 3503 1239 me,
3539 1189 3606 1229 ne

2027 1264 2164 1320 forte
2207 1267 2534 1322 exaltentur.
2571 1285 2589 1318 ι
2625 1266 2852 1322 Omnem
2903 1267 3284 1336 cogitationem
3333 1267 3385 1320 in
3425 1281 3602 1322 meam

2027 1356 2226 1411 caedem
2273 1367 2632 1414 convertunt:
2681 1374 2750 1412 ne
2791 1359 2956 1428 igitur
2999 1375 3086 1414 me
3125 1369 3214 1413 tua
3259 1359 3604 1428 providentia

2024 1451 2224 1520 prives,
2259 1467 2324 1505 ne
2355 1466 2544 1508 ansam
2577 1451 2846 1522 superbia:
2877 1451 3011 1521 ipsis
3041 1451 3309 1520 praebeas.

2097 1715 2262 1772 VIus.
2314 1715 2399 1770 10.
2447 1735 2468 1769 ι
2514 1716 2690 1788 Caput
2737 1717 3004 1774 circuitus
3049 1731 3239 1772 eorum
3286 1717 3496 1789 1541
3549 1726 3607 1772 et

340 1799 449 1854 τῶν
513 1801 742 1871 χειλέων
793 1803 975 1856 αὐτῶν
1021 1803 1251 1872 καλύψει
1295 1805 1515 1869 αὐτούς.
1562 1825 1582 1857 ι
1629 1805 1913 1860 Ἐντεῦθεν

2026 1807 2176 1860 labor
2207 1808 2477 1862 labiorum
2515 1810 2758 1876 ipsorum
2788 1811 3139 1880 operieteos.
3183 1829 3202 1861 ι
3247 1809 3382 1864 Ηίιιο
3420 1809 3601 1862 futura

339 1890 594 1960 προλέγει
623 1893 692 1944 τὰ
728 1893 962 1962 ἐσόμενα
1003 1895 1188 1958 αὐτοῖς
1235 1897 1401 1950 κακά.
1447 1895 1616 1950 Τοῦτο
1643 1897 1700 1950 δὲ
1751 1898 1918 1966 σαφέ-

339 1997 528 2052 στερον
559 1983 603 2015 ⁷⁸
633 1984 661 2036 6
689 1982 988 2054 Σύμμαχος
1038 1975 1425 2056 ήρμήνευσενλ
1473 1987 1525 2039 Ὁ
1574 1989 1916 2058 πικρασμὸς

337 2069 456 2124 τῶν
479 2074 875 2128 κυκλούντων
891 2093 989 2144 με,
1019 2078 1052 2130 ὁ
1061 2077 1290 2145 μόχθος
1310 2076 1428 2132 τῶν
1443 2081 1694 2148 χειλέων
1714 2081 1916 2135 αὐτῶν

334 2161 674 2230 πωμασάτω
702 2166 946 2228 αὐτούς.
975 2167 1108 2229 Ταῖς
1124 2167 1370 2232 οἰκείαις,
1391 2169 1579 2239 φησὶν,
1598 2171 1912 2238 ἐπιϐουλαῖς

335 2253 708 2322 περιπέσοιεν,
743 2254 835 2308 καὶ
862 2253 900 2308 ἃ
927 2257 1046 2308 κατ’
1078 2258 1212 2328 ἐμοῦ
1261 2259 1640 2313 τεκταίνουσιν
1683 2261 1915 2331 ὑπομεί-

335 2362 510 2410 ναιεν,
564 2345 659 2399 καὶ
709 2348 742 2418 ἡ
803 2345 926 2400 κατ’
979 2347 1115 2418 ἐμοῦ
1165 2349 1507 2422 τυρευομένη
1556 2351 1752 2422 πικρία
1789 2352 1916 2416 τοὺς

333 2435 508 2510 ταύτῃ
571 2439 888 2509 χρωμένους
931 2439 1208 2503 παντελῶς
1271 2441 1614 2513 συγκαλύψαι
1635 2443 1704 2497 ⁸ο.
1743 2443 1917 2498 Τοῦτο

333 2527 480 2580 ἔοικε
498 2528 576 2598 τῷ
603 2531 660 2582 ἐν
689 2529 767 2600 τῷ
788 2529 1005 2602 ἑϐδόμῳ
1035 2531 1316 2603 εἰρημένῳ
1364 2525 1566 2606 ψαλμῷ
1591 2550 1604 2564 ·
1649 2553 1669 2586 ι
1697 2536 1916 2590 Λάκκον

333 2617 510 2689 ὤρυξε
564 2621 658 2674 καλ¹
703 2620 944 2692 ἔσκαψεν
970 2619 1016 2654 ⁸³
1072 2623 1255 2689 αὐτὸν,
1319 2625 1412 2678 καὶ
1465 2625 1784 2696 ἐμπεσεῖται
1835 2629 1915 2693 είς

335 2709 426 2780 βάθ
433 2729 544 2782 ρον,
571 2711 640 2766 ὃν.
659 2715 970 2784 εἰργάσατο.
1002 2734 1020 2766 ι

413 2803 501 2860 ια’.
541 2822 560 2854 ι
599 2805 900 2860 Πεσοῦνται
947 2807 1040 2861 ἐπὶ
1069 2809 1265 2872 αὐτοὺς
1313 2810 1604 2883 ἄνθρακες,
1661 2813 1757 2867 καὶ
1779 2813 1826 2847 ⁸⁸
1856 2813 1915 2870 ἐν

334 2895 470 2964 πυρὶ
513 2895 845 2961 καταϐαλεῖς
885 2897 1100 2962 αὐτούς.
1135 2917 1154 2950 ι
1195 2895 1320 2954 Οἷον
1371 2901 1480 2972 γάρ
1529 2919 1634 2954 τινι
1690 2903 1822 2975 πυρὶ
1846 2907 1912 2976 τῇ

331 2985 468 3055 ὀργῇ
507 2986 916 3052 καταναλώσεις
951 2989 1168 3053 αὐτούς.
1221 3009 1240 3041 ι
1293 2991 1379 3044 Ἐν
1420 2989 1815 3064 ταλαιπωρίαις
1843 2995 1912 3062 ⁸³,

331 3075 424 3128 καὶ
456 3076 518 3128 οὐ
561 3075 636 3146 μὴ
671 3077 1002 3134 ὑποστῶσιν.
1042 3096 1061 3130 ι
1107 3078 1540 3151 Περιπεσοῦνται
1582 3085 1910 3156 συμφοραῖς,

331 3163 424 3220 καὶ
452 3167 514 3218 οὐ
543 3166 592 3198 ⁸*
620 3168 963 3238 περιέσονται
1027 3168 1230 3222 τούτων
1249 3170 1313 3227 ⁸³.
1379 3171 1562 3225 Ταῦτα
1609 3172 1664 3226 δὲ
1711 3174 1909 3246 συνέϐη

329 3255 408 3326 τῷ
459 3256 630 3310 Σαοὺλ
680 3260 738 3311 ἐν
771 3258 850 3330 τῷ
905 3259 1046 3312 κατὰ
1101 3261 1228 3324 τοὺς
1267 3260 1620 3332 Ἀλλοφύλους
1667 3265 1908 3337 πολέμῳ.

341 3347 490 3401 Ἐκεῖ
522 3350 629 3421 γὰρ
656 3351 886 3420 σφαγεὶς
908 3350 1131 3419 ἐδέξατο
1150 3352 1243 3406 τοῦ
1283 3352 1398 3422 βίου
1428 3354 1490 3407 τὸ
1517 3357 1712 3426 πέρας.

405 3439 492 3510 ιβ’.
537 3460 555 3493 ι
603 3441 768 3514 Ἀνὴρ
807 3444 1134 3514 γλωσσώδης
1162 3445 1222 3498 ού
1271 3447 1770 3519 κατευθυνθήσεται
1818 3453 1910 3506 ἐπὶ

330 3533 430 3600 τῆς
470 3533 596 3602 γῆς.
637 3553 656 3586 ι
697 3536 834 3599 Τοὺς
867 3535 1252 3602 διαϐάλλοντας
1285 3538 1448 3592 αὐτὸν
1489 3542 1728 3612 συνεχῶς
1747 3541 1910 3616 ’παρὰ

329 3621 407 3694 τῷ
437 3625 610 3679 Σαοὺλ
662 3626 751 3682 διὰ
807 3627 1012 3682 τούτων
1065 3629 1384 3696 αἰνίττεται,
1429 3631 1522 3686 τὸν
1567 3634 1746 3706 Δωὴκ,
1783 3637 1910 3700 τοὺς

327 3715 607 3784 Ζιφαίους,
655 3719 782 3782 τοὺς
830 3718 1045 3785 ἄλλους,
1115 3721 1166 3775 οἳ
1217 3723 1446 3786 πολλαῖς
1517 3728 1909 3796 συκοφαντίαις

327 3807 642 3877 ἐκέχρηντο.
701 3809 812 3862 Καὶ
885 3809 1124 3864 διδάσκει
1191 3811 1270 3877 ὡς
1330 3814 1758 3886 διαμαρτάνουσι
1813 3818 1907 3872 τοῦ

331 3899 532 3949 σκοποῦ
565 3900 614 3950 οἱ
655 3898 886 3952 πλούτου
917 3902 1078 3970 χάριν
1123 3903 1220 3956 καὶ
1247 3904 1567 3970 δυναστείας
1600 3911 1667 3978 τῇ
1717 3907 1909 3978 ψευδο-

327 3983 486 4054 λογία
520 3985 811 4056 χρώμενοι.
867 3990 958 4041 καὶ
1004 3990 1064 4042 ού
1118 3993 1480 4062 τυγχάνουσιν
1529 3987 1603 4049 ὧν
1637 3996 1903 4065 ἐφίενται.

336 4091 353 4123 ι
399 4075 598 4143 ’Ἄνδρα
639 4075 823 4129 ἄδικον
861 4078 1008 4130 κακὰ
1039 4077 1294 4149 θηρεύσει
1336 4085 1418 4145 είς
1459 4083 1760 4154 διαφθοράν
1781 4085 1848 4140 ⁸⁸.
1883 4105 1903 4139 ι

329 4163 518 4218 Ταῦτα
556 4167 666 4235 γὰρ
712 4167 803 4219 καὶ
863 4169 891 4220 6
945 4169 1117 4224 Σαοὺλ
1179 4171 1504 4242 ὑπέμεινεν·
1537 4174 1654 4246 ἥλω
1706 4177 1816 4249 γὰρ
1849 4179 1908 4232 ἐν

327 4257 404 4324 τῷ
433 4254 676 4326 πολέμῳ,
705 4256 800 4309 καὶ
848 4255 1064 4322 ἐδέξατο
1109 4259 1210 4329 τὴν
1245 4259 1619 4336 θανατηφόρον
1662 4265 1900 4338 πληγήν.

399 4353 489 4415 ιγ’.
527 4365 544 4396 ι
583 4349 795 4416 Ἕγνων
825 4349 906 4404 ὅτι
938 4351 1155 4423 ποιήσει
1198 4355 1404 4423 Κύριος
1449 4357 1550 4426 τὴν
1579 4358 1760 4430 κρίσιν
1795 4359 1905 4414 τῶν

2017 1897 2098 1952 eis
2132 1899 2271 1952 mala
2309 1899 2578 1968 praedicit.
2612 1899 2728 1956 Hoc
2757 1909 2940 1955 autem
2988 1901 3206 1970 planius
3238 1901 3604 1972 Symmachus

2019 1988 2407 2058 interpretatus
2461 2001 2572 2046 est:
2631 1992 2906 2046 Acerbitas
2967 2009 3170 2060 eorum,
3229 1993 3318 2062 qui
3375 1991 3604 2045 circum-

2015 2077 2270 2132 dederunt
2303 2095 2403 2143 me,
2438 2080 2590 2133 labor
2618 2079 2884 2134 labiorum
2924 2082 3164 2149 ipsorum
3197 2083 3211 2104 ⁴
3257 2083 3459 2151 aperiat
3491 2098 3602 2136 eos.

2015 2164 2074 2219 In
2123 2166 2396 2236 preprias,
2442 2167 2651 2237 inquit,
2689 2167 2921 2222 insidias
2961 2168 3237 2233 incidant,
3281 2179 3336 2222 et
3379 2184 3498 2237 quae
3548 2169 3604 2222 in

2016 2272 2103 2310 me
2127 2257 2299 2310 moliti
2332 2266 2481 2323 sunt,
2513 2259 2814 2326 patiantur,
2841 2267 2894 2314 et
2925 2259 3193 2314 acerbitas
3219 2274 3380 2331 quam
3403 2259 3605 2314 adver-

2018 2361 2113 2400 sus
2140 2361 2224 2398 me
2248 2347 2540 2400 machinati
2571 2358 2722 2412 sunt,
2758 2365 2876 2413 eos,
2905 2351 2999 2452 qui
3030 2350 3134 2403 hac
3164 2359 3420 2414 utuntur,
3447 2350 3604 2420 peni-

2019 2447 2106 2492 tus
2135 2437 2366 2506 operiat.
2403 2437 2518 2493 Hoc
2565 2439 2748 2494 simile
2794 2449 2879 2496 est
2933 2437 3038 2503 illi,
3077 2441 3327 2511 quodin
3371 2441 3604 2510 septimo

2019 2527 2227 2596 psalmo
2287 2527 2494 2583 dictum
2547 2537 2668 2595 est;
2731 2549 2748 2580 ι
2796 2527 3000 2584 Laeum
3043 2531 3283 2600 aperuit,
3327 2541 3382 2586 et
3417 2530 3608 2588 ed‘odit

2016 2634 2165 2686 eum,
2199 2627 2253 2675 et
2283 2619 2486 2676 incidet
2518 2620 2572 2675 in
2599 2619 2840 2686 foveam,
2871 2635 3038 2691 quam
3073 2619 3202 2676 fecit
3232 2631 3281 2675 ιι.
3315 2641 3335 2672 ι

2086 2799 2252 2856 Vens.
2295 2801 2386 2856 11.
2440 2819 2460 2853 ι
2507 2798 2719 2855 Cadent
2760 2815 2926 2870 super
2967 2815 3063 2856 eos
3106 2801 3400 2868 carbones,
3445 2811 3500 2858 et
3543 2804 3600 2860 in

2017 2887 2196 2960 ignem
2223 2889 2450 2960 dejicies
2479 2904 2596 2945 eos.
2635 2909 2655 2942 ι
2701 2886 2836 2944 Nam
2871 2889 3041 2944 veluti
3076 2891 3313 2960 quodam
3351 2891 3476 2962 igne
3517 2892 3600 2947 ira

2017 2979 2166 3048 ipsos
2187 2994 2500 3034 consumes.
2539 2999 2560 3032 ι
2602 2981 2658 3036 ln
2691 2981 2950 3046 miseriis,
2980 2990 3036 3036 et
3065 2996 3175 3036 non
3211 2983 3537 3039 subsistant.
3575 3003 3595 3037 ι

2015 3070 2075 3124 lu
2126 3071 2470 3126 calamitates
2524 3072 2790 3134 incident,
2841 3073 2936 3128 sed
2987 3073 3076 3129 his
3124 3073 3443 3143 superiores
3489 3091 3597 3130 non

2017 3169 2202 3216 erunt.
2247 3159 2373 3216 Haec
2396 3171 2578 3216 autem
2615 3161 2766 3217 Sauli
2799 3164 3119 3220 acciderunt
3143 3164 3196 3218 in
3229 3166 3370 3221 bello
3404 3175 3598 3222 contra

2015 3253 2368 3326 Allophylos:
2419 3254 2491 3310 ibt
2541 3255 2686 3312 enim
2732 3271 2937 3324 czesus,
2990 3258 3114 3314 vita:
3161 3259 3320 3314 ﬁnem
3353 3263 3590 3318 sortitus

2015 3353 2120 3398 est.

2071 3435 2232 3492 Vens.
2267 3437 2354 3494 ιε.
2376 3457 2395 3490 ι
2416 3435 2514 3492 Vir
2539 3439 2824 3508 linguosus
2846 3454 2957 3493 non
2993 3437 3260 3508 dirigetur
3289 3439 3346 3492 in
3380 3447 3548 3495 terra.
3571 3457 3592 3492 ι

2013 3530 2118 3584 Per
2173 3531 2292 3586 haec
2347 3531 2510 3585 tacite
2565 3531 2772 3586 indicat
2814 3546 2934 3594 eos,
2987 3530 3081 3602 qui
3138 3531 3399 3587 continue
3453 3532 3598 3602 apud

2015 3620 2234 3677 Saulem
2267 3622 2448 3687 ipsum
2473 3623 2980 3679 calumniabantur.
3003 3623 3334 3694 llujusmodi
3369 3623 3598 3679 fuerunt

2013 3715 2180 3784 Doeg,
2202 3713 2430 3784 Ziphaai,
2449 3725 2505 3770 et
2535 3715 2650 3782 alii,
2675 3715 2768 3786 qui
2799 3715 2988 3770 multis
3011 3715 3095 3770 usi
3125 3723 3258 3770 sunt
3283 3715 3598 3772 calumniis.

2013 3803 2078 3857 Et
2108 3805 2271 3858 docet
2303 3819 2400 3859 eos
2459 3803 2568 3859 voti
2599 3813 2884 3874 compotes
2919 3819 3032 3860 non
3064 3802 3206 3869 fore,
3237 3805 3332 3876 qui
3363 3807 3430 3861 ob
3454 3805 3594 3859 divi-

2010 3895 2116 3948 tias
2175 3902 2231 3948 et
2286 3893 2576 3964 imperium
2641 3894 2794 3951 falsis
2837 3902 3069 3950 utuntur
3117 3896 3344 3962 verbis,
3419 3911 3598 3966 neque

2011 3992 2410 4040 consecuturos
2465 4001 2590 4056 quae
2632 3987 2966 4042 desiderant.
3013 4007 3034 4040 ι
3090 3987 3282 4044 Virum
3329 3988 3592 4057 injustum

2009 4076 2152 4129 mala
2185 4076 2406 4144 capient
2437 4075 2494 4129 in
2525 4073 2778 4130 interitu.
2815 4094 2834 4127 ι
2873 4075 3002 4131 Haec
3038 4078 3181 4130 enim
3214 4089 3264 4131 et
3299 4077 3427 4131 Saul
3470 4094 3595 4146 per-

2008 4177 2207 4234 pessus
2241 4173 2359 4218 est:
2410 4178 2539 4217 nam
2569 4170 2762 4232 captus
2799 4171 2884 4219 est
2923 4163 2978 4217 in
3024 4164 3188 4231 bello,
3226 4164 3596 4233 lethalemque

2008 4257 2223 4328 plagam
2269 4256 2496 4326 accepit.
3346 4275 3352 4282 ·

2079 4349 2249 4404 Vsus.
2293 4349 2382 4403 15.
2420 4365 2442 4401 ι
2479 4347 2726 4418 Cognovi
2779 4345 2899 4402 fore
2940 4355 3000 4402 ut
3063 4345 3276 4420 1552
3317 4346 3593 4402 Dominus

329 4437 562 4508 πτωχῶν
581 4439 650 4504 ⁸⁷,
691 4439 785 4492 καὶ
843 4441 945 4510 τὴν
999 4442 1156 4511 δίκην
1203 4445 1312 4498 τῶν
1344 4443 1614 4516 πενήτων.
1647 4467 1667 4499 ι
1706 4450 1906 4519 Μεμά-

2026 4441 2255 4496 vindicet
2273 4439 2540 4510 judicium
2575 4437 2776 4508 inopis,
2801 4446 2854 4492 et
2885 4437 3183 4492 vindictam
3216 4453 3540 4508 pauperum.
3565 4457 3586 4491 ι

329 4526 497 4600 θηκα,
531 4531 686 4600 φησὶ,
717 4531 816 4602 τῆς
843 4530 991 4596 θείας
1018 4533 1064 4566 ⁸⁸
1090 4535 1274 4605 ψήφου
1304 4536 1364 4590 τὺ
1393 4536 1622 4603 δίκαιον,
1659 4541 1752 4593 καὶ
1789 4535 1907 4594 οῖδα

2026 4533 2157 4589 Sane
2193 4531 2386 4594 didici,
2422 4529 2622 4600 inquit,
2651 4529 2852 4584 divinae
2898 4529 3186 4584 sententiae
3213 4529 3504 4598 justitiam,
3537 4536 3593 4584 et

325 4616 408 4670 ὅτι
436 4619 562 4681 τοὺς
605 4618 786 4689 πάσης
831 4620 1179 4692 ἀνθρωπείας
1233 4623 1484 4695 βοηθείας
1529 4629 1768 4699 ἐρήμους
1798 4630 1899 4684 οὐκ

325 4709 474 4762 ἐάσει
504 4709 828 4781 προχείρους
851 4714 964 4775 τοῖς
1006 4712 1342 4784 πολεμοῦσιν
1375 4719 1456 4779 είς
1486 4715 1713 4790 βλάϐην,
1764 4720 1902 4775 ἀλλὰ

325 4799 591 4870 πράξεται
629 4800 786 4862 δίκας
811 4801 938 4864 τοὺς
969 4801 1187 4866 ἀδίκους
1217 4804 1263 4836 ⁸⁸
1297 4805 1475 4870 ἀξίας.

395 4893 476 4948 ιδ’.
507 4911 528 4945 ι
559 4893 708 4966 Πλὴν
744 4893 946 4948 δίκαιοι
994 4893 1480 4970 ὲξομολογήσονται
1542 4900 1622 4972 τῷ
1673 4901 1901 4974 ὀνόματί

395 5035 426 5078 P
447 5028 592 5084 Psal.
618 5045 717 5096 vn,
756 5030 847 5087 15.

2012 4624 2136 4680 novi
2159 4663 2174 4689 ,
2217 4623 2364 4692 quod
2398 4637 2526 4684 eos,
2568 4621 2662 4691 qui
2698 4621 2851 4676 omni
2880 4620 3127 4675 humano
3155 4621 3361 4676 auxilio
3395 4621 3591 4692 privati

2011 4723 2162 4778 sunt,
2209 4713 2438 4767 minime
2486 4713 2726 4766 hostium
2783 4711 3004 4782 injuriis
3064 4713 3440 4782 expositurus,
3493 4715 3590 4770 sed

2008 4808 2202 4878 dignas
2229 4806 2300 4861 ab
2332 4806 2598 4876 improbis
2628 4820 2820 4875 poenas
2846 4815 3144 4864 exacturus
3177 4809 3267 4862 sit.

2081 4897 2250 4954 Vens.
2287 4897 2375 4953 14.
2412 4914 2434 4950 ι
2471 4895 2863 4955 Verumtamen
2887 4899 3022 4970 justi
3049 4899 3464 4956 confitebuntur
3491 4915 3591 4956 ιιο⁴

1432 5119 1664 5178 νΑῐιιιΕ
1705 5123 2092 5181 LECTIONES
2147 5123 2240 5180 ET
2269 5123 2506 5181 ΝΟΤιΕ.

395 5202 1040 5290 ΤίΜὴ--ηὰμαρτωλῷ,
1077 5209 1241 5290 Hebr.
1277 5211 1361 5290 1_’V_e
1394 5230 1665 5290 ιυιιιιιιιε.ρΔ
1689 5215 1911 5290 Jeltova,

2026 5219 2216 5290 :ideriis
2274 5219 2452 5290 impii.

323 5287 408 5336 est
429 5279 638 5356 Aquilae
669 5279 1050 5356 interpretatio
1090 5283 1232 5356 apud
1289 5281 1480 5356 Menti.
1517 5287 1571 5340 in
1621 5285 1850 5356 Hexapl.
1897 5279 1995 5342 ad.
2032 5291 2088 5344 h.
2121 5288 2158 5344 Ι.

2549 5219 2599 5252 ⁷⁸
2627 5220 2735 5275 Καὶ
2760 5223 2794 5275 ό
2821 5222 3105 5288 Ἀκύλας.
3145 5223 3370 5278 Diversa
3404 5233 3585 5280 autem

2245 5289 2292 5321 τ⁸
2322 5289 2413 5344 od.
2453 5289 2477 5342 Ι
2518 5289 2842 5345 ἀπολαύσοι.
2939 5293 2985 5324 ⁷⁸
3013 5292 3158 5358 Γάρ.
3190 5291 3323 5346 Ibid.
3356 5309 3512 5360 sequ.

323 5349 502 5430 φησί..
552 5349 969 5430 πῃᾴιελογμ-
1019 5349 1366 5430 ὑψιωθῶσικ.
1399 5355 1564 5430 Hebr.
1626 5349 1914 5430 Cogitatiou

2069 5359 2185 5428 ejus
2235 5376 2298 5414 ne
2356 5359 2640 5428 praealtas,
2695 5364 2912 5430 e/ierent
2961 5349 3120 5430 enimi
3153 5378 3294 5414 sese.
3331 5364 3378 5395 ⁷⁸
3421 5349 3493 5417 Ἦ
3519 5393 3587 5406 ~-

323 5420 564 5485 αὐτούς.
593 5418 755 5474 Hebr.

325 5491 457 5565 add.
509 5489 708 5552 αὐτοῖς.
773 5490 829 5565 ’⁸⁸
854 5493 974 5565 cod.
1022 5493 1065 5565 _l
1129 5494 1487 5565 συγκαλύψοι.

323 5560 482 5614 sentit
517 5575 640 5613 cum
689 5559 808 5615 cod.
845 5561 995 5616 Alex.
1022 5561 1080 5616 In
1136 5564 1260 5618 cod.
1304 5559 1473 5619 Vatic.
1513 5577 1694 5622 autem

840 5437 1062 5499 caenum
1087 5423 1535 5499 circumdandum
1569 5442 1683 5499 iure,
1704 5423 1868 5480 'labor
1895 5423 2138 5482 laborum
2161 5423 2394 5496 ipsorum
2425 5423 2636 5499 aperiat
2674 5423 2784 5484 eos.

1564 5497 1606 5528 ⁸¹
1633 5496 1708 5552 lb.
1757 5499 1914 5552 ἀνέσκ

2026 5519 2084 5553 ;ν.
2160 5501 2204 5532 θ’
2243 5501 2376 5554 Καί.
2400 5496 2566 5554 Abest
2599 5515 2630 5554 a
2662 5501 2786 5554 cod.
2821 5500 2846 5552 1
2878 5496 3237 5569 ουίιιεἸοοιῇο
3281 5500 3336 5553 h.
3387 5505 3401 5554 ι
3455 5517 3586 5558 eon-

1753 5576 1874 5642 1³0,εὲ

2027 5587 2195 5642 ρακες
2240 5586 2407 5642 sequ.
2456 5569 2626 5642 πυρος
2667 5571 2760 5642 ἐπι
2806 5569 2907 5642 τῆς
2933 5567 3058 5642 ζήσῃ,
3091 5567 3253 5642 καί..Δ
3279 5569 3328 5642 if
3357 5571 3455 5642 Ἐν
3484 5591 3589 5642 τα-

321 5632 489 5708 Ζίιιεπ,
525 5629 690 5708 H‘ebr.
725 5630 777 5682 in
799 5629 996 5708 fovens.
1021 5631 1230 5708 Symm.
1259 5643 1313 5708 et
1343 5635 1604 5708 Theodot.
1637 5639 1716 5701 εἰς
1749 5629 2022 5708 βοθύνους.

2861 5433 2908 5463 ’θ
2961 5428 3365 5498 Σαξρέστερογ.
3396 5432 3516 5486 cod.
3555 5435 3578 5488 ί

2097 5640 2157 5710 ιι,
2176 5641 2278 5694 οὐ,
2311 5637 2432 5710 eod.
2459 5640 2483 5692 1
2517 5637 2642 5693 add.
2663 5639 2828 5710 μή.υ
2860 5639 2908 5670 ⁸³
2939 5637 3192 5710 Τούτων.
3217 5638 3351 5696 Ibid.
3379 5641 3579 5710 αὐτῶν.

321 5695 745 5780 {faragoopdn
800 5695 1144 5780 lta_le_g_..'in
1191 5706 1316 5762 cod.
1358 5706 1512 5762 Alex.
1605 5708 1650 5740 ετ
1693 5695 1821 5764 uéc.
1868 5711 1914 5765 le

2026 5740 2028 5752 ι
2057 5710 2115 5766 Ιι.
2147 5709 2187 5766 l.
2217 5719 2302 5767 est
2323 5709 2417 5764 τοῦ
2472 5695 2711 5780 πτωχοῦ.
2748 5695 2761 5710 ’
2786 5707 2832 5741 ⁸⁸
2869 5708 3066 5776 Θείας.
3095 5709 3266 5767 Abest
3290 5695 3488 5768 acad.
3525 5695 3579 5767 1.

327 5769 704 5843 οεδἊδίκους.
735 5769 856 5826 cod.
893 5771 914 5823 1
959 5769 1159 5839 ἀξίους.
