3974 6206
446 237 581 306 1947

1420 237 1913 301 THEODORETI
1988 237 2332 299 EPISCOPI
2386 236 2759 299 CYRENSIS
3532 240 3633 307 1943

443 356 581 412 mini
622 366 739 420 tuo,
770 366 825 412 et
874 354 1199 411 habitabant
1250 353 1384 421 regi
1427 370 1615 409 coram
1664 354 1816 408 vultu
1860 361 1973 407 tuo.
2006 371 2025 405 ι

2139 369 2257 417 σου,
2313 352 2409 406 καὶ
2465 353 2892 421 κατοικήσουσιν
2945 350 3120 416 adlisit;
3153 352 3248 404 σὺν
3293 351 3364 423 τῷ
3414 357 3634 430 προσώπῳ

442 447 656 503 Idcirco
681 447 845 517 igitur
864 447 1143 518 justorum
1187 448 1391 502 chorus
1419 456 1469 502 te
1500 448 1709 512 laudat,
1756 449 1858 502 hoc
1890 462 2031 515 prte-

444 537 588 593 sidio
645 554 674 592 a
733 549 786 593 te
834 538 1090 607 adjutus:
1143 547 1197 592 et
1254 548 1399 591 luam
1453 538 1774 608 dignitatem
1820 545 2027 602 amant,

445 645 663 699 semper
696 634 760 683 de
787 639 841 684 te
867 630 1191 699 cogitantes,
1227 639 1489 697 tuamque
1517 629 1710 683 faciem
1745 645 1803 684 se
1829 628 2030 683 intueri

449 733 721 792 putantes.
778 723 1106 795 Huiusmodi
1155 735 1240 778 est
1290 723 1454 786 illud,
1529 723 1674 792 quod
1717 722 1770 776 in
1815 722 2031 777 decimo

446 816 640 885 quinto
670 818 880 884 psalmo
908 818 1113 872 dictum
1146 827 1260 871 est:
1294 835 1312 868 t
1345 816 1704 871 Providebam
1733 814 2030 869 Dominum

448 910 503 962 in
544 922 841 981 conspectu
876 927 996 965 meo
1041 926 1292 981 semper,
1332 909 1593 981 quoniam
1629 924 1659 962 a
1701 900 1912 965 dextris
1947 918 2032 964 est

447 1002 603 1071 mihi,
637 1019 705 1060 ne
738 1019 1089 1060 commovear
1114 1015 1165 1059 ιι.
1204 1022 1224 1055 ι

865 1201 1139 1259 lNTERP.
1172 1202 1417 1259 PSALMI
1448 1204 1608 1261 CXL.

524 1310 691 1371 Vens.
729 1317 777 1371 l.
810 1335 827 1368 ι
867 1318 1119 1375 Psalmus
1150 1317 1361 1374 Davidi.
1411 1339 1431 1372 ι
1462 1319 1560 1375 Hic
1590 1322 1753 1375 etiam
1786 1320 2031 1392 ps:i|mus

446 1408 700 1464 eumdem
754 1409 915 1465 habet
956 1426 1203 1476 sensum,
1252 1427 1414 1481 quem
1466 1415 1797 1483 przecedens.
1837 1418 1853 1437 ‘
1892 1412 2030 1467 Nam

450 1512 574 1550 cum
620 1513 651 1552 a
701 1498 864 1554 Saule
900 1503 1339 1570 persecutionem
1377 1511 1683 1573 pateretur,
1721 1505 1891 1559 Deum
1933 1506 2031 1560 ob-

449 1595 649 1640 secrat.
702 1605 719 1637 t
762 1586 1016 1653 Domine,
1071 1590 1304 1645 clamavi
1357 1593 1423 1646 ad
1478 1602 1558 1657 te,
1609 1594 1805 1647 exaudi
1857 1610 1961 1649 me.
2005 1614 2024 1647 ι

2134 460 2249 500 σου.
2286 462 2305 495 ι
2340 442 2545 496 Τούτου
2595 443 2659 514 δὴ
2700 444 2864 514 χάριν
2892 444 2926 513 ό
2947 442 3054 494 τῶν
3094 441 3311 495 δικαίων
3357 443 3554 515 ὰνυμνεῐ
3590 467 3635 503 σε

2132 536 2312 607 χορὸς,
2362 535 2567 605 ταύτης
2598 536 2747 605 παρὰ
2786 534 2880 588 σοῦ
2902 537 3003 605 τῆς
3050 534 3361 605 κηδεμονίας
3388 539 3634 607 τυγχάνων.

2133 630 2244 683 Καὶ
2274 628 2375 699 τὴν
2407 628 2505 699 σὴν
2545 629 2801 694 ἀγαπῶσι
2844 628 3186 698 προεδρείαν,
3214 628 3297 681 ἀει
3331 646 3385 681 σε
3430 633 3638 698 φανταζό-

2136 736 2306 790 μενοι,
2353 720 2448 773 καὶ
2492 718 2553 772 τὸ
2582 720 2676 772 σὸν
2701 721 2832 790 όρᾷν
2866 717 3340 788 ὑπολαμϐάνοντες
3375 722 3634 791 πρόσωπον.

2133 810 2386 865 Τοιοῦτόν
2426 814 2544 865 ἐστι
2577 812 2638 863 τὸ
2668 813 2725 863 ὲν
2773 810 2849 880 τῷ
2889 810 3125 879 πέμπτῳ
3161 811 3252 864 καὶ
3299 811 3491 882 δεκάτῳ
3522 813 3638 885 εἰρη-

2135 904 2296 975 μένον
2329 904 2551 975 ψαλμῷ,
2591 922 2611 954 t
2662 902 3018 975 Προωρώμην
3064 904 3154 956 τὸν
3179 902 3372 975 Κύριον
3398 904 3639 957 emtas»

2135 1014 2236 1067 μου
2264 996 2581 1064 διαπαντὸς,
2622 998 2706 1051 ὅτι
2761 999 2825 1050 ὲκ
2855 996 3047 1064 δεξιῶν
3097 997 3199 1068 μού
3249 998 3411 1064 ἔστιν,
3466 998 3540 1052 ἵνα
3584 999 3638 1071 μὴ

2134 1087 2403 1143 σαλευθῶ.
2452 1107 2470 1140 ι
2498 1122 2503 1127 ~

2450 1202 2716 1257 EPMHN.
2743 1201 2881 1256 ΤΟΥ
2920 1201 3030 1256 PM’
3074 1200 3386 1257 ΨΑΛΜυΥ.

2202 1321 2272 1369 α’.
2320 1334 2337 1367 t
2373 1315 2602 1388 Ψαὶμὺς
2632 1315 2711 1387 τῷ
2739 1317 2922 1373 Δαὸἰδ.
2958 1335 2977 1368 ι
3012 1317 3125 1369 Καὶ
3141 1318 3183 1349 ⁹¹
3218 1310 3364 1380 οὗτος
3409 1318 3434 1368 ό
3476 1315 3642 1386 deliri;

2132 1407 2231 1480 τὴν
2262 1410 2435 1481 αὐτὴν
2467 1409 2583 1480 ἔχει
2621 1408 2697 1479 τῷ
2729 1408 3167 1481 προτεταγμένῳ
3203 1408 3429 1462 διάνοιαν
3452 1424 3463 1437 ·
3494 1409 3639 1462 διωκὸ-

2138 1519 2297 1573 μενος
2345 1501 2454 1573 γὰρ
2504 1502 2612 1557 ὑπὸ
2648 1502 2746 1556 τοῦ
2792 1502 2964 1556 Σαοὺλ
3017 1502 3286 1556 ἀντιϐολεῖ
3307 1503 3349 1533 ⁹¹
3395 1500 3476 1553 τὸν
3524 1501 3640 1553 Θεόν.

2141 1616 2158 1646 ι
2190 1594 2671 1666 Κύριε,ὲκέκραξα
2715 1595 2850 1667 πρὸς
2895 1594 2975 1659 σὲ,
3054 1591 3363 1647 εἰσάκουσόν
3431 1610 3516 1663 μου
3546 1591 3641 1644 ".t

450 1670 754 1734 Clamorem
782 1683 928 1736 enim
970 1684 1168 1738 animae
1208 1685 1553 1739 alacritatem
1597 1697 1901 1757 nuncupat.
1940 1686 2032 1743 Sic

2139 1685 2419 1756 Κραυγὴν
2473 1688 2582 1758 γὰρ
2627 1686 2674 1718 ’³
2713 1687 2870 1739 καλεῖ
2907 1685 3006 1757 τὴν
3041 1684 3143 1755 τῆς
3178 1685 3347 1756 ψυχῆς
3376 1683 3644 1755 προθυμίαν.

448 1769 595 1824 enim
633 1782 686 1826 et
717 1771 852 1829 Mosi
886 1777 1087 1831 tacenti
1115 1777 1260 1832 Deus
1290 1778 1461 1832 dixit:
1503 1797 1521 1829 t
1561 1776 1699 1844 Quid
1736 1780 1940 1835 clamas
1965 1781 2031 1836 ad

449 1876 535 1916 me
565 1862 634 1916 εἳ
663 1882 680 1910 ι
702 1883 798 1917 -ι
830 1866 1060 1922 Attende
1091 1867 1156 1921 ad
1195 1882 1378 1921 vocem
1410 1869 1677 1923 orationis
1711 1884 1874 1934 mete,
1910 1886 2033 1925 cum

447 1956 759 2012 clamavero
810 1961 875 2013 ad
935 1970 1003 2014 te.
1055 1978 1074 2011 ι
1123 1960 1431 2025 Benevoie,
1476 1963 1586 2027 ait,
1647 1977 1798 2016 meas
1844 1978 2033 2031 preces

448 2049 694 2115 admitte,
725 2051 969 2107 Domine.

522 2138 687 2200 Vatis.
730 2140 765 2193 2
819 2160 837 2192 ι
874 2140 1150 2223 Dirigatur
1175 2145 1355 2198 oratio
1387 2158 1531 2209 mea,
1570 2144 1715 2199 sicut
1745 2144 2033 2201 incensum

448 2233 502 2287 in
533 2243 827 2304 conspectu
855 2244 986 2290 tuo:
1021 2237 1256 2291 elevatio
1284 2254 1546 2292 manuum
1582 2254 1827 2294 mearum
1862 2240 2034 2295 sacri-

449 2320 633 2378 licium
688 2328 1080 2394 vespertinum.
1123 2345 1141 2380 ι
1181 2324 1415 2383 Virtutis
1456 2329 1727 2385 actionem
1777 2330 2035 2401 precibus

449 2419 772 2489 conjunxit:
811 2420 1022 2494 1543
1061 2425 1503 2495 quandoquidem
1539 2442 1798 2483 manuum
1832 2430 2034 2484 erectio

451 2509 592 2563 hanc
622 2509 898 2566 declarat:
944 2529 1070 2566 nam
1108 2529 1247 2584 opus
1282 2515 1535 2570 manibus
1566 2516 1833 2572 committi
1870 2521 2031 2572 solet.

449 2600 582 2655 Orat
633 2610 839 2670 autem,
894 2613 953 2657 ιιι
1004 2605 1228 2673 perinde
1277 2621 1342 2661 ac
1391 2606 1570 2662 thuris
1626 2623 1793 2678 vapor
1842 2623 2035 2678 preces

450 2694 791 2762 ascendant,
854 2695 1113 2767 illiusque
1168 2698 1371 2752 bonum
1432 2699 1656 2753 odorem
1713 2699 2030 2754 imitentur:

452 2788 757 2858 eodemque
801 2791 963 2842 modo
1012 2800 1068 2844 ut
1115 2805 1377 2844 manuum
1422 2789 1675 2846 extensio
1722 2792 2036 2860 vespertino

450 2879 727 2934 sacrificio
772 2881 968 2936 similis
1014 2882 1281 2937 videatur.
1330 2881 1640 2953 Vespertini
1691 2884 1933 2954 quidem,
1981 2893 2037 2939 et

454 2989 565 3027 non
605 2975 882 3040 matutini,
922 2975 1261 3030 mentionem
1304 2974 1453 3041 fecit,
1495 2977 1758 3046 quoniam
1792 2978 1846 3030 in
1883 2976 2034 3046 cala-

2139 1777 2296 1830 Οὕτω
2339 1778 2449 1849 γὰρ
2506 1778 2601 1831 καὶ
2660 1777 2861 1832 Μωσοῦ
2906 1776 3172 1845 σιγῶντος
3198 1778 3226 1830 ὁ
3253 1775 3377 1840 Θεὸς
3422 1774 3531 1844 ἔφη,
3556 1792 3571 1825 t
3600 1772 3647 1825 Ti

2139 1870 2270 1940 βοᾷς
2296 1871 2433 1942 πρός
2477 1887 2545 1940 με
2570 1888 2587 1937 ;
2620 1891 2638 1923 ι
2670 1900 2740 1913 -—
2771 1891 2789 1922 t
2816 1868 3063 1941 Ηρόσχες
3088 1872 3153 1942 τῇ
3176 1872 3324 1941 φωνῇ
3346 1869 3434 1940 τῆς
3463 1865 3649 1936 δεήσεὼς

2139 1979 2238 2031 μου
2264 1964 2321 2014 ὲν
2342 1961 2417 2033 τῷ
2444 1964 2775 2032 κεκραγέναι
2809 1981 2877 2035 με
2904 1964 3044 2035 πρὸς
3070 1963 3151 2016 σέ.
3194 1981 3212 2014 ι
3253 1962 3508 2034 Εὑμενῶς.
3531 1958 3647 2030 φησι,

2133 2052 2402 2117 Δέσποτα,
2446 2053 2595 2119 δέξαι
2631 2055 2731 2125 τὴν
2758 2055 2898 2126 ἐμὴν
2933 2054 3190 2109 ἱκετείαν.

2209 2144 2273 2216 β’.
2309 2164 2328 2197 t
2361 2146 2802 2220 Κατευθυνθήτω
2838 2150 2873 2219 ή
2904 2149 3185 2219 προσευχὴ
3213 2163 3332 2217 μου,
3362 2144 3430 2208 ὡς
3457 2142 3648 2213 θυμίαμα

2136 2233 2367 2287 ἐνώπιόν
2396 2253 2491 2288 σου
2515 2253 2527 2266 ·
2562 2234 2794 2308 ἔπαρσις
2821 2237 2929 2291 τῶν
2968 2236 3173 2307 χειρῶν
3214 2253 3314 2305 μου
3350 2233 3496 2287 Θυσία
3528 2234 3645 2284 ἔσπε-

2139 2328 2278 2397 ιτινή.
2310 2346 2329 2378 ι
2383 2328 2460 2399 Τῇ
2512 2331 2790 2401 προσευχῇ
2852 2329 3143 2395 συνέζευξε
3206 2328 3304 2399 τὴν
3368 2326 3543 2399 πρᾶξιν
3578 2324 3646 2393 τῆς

2136 2419 2357 2491 ἀρετῆς·
2406 2420 2469 2473 Ἡ
2496 2420 2605 2493 γὰρ
2636 2422 2869 2493 ἔπαρσις
2895 2422 3005 2477 τῶν
3049 2420 3250 2494 χειρῶν
3296 2421 3485 2490 ταύτην
3520 2436 3644 2488 παρα-

2135 2509 2316 2579 δηλοῖ·
2356 2512 2453 2581 τὴν
2506 2513 2769 2583 ἐργασίαν
2799 2515 2908 2583 γὰρ
2934 2513 2989 2566 αἱ
3026 2514 3213 2585 χεῖρες
3246 2506 3638 2579 ἐνεχειρίσθησαν.

2151 2600 2406 2655 Ἰκετεύει
2445 2601 2501 2655 δὲ
2530 2602 2607 2673 τῷ
2661 2602 2755 2657 τοῦ
2805 2601 3157 2675 θυμιάματος
3215 2599 3368 2672 ἀτμῷ
3423 2594 3647 2668 παραπλη-

2137 2692 2268 2757 σίως
2298 2694 2721 2764 ἁναπεμφθῆναι
2754 2696 2853 2768 τὴν
2898 2696 3237 2768 προσευχὴν,
3268 2693 3359 2747 καὶ
3380 2692 3469 2762 τὴν
3493 2686 3649 2742 ἐκείνου

2136 2788 2400 2858 εὐοσμίαν
2440 2788 2802 2859 μιμήσασθαι.
2841 2787 3121 2854 Ὡσαύτως
3158 2789 3214 2843 δὲ
3250 2790 3341 2843 καὶ
3368 2783 3467 2840 τῶν
3502 2778 3651 2854 χειρῶν

2134 2881 2233 2954 τὴν
2278 2881 2499 2936 ἔκτασιν
2540 2884 2804 2955 ἐσπερινῇ
2848 2881 3011 2955 θυσίᾳ
3044 2882 3285 2952 φανῆναι
3314 2874 3652 2952 παραπλησίαν.

2152 2973 2475 3047 Ἑσπερινῆς
2512 2975 2714 3045 μέντοι,
2750 2975 2846 3030 καὶ
2878 2976 2977 3047 οὐχ
3006 2974 3242 3047 ἑωθινῆς
3288 2970 3651 3044 ἐμνημόνευσεν,

452 3068 739 3124 mitatibus
780 3078 837 3124 et
883 3071 1215 3126 maeroribus
1263 3070 1621 3127 versabatur:
1661 3072 1903 3129 tenebris
1934 3088 2034 3128 au-

2139 3070 2323 3141 ὲπειδὴ
2354 3071 2412 3123 ὲν
2440 3073 2748 3142 συμφοραῖς
2770 3065 2838 3142 ἦν
2872 3070 2969 3125 καὶ
2997 3069 3229 3134 λύπαιςο
3266 3068 3435 3139 σκότῳ
3453 3065 3503 3118 δὲ
3521 3063 3655 3116 ἔοικεν

453 3170 564 3216 tem
593 3168 647 3215 et
678 3161 823 3216 nocti
852 3162 1061 3217 similes
1092 3170 1222 3218 sunt
1251 3163 1611 3220 calamitates.

526 3249 689 3307 Vens.
728 3254 781 3308 5.
826 3272 845 3305 t
884 3258 1125 3324 Appooe,
1158 3254 1408 3320 Domine,
1435 3259 1741 3313 custodiam
1768 3259 1850 3315 ori
1891 3274 2032 3326 meo,

452 3352 510 3400 et
552 3344 756 3400 ostium
803 3347 1228 3402 circumstantia”:
1268 3348 1416 3405 circa
1460 3350 1602 3406 labia
1642 3368 1783 3408 mea.
1826 3372 1845 3404 ι
1890 3352 2037 3411 Duos

456 3438 696 3507 parietes
738 3438 921 3508 opifex
968 3438 1171 3509 lingua:
1220 3440 1402 3509 dedit,
1446 3458 1613 3497 unum
1662 3446 1937 3509 dentium.
1983 3458 2038 3503 et

456 3529 688 3584 alterum
726 3530 1029 3595 labiorum,
1078 3533 1402 3588 temerarios
1437 3533 1557 3601 ejus
1604 3536 1841 3606 impetus
1885 3540 2039 3593 colli-

457 3618 615 3674 liens.
652 3615 1043 3673 Verumtamen
1086 3619 1355 3687 Pr0plteta
1387 3630 1449 3675 ut
1495 3633 1546 3678 et
1591 3624 1729 3678 alias
1758 3629 2037 3684 custodias

457 3721 831 3781 consequatur
863 3712 1138 3778 obsecrat,
1171 3713 1390 3781 timens,
1422 3730 1488 3768 ne
1521 3716 1654 3784 quid
1686 3716 2036 3785 indecorum,

457 3806 586 3858 dum
617 3820 747 3860 suas
778 3804 1098 3873 deplorabat
1140 3806 1412 3873 miserias,
1442 3808 1671 3863 diceret.
1700 3808 1835 3865 Nam
1864 3829 2041 3885 neque

460 3899 671 3967 ipsum,
705 3911 829 3950 cum
876 3912 902 3947 a
933 3895 1096 3950 Sanle
1128 3899 1564 3965 persecutionem
1593 3912 1900 3971 pateretur,
1935 3907 2038 3960 ali-

460 3986 605 4055 quod
642 3985 992 4039 maledictum
1021 4001 1263 4055 unquam
1297 3987 1481 4042 dicere
1515 3989 1775 4054 voluisse,
1809 3993 2039 4049 historia

462 4085 715 4131 testatur.
760 4074 905 4142 Quin
951 4085 1005 4131 et
1048 4092 1173 4130 cum
1219 4077 1309 4132 alii
1358 4078 1536 4148 ipsum
1586 4079 1804 4136 Saulem
1844 4100 2041 4141 necare

462 4179 801 4235 tentassent,
840 4170 954 4240 ipse
997 4168 1233 4225 Unctum
1275 4172 1492 4225 Domini
1535 4187 1660 4227 eum
1699 4177 1933 4231 vocavit.
1978 4176 2043 4233 Et

463 4267 644 4335 ipsum
677 4264 999 4334 alloquens.
1039 4280 1258 4319 servum
1295 4278 1357 4319 se
1393 4266 1757 4335 nuncupavit,
1792 4278 1846 4323 et
1882 4284 2038 4336 eum,

2136 3163 2170 3233 ὴ
2204 3163 2455 3234 συμφορὰ
2478 3166 2571 3216 καὶ
2606 3164 2782 3218 νυκτί.

2206 3261 2277 3323 γ’.
2318 3273 2336 3306 ι
2378 3255 2506 3320 Θοῦ,
2542 3254 2736 3325 Κύριε,
2764 3256 3015 3328 φυλακὴν
3041 3255 3127 3328 τῷ
3142 3254 3366 3327 στόματι
3401 3269 3511 3324 μου,
3536 3245 3658 3301 xei”

2150 3347 2321 3418 θύραν
2376 3348 2640 3420 περιοχῆς
2688 3352 2817 3421 περὶ
2857 3350 2928 3403 τὰ
2980 3349 3139 3421 χείλη
3192 3368 3312 3421 μου.
3358 3366 3375 3399 ι
3407 3343 3499 3399 Δύο
3544 3335 3657 3411 μὲνδ

2139 3440 2482 3510 Δημιουργὸς
2523 3440 2693 3493 ἔδωκε
2724 3441 2771 3472 ⁸⁸
2794 3442 2860 3512 τῇ
2890 3439 3119 3514 γλώττῃ
3153 3439 3334 3510 τείχεα
3366 3436 3430 3501 ⁸⁷,
3482 3431 3535 3485 τὸ
3577 3426 3660 3480 τῶν

2139 3533 2384 3597 ὀδόντων,
2422 3533 2516 3585 καὶ
2546 3533 2605 3585 τὸ
2636 3531 2745 3584 τῶν
2774 3532 2999 3601 χειλέων
3040 3532 3114 3597 ⁸⁸,
3154 3532 3251 3595 τὰς
3298 3529 3508 3598 ἀλόγους
3532 3519 3661 3587 αὐτῆς

2140 3624 2357 3694 ὑπέχων
2380 3626 2425 3656 ’θ
2458 3625 2655 3695 ὁρμάς.
2716 3624 2857 3678 Ἀλλ’
2892 3625 3043 3696 ὅμως
3083 3626 3116 3678 ὁ
3157 3626 3435 3697 Προφήτης
3467 3618 3545 3671 καὶ
3576 3610 3664 3667 ἑτέ-

2145 3734 2241 3787 ρας
2305 3716 2616 3769 ἀπολαῦσαι
2672 3717 2987 3787 παρακαλεί
3029 3718 3301 3787 φυλακῆς,
3338 3712 3507 3774 δεδιὼς
3538 3706 3598 3777 μή
3624 3719 3662 3753 τι

2142 3806 2441 3878 φθέγξηται
2477 3808 2804 3877 σχετλιάζων
2844 3809 2945 3862 οὐκ
2979 3809 3278 3881 εὐπρεπές.
3323 3807 3434 3858 Ὅτι
3459 3801 3551 3870 γὰρ
3581 3791 3663 3848 οὐδ’

2145 3897 2250 3951 ὑπὸ
2298 3898 2392 3952 τοῦ
2451 3900 2622 3952 Σαοὺλ
2654 3899 2987 3968 διωκόμενος
3051 3901 3227 3953 εἰπεῖν
3300 3914 3350 3950 τι
3399 3893 3663 3964 βλάσφημον

2144 3993 2403 4064 ἠνέσχετο
2431 3996 2673 4057 πώποτε,
2731 3996 3003 4064 μαρτυρεί
3052 3992 3344 4063 ήιστορία.
3396 3983 3540 4039 ’Λλλὰ
3582 3978 3663 4045 γὰρ

2143 4086 2386 4158 ἀναιρεῖν
2407 4091 2421 4115 ⁸
2442 4085 2607 4138 αὑτὸν
2648 4084 3039 4154 πειραθέντων,
3076 4083 3242 4146 αὐτὸς
3259 4078 3478 4151 Χριστὸν
3490 4071 3663 4138 ὠνάμα“

2146 4198 2206 4233 σε
2240 4179 2461 4251 Κυρίου.
2498 4178 2613 4233 Καὶ
2671 4178 2808 4250 πρὸς
2856 4178 3021 4231 αὐτὸν
3073 4176 3470 4245 διαλεγόμενος,
3519 4163 3664 4218 δοῦλον

2146 4273 2335 4327 ἑαυτὸν
2366 4271 2636 4326 ἀποκαλεί
2669 4273 2712 4335 ³,
2755 4271 2851 4324 καὶ
2875 4271 2965 4324 τὸν
2998 4271 3325 4341 μηνύσαντα
3369 4266 3460 4333 τὴν
3495 4254 3663 4326 σφαγὴν

462 4358 554 4428 qui
599 4358 801 4414 caedem
845 4358 1152 4425 nuntiabat,
1182 4374 1242 4415 se
1273 4360 1415 4415 hanc
1448 4360 1696 4418 eﬂ'ecisse
1722 4362 2034 4433 juvenilitcr

2146 4364 2333 4426 αὐτοῦ,
2372 4363 2577 4433 ταύτην
2608 4365 2971 4431 πεποιηκέναι
2994 4360 3455 4428 νεανιευσάμενον,
3477 4347 3661 4405 ἀνεῖλεν,

457 4450 751 4518 jactantem
787 4449 1093 4518 interemit,
1123 4451 1347 4508 dicens:
1380 4470 1399 4505 t
1443 4453 1678 4523 Sanguis
1712 4464 1840 4510 tuus
1871 4471 2034 4523 super

2144 4455 2377 4527 εἰρηκώς
2400 4472 2412 4484 ·
2449 4476 2466 4507 ι
2497 4456 2569 4507 Τὸ
2607 4450 2749 4525 αἷμά
2775 4473 2865 4509 σου
2908 4457 3001 4539 ἐπὶ
3044 4455 3145 4526 τὴν
3183 4451 3416 4520 κεφαλήν
3456 4462 3558 4507 σου,
3600 4439 3662 4490 ὅτι

464 4550 628 4610 caput
660 4553 833 4604 tuum,
853 4543 1114 4611 quoniam
1148 4552 1205 4598 tu
1231 4543 1421 4600 dixisti
1449 4545 1784 4602 occidissete
1806 4546 2039 4602 Unctum

464 4632 682 4687 Domini
718 4643 765 4686 ι.
807 4651 828 4685 ι

538 4723 702 4780 Vens.
733 4724 787 4778 4.
818 4742 837 4777 t
882 4724 999 4781 Non
1024 4724 1264 4784 declines
1291 4742 1389 4784 cor
1419 4744 1601 4784 meum
1634 4731 1701 4785 ad
1736 4731 1898 4785 verba
1928 4746 2043 4784 ma—

465 4818 631 4881 litiae,
680 4815 748 4871 ad
797 4819 1138 4874 excusandas
1177 4822 1563 4877 excusationes
1613 4822 1667 4876 in
1716 4822 1975 4891 peccatis.
2017 4841 2036 4875 ι

461 4909 757 4973 Obsecrat,
796 4916 874 4981 ‘ut
915 4925 1024 4964 non
1069 4912 1249 4966 solum
1290 4913 1505 4985 lingua,
1551 4914 1648 4970 sed
1694 4914 1860 4969 etiam
1912 4915 2042 4985 ipsa:

533 5119 565 5162 (ι
594 5109 739 5167 Psal.
772 5125 863 5178 xv,
897 5109 952 5165 8.
1032 5118 1055 5146 τ
1087 5107 1258 5166 Exod.
1285 5127 1397 5178 xlv,
1419 5109 1508 5169 15.
1572 5122 1594 5150 ⁸
1626 5126 1667 5166 ιι
1704 5109 1836 5183 Reg.
1871 5128 1910 5179 ι,
1943 5110 2031 5166 l6.

2145 4551 2241 4606 σὲ³
2272 4548 2431 4615 εἶπας
2460 4553 2792 4623 ἀνῃρηκέναι
2829 4552 2920 4604 τὸν
2953 4550 3186 4621 Χριστὸν
3216 4545 3434 4618 Κυρίου.
3474 4558 3490 4590 ι

2215 4727 2276 4782 δ’.
2308 4745 2327 4778 t
2390 4727 2482 4798 Μὴ
2534 4727 2792 4800 ἐκκλίνῃς
2847 4724 2948 4798 τὴν
3007 4725 3237 4797 καρδίαν
3276 4738 3374 4793 μου
3409 4719 3481 4780 εἰς
3510 4711 3664 4776 λόγους

2148 4818 2436 4891 πονηρίας,
2468 4819 2597 4873 σιιοῦ¹⁵
2630 4820 3063 4891 προφασίζεσθαι
3105 4816 3396 4888 προφάσεις
3438 4813 3490 4864 ἃν
3520 4806 3665 4873 ἁμαρ·

2147 4912 2310 4975 τίαις.
2350 4930 2369 4963 ι
2450 4914 2526 4966 Οὐ
2574 4913 2735 4983 μόνον
2785 4912 3075 4983 γλῶτταν⁵
3118 4906 3474 4983 φρουρηθῆναι
3524 4906 3666 4963 παρα·

1572 5296 1810 5353 VARUE
1836 5296 2224 5353 LECTIONES
2281 5297 2370 5353 ΕΤ
2403 5297 2637 5353 ΝΟΤιΕ.

537 5408 588 5443 ο·
613 5408 925 5481 memor.
952 5409 1030 5464 ιι).
1058 5425 1244 5481 ριιτριη.
1281 5440 1349 5481 έ-
1374 5409 1473 5463 ὃτι.
1500 5410 1583 5481 μυί
1617 5411 1719 5464 Καὶ
1759 5411 1927 5464 em».
1954 5409 2034 5481 ιιςι

2139 5419 2168 5463 ἰ
2202 5411 2305 5464 alia
2337 5411 2498 5481 hujus
2538 5411 2733 5480 psalmi
2776 5409 2993 5481 Origeni
3025 5398 3494 5481 1.νίὺυιιιιλιιιιὲεψιιάΔ
3513 5388 3660 5481 .COt‘d‘o

471 5477 508 5530 l.
545 5491 621 5549 ι).Δ
654 5478 777 5532 727i.
815 5498 967 5549 seqq.
1042 5480 1086 5512 "
1122 5484 1241 5534 eod.
1276 5480 1300 5532 1

471 5545 653 5599 codd.
729 5551 776 5581 "
805 5545 1004 5604 Kal;-

472 5615 537 5686 ’τ’
552 5611 630 5667 Ib.
645 5618 833 5686 τείχη.

1359 5479 1649 5550 ἠντιϐόλει.
1728 5483 1773 5513 ³³
1810 5479 2201 5534 Εἱσάιιουσόν
2255 5479 2605 5549 μουίΙΙιτιιτ.
2643 5479 2978 5535 Festina—ad
3023 5498 3120 5535 me.

1034 5568 1173 5618 μου.
1232 5550 1392 5603 Hebr.
1450 5552 1517 5604 Et
1553 5560 1727 5603 custos
1757 5553 1829 5604 sis
1864 5552 1931 5604 ad
1983 5556 2210 5619 jmmam
2260 5551 2523 5604 (abiaram
2566 5569 2821 5605 meorum.

909 5618 955 5651 ³⁸
1004 5619 1279 5692 Χειτζέῳν.
1491 5636 1647 5692 sequ.
1677 5621 1929 5675 δέδωκεν.
1986 5618 2029 5653 θ’

2139 5639 2168 5675 ι.
2202 5622 2436 5692 ἐπέχων.
2517 5623 2532 5652 ¹
2569 5621 2666 5692 ιι».
2689 5621 2918 5692 ἀνελεῖν.

3228 5477 3272 5509 ﬂ
3468 5466 3609 5540 Abest
3624 5473 3660 5540 _a

3022 5601 3050 5652 '7
3071 5601 3469 5676 lundstsm'lst.
3554 5602 3571 5633 ³
3600 5601 3656 5652 Ηθο

476 5681 564 5736 σύ.
642 5682 663 5715 ⁵
697 5675 810 5738 Τόὗ
865 5686 1079 5755 ἀμαρτ.
1109 5687 1272 5745 Hebr.
1313 5688 1381 5743 Ut
1417 5675 1617 5759 faciant
1640 5707 1685 5747 s.
1713 5707 1983 5761 peragant.
2017 5708 2034 5744 ι

2139 5709 2172 5747 ἀ
2202 5694 2253 5745 in
2294 5675 2582 5761 impietate.
2607 5675 2680 5724 H'
2712 5686 3016 5749 Γλὼτταν.
3067 5689 3185 5747 cod.
3228 5689 3244 5742 l
3274 5698 3443 5757 puum.
3475 5675 3575 5743 τήν·

3770 34 3775 107 1

3774 130 3777 209 1

3784 521 3785 553 1

3786 572 3787 633 1

3787 660 3789 709 1

3789 748 3791 807 1

3792 836 3793 895 1

3794 924 3795 967 1

3796 1012 3797 1061 1

3800 1190 3801 1219 1
