4012 6208
383 295 483 364 187
923 326 926 329 η
1394 295 1452 353 Τ]

898 401 1176 459 INTERR.
1213 400 1452 458 LXXVI.

1394 288 1885 354 THEODORETI
1914 287 2258 349 EPISCOPI
2287 288 2658 352 CYRENSIS

2644 291 2658 350 ἰ
3567 289 3670 357 188

2644 400 2819 457 sror
2861 402 2978 470 οφ
3018 403 3062 456 ι..
3520 436 3523 439 λ

382 506 424 559 Α
467 517 568 573 quo
601 499 834 556 Rebecca
866 500 1002 555 scire
1038 496 1205 554 voluit
1236 507 1406 575 sortes
1434 496 1874 567 infantum,quos
1908 493 1963 547 in

2096 494 2173 548 ιιά
2204 492 2369 562 τίνος
2412 494 2625 575 μαθεῖν
2669 494 2979 575 ἠθέληαεν
3010 496 3049 566 ἡ
3100 494 3384 575 Ῥεϐέκκα
3422 498 3493 554 τὰ
3527 499 3665 569 περὶ

946 579 1098 625 utero
1141 568 1393 639 gerebat?

455 665 690 733 Quidam
721 665 894 729 aiunt,
961 664 1136 734 ipsam
1191 663 1396 719 abiisse
1457 663 1523 718 ad
1581 658 1965 723 Melchisedec,

384 771 657 810 summum
689 756 890 825 quippe
920 755 1257 809 sacerdotem
1290 751 1386 807 Dei
1440 750 1691 807 artissimi
1718 795 1730 817 ,
1759 753 1971 820 ειικιιὶοο

387 857 496 904 late
522 849 791 920 insignem
821 856 876 903 et
906 847 1064 903 valde
1113 846 1404 902 illustrem.
1440 843 1544 900 Sed
1572 859 1696 900 cum
1727 842 1968 898 solerent

387 934 714 1014 patriarcha:
744 940 936 995 altaria
972 941 1100 1006 Deo,
1140 937 1343 1009 quibus
1372 938 1426 992 in
1458 936 1593 992 locis
1622 934 1965 1000 habitabant,

386 1043 726 1098 construere,
760 1033 1059 1089 verisimile
1120 1040 1224 1099 est,
1257 1031 1405 1085 illam
1437 1029 1505 1085 ad
1556 1043 1727 1084 unum
1786 1042 1851 1083 ex
1885 1027 1970 1083 his

386 1126 684 1197 profectam
717 1127 1058 1199 supplicasse
1088 1124 1200 1181 Deo
1229 1123 1502 1188 omnium,
1535 1134 1591 1179 et
1620 1138 1747 1194 quae
1785 1120 1969 1178 futura

387 1230 565 1289 erant,
597 1221 940 1293 cognovisse.

880 1416 1161 1473 INTER“.
1199 1414 1462 1471 LXXVII.

393 1511 571 1578 Quare
605 1510 741 1565 Deus
769 1509 1007 1579 prohibet
1045 1507 1234 1562 Isaaco
1267 1508 1534 1578 proﬁcisci
1560 1508 1613 1562 in
1644 1508 1968 1580 Egyptum,

674 1582 817 1646 fame
861 1581 1159 1649 prasertim
1187 1581 1258 1635 ad
1291 1580 1389 1635 hoc
1431 1581 1685 1651 cogente?

2364 568 2486 619 τῶν
2520 568 3028 637 κυοφορουμένων
3066 568 3361 635 παιδίων;

2140 654 2299 720 Τινές
2351 674 2482 726 φασι
2512 657 2652 729 πρὸς
2682 658 2774 713 τὸν
2806 659 3148 731 Μελχισεδὲκ
3176 662 3350 733 αὐτὴν
3382 662 3659 736 ἀπεληλυ-

2072 745 2246 815 θέναι,
2284 749 2381 803 ἆτε
2438 749 2504 821 δὴ
2553 750 2652 805 καὶ
2679 751 2942 823 ἀρχιερέα
2966 751 3095 806 ὄντα
3127 752 3223 808 τοῦ
3259 753 3395 809 Θεοῦ
3431 755 3526 810 τοῦ
3547 755 3670 826 ὑψί-

2074 858 2224 905 στου,
2260 843 2355 896 καὶ
2381 842 2655 914 ἐπίσημον
2685 846 2742 897 ἐν
2766 845 3043 919 εὐσεϐείᾳ,
3073 848 3171 902 καὶ
3199 847 3321 902 λίαν
3362 851 3665 921 περιφανῆ.

2086 932 2304 1003 Ἐπειδὴ
2333 933 2391 987 δὲ
2416 932 2702 988 εἱώθεισαν
2726 937 2775 989 οἱ
2805 936 3147 1010 πατριάρχαι
3178 938 3275 993 καὶ
3303 938 3671 1013 θυσιαστήρια

2073 1024 2152 1096 τῷ
2177 1024 2297 1096 Θεῷ
2332 1026 2768 1093 κατασκευάζειν
2801 1029 2860 1082 ἐν
2897 1026 2981 1094 οἷς
3010 1031 3279 1103 ἐσκήνουν
3315 1034 3560 1105 χωρίοις,
3590 1034 3672 1087 εί-

2073 1119 2168 1183 κδς
2200 1120 2331 1193 παρ’
2355 1119 2414 1174 ἓν
2445 1120 2769 1189 (47)τούτων
2799 1123 3145 1179 ἀπελθοῦσαν
3179 1125 3354 1195 αὐτὴν
3392 1125 3672 1181 ἱκετεῦσαι

2074 1210 2165 1264 τὸν
2198 1211 2308 1265 τῶν
2334 1211 2474 1266 ὅλων
2502 1212 2658 1278 Θεὸν,
2694 1214 2790 1268 καὶ
2829 1215 3095 1289 γνωρίσαι
3124 1216 3237 1287 (48)
3273 1216 3341 1270 τὰ
3387 1215 3672 1288 συμϐησό-

2082 1320 2239 1374 μενα.

2695 1420 2890 1477 ΕΡΩΤ.
2936 1424 3056 1477 OZ'.

2079 1513 2244 1568 Διατί
2274 1515 2493 1569 κωλύει
2535 1515 2643 1569 τὸν
2677 1514 2890 1570 Ἰσαὰκ
2925 1519 2959 1570 ὀ
3005 1515 3152 1581 Θεὸς
3192 1518 3283 1582 εις
3323 1516 3443 1584 τὴν
3486 1517 3675 1585 Αἴγυ-

2148 1601 2302 1638 πτον
2331 1585 2725 1657 ἀποδημῆσαι
2748 1588 2883 1656 (49),
2904 1587 3012 1642 τοῦ
3031 1587 3210 1657 λιμοῦ
3244 1588 3422 1642 τοῦτο
3452 1587 3676 1657 πρᾶξαι

2151 1606 2302 1638 mor
2331 1606 2529 1650 αποοη
2578 1606 2725 1655 ησαι
2748 1606 2802 1655 te

2151 1606 2702 1726 καταναγκάζέιντος
2747 1659 2803 1725 ’;

464 1738 726 1794 Dominus
754 1737 899 1794 Deus
929 1754 1026 1808 per
1058 1738 1244 1792 omnia
1274 1738 1614 1794 demonstrat
1644 1738 1973 1812 sapientiam

2148 1751 2261 1821 Τὴν
2300 1750 2510 1806 οἰκείαν
2541 1752 2736 1823 σοφίαν
2766 1769 2827 1806 τε
2862 1753 2957 1807 καὶ
2984 1753 3312 1825 κηδεμονίαν
3336 1755 3426 1811 διὰ
3454 1757 3678 1814 πάντων

388 1846 546 1886 suam
577 1839 741 1902 atque
767 1831 1190 1901 providentiam.
1219 1830 1430 1886 Etenim
1461 1833 1709 1898 permisit
1744 1833 1979 1904 patriar-

390 1923 552 1978 cham
583 1923 958 1977 Abraliamum
988 1920 1139 1977 abire
1170 1922 1223 1976 in
1262 1920 1583 1994 Egyptum,
1645 1940 1778 1990 non,
1828 1924 1978 1995 quod

394 2029 519 2070 eum
554 2014 705 2068 alere
740 2029 848 2068 non
880 2024 1067 2085 posset
1094 2014 1149 2068 in
1200 2014 1529 2070 Palaestina:
1568 2016 1664 2071 sed
1696 2025 1757 2072 ut
1813 2015 1980 2088 IEgy-

393 2104 521 2173 ptiis
552 2101 884 2174 patefaceret
915 2104 1017 2158 viri
1058 2103 1312 2174 pietatem
1343 2112 1396 2159 et
1416 2104 1827 2175 religionem,et
1848 2120 1985 2175 pro-

395 2202 620 2249 vocaret
650 2194 773 2250 illos
809 2194 877 2249 ad
928 2193 1250 2251 imitandam
1308 2194 1637 2264 patriarchae
1694 2194 1979 2251 virtutem.

395 2285 547 2343 Isaac
576 2296 756 2342 autem
798 2286 908 2342 illic
940 2303 1164 2343 manere
1209 2287 1400 2357 jussit,
1435 2286 1598 2358 eique
1632 2302 1819 2343 rerum
1881 2304 1979 2342 ne-

394 2383 758 2436 cessariarum
791 2379 1002 2451 copiam
1016 2380 1398 2451 suppeditavit:
1419 2381 1822 2448 demonstrans,
1839 2381 1985 2453 quod

394 2472 510 2526 haec
534 2471 700 2527 etiam
754 2471 897 2542 patri
935 2472 1121 2543 largiri
1149 2480 1383 2543 poterat,
1428 2488 1550 2543 quae
1595 2473 1708 2527 ﬁlio
1761 2473 1982 2529 abunde

397 2564 648 2634 praebuit.
697 2565 833 2620 Cum
866 2565 1012 2620 enim
1048 2580 1242 2621 omnes
1299 2564 1355 2619 in
1394 2580 1614 2621 summa
1676 2565 1861 2635 inepia
1923 2575 1980 2621 et

395 2654 839 2711 necessariorum
872 2656 1102 2728 penuria
1135 2656 1422 2712 constituti
1458 2665 1669 2722 essent,
1737 2667 1793 2713 et
1840 2667 1984 2714 terra

394 2750 601 2805 sterilis
636 2749 778 2805 facta
809 2761 980 2816 esset,
1026 2750 1141 2820 ipse
1159 2751 1310 2821 jacto
1361 2750 1572 2807 semine
1622 2750 1985 2825 multiplicem

394 2836 633 2894 fructum
664 2838 906 2909 collegit.

821 2929 935 3001 90
963 2928 1244 2985 mrem.
1273 2929 1559 2987 Lxxvul.

2078 1841 2232 1912 δηλοῖ
2274 1843 2304 1895 ό
2351 1842 2631 1913 Δεσπότης
2673 1843 2840 1908 Θεός·
2894 1845 2992 1899 καὶ
3035 1845 3147 1917 γὰρ
3189 1848 3282 1901 τὸν
3328 1851 3678 1922 πατριάρχην

2094 1933 2369 2006 Ἀϐραὰμ,
2401 1935 2500 2006 οὺχ
2524 1935 2603 2000 ὡς
2639 1935 2866 2009 ἀπορῶν
2892 1936 2951 1990 ἐν
2978 1940 3044 2010 τῇ
3081 1940 3420 2014 Παλαιστίνῃ
3455 1942 3679 2014 διαθρέ-

2080 2026 2202 2097 ψαι,
2234 2025 2616 2099 συνεχώρησεν
2646 2029 2727 2092 είς
2751 2028 2854 2101 τὴν
2897 2029 3177 2099 Αἴγυπτον
3216 2032 3479 2089 ἀπελθεῖν
3529 2035 3674 2106 (50)-

2082 2118 2198 2172 ἀλλ’
2229 2119 2318 2173 ἵνα
2349 2121 2447 2174 καὶ
2479 2122 2594 2184 τοῖς
2637 2122 2961 2190 Αἰγυπτίοις
3003 2122 3249 2198 ἐπιδείξῃ
3300 2126 3415 2195 (5|)
3461 2127 3556 2180 τοῦ
3590 2129 3681 2182 άν-

2081 2211 2208 2282 δρδς
2234 2211 2335 2283 τὴν
2364 2212 2669 2279 εὐσέϐειαν,
2701 2214 2795 2268 καὶ
2827 2213 3074 2285 ζηλῶσαι
3118 2218 3404 2290 προτρέψῃ
3434 2219 3529 2273 τοῦ
3574 2239 3679 2274 πα.-

2082 2302 2344 2373 τριάρχου
2371 2301 2470 2374 τὴν
2501 2304 2725 2376 ἀρετήν.
2761 2305 2864 2359 Τὸν
2896 2306 2952 2359 δὲ
2997 2306 3180 2363 Ἰσαὰκ
3211 2309 3377 2363 αὑτοῦ
3411 2311 3524 2383 (52)
3560 2314 3680 2381 μεῖ-

2084 2411 2174 2448 ναι
2222 2394 2547 2466 προσέταξε,
2582 2397 2677 2450 καὶ
2706 2400 2774 2469 τῇ
2806 2398 2917 2453 τῶν
2952 2399 3271 2469 ἀναγκαίων
3314 2402 3479 2456 αὐτὸν
3524 2421 3678 2476 περι-

2085 2485 2311 2541 έκλυσεν
2343 2487 2598 2560 ἀφθονίᾳ,
2644 2487 2862 2553 δεικνὺς
2909 2491 2987 2555 ὡς
3033 2491 3130 2547 καὶ
3160 2491 3244 2563 τῷ
3289 2493 3462 2565 πατρὶ
3509 2492 3683 2547 ταῦτα

2086 2582 2390 2653 παρασχεῖν
2426 2577 2535 2646 οἷός
2567 2599 2625 2636 τε
2659 2580 2748 2653 ἦν,
2779 2583 2816 2638 ὃ,
2850 2584 2947 2639 καὶ
2979 2585 3129 2658 αὐτῷ
3159 2586 3330 2642 ἔδωκε
3353 2587 3679 2661 φιλοτίμως.

2090 2670 2316 2725 Πάντων
2345 2674 2456 2744 γὰρ
2485 2672 2543 2725 ἐν
2578 2672 2756 2745 ἐνδείᾳ
2791 2673 2963 2730 ὄντων
3010 2678 3104 2731 καὶ⁵
3146 2677 3346 2732 σπάνει
3373 2677 3481 2732 τῶν
3514 2679 3685 2748 ἀναγ-

2089 2763 2282 2833 καίων,
2332 2764 2428 2817 καὶ
2487 2764 2589 2834 τῆς
2643 2765 2750 2836 γῆς
2802 2768 3000 2836 ἀγόνου
3065 2771 3466 2844 γεγενημένης,
3519 2771 3682 2837 αὐτὸς

2088 2855 2323 2919 σπείρας
2367 2854 2641 2927 πολύχουν
2676 2857 2836 2912 ἔλαϐε
2868 2859 2959 2913 τὸν
2992 2862 3231 2933 καρπόν.

2696 2950 2895 3007 ΕΡΩΤ.
2943 2954 3078 3010 OH’.

396 3022 516 3089 Qua
570 3022 634 3078 de
706 3040 873 3078 causa
914 3023 1132 3121 volebaé
1181 3022 1342 3121 Isaac
1397 3025 1530 3079 dare
1580 3024 1989 3081 benedictionem

2098 3039 2268 3108 Τίνος
2296 3041 2508 3098 ἕνεκεν
2544 3045 2578 3097 δ
2601 3043 2830 3121 Α’Ῑσαὰκ
2857 3044 2942 3121 τῷ
2975 3045 3167 3121 Ἠσαῦ
3196 3047 3410 3104 δοῦναι
3434 3048 3551 3121 τὴν
3578 3051 3684 3105 εὑ-

1083 3092 1267 3148 Esauo
1290 3095 1317 3149 ?

468 3186 582 3243 Hoc
608 3187 830 3243 volebat
858 3185 1166 3243 secundum
1202 3188 1374 3256 legem
1408 3196 1639 3244 naturae.
1665 3187 1805 3244 Esau
1835 3191 1984 3245 enim

398 3282 792 3353 primogenitus
818 3289 965 3337 erat:
997 3281 1350 3352 primogeniti
1385 3295 1517 3335 vero
1559 3289 1613 3337 ct
1664 3282 1900 3353 primam
1934 3288 1991 3337 et

396 3375 668 3446 duplicem
701 3374 1007 3444 portionem
1036 3372 1401 3442 accipiebant.
1434 3373 1604 3427 Auxit
1642 3372 1809 3429 etiam
1832 3388 1990 3428 amo-

398 3469 474 3522 ris
516 3467 623 3521 vim
661 3466 1019 3536 obsequium:
1052 3485 1072 3517 ι
1110 3463 1344 3520 Venatio
1377 3465 1525 3520 enim
1551 3464 1984 3536 illius,*inquit,

395 3570 517 3616 erat
551 3560 631 3614 illi
662 3576 763 3630 pro
794 3559 938 3615 cibo.
973 3577 993 3611 ι
1030 3556 1372 3628 Obsequium
1394 3566 1575 3614 autem
1607 3566 1791 3629 potest
1819 3559 1985 3612 etiam

397 3654 806 3711 crudelissimos
835 3666 1083 3723 quosque
1115 3650 1402 3722 mitigare:
1455 3650 1694 3705 maxime
1749 3658 1986 3721 patrem,

398 3757 611 3818 patrem
638 3744 860 3812 inquam
894 3743 1188 3798 liberorum
1221 3741 1685 3798 amantissimum.
1705 3741 1982 3797 Caeterum

399 3835 725 3906 reperimus,
754 3833 918 3889 etiam
949 3832 1197 3887 divinum
1251 3831 1580 3902 Apostolum
1617 3833 1861 3903 copiosis
1888 3834 1987 3889 be-

398 3925 807 3997 nedictionibus
842 3937 1229 3979 remunerasse
1257 3938 1353 3980 eos
1381 3923 1477 3997 qui
1515 3923 1596 3981 illi
1654 3925 1982 3997 obsequium

399 4018 809 4107 praestitissent.

897 4107 1183 4165 INTERR.
1221 4106 1465 4166 LXXIX.

404 4207 552 4281 Unde
589 4207 819 4281 Rebecca
852 4205 1046 4281 certior
1069 4203 1215 4273 facta
1243 4212 1343 4281 est,
1373 4200 1637 4281 Iacobum
1660 4213 1985 4281 consecutu-

468 4297 588 4334 rum
614 4295 726 4332 esse
751 4275 1183 4340 benedictionem,
1215 4277 1432 4345 ejusque
1458 4277 1534 4329 rei
1562 4285 1766 4330 tantam
1798 4277 1985 4329 habuit

466 4351 744 4419 ﬁduciam,
776 4356 835 4402 ut
872 4346 1106 4400 dixerit:
1144 4363 1163 4397 ‹
1202 4343 1374 4419 Super
1420 4362 1502 4400 me
1548 4347 1620 4400 sit
1676 4346 1981 4402 maledictio

467 4415 581 4489 tua,
614 4421 698 4492 ﬁli
725 4420 799 4474 mi
825 4434 844 4472 :
870 4426 1077 4471 tantum
1106 4415 1234 4469 audi
1258 4432 1433 4470 vocem
1461 4434 1632 4471 meam
1662 4427 1724 4473 ’⁸.
1772 4437 1793 4470 ›

2579 3116 2795 3184 λογίαν
2838 3117 3136 3183 ἠϐούλετο
3154 3134 3174 3182 ;

2160 3201 2318 3255 Κατὰ
2348 3202 2440 3257 τὴν
2471 3204 2637 3276 νόμον
2667 3206 2768 3275 τῆς
2800 3204 3049 3275 φύσεως”
3085 3208 3433 3279 πρωτότοκος
3459 3208 3571 3282 γὰρ
3590 3205 3683 3283 ἦν.

2090 3295 2153 3349 Oi
2180 3295 2238 3348 δέ
2264 3295 2601 3369 πρωτότοκοι
2631 3299 2727 3352 καὶ
2761 3298 2989 3370 πρῶτοι,
3017 3301 3115 3354 καὶ
3148 3300 3346 3373 διπλῆν
3376 3303 3687 3376 ἐλάμϐανον

2093 3389 2307 3459 μοῖραν.
2342 3387 2560 3461 Ηΰξησε
2588 3389 2647 3444 δὲ
2682 3390 2777 3444 καὶ
2809 3390 3137 3463 ἡθεραπεία
3164 3394 3225 3448 τὸ
3255 3395 3481 3467 φίλτρον
3502 3413 3517 3427 ο
3556 3415 3576 3449 t
3619 3397 3685 3451 Ἥ

2088 3476 2198 3547 γὰρ
2234 3479 2379 3549 Θήρα
2409 3478 2574 3533 αὐτοῦ
2623 3479 2828 3551 βρῶσις
2865 3481 3035 3555 αὐτῷ.
3091 3502 3111 3537 ι
3142 3478 3251 3538 Ἦν
3277 3485 3394 3558 (55)
3440 3487 3600 3559 ἱκανὴ
3628 3489 3686 3542 δὲ

2088 3568 2122 3639 ή
2157 3567 2427 3640 θεραπεία
2461 3569 2555 3624 καὶ
2583 3571 2711 3635 τοὺς
2740 3571 3063 3643 ὠμοτάτους
3090 3574 3513 3646 ἐκμειλίξασθαι
3546 3579 3684 3652 (54),

2090 3660 2224 3732 μήτι
2274 3676 2337 3730 γε
2377 3661 2491 3735 (55)
2527 3662 2593 3735 δὴ
2631 3664 2866 3735 πατέρα,
2901 3666 2998 3720 καὶ
3042 3667 3258 3738 πατέρα
3308 3670 3683 3743 φιλόστοργον.

2089 3749 2253 3822 Εὖροι
2297 3750 2342 3805 δ’
2382 3751 2450 3806 ἄν
2479 3770 2582 3820 τις,
2616 3754 2711 3806 καί
2741 3753 2832 3807 τὸν
2859 3753 3000 3808 θεῖον
3039 3756 3370 3812 Ἀπόστολον
3406 3758 3688 3825 πλείσταις

2087 3843 2241 3906 ὅσαις
2265 3842 2542 3914 εὐλογίαις
2567 3845 2696 3908 τοὺς
2729 3845 3207 3918 τεθεραπευκότας
3246 3849 3411 3905 αὑτὸν
3439 3850 3685 3921 ἀμειψά-

2095 3953 2276 4009 μενον.

2697 4119 2896 4176 ΕΡΩΤ.
2954 4121 3074 4176 ΟΘ¹.

2087 4208 2280 4301 πέθξν
2320 4210 2682 4301 ῇιζιῗειῖέκκιξ
2727 4213 3123 4301 ,τεθάρρηκενε
3172 4215 3270 4301 ὅτε
3300 4215 3378 4285 δὴ
3413 4217 3684 4301 “etiam

2157 4283 2268 4348 τῆς
2316 4283 2599 4357 εὐλογίας
2646 4288 2680 4338 ό
2727 4283 2939 4357 Ἰακώϐ
2958 4283 3128 4357 {real
3200 4283 3373 4357 οὕτω
3404 4287 3684 4357 eaedem-

2154 4367 2284 4416 κεν,
2314 4352 2395 4418 ὡς
2436 4352 2652 4425 εἰπεῖν,
2690 4372 2710 4425 ι
2757 4356 2884 4409 Ἐπ’
2913 4356 3022 4424 ἐμὲ
3062 4358 3100 4425 ἡ
3134 4356 3361 4425 κατάρα
3403 4352 3554 4421 σου,
3575 4352 3678 4412 ’τέ-

2161 4438 2332 4489 uror,
2361 4423 2557 4494 μόνον
2584 4423 3314 4497 ἐπάκουσον-τῆςφωνῆς
3343 4446 3465 4498 μου
3493 4446 3514 4497 ;
3552 4447 3570 4480 ι

465 4515 812 4570 Praenoverat
832 4526 900 4567 ex
926 4508 1036 4564 Deo
1062 4507 1309 4563 omnium
1335 4518 1582 4575 auctore,
1619 4509 1764 4579 quod
1807 4510 1984 4582 major

2158 4484 2509 4586 Προεγνώκει
2557 4518 2652 4571 καὶ
2696 4518 2851 4590 παρὰ
2889 4520 2984 4574 τοῦ
3024 4484 3161 4574 asoti
3343 4484 3511 4585 ϐλων,
3542 4522 3626 4576 ὅτι
3669 4516 3700 4570 ὁ

400 4602 702 4671 serviturus
739 4609 886 4658 esset
917 4598 1117 4653 minori
1142 4605 1193 4652 ιι.
1232 4597 1386 4657 Uude
1436 4598 1719 4654 conlidens
1751 4599 1828 4654 illi
1855 4615 1984 4670 pro-

399 4691 613 4765 plietiaz,
649 4706 869 4745 omnem
912 4688 1082 4744 movit
1115 4686 1373 4760 lapidem,
1428 4695 1488 4742 ut
1542 4686 1712 4745 Jacob
1760 4691 1984 4748 benedi-

400 4784 633 4841 ctionem
659 4791 940 4851 paternam
971 4790 1423 4852 consequeretur.

476 4894 496 4950 ι
530 4896 664 4953 Gen.
697 4897 923 4963 uv,‘28.
990 4906 1028 4930 ’³
1053 4896 1190 4954 Gen.
1219 4910 1389 4952 xxvii.
1409 4894 1499 4952 ‘25:

1577 4906 1606 4935 η
1635 4896 1772 4955 Gen.
1806 4915 1934 4965 xxv,
1972 4900 2059 4958 l5.

2090 4605 2294 4679 μείζων
2319 4607 2703 4683 δουλεύσειτῷ
2737 4611 3010 4667 ἐλάσσονι.
3063 4613 3284 4687 Ἑκείνῃ
3322 4616 3389 4685 τῇ
3430 4615 3682 4686 προῤῥή·

2093 4717 2174 4754 σει
2198 4701 2550 4769 πιστεύουσα,
2576 4705 2758 4759 πάντα
2779 4705 3029 4775 ἐκίνησεν
3054 4706 3244 4780 πόρον,
3269 4706 3344 4772 ὡς
3363 4706 3458 4762 τὸν
3489 4705 3683 4760 Ἰακὼϐ

2090 4788 2189 4861 τὴν
2223 4793 2498 4864 πατρικὴν
2532 4793 2785 4863 εὐλογίαν
2815 4794 3022 4851 λαϐεῖν.

1284 5054 1521 5111 VARI/I3
1556 5054 1948 5113 LECTIONES
1995 5056 2086 5112 EX
2118 5056 2399 5114 CATENA
2433 5057 2792 5117 LIPSIENSI.

491 5173 839 5249 'QuzestJG
873 5172 997 5229 vide
1026 5173 1081 5229 in
1110 5187 1216 5233 cat.
1258 5191 1313 5247 p.
1343 5176 1482 5243 3H;
1533 5176 1841 5248 proximam
1879 5183 2086 5242 autem,
2113 5195 2234 5249 quae
2263 5180 2555 5236 Theodoro
2607 5180 2865 5236 tribuitur
2926 5195 2955 5247 ν
3004 5184 3127 5237 518.

402 5247 929 5317 καταναγκάζοντος.

3209 5187 3312 5265 ιτ.
3346 5183 3464 5254 λιμ.
3494 5184 3682 5239 τοῦτον

1922 5360 2160 5417 NOTAE.
2216 5386 2217 5389 η

494 5476 586 5545 47)
616 5480 739 5544 Παρ
781 5475 873 5545 ἓν.
905 5474 1039 5532 Cod.
1074 5486 1127 5532 et
1145 5474 1265 5532 Pic.
1289 5478 1369 5540 et;
1387 5479 1468 5533 ἓν.

476 5543 588 5616 (i8)
614 5543 749 5603 Cod.
782 5557 834 5603 et
859 5543 972 5602 Pic.
1000 5546 1230 5616 γνῶναι.

476 5616 589 5686 liii)
622 5616 757 5672 Cod.
788 5627 842 5673 et
889 5618 1004 5674 Pic.
1047 5617 1378 5686 ἐκδημῆσαι.

476 5690 588 5759 (ῖίθ)
620 5687 757 5744 Cod.
788 5699 843 5745 ct
875 5691 989 5745 Pic.
1020 5688 1303 5759 εἰσελθεῖν.

475 5761 592 5827 (δι)
624 5759 762 5816 Cod.
794 5769 846 5816 ct
872 5760 984 5819 Pic.
1019 5758 1377 5828 ἐπιδείξηται.

2167 5475 2278 5559 ςῦἳ)
2314 5475 2423 5559 Τᾴζθ
2460 5475 2528 5528 δὲ
2586 5475 2792 5531 Ἰσαὰκ
2830 5474 3041 5530 αὐτοῦ.
3093 5474 3230 5531 Cod.
3263 5482 3313 5529 et
3358 5472 3470 5530 [‘lc.
3506 5473 3596 5527 τὸν
3624 5472 3711 5527 δὲ’

2094 5547 2287 5600 τούτο-ι
2318 5547 2459 5600 υἱόν.

2170 5616 2283 5685 (53)
2310 5611 2450 5671 Ἷιν.
2477 5617 2663 5672 Desid.
2696 5618 2749 5670 in
2786 5616 2907 5671 cod.
2944 5625 2996 5669 et
3023 5617 3166 5686 apud
3201 5614 3317 5670 [δίο.

2171 5688 2282 5755 (Pii)
2310 5686 2445 5742 Cod.
2471 5698 2525 5743 et
2558 5687 2671 5742 Pic.
2710 5685 3077 5756 μειλίξασθαι.

2169 5758 2281 5833 (55)
2316 5757 2464 5826 Μήτι
2495 5776 2583 5832 τε.
2617 5759 2751 5814 Cod.
2775 5767 2827 5814 et
2862 5757 2974 5813 I‘ic.
3000 5758 3153 5815 εἵπου
3177 5773 3239 5826 γε
3274 5756 3358 5825 δή.
