3974 6206
467 342 599 411 1951

461 458 894 531 dissipabuntur.
927 454 1098 525 Prope
1126 453 1393 524 infernum
1420 456 1566 509 enim
1605 455 1858 525 sepulcra
1891 470 2044 508 nun-

464 552 708 621 cupavi't.

535 643 702 697 Vens.
735 640 842 697 8.¹‹
860 639 1131 706 Quoniam
1168 640 1232 694 ad
1267 652 1338 702 te,
1365 639 1609 705 Domine,
1634 637 2043 699 Domine.ocu|i

463 737 591 799 mei,
636 734 688 787 in
735 744 785 787 te
839 732 1076 802 speravi.
1119 747 1185 786 ne
1229 731 1446 784 auferas
1492 731 1729 783 animam
1786 744 1983 782 meam.
2021 746 2038 777 ι

466 826 577 895 Ego
635 835 816 878 autem
867 825 920 877 in
968 823 1133 877 nullis
1172 822 1339 876 rebus
1380 822 1633 875 humanis
1667 820 1902 884 confido,
1951 818 2044 873 sed

467 929 616 971 tuam
650 924 909 984 exspecto
944 929 1124 984 opem,
1152 923 1203 967 et
1234 928 1447 982 precor,
1475 927 1542 966 ne
1578 913 1676 966 hac
1708 926 1827 965 mea
1862 909 2046 964 anima

464 1009 537 1063 sit
569 1010 802 1077 privata.

533 1099 700 1155 Vens.
729 1100 781 1154 9.
821 1116 839 1147 ι
870 1095 1094 1151 Custodi
1120 1109 1207 1149 me
1233 1110 1262 1147 a
1287 1094 1503 1163 laqueo.
1533 1108 1697 1163 quem
1726 1100 2043 1148 statuerunt

465 1192 623 1253 mihi,
657 1200 709 1243 et
734 1206 763 1243 a
802 1187 1076 1242 scandalis
1105 1186 1450 1254 operantium
1482 1185 1850 1254 iniquitatem.
1893 1203 1909 1234 ι
1945 1182 2049 1237 La-

466 1299 730 1353 queorum
767 1283 997 1334 istorum
1040 1278 1255 1349 1556
1284 1289 1335 1331 et
1374 1278 1784 1342 scandalorum,
1825 1277 1878 1331 in
1913 1292 2050 1346 pra:-

466 1373 681 1427 cedi-nti
735 1372 898 1424 etiam
949 1370 1163 1439 psalmo
1216 1369 1548 1422 mentionem
1606 1367 1755 1423 fecit.
1813 1367 2049 1437 Laqueos

468 1475 675 1527 autem,
724 1472 777 1517 et
820 1462 1111 1527 scandala,
1152 1461 1383 1517 insidias
1425 1471 1616 1527 vocat,
1665 1479 1693 1517 a
1745 1464 1947 1533 quibus
1995 1469 2052 1515 ut

470 1555 732 1611 liberetur
764 1554 1037 1608 obsecrat.

545 1646 710 1702 Vens.
740 1646 828 1699 10.
862 1666 881 1698 ι
919 1646 1128 1700 Cadent
1156 1646 1210 1700 in
1237 1645 1467 1699 reticulo
1495 1644 1615 1715 ejus
1649 1651 1984 1715 peccatores.
2027 1659 2046 1693 ι

470 1736 583 1793 lloc
614 1747 716 1803 cst,
748 1737 864 1792 Dei.
903 1736 1009 1803 Qui
1042 1737 1188 1791 enim
1214 1735 1334 1790 aliis
1361 1736 1587 1805 laqueos
1611 1743 1827 1804 parant,
1861 1734 2051 1788 divino

470 1833 741 1902 supplicio
771 1831 1328 1901 comprehendentur,
1360 1830 1524 1884 veluti
1560 1830 1797 1899 quodam
1831 1829 1964 1888 reti.
1997 1835 2050 1882 et

470 1939 594 1994 qua:
633 1923 866 1985 faciunt,
918 1921 1295 1984 sustinebunt,
1346 1929 1395 1974 et
1432 1934 1552 1989 qua!
1585 1920 1708 1975 aliis
1733 1919 2055 1973 machinan-

471 2026 579 2082 tur,
609 2018 909 2087 patientur.
950 2035 970 2066 ι
1012 2013 1253 2067 Seorsim
1304 2015 1515 2081 positus
1556 2028 1674 2066 smn
1716 2026 1838 2081 ego,
1880 2011 2054 2064 donec

471 2118 763 2162 transeam.
792 2125 811 2158 ›
862 2104 974 2175 Ego
1004 2118 1131 2157 vero
1160 2103 1229 2155 ab
1259 2103 1379 2155 istis
1410 2110 1650 2157 remotus
1685 2117 1900 2171 semper
1937 2116 2051 2164 cro,

466 2201 641 2261 ,doncc
676 2197 798 2249 vita:
824 2194 985 2248 linem
1017 2193 1304 2262 accipiam.

883 2390 1157 2445 lNTEllP.
1188 2389 1436 2445 PSALMI
1470 2390 1649 2445 CXLI.

546 2504 714 2561 Vens.
752 2505 805 2560 l.
840 2523 859 2558 ι
905 2505 1219 2560 Intellectus
1250 2505 1439 2560 Davidi
1462 2546 1476 2570 ,
1507 2521 1634 2561 cum
1669 2515 1815 2562 esset
1844 2506 1897 2560 in
1933 2521 2058 2576 spe-

481 2597 641 2651 lunca
692 2611 880 2651 orans.
934 2615 953 2647 ι
1002 2594 1230 2649 Planum
1276 2604 1359 2652 est
1402 2596 1595 2665 psalmi
1646 2607 2054 2667 argumentum.

481 2687 619 2743 Cum
678 2686 826 2742 enim
872 2702 902 2740 a
944 2686 1109 2741 Saule
1156 2686 1347 2742 beatus
1404 2686 1571 2741 David
1622 2688 2055 2757 persecutionem

477 2789 778 2847 pateretur,
827 2778 883 2833 in
930 2779 1247 2848 speluncam
1296 2777 1509 2848 aufugit
1560 2789 1609 2843 ιι,
1644 2786 1699 2832 et
1738 2777 1793 2833 in
1847 2780 2056 2836 intimis

474 2870 594 2938 ejus
626 2868 1000 2938 penetralibus
1034 2869 1270 2922 delituit.
1304 2866 1508 2922 Deinde
1540 2867 1889 2937 conspicatus
1915 2867 2055 2921 Sau-

475 2960 584 3014 lem
637 2959 770 3013 illuc
809 2958 1084 3023 delatum,
1130 2958 1327 3012 mentis
1378 2958 1627 3011 timorem
1667 2957 1880 3027 exegit.
1918 2957 2058 3012 divi-

476 3066 721 3122 numque
767 3050 1031 3106 auxilium
1078 3050 1422 3120 imploravit,
1468 3058 1523 3103 et
1580 3049 1684 3105 hoc
1727 3060 2057 3106 consecutus

475 3154 578 3198 ρει.

547 3232 714 3290 Vens.
740 3234 798 3289 2.
834 3252 853 3286 ι
890 3232 1036 3289 Voce
1062 3247 1181 3288 mea
1210 3233 1275 3287 ad
1303 3231 1594 3287 Dominum
1625 3231 1881 3298 clamavi,
1922 3247 2058 3288 voce

481 3342 600 3382 mea
636 3327 779 3396 apud
815 3326 983 3381 Deum
1026 3326 1351 3395 deprecatus
1391 3340 1535 3379 sum.
1579 3343 1598 3376 ι
1638 3325 1707 3379 Et
1736 3325 1862 3379 hinc
1892 3334 2056 3393 patet,

478 3420 767 3475 clamorem
823 3420 1024 3475 mentis
1081 3420 1439 3473 intentionem
1503 3419 1711 3473 v'ncari.
1770 3417 2059 3483 Quomodo

478 3510 627 3564 enim
673 3512 765 3581 qui
805 3510 1076 3564 delitescit
1120 3518 1174 3562 et
1222 3508 1393 3562 latere
1430 3507 1721 3570 desiderat,
1766 3517 1942 3577 potest
1981 3509 2057 3561 uti

482 3617 643 3669 voce,
674 3610 729 3656 et
750 3599 1021 3656 clamare?
1049 3600 1188 3672 Dicit
1211 3600 1567 3670 igitur:Cum
1597 3600 1745 3654 omni
1779 3599 2061 3654 alacritate

485 3697 783 3751 Dominum
814 3697 989 3751 oravi.

552 3787 717 3843 Vens.
742 3790 795 3842 5.
836 3806 854 3838 ι
890 3786 1177 3842 Effundam
1202 3785 1256 3840 in
1288 3795 1587 3855 conspectu
1610 3785 1728 3855 ejus
1752 3786 2057 3841 orationem

479 3890 679 3940 meam,
710 3883 765 3929 et
800 3874 1209 3928 tribulationem
1259 3890 1433 3928 meam
1467 3883 1595 3929 ante
1632 3875 1808 3943 ipsum
1841 3890 2057 3929 annunr

480 3967 646 4020 tiabo.
678 3985 697 4016 ι
733 3967 796 4018 Et
818 3964 1206 4027 calamitatem,
1230 3965 1324 4032 ait,
1351 3975 1535 4020 notam
1565 3967 1664 4035 ipsi
1692 3965 1901 4038 1557
1935 3966 2057 4031 feci,

479 4065 534 4111 ct
576 4073 672 4126 pro
715 4073 777 4112 ea
827 4056 1195 4126 precationem
1234 4058 1425 4112 sedulo
1464 4059 1674 4114 obtuli:
1732 4059 2061 4128 precationis

482 4161 665 4203 autem
702 4148 1100 4204 vehementiam
1141 4165 1237 4218 per
1272 4148 1404 4205 illud
1437 4150 1706 4219 e/I‘undam
1740 4150 2059 4204 declaravit.

557 4237 717 4293 Vens.
751 4239 805 4292 4.
848 4257 865 4289 ι
914 4239 1050 4294 Cum
1087 4241 1344 4295 deficeret
1389 4241 1616 4310 spiritus
1665 4258 1841 4297 meus.
1876 4262 1893 4294 ι
1937 4242 2063 4298 Haec

483 4341 665 4386 autem
703 4331 992 4399 faciebam,
1030 4349 1154 4387 cum
1191 4336 1458 4390 malorum
1511 4336 1946 4406 magnitudinem
1980 4337 2062 4392 vi-

484 4423 668 4478 derem
700 4443 713 4480 :
747 4442 871 4478 nam
897 4441 1062 4495 pmpe
1095 4426 1270 4496 ipsam
1312 4438 1541 4481 mortem
1577 4429 1911 4483 Itabilabam.
1946 4448 1964 4480 ι
1996 4428 2060 4483 Et

486 4516 502 4535 ⁹
539 4522 595 4568 ιιι
634 4516 934 4584 COgnovisti
982 4518 1208 4572 semitas
1257 4533 1429 4572 meas.
1468 4537 1487 4570 ι
1542 4518 1737 4574 Omnia
1786 4536 1907 4575 mea
1962 4521 2058 4575 tibi

486 4612 615 4659 sunt
646 4606 814 4669 nuda,
851 4614 905 4659 et
938 4606 1084 4659 nulla
1124 4620 1368 4660 mearum
1406 4607 1685 4662 actionum
1724 4618 1876 4663 tuum
1916 4625 2061 4680 pra:-

488 4694 614 4750 terit
641 4695 885 4749 oculum.
926 4696 1014 4751 «In
1037 4697 1122 4752 via
1152 4699 1272 4767 hac,
1292 4712 1396 4769 qua
1421 4698 1787 4763 ambulabam,
1821 4701 2063 4756 abscon-

488 4787 688 4842 derunt
729 4786 983 4855 laqueum
1032 4789 1187 4843 mihi.
1223 4808 1242 4841 ι
1300 4789 1366 4845 Et
1398 4791 1492 4861 qui
1524 4802 1796 4847 venantur
1825 4791 2065 4849 ferarum

488 4877 607 4934 vias
644 4878 995 4949 investigant,
1025 4888 1080 4933 et
1116 4882 1169 4933 in
1203 4881 1312 4937 illis
1344 4882 1477 4937 retia
1508 4890 1775 4938 statuunt.
1807 4884 1922 4939 Hos
1948 4884 2069 4938 imi-

492 4977 639 5026 tatus
676 4969 830 5035 Saul,
866 4978 920 5025 et
966 4970 1033 5025 de
1080 4970 1281 5027 Davide
1319 4973 1596 5030 curiosius
1630 4974 1960 5044 inquirebat,
2010 4984 2064 5030 et

493 5061 585 5114 ubi
619 5061 798 5131 ipsum
832 5060 1032 5131 degere
1056 5061 1412 5133 intelligebat,
1446 5064 1521 5119 ibi
1556 5064 1784 5120 insidias
1818 5067 2060 5135 parabat.

495 5146 615 5206 Hoc
649 5151 817 5206 etiam
848 5151 1101 5207 diabolus
1132 5152 1286 5219 facit,
1317 5162 1373 5210 et
1400 5154 1671 5211 incedenti
1714 5155 1770 5209 in
1798 5156 1885 5213 via
1926 5165 2062 5212 tem-

568 5286 650 5347 ιιι
684 5288 818 5363 Reg.
854 5307 1004 5359 xxxv,
1037 5291 1063 5344 1
1101 5308 1217 5362 seq.

1474 337 1963 399 THEODORETI
1991 334 2333 396 EPISCOI‘I
2355 332 2602 394 CYREN
2616 332 2731 392 SIS

3550 330 3657 397 19κῖ

2067 432 2120 511 λ
2147 451 2281 503 ὀστᾶ
2307 448 2788 517 σκεδασθήσονται.
2823 442 2989 513 Παρὰ
3014 443 3123 497 τὸν
3152 442 3305 512 ᾅδην
3324 442 3426 515 γὰρ
3452 446 3559 510 τοὺς
3581 451 3657 503 τά-

2147 559 2285 611 φους
2315 541 2598 596 ἐκάλεσεν.

2214 640 2285 704 η’.
2311 651 2329 684 ι
2361 633 2484 685 Ὅτι
2510 631 2646 698 πρὸς
2678 628 2758 695 σὲ,
2788 627 2982 700 Κύριε,
3010 626 3206 694 Κύριε,
3228 626 3276 679 οί
3299 626 3539 698 ὀφθαλμοί
3565 647 3659 699 μου,

2148 723 2241 776 ἐπὶ
2275 723 2358 775 σοὶ
2389 722 2616 793 ἤλπισα,
2652 721 2729 791 μὴ
2750 719 3044 791 ἀντανέλῃς
3067 719 3168 789 τὴν
3189 718 3363 790 ψυχήν
3384 737 3491 789 μου.
3516 740 3531 771 ι
3554 722 3661 787 Ἐγὼ

2148 813 2205 867 δέ
2242 814 2420 867 οὐδενὶ
2457 813 2565 866 τῶν
2613 811 2976 883 ἀνθρωπίνων
3028 808 3255 881 θαρρῶ,
3291 809 3420 863 ἀλλὰ
3460 812 3546 881 τὴν
3590 815 3662 882 σὴν

2149 907 2447 977 προσμένω
2484 906 2760 976 βοήθειαν,
2784 904 2877 957 καὶ
2909 900 3215 969 παρακαλῶ
3239 901 3432 972 ταύτης
3451 902 3538 974 τὴν
3557 904 3663 975 ἐμὴν

2152 998 2228 1068 μὴ
2264 997 2622 1067 γυμνωθῆναι
2649 996 2848 1066 ψυχήν.

2222 1089 2287 1142 θ’.
2327 1107 2345 1140 ι
2382 1087 2623 1153 Φύλαξόν
2659 1107 2727 1159 με
2770 1088 2877 1141 ἀπὸ
2908 1086 3138 1157 παγίδος
3163 1126 3177 1151 ,
3223 1081 3290 1159 ἦς
3334 1088 3668 1158 συνεστήσαντό

2154 1198 2264 1251 μοι,
2294 1182 2388 1234 καὶ
2412 1180 2521 1233 ἀπὸ
2552 1180 2867 1234 σκανδάλων
2898 1179 3009 1233 τῶν
3044 1179 3427 1251 ἐργαζομένων
3459 1179 3546 1249 τὴν
3569 1182 3666 1233 ἀνο-

2154 1275 2303 1345 μίαν.
2337 1294 2355 1326 ι
2390 1274 2513 1327 Τῶν
2531 1275 2576 1305 ’⁵
2627 1274 2873 1341 παγίδων
2910 1274 3123 1327 τούτων
3154 1273 3248 1325 καὶ
3277 1271 3381 1325 τῶν
3411 1271 3667 1325 σκανδάλων

2152 1360 2531 1438 ἐμνημόνευσε
2563 1366 2658 1419 καὶ
2680 1369 2738 1420 ἐν
2762 1365 2840 1435 τῷ
2865 1365 2973 1437 πρὸ
3000 1364 3195 1417 τούτου
3223 1360 3433 1432 ψαλμῷ.
3460 1360 3668 1430 ﬂoridae

2151 1460 2207 1513 δὲ
2235 1462 2332 1514 καὶ
2357 1459 2675 1513 σκάνδαλα
2710 1460 2812 1522 τὰς
2840 1456 3139 1519 ἐπιϐουλὰς
3166 1455 3324 1509 καλεῖ
3343 1495 3358 1522 ,
3384 1446 3454 1510 ὧν
3477 1453 3666 1507 ἀπαλλα-

2152 1552 2317 1622 γῆναι
2348 1550 2683 1621 παρακαλεῖ.

2229 1650 2281 1699 ι’.
2316 1663 2334 1695 ι
2366 1643 2669 1697 Πεσοῦνται
2713 1645 2771 1697 ἐν
2815 1640 3227 1713 ἀμφιδλήστρῳ
3254 1636 3412 1692 αὐτοῦ
3440 1638 3486 1690 οί
3529 1637 3668 1706 ἁμαρ·

2156 1737 2337 1791 τωλοί.
2377 1755 2395 1787 ι
2425 1736 2710 1799 Τουτέστι,
2737 1735 2833 1788 τοῦ
2859 1733 3019 1787 θεοῦ.
3046 1733 3110 1787 Ui
3147 1731 3255 1801 γὰρ
3291 1732 3399 1793 τοῖς
3423 1728 3576 1790 ἄλλοις
3598 1729 3670 1790 τὰς

2160 1829 2399 1898 παγίδας
2413 1830 2458 1861 ’⁸
2491 1828 2821 1897 πηγνύντες,
2846 1827 3101 1896 καθάπερ
3134 1824 3242 1878 τινὶ
3269 1820 3476 1892 δικτύῳ,
3499 1823 3555 1891 τῇ
3580 1819 3669 1889 θείᾳ

2160 1920 2634 1991 συλληφθὴσονται
2664 1918 2930 1989 τιμωρίᾳ,
2968 1918 3068 1970 καὶ
3112 1916 3260 1987 ἅπερ
3290 1913 3478 1984 δρῶσιν
3511 1912 3670 1978 ὑπομε-

2159 2010 2373 2073 νοῦσιν,
2437 2012 2531 2064 καὶ
2584 2010 2867 2064 πείσονται
2927 2008 2963 2062 ἃ.
3014 2011 3131 2072 τοῖς
3183 2006 3361 2069 ἄλλοις
3409 2004 3667 2071 ἐπάγουσιν.

2165 2118 2184 2151 ι
2226 2100 2614 2171 Καταμόνας¹⁷
2645 2101 2763 2171 εἰμὶ
2791 2098 2925 2169 ἐγὼ,
2953 2100 3060 2163 ἓως
3083 2093 3145 2153 οὗ
3163 2099 3211 2132 ’⁸
3236 2097 3494 2169 παρέλθω.
3521 2115 3537 2147 ι
3565 2093 3669 2160 Ἐγὼ

2159 2191 2216 2245 δὲ
2246 2191 2452 2244 τούτων
2482 2191 2891 2262 κεχωρισμένος
2926 2190 3245 2255 διατελέσω,
3270 2189 3371 2252 ἓως
3400 2187 3461 2241 ἂν
3487 2185 3669 2254 δέξωμαι

2160 2279 2256 2332 τοῦ
2283 2279 2401 2350 βίου
2429 2281 2491 2333 τὸ
2516 2281 2712 2351 πέρας.

2443 2395 2709 2450 ΕΡΜΗΝ.
2750 2394 2888 2449 ΤΟΥ
2922 2395 3091 2449 ΡΜΔ¹
3130 2391 3438 2448 ΨΔΛΜΟΥ.

2233 2515 2304 2565 α’.
2342 2527 2363 2562 ι
2395 2509 2677 2574 Συνέσεως
2701 2509 2781 2582 τῷ
2811 2509 2998 2577 Δαδὶδ,
3033 2510 3095 2563 ἐν
3122 2508 3199 2578 τῷ
3230 2504 3365 2561 εἶναι
3393 2505 3539 2559 αὐτὸν
3558 2501 3663 2573 ἐντῷ

2166 2599 2418 2671 σπηλαίῳ
2465 2600 2986 2671 προσευχόμενον¹⁹.
3021 2618 3043 2653 ι
3086 2597 3235 2669 Δήλη
3250 2598 3295 2630 ³⁸
3321 2597 3410 2651 τοῦ
3449 2595 3661 2667 ψαλμηῦὴ

2165 2689 2449 2754 ὑπόθεσις.
2490 2692 2830 2762 Διωκόμενος
2880 2688 2992 2762 γάρ
3033 2692 3062 2744 ὀ
3117 2690 3261 2752 θεῖος
3297 2688 3449 2743 Δασὶδ
3487 2687 3576 2740 ὑπὸ
3606 2683 3666 2736 τοῦ

2164 2777 2357 2843 Σαοὺλ,
2376 2779 2714 2849 καταφεύγει
2750 2779 2849 2851 μὲν
2873 2778 2979 2833 ὑπὸ
3007 2778 3071 2831 τὸ
3110 2778 3389 2851 σπήλαιον,
3417 2776 3501 2831 καί
3521 2778 3567 2828 ἐν
3586 2776 3666 2837 toi;

2164 2868 2467 2934 ἐνδοτάτοις
2529 2869 2721 2924 τούτου
2787 2869 3251 2941 κατακρύπτεται
3308 2869 3527 2940 χωρίοις.
3576 2862 3671 2918 Εἶτα

2166 2962 2502 3033 θεασάμενος
2549 2962 2643 3016 τὸν
2689 2963 2865 3017 Σαοὺλ
2913 2964 3031 3016 ἐκεῖ
3080 2961 3439 3034 καταχθέντα,
3482 2958 3563 3029 τὴν
3600 2958 3672 3027 μὲν

2163 3054 2366 3108 δειλίαν
2391 3053 2492 3124 τῆς
2516 3053 2757 3117 διανοίας
2786 3053 3020 3125 ἐξήλασε
3042 3070 3057 3086 ο
3087 3054 3198 3126 ’τὴν
3241 3054 3298 3108 δὲ
3340 3053 3479 3108 Θείαν
3504 3053 3669 3105 imm.»-

2085 3136 2129 3195 C
2166 3147 2287 3217 ρίαν
2317 3145 2569 3211 ἐκάλεσε,
2607 3147 2702 3199 καὶ
2729 3147 2932 3216 ταύτης
2957 3143 3253 3216 τετύχηκε.

2234 3237 2299 3307 β’.
2339 3255 2356 3288 ι
2398 3238 2553 3307 Φωνῇ
2591 3254 2694 3306 μου
2727 3236 2864 3308 πρὸς
2893 3235 3102 3307 Κύριον
3138 3235 3428 3307 ἐκέκραξα,
3451 3233 3576 3302 φωνῇ
3599 3246 3672 3299 μου

2162 3329 2299 3399 πρὸς
2362 3327 2566 3400 Κύριον
2616 3327 2865 3400 ἐδεήθην.
2901 3346 2921 3380 ι
2980 3328 3090 3381 Καὶ
3143 3327 3393 3382 ἐντεῦθεν
3440 3326 3590 3394 δῆλον,
3619 3322 3674 3384 ὡς

2161 3420 2413 3491 κραυγὴν
2452 3421 2552 3490 τὴν
2594 3418 2696 3489 τῆς
2757 3420 2998 3484 διανοίας
3040 3419 3355 3491 προθυμίαν
3399 3419 3546 3471 καλεῖ,
3584 3414 3673 3476 Πῶς

2161 3510 2269 3580 γὰρ
2301 3509 2366 3563 ἂν
2396 3510 2666 3581 ἐκέκραξε
2700 3512 2851 3581 φωνῇ
2888 3510 3251 3581 χρησάμενος
3282 3512 3310 3563 ὁ
3344 3508 3672 3579 κρυπτόμενος.

2162 3602 2256 3655 καὶ
2299 3602 2482 3654 λαϐεῖν
2532 3602 3012 3673 προθυμούμενοςς
3040 3604 3210 3673 Λέγει
3252 3605 3442 3667 τοίνυν,
3468 3602 3538 3655 ὅτι
3561 3597 3675 3654 Μετὰ

2162 3694 2344 3763 πάσης
2373 3694 2686 3765 προθυμίας
2721 3695 2980 3771 ίκέτευσα
3008 3695 3101 3749 τὸν
3132 3696 3285 3750 Θεόν.

2233 3792 2304 3854 γ’.
2339 3807 2355 3836 ι
2395 3786 2607 3857 Ἐγχεῶ
2650 3786 2882 3841 ἐνώπιον
2925 3787 3095 3842 αὑτοῦ
3128 3789 3227 3860 τὴν
3258 3787 3431 3860 δέησίν
3457 3801 3564 3857 μου,
3602 3781 3676 3851 τὴν

2165 3877 2344 3947 θλίψιν
2388 3894 2489 3948 μου
2534 3880 2764 3932 ἐνώπιον
2813 3878 2978 3931 αύτοῦ
3012 3880 3381 3950 ἐπαγγελῶ³¹.
3421 3900 3438 3931 ι
3479 3877 3573 3931 Καὶ
3602 3874 3675 3942 τὴν

2166 3969 2471 4037 συμφορὰν,
2506 3967 2669 4036 φησὶν
2692 4007 2707 4029 ,
2736 3966 2886 4037 αὑτῷ
2936 3969 3220 4041 πεποίηκα
3268 3969 3447 4039 δήλην,
3493 3966 3571 4020 καὶ
3605 3962 3677 4033 vir:

2166 4060 2307 4129 ὑπὲρ
2349 4060 2552 4130 ταύτης
2601 4059 2838 4112 ἱκετείαν
2892 4061 3173 4130 ἐπιμελῶς
3232 4062 3600 4133 προσενήνοχα·
3632 4053 3677 4107 τδ

2166 4151 2300 4205 πολὺ
2335 4150 2392 4204 δέ
2427 4152 2527 4221 τῆς
2567 4150 2810 4220 δεήσεως
2851 4150 2941 4204 διὰ
2971 4152 3068 4205 τοῦ
3101 4154 3292 4223 ἐκχεῶ
3333 4150 3675 4224 παρεδήλωσεν.

2235 4243 2299 4296 δ’.
2335 4259 2353 4293 ι
2389 4243 2480 4295 Ἐν
2518 4241 2595 4312 τῷ
2626 4241 2903 4296 ἐκλείπειν
2933 4244 2992 4310 ἐξ
3024 4245 3159 4314 ἐμοῦ
3205 4245 3266 4299 τὸ
3293 4243 3495 4313 πνεῦμά
3526 4256 3625 4311 μου.
3658 4255 3672 4289 ι

2167 4334 2354 4389 Ταῦτα
2405 4333 2464 4387 δὲ
2503 4333 2676 4404 ἔδρων
2705 4336 2807 4406 τὴν
2853 4335 3165 4408 ὑπερϐολὴν
3197 4335 3459 4407 θεώμενος
3492 4332 3583 4383 τῶν
3605 4343 3677 4382 κα-

2168 4423 2314 4477 κῶν·
2373 4423 2507 4493 παρ’
2557 4425 2720 4477 αὐτὸν
2771 4424 2881 4495 γὰρ
2931 4425 3278 4498 ἐσκηνούμην
3337 4425 3425 4477 τὸν
3477 4422 3675 4475 θάνατον.

2088 4489 2137 4548 D
2169 4533 2188 4567 ι
2234 4515 2345 4569 Καὶ
2373 4516 2436 4568 σὺ
2457 4489 2645 4581 -ἔγνως
2675 4489 3030 4588 τὰςήτρίῦους
3055 4489 3184 4587 pou.
3276 4518 3450 4571 Πάντα
3468 4512 3584 4583 δῆλά
3618 4523 3676 4561 σοι

2158 4606 2225 4659 τὰ
2256 4606 2386 4676 ἐμὰ,
2412 4606 2505 4660 καὶ
2532 4607 2685 4661 οὐδὲν
2713 4608 2819 4662 τῶν
2843 4610 2997 4678 ἐμῶν
3033 4609 3284 4677 πράξεων
3310 4610 3398 4661 τὸν
3428 4607 3506 4661 σὺν
3530 4601 3676 4656 ἔλαθεν

2161 4694 2459 4765 ὀφθαλμόν.
2499 4712 2516 4745 ι
2549 4695 2639 4748 Ἐν
2663 4696 2767 4767 ὁδῷ
2798 4698 2991 4769 ταύτῃ,
3094 4696 3451 4768 ἐπορευόμην,
3485 4686 3674 4760 ἔκρυψαν

2166 4788 2371 4857 παγίδα
2426 4805 2538 4859 μοι.
2574 4807 2592 4839 ι
2637 4788 2746 4841 Καὶ
2775 4788 2825 4840 οί
2863 4787 3191 4860 θηρεύοντες
3229 4787 3337 4839 τῶν
3382 4783 3563 4855 θηρίων
3602 4775 3674 4835 τὰς

2169 4880 2321 4943 ὁδοὺς
2354 4879 2699 4949 ἀνιχνεύουσι
2719 4920 2734 4943 ,
2767 4880 2862 4933 καὶ
2895 4882 2954 4932 ἐν
2980 4879 3215 4943 ἐκείναις
3252 4880 3420 4932 ἱστᾶσι
3462 4875 3518 4927 τὰ
3544 4870 3673 4939 θήρα·

2171 4989 2295 5043 τρα.
2331 4970 2566 5034 Τούτους
2593 4969 2932 5041 μιμούμενος
2957 4971 2986 5023 ὁ
3014 4970 3207 5036 Σαοὺλ,
3238 4964 3673 5041 περιεργαζόμενος

2167 5065 2236 5118 τὰ
2274 5065 2413 5117 κατὰ
2445 5064 2537 5117 τὸν
2565 5062 2729 5115 Δαδὶδ
2756 5062 3023 5129 διετέλει,
3058 5063 3152 5118 καὶ
3182 5062 3309 5116 ἔνθα
3336 5062 3523 5128 διάγειν
3548 5048 3671 5106 αὑτὸν

2169 5155 2468 5227 ἐμάνθανεν
2487 5193 2504 5220 ,
2542 5156 2660 5209 ἐκεῖ
2690 5155 2812 5218 ταῖς
2840 5154 3086 5227 ἐνέδραις
3113 5153 3393 5226 ἐκέχρητο.
3422 5147 3567 5203 Τοῦτο
3593 5140 3664 5194 καὶ

1508 5468 1513 5471 ‘
1589 5450 1839 5507 VARIE'
1869 5452 2255 5510 LECTIONES
2307 5449 2391 5505 ET
2440 5447 2675 5503 NOTAE.

578 5573 628 5607 “
662 5575 805 5633 Ίῐῶν.
856 5581 1023 5636 Abest
1088 5597 1117 5635 a
1169 5583 1290 5639 cod.
1320 5582 1371 5637 l.

1466 5584 1511 5616 “
1535 5585 1657 5656 god.
1712 5586 1736 5639 l
1783 5588 1984 5656 πάγας.

504 5648 767 5697 transeam
818 5666 889 5702 sc.
924 5661 1036 5704 rete
1094 5668 1303 5707 eorum.

1411 5653 1458 5685 “
1486 5650 1588 5709 Οὗ.
1637 5656 1756 5710 cod.
1792 5658 1818 5710 Ι
1860 5650 1957 5714 ἄν.
2020 5664 2065 5695 ’³

503 5710 810 5777 τετύχηκε.
839 5715 964 5773 Hzec
994 5731 1055 5775 ut
1083 5723 1187 5777 alia
1215 5722 1380 5792 hujus
1408 5724 1600 5794 psalmi
1629 5726 1768 5796 apud
1784 5710 1947 5785 Cord.
1969 5731 2006 5785 Ι.
2026 5748 2075 5788 c.

2088 5594 2131 5625 ⁸⁷
2185 5590 2533 5659 Καταμόνας
2582 5618 2657 5659 _——
2696 5587 2998 5659 παρέλθω.
3058 5586 3218 5642 Hebr.
3270 5583 3436 5659 Penei
3472 5584 3666 5659 ςροληθσ

2100 5645 2395 5731 Προσευᾷ.
2422 5645 2562 5731 nec.)
2582 5657 2744 5731 lectio
2774 5645 2827 5710 Ιῖ.
2852 5658 2888 5710 l.
2924 5669 3008 5713 est
3021 5655 3329 5731 προσευχὴ.
3397 5651 3436 5680 ”
3463 5645 3658 5731 Δςίξηκ

2108 5716 2164 5803 ρῖ
2191 5733 2311 5787 740.
2340 5716 2564 5799 Όνίεειιί
2598 5728 2937 5783 tribuuntur.
3016 5728 3059 5759 ³¹
3083 5716 3209 5784 ἐού.
3241 5716 3271 5778 ἶ
3294 5716 3579 5788 ’ἀπαγγελῶ-
