3974 6206
351 285 494 350 1953
1689 282 1774 344 ΙΝ
1798 282 1920 344 PSA

2049 284 2277 348 CXLII.
3478 296 3618 362 195's

359 397 388 450 ὁ
413 393 664 460 διάϐολος
691 396 796 470 δρᾷ
817 412 832 430 ·
869 397 964 453 καὶ
993 397 1073 470 τῷ
1104 397 1204 470 μὲν
1243 395 1486 452 ὁδεύοντι
1531 395 1636 470 τὴν
1677 397 1778 470 τῆς
1822 415 1928 454 σω-

2043 403 2340 473 perantiae,
2391 403 2628 461 luxuriat
2667 405 2926 477 laqueum
2989 413 3181 478 parat;
3243 408 3295 462 ei
3345 423 3476 466 vero
3521 419 3612 482 qui

355 487 630 560 φροσύνης
674 489 816 555 ὁδὸν,
857 490 1043 562 τίθησι
1077 491 1178 562 τῆς
1225 489 1540 562 φιληδονίας
1569 490 1668 563 τὴν
1713 490 1924 562 πάγην·

2038 495 2404 569 eleemosynis
2437 497 2658 569 gaudet,
2712 499 2896 556 inanis
2936 500 3122 570 gloria.-
3168 510 3285 555 rete
3332 503 3484 572 ponit
3514 517 3528 566 ;
3561 503 3607 554 ei

355 580 433 650 τῷ
487 579 544 634 δὲ
597 580 941 656 ἐλεημοσύνη
996 584 1282 656 χαίροντι,
1342 583 1442 654 τῆς
1501 582 1813 652 κενοδοξίας
1874 582 1924 637 τὲ

2040 595 2218 642 autem
2253 589 2347 659 qui
2397 603 2532 660 opes
2572 604 2672 660 pro
2720 590 2892 644 nihilo
2931 591 3104 655 ducit,
3152 591 3396 646 avaritia:
3449 608 3609 648 ocea-

353 671 596 726 δίκτυον·
657 673 737 744 τῷ
787 674 1244 748 ἀφιλοχρημάτῳ,
1302 675 1403 748 τῆς
1459 675 1780 741 πλεονεξίας
1833 675 1922 739 τὰς

2043 679 2227 736 siones
2261 681 2420 736 aﬂ‘ert
2454 700 2469 738 :
2502 690 2558 736 et
2599 682 2903 754 virginitati
2949 683 3286 752 superbiam,
3321 691 3376 738 et
3407 691 3466 738 ut
3500 698 3612 739 uno

355 765 614 836 ἀφορμάς
635 783 650 797 ·
693 769 759 838 τῇ
806 767 1076 840 παρθενίᾳ
1105 767 1204 838 τὴν
1233 767 1582 836 ἀλαζονείαν,
1628 768 1726 823 καὶ
1755 767 1924 834 ἀπαξε

2046 771 2208 828 verbo
2232 773 2433 837 dicam,
2467 773 2696 828 cuilibet
2726 773 2943 843 vivendi
2973 775 3137 830 modo
3167 775 3421 844 laqueum
3452 790 3615 829 vena-

356 855 546 920 απλῶς
582 857 802 930 ἑκάστῳ
835 859 936 932 βίῳ
959 860 1052 915 τὸν
1078 861 1382 933 εὐθήρατον
1414 861 1593 933 λόχον.

1334 879 1382 916 ›ν
1414 861 1593 933 λόχον.
2039 865 2172 918 tioui
2211 864 2684 920 accommodatum
2718 865 2903 921 nectit.

423 945 488 1002 ε’.
541 967 558 999 ι
594 949 961 1005 Κατενόουν³²
999 953 1080 1016 είς
1120 952 1190 1007 τὰ
1233 953 1422 1019 δεξιὰ,
1468 953 1562 1006 καὶ
1611 951 1935 1017 ἐπέϐλεπον,

2109 955 2276 1012 Vens.
2306 957 2359 1012 5.
2395 978 2414 1006 ι
2455 957 2880 1012 Cousideraham
2913 957 2978 1012 ad
3011 956 3292 1012 dexteram
3313 998 3327 1018 .
3379 965 3434 1012 et
3465 955 3614 1010 vide—
3672 988 3676 994 -

355 1039 452 1092 καὶ
469 1039 514 1070 ⁸³
543 1041 646 1093 οὐκ
699 1037 768 1111 ἦν
797 1044 826 1096 6
858 1041 1240 1113 ἐπιγινώσκων
1273 1063 1364 1116 με.
1395 1063 1415 1098 ι
1468 1045 1672 1099 Οὐδένα
1695 1085 1710 1110 ,
1747 1046 1924 1116 φησὶν.

2054 1063 2186 1112 tam,
2219 1057 2272 1102 et
2305 1063 2416 1102 non
2461 1057 2601 1114 erat,
2649 1049 2744 1118 qui
2781 1060 3139 1118 cognosceret
3173 1064 3282 1102 me.
3321 1067 3339 1100 ι
3371 1047 3623 1114 Nullum,

356 1131 662 1202 οὐδαμόθεν
699 1133 889 1205 ἐώρων
937 1137 1252 1209 ἐπίκουρον.
1287 1138 1464 1202 Δεξιὰ
1488 1136 1596 1208 γὰρ
1624 1135 1684 1189 τὸ
1705 1138 1925 1208 πρᾶγμα

2052 1140 2253 1210 inquit,
2313 1140 2566 1195 alicunde
2629 1139 2934 1210 adjutorem
2998 1140 3272 1194 videbam.
3331 1139 3621 1196 Dexteram

358 1219 466 1272 τῶν
509 1221 882 1296 εὐνουστέρων
929 1226 1212 1281 ἐκάλεσεν.
1272 1245 1292 1278 ι
1325 1225 1601 1280 Ἀπώλετο
1651 1225 1800 1298 φυγὴ
1843 1227 1927 1280 ἁπ¹

2050 1231 2184 1286 enim
2219 1231 2612 1286 benevolorum
2650 1230 2919 1284 auxilium
2948 1231 3181 1284 vocavit.
3223 1248 3241 1280 ι
3270 1229 3446 1284 Periit
3491 1227 3619 1298 fuga

359 1313 516 1380 ἐμοῦ,
555 1315 650 1368 καὶ
683 1315 786 1369 οὐκ
817 1316 968 1372 ἔστιν
1016 1320 1045 1371 ὁ
1085 1317 1336 1390 ἐκζητῶν
1376 1318 1474 1390 τὴν
1521 1318 1698 1389 ψυχήν
1749 1335 1873 1389 μου.
1913 1337 1928 1370 ι

2046 1340 2069 1378 a
2105 1339 2225 1388 me,
2267 1331 2320 1378 et
2371 1339 2478 1377 non
2526 1330 2611 1378 est
2653 1324 2747 1392 qui
2786 1323 3027 1392 requirat
3065 1323 3303 1376 animam
3351 1335 3550 1376 meam.
3597 1340 3615 1374 ι

371 1401 668 1470 Ἀφύκτοις
702 1405 894 1477 ἕρκεσι
921 1407 1250 1478 περιέπεσα,
1269 1409 1360 1462 καὶ
1387 1409 1552 1480 πόρον
1576 1409 1673 1480 οὐχ
1700 1407 1940 1481 εὑρίσκω

2047 1417 2099 1469 111
2141 1425 2292 1485 septa
2330 1415 2704 1469 ineluctabilia
2750 1414 2943 1478 incidi,
2992 1422 3047 1468 et
3097 1415 3199 1469 iter
3252 1427 3363 1468 non
3397 1408 3616 1466 invenio

359 1498 560 1565 φυγῆς,
597 1497 722 1550 οὐδὲ
754 1499 846 1551 τὸν
881 1501 1319 1572 ὲπαμυνόμενον.

2039 1508 2200 1580 fugae,
2233 1523 2336 1563 nec
2367 1508 2458 1578 qui
2491 1507 2756 1562 auxilium
2791 1507 2923 1560 mihi
2956 1506 3165 1562 afferat.

431 1589 506 1652 ς’.
533 1609 551 1640 ι
575 1591 888 1662 Ἐκέκραξα
919 1592 1055 1666 πρὸς
1073 1593 1155 1657 σὲ,
1184 1593 1378 1666 Κύριε,
1406 1589 1537 1648 εἶπα
1557 1609 1570 1624 ⁸
1598 1593 1671 1647 Σὺ
1707 1588 1756 1646 εί
1785 1593 1818 1663 ἡ
1849 1592 1940 1646 ἐλ-

2113 1601 2281 1656 νεηε.
2315 1602 2366 1655 6.
2415 1619 2432 1651 ι
2471 1599 2714 1654 Clamavi
2747 1600 2813 1654 ad
2861 1609 2935 1665 te,
2969 1597 3234 1662 Domine,
3269 1595 3381 1652 dixi
3411 1613 3424 1650 :
3458 1594 3539 1650 Tu
3559 1609 3620 1650 es

359 1681 454 1742 πίς
486 1699 608 1750 μου.
651 1701 670 1733 ι
705 1683 772 1737 Σὲ
803 1683 984 1738 τοίνυν
1019 1685 1248 1739 ἱκετεύω
1273 1724 1288 1750 ,
1323 1681 1383 1740 οὗ
1411 1686 1508 1750 τὰς
1542 1686 1682 1757 ἐμὰς
1717 1681 1926 1747 ἐλπίδας

357 1769 450 1820 ὲΞή
463 1787 658 1820 amca.

2046 1707 2168 1762 spes
2202 1706 2343 1747 mea.
2377 1709 2396 1742 ι
2435 1689 2512 1744 Te
2564 1691 2732 1762 igitur
2759 1705 2976 1762 precor,
3014 1689 3070 1744 in
3101 1705 3210 1760 quo
3249 1701 3429 1742 meam
3464 1700 3615 1757 spem

2046 1781 2198 1820 nnuui

389 1781 658 1840 ςηρτησαο

652 1810 658 1824 ,
1973 1781 2014 1816 ⁸³
2043 1781 2221 1854 posui.

433 1879 452 1910 ι
489 1861 664 1932 Napi;
692 1879 798 1932 μου
827 1857 878 1916 εἷ
917 1866 977 1916 ἐν
1007 1865 1078 1934 γῇ
1108 1863 1347 1928 ζώντων.
1377 1863 1498 1936 [ξπ]
1525 1865 1770 1935 Πρόσχες
1803 1865 1940 1935 πρὸς
1989 1867 2002 1885 ⁸

2121 1893 2140 1926 ι
2176 1875 2364 1928 Ροι-ιίο
2417 1889 2536 1928 mea
2581 1887 2640 1928 es
2686 1873 2740 1928 in
2785 1884 2930 1928 terra
2961 1872 3284 1928 viventium.
3318 1869 3510 1942 Ufens.
3543 1865 3621 1939 7.]

353 1954 454 2024 τὴν
477 1953 666 2023 δέησίν
704 1971 831 2024 μου,
855 1956 938 2009 ὅτι
970 1955 1345 2026 ἐταπεινώθην
1371 1957 1578 2027 σφόδρα
1592 1957 1657 2011 ⁸⁸⁸.
1684 1975 1706 2010 ι
1737 1957 1922 2012 Πολλά.

2057 1965 2273 2025 Attende
2299 1965 2366 2019 ad
2396 1966 2838 2034 deprecationem
2864 1980 3066 2024 meam,
3096 1964 3225 2032 quia
3261 1962 3415 2016 valde
3445 1959 3626 2014 humi-

357 2065 444 2110 κις
469 2047 498 2098 6
521 2045 668 2110 θεῖος
697 2048 862 2102 Δαϐὶδ
881 2047 1097 2118 μερίδα
1139 2049 1370 2104 οἰκείαν
1397 2047 1626 2102 ἐκάλεσε
1653 2049 1746 2102 τὸν
1775 2048 1926 2102 Θεόν·

2056 2055 2208 2110 datus
2243 2070 2388 2110 sum.
2427 2073 2446 2106 ι
2500 2054 2714 2124 Sepias
2766 2055 2984 2108 divinus
3023 2053 3185 2106 David
3227 2063 3430 2117 partem
3473 2066 3625 2104 suam

358 2137 453 2188 καὶ
469 2135 563 2188 νῦν
589 2135 644 2188 δὲ
669 2136 933 2199 ὡσαύτως
965 2136 1126 2190 τοῦτο
1154 2137 1483 2207 πεποίηκεν.
1512 2136 1788 2208 Οὐδεμίαν
1807 2136 1927 2208 γόιρ1

2055 2147 2259 2201 vocavit
2281 2145 2450 2200 Deum
2477 2153 2568 2200 :et
2592 2145 2694 2199 hoc
2721 2145 2842 2198 loco
2873 2144 3014 2196 idem
3041 2142 3192 2197 fecit.
3220 2141 3436 2213 155.8
3455 2139 3624 2208 Opem

361 2225 549 2296 φησὶν,
569 2225 736 2296 ἄλλην
763 2226 872 2296 ἔχω
899 2225 1177 2297 βοήθειαν,
1195 2227 1331 2281 ἀλλά
1359 2229 1418 2280 σὲ
1445 2229 1604 2298 μόνον
1629 2228 1930 2298 ἐπίκουρον1

2060 2241 2277 2304 nullam,
2313 2239 2513 2306 inquit,
2548 2238 2710 2292 aliam
2745 2236 2947 2300 habeo,
2982 2235 3078 2290 sed
3112 2244 3164 2289 te
3197 2234 3376 2290 solum
3410 2232 3629 2302 ailjuto-v

362 2321 456 2374 καὶ
495 2318 585 2372 διὰ
616 2318 708 2372 σοῦ
739 2319 924 2389 τυχεῖν
945 2317 1216 2373 ἀντιϐολῶ
1245 2318 1344 2388 τῆς
1375 2317 1542 2387 ζωῆς.
1574 2317 1931 2372 Ταπείνωσιν

2058 2343 2183 2390 rem,
2216 2337 2272 2382 et
2305 2343 2399 2397 per
2435 2337 2486 2381 te
2521 2335 2580 2380 ut
2616 2327 2781 2380 vitam
2813 2339 3125 2394 consequar
3145 2339 3360 2394 precor.
3390 2321 3627 2398 Humili-

361 2411 418 2464 δὲ
467 2411 562 2474 τάς
596 2410 886 2482 συμφορὰς
935 2409 1171 2466 ἐνταῦθα
1205 2412 1382 2464 καλεῖ.
1423 2409 1595 2462 Τοῦτο
1641 2409 1748 2479 γὰρ
1793 2409 1930 2462 scatit

2060 2427 2214 2472 tatem
2273 2417 2616 2472 calamitates
2674 2416 2780 2469 hoc
2828 2417 2949 2470 loco
3001 2422 3180 2468 vocat.
3231 2413 3345 2467 Hoc
3389 2413 3534 2468 enim
3573 2421 3629 2466 et

362 2501 660 2572 Σύμμαχος
696 2501 1109 2572 παρεδήλωσεν,
1145 2501 1470 2570 Ἀκρόασαι
1510 2499 1621 2564 τὰς
1648 2497 1870 2564 λαλιὰς
1899 2499 1931 2532 ³¹

2057 2509 2416 2582 Symmachus
2467 2507 2766 2562 declaravit
2811 2525 2824 2560 :
2872 2505 3133 2559 Ausculta
3177 2503 3410 2574 loquelas
3461 2519 3626 2567 meas,

357 2607 507 2658 μου,
559 2590 648 2643 ὅτι
697 2591 978 2660 ἠτόνησα
1021 2591 1281 2660 σφόδρα.
1337 2608 1359 2642 ι
1403 2590 1594 2643 Ῥῦσαί
1627 2607 1696 2660 με
1737 2591 1801 2644 ἐκ
1839 2592 1926 2644 τῶ1

2060 2601 2298 2673 yuonium
2325 2600 2476 2655 ualde
2505 2597 2780 2669 oblangut'.
2824 2617 2842 2649 ι
2879 2597 3073 2652 Libera
3109 2611 3194 2650 me
3229 2611 3260 2648 a
3293 2609 3629 2665 persequen-

364 2683 815 2738 καταδιωκόντων
857 2701 945 2756 με,
971 2685 1055 2738 ὅτι
1087 2682 1544 2756 ἐκραταιώθησαν
1578 2684 1720 2754 ὑπὲρ
1751 2684 1873 2754 ἐμέ.
1922 2704 1933 2738 l

2062 2693 2198 2748 tibus
2229 2707 2352 2756 me,
2387 2690 2517 2760 quia
2563 2689 2875 2744 conﬁrmati
2908 2696 3041 2744 sunt
3088 2702 3254 2755 super
3285 2700 3390 2738 me.
3429 2705 3446 2735 ι
3498 2685 3631 2739 For-

379 2772 738 2844 Ἰσχυρότεροί
777 2793 867 2845 μοι
885 2775 930 2806 ⁸⁸
977 2776 1305 2846 γεγένηνται
1345 2777 1394 2828 oi.
1440 2775 1726 2846 πολέμιοι·
1773 2775 1862 2828 διὰ
1891 2776 1947 2830 δὲ

2058 2786 2216 2840 tiores
2274 2799 2362 2838 me
2415 2783 2546 2838 facti
2604 2791 2734 2838 sunt
2797 2780 2982 2836 hostes
3026 2797 3040 2834 :
3079 2794 3177 2850 per
3232 2786 3387 2832 tuum
3446 2786 3627 2832 autem

364 2867 464 2937 τῆς
499 2865 600 2936 σῆς
633 2867 807 2939 ῥοπῆς
835 2869 936 2932 τὰς
966 2869 1174 2923 τούτων
1203 2868 1560 2941 διαφεύξομαι
1585 2874 1796 2944 χεῖρας.

1634 2874 1796 2944 εἴρας.
2049 2875 2314 2932 auxilium
2363 2874 2596 2930 istorum
2647 2887 2848 2927 manus
2897 2871 3203 2926 decliuabo.

435 2955 508 3028 η’.
547 2977 566 3010 α
599 2958 872 3028 Ἐξάγαγε
914 2964 982 3016 ἐκ
1012 2961 1264 3032 φυλακῆς
1315 2963 1412 3032 τὴν
1455 2963 1636 3034 ψυχήν
1681 2982 1804 3035 μου,
1851 2961 1945 3017 τοῦ

2123 2969 2288 3022 Vsus.
2325 2967 2379 3022 8.
2421 2985 2440 3018 ι
2483 2965 2636 3020 Educ
2681 2964 2750 3020 de
2779 2963 3028 3036 custodia
3057 2963 3296 3018 animam
3341 2975 3518 3015 meam
3563 2958 3630 3013 ad

367 3047 934 3121 ἑξομολογήσασθαιθτ
979 3052 1058 3123 τῷ
1084 3052 1309 3124 ὀνόματί
1340 3069 1434 3107 σου
1449 3054 1514 3108 ³³.
1551 3075 1570 3106 ι
1611 3055 1669 3108 Ὁ
1699 3055 1755 3108 δὲ
1778 3053 1936 3107 Ἀκύ-

2066 3056 2420 3114 :outitendum
2436 3055 2652 3110 nomini
2673 3062 2790 3112 tuo.
2815 3073 2834 3107 ι
2861 3053 3056 3124 Aquila
3081 3053 3162 3108 sic
3185 3051 3366 3106 :Educ
3391 3049 3455 3104 de
3479 3048 3635 3102 clau-

368 3104 478 3202 λαξ
505 3104 700 3204 οὐτωξ,
741 3104 1040 3212 Ἐξάγαγέ
1063 3104 1135 3208 ἐξ
1153 3104 1576 3212 ήιέποκλεισμοιῖ
1599 3104 1937 3212 tiri"

2062 3104 2652 3114 --..-.----,----
2679 3104 2790 3112 __--
2817 3104 2826 3107 _
2861 3104 3056 3124 --νην
3082 3104 3156 3108 η,
3187 3104 3198 3106 _

2062 3165 2177 3203 tura
2226 3147 2461 3200 animum
2517 3162 2711 3200 meam.
2765 3143 2900 3199 Nam
2957 3153 3214 3213 tanquam
3277 3143 3330 3196 in
3386 3139 3631 3195 custodia

363 3246 506 3298 μου.
545 3230 636 3294 Ὠς
667 3233 726 3285 ἐν
753 3232 944 3304 εἱρκτῇ
989 3233 1097 3305 γάρ
1139 3249 1246 3287 τινι
1279 3235 1372 3288 καὶ
1415 3234 1775 3306 δεσμωτηρίῳ
1814 3251 1932 3288 κατ-

2065 3240 2286 3311 juadam
2317 3249 2372 3293 et
2401 3253 2630 3293 carcere
2662 3237 3037 3298 detinebatur,
3073 3235 3327 3291 hostibus
3357 3233 3634 3302 spelunca:

370 3321 571 3392 είχετο,
594 3321 706 3376 τῶν
742 3324 1018 3396 πολεμίων
1057 3327 1123 3397 τῇ
1155 3325 1296 3398 θύρᾳ
1337 3324 1432 3379 τοῦ
1474 3326 1742 3397 σπηλαίου
1781 3343 1939 3397 προσ·

2066 3333 2194 3388 ›ειίο
2225 3328 2621 3386 assidentibus.
2664 3328 2962 3383 Pollicetur
3006 3336 3211 3392 autem,
3265 3328 3498 3381 salutem
3535 3339 3635 3379 na-

370 3411 722 3485 καθημένων.
767 3414 1144 3486 ’Υπισχνεῖται
1187 3415 1246 3470 δὲ
1294 3415 1396 3486 τῆς
1444 3416 1722 3487 σωτηρίας
1772 3415 1939 3486 τυχὼν

2062 3432 2198 3479 ctum
2251 3422 2472 3492 hymnis
2505 3420 2766 3476 beneﬁcia
2809 3437 2868 3476 se
2905 3427 3382 3474 remuneraturum
3429 3420 3444 3440 '
3489 3431 3631 3472 esse.

372 3501 562 3572 ὕμνοις
597 3503 698 3570 τὰς
746 3507 1070 3579 εὐεργεσίας
1117 3505 1470 3578 ἀμείϐεσθαι.
1517 3525 1538 3559 ι
1575 3507 1710 3578 Ἐμὲ
1733 3507 1778 3540 ³⁹
1815 3508 1941 3560 ύπο-

2060 3532 2076 3566 ι
2115 3513 2200 3570 Me
2226 3513 2624 3584 exspectabant
2671 3511 2810 3582 justi
2865 3511 3043 3566 donec
3095 3510 3370 3565 retribuas
3417 3507 3574 3561 mihi.
3609 3525 3629 3558 ι

377 3593 601 3663 μενοῦσι
645 3594 866 3659 δίκαιοι,
931 3595 1038 3662 ἓως
1089 3591 1150 3652 οὗ
1201 3596 1521 3667 ἀνταποδῷς
1577 3613 1690 3667 μοι.
1717 3615 1737 3649 ι
1786 3597 1845 3652 '0
1891 3597 1946 3652 δὲ

2065 3603 2422 3678 Symmachus
2474 3603 2599 3659 sic:
2634 3601 2842 3656 Nomen
2890 3611 3040 3654 tuum
3081 3599 3414 3654 coronabunt
3461 3597 3634 3668 justi,

371 3685 670 3758 Σύμμαχος
711 3687 920 3756 οὕτως,
972 3687 1044 3744 Τὸ
1087 3686 1280 3758 ὄνομά
1309 3703 1426 3743 σου
1459 3689 1940 3758 στεφανώσων-ται

2070 3713 2171 3752 rum
2202 3696 2456 3766 beneﬁcio
2499 3710 2579 3748 me
2617 3693 2899 3762 aﬂ‘eceris;
2931 3693 3061 3762 quia
3101 3691 3426 3746 beneﬁcium
3461 3689 3514 3742 in
3553 3702 3639 3741 me

369 3774 623 3842 δίκαιοι,
669 3776 820 3831 ὅταν
851 3777 1260 3846 εὐεργετήσῃς
1291 3793 1400 3846 με·
1447 3775 1546 3847 τὴν
1589 3777 1698 3848 γὰρ
1741 3779 1821 3840 είς
1852 3779 1938 3848 ἐμὲ

2068 3790 2313 3845 :ollatum
2353 3787 2546 3842 salutis
2571 3800 2690 3841 sua:
2721 3785 2921 3857 pignus
2953 3784 3243 3854 arripient,
3274 3790 3330 3838 et
3358 3792 3410 3836 te
3425 3780 3637 3858 justum

371 3871 748 3938 γεγενημένην
797 3869 1118 3941 εὐεργεσίαν
1168 3871 1426 3941 ἐνέχυρον
1475 3871 1576 3940 τῆς
1625 3871 1705 3934 εἰς
1752 3871 1940 3935 αὐτοὺς

1081 3886 1118 3922 ιν
1168 3871 1426 3941 ἐνέχυρον
1475 3871 1576 3940 τῆς
1625 3871 1705 3934 εἰς
1752 3871 1953 3935 αὐτοὺς
2050 3881 2288 3952 judicem
2329 3879 2650 3934 laudabunt.

372 3956 635 4028 λήψονται
691 3959 1000 4030 σωτηρίας,
1057 3959 1152 4012 καί
1210 3976 1270 4012 σε
1344 3959 1433 4013 τὸν
1491 3959 1699 4014 δίκαιον
1760 3959 1954 4032 κριτὴν
2629 3985 2632 3989 ·

375 4050 472 4102 ἀνυ
481 4050 794 4120 μνήσουσιν.

666 4159 934 4214 ΕΡΜΗΝ.
976 4159 1116 4213 ΤΟΥ
1154 4159 1309 4215 ΡΜΒ¹
1351 4162 1684 4216 ΨΑΛΜΟΥ.

1668 4199 1684 4216 ο
2431 4163 2704 4218 INTERP.
2743 4161 2993 4218 PSALMI
3027 4160 3233 4216 CXLII.

447 4280 516 4326 α’.
565 4293 584 4326 ι
617 4271 708 4344 Τῷ
738 4272 904 4326 Δαϐ¹ιδ
937 4273 1184 4344 ψαλμδς,
1231 4275 1394 4329 ὁπότε
1411 4276 1458 4308 ⁸ο
1497 4275 1824 4330 κατεδίωκεν
1859 4275 1952 4330 αὐ·

2133 4280 2298 4337 Vsns.
2341 4282 2390 4334 l.
2437 4297 2456 4330 ι
2498 4277 2752 4334 Psalmus
2791 4273 3002 4338 Davidi,
3033 4271 3256 4344 quando
3300 4270 3480 4339 ipsum
3515 4282 3639 4337 per-

375 4364 466 4418 τὺν
503 4363 826 4436 Ἀϐεσαλὼμ
871 4366 900 4419 6
943 4365 1058 4428 υἱὸς
1106 4364 1294 4420 αὐτοῦ.
1332 4385 1351 4418 ι
1405 4369 1554 4421 Ἐνδι
1599 4368 1764 4431 ἐνίοις
1809 4371 1944 4424 ἀντι·

2073 4385 2284 4430 secutus
2336 4379 2420 4426 est
2467 4369 2703 4424 Ahsalon
2753 4365 2899 4422 ﬁlius
2951 4364 3071 4435 ejus
3093 4373 3142 4416 τ.
3186 4381 3206 4414 ι
3255 4361 3311 4415 In
3363 4357 3642 4412 nonnullis

376 4457 612 4528 γράφοις
639 4451 820 4530 εὖρον,
872 4477 892 4511 ι
923 4460 1052 4512 Ὅτε
1097 4459 1264 4514 αὐτὸν
1311 4461 1538 4515 ἐδίωκεν
1575 4461 1894 4532 Ἀϐεσαλὼμ
1929 4463 1945 4514 ἐ

2074 4462 2481 4533 exemplaribus
2524 4459 2704 4515 inveni
2742 4476 2802 4512 ει
2840 4456 3068 4524 Quando
3113 4454 3288 4524 ipsum
3323 4456 3643 4521 persecutus

379 4553 493 4615 υίὸς
519 4551 706 4606 αὐτοῦ.
743 4572 762 4605 ι
795 4551 933 4606 Οὐτε
965 4552 1022 4607 δέ
1057 4553 1210 4623 παρά
1239 4553 1318 4625 τῷ
1357 4555 1623 4626 Ἑϐραίῳ,
1653 4555 1776 4610 οὐτε
1811 4556 1948 4627 παρὰ

2075 4564 2158 4611 est
2197 4553 2436 4607 Absalon
2468 4551 2612 4604 lilius
2643 4548 2796 4616 ejus.
2823 4567 2841 4598 ι
2874 4546 3059 4615 Neque
3096 4553 3276 4598 autem
3317 4542 3371 4594 in
3419 4539 3644 4592 Hebraeo

377 4647 490 4706 τοῖς
537 4644 721 4708 ἄλλοις
767 4645 1135 4715 ἐρμηνευταῖς
1168 4645 1374 4716 ταύτην
1423 4645 1634 4718 εὕρηκα
1663 4648 1762 4720 τὴν
1793 4665 1946 4718 προσ

2074 4644 2395 4716 exeniplari,
2449 4658 2548 4698 nec
2581 4641 2720 4711 apud
2751 4640 2888 4694 alios
2917 4640 3246 4706 interpretes
3275 4636 3416 4688 hanc
3460 4631 3643 4685 inveni

379 4738 576 4808 θήκην.
611 4739 839 4809 ’Έχεται
883 4739 941 4792 δὲ
991 4739 1141 4810 ὅμως
1174 4739 1274 4810 τῆς
1306 4739 1589 4810 ἀληθείας.
1629 4739 1808 4811 Αὐτὴν
1852 4739 1948 4812 γὰρ

2073 4737 2441 4800 additionem;
2509 4744 2694 4786 tamen
2755 4731 2968 4786 veritati
3029 4729 3276 4782 inlueret.
3333 4723 3447 4779 Hoc
3498 4721 3642 4776 enim

378 4833 493 4902 ἔχει
521 4831 620 4904 τὴν
649 4831 910 4886 ὑπόθεσιν
935 4831 964 4884 6
991 4831 1226 4902 ψαλμός.
1257 4849 1277 4882 t
1308 4831 1834 4902 Κύριε,είσάκουσον
1863 4831 1947 4902 τῆς

2075 4827 2260 4900 psalmi
2313 4837 2395 4880 est
2432 4823 2646 4896 1549
2678 4831 3060 4892 argumentum
3097 4837 3111 4873 :
3150 4818 3396 4882 Domine,
3445 4814 3644 4869 exaudi

380 4923 690 4994 προσευχῆς
727 4940 852 4994 μου,
887 4921 1142 4976 ἐνώτισαι
1183 4924 1283 4996 τὴν
1315 4923 1500 4994 δέησίν
1527 4940 1626 4994 μου
1657 4925 1716 4978 ἐν
1740 4926 1806 4994 τῇ
1832 4922 1949 4994 diuq-

2074 4921 2380 4978 orationem
2423 4934 2624 4982 meam,
2671 4916 2898 4970 auribus
2945 4912 3162 4984 percipe
3209 4909 3643 4980 deprecationem

454 5109 484 5142 ν
523 5103 562 5155 ιι
603 5103 736 5174 Reg.
775 5120 910 5169 xvu,
948 5104 973 5157 l
1019 5119 1174 5174 seqq.

1485 5271 1724 5330 VARIAS
1757 5266 2148 5327 LECTIONES
2179 5265 2268 5322 ET
2309 5265 2542 5324 NOTAE.

431 5423 479 5456 ³³
517 5423 856 5474 Κατενόουν
885 5451 953 5464 -
985 5419 1344 5474 ἐπέϐλεπον.
1385 5413 1551 5468 Ilebr.
1619 5410 1832 5481 Respice
1862 5441 1930 5452 —
1961 5423 2000 5466 et

2078 5408 2202 5465 vide.
2235 5477 2272 5481 μ
2304 5407 2349 5440 ³³
2371 5407 2670 5481 ῌαίηῐὶρο.
2707 5409 2868 5481 lectio
2896 5409 2954 5481 li.
2989 5409 3026 5462 I.
3059 5419 3142 5465 est
3163 5409 3264 5481 δτι.
3345 5403 3647 5481 ³⁸Σφιξδρα.

382 5473 828 5560 ροίιΪιῂτειέιη.
869 5473 1094 5555 stag."
1123 5489 1245 5560 cod.
1285 5487 1439 5555 ιτῆς
1469 5483 1677 5560 iane;
1719 5473 1800 5560 ’,τε
1832 5481 1910 5560 In.

2135 5481 2196 5560 _"
2235 5477 2314 5560 Ib.
2353 5477 2850 5560 ἐξομολογεῖσθαι..
2917 5479 2960 5510 ³⁸
2989 5481 3128 5560 Eoo.
3163 5479 3216 5532 In
3250 5486 3410 5560 tequ
3438 5473 3647 5560 'cotuo'

466 5547 634 5622 mill":
697 5561 886 5632 Κύριεο
942 5547 1041 5632 ..ηε
1072 5559 1210 5632 Ἐμὲ
1237 5591 1304 5632 ’έ
1349 5547 1472 5632 μείς
1529 5554 1702 5632 Hebr:
1728 5551 1812 5606 Me
1843 5552 1952 5632 -δὶῃέ

2223 5549 2889 5632 οἱνοιιιιιᾴεὺυηιιηέα-ειὶ,
2922 5549 3144 5632 quando
3184 5549 3434 5632 reti-iuuet
3500 5547 3650 5632 mihi.

385 5630 432 5664 ⁸⁸
467 5617 669 5688 Ὁπότε
694 5663 762 5672 -
782 5617 988 5686 αὑτοῦ.
1013 5617 1149 5685 Βιιοί
1181 5617 1428 5684 ΙθεῑίοἹι.
1457 5627 1491 5680 Ι.
1537 5635 1650 5692 est,
1677 5625 1765 5679 ὅτε
1798 5617 1954 5676 αὐτὸν

2080 5621 2186 5686 υίὸς
2240 5618 2582 5674 κατεδιώκει.
2653 5617 2830 5674 δίίἘν
2855 5649 2922 5659 —-
2947 5621 2980 5672 ὁ
3017 5619 3278 5688 ψαλμός.
3318 5617 3463 5676 idem
3488 5617 3649 5674 scho-

381 5702 493 5758 liuu
523 5713 698 5761 exstat
733 5703 787 5755 in
849 5702 978 5756 edit.
1037 5699 1194 5756 Rom.
1221 5701 1284 5754 ad
1313 5705 1367 5754 h.
1405 5697 1440 5752 ί.
