3974 6206
524 284 659 348 1955
1506 280 2003 338 ἰἰιιιυυυιιιςιι
2042 280 2386 336 ιιιιιδιιυιθι
2414 278 2792 337 ονιιιιινδιε
3590 284 3691 353 ιςῖδ

523 411 698 451 meam
736 394 790 449 in
819 392 1050 451 veritate
1080 399 1172 448 tua
1200 406 1216 448 :
1246 389 1443 449 exaudi
1472 405 1559 447 me
1587 390 1642 446 in
1686 396 1778 445 tua
1807 389 2039 460 justitia.
2078 408 2092 439 ι

2133 391 2176 450 Α
2209 386 2330 458 θεία
2379 404 2473 442 σου
2499 406 2512 420 ·
2549 387 2873 443 εἰσάκουσον
2910 404 3012 457 μου
3042 387 3101 441 ὲν
3145 388 3208 458 τῇ
3246 387 3529 466 δικαιοσύνῃ
3556 414 3644 453 σου,
3673 422 3685 454 ι

523 487 722 543 Ptenas
753 486 914 542 iuens
947 499 1140 542 eorum
1176 499 1300 555 quae
1343 484 1697 541 commiserat
1728 481 1949 539 divinus
2000 483 2092 535 Da-

2204 480 2369 545 Δίκας
2408 481 2508 553 μὲν
2531 480 2693 534 τίνων
2721 482 2749 533 ὀ
2777 480 2922 544 θεῖος
2955 479 3121 533 Δαϐὶδ
3156 474 3292 533 div"
3324 481 3688 559 ἐπλημμέλησεν,

524 578 636 644 vid,
663 578 716 631 in
754 576 845 631 illa
878 578 1069 632 incidit
1096 577 1260 630 mala.
1286 575 1532 646 lujustus
1552 585 1754 638 tamen,
1776 583 1829 628 et
1856 573 2093 643 iniquus1

2203 573 2432 637 ἐκείνοις
2487 572 2783 643 περιέπεσε
2833 574 2946 635 τοῖς
2998 576 3219 636 κακοῖς·
3268 573 3437 637 ἄδικος
3476 576 3523 630 δὲ
3564 580 3688 649 ὅμως,

520 681 574 724 ct
608 670 829 740 impius,
859 679 912 724 ct
942 670 1216 740 parricida
1247 677 1367 724 erat
1395 669 1662 733 Absalon,
1712 668 1803 735 qui
1841 667 2089 738 genitoris

2203 666 2297 719 ml
2313 667 2656 737 παράνομος,
2679 668 2774 720 καὶ
2788 665 3074 737 δυσσεϐὴς,
3093 667 3186 719 καὶ
3206 667 3506 738 πατραλοίας
3532 672 3555 724 ὁ
3577 673 3688 728 ’Δ6ε.

519 763 723 817 eadem
755 763 1125 818 desiderabat.
1164 762 1455 832 Propterea
1490 762 1682 817 beatus
1716 760 1883 815 David
1927 758 2088 813 Deum

2198 757 2426 828 σαλὼμ,
2451 759 2551 829 τῆς
2579 759 2674 812 τοῦ
2720 759 3112 829 γεγεννηκότος
3149 758 3472 831 ἐπιθυμήσας
3510 767 3686 835 σφαγῆς.

519 856 792 922 obsecrat,
849 864 909 910 ut
964 855 1021 910 in
1065 855 1292 910 veritate
1334 863 1387 908 et
1429 854 1644 924 justitia
1696 868 1886 924 preces
1932 868 2088 908 οιιιιιρ

2201 851 2300 904 Διά
2338 867 2420 904 τοι
2450 850 2609 904 τοῦτο
2638 851 2731 905 τὸν
2764 851 2898 904 Θεὸν
2927 853 2956 904 ὁ
2987 850 3249 920 μακάριος
3276 852 3484 905 ἱκετεύει
3507 856 3633 909 Δασὶδ
3650 861 3689 912 ὲν

516 946 653 999 dial.
2200 944 2431 1015 ἀληθείᾳ
2461 945 2555 999 καὶ
2584 943 2903 1016 δικαιοσύνῃ
2926 945 3022 1013 τῆς
3046 945 3343 1016 προσευχῆς
3364 947 3686 1003 εἱσακοῦσαι⁸³.

586 1038 753 1093 Vens.
788 1038 843 1092 2.
890 1056 910 1091 ‹
952 1037 1019 1094 Ει
1049 1054 1116 1093 ne
1149 1038 1323 1093 intres
1360 1037 1412 1091 in
1454 1037 1724 1107 judicium
1769 1051 1889 1091 cum
1938 1048 2097 1089 servo

2274 1037 2338 1108 β’,
2380 1056 2398 1088 ι
2433 1037 2548 1091 Καὶ
2585 1037 2659 1107 μὴ
2690 1037 2942 1110 εἰσέλθῃς
2970 1037 3052 1099 είς
3079 1036 3258 1106 κρίσιν
3288 1038 3414 1106 μετὰ
3440 1039 3521 1091 τοῦ
3552 1040 3687 1094 δούλου

516 1142 633 1196 tuo,
665 1131 791 1201 quia
818 1147 925 1185 non
954 1130 1352 1201 justiﬁcabitur
1380 1131 1434 1183 in
1464 1138 1764 1199 conspectu
1798 1139 1890 1184 tuo
1918 1129 2085 1182 omnis

2202 1147 2318 1195 σου,
2352 1131 2434 1184 ὅτι
2478 1132 2540 1184 οὐ
2591 1130 3020 1201 δικαιωθήσεται
3060 1129 3289 1183 ἐνώπιόν
3323 1148 3407 1183 σου
3436 1132 3525 1195 πᾶς
3551 1131 3683 1195 ζῶν.ι

517 1223 724 1277 vivens.
758 1241 778 1274 ι
839 1223 895 1276 1η
944 1222 1174 1277 veritate
1206 1231 1263 1276 et
1305 1221 1542 1292 justitia,
1593 1220 1789 1291 inquit,
1840 1229 2086 1290 precatus

2213 1222 2301 1274 Ἐν
2330 1221 2563 1293 ἀληθείᾳ
2584 1261 2600 1285 ,
2647 1223 2779 1294 φησὶ
2805 1264 2819 1287 ,
2867 1224 2959 1275 καὶ
2988 1221 3300 1293 δικαιοσύνῃ
3331 1226 3433 1285 τοῖς
3468 1224 3593 1292 ἒμοίς
3629 1242 3685 1289 σε,

512 1330 636 1369 sum
679 1324 731 1368 te
760 1316 944 1370 verbis
976 1315 1147 1379 meis,
1189 1330 1298 1368 non
1342 1330 1459 1369 mea
1496 1314 1708 1383 justitia
1752 1314 1960 1376 fretus,
2002 1327 2081 1367 set

2200 1315 2389 1385 φησὶν,
2442 1315 2696 1368 ἱκέτευσα
2745 1315 2926 1382 λόγοις
2951 1355 2965 1377 ,
3003 1314 3066 1366 οὐ
3093 1316 3159 1384 τῇ
3194 1314 3419 1384 ἐμαυτοῦ
3446 1316 3687 1388 δικαιοσύνῃ

515 1408 754 1462 hostium
804 1408 1149 1477 iniquitatem
1202 1407 1402 1462 sciens.
1461 1406 1597 1461 Novi
1643 1407 1789 1461 enim
1836 1407 1948 1461 ﬁeri
1987 1420 2084 1460 non

2200 1406 2442 1478 θαρρῶν,
2475 1406 2611 1461 ἀλλὰ
2643 1407 2743 1477 τὴν
2779 1406 2887 1459 τῶν
2915 1406 3193 1476 πολεμίων
3224 1407 3537 1477 παρανομίαν
3561 1407 3683 1470 εἰδώς.

515 1513 698 1565 posse,
719 1506 780 1551 ut
808 1498 1012 1568 aliquis
1043 1499 1306 1555 innocens
1333 1514 1364 1551 a
1399 1508 1493 1553 tuo
1525 1498 1784 1553 tribunali
1830 1498 2084 1553 discedat.

2201 1495 2335 1551 υἷδα
2366 1499 2475 1571 γὰρ
2508 1498 2583 1562 ὡς
2614 1498 2878 1551 ἀδύνατον
2910 1496 3087 1551 ἀθῶον
3120 1514 3241 1549 τινα
3271 1497 3327 1550 τὸ
3370 1496 3451 1550 σὺν
3492 1498 3686 1569 δικαστή-

511 1588 571 1642 Si
598 1589 744 1643 enim
779 1589 1066 1644 hominum
1103 1590 1226 1653 vitae
1248 1591 1490 1660 regulam
1524 1590 1704 1660 legum
1734 1606 1763 1643 a
1787 1599 1838 1644 te
1860 1589 2080 1643 latarnn

2205 1609 2320 1662 ριον
2348 1594 2629 1661 ἐκφυγεῖν.
2675 1593 2738 1645 Εἰ
2781 1592 2893 1662 γὰρ
2931 1591 3025 1645 τὸν
3057 1591 3254 1644 κανόνα
3294 1590 3395 1643 τῶν
3424 1590 3515 1644 ὑπὸ
3538 1590 3612 1643 σοῦ
3630 1608 3688 1642 τε-

510 1682 862 1750 apposueris,
898 1697 1061 1737 nemo
1095 1682 1397 1737 secundum
1438 1682 1537 1736 has
1567 1682 1772 1736 vixisse
1799 1681 2079 1736 videbitur.

2131 1750 2162 1754 _
2201 1682 2403 1736 θέντων
2456 1684 2639 1753 νόμων
2695 1682 2773 1754 τῷ
2802 1682 2910 1736 τῶν
2950 1682 3256 1753 ἀνθρώπων
3300 1683 3566 1754 παραθείης
3601 1684 3684 1753 βίῳ,

514 1770 569 1822 Si
605 1779 790 1824 autem
823 1779 914 1826 tua
955 1773 1118 1826 etiam
1153 1770 1420 1825 beneﬁcia
1456 1771 1509 1823 in
1545 1771 1786 1825 medium
1819 1769 2083 1835 attuleris1

2131 1750 2169 1804 Β
2201 1774 2375 1837 οὐδεὶς
2420 1750 2901 1845 ὀφθήσεται-κοιτά
2944 1750 3141 1828 τοῦτον
3174 1750 3465 1845 βεϐιωκὼς·
3504 1750 3688 1830 {iam

513 1868 565 1915 et
594 1870 727 1931 quot
752 1861 894 1916 bona
919 1863 1238 1918 hominibus
1260 1862 1692 1932 suppeditaveris
1717 1902 1730 1921 .
1758 1875 1880 1929 qua:
1903 1875 2082 1915 rursus

2117 1861 2133 1877 '
2198 1864 2299 1927 τὰς
2335 1864 2433 1928 σὰς
2459 1864 2785 1935 εὐεργεσίας
2825 1867 2906 1928 εἰς
2934 1865 3103 1935 μέσον
3135 1866 3379 1935 ἀγάγοις,
3409 1867 3492 1919 καὶ
3512 1868 3591 1921 ὅσα
3610 1871 3686 1931 τοῖς

510 1962 751 2008 humana
773 1952 989 2024 justitia
1026 1954 1135 2008 tuis
1164 1954 1328 2008 donis
1357 1953 1790 2023 aequiparabitur
1816 1952 1841 2005 ἲ

2196 1956 2509 2028 ἀνθρώποις
2552 1958 2902 2030 ἐχορήγησας
2938 1958 3127 2025 ἀγαθά
3149 2000 3163 2022 ,
3195 1958 3321 2013 ποία
3368 1960 3510 2013 πάλιν
3533 1961 3686 2028 ἀνθρω-

2198 2047 2329 2116 πίνη
2366 2047 2685 2120 δικαιοσύνη
2709 2053 2833 2113 ταῖς
2864 2052 2988 2115 σαῖς
3020 2051 3404 2123 ὲξισωθήσεται
3436 2051 3638 2124 δωρεαίςς

585 2130 747 2183 Vitas.
777 2131 829 2184 5.
867 2147 886 2180 ί
914 2128 1053 2194 Quia
1086 2137 1408 2198 persecutus
1446 2135 1532 2182 est
1561 2128 1821 2185 inimicus
1850 2130 2090 2186 animam

2266 2132 2336 2203 γ’.
2378 2155 2397 2186 ι
2428 2136 2550 2190 Ὀτι
2608 2138 2941 2205 κατεδίωξεν
2973 2141 3005 2193 ὁ
3040 2140 3237 2212 ἐχθρὸς
3275 2141 3370 2212 τὴν
3412 2141 3563 2213 ψυχήν
3601 2159 3683 2211 μου.

509 2238 710 2289 meam,
760 2221 1072 2276 bumiliavit
1113 2222 1167 2277 in
1217 2230 1364 2277 terra
1392 2223 1562 2278 vitam
1596 2239 1798 2279 meam.
1836 2243 1853 2276 ι
1888 2226 2078 2281 Precor

2195 2228 2566 2283 ἐταπείνωσεν
2601 2232 2680 2295 εἰς
2715 2231 2821 2301 γῆν
2849 2230 2950 2304 τὴν
2979 2234 3136 2304 ζωήν
3172 2252 3288 2305 μου.
3330 2253 3348 2285 ι
3387 2234 3592 2288 ’ἰκετεύω
3611 2232 3683 2288 τοί-

504 2317 695 2387 igitur,
743 2322 803 2369 ut
837 2324 983 2369 tuam
1031 2316 1315 2371 veritatem
1358 2326 1415 2372 et
1443 2316 1712 2387 justitiam
1760 2333 2070 2388 consequar

2195 2337 2291 2373 νυν
2323 2320 2423 2390 τῆς
2458 2322 2558 2391 σῆς
2598 2321 2861 2393 ἀληθείας
2911 2326 3006 2378 καὶ
3056 2325 3394 2398 δικαιοσύνης
3421 2330 3589 2397 τυχεῖν,
3616 2328 3679 2381 οὐκ

510 2424 618 2466 non
654 2410 729 2464 ita
761 2417 821 2463 ut
851 2423 1069 2463 mecum
1111 2408 1167 2461 in
1214 2408 1486 2479 judicium
1534 2410 1859 2474 descendas,
1896 2411 1990 2466 sed
2035 2422 2079 2465 nl

2194 2413 2332 2484 ἐμοῦ
2367 2414 2465 2468 καὶ
2497 2414 2592 2468 σοῦ
2624 2417 2965 2487 κρινομένων
2985 2458 3001 2483 ,
3038 2419 3158 2471 ἀλλ’
3202 2418 3330 2491 ἐμοῦ
3359 2420 3445 2473 καὶ
3471 2420 3562 2473 τῶν

506 2516 608 2570 ego
638 2510 691 2556 et
735 2501 926 2556 hostes
961 2499 1295 2570 judicemur.
1330 2501 1519 2571 Regno
1553 2502 1701 2556 enim
1730 2502 1938 2571 ejectus
1967 2520 2075 2560 sun

2199 2503 2339 2574 μίων
2386 2502 2780 2575 δικαζομένων.
2824 2506 3199 2579 Ἐκσέϐλημαι
3250 2509 3355 2578 γὰρ
3399 2509 3482 2562 ὑπ’
3522 2509 3671 2560 ἐκείνων

511 2592 579 2650 ab
602 2594 731 2660 illis,
763 2602 818 2648 et
844 2601 1078 2649 exactus
1109 2609 1231 2648 sum
1271 2595 1471 2664 patria.
1517 2592 1672 2650 Hanc
1707 2595 1828 2667 ejus
1867 2596 2080 2653 humili.

2192 2592 2294 2660 τῆς
2323 2591 2602 2662 βασιλείας
2623 2635 2638 2658 ,
2676 2594 2952 2666 ἐλήλαμαι
2992 2596 3099 2666 τῆς
3129 2598 3394 2668 πατρίδος.
3422 2598 3665 2667 Ταύτηνώ-

506 2692 674 2739 tatem
708 2683 874 2738 etiam
918 2683 1153 2739 historia
1188 2686 1366 2740 docet.
1418 2682 1553 2739 Nam
1602 2686 1723 2741 sine
1753 2687 1994 2751 calceis,
2038 2704 2075 2743 ei

2186 2683 2290 2737 τοῦ
2324 2684 2425 2755 τὴν
2452 2686 2786 2741 ταπείνωσιν
2810 2689 2913 2742 καίΙ
2945 2690 2979 2760 ἡ
3018 2690 3234 2762 ἱστορία
3257 2690 3497 2745 διδάσκει.
3527 2691 3674 2743 Ἄνυτό-

504 2776 898 2844 absconditus,
942 2785 997 2833 et
1027 2777 1340 2849 lacrymans
1384 2777 1692 2833 incedebat.
1739 2778 2067 2836 «Collocavi

2191 2777 2354 2846 δητος
2376 2779 2508 2849 γάρ,
2546 2781 2642 2834 καὶ
2668 2782 3219 2855 συγκεκαλυμμένος,
3244 2785 3334 2837 κα)⁵
3362 2783 3578 2855 δακρύων
3593 2782 3676 2835 ἐδά-

505 2871 529 2893 ⁴
556 2885 643 2925 me
667 2870 722 2923 in
742 2870 1017 2938 obscuris,
1048 2870 1196 2927 sicut
1220 2880 1472 2926 mortuos
1501 2872 1708 2927 saeculi.
1737 2892 1754 2925 ι
1790 2872 1925 2927 Nam
1956 2874 2070 2928 nibi

2192 2870 2359 2936 διζεν,
2392 2891 2413 2924 ι
2454 2874 2711 2929 Ἐκάθισέ
2748 2894 2814 2947 με
2842 2879 2902 2931 ὲν
2937 2881 3256 2943 σκοτεινοῖς,
3288 2879 3360 2943 ὡς
3383 2880 3570 2950 νεκροὺς
3591 2877 3676 2930 αἰῶ·

506 2962 699 3021 diﬂ'ero
739 2978 771 3018 a
804 2973 1024 3020 mortuo
1056 2964 1115 3018 in
1161 2964 1400 3018 tenebris
1441 2965 1681 3031 detento,
1729 2965 1944 3037 1550
1971 2971 2075 3037 eje-

2193 2977 2323 3025 V°€-'
2346 2981 2365 3014 ι
2398 2964 2568 3018 Οὐδὲν
2596 2964 2705 3037 γὰρ
2740 2966 2988 3040 διαφέρω
3021 2969 3224 3041 νεκροῦ
3260 2971 3317 3023 ὲν
3339 2971 3498 3024 σκότει
3518 2968 3676 3038 καθειρ-

499 3064 627 3112 ctus
657 3062 714 3112 et
747 3057 800 3110 in
827 3054 1064 3112 desertis
1098 3054 1238 3110 locis
1265 3059 1461 3125 degere
1487 3066 1732 3111 coactus.

2116 3081 2160 3141 ρ
2195 3056 2398 3125 γμένου
2419 3099 2433 3123 ,
2469 3058 2807 3129 ἐληλαμένας
2836 3061 2931 3116 καὶ
2959 3063 3021 3115 ἐν
3054 3064 3285 3135 ἐρήμοις
3313 3063 3509 3135 χωρίως
3535 3062 3679 3128 διάγειν

1460 3158 1464 3161 ‘
2192 3149 2629 3221 ἠναγκασμένος.

573 3228 740 3284 Vnus.
769 3229 825 3284 4.
862 3247 882 3282 ι
910 3228 976 3284 Ει
1000 3229 1204 3284 anxius
1222 3238 1307 3285 est
1330 3245 1496 3299 super
1519 3245 1606 3285 me
1624 3230 1849 3299 spiritus
1877 3246 2086 3287 meus.»

2266 3240 2331 3297 δ’.
2375 3262 2394 3294 ι
2425 3244 2537 3299 Καὶ
2590 3247 2891 3318 ὴκηδίασεν
2936 3249 3028 3303 ἐπ’
3080 3250 3183 3322 ἐμὲ
3225 3251 3286 3304 τὸ
3337 3248 3526 3319 πνεῦμά
3551 3263 3675 3318 μου.»

508 3321 799 3390 Propterea
832 3336 1031 3392 magno
1061 3336 1302 3377 maerore
1335 3332 1389 3377 et
1419 3322 1641 3377 tristitia
1683 3321 1914 3378 aﬂ’ectus
1944 3338 2077 3379 sum.

2192 3335 2400 3389 Τούτου
2431 3337 2596 3410 χάριν
2628 3339 2873 3412 ἀθυμίας
2903 3321 3126 3415 πολλῆς
3156 3344 3251 3398 και
3288 3338 3678 3415 ἀχθηδόνοςὲμπέ-

503 3411 766 3480 Spiritum
801 3414 949 3469 enim
987 3415 1095 3469 hoc
1149 3414 1269 3471 loco
1325 3415 1567 3470 animam
1618 3425 1800 3470 vocat.
1847 3434 1867 3468 ι
1908 3415 1963 3470 In
2006 3433 2072 3470 mi

2193 3427 2469 3499 πλησμαιι⁹
2528 3411 2777 3503 πνεῦμα
2834 3433 2945 3505 γὰρ
2974 3411 3216 3492 ivssi-lea
3254 3411 3353 3507 sint
3383 3411 3676 3506 ψυχὴνκαιεῖ.

504 3507 786 3565 turbatum
837 3516 923 3561 est
982 3521 1081 3561 cor
1136 3522 1343 3563 meum.
1385 3526 1405 3560 ι
1462 3507 1691 3572 Omnes,
1742 3508 1942 3579 inquit,
1999 3523 2073 3563 ce

2198 3538 2218 3571 ι
2252 3520 2343 3575 Ἐν
2368 3523 2494 3592 ἐμοὶ
2516 3526 2796 3598 ἐταράχθη
2824 3529 2857 3598 ἡ
2888 3530 3096 3601 καρδία
3128 3548 3249 3602 μου.
3280 3549 3298 3582 ι
3326 3530 3524 3591 Πάντες,
3546 3522 3677 3594 φησὶν,

504 3600 802 3669 gitationes
840 3613 978 3654 mea:
1030 3599 1275 3654 tumultu
1345 3608 1399 3655 et
1455 3599 1868 3670 perturbatione
1916 3599 2073 3670 plena

2045 3616 2090 3654 ω
2188 3612 2239 3664 οἱ
2268 3611 2523 3684 λογισμοί
2554 3632 2656 3686 μου
2690 3618 2939 3690 ταραχῆς
2971 3599 3073 3675 καὶ
3106 3599 3274 3693 ζάλης
3301 3617 3614 3690 ἐπλήσθησαν.

508 3699 654 3748 Iunt.

574 3784 741 3839 Vrsas.
774 3783 826 3838 5.
863 3802 882 3835 ι
920 3783 1128 3839 Memor
1165 3784 1243 3839 fui
1273 3786 1486 3841 dierum
1526 3787 1883 3855 anliquorum
1909 3826 1923 3850 ,
1969 3803 2087 3842 me-

2261 3799 2322 3847 a'.
2380 3813 2399 3845 ι
2430 3796 2742 3868 Ἑμνήσθην
2776 3799 3002 3870 ἡμερῶν
3051 3801 3328 3873 ἀρχαίων,
3367 3798 3616 3871 ὲμελέτησα
3639 3795 3677 3845 ἐν

501 3877 713 3932 ditatus
748 3890 867 3930 sum
901 3877 954 3928 in
997 3876 1259 3945 operibus
1283 3877 1412 3941 tuis,
1460 3886 1516 3932 et
1552 3879 1606 3931 in
1640 3877 1799 3933 factis
1822 3895 2070 3936 mannun'

2188 3886 2326 3938 πᾶσι
2371 3889 2485 3951 τοῖς
2538 3888 2721 3958 ἔργοις
2755 3907 2875 3956 σου,
2910 3895 2970 3946 ὲν
3005 3897 3272 3966 ποιήμασι
3299 3893 3400 3945 τῶν
3424 3888 3590 3962 χειρῶν
3612 3900 3674 3937 σου

504 3981 723 4024 tuarum
776 3966 1101 4021 meditabar.
1137 3986 1156 4019 ι
1198 3968 1425 4034 Animo,
1470 3971 1581 4036 ait,
1637 3972 1998 4035 consideravi,
2054 3988 2073 4027 τι

2189 3977 2491 4045 ἐμελέτων.
2527 3999 2546 4031 ιν
2580 3981 2833 4044 Ἔλασον,
2861 3984 3053 4053 φησὶν,
3084 3988 3166 4050 είς
3189 3986 3430 4049 διάνοιαν,
3454 3984 3569 4035 ὅσων
3590 3977 3674 4035 τοὺς

507 4066 643 4128 quot
671 4059 1084 4115 calamitatibus
1125 4060 1363 4131 majores
1402 4072 1622 4118 nostros
1663 4064 2001 4130 liberaveris,
2033 4075 2076 4121 el

2189 4069 2494 4140 ἡμετέρους
2546 4072 2849 4142 προγόνους
2882 4074 3267 4150 ἠλευθέρωσας
3316 4071 3587 4145 συμφορῶν,
3611 4064 3674 4119 καὶ

502 4151 900 4222 expugnabiles
936 4151 1178 4208 inimicis
1226 4169 1350 4209 esse
1396 4168 1503 4209 non
1550 4155 1746 4212 siveris
1775 4173 1788 4210 :
1819 4166 1873 4211 et
1899 4172 2071 4212 recor-

2187 4161 2553 4233 εὐχειρώτους
2597 4165 2857 4232 γενέσθαι
2898 4172 3015 4233 τοῖς
3064 4170 3338 4241 πολεμίοις
3375 4169 3465 4221 οὐκ
3511 4165 3670 4221 εἴασας·

507 4242 669 4298 datus
697 4257 818 4298 sum
862 4253 1144 4314 gestorum
1187 4244 1511 4313 Abrahami,
1565 4254 1621 4303 et
1668 4247 1861 4313 lsaaci,
1899 4258 1953 4303 et
1990 4247 2076 4304 Ja-

2188 4255 2282 4309 καὶ
2319 4256 2672 4327 ἀνεμνήσθην
2703 4258 2813 4313 τῶν
2852 4262 2998 4315 κατὰ
3037 4263 3122 4318 τὸν
3157 4262 3396 4334 Ἀϐραὰμ
3417 4299 3430 4325 ,
3459 4257 3552 4311 τῶν
3574 4250 3671 4307 κατὰ

500 4335 648 4403 cobi,
686 4342 742 4391 et
768 4334 1015 4405 Josepbi,
1055 4345 1110 4392 et
1138 4334 1325 4406 Mosis,
1375 4346 1432 4392 et
1474 4339 1904 4394 consolationem
1951 4341 2069 4395 hinc

2183 4348 2278 4401 τὸν
2313 4349 2521 4413 Ἰσαὰκ,
2550 4350 2662 4411 τῶν
2715 4352 2861 4407 κατὰ
2912 4353 3005 4409 τὸν
3044 4354 3259 4422 Ἰακὼϐ,
3294 4354 3447 4409 τῶν⁴⁸
3470 4348 3584 4404 κατά
3610 4342 3669 4397 τὸν

501 4428 646 4501 θερίο
2114 4431 2157 4485 ί)
2199 4440 2395 4512 Ἰωσὴφ
2420 4485 2433 4506 ,
2471 4443 2582 4495 τῶν
2643 4446 2784 4498 κατὰ
2828 4450 2920 4501 τὸν
2971 4449 3206 4507 Μωσέαο
3252 4447 3339 4502 καὶ
3387 4436 3666 4514 ψυχαγωγίαν

2184 4532 2435 4585 ἐντεῦθεν
2487 4533 2700 4588 ἔλαϐον.

578 4603 825 4667 νειιεοϐ.
879 4624 897 4659 ι
935 4604 1158 4678 Expand
1228 4624 1426 4664 manus
1475 4625 1625 4666 meas
1674 4612 1741 4664 ad
1786 4620 1858 4668 te.
1889 4632 1910 4666 ι
1964 4612 2082 4670 Hoc

2254 4623 2328 4689 ς’.
2361 4644 2380 4675 ‹
2410 4626 2721 4681 Διεπέτασα
2768 4630 2907 4700 πρὸς
2934 4631 2999 4685 σὲ
3028 4648 3130 4697 τας
3158 4632 3339 4702 χεῖράς
3370 4644 3476 4700 μου.
3512 4642 3528 4674 ι
3567 4614 3667 4671 ’Δντὶ

502 4706 607 4764 est,
643 4713 770 4754 cum
819 4699 970 4768 omni
1018 4700 1300 4755 alacritate
1343 4716 1533 4771 preces
1578 4703 1767 4759 eﬂ‘udi.
1825 4725 1843 4757 ι
1885 4708 2071 4763 Anima

2179 4717 2296 4782 τοῦ,
2329 4718 2434 4771 Σὺν
2467 4719 2621 4793 πάσῃ
2662 4721 2945 4796 προθυμία
2984 4724 3082 4795 τὴν
3125 4699 3664 4787 ιέέτὲιανιποιησάμην-

503 4808 625 4849 mea
671 4792 815 4846 sicut
855 4801 1000 4846 terra
1037 4793 1156 4847 sine
1197 4809 1337 4863 aqua
1376 4795 1496 4849 tibi.
1535 4814 1556 4847 ι
1591 4795 1683 4851 Sic
1716 4807 1897 4853 autem
1926 4809 2072 4856 tuum

2186 4828 2206 4860 ι
2250 4810 2313 4863 Ἡ
2341 4809 2485 4881 ψυχή
2523 4792 2660 4882 μου,
2694 4792 2771 4879 ὧς
2810 4792 2884 4886 γῆ
2920 4792 3152 4888 ἀνυδρὸς
3182 4833 3282 4869 σοι.
3322 4832 3341 4866 ι
3375 4811 3513 4867 Οὕτω
3538 4802 3664 4856 δὲσου

502 4886 630 4940 sitio
686 4883 989 4950 auxilium,
1056 4885 1223 4940 veluti
1280 4885 1435 4940 arida
1501 4895 1644 4943 terra
1700 4889 1933 4946 imbrem
1985 4908 2071 4948 ex-

2178 4902 2319 4971 διψῶ
2365 4903 2465 4972 τὴν
2518 4903 2794 4976 βοήθειαν,
2837 4883 3089 4980 καθάπερ
3136 4910 3169 4978 ἡ
3212 4906 3424 4975 ἄνυδρος
3449 4902 3509 4970 γῆ
3542 4906 3664 4962 πρασ-

501 4987 732 5048 spectat.
2181 4995 2331 5066 μένει
2347 4995 2437 5048 τὸν
2468 4996 2641 5053 ὑετόν.
3416 5050 3420 5054 ,

580 5069 743 5125 Vens.
779 5072 833 5126 7.
873 5089 892 5122 ι
926 5068 1205 5126 Velociter
1226 5074 1425 5130 exaudi
1452 5091 1562 5142 me,
1598 5077 1846 5146 Domine,
1875 5080 2079 5139 defecit

2248 5086 2315 5154 ς’.
2373 5106 2392 5139 ι
2426 5090 2577 5161 Ταχὺ
2636 5093 2963 5149 είσάκουσόν
3006 5113 3126 5167 μου,
3179 5094 3365 5166 Κύριε,
3406 5087 3581 5155 ἐξέλιπε
3620 5075 3661 5128 τὸ

502 5163 730 5231 spiritus
761 5179 939 5219 mens.
983 5181 1002 5215 ι
1050 5162 1479 5234 Magnitudinem
1524 5172 1776 5227 maeroris
1824 5189 1921 5243 per
1964 5176 2071 5232 haec

2185 5180 2404 5251 πνεῦμά
2436 5201 2558 5252 μου.
2592 5203 2611 5236 ι
2645 5184 2755 5259 Τὴν
2786 5162 3091 5260 ὑπερϐολὴν
3120 5162 3398 5258 ἀθυμίας⁸⁸
3424 5180 3497 5235 διὰ
3517 5173 3663 5260 τούτων

501 5256 780 5325 expressit
808 5269 823 5284 °
860 5271 987 5309 nam
1039 5255 1197 5311 valde
1232 5257 1534 5314 dolentium
1572 5263 1791 5333 prepria
1845 5274 1930 5321 est
1967 5268 2070 5324 btet

2183 5273 2420 5343 ἱδήλωσε
2444 5292 2456 5305 ·
2500 5276 2609 5332 τῶν
2646 5255 2755 5351 γάρ
2799 5255 2921 5335 λίαν
2971 5255 3335 5351 ἀσχαλλόντων
3366 5277 3479 5330 ἴδιον
3505 5267 3595 5322 τόδε
3621 5258 3661 5312 τί

502 5344 743 5401 all‘ectio.
774 5363 791 5396 ι
818 5342 937 5399 Non
969 5353 1186 5401 avertas
1213 5345 1404 5403 faciem
1436 5358 1584 5406 tuam
1610 5368 1640 5407 a
1667 5369 1776 5422 me,
1802 5365 1858 5411 et
1887 5359 2071 5415 similis

2184 5342 2379 5431 πάθος.
2436 5387 2454 5420 ‹
2482 5369 2577 5441 Μὴ
2636 5342 2989 5447 ἀπὸστρέψῃς
3039 5342 3098 5428 ia};
3161 5370 3430 5444 πρόσωπόν
3481 5379 3554 5415 σου
3594 5354 3663 5407 ἀπ’

1581 5528 1820 5587 VARUE
1863 5534 2248 5597 LECTIONES
2288 5541 2376 5598 ΕΤ
2405 5540 2641 5601 NOTAE.

591 5631 963 5734 .“i'ﬂvzlco‘dl;
1002 5643 1021 5694 l
1063 5658 1247 5734 praem.
1281 5643 1369 5697 δι’.
1450 5645 1495 5728 ‘3
1526 5647 1661 5703 Ibid.
1695 5649 2024 5723 ὑπακοῦσαι,
2054 5672 2160 5713 aSCI

2081 5657 2288 5729 scripta
2322 5668 2501 5718 tamen
2539 5663 2709 5722 altera
2742 5666 2992 5724 lectione.
3058 5666 3106 5700 “
3130 5664 3247 5723 Τῶν
3271 5655 3483 5727 Ἰωσήφ.
3503 5650 3594 5707 Deil-
3616 5639 3650 5693 Ῐη

504 5707 627 5755 cod.
668 5707 713 5758 ι.
797 5708 841 5736 ’⁵⁸
872 5707 1075 5773 ’Λθυμξ
1098 5712 1170 5767 Ib.
1205 5729 1392 5780 prtem.
1426 5716 1545 5786 τῆς.
