3974 6206
314 380 317 383 .
348 319 481 383 195⁸7

1684 313 1766 375 IN
1800 310 2004 372 PSAL.
2052 306 2282 369 CXLII.

3478 295 3615 361 1958

345 438 506 512 ἐμοῦ,
571 436 665 493 καὶ
711 434 1123 507 ὁμοιωθὴσομαι
1188 436 1298 496 τοῖς
1368 426 1787 485 καταϐαίνουσιν
1847 427 1930 489 εἰς

2049 435 2129 474 aro
2157 416 2621 474 descendentibus
2658 416 2714 473 in
2748 417 2949 473 lacum.
2985 435 3003 468 ι
3050 415 3186 471 Nam
3236 415 3280 471 si
3331 422 3614 469 aversatus

344 532 572 586 λάκκον.
605 553 623 581 ο
677 529 741 582 Εἰ
782 527 890 599 γὰρ
936 525 1216 598 pausam
1266 536 1367 596 μου
1414 524 1517 595 τὴν
1554 520 1925 576 ίκετείανδιά

344 622 445 692 τὴν
477 619 776 691 ἁμαρτίαν,
821 619 1141 689 παραυτίκα
1182 615 1260 688 τῷ
1302 615 1519 686 θανάτῳ
1546 613 1925 685 παραδοθησοο

349 729 467 783 μαι.
501 710 606 763 Τὸν
655 710 765 780 γὰρ
800 708 1034 765 θάνατον
1069 708 1306 763 λάκκον
1349 707 1580 762 ἐκάλεσε
1624 703 1924 778 τροπικῶς.

346 800 615 872 Καθάπερ
645 814 755 871 γαρ
787 799 878 854 τὸν
912 799 1312 869 καθειργμένον
1353 800 1412 852 ὲν
1441 796 1631 868 λάκκῳ
1681 796 1782 851 οὐκ
1810 794 1927 848 ἐστι

345 894 467 963 δίχα
492 894 601 946 τῶν
631 892 1071 963 ἐπικουρούντων
1095 892 1404 960 διαφυγεῖν,
1432 890 1605 954 οὕτως
1628 888 1928 943 ἀναϐιῶναι

347 987 440 1039 τὸν
472 986 776 1056 τεθνηκότα
819 986 926 1039 τῶν
959 985 1260 1048 ἀδυνάτων,
1306 984 1380 1055 μὴ
1408 983 1737 1054 βουλομένου
1766 980 1926 1036 Θεοῦ.

419 1086 489 1151 η’.
532 1098 549 1130 ι
591 1080 884 1133 Ἀκουστὸν
945 1078 1165 1150 ποίησόν
1220 1096 1309 1149 μοι
1357 1078 1417 1131 τὸ
1464 1077 1613 1145 πρωῒ
1663 1077 1724 1130 τὸ
1753 1076 1931 1137 οέλεός

352 1189 447 1225 σου
470 1211 485 1236 ,
520 1172 603 1224 ὅτι
635 1171 726 1224 ἐπὶ
762 1173 843 1224 σοὶ
874 1172 1100 1242 ἤλπισα.
1132 1192 1150 1223 ι
1197 1170 1306 1241 Τὴν
1337 1172 1438 1241 σήν
1485 1188 1575 1241 μοι
1622 1168 1931 1239 φιλανθρω-

348 1262 501 1325 πίαν,
533 1262 708 1333 φησὶ,
740 1265 1002 1332 μήνυσον,
1052 1263 1147 1316 καὶ
1188 1263 1286 1333 τῆς
1329 1262 1545 1325 ἐλπίδος
1592 1261 1667 1332 μὴ
1696 1261 1931 1331 διαμάρ-

349 1373 521 1425 τοιμι.
588 1356 746 1422 Πρωτ
796 1355 906 1426 γὰρ
966 1355 1204 1410 ἐνταῦθα
1264 1356 1327 1409 τὸ
1380 1355 1609 1423 ταχέως
1675 1353 1928 1407 ἐκάλεσε.

357 1468 376 1500 ι
406 1445 677 1517 Γνώρισόν
716 1463 831 1517 μοι,
857 1448 1051 1519 Κύριε,
1087 1448 1206 1502 ὁδὸν
1242 1448 1300 1501 ἐν
1427 1445 1768 1517 πορεύσομαι
1794 1485 1808 1508 ,
1847 1446 1932 1498 ὅτι

354 1539 490 1611 πρός
536 1540 595 1593 σε
630 1534 743 1610 ἦρα
780 1539 881 1608 τὴν
913 1538 1095 1609 ψυχήν
1152 1556 1276 1609 μου.
1306 1557 1325 1590 ι
1380 1535 1543 1591 Γενοῦ
1592 1551 1721 1608 μοι,
1774 1534 1930 1606 φησὶ,

355 1630 590 1700 mam,-
615 1670 631 1695 ,
668 1631 762 1683 καὶ
792 1630 889 1700 τὴν
934 1631 1151 1683 εὐθεῖαν
1196 1628 1422 1701 πορείαν
1453 1627 1754 1693 ὑπόδειξον.
1787 1626 1933 1679 Πάν-

355 1740 464 1778 των
502 1721 610 1793 γὰρ
654 1723 765 1775 τῶν
813 1722 1169 1793 ἀνθρωπίνων
1188 1722 1233 1752 ⁸⁸
1283 1720 1383 1791 τὴν
1431 1719 1570 1789 ἐμὴν
1614 1719 1934 1789 ἀποστήσας

350 1811 555 1882 ψυχὴν,
587 1814 672 1865 σοὶ
696 1811 906 1880 ταύτην
941 1811 1317 1881 προσήγαγον,
1352 1810 1624 1863 Δέσποτα.

422 1903 484 1955 θ’.
527 1922 544 1952 ι
568 1901 784 1966 Ἐξεὶοῦ
817 1918 886 1971 με
913 1903 978 1954 ἐκ
1002 1901 1110 1953 τῶν
1137 1901 1347 1970 ἐχθρῶν
1374 1918 1499 1971 μου,
1518 1901 1711 1970 Κύριε,
1732 1896 1867 1968 πρὸς
1884 1897 1927 1929 ⁸⁷

353 1995 411 2047 σὲ
456 1995 783 2060 κατέσυγον.
819 2011 838 2044 ι
893 1990 1114 2061 Φεὺγων
1161 1992 1288 2054 τοὺς
1321 1991 1616 2061 πολεμίους
1656 1990 1717 2043 σὲ
1764 2007 1933 2044 καταο

353 2084 534 2150 φυγῆς
568 2084 737 2136 τόπον
780 2081 890 2151 ἔχω
914 2122 928 2145 ,
972 2082 1069 2135 καὶ
1095 2080 1193 2150 τῆς
1222 2079 1445 2135 ἐκείνων
1477 2081 1773 2150 ἐπιϐουλῆς
1818 2081 1931 2133 άπ-

352 2169 655 2240 α).)μ.αγῆναι
684 2169 1008 2241 παρακαλῶ.

428 2268 478 2313 ι’.
520 2282 537 2313 ι
575 2262 796 2326 Δίδαξόν
831 2279 898 2330 με
930 2263 1024 2316 τοῦ
1054 2269 1225 2318 ποιειν
1251 2263 1315 2315 τὸ
1337 2262 1553 2333 θέλημά
1594 2279 1686 2314 σου
1707 2301 1720 2322 ,
1752 2263 1833 2314 ὅτι
1864 2262 1929 2314 σὺ

356 2352 405 2410 εἴ
435 2357 461 2409 ὁ
492 2355 626 2419 θεὸς
660 2372 784 2426 μου.
819 2373 839 2406 ι
887 2354 1137 2408 Ἰκετεύω
1165 2355 1222 2407 δὲ
1250 2353 1400 2406 καὶδ8
1431 2353 1608 2416 τοῦτο,
1664 2353 1738 2422 μὴ
1774 2354 1935 2422 μόνον

355 2448 553 2502 εἰδέναι
599 2449 651 2500 τε
697 2446 906 2513 θέλεις,
961 2445 1095 2500 ἀλλὰ
1147 2446 1240 2499 καὶ
1289 2446 1553 2515 πράττειν
1593 2444 1629 2498 ἃ
1662 2444 1832 2506 θέλεις
1852 2444 1932 2475 δ”

358 2543 546 2613 ἐπειδὴ
580 2542 641 2595 σὲ
674 2542 809 2595 Θεὸν
861 2540 1105 2612 ἐμαυτοῦ
1142 2540 1235 2592 καὶ
1285 2539 1564 2610 Δεσπότην
1608 2539 1932 2606 ἐπίσταμαι.

363 2655 379 2686 ι
419 2633 493 2687 Τὸ
533 2633 754 2704 πνεῦμά
790 2649 883 2686 σου
932 2632 992 2686 τὸ
1039 2631 1244 2701 ἀγαθὸν
1289 2631 1544 2701 ὁδηγήσει
1596 2647 1662 2701 με
1697 2633 1754 2683 ἐν
1800 2633 1870 2701 γῇ
1889 2629 1935 2660 ⁵⁸

359 2723 565 2794 εὐθείᾳ.
597 2742 617 2775 ι
670 2723 781 2776 Καὶ
822 2721 1072 2775 ἐντεῦθεν
1129 2723 1228 2791 τὴν
1272 2721 1427 2786 ἀξίαν
1476 2721 1568 2773 τοῦ
1628 2720 1936 2791 πνεύματος

359 2815 742 2886 ἐδιδάχθημεν.
776 2815 990 2881 Ὠσπερ
1019 2812 1128 2882 γὰρ
1171 2815 1199 2864 ὁ
1244 2813 1378 2877 Θεὸς
1411 2813 1634 2879 ἀγαθὸς,
1665 2812 1809 2865 οὔτω
1844 2812 1938 2867 καὶ⁸

360 2909 419 2961 τὸ
443 2906 668 2977 Πνεῦμα
689 2906 1002 2976 ὠνόμασται
1030 2904 1234 2974 ἀγαθόν
1255 2921 1268 2935 ·
1296 2906 1388 2957 καὶ
1419 2905 1669 2975 καθάπερ
1694 2904 1785 2958 τὸν
1804 2905 1938 2957 Θεὸν

359 2997 627 3069 ὁδηγῆσαι
660 2996 822 3050 αὑτὸν
856 2996 1151 3058 ἱκέτευσεν,
1185 2996 1326 3049 οὕτω
1369 2997 1464 3049 καὶ
1491 2997 1589 3065 τῆς
1620 2996 1712 3050 τοῦ
1770 2996 1939 3050 Ilvati-

365 3106 534 3159 ματος
561 3089 784 3159 ὁδηγίας
818 3088 1124 3141 ἀπολαῦσαι
1156 3088 1463 3159 π.ρακαλεῖ
1483 3127 1497 3152 ,
1526 3087 1600 3150 ὡς
1634 3087 1797 3156 μηδὲν
1841 3088 1940 3140 αὑ-

362 3181 440 3251 τῷ
470 3182 707 3252 φανῆναι
738 3181 1067 3251 πρόσαντες,
1103 3182 1243 3251 μηδὲ
1267 3182 1545 3250 δυσχερὲς,
1582 3181 1695 3235 ἀλλ’
1723 3182 1940 3236 εὐθεῖαν

362 3272 460 3343 τὴν
513 3272 630 3327 ὁδὸν
673 3271 899 3338 ὁδεύειν,
931 3273 1026 3325 καὶ
1059 3272 1231 3336 λείαν,
1263 3273 1419 3325 acati.“
1453 3273 1664 3342 πλάνης
1694 3275 1940 3345 ἀπηλλαο

364 3384 399 3435 γ
407 3366 596 3436 μένην.

432 3454 524 3514 ια’.
556 3455 813 3509 «Ἕνεκεν
840 3454 935 3508 τοῦ
959 3454 1218 3525 ὀνόματός
1249 3472 1363 3519 σου,
1385 3455 1779 3527 Κύριε,ζήσεις
1815 3475 1900 3527 με,
1919 3476 1936 3509 ι

366 3548 434 3600 Σύ
472 3565 538 3618 με
584 3548 888 3619 προεϐάλου
931 3547 1190 3617 βασιλέα’
1235 3547 1337 3616 τῆς
1387 3551 1482 3619 σῆς
1526 3548 1584 3602 δὲ
1631 3549 1814 3620 ψήφου
1852 3551 1941 3603 καὶ

363 3640 699 3711 χειροτονίας
743 3639 1058 3710 ἀπήλαυσα,
1094 3641 1186 3693 καὶ
1221 3640 1371 3693 δέδια
1400 3641 1475 3710 μὴ
1510 3642 1812 3711 παροφθε“ις
1839 3641 1944 3696 ὑπὸ

364 3730 457 3784 σοῦ
499 3729 853 3800 βλασφημίας
890 3729 1150 3800 πρόξενος
1180 3730 1260 3799 τῷ
1293 3730 1371 3801 σῷ
1401 3732 1627 3799 ὀνόματι
1672 3733 1940 3801 γένωμαι.

363 3821 456 3891 Μὴ
486 3821 567 3884 είς
595 3821 695 3891 τὴν
735 3820 877 3890 ἐμὴν
904 3820 1086 3874 τοίνυν
1114 3821 1432 3893 άποϐλέψῃς
1470 3821 1648 3886 ἀξίαν,
1689 3822 1825 3875 ἀλλὰ
1854 3821 1945 3875 διὰ

365 3913 464 3978 τὴν
507 3910 603 3964 τοῦ
656 3912 749 3964 σοῦ
798 3911 1067 3978 ὀνόματος
1117 3912 1394 3983 εὐφημίαν
1442 3913 1671 3982 μετάδος
1725 3931 1817 3984 μοι
1846 3915 1947 3983 τῆς

370 4004 645 4074 σωτηρίας
663 4004 730 4053 δ’.
773 4022 792 4055 ι
834 4003 922 4055 Ἐν
951 4007 1018 4074 τῇ
1045 4004 1362 4077 δικαιοσύνῃ
1386 4023 1479 4059 σου
1512 4007 1722 4073 ἐξάξεις
1746 4009 1809 4060 ἐκ
1836 4007 1948 4061 θλί-

368 4093 515 4162 ψεως
545 4094 642 4164 τὴν
673 4093 850 4164 ψυχήν
901 4110 1032 4163 μου.
1066 4113 1085 4144 ι
1137 4095 1292 4165 Ἐμοὶ
1337 4097 1444 4167 γὰρ
1479 4097 1574 4151 καὶ
1618 4100 1733 4161 τοῖς
1783 4098 1947 4152 πολε-

373 4184 516 4254 μίοις
545 4184 796 4246 δικάσας,
826 4183 1050 4247 δικαίως
1082 4183 1190 4237 τῶν
1215 4186 1305 4237 ὑπ’
1330 4187 1555 4240 ἐκείνων
1582 4187 1946 4258 ἐπαγομένων

369 4275 700 4342 ἀπαλλάξεις
738 4293 805 4346 με
832 4276 1151 4348 συμφορῶν.

444 4367 531 4439 ιβ’.
594 4387 612 4421 ι
647 4370 762 4424 Καὶ
812 4371 871 4422 ἐν
921 4368 997 4439 τῷ
1042 4369 1183 4423 ὲλέει
1238 4387 1332 4423 σου
1372 4372 1771 4444 ὲξολοθρεύσεις
1820 4374 1948 4438 τοὺς

2028 511 2201 567 fueris
2231 525 2382 566 meas
2406 525 2598 580 preces
2624 510 2694 565 ob
2722 520 3031 580 peccatum,
3062 511 3246 566 subito
3274 519 3451 563 morte
3474 509 3613 562 mul-

2029 608 2186 663 tabor
2217 625 2232 662 :
2264 617 2494 663 mortem
2545 608 2690 663 enim
2739 607 2915 661 lacum
2950 609 3161 678 tropice
3199 607 3430 662 vocavit.
3474 603 3610 659 Nam

2029 700 2495 770 quemadmodum
2533 701 2577 756 is
2603 739 2617 764 ,
2652 701 2747 770 (ιιιί
2789 699 2843 755 in
2887 701 3008 754 lacu
3043 701 3297 756 detentus
3337 705 3458 763 cst,
3503 712 3612 750 non

2030 803 2210 864 potest
2263 794 2386 849 sine
2448 793 2794 863 adiutoribus
2855 794 3140 849 evadere:
3183 793 3264 848 sic
3326 791 3440 846 ﬁeri
3505 804 3613 844 non

2031 893 2248 954 potest,
2323 893 2383 939 ut
2446 893 2701 939 mortuus
2764 884 2818 939 iu
2885 885 3051 940 vitam
3115 886 3335 949 redeat,
3392 882 3612 938 uolente

2034 980 2167 1033 Deo.

2108 1068 2270 1125 Vsus.
2294 1070 2348 1125 8.
2379 1089 2397 1120 ι
2419 1069 2671 1125 Auditam
2697 1069 2787 1126 fac
2811 1071 2942 1124 mihi
2976 1069 3410 1125 misericordiam
3439 1079 3588 1123 tuam

2033 1164 2162 1232 quia
2217 1165 2268 1217 in
2316 1172 2369 1218 te
2411 1164 2647 1233 sperari.
2683 1181 2701 1215 ι
2741 1162 2937 1227 Tuam,
2989 1163 3187 1232 inquit,
3225 1164 3613 1231 benignitatem

2034 1256 2215 1311 iudica
2257 1256 2413 1318 mihi,
2467 1255 2676 1327 1551
2729 1264 2784 1310 et
2814 1256 2884 1310 de
2917 1271 3014 1325 spe
3056 1271 3125 1310 ne
3160 1255 3431 1310 decidam.
3476 1253 3612 1307 Nam

2035 1365 2191 1402 mane
2212 1349 2316 1404 hoc
2344 1349 2466 1403 loco
2494 1363 2595 1416 pro
2619 1347 2865 1401 celeriter
2884 1347 3042 1404 dixit.
3075 1365 3093 1399 ι
3125 1347 3318 1403 Notam
3349 1347 3434 1400 fac
3457 1345 3614 1411 mihi,

2034 1429 2284 1503 Domine,
2317 1437 2486 1501 viam,
2524 1436 2577 1490 in
2610 1451 2721 1506 qua
2756 1436 3059 1503 ambulem,
3094 1437 3223 1505 quia
3262 1437 3326 1490 ad
3359 1446 3410 1491 te
3446 1435 3616 1488 levavi

2035 1530 2277 1589 animam
2310 1545 2511 1585 meam.
2551 1548 2572 1582 ι
2607 1527 2737 1584 Esto
2766 1528 2924 1594 mihi,
2965 1528 3164 1598 inquit,
3204 1528 3315 1582 dux
3337 1570 3350 1591 ,
3380 1535 3619 1582 rectum-

2036 1640 2144 1695 que
2170 1626 2270 1680 iter
2303 1625 2436 1679 mihi
2469 1623 2716 1679 ostende.
2747 1623 2832 1679 Ab
2857 1623 3113 1679 omnibus
3142 1623 3291 1678 enim
3322 1622 3486 1678 rebus
3517 1621 3619 1675 liu-

2037 1716 2216 1771 mauis
2244 1732 2418 1771 meam
2451 1716 2730 1772 abducens
2764 1715 3030 1781 animam,
3058 1729 3176 1773 eam
3200 1714 3322 1780 tibi,
3365 1712 3619 1778 Domine,

2038 1809 2261 1866 adduxL

2112 1898 2275 1954 Vsus.
2307 1898 2360 1956 9.
2402 1918 2422 1950 ι
2460 1899 2625 1969 Eripe
2666 1915 2755 1955 me
2797 1901 2867 1957 de
2911 1898 3154 1957 inimicis
3179 1899 3338 1963 meis,
3368 1895 3620 1961 Domine,

2039 1990 2105 2043 ad
2137 1999 2189 2044 te
2222 1989 2474 2059 confugi.
2514 2009 2533 2041 ι
2566 1990 2585 2011 ⁶
2612 1988 2856 2060 Fugiens
2890 1990 3103 2055 hostes,
3136 1998 3187 2045 te
3217 1987 3410 2058 refugii
3438 1987 3619 2042 locum

2039 2078 2240 2144 habeo,
2278 2088 2333 2133 et
2372 2087 2432 2133 ut
2462 2079 2531 2133 ab
2562 2077 2785 2133 illorum
2817 2079 3038 2133 insidiis
3066 2078 3268 2133 liberer
3295 2091 3513 2145 precor.

2112 2259 2281 2314 Vens.
2317 2260 2404 2315 to.
2447 2278 2466 2312 ι
2504 2262 2647 2315 Doce
2692 2274 2780 2315 me
2823 2259 3010 2317 facere
3054 2260 3392 2316 voluntatem
3435 2267 3623 2324 tuam,

2041 2352 2170 2420 quia
2216 2351 2361 2405 Deus
2389 2366 2547 2406 meus
2573 2366 2634 2406 es
2667 2362 2744 2405 tu.
2781 2371 2801 2403 ι
2837 2352 3108 2408 Caeterum
3139 2354 3392 2419 obsecro,
3424 2362 3484 2407 ut
3512 2368 3623 2408 non

2042 2441 2208 2495 modo
2256 2441 2429 2495 sciam
2480 2440 2610 2509 Quid
2656 2440 2813 2506 velis,
2858 2457 3051 2497 verum
3096 2443 3262 2496 etiam
3312 2452 3373 2496 ut
3424 2441 3623 2497 faciam

2044 2549 2166 2603 quae
2201 2534 2361 2595 velis,
2397 2532 2661 2601 quoniam
2704 2541 2756 2586 te
2805 2531 2976 2586 Deum
3024 2547 3205 2587 meum
3238 2538 3292 2587 et
3329 2530 3628 2587 Dominum

2044 2627 2180 2683 scio.
2235 2644 2253 2676 ι
2294 2623 2533 2694 Spiritus
2563 2632 2690 2679 tuus
2722 2623 2903 2678 bonus
2932 2623 3166 2678 deducet
3206 2638 3294 2679 me
3325 2623 3380 2681 in
3420 2632 3622 2681 terram

2043 2730 2273 2773 rectam.
2310 2735 2330 2766 ι
2371 2716 2510 2771 Hinc
2555 2716 2721 2770 etiam
2779 2716 3010 2785 spiritus
3061 2716 3384 2787 dignitatem
3429 2716 3626 2772 didici-

2044 2824 2190 2864 mus.
2242 2807 2398 2862 Sicut
2433 2809 2581 2861 enim
2618 2806 2761 2861 Deus
2801 2806 3022 2873 bonus,
3065 2807 3146 2862 sic
3176 2807 3341 2862 etiam
3389 2806 3628 2876 Spiritus

2047 2899 2360 2954 nominatus
2414 2905 2501 2952 est
2553 2898 2737 2951 bonus
2780 2915 2793 2950 :
2830 2905 2886 2953 et
2930 2897 3395 2967 quemadmodum
3455 2898 3625 2954 Deum

2045 2987 2353 3043 obsecravit
2385 2996 2445 3041 ut
2479 2987 2661 3056 ipsum
2688 2986 3009 3050 deduceret,
3042 2985 3127 3041 sic
3147 2987 3315 3043 etiam
3349 2997 3625 3057 precatur,

2046 3089 2107 3135 ut
2152 3080 2395 3149 Spiritus
2448 3079 2623 3133 sancti
2680 3079 2909 3134 ductum
2945 3089 3344 3149 consequatur,
3397 3090 3459 3135 ut
3490 3079 3631 3135 nihil

2049 3174 2152 3245 ipsi
2187 3173 2421 3228 arduum
2450 3183 2504 3227 ct
2533 3171 2756 3227 diﬁicile
2783 3179 3065 3242 appareat,
3093 3173 3187 3229 sed
3218 3182 3427 3228 rectam
3455 3173 3626 3238 viam,

2044 3279 2097 3323 et
2134 3268 2350 3337 planam
2370 3306 2384 3333 ,
2435 3274 2490 3321 et
2519 3265 2587 3320 ab
2617 3280 2810 3320 errore
2840 3265 3073 3320 liberam
3106 3274 3394 3335 sequatur.

2116 3444 2286 3500 Vsus.
2322 3445 2409 3499 Η.
2452 3463 2472 3496 ι
2508 3445 2740 3512 Propter
2770 3458 2975 3499 nomen
3019 3452 3198 3508 tuum,
3223 3443 3473 3511 Domine,
3492 3445 3633 3500 vivi-

2046 3538 2236 3593 {ie-abis
2289 3554 2396 3592 me.
2436 3556 2455 3588 ›
2505 3538 2587 3591 Τιι
2632 3552 2814 3607 regem
2858 3552 2947 3592 me
2980 3539 3200 3599 creasti,
3255 3546 3412 3592 tuum
3447 3547 3629 3594 autem

2048 3630 2371 3699 suffragium
2417 3638 2471 3682 et
2501 3627 2981 3699 inaugurationcm
3016 3644 3140 3681 sum
3171 3637 3504 3685 consecutus
3537 3638 3633 3685 :et

2047 3725 2238 3787 timeo,
2280 3738 2347 3776 ue
2379 3738 2409 3776 a
2439 3730 2490 3775 te
2521 3719 2833 3790 despectus,
2870 3729 3065 3774 auctor
3097 3720 3201 3776 sim
3242 3731 3302 3775 ut
3336 3730 3489 3775 tuum
3527 3735 3633 3774 no-

2046 3831 2172 3869 men
2219 3814 2362 3869 male
2407 3812 2619 3867 audiat.
2671 3811 2751 3867 Ne
2801 3811 2968 3880 igitur
2998 3812 3064 3865 ad
3093 3826 3269 3867 meam
3309 3811 3633 3882 dignitatem

2049 3904 2335 3974 respicias,
2370 3904 2466 3958 sed
2500 3904 2571 3958 ob
2606 3886 2983 3959 celebritatem
3017 3902 3258 3957 nominis
3293 3903 3367 3961 tui
3397 3902 3632 3958 salutem

2048 3998 2184 4053 mihi
2214 3996 2458 4064 imperti.
2494 4013 2514 4046 ι
2554 3995 2612 4049 In
2650 3996 2907 4065 aequitate
2938 4006 3030 4049 tua
3067 3996 3269 4050 educes
3301 3996 3368 4050 de
3401 3995 3633 4050 tribula-

2050 4091 2199 4146 tione
2253 4088 2493 4142 animam
2545 4102 2748 4141 meam.
2787 4105 2804 4137 ι
2861 4085 2996 4141 Nam
3046 4102 3169 4139 cum
3210 4102 3297 4141 me
3344 4096 3399 4141 et
3443 4086 3633 4143 hostes

2044 4181 2402 4254 iudicaveris,
2448 4179 2599 4250 juste
2646 4179 2860 4250 1552
2898 4194 2927 4233 a
2962 4179 3372 4235 calamitatibus
3411 4180 3480 4236 ab
3522 4181 3633 4236 illis

2049 4272 2309 4344 irrogatis
2343 4285 2429 4326 me
2463 4270 2745 4325 liberabis.

2123 4364 2288 4420 Vsus.
2342 4363 2433 4418 12.
2489 4380 2510 4415 ι
2548 4361 2617 4417 Ει
2662 4362 2717 4416 ἰιι
2768 4359 3144 4416 misericordia
3201 4368 3294 4415 tua
3353 4360 3635 4429 disperdes

371 4460 599 4532 ἐχθρούς
624 4478 749 4530 μου,
774 4461 871 4512 καὶ
900 4460 1122 4524 ἀπολεῖς
1152 4461 1360 4525 πάντας
1389 4465 1516 4526 τοὺς
1535 4463 1818 4528 θλίϐοντας
1845 4465 1935 4535 τὴν

2051 4458 2306 4515 inimicos
2335 4471 2491 4512 meos
2523 4473 2537 4509 :
2569 4463 2623 4511 et
2654 4454 2848 4524 perdes
2876 4467 3072 4507 omnes
3097 4453 3188 4521 qui
3219 4453 3486 4509 tribulant
3510 4454 3633 4507 ani-

368 4553 549 4624 ψυχήν
588 4569 712 4621 μου,
745 4552 827 4604 ὅτι
859 4549 970 4619 ἐγὼ
999 4550 1185 4613 δοῦλός
1214 4552 1308 4606 σού
1347 4555 1482 4624 εἰμι.
1517 4574 1536 4608 ›
1566 4554 1739 4609 Τοῦτο
1768 4557 1861 4610 καὶ
1891 4558 1948 4613 ὲν

368 4644 447 4713 τῷ
478 4644 584 4714 ρλε¹
626 4642 731 4712 ἔφη
761 4641 983 4713 ψαλμῷ,
1016 4662 1036 4695 ι
1066 4643 1156 4713 Τῷ
1207 4644 1507 4709 πατάξαντι
1544 4647 1819 4715 Αἴγυπτον
1851 4651 1949 4704 σὺν

369 4740 482 4801 τοῖς
519 4736 888 4803 πρωτοτόκοις
921 4736 1085 4790 αὐτοῦ
1109 4779 1124 4802 ,
1156 4738 1240 4791 ὅτι
1268 4741 1350 4801 είς
1381 4739 1471 4792 τὸν
1503 4741 1677 4795 αἰῶνα
1710 4742 1772 4795 τὸ
1801 4742 1949 4807 ἔλεος

369 4835 534 4888 αὐτου
599 4850 615 4883 ι
655 4831 766 4884 Καὶ
813 4829 1050 4883 ἐνταῦθα
1090 4830 1194 4898 ἔφη
1224 4869 1237 4895 ,
1293 4849 1312 4883 ι
1359 4832 1446 4884 Ἐν
1472 4833 1520 4865 ⁵³
1553 4833 1629 4904 τῷ
1674 4836 1814 4887 ἐλέει
1853 4852 1947 4889 σου

372 4921 778 4993 ὲξολοθρεύσεις
798 4916 937 4983 ’τοὺς
971 4918 1201 4990 ἐχθρούς
1235 4936 1354 4990 μου.
1397 4938 1415 4972 ι
1462 4920 1523 4974 Ὅ
1556 4923 1667 4993 γάρ
1700 4924 1827 4993 περὶ
1856 4924 1949 4976 τὸν

374 5015 728 5087 ἀδικούμενον
756 5015 908 5077 ἔλεος
936 5013 1133 5081 ἐπάγει
1166 5013 1244 5084 τῷ
1273 5014 1546 5068 ἀδικοῦντι
1576 5017 1666 5069 τὸν
1699 5016 1944 5088 ὄλεθρον.

376 5107 531 5160 Οὕτω
591 5108 686 5161 καὶ
739 5105 988 5178 γεωργὸς
1043 5105 1268 5176 ἄριστος
1314 5105 1648 5177 προρρίζους
1702 5112 1800 5177 μὲν
1851 5106 1950 5169 τὰς

376 5197 617 5261 ἀκάνθας
638 5198 920 5267 ἐκτέμνει,
958 5196 1113 5269 ἄρδει
1138 5196 1196 5249 δὲ
1226 5198 1320 5249 καὶ
1350 5199 1589 5268 γεωργεῖ
1614 5198 1680 5252 τά
1715 5197 1876 5264 φυτά.

482 5442 511 5471 ⁸
546 5432 690 5490 Psal.
734 5449 935 5502 cxxxv,
970 5437 1057 5491 ιο.

2050 4564 2197 4605 mam
2233 4562 2437 4612 meam,
2463 4545 2734 4615 quoniam
2771 4558 2873 4614 ego
2905 4558 3095 4598 servus
3125 4552 3254 4598 tuus
3291 4559 3435 4599 sum.
3469 4562 3488 4596 ι
3521 4542 3636 4601 Hoc

2048 4642 2213 4699 etiam
2248 4641 2305 4695 in
2351 4637 2655 4695 centesimo
2685 4635 2969 4691 tricesimo
2995 4636 3193 4704 quinto
3230 4638 3443 4704 psalmo
3469 4636 3628 4693 dixit.

2056 4754 2076 4787 ι
2118 4733 2224 4801 Qui
2273 4731 2551 4803 percussit
2592 4728 2891 4800 Egyptum
2942 4744 3067 4784 cum
3117 4730 3495 4800 primogenitis
3538 4745 3634 4785 eo-

2049 4842 2198 4893 rum,
2234 4825 2498 4895 quoniam
2548 4822 2605 4876 in
2640 4830 2906 4876 aeternum
2958 4820 3333 4875 misericordia
3382 4822 3502 4891 ejus
3527 4830 3576 4876 ι.
3606 4839 3629 4874 ι

2052 4920 2118 4972 Et
2156 4918 2263 4972 hoc
2292 4916 2347 4971 in
2383 4915 2506 4970 loco
2534 4914 2612 4969 ait
2646 4930 2660 4967 :
2691 4930 2711 4964 ι
2744 4911 2801 4966 In
2828 4911 3208 4967 misericordia
3236 4923 3324 4967 tua
3350 4914 3635 4983 disperdes

2054 5009 2309 5064 inimicos
2338 5020 2517 5062 meos.
2552 5024 2569 5057 ι
2597 5003 2733 5058 Nam
2758 5003 3139 5059 misericordia
3163 5020 3289 5073 erga
3313 5019 3440 5059 eum
3473 5003 3636 5059 adhi-

2052 5101 2185 5166 bita,
2234 5098 2329 5170 qui
2377 5097 2579 5166 injuria
2618 5095 2875 5159 adicitur,
2909 5095 3112 5166 injuria
3144 5095 3395 5150 atﬁcienti
3443 5095 3635 5150 interi-

2053 5202 2168 5248 tum
2214 5191 2433 5264 inlligit.
2484 5191 2577 5246 Sic
2633 5189 2797 5245 etiam
2853 5189 3096 5258 optimus
3145 5188 3387 5259 agricola
3436 5187 3635 5242 radici-

2061 5290 2149 5338 tus
2191 5282 2414 5352 quidem
2459 5280 2649 5351 spinas
2693 5277 2934 5343 excidit,
2980 5276 3172 5347 irrigat
3217 5285 3398 5330 autem
3428 5285 3481 5331 et
3507 5277 3640 5331 colit

2060 5375 2294 5446 plantas.

1475 5525 1708 5583 VARle
1747 5527 2135 5584 LECTIONES
2165 5528 2250 5584 ET
2282 5530 2517 5586 ΝΟΤᾸΞ.

447 5618 491 5647 ⁸⁸
521 5619 645 5677 Τῶν
679 5621 850 5689 ἀνθρ.
876 5621 1001 5693 cod.
1039 5622 1064 5676 1
1115 5621 1439 5693 ἀνθρώπων.

376 5695 420 5728 ⁸9
460 5694 672 5758 θέλεις.
702 5692 838 5746 lbitl.
870 5690 1048 5761 θέμις.

1160 5687 1347 5759 ’θΤῇ.
1380 5691 1500 5744 cod.
1533 5687 1704 5744 Vatic.
1746 5692 1830 5761 τῇ.

373 5795 441 5809 -—-
472 5781 606 5819 σου.
645 5762 767 5819 Des.
807 5763 857 5816 in
892 5762 1012 5816 cod.
1065 5763 1115 5815 1.

1541 5619 1585 5649 ⁸⁷
1618 5621 1794 5687 Πρός.
1843 5620 1897 5674 In
1931 5630 2076 5674 textu
2144 5618 2253 5674 τῶν
2305 5621 2359 5674 0'
2423 5619 2681 5691 praecedit
2729 5620 2833 5673 ὅτι.

1541 5687 1704 5744 Vatic.
1746 5692 1830 5745 τῆ.
1910 5691 1950 5724 δ’
1985 5691 2114 5745 Καί.
2141 5688 2305 5745 Abest
2329 5706 2360 5745 a
2392 5692 2574 5745 cod.1.
2662 5690 2708 5720 "
2737 5691 2833 5742 2w

2032 5705 2114 5744 αι.
2141 5705 2305 5746 Λυθει
2329 5706 2360 5745 3
2392 5705 2574 5747 οοιιΛ.

2959 5617 3004 5649 ’⁵⁸
3035 5616 3163 5670 Καί.
3207 5614 3328 5669 cod.
3395 5612 3414 5667 Ι
3450 5613 3638 5683 λπρόε.

2662 5690 2708 5720 ⁵¹
2737 5691 2880 5742 Σωτ.
2917 5687 2994 5742 Ib.
3028 5701 3211 5757 prtem.
3262 5687 3380 5751 σής.
3447 5677 3499 5745 ⁵³,
3524 5677 3641 5736 ’Ἑν
