3974 6206
331 379 460 450 1967

1319 381 1809 441 THEODORETI
1862 380 2199 440 EPISCOPI
2239 378 2608 438 CYRENSIS

3472 380 3609 448 l968

328 519 380 559 tu
418 500 595 563 Pater,
627 498 892 559 claritate,
929 511 1093 566 quam
1132 496 1395 551 habebam
1443 496 1584 566 apud
1622 507 1693 563 te,
1728 497 1910 567 prius-

2029 497 2224 569 Πάτερ,
2249 497 2315 566 τῇ
2343 488 2545 567 δόξῃ,
2568 488 2711 563 εἶχον
2749 490 2900 563 παρὰ
2920 493 3022 555 σοὶ,
3045 494 3147 565 πρὸ
3175 491 3267 548 τοῦ
3288 494 3373 548 τὸν
3400 499 3607 551 κόλπον

326 609 490 663 quam
517 592 754 647 mundus
777 590 931 645 ﬁeret
959 601 1003 644 ο.
1038 611 1053 641 ι
1097 589 1212 643 Non
1244 591 1410 660 igitur
1440 590 1908 660 assumpsitquod

327 706 435 747 nou
478 688 735 754 habebat,
768 687 865 743 sed
896 685 1041 756 quod
1082 684 1316 740 habebat
1344 684 1567 754 planum
1604 684 1909 754 ignoranti-

327 786 429 839 bus
461 782 665 838 factum
701 793 805 836 est.
841 780 954 835 lloc
982 780 1151 849 igitur
1186 778 1240 832 in
1281 778 1406 834 loco
1436 778 1603 832 etiam
1634 776 1909 848 Propheta

326 889 433 927 non
475 870 646 927 altum
680 870 850 926 Deum
884 885 941 925 se
971 869 1294 924 eﬂ‘ecturum
1329 867 1621 937 promittit,
1657 868 1749 922 sed
1791 866 1912 937 ejus

326 963 675 1019 altitudinem
736 962 1054 1017 hominibus
1107 970 1505 1027 ostensurum,
1556 959 1738 1031 quoad
1793 958 1906 1012 ﬁeri

326 1065 523 1125 potest.
539 1056 601 1110 Et
619 1056 864 1111 omnium
888 1054 1147 1118 Deum,et
1168 1054 1337 1108 Deum
1358 1063 1409 1108 et
1426 1067 1607 1123 regem
1629 1052 1908 1122 proprium

338 1151 602 1217 nominat,
652 1151 858 1206 amoris
909 1149 960 1201 vi
998 1151 1065 1203 ad
1122 1149 1223 1202 hoc
1262 1146 1571 1202 faciendum
1614 1145 1905 1217 impulsus.

400 1262 567 1319 Vens.
602 1263 658 1318 2.
690 1282 708 1315 ι
758 1261 860 1317 Per
909 1262 1158 1331 singulos
1187 1261 1303 1316 dies
1338 1258 1656 1315 benedicam
1691 1256 1824 1322 tibi,
1858 1265 1912 1311 et

325 1354 562 1410 laudabo
604 1370 802 1409 nomen
828 1364 979 1409 tuum
1009 1354 1062 1406 in
1103 1351 1363 1407 sarculum
1391 1394 1404 1417 ,
1450 1362 1502 1405 et
1542 1351 1600 1406 in
1648 1350 1907 1405 sacculum

328 1447 534 1502 s.eculi.
572 1464 591 1497 ι
626 1445 855 1514 Semper
896 1456 967 1508 te,
1013 1443 1217 1513 inquit,
1255 1442 1575 1507 celebrabo,
1613 1450 1666 1495 et
1697 1439 1908 1496 nullum

326 1538 471 1593 diem
502 1537 683 1594 laudis
710 1545 986 1607 expertem
1025 1536 1222 1591 sinam.

400 1629 569 1686 Vens.
603 1631 655 1685 5.
701 1649 719 1682 ι
761 1628 987 1698 Magnus
1030 1627 1295 1683 Dominus
1321 1668 1334 1692 ,
1374 1634 1426 1681 et
1462 1623 1754 1680 admodum
1790 1622 1912 1678 lau-

330 1722 551 1789 dabilis,
574 1730 631 1777 et
662 1719 1059 1791 magnitudinis
1093 1717 1213 1789 ejus
1239 1732 1346 1770 non
1378 1725 1465 1770 est
1508 1714 1653 1769 ﬁnis.
1704 1732 1722 1765 ι
1760 1710 1911 1779 Quo-

330 1817 476 1871 niam
503 1815 686 1870 omnis
715 1812 1033 1883 magnitudo
1065 1809 1365 1873 sensibilis,
1406 1808 1452 1865 si
1493 1805 1910 1877 longitudinem,

328 1917 384 1963 ct
413 1906 782 1971 latitudinem,
817 1914 869 1960 et
915 1901 1344 1975 profunditatem
1397 1899 1643 1954 metiaris
1668 1942 1682 1965 ,
1722 1906 1910 1952 osten-
1941 1907 1983 1962 Β

328 2001 479 2056 ditur
506 2013 730 2070 magna,
764 1995 961 2051 merito
996 1994 1274 2048 subdidit:
1307 2013 1325 2045 ‹
1370 1990 1765 2063 Magnitudiuis
1795 1989 1914 2059 ejus

331 2110 437 2150 non
479 2101 565 2148 est
594 2091 760 2157 linis;
797 2109 816 2142 ι
869 2098 926 2143 ιιι
969 2102 1119 2149 eum,
1156 2086 1248 2158 qui
1285 2084 1617 2149 celebratur,
1662 2081 1916 2151 incorpo-

332 2202 484 2240 reum
528 2192 582 2237 ct
629 2179 1171 2248 incircumscriptum
1217 2191 1338 2231 esse
1370 2175 1733 2231 demonstret.
1778 2169 1912 2226 Nam

331 2289 589 2347 maguum
625 2272 853 2345 quidem
898 2270 1101 2343 ipsum,
1141 2268 1343 2339 inquit,
1389 2268 1539 2332 novi,
1578 2283 1686 2321 non
1729 2275 1914 2321 tamen

332 2363 728 2437 comprehendi
784 2360 1112 2434 posse,nec
1162 2357 1722 2428 mensurari.'Neque
1765 2358 1912 2414 enim

334 2457 703 2528 principium,
759 2470 936 2526 neque
987 2455 1152 2510 linem
1210 2451 1606 2525 magnitudinis
1652 2452 1913 2508 invenio:

335 2553 449 2607 lucc
499 2549 646 2606 enim
706 2547 921 2604 infinita
961 2558 1068 2615 est,
1100 2558 1154 2603 et
1187 2562 1407 2603 omnem
1458 2546 1661 2600 mentis
1695 2560 1914 2616 captum

336 2642 705 2704 transcendit.

413 2738 579 2792 Vnus.
602 2737 653 2790 4.
695 2754 713 2782 ο
748 2732 1039 2788 Generatio
1068 2742 1121 2788 et
1159 2733 1441 2804 generatio
1470 2733 1717 2789 laudabit
1748 2748 1918 2803 opera

337 2840 453 2895 tua,
490 2841 544 2885 et
566 2827 864 2899 potentiam
905 2834 1054 2879 tuam
1100 2825 1555 2895 pronuntiabunt.
1593 2846 1611 2877 ι
1648 2825 1914 2895 Deinceps

335 2922 582 2992 gentium
638 2918 852 2991 1560
913 2918 1164 2989 praecinit
1234 2918 1476 2974 divinam
1526 2919 1913 2989 cognitionem.

337 3010 454 3067 Non
492 3010 672 3067 solum
710 3009 882 3070 enim,
927 3008 1140 3079 inquit,
1180 3022 1282 3063 nos
1317 3008 1411 3078 qui
1452 3025 1516 3064 ex
1579 3007 1777 3063 lsraele
1823 3007 1919 3063 de-

342 3104 682 3169 scendimus,
713 3117 808 3175 per
832 3103 976 3158 hanc
1003 3101 1414 3173 generationem
1434 3110 1485 3156 te
1513 3099 1917 3156 benefactorem

341 3197 716 3261 laudabimus,
740 3195 835 3251 sed
869 3195 1033 3250 etiam
1072 3195 1180 3250 alia
1213 3194 1518 3261 generatio,
1554 3192 1801 3248 Ecclesia
1828 3192 1917 3247 ni-

344 3292 547 3346 mirum
586 3288 1050 3360 magnificentiam
1074 3286 1412 3358 praedicabit.

408 3382 577 3437 Vsns.
612 3382 666 3438 5.
708 3400 726 3434 ι
763 3380 1221 3451 Magnilicentiam
1248 3380 1438 3450 gloria:
1479 3379 1786 3436 sanctitatis
1819 3388 1923 3434 tua:

341 3476 672 3545 loquentur,
724 3483 779 3527 et
821 3471 1096 3526 mirabilia
1135 3481 1232 3525 tua
1288 3473 1612 3526 narrabunt.
1650 3490 1670 3523 ι
1717 3467 1921 3523 Natura

340 3568 463 3637 ejus
484 3566 579 3637 qui
614 3563 870 3621 laudatur
902 3563 1191 3633 Propheta:
1217 3564 1364 3618 vires
1395 3571 1638 3634 superat.
1671 3560 1806 3616 Nam
1840 3563 1924 3615 di-

340 3675 476 3732 gnas
502 3668 556 3713 et
577 3667 784 3711 natura:
805 3665 961 3725 aptas
980 3655 1375 3725 appellationes
1400 3653 1705 3723 inquirens,
1728 3652 1924 3707 deinde

342 3750 563 3820 assequi
599 3764 709 3804 non
746 3748 962 3811 valens,
1011 3747 1181 3801 multa
1219 3747 1274 3801 in
1313 3761 1481 3799 unum
1528 3745 1749 3799 nomina
1790 3760 1923 3799 con-

346 3844 533 3906 nectit,
568 3840 880 3897 sanctitatis
908 3840 1137 3905 gloriam
1168 3848 1222 3892 et
1247 3837 1710 3907 magniﬁcentiam
1740 3824 1926 3908 appel-

344 3938 485 3991 lans.
526 3934 651 3988 Haec
682 3932 848 4003 igitur
886 3928 1137 4000 pracinit
1160 3929 1229 3984 ab
1262 3930 1368 3985 alia
1406 3929 1757 4001 generatione
1788 3946 1924 4002 prae-

342 4028 573 4085 dicanda
600 4039 743 4083 esse.

420 4142 587 4199 Vatis.
622 4142 675 4198 6.
705 4159 725 4193 ι
757 4140 823 4196 Et
845 4140 1110 4195 virtutem
1137 4137 1463 4193 terribilium
1498 4146 1717 4193 tuorum
1742 4139 1926 4193 dicent

344 4246 398 4292 ct
426 4232 867 4305 magnitudinem
904 4239 1058 4285 tuam
1109 4229 1430 4284 narrabant.
1468 4245 1488 4278 ι
1530 4226 1760 4282 Videtur
1797 4229 1925 4295 qui-

345 4331 470 4382 dem
506 4324 806 4395 tautologia
845 4324 951 4389 uti,
992 4321 1206 4378 diversa
1246 4328 1432 4374 tamen
1463 4320 1752 4390 signiﬁcat.
1790 4318 1924 4373 Nam

345 4418 618 4473 un'rabilia
635 4415 792 4480 dicit,
821 4414 1093 4470 miracula
1115 4413 1171 4468 in
1196 4413 1565 4484 quorumdam
1600 4412 1925 4466 beneﬁcium

343 4512 527 4567 edita:
552 4510 804 4574 uirtutem
829 4516 1016 4562 autem
1059 4504 1400 4567 terribilium,
1435 4517 1630 4573 magna
1662 4516 1825 4571 opera
1857 4502 1927 4557 ob

2011 586 2287 656 γενέσθαι.
2317 605 2335 637 ι
2363 587 2435 638 Οὐ
2468 587 2646 639 τοίνυν
2675 585 2867 638 ἔλαϐεν
2898 584 2927 638 ὃ
2966 585 3040 657 μὴ
3074 580 3248 657 εἶχεν,
3287 588 3403 642 ἀλλ’
3436 589 3464 641 ὂ
3490 585 3607 660 εἶχε

2011 680 2172 749 δῆλον
2201 681 2315 743 τοῖς
2341 679 2442 732 οὐκ
2488 678 2687 731 εξδνέσιν
2730 678 2968 745 ἐγένετο.
3007 680 3116 732 Καὶ
3159 680 3397 735 ἐνταῦθα
3428 683 3608 736 τοίνυν

2011 775 2039 827 ὁ
2073 773 2369 844 Προφήτης
2396 771 2495 843 οὐχ
2534 771 2741 842 ὐψηλίν
2775 775 2952 825 ποιεῖν
2982 774 3072 827 τὸν
3106 774 3238 827 Θεὸν
3272 776 3606 843 ἐπαγγέλλε-

2011 883 2123 927 ται,
2152 864 2291 919 ἀλλὰ
2315 865 2375 916 τὸ
2410 863 2543 933 ὕψος
2573 863 2741 917 αὐτοῦ
2774 867 2887 929 τοῖς
2922 865 3254 935 ἀνθρώποις,
3288 867 3362 932 ὡς
3401 862 3511 920 diu
3545 886 3606 921 τε

2011 958 2318 1012 δεικνύναι’
2351 959 2447 1010 καὶ
2486 957 2578 1010 τὸν
2613 958 2873 1012 ἁπάντων
2905 945 3060 1023 Θεὸν,
3095 961 3188 1013 καὶ
3218 961 3352 1014 Θεὸν
3383 962 3476 1014 καὶ
3506 963 3604 1032 βα-

2015 1053 2165 1106 σιλέα
2195 1053 2328 1107 ῐδιον
2372 1051 2651 1123 ὀνομάζει,
2685 1053 2791 1108 ὑπὸ
2833 1052 2930 1106 τοῦ
2975 1052 3203 1124 φίλτρου
3239 1054 3397 1107 τοῖτο
3432 1057 3607 1107 ποιεῖν

2014 1144 2412 1215 προαγόμενος.

2086 1258 2150 1327 β’.
2194 1278 2212 1311 ι
2254 1257 2393 1312 Καθ’
2426 1258 2663 1329 ἑκάστην
2702 1257 2918 1329 ἡμέραν
2948 1258 3231 1329 εὐλογήσω
3266 1274 3348 1318 σε.
3392 1258 3489 1310 καὶ
3520 1260 3610 1311 a2-

2012 1350 2155 1403 νέσω
2182 1351 2243 1403 τὸ
2264 1350 2436 1420 ὄνομα
2476 1367 2571 1403 σου
2604 1351 2683 1413 είς
2725 1350 2814 1403 τὸν
2860 1349 3057 1415 αίῶνα,
3088 1352 3182 1403 καὶ
3210 1352 3291 1414 εἰς
3317 1351 3410 1404 τὸν
3430 1350 3608 1404 αἰῶνα

2012 1444 2108 1497 τοῦ
2141 1443 2357 1508 αἰῶνος.
2397 1464 2414 1496 ι
2474 1443 2584 1497 ’Δεί
2617 1460 2698 1506 σε.
2736 1443 2923 1514 φησὶν,
2957 1444 3142 1514 ὑμνῶν
3170 1443 3483 1510 διατελέσω,
3512 1445 3608 1499 καὶ

2013 1536 2275 1608 οὐδεμίαν
2301 1537 2516 1609 ἡμέραν
2540 1537 2770 1609 ἄμοιρον
2802 1538 2948 1590 ἐάσω
2978 1537 3080 1608 τῆς
3110 1537 3404 1609 ὐμνῳδίας.

2085 1657 2156 1721 γ’.
2202 1670 2219 1701 ⁸
2250 1651 2442 1722 Μέγας
2485 1651 2710 1722 Κύριος.
2734 1654 2829 1705 καὶ
2874 1652 3087 1714 αἰνετὸς
3117 1653 3345 1724 σφόδρα,
3378 1654 3472 1707 καὶ
3506 1657 3608 1724 τῆς

2019 1742 2413 1813 μεγαλωσύνης
2447 1741 2617 1796 αὐτοῦ
2657 1743 2758 1795 οὐκ
2802 1742 2918 1796 ἔστι
2944 1744 3138 1812 πέρας.
3173 1762 3192 1795 ι
3238 1744 3455 1815 Ἐπειδὴ
3497 1748 3607 1799 πᾶν

2022 1834 2255 1906 μέγεθος
2285 1835 2548 1905 αίσθητὸν
2580 1836 2768 1906 μήκει,
2803 1837 2896 1889 καὶ
2931 1835 3146 1903 πλάτει,
3179 1836 3276 1891 καὶ
3307 1836 3459 1906 βάθει
3502 1856 3607 1906 μευ

2019 1928 2321 1999 τρούμενον
2378 1928 2659 1982 δείκνυται
2706 1929 2871 1999 μέγα,
2914 1929 3143 1992 εἰκότως
3182 1931 3482 2001 ἐπήγαγεν,
3518 1931 3606 1983 ὅτι

2023 2040 2042 2075 ι
2079 2021 2190 2090 Τῆς
2221 2019 2616 2091 μεγαλωσύνης
2647 2019 2817 2074 αὐτοῦ
2852 2020 2949 2074 οὐκ
2979 2019 3097 2074 ἔστι
3127 2020 3327 2093 πέρας,
3350 2039 3370 2073 ι
3394 2021 3479 2075 ἴνα
3505 2022 3606 2073 καὶ

2014 2112 2308 2183 ἀσώματον
2338 2111 2510 2186 δείξῃ,
2556 2113 2653 2167 καὶ
2697 2111 3080 2185 άπερίγραφον
3121 2113 3215 2166 τὸν
3244 2112 3599 2184 ὑμνούμενον.

2016 2206 2212 2274 Μέγαν
2253 2205 2354 2277 μὲν
2387 2205 2497 2276 γὰρ
2524 2206 2715 2270 αὐτὸν,
2747 2207 2934 2277 φησὶν,
2962 2200 3103 2269 οἶδα,
3135 2206 3197 2258 οὐ
3227 2205 3336 2278 μὴν
3362 2205 3602 2273 ἐφικτὸν,

2017 2296 2143 2352 οὔτε
2178 2297 2286 2369 μὴν
2306 2298 2354 2329 ⁸³
2387 2299 2679 2370 μετρητόν.
2725 2297 2866 2353 Οῠτε
2896 2299 3008 2370 γὰρ
3040 2297 3237 2369 ἀρχὴν,
3288 2295 3413 2350 οὔτε
3454 2295 3602 2358 τέλος

2018 2390 2113 2444 τοῦ
2145 2388 2411 2460 μεγέθους
2437 2391 2699 2461 εὑρίσκω.
2735 2391 2999 2463 ’Ἄπειρον
3029 2391 3139 2462 γὰρ
3165 2389 3341 2454 τοῦτο,
3381 2390 3470 2443 καὶ
3491 2389 3595 2441 πᾶ-

2021 2498 2123 2536 σαν
2152 2482 2483 2553 ὑπερϐαῖνον
2512 2482 2843 2553 κατάληψιν.

2089 2740 2152 2794 δ’.
2193 2760 2210 2793 i
2256 2742 2424 2797 Γενεὰ
2453 2745 2547 2797 καὶ
2569 2744 2731 2813 γενεά
2762 2744 3041 2798 ἐπαινέσει
3076 2745 3146 2798 τὰ
3175 2744 3313 2816 ἔργα
3358 2761 3469 2804 σου,
3503 2745 3600 2796 καὶ

2019 2832 2118 2902 τὴν
2142 2834 2372 2905 δύναμίν
2405 2853 2497 2888 σου
2517 2836 2917 2906 ἀπαγγελοῦσι.
2943 2856 2961 2890 ι
2998 2836 3281 2891 Ἐντεῦθεν
3310 2836 3414 2890 τῶν
3436 2835 3604 2890 ὲθνῶν

2022 2924 2364 2994 προεκήρυξε
2415 2925 2515 2997 τὴν
2560 2926 2710 2980 Θείαν
2757 2926 3075 2996 ἐπίγνωσιν.
3134 2927 3209 2979 Οὐ
3264 2927 3370 2996 γὰρ
3421 2927 3600 2995 μόνον,

2022 3018 2208 3087 φησὶν,
2238 3018 2421 3089 ἡμεῖς,
2445 3021 2493 3072 οἱ
2523 3020 2582 3086 ἐξ
2622 3018 2838 3091 Ἰσραὴλ
2858 3019 2927 3085 9",
2956 3019 3098 3072 κατὰ
3125 3017 3280 3091 τήνδε
3296 3018 3395 3086 τὴν
3413 3016 3603 3085 γενιὰν

2023 3123 2083 3160 σε
2114 3107 2204 3160 τὸν
2231 3108 2530 3179 εὐεργέτην
2564 3109 2901 3180 ὑμνήσομεν,
2925 3108 3061 3164 ἀλλὰ
3101 3108 3195 3163 καὶ
3229 3107 3391 3178 έτέρα
3417 3123 3541 3175 γενε
3555 3108 3599 3170 ἃ,

2024 3199 2149 3271 ήὲξ
2181 3199 2351 3253 ἐθνῶν
2399 3201 2733 3267 Ἐκκλησία,
2776 3201 2885 3255 τῶν
2929 3202 3107 3272 ἔργων
3150 3218 3243 3255 σου
3292 3200 3391 3271 τὴν
3437 3216 3607 3270 μεγα·

2024 3289 2280 3363 λουργίαν
2309 3291 2556 3362 κηρύξει.

2095 3390 2157 3438 ε’.
2184 3401 2201 3434 ι
2227 3383 2339 3453 Τὴν
2356 3385 2402 3416 ⁸⁸
2425 3383 2905 3455 μεγαλοπρέπειαν
2922 3384 3209 3456 τῆςδὸξης
3238 3384 3338 3455 τῆς
3359 3385 3407 3417 ⁸⁸
3436 3384 3603 3453 άγιω·

2027 3477 2196 3547 σύνης
2246 3493 2339 3529 σου
2385 3475 2699 3547 λαλήσουσι,
2737 3477 2829 3530 καὶ
2865 3477 2934 3531 τὰ
2968 3477 3252 3547 θαυμάσιά
3290 3494 3385 3530 σου
3414 3477 3603 3548 διηγή·

2029 3583 2232 3621 σονται.
2264 3585 2280 3617 ι
2317 3567 2462 3638 Νικᾷ
2486 3566 2582 3620 τοῦ
2606 3568 2897 3640 Προφήτου
2921 3566 3018 3638 τὴν
3044 3566 3275 3635 δύναμιν
3302 3566 3397 3620 τοῦ
3419 3568 3611 3637 ὑμνου-

2029 3662 2193 3729 μένου
2219 3660 2251 3729 ἡ
2275 3659 2458 3727 φύσις.
2494 3660 2548 3713 Ἀ
2560 3659 2676 3725 ξίας
2696 3659 2805 3733 γὰρ
2829 3660 3104 3729 ἐπιζητῶν
3132 3659 3228 3711 καὶ
3243 3661 3539 3731 προσφυεῖς
3562 3660 3607 3689 ’⁷

1996 3753 2424 3822 προσηγορίας,
2460 3748 2579 3806 εἶτα
2605 3754 3009 3826 διαμαρτάνων,
3043 3752 3213 3806 πολλὰ
3245 3751 3389 3804 κατά
3416 3752 3602 3805 ταυτὸν

2026 3842 2314 3897 ἐπιπλέκει
2360 3843 2621 3914 ὀνόματα,
2666 3843 2982 3911 ἁγιωσύνης
3026 3843 3186 3907 δόξαν
3237 3844 3333 3894 καὶ
3382 3841 3605 3911 μεγαλο-

2028 3934 2302 4004 πρέπειαν
2337 3933 2640 3998 ὀνομάζων.
2691 3932 2879 3985 Ταῦτα
2928 3934 3028 4003 μέν
3071 3950 3151 3985 τοι
3200 3930 3456 4003 προλέγει
3506 3931 3609 3983 ὐπδ

2025 4025 2126 4095 τῆς
2155 4026 2347 4097 ἑτέρας
2380 4025 2822 4097 κηρυχθήσεσθαι
2850 4028 3063 4095 γενεᾶς.

2098 4134 2175 4200 ς’.
2218 4155 2236 4187 ι
2280 4136 2395 4189 Καὶ
2435 4135 2535 4205 τὴν
2578 4135 2811 4208 δύναμιν
2851 4136 2959 4189 τῶν
2993 4135 3241 4208 φοϐερῶν
3284 4154 3376 4190 σου
3406 4133 3602 4208 ἐροῦσι,

2028 4228 2121 4279 καὶ
2152 4227 2251 4297 τὴν
2302 4225 2693 4299 μεγαλωσύνην
2748 4244 2842 4281 σου
2896 4228 3252 4299 διηγήσονται
3275 4229 3342 4283 9⁸.
3379 4246 3398 4279 ι
3451 4227 3609 4278 Δοκεῖ

1982 4346 1991 4353 ~
2031 4320 2129 4390 μὲν
2153 4318 2479 4390 ταυτολογία
2503 4320 2549 4353 ⁹⁹
2594 4319 2930 4391 κεχρῆσθαι,
2970 4321 3199 4391 διάφορα
3233 4320 3289 4373 δὲ
3321 4321 3470 4389 ὅμως
3509 4335 3609 4387 ση-

2032 4412 2235 4482 μαίνει.
2254 4411 2574 4481 Θαυμάσια
2589 4413 2687 4483 μὲν
2714 4411 2823 4484 γάρ
2846 4413 3014 4482 λέγει,
3044 4412 3113 4466 τὰ
3148 4413 3236 4467 ἐπ’
3265 4411 3611 4483 εὐεργεσίαις

2027 4504 2189 4558 τινῶν
2216 4505 2478 4575 γινόμενα
2511 4504 2799 4576 θαύματα’
2832 4505 3091 4574 δύναμιν
3116 4505 3171 4558 δὲ
3203 4504 3488 4574 φοϐερῶν,
3510 4505 3612 4569 τὰς

347 4604 581 4659 aliorum
621 4600 889 4672 supplicia
937 4606 1182 4669 peracta.
1224 4595 1389 4651 Verbi
1437 4596 1609 4665 gratia
1655 4595 1798 4663 quod
1832 4609 1917 4664 per

2030 4600 2125 4650 ἐπὶ
2150 4598 2393 4668 τιμωρίᾳ
2424 4597 2631 4670 ἑτέρων
2672 4598 2979 4669 δειχθείσας
3025 4598 3463 4669 μεγαλουργίας*
3501 4589 3613 4649 οἷον

346 4695 592 4752 divinum
631 4693 816 4748 Mosen
848 4689 1084 4762 Egypto
1110 4690 1258 4744 varia
1288 4688 1498 4759 ﬂagella
1546 4686 1825 4751 inﬂixcrit,
1870 4688 1925 4740 iu

349 4788 456 4845 illis
499 4785 676 4841 virtus
738 4781 1062 4840 terribilium
1111 4780 1460 4851 intelligenda
1512 4788 1634 4833 est:
1688 4780 1832 4848 quod
1872 4782 1925 4834 in

354 4880 652 4938 solitudine
683 4892 885 4933 manna
923 4876 1123 4946 populo
1153 4875 1611 4945 suppeditaverit,
1648 4883 1701 4927 et
1739 4886 1931 4927 cotur-

348 4976 498 5030 nices
527 4969 687 5044 quasi
740 4970 839 5024 reti
881 4968 1204 5038 complexus
1233 4967 1337 5029 sit,
1382 4976 1436 5019 et
1475 4976 1674 5019 terram
1717 4966 1927 5020 aridam

348 5064 722 5130 inuudaverit,
757 5064 873 5119 hanc
897 5063 951 5117 iu
989 5061 1409 5116 admirationem
1436 5068 1719 5127 gratorum
1752 5058 1929 5113 humi-

406 5288 428 5311 ν
459 5272 616 5326 .loan.
647 5284 779 5334 xvn,
805 5266 859 5320 5.

2029 4689 2117 4741 διὰ
2153 4688 2247 4741 τοῦ
2280 4689 2574 4743 θεσπεσίου
2595 4688 2831 4744 Μωῦσοῦ
2866 4691 2932 4760 τῇ
2962 4689 3227 4760 Αἰγύπτῳ
3263 4685 3615 4749 παντοδαπὰς

2030 4782 2281 4853 ἐπήγαγε
2315 4782 2598 4853 μάστιγας
2623 4797 2638 4813 ·
2698 4784 2885 4837 ἐκεῖνα
2925 4781 3147 4852 νοητὲον
3189 4780 3420 4851 δύναμιν
3450 4777 3616 4848 φοϐε-

2032 4877 2163 4949 ρῶν.
2206 4878 2295 4931 Ἐν
2319 4881 2385 4949 τῇ
2419 4880 2613 4951 ἐρήμῳ
2645 4880 2820 4949 μάννα
2863 4879 3085 4949 ἐκόμισε
3120 4877 3199 4948 τῷ
3232 4876 3365 4947 λαῷ,
3395 4876 3483 4928 καὶ
3518 4875 3616 4944 ὀρ-

2028 4971 2386 5041 τυγομήτρας
2444 4973 2715 5043 ἐπέδησε,
2762 4972 2858 5025 καὶ
2897 4973 2996 5043 τὴν
3041 4971 3267 5042 ἄνυδρον
3314 4968 3615 5023 ἐπέκλυσε·

2030 5062 2203 5116 ταῦτα
2243 5064 2322 5128 εἰς
2351 5064 2535 5138 θαῦμα
2566 5065 2676 5120 τῶν
2710 5065 3070 5138 εὐγνωμόνων
3096 5066 3194 5128 τὰς
3233 5063 3476 5135 γλιὶττας
3501 5059 3618 5115 ἐκίο

1381 5492 1618 5547 νᾹΙὶΙᾹΞ
1664 5487 2046 5547 LECTIUNES
2091 5486 2177 5541 ΕΤ
2209 5487 2444 5544 NOTAE.

427 5627 474 5658 "
500 5635 647 5702 οὔτε
666 5634 812 5702 μήν.
843 5634 915 5687 ib.
947 5635 1089 5687 οὐδέ.

354 5770 645 5833 προφανεῖς
699 5773 819 5831 τὰς.

1201 5635 1248 5665 ³³
1291 5631 1549 5699 Ἰσραήλ.
1589 5631 1711 5686 COtl.
1750 5630 1998 5685 ὶὲθνῶν.

351 5699 762 5772 διηγήσονὲιιι.
816 5702 976 5758 llcbr.
1020 5703 1322 5772 Majeslatis
1381 5713 1505 5768 tum,
1549 5712 1596 5754 et
1631 5701 1783 5772 verba
1820 5718 1865 5772 s.
1895 5713 2058 5769 opera
2086 5702 2375 5766 mirabilia,
2421 5715 2512 5755 tua
2569 5707 2820 5757 narrabo.

904 5773 941 5803 ’⁸
980 5770 1398 5841 Διηπλήσονται.
1435 5772 1597 5827 llebr.
1640 5770 1886 5825 Narrabo
1909 5787 2046 5825 eam.

2096 5631 2142 5662 "
2185 5632 2320 5696 Τήν.
2352 5633 2402 5685 in
2443 5643 2586 5686 textu
2625 5633 2730 5686 τῶν
2777 5638 2831 5686 0¹
2878 5646 3040 5702 prtem
3096 5634 3224 5687 Καί.
3328 5634 3374 5666 ⁸⁸
3408 5630 3513 5699 Τῆς
3542 5662 3619 5677 ‹-

2096 5702 2375 5757 mirabilia.
2421 5715 2512 5755 tua
2569 5707 2820 5757 narrabo.
2917 5703 2961 5734 ⁹⁷
2994 5703 3351 5757 [Ιοοσωυεῖρ.
3409 5706 3534 5757 cod.
3584 5707 3610 5757 ί

3035 5717 3201 5772 ιωοσφ
3210 5722 3351 5769 ιέις.
3409 5717 3534 5761 cou.

2124 5772 2168 5804 ’θ
2197 5772 2317 5828 cod.
2355 5774 2374 5824 1
2421 5774 2819 5842 ταυτολογίαις.
