3974 6206
427 195 564 298 ωσι

1656 287 1659 290 .
1750 239 1832 300 IN
1867 239 2074 299 PSAL.
2127 238 2372 302 CXLIV.

3560 239 3707 308 1970

425 360 578 414 viges.
612 339 828 414 Ταύτην
857 345 952 398 καὶ
981 343 1010 398 ὀ
1049 343 1193 410 θεῖος
1235 347 1558 414 Ἀπόστολος
1585 349 1882 420 ἐποιήσατο
1911 351 2010 426 τὴν

2139 367 2244 406 tum
2265 351 2482 422 linguas
2515 351 2872 424 impulerunt.
2914 349 3066 409 lianc
3088 351 3254 408 etiam
3294 352 3515 410 divinus
3549 354 3698 426 Apu-

425 437 713 507 διαίρεσιν.
754 435 901 508 Ἔφη
951 437 1081 510 γὰρ,
1123 439 1228 493 ὑπὸ
1270 440 1364 494 τοῦ
1395 443 1665 512 παναγίου
1697 443 2014 516 [Ινεύματος

427 529 692 596 δεδόσθαι,
737 529 802 583 οὐ
833 530 995 602 μόνον
1045 533 1363 605 χαρίσματα
1413 538 1694 608 ἰαμάτων,
1741 541 1876 596 ἀλλὰ
1919 543 2016 596 καὶ

427 623 784 695 ἐνεργήματα
811 624 1116 694 δυνάμεων.
1141 627 1250 681 Καὶ
1274 629 1432 683 καλεῖ
1459 631 1562 701 μὲν
1589 634 1906 704 χαρῖσματα
1937 635 2018 688 ία-

431 714 640 783 μάτων,
667 715 778 768 τῶν
809 715 998 787 χωλῶν
1026 717 1119 771 τὸν
1157 719 1381 791 δρόμον,
1438 723 1533 775 καὶ
1576 722 1685 776 τῶν
1716 721 2018 796 ἀρρώστων

427 804 526 876 τὴν
559 806 798 874 ὑγίειαν,
847 809 941 862 καὶ
976 810 1086 864 τῶν
1130 812 1341 884 νεκρῶν
1378 814 1477 885 τὴν
1524 816 1825 870 ἀνάστασιν
1848 859 1861 883 ,
1924 821 2018 872 καὶ

430 899 530 952 ὅσα
573 900 823 957 τοιαῦτα.
886 903 1292 974 Ἑνεργήματα
1337 909 1394 964 δὲ
1428 911 1764 982 δυνάμεων,
1791 917 1890 986 τὴν
1922 914 2018 969 τοῦ

445 991 653 1061 Ἔλυμα
666 993 998 1064 τυφλότητα,
1025 998 1118 1052 τοῦ
1137 1001 1152 1031 ί
1186 1001 1430 1056 Ἀνανίου
1455 1007 1546 1057 καὶ
1575 1007 1678 1076 τῆς
1705 1009 2019 1080 Σαπφείρας

431 1081 522 1134 τὸν
555 1081 808 1150 θάνατον,
837 1089 962 1150 τοὺς
987 1087 1065 1158 τῷ
1093 1089 1308 1162 Σατανᾷ
1329 1094 1756 1164 παραδοθέντας.
1781 1099 1866 1152 ἵνα
1889 1117 2020 1153 παι-

432 1173 663 1230 δευθῶσι
697 1177 774 1248 μὴ
801 1178 1161 1252 βλασφημεῖν.

506 1268 572 1332 ξ’.
621 1289 641 1322 ι
669 1272 910 1342 Μνήμην
962 1273 1059 1328 τοῦ
1111 1276 1350 1347 πλήθους
1382 1281 1480 1351 τῆς
1519 1285 1888 1354 χρηστότητός
1924 1305 2017 1342 σου

435 1359 828 1435 ἐξερεύξονται,
855 1364 949 1418 καῖ⁹
971 1369 1036 1436 τῇ
1062 1366 1380 1442 δικαιοσύνῃ
1403 1389 1500 1426 σου
1527 1376 1968 1442 ἀγαλλιάσονται.
1999 1400 2017 1434 ι

439 1451 700 1508 Βούλεται
737 1455 837 1523 μὲν
861 1458 890 1508 ὁ
922 1457 1219 1530 Προφήτης
1248 1462 1349 1532 τῆς
1399 1463 1550 1528 θείας
1595 1468 1932 1540 ἀγαθὸτητός
1961 1490 2022 1526 τε

438 1545 534 1597 καὶ
566 1543 852 1615 δυνάμεως
890 1548 1173 1615 ὑποδεῖξαι
1203 1552 1298 1606 τὸν
1331 1554 1592 1612 πλοῦτονο
1627 1561 1944 1637 ἀνθρωπίνῃ
1965 1565 2025 1620 δὲ

438 1637 782 1707 χρησάμενος
815 1639 1056 1714 γλώττῃ.
1097 1643 1194 1699 καὶ
1236 1651 1426 1718 τυχεῖν
1472 1651 1534 1704 οὑ
1582 1651 1882 1726 δυνάμενος
1927 1657 2024 1712 τοῦ

440 1727 778 1800 ποθουμένου
801 1773 816 1796 ,
857 1733 1081 1788 πλείονα
1115 1737 1281 1792 πάλιν
1325 1741 1588 1797 συνάπτει
1631 1746 1902 1816 ὀνόματα,
1932 1751 2026 1804 καὶ

440 1821 700 1890 προλέγει
735 1827 834 1895 τῆς
874 1830 1070 1893 γενεᾶς
1099 1831 1200 1901 τῆς
1229 1833 1496 1906 ἐσομένης
1529 1838 1590 1892 τὸ
1619 1839 1920 1914 εὔγνωμον,
1944 1846 2026 1901 ὅτι

435 1916 552 1976 τοῖς
580 1916 746 1981 θείοις
770 1919 1094 1990 ἐντρυφῶσα
1117 1924 1344 1994 λογίοις,
1369 1929 1626 2002 καθάπερ
1647 1933 1798 1997 τινὰς
1825 1937 2028 2006 ὲρυγὰς

439 2006 744 2097 προσφέρει
795 2008 895 2080 τὴν
943 2011 1048 2080 τῆς
1093 2013 1248 2079 θείας
1296 2017 1714 2091 φιλανθρωπίας
1747 2023 2024 2097 διήγησιν.

441 2094 613 2148 Τοῦτο
643 2097 742 2166 μέν
766 2117 848 2153 τοι
883 2103 977 2154 καὶ
1005 2103 1035 2155 ὁ
1067 2102 1208 2170 θεῖος
1250 2107 1578 2176 ’Δπόστολος
1615 2094 1910 2184 ὑπομένει,
1929 2120 2026 2174 καὶ

441 2186 611 2252 ἀξίως
637 2189 694 2241 οὐ
726 2189 1024 2260 δυνάμενος
1053 2195 1418 2267 διηγήσασθαι
1447 2203 1516 2256 τὰ
1545 2205 1688 2272 θεῖα,
1717 2208 1808 2262 διὰ
1842 2210 2026 2264 πλειό-

442 2295 549 2331 νων
581 2281 865 2350 ὀνομάτων
912 2285 1074 2340 τοῦτο
1097 2291 1416 2360 πειρᾶται¹.
1459 2295 1594 2347 «Τὸν
1618 2297 2026 2366 ὑπερϐάλλοντα

443 2374 552 2442 γάρ
609 2391 766 2462 φησι,
802 2377 1034 2432 πλοῦτον
1079 2383 1179 2451 τῆς
1227 2384 1450 2454 χάριτος
1489 2387 1678 2444 αὐτοῦ.
1711 2408 1732 2442 ι
1772 2391 2029 2462 Ἀλλαχοῦ

442 2463 616 2538 δὲτὴν
649 2461 820 2540 ἧτταν
847 2470 1122 2542 ὁμολογεῖ,
1159 2493 1178 2527 ι
1201 2475 1287 2540 Ὠς
1316 2479 1732 2551 ἁνεξερεύνητα.
1753 2461 2032 2553 lemma.

444 2559 692 2630 κρίματα
730 2564 916 2625 αὑτοῦ,
943 2566 1038 2618 καὶ
1065 2567 1458 2639 ἀνεξιχνίαστοι
1492 2575 1547 2626 αι
1575 2573 1686 2628 ὁδοὶ
1711 2577 1878 2631 αὑτοῦ
1899 2579 1914 2632 l
1933 2599 1950 2630 ι

519 2655 589 2719 η’.
635 2670 654 2702 ι
685 2649 1027 2726 Οῐκτίρμων,
1070 2658 1166 2711 καὶ
1216 2659 1466 2732 ἐλεήμων
1497 2661 1525 2714 ὁ
1559 2663 1790 2734 Κύριος,
1825 2669 2033 2738 μακρό-

447 2741 642 2811 θυμος,
676 2744 772 2797 καὶ
801 2747 1118 2812 πολνέλεος.
1153 2769 1172 2802 ι
1213 2753 1285 2805 Τὸ
1320 2753 1453 2808 αὐτὸ
1489 2755 1583 2808 xei.
1609 2755 1846 2814 ἐνταῦθα
1871 2758 2034 2815 πάλιν

445 2831 476 2884 ὁ
507 2834 798 2908 Προφήτης
846 2841 1163 2911 ὑπέμεινεν.
1209 2845 1304 2904 Ei:
1335 2846 1461 2900 νοῦν
1508 2849 1619 2918 γὰρ
1653 2849 1854 2919 λαῦὼν,
1885 2853 2035 2918 ὅπως

446 2924 556 2978 τῶν
587 2927 894 3000 ἀνθρώπων
926 2931 1024 3002 τὴν
1069 2933 1234 3002 φύσιν
1277 2935 1588 3005 διέπλασεν,
1625 2942 1757 3014 ὅσης
1783 2945 1948 3015 τιμῆς
1979 2963 2034 2998 τε

2121 443 2298 500 stolus
2355 444 2682 501 divisionem
2715 445 3052 501 observavit.
3095 443 3186 502 Ait
3210 446 3358 500 enim
3427 463 3456 502 a
3487 445 3700 519 Spiritu

2119 542 2312 590 salicto
2347 533 2471 591 data
2511 535 2700 601 fuisse,
2729 551 2838 591 non
2872 536 3042 591 modo
3084 535 3418 592 charismata
3453 537 3701 593 sanatio-

2119 643 2274 694 num,
2295 643 2486 682 verum
2517 629 2680 684 etiam
2711 629 3066 702 operationes
3080 627 3346 684 virtutum
3367 625 3413 686 ί.
3447 628 3514 684 Ει
3541 636 3704 684 vocat

2120 720 2458 777 charismata
2513 722 2904 784 sanationum,
2953 720 3301 778 elaudorum-
3333 735 3591 788 cursum,
3651 730 3706 777 et

2121 815 2500 886 :rgrotantium
2537 814 2745 886 1561
2779 815 3036 878 salutem,
3065 824 3121 869 et
3151 825 3496 870 mortuorum
3520 829 3704 870 resur-

2067 968 2070 970 γ
2120 909 2445 975 rectionem,
2480 919 2535 964 et
2563 911 2668 964 alia
2695 909 3032 979 huiusmodi.
3065 907 3413 980 Operationes
3440 922 3570 964 vero
3593 905 3696 962 vir-

2124 1001 2358 1063 tutum,8
2415 1001 2716 1056 caecitatem
2753 999 3020 1072 Elymahh
3085 999 3312 1054 Anania:
3333 1008 3388 1054 et
3421 997 3712 1070 Sapphirre

2124 1095 2406 1157 mortem,i
2467 1109 2562 1150 eos
2587 1095 2682 1164 qui
2718 1092 2937 1150 Satanas
2969 1093 3157 1149 traditi
3207 1091 3430 1148 fuerunt
3462 1132 3478 1160 ,
3517 1101 3576 1147 ut
3621 1092 3706 1146 di-

2124 1195 2339 1242 scerent
2372 1201 2478 1241 non
2511 1187 2914 1256 blasphemare.
3534 1205 3538 1208 ·

2191 1285 2361 1347 Vens.
2397 1279 2450 1333 7.
2488 1298 2507 1332 ι
2544 1279 2865 1334 Memoriam
2894 1277 3246 1335 abundantia:
3271 1275 3560 1334 suavitatis
3599 1285 3713 1330 tuas

2123 1373 2470 1439 eructabunt,
2497 1382 2551 1427 et
2577 1371 2789 1440 justit-ia
2831 1381 2925 1426 tua
2965 1373 3340 1427 exsultabnnt.
3373 1388 3393 1422 ι
3423 1366 3554 1422 Vult
3589 1365 3709 1436 qui-

2123 1467 2246 1523 dem
2267 1463 2535 1536 Propheta
2557 1465 2756 1520 divina:
2773 1464 3037 1520 bonitatis
3064 1473 3116 1520 et
3142 1461 3401 1534 potentia:
3419 1458 3707 1515 ostendere

2125 1560 2382 1616 divitias:
2420 1559 2660 1614 humana
2695 1575 2827 1614 vero
2861 1573 2994 1614 usus
3037 1557 3228 1628 lingua
3250 1599 3265 1622 ,
3295 1565 3350 1611 et
3385 1553 3528 1626 quod
3564 1551 3702 1608 desi-

2129 1653 2282 1708 derat
2329 1653 2551 1723 assequi
2597 1651 2898 1721 nequiens,
2943 1647 3179 1720 plurima
3223 1661 3417 1702 rursus
3464 1641 3713 1713 congerit

2131 1745 2395 1814 nomina,
2440 1753 2496 1800 et
2541 1742 2788 1814 pra-dicit
2830 1741 3029 1798 futura:
3072 1739 3446 1810 generationis
3495 1743 3710 1808 gratum

2129 1835 2405 1898 animum,
2449 1837 2468 1860 “
2506 1833 2624 1889 fore
2667 1843 2757 1897 ut,
2809 1848 2934 1888 cum
2975 1831 3177 1886 divinis
3223 1828 3464 1885 oraculis
3507 1823 3711 1896 perfrui

2131 1929 2377 1992 licuerit,
2407 1925 2577 1982 veluti
2611 1925 2880 1994 quosdam
2909 1930 3099 1978 ructus
3127 1922 3328 1978 divinae
3361 1915 3713 1988 benignitatis

2132 2020 2503 2076 narrationem
2534 2016 2798 2087 proferat.
2831 2015 2945 2074 Hoc
2979 2015 3145 2086 igitur
3169 2024 3224 2068 et
3243 2011 3464 2068 divinus
3481 2009 3716 2080 Aposto-

2129 2111 2218 2166 lus
2263 2109 2492 2180 patitur,
2531 2117 2586 2163 et
2624 2121 2750 2162 cnm
2795 2105 2960 2177 digne
2990 2121 3098 2160 non
3133 2105 3313 2174 possit
3359 2116 3586 2156 narrare
3629 2115 3715 2154 res

2131 2202 2369 2264 divinas,
2395 2216 2490 2270 per
2518 2201 2674 2270 plura
2701 2197 2925 2252 nomina
2950 2198 3054 2252 hoc
3077 2203 3271 2250 tentat.
3305 2211 3322 2244 ι
3354 2192 3716 2246 Abnudantes

2131 2293 2308 2356 enim,
2343 2291 2552 2360 inquit,
2589 2291 2810 2345 divitias
2847 2291 3038 2361 gratiae
3063 2291 3183 2360 ejus
3225 2287 3272 2344 i.
3309 2308 3328 2340 ι
3373 2287 3439 2342 Et
3472 2285 3624 2344 alibi.
3658 2298 3717 2338 Sc

2135 2383 2336 2437 victum
2365 2397 2488 2438 esse
2509 2383 2833 2437 conlitetur:
2867 2400 2885 2434 ι
2915 2381 3088 2448 Quam
3115 2377 3714 2450 incomprehensibilia.

2135 2473 2418 2544 inquiens,
2463 2481 2594 2529 sunt
2626 2473 2834 2544 judicia
2877 2473 3029 2544 ejus,
3073 2482 3126 2528 et
3173 2469 3580 2542 investigabiles
3616 2468 3718 2522 vim

2133 2567 2254 2638 ejus
2295 2567 2360 2622 "i
2402 2585 2420 2618 ι
2912 2567 2918 2573 ’

2212 2657 2374 2714 Vens.
2404 2657 2458 2714 8.
2496 2675 2516 2711 ι
2555 2657 2858 2724 Miserator,
2886 2665 2942 2712 et
2971 2656 3290 2712 misericors
3311 2652 3600 2714 Dominus,
3627 2666 3720 2720 pa-

2136 2751 2300 2815 tiens,
2341 2759 2398 2806 et
2427 2750 2721 2806 admodum
2771 2751 3109 2806 misericors.
3149 2767 3168 2800 ι
3205 2746 3352 2802 Idem
3397 2745 3564 2800 etiam
3613 2743 3724 2796 hoc

2136 2845 2191 2898 in
2227 2845 2348 2900 loco
2391 2859 2586 2900 rursus
2615 2842 2895 2914 Propheta
2927 2857 3124 2913 passus
3161 2847 3268 2897 est.
3303 2841 3360 2896 In
3395 2837 3716 2893 memoriam

2135 2940 2282 2994 enim
2333 2952 2619 3003 revocans,
2665 2935 2944 3007 quomodo
2977 2933 3262 2991 hominum
3311 2939 3565 2988 naturam
3609 2927 3721 2983 for-

448 3017 542 3070 xa‘t
578 3021 921 3092 προμηθείας
952 3025 1215 3094 ἠξίωσεν,
1249 3029 1333 3084 ὅτι
1385 3033 1565 3086 πᾶσαν
1611 3036 1710 3106 τὴν
1747 3038 2027 3108 ὁρωμένην

2143 3031 2394 3094 mavcrit,
2437 3039 2493 3084 et
2525 3037 2734 3098 quanto
2775 3028 2987 3082 honore
3023 3034 3078 3082 et
3127 3038 3258 3081 cura
3301 3039 3422 3080 eam
3463 3020 3722 3093 dignatus

449 3109 630 3164 κτίσιν
672 3113 856 3178 αὐτοῖς
889 3121 1224 3190 προσφέρειν
1264 3123 1363 3192 τὴν
1395 3126 1586 3195 χρείαν
1617 3127 2032 3200 ἐνομοθέτησεν,

449 3199 532 3254 ὅτι
567 3203 691 3256 καθ’
719 3205 960 3278 ἑκάστην
987 3211 1200 3282 ἡμέραν
1247 3215 1720 3286 πλημμελούντων
1753 3199 2034 3291 ἀνέχεται,

450 3293 546 3346 καὶ
593 3295 878 3352 ἀνατέλλει
928 3299 1020 3354 τὸν
1069 3303 1219 3374 ἦλιον
1270 3307 1438 3360 αὐτοῦ
1493 3308 1586 3362 ἐπὶ
1621 3314 1895 3382 πονηροὺς
1940 3313 2036 3365 καὶ

449 3383 716 3451 ἀγαθοὺς,
752 3391 848 3442 καὶ
896 3389 1082 3463 βρέχει
1130 3395 1223 3448 ἐπὶ
1270 3395 1514 3462 δικαίους
1562 3401 1658 3454 καὶ
1702 3401 1944 3466 ἀδίκους,
1974 3404 2034 3456 οὑ

453 3476 616 3542 μόνον
647 3477 970 3548 οἰκτίρμονα
996 3482 1172 3546 καλεῖ,
1195 3485 1330 3540 ἀλλὰ
1358 3487 1450 3541 καὶ
1479 3487 1604 3558 ἑλεή
1615 3507 1774 3558 μονα,
1803 3493 1901 3545 καὶ
1931 3510 2037 3562 μα-

451 3567 751 3636 κρὸθυμον,
779 3575 872 3625 καὶ
921 3575 1236 3634 πολυέλεον.
1257 3579 1577 3652 ’Λμετρήτῳ
1605 3583 1714 3652 γὰρ
1751 3583 2036 3655 χρώμενος

449 3660 769 3732 ἀγαθύτητι,
801 3667 1116 3738 ἐμάκρυνεν
1145 3671 1240 3740 ἀφ’
1265 3671 1424 3742 ήμῶν
1453 3676 1550 3740 τὰς
1597 3676 1829 3748 ἀνομίας
1855 3681 2030 3751 ήμῶν,

449 3752 685 3808 καθόσον
719 3757 1017 3828 ἀπέχουσιν
1059 3763 1319 3818 ἀνατολαὶ
1349 3767 1461 3819 ἀπὸ
1489 3766 1730 3836 δυσμῶν,
1767 3771 1864 3823 καὶ⁷
1892 3772 2034 3841 ἠγά-

449 3860 626 3914 πησεν
663 3847 836 3912 οὕτως
864 3851 956 3905 τὸν
988 3854 1215 3924 κόσμον,
1249 3856 1394 3912 ὥστε
1419 3859 1511 3913 τὸν
1547 3860 1674 3914 Υἰὸν
1727 3862 1894 3916 αὑτοῦ
1942 3864 2034 3917 τὸν

455 3939 719 4007 μονογενῆ
743 3939 928 3994 δοῦναι
958 3943 1099 4013 ὑπὲρ
1126 3945 1314 4003 αὐτοῦ.

527 4117 591 4173 θ’.
637 4137 658 4172 ι
691 4121 940 4192 Χρηστὺς
975 4123 1180 4194 Κύριος
1215 4131 1328 4194 τοῖς
1365 4132 1618 4202 σύμπασι
1636 4135 1679 4199 ³,
1716 4137 1812 4189 καὶ
1859 4137 1910 4190 οἱ
1955 4139 2036 4192 oi-

455 4210 680 4304 κτιρμοὶ
707 4214 873 4268 αὑτοῦ
905 4217 997 4270 ἐπὶ
1029 4219 1206 4274 πάντα
1255 4223 1323 4277 τὰ
1369 4226 1505 4296 ἔργα
1546 4228 1735 4284 αὑτοῦ.
1769 4248 1787 4280 ι
1822 4231 2038 4304 Οὑ-γαρ

389 4365 392 4368 ,
457 4301 618 4371 μόνον
659 4305 926 4360 Ἰουδαίων
978 4310 1280 4384 ἐποιήσατο
1323 4317 1602 4388 πρόνοιαν,
1636 4320 1770 4374 ἀλλὰ
1821 4323 1916 4376 καὶ
1957 4301 2037 4386 εἰς

2141 3122 2324 3182 fuerit.
2367 3131 2420 3176 et
2461 3121 2743 3190 quomodo
2783 3119 3042 3175 omnibus
3083 3115 3354 3174 creaturis
3379 3156 3396 3179 ,
3444 3129 3567 3181 qum
3616 3111 3722 3167 suh

2139 3223 2419 3286 aspectum
2457 3214 2680 3277 cadunt,
2729 3221 2788 3266 ut
2827 3213 2944 3282 .ipsi
2990 3226 3161 3267 unum
3189 3206 3562 3266 necessarium
3592 3203 3719 3260 aﬂ‘e-

2139 3318 2284 3368 rant.
2329 3308 2666 3378 praacepcrit,
2715 3316 2770 3360 et
2812 3305 3092 3376 quomodo
3139 3301 3384 3374 quotidie
3431 3307 3722 3372 peccantes

2138 3399 2298 3464 ferat,
2339 3407 2392 3453 et
2435 3398 2564 3452 oriri
2614 3396 2781 3452 faciat
2831 3397 3004 3452 solem
3039 3409 3202 3450 suum
3239 3407 3406 3463 super
3456 3391 3635 3445 honos
3668 3396 3724 3443 et

2140 3491 2336 3552 malos,
2379 3487 2588 3560 1563
2637 3497 2690 3542 et
2736 3487 2886 3556 pluat
2926 3499 3090 3556 super
3131 3485 3314 3554 justos
3357 3488 3412 3536 et
3459 3479 3720 3550 injustas.

2139 3600 2248 3640 non
2290 3583 2468 3638 solum
2504 3578 2914 3634 misericordem
2945 3585 3130 3643 vocat,
3163 3574 3258 3631 sed
3287 3573 3454 3630 etiam
3479 3572 3724 3626 clemen-

2141 3688 2281 3743 tem,
2333 3689 2388 3731 ct
2453 3675 2788 3745 patientem,
2837 3679 2892 3726 et
2933 3670 3229 3726 admodum
3281 3664 3718 3722 misericordem.

2141 3771 2276 3828 Nam
2310 3771 2578 3824 immensa
2635 3775 2795 3821 utens
2823 3763 3090 3830 bonitate,
3124 3761 3286 3830 longe
3332 3758 3460 3815 fecit
3504 3772 3536 3812 ιι
3566 3755 3726 3810 nobis

2140 3863 2460 3934 iniquitates
2499 3866 2718 3914 nostras
2763 3855 2784 3896 1
2807 3895 2824 3920 ,
2863 3863 3132 3926 quantum
3173 3853 3343 3910 distat
3381 3855 3538 3908 ortus
3572 3847 3723 3904 occi-

2141 3957 2338 4012 dente:
2367 3962 2420 4008 et
2448 3952 2526 4006 sic
2549 3949 2737 4005 dilexit
2776 3940 3042 4003 numnum
3074 3954 3135 4002 ut
3166 3944 3363 4002 Filium
3405 3957 3566 4000 suum
3599 3942 3725 3996 uni-

2141 4046 2382 4118 genitum
2417 4043 2572 4098 daret
2602 4055 2702 4111 pro
2737 4041 2857 4110 ipso
2891 4048 2952 4093 ι.

2215 4137 2382 4190 Vens.
2418 4135 2472 4190 9.
2508 4151 2527 4183 ι
2565 4129 2763 4186 Suavis
2799 4127 3065 4183 Dominus
3103 4125 3400 4203 universis,
3459 4132 3514 4178 et
3551 4122 3725 4178 mise-

2143 4227 2390 4284 rationes
2429 4224 2548 4294 ejus
2583 4235 2749 4290 super
2785 4219 2966 4274 omnia
3001 4233 3165 4289 opera
3198 4215 3337 4286 ejns.
3381 4235 3400 4268 ι
3427 4213 3546 4269 Non
3577 4213 3722 4268 enim

2144 4321 2212 4376 de
2259 4317 2462 4372 Judmis
2513 4313 2676 4368 modo
2721 4327 2910 4366 curam
2957 4308 3157 4379 gessit,
3209 4321 3398 4362 verum
3446 4305 3610 4360 etiam
3667 4305 3722 4358 in

455 4393 666 4458 πάντας
699 4397 1020 4468 ἀνθρώπους
1061 4402 1162 4474 τὴν
1207 4405 1619 4480 φιλανθρωπίαν
1648 4411 1884 4484 ἐξέχεεν.
1921 4415 2027 4468 Οὐκ

2139 4423 2330 4465 omnes
2358 4406 2610 4462 homines
2657 4401 3050 4472 benignitatem
3083 4397 3348 4469 profudit.
3383 4395 3501 4452 Non
3543 4395 3722 4450 solum

455 4485 760 4557 ἀνθρώπων
792 4489 849 4543 δὲ
883 4491 1063 4561 μόνον,
1097 4496 1234 4551 ἀλλὰ
1257 4500 1352 4553 καὶ
1383 4501 1492 4556 τῶν
1517 4503 1728 4574 ἀλόγων
1754 4506 2034 4577 ἐπιμελεῖ-

453 4595 564 4641 τνιι,
607 4582 702 4634 καὶ
733 4584 867 4638 πᾶσι
897 4585 1128 4656 παρέχει
1161 4588 1230 4642 τὰ
1261 4591 1569 4664 πρόσφορα.

529 4673 560 4724 ι,
672 4674 686 4694 .
1053 4681 1065 4696 .
1571 4687 1583 4701 .
1794 4692 1806 4707 .
2010 4693 2021 4708 .

564 4712 579 4726 .
629 4692 648 4726 ι
689 4674 1295 4750 Εξομολογησασθωσάν
1349 4701 1467 4749 σοι,
1505 4688 1700 4759 Κυριε,
1736 4709 1914 4746 παντα
1967 4711 2034 4747 τα

452 4767 590 4836 ἔργα
623 4785 741 4834 σου,
775 4771 869 4823 καὶ⁴
907 4773 954 4824 oi
996 4772 1134 4826 ὅσιοί
1169 4791 1264 4827 σου
1304 4777 1754 4850 εὐλογήσας-ωσάι]
1790 4801 1871 4838 σε.
1904 4803 1922 4836 ι
1959 4785 2034 4838 Οὐ

453 4859 523 4913 τὰ
570 4861 756 4932 ἄψυχα
802 4861 896 4914 τὸν
947 4863 1082 4917 Θεὸν
1131 4866 1309 4937 ὑμνεῖ,
1347 4869 1470 4922 οὐδὲ
1515 4872 1584 4925 τὰ
1630 4874 1800 4942 ἄλογα
1850 4875 2036 4945 φωνήν

456 4951 652 5022 ἀφίησι
681 4953 909 5026 λογικήν
931 4973 944 4986 ·
977 4955 1114 5010 ἀλλὰ
1142 4959 1268 5012 καὶ⁸
1289 4961 1378 5016 διὰ
1406 4964 1612 5018 τούτων
1633 4967 1684 5018 oi
1706 4965 1917 5035 λογικοὶ
1940 4969 2036 5021 καὶ

457 5044 692 5110 φιλόθεοι
731 5047 832 5120 τὴν
869 5049 1146 5119 ὑμνῳδίαν
1178 5051 1516 5122 ὑφαίνουσιν.
1553 5057 1646 5122 Εἰς
1672 5058 1901 5113 ἕκαστον
1930 5061 2040 5132 γὰρ

457 5133 770 5208 ἀφορῶντες
806 5141 917 5196 τῶν
945 5143 1038 5196 ὑπ’
1059 5144 1226 5198 αὑτοῦ
1258 5147 1644 5219 γεγενημένων
1665 5192 1680 5215 ,
1713 5150 1804 5204 καὶ
1851 5151 2045 5221 σοφίας

1740 5284 1764 5323 δ
1803 5287 1924 5342 Act.
1959 5302 2010 5350 ν,
2042 5285 2107 5354 5,
2150 5283 2237 5338 10.

537 5270 760 5351 tI_Cor.
792 5295 888 5344 xu,
921 5282 972 5342 9.
1012 5281 1100 5336 10.
1181 5292 1207 5330 ις
1249 5284 1370 5338 Act.
1414 5301 1528 5351 sm,
1569 5285 1654 5340 11.

459 5341 548 5397 53.
633 5345 650 5384 1
693 5346 838 5403 l’sal.
865 5341 969 5416 cu,
1012 5354 1091 5409 l2.
1163 5363 1197 5384 ’π
1240 5353 1402 5410 Joan.
1443 5341 1538 5420 ιη’,
1573 5356 1660 5410 16.

2143 4511 2324 4558 autem
2355 4498 2628 4556 homines.
2665 4495 2758 4551 sed
2794 4493 2962 4548 etiam
3001 4491 3263 4546 animalia
3291 4489 3507 4544 ratione
3532 4501 3725 4542 caren-

2142 4596 2215 4651 tia
2251 4601 2427 4657 curat,
2455 4599 2510 4644 et
2537 4588 2798 4643 omnibus
2833 4585 3140 4641 necessaria
3173 4583 3580 4640 subministrat.

2221 4687 2383 4740 Vens.
2441 4681 2528 4740 l0.
2591 4701 2611 4734 ι
2673 4680 3052 4736 Coriﬁteantur
3089 4677 3208 4743 tibi,
3264 4675 3514 4744 Domine,
3536 4673 3722 4728 omnia

2144 4794 2312 4849 opera
2349 4785 2462 4837 tua,
2501 4786 2548 4829 et
2608 4772 2782 4828 sancti
2820 4771 2896 4825 tui
2935 4769 3260 4826 benedicant
3306 4768 3426 4823 tibi.
3457 4785 3476 4818 ι
3511 4764 3629 4820 Non
3663 4781 3725 4820 ea

2144 4889 2266 4944 qum
2299 4873 2481 4926 anima
2520 4877 2710 4923 carent
2748 4865 2920 4920 Deum
2968 4865 3212 4929 laudant,
3247 4877 3426 4933 neque
3464 4861 3593 4916 ferte
3635 4875 3726 4913 ra-

2144 4967 2312 5024 tionis
2345 4972 2602 5034 expertes
2633 4975 2821 5015 vocem
2851 4957 3081 5012 rationis
3101 4963 3406 5024 compotem
3434 4952 3727 5008 emittunt:

2147 5059 2240 5114 sed
2291 5073 2384 5127 per
2425 5055 2552 5116 ista,
2587 5052 2681 5123 qui
2729 5050 2964 5105 rationis
3001 5047 3309 5118 participes,
3365 5044 3568 5114 Deique
3609 5051 3729 5097 stu-

2152 5149 2291 5206 diosi
2315 5155 2464 5203 sunt.
2491 5145 2822 5216 hymnorum
2853 5151 3076 5197 cantum
3117 5144 3478 5209 componunt.
3499 5135 3729 5206 Singula

2324 5281 2340 5322 ἱ
2388 5281 2404 5333 l
2440 5277 2582 5332 Tim.
2631 5293 2669 5342 ι,
2697 5275 2787 5329 ΞΟ.
2871 5285 2884 5324 ι
2935 5274 3095 5330 Rern.
3133 5289 3199 5336 ιι,
3237 5282 3290 5324 4.
3377 5279 3401 5307 ι
3443 5267 3606 5323 Rern.
3647 5280 3728 5331 xl,

1593 5448 1826 5503 VARUE
1867 5443 2251 5504 LECTIONES
2285 5438 2368 5494 ΕΤ
2404 5431 2642 5492 NOTAE.

561 5557 575 5576 ‘
603 5553 742 5631 1'05.
768 5629 774 5631 Α
801 5559 934 5631 eod.‘
965 5561 986 5614 1
1053 5579 1239 5631 pnem.
1296 5567 1411 5620 καί.

466 5623 518 5678 in
551 5627 678 5706 edit.
716 5627 836 5688 Ald.
875 5640 926 5686 et
951 5617 1478 5706 Conlpl.respondet
1735 5617 1892 5690 llebr.
1919 5617 2024 5692 "lic

2139 5645 2182 5690 la
2231 5639 2410 5684 autem
2478 5625 2634 5680 lectio
2696 5617 2778 5678 est
2823 5617 3172 5689 ὑπομένουσι.

465 5701 585 5750 (iud.
623 5697 671 5750 1.

1497 5569 1516 5598 ⁸
1549 5565 1847 5634 Πειρῆτίιι.
1919 5566 2026 5620 ibid

2139 5577 2304 5616 u‘uun.
2364 5558 2559 5609 ποιεῖν.
2629 5547 3134 5634 ³Σύμιςασ¹ικ11ιτο
3177 5548 3336 5634 lectio
3395 5559 3725 5634 fj'ililit‘\\l:il

3280 5618 3298 5648 ³
3331 5619 3457 5672 Καί.
3497 5620 3653 5670 ,λιιιδξιι
3693 5636 3722 5669 ;ι
