3974 6206
339 248 478 310 1977

1683 253 1763 314 IN
1792 255 1998 315 PSAL.
2032 254 2282 318 CXLVL

3475 249 3611 315 1978

335 356 614 412 ἁπάντων.
647 355 805 412 Οὕτω
847 357 1024 425 δείξας
1055 358 1220 414 αὐτὸν
1250 360 1359 412 τῶν
1405 359 1544 413 ὅλων
1571 359 1924 432 δημιουργὸν,

2038 362 2246 432 opiﬁce.
2281 365 2578 434 Postquam
2607 363 2673 418 ad
2713 364 2863 418 hunc
2894 363 3118 419 modum
3154 359 3395 418 ostendit
3429 359 3609 431 ipsum

337 449 609 504 δείκνυσιν
637 449 798 504 αὐτὸν
827 451 922 504 καὶ
951 451 1406 524 προμηθούμενον
1434 447 1508 506 ὧν
1538 451 1814 522 ἐποίησεν.

1223 545 1244 565 l

407 625 475 695 ζ’.
539 646 558 680 ι
589 629 692 683 Τὸν
721 629 1064 700 φυλάσσοντα
1119 631 1378 703 ἀλήθειαν
1429 631 1510 693 εἰς
1562 627 1653 682 τὸν
1709 627 1914 691 αἰῶνα,

338 721 598 775 ποιοῦντα
643 723 822 793 κρῖμα
866 725 978 787 τοῖς
1023 722 1423 794 ἀδικουμένοις,
1469 721 1681 775 διδόντα
1715 719 1920 788 τροφὴν

334 815 449 876 τοῖς
485 812 764 867 πεινῶσιν.
798 832 816 865 ι
847 815 1112 884 Ἀψευδὴς
1141 815 1250 886 γάρ
1283 817 1434 868 ἐστιν
1464 812 1917 884 ὑπισχνούμενος,

337 907 432 958 καὶ
464 906 770 976 φιλαλήθης
797 907 898 970 τὰς
924 908 1256 975 ἐπαγγελίας
1291 905 1512 979 πληροῖ.
1532 904 1836 975 Ἐπαμύνει
1865 903 1920 956 δὲ

335 999 453 1062 τοῖς
477 999 879 1068 ἀδικουμένοις,
897 1001 992 1054 καὶ
1012 1001 1186 1074 κρίνει
1209 1000 1432 1062 δικαίως
1449 1015 1462 1027 ·
1493 997 1726 1068 παρέχει
1745 997 1802 1050 δὲ
1828 997 1922 1050 καὶ

339 1091 475 1143 πᾶσι
504 1095 616 1154 τοῖς
642 1093 870 1144 πεινῶσι
893 1091 990 1162 τὴν
1025 1092 1360 1162 κατάλληλον
1391 1093 1619 1162 τροφήν.
1639 1086 1921 1142 Ἐντεῦθεν

339 1183 433 1236 καὶ
467 1183 566 1246 τὰς
591 1183 680 1236 διὰ
711 1185 808 1253 τῆς
847 1183 1315 1256 ἐνανθρωπὴσειιις
1343 1183 1438 1238 τοῦ
1469 1181 1723 1251 Σωτῆρος
1765 1178 1922 1250 ἡμῶν

339 1287 537 1343 γεγενη
548 1272 712 1340 μένοις
741 1273 1059 1344 εὐεργεσίας
1089 1273 1366 1344 προλέγει.

409 1371 479 1435 η’.
525 1383 544 1417 ι
567 1365 774 1437 Κύριος
823 1367 940 1420 λύει
980 1368 1432 1438 πεπεδημένους,
1467 1365 1671 1438 Κύριος
1705 1368 1920 1438 σοφοῖ³¹

337 1459 594 1529 τυφλοὺς.
633 1461 834 1530 Κύρτος
883 1461 1104 1532 ἀνορθοῖ
1145 1461 1648 1532 κατεῤῥαγμένους.
1680 1480 1699 1510 ι
1737 1459 1922 1515 Ταῦτα

338 1551 432 1602 καὶ
467 1551 556 1604 διὰ
589 1552 814 1604 Ἡσαΐου
845 1557 1128 1623 προφήτου
1161 1555 1571 1625 προηγόρευσεν
1603 1555 1630 1607 6
1655 1555 1762 1607 τῶν
1786 1557 1922 1609 ὅλων

339 1641 494 1707 Θεός.
528 1645 775 1714 Εἰρηκὼς
827 1646 954 1716 γὰρ,
994 1667 1010 1696 ι
1042 1646 1262 1700 Δέδωκά
1308 1663 1366 1698 σε
1401 1648 1482 1710 εἰς
1511 1647 1630 1716 φῶς
1673 1647 1862 1710 ἐθνῶν,
1897 1667 1916 1700 ι

2033 453 2250 526 1593
2295 471 2476 512 rerum
2525 456 2774 512 omnium
2829 457 3210 520 conditorem,
3267 455 3611 511 demonstrat

2031 547 2208 616 ipsum
2240 562 2429 602 curam
2463 564 2652 618 gerere
2680 563 2898 614 eorum,
2931 565 3052 620 qua:
3084 547 3234 603 fecit.

2106 635 2347 693 Vans.7.
2394 657 2412 688 ι
2449 637 2553 706 Qui
2595 639 2840 694 custodit
2901 618 3188 693 veritatem
3229 638 3284 692 in
3323 618 3611 697 sacculum,

2029 728 2270 784 vindicat
2305 728 2578 798 judicium
2623 744 2818 785 eorum
2865 731 2960 800 qui
3005 731 3263 801 iniuriam
3305 729 3610 800 patiuntur,

2029 819 2122 874 dat
2159 835 2342 878 escam
2389 821 2788 878 esurientibus.
2819 839 2839 874 ι
2880 819 3056 876 Verax
3096 822 3242 876 enim
3279 829 3364 876 est
3394 820 3484 874 ille
3516 821 3610 890 qui

2029 912 2340 982 pollicetur,
2384 921 2438 968 et
2467 915 2584 971 veri
2621 929 2818 970 amans
2856 915 3104 970 studiose
3129 914 3402 985 promissa
3447 912 3610 982 perti-

2027 1001 2125 1058 cit.
2155 1003 2396 1072 Adiuvat
2434 1013 2619 1060 autem
2665 1021 2784 1070 eos,
2817 1005 2913 1076 qui
2949 1005 3152 1074 injuria
3189 1002 3526 1068 adiciuntur,
3557 1011 3612 1057 et

2023 1096 2170 1167 iuste
2194 1095 2441 1166 iudicat:
2475 1099 2682 1168 prabet
2717 1114 2850 1154 vero
2876 1099 3041 1154 etiam
3075 1097 3333 1152 omnibus
3359 1095 3606 1151 esurien-

2029 1191 2176 1246 tibus
2213 1199 2610 1262 congruentetn
2648 1193 2851 1248 cibum.
2885 1191 3024 1250 Hinc
3053 1201 3106 1247 et
3141 1191 3401 1246 beneﬁcia
3426 1190 3479 1243 in
3509 1201 3610 1243 nos

2029 1297 2126 1352 per
2157 1283 2597 1338 incarnationem
2631 1282 2939 1340 Salvatoris
2967 1285 3168 1341 collata
3202 1282 3467 1352 praedicit.

2101 1373 2266 1429 Vens.
2303 1373 2358 1428 8.
2405 1392 2424 1426 ι
2455 1373 2726 1430 Dominus
2772 1375 2940 1432 solvit
2991 1371 3354 1444 compeditos,
3433 1371 3607 1424 Domi-

2029 1477 2134 1518 nus
2157 1463 2432 1534 sapientes
2455 1463 2632 1518 reddit
2659 1479 2858 1531 cazcos,
2888 1463 3158 1518 Dominus
3184 1461 3345 1532 erigit
3367 1461 3554 1516 elisos.
3585 1478 3605 1514 ι

2027 1557 2156 1615 Haec
2183 1560 2348 1618 etiam
2388 1576 2483 1630 per
2523 1563 2846 1631 prophetam
2887 1561 3088 1616 lsaiam
3138 1561 3278 1615 Deus
3321 1558 3610 1613 universo-

2031 1668 2158 1708 rum
2197 1653 2469 1722 praedixit.
2515 1654 2650 1709 Cum
2698 1655 2844 1709 enim
2890 1653 3162 1708 dixisset:
3191 1669 3210 1704 ι
3239 1650 3514 1706 Constitui
3560 1657 3612 1702 te

340 1737 643 1808 ἐπήγαγεν,
685 1757 704 1789 ι
753 1737 988 1802 Ἀνοίξαι
1021 1738 1334 1810 ὀφθαλμοὺς
1362 1738 1600 1808 τυφλῶν,
1637 1739 1925 1808 ἐξαγαγεῖν

2038 1744 2206 1800 lucem
2257 1745 2526 1815 gentium,
2559 1764 2579 1797 ι
2635 1745 2899 1810 subdidit,
2957 1764 2976 1796 ι
3010 1744 3080 1800 Ut
3133 1742 3378 1814 aperires
3420 1740 3612 1794 oculos

341 1831 406 1882 ἐκ
441 1829 658 1899 δεσμῶν
706 1829 1045 1899 δεδεμένους,
1093 1832 1187 1882 καὶ
1223 1829 1282 1896 ἐξ
1311 1831 1463 1882 οἴκου
1497 1829 1748 1900 φυλακῆς
1793 1831 1921 1884 καθα

337 1919 578 1986 ημένους
607 1921 664 1970 ὲν
693 1919 896 1972 σκότει.
929 1939 947 1968 ι
991 1919 1098 1971 Καὶ
1127 1919 1358 1988 ἑτέρωθι
1392 1921 1458 1972 ἐκ
1489 1921 1783 1990 προσώπου
1817 1921 1921 1990 ἔφη

336 2009 432 2062 τοῦ
478 2011 754 2064 Δεσπότου
805 2011 900 2063 τοῦ
951 2011 1223 2080 Χριστοῦ·
1283 2011 1559 2078 «Πνεῦμα
1587 2013 1796 2083 Κυρίου
1823 2013 1926 2066 ἐπ’

339 2102 462 2172 ἐμὲ,
493 2096 554 2155 οῦ
581 2102 789 2156 εἵνεκεν
825 2102 1006 2172 ἔχρισὲ
1044 2119 1110 2171 με
1133 2143 1148 2166 ,
1184 2103 1645 2172 εὐαγγελίσασθαι
1687 2106 1924 2174 πτωχοῖς

341 2191 652 2248 ἀπέσταλκε
702 2209 792 2260 με,
827 2191 1086 2246 ἰάσασθαι
1115 2194 1242 2254 τοὺς
1286 2195 1784 2264 συντετριμμένους
1821 2183 1924 2264 ’τὴν

341 2282 594 2353 καρδίαν,
635 2281 872 2352 κηρύξαι
902 2281 1272 2352 αἰχμαλώτοις
1305 2283 1520 2352 ἄφεσιν,
1547 2285 1769 2352 τυφλοῖς
1792 2285 1926 2338 ἀνά-

344 2375 554 2446 ϐλεψιν.
586 2395 604 2428 ι
641 2377 750 2430 Καὶ
777 2375 1036 2446 ἀλλαχοῦ,
1073 2393 1090 2426 ι
1124 2375 1259 2431 Τότε
1294 2374 1622 2429 ἀκούσονται
1652 2376 1825 2444 κωφοὶ
1843 2375 1928 2428 λό-

347 2481 477 2533 γους
509 2469 744 2540 βιϐλίου,
772 2469 866 2522 καὶ
895 2471 944 2522 οἱ
991 2470 1048 2522 ἐν
1073 2467 1150 2537 τῷ
1181 2469 1384 2534 σκότει,
1417 2468 1512 2522 καὶ
1543 2470 1593 2522 οἱ
1623 2469 1680 2522 ὲν
1703 2472 1774 2540 τῇ
1803 2469 1928 2541 ὁμί-

345 2561 448 2632 χλῃ
503 2561 776 2633 ὀφθαλμοὶ
809 2561 1030 2630 τυφλῶν
1055 2561 1300 2630 ὄψονται.

420 2692 438 2724 ι
476 2675 678 2746 Κύριος
729 2676 924 2748 ἀγαπᾷ
971 2675 1241 2739 δικαίους.
1279 2673 1372 2748 [θ’]
1421 2675 1624 2746 Κύριος
1664 2675 1929 2744 φυλάσσει

343 2764 473 2826 τοὺς
505 2765 904 2834 προσηλύτους.
940 2785 959 2818 ι
998 2765 1248 2836 Ἑκάστῳ
1289 2765 1356 2819 τὰ
1401 2765 1716 2836 κατάλληλα
1761 2782 1929 2838 προσ-

345 2857 502 2924 φέρει
527 2857 634 2908 τῶν
677 2857 814 2911 ὅλων
842 2859 870 2910 6
902 2857 1125 2928 Κύριος.
1156 2857 1268 2911 Καὶ
1293 2858 1420 2920 τοὺς
1465 2858 1563 2926 μὲν
1597 2858 1928 2924 ἀγαπῶντας

344 2948 508 3004 αὑτὸν
539 2949 782 3012 δικαίους
809 2952 923 3012 τοῖς
951 2949 1086 3013 ἴσοις
1113 2949 1402 3020 ἀμείϐεται
1422 2993 1435 3009 ,
1463 2951 1557 3003 καὶ
1582 2951 1804 3020 ἀγάπην
1832 2951 1928 3004 αὐ-

343 3045 457 3104 τοῖς
491 3043 580 3095 καὶ
617 3043 1002 3110 φιλοστοργίαν
1031 3041 1337 3095 ἀντιδίδωσι
1377 3045 1652 3113 πατρικῆν
1671 3057 1686 3074 ·
1715 3043 1840 3106 τοὺς
1868 3043 1926 3097 δὲ

345 3136 445 3204 τὴν
477 3135 737 3206 πατρῴαν
769 3134 1040 3204 φυγόντας
1070 3135 1352 3200 ἀσέϐειαν,
1387 3137 1478 3187 καὶ
1509 3135 1650 3204 μετά
1691 3135 1926 3199 πίστεως

347 3229 494 3296 αὒτῷ
527 3229 876 3298 προσιόντας,
910 3228 1091 3299 πάσης
1119 3225 1262 3293 ἀξιοῖ
1287 3228 1534 3298 φυλακῆς
1563 3246 1622 3280 τε
1664 3232 1756 3282 καὶ
1790 3247 1926 3300 προ-

351 3321 599 3390 μηθείας.
629 3320 1012 3392 Προσηλύτους
1037 3321 1146 3392 γὰρ
1177 3321 1306 3384 τοὺς
1340 3319 1524 3386 ξένους
1564 3323 1736 3375 καλεῖ.
1769 3321 1927 3376 Οὕτω

345 3415 439 3466 καὶ
467 3415 494 3464 6
527 3413 798 3483 μακάριος
823 3413 928 3482 ἔφη
965 3412 1199 3477 Παῦλος,
1231 3413 1313 3466 ὄτι
1351 3407 1564 3482 «Ἦμέν
1594 3428 1724 3466 ποτε
1756 3414 1928 3484 χωρὶς

345 3505 583 3576 Χριστοῦ
609 3503 1114 3576 ἀπηλλοτριωμένοι
1143 3505 1242 3574 τῆς
1273 3503 1550 3566 πολιτείας
1571 3501 1662 3556 τοῦ
1687 3503 1926 3575 Ἰσραὴλ,

345 3599 440 3650 καὶ
475 3597 614 3662 ξένοι
639 3597 747 3650 τῶν
772 3595 1044 3665 διαθηκῶν
1069 3635 1083 3659 ,
1124 3597 1224 3664 τῆς
1255 3595 1590 3663 ἐπαγγελίας
1619 3595 1812 3650 ἐλπίδα
1852 3597 1926 3665 μὴ

345 3689 559 3760 ἔχοντες
575 3689 652 3722 ⁸³⁸
682 3689 796 3742 ἀλλ’
830 3690 880 3742 ol
929 3689 1060 3741 ποτὲ
1092 3687 1247 3750 ὄντες
1290 3686 1509 3758 μακρὰν
1539 3689 1708 3756 ὲγγὺς
1738 3688 1930 3758 ἐγενή-

345 3786 537 3856 θημεν.
578 3804 596 3837 ι
627 3815 684 3826 -
722 3803 741 3836 ι
764 3783 1030 3856 Ὀρφανὸν
1079 3783 1174 3836 καί
1225 3783 1398 3852 χήραν
1429 3780 1801 3850 ἀναλήψεται,
1833 3781 1929 3834 καὶ

345 3877 464 3929 ὁδὸν
514 3875 862 3947 ἁμαρτωλῶν
901 3875 1138 3942 ἀφανιεῖ.
1179 3893 1198 3925 ι
1225 3873 1360 3926 Ἀπδ
1386 3876 1487 3944 τῆς
1517 3872 1750 3926 καθόλου
1783 3873 1928 3944 Προ-

337 3969 494 4030 ,νοίας
523 3969 618 4021 ἐπὶ
642 3967 714 4021 τά
750 3967 953 4039 μερικά
984 3966 1076 4019 τὸν
1105 3965 1263 4034 λόγον
1293 3969 1574 4034 κατήγαγε
1593 4007 1608 4030 ,
1640 3964 1734 4018 καί
1765 3981 1930 4036 φησιν

346 4061 422 4123 ὡς
471 4059 684 4121 οἰδενὸς
732 4058 930 4128 ἀμελεῖ
969 4057 1082 4111 τῶν
1109 4057 1246 4111 ὅλων
1274 4059 1301 4112 6
1331 4057 1616 4128 πρύτανις,
1657 4057 1793 4112 ἀλλὰ
1835 4057 1932 4111 καὶ

348 4152 474 4214 τοὺς
501 4152 744 4222 ἐρήμους
771 4149 1120 4220 ἀνθρωπίνης
1145 4148 1474 4218 κηδεμονίας
1495 4149 1542 4180 ³⁸
1577 4149 1758 4217 πάσης
1791 4145 1932 4212 ἀξιοί

349 4243 668 4312 ἐπιμελείας
687 4243 756 4304 ³³,
791 4243 886 4296 καὶ
909 4241 1010 4304 τὰς
1055 4240 1200 4295 κατά
1244 4239 1450 4294 τούτων
1499 4239 1792 4303 ἐπιϐουλὰς
1818 4237 1932 4291 διαί

349 4333 486 4388 λύει.

421 4427 473 4481 t'.
520 4447 537 4477 ι
584 4425 902 4479 Βασιλεύσει
945 4424 1154 4496 Κύριος
1205 4423 1287 4486 είς
1327 4423 1422 4476 τδν
1460 4423 1666 4483 αἰῶνα,
1718 4425 1747 4476 6
1795 4421 1926 4482 Θεός
1961 4414 2004 4468 Ι)

350 4535 446 4572 σου
505 4516 644 4572 Σιὼν
695 4521 776 4579 είς
827 4519 1022 4588 γενεὰν
1071 4519 1166 4572 καὶ
1217 4517 1436 4585 γενεάν.
1477 4533 1494 4568 ι
1552 4515 1778 4570 Αἰῶνιον
1819 4513 1928 4582 γὰρ

1890 4597 1917 4618 τ

349 4609 464 4680 ἔχει
507 4611 566 4662 τ’)
605 4609 837 4679 κράτος,
895 4609 989 4661 καὶ
1022 4607 1122 4678 τὴν
1169 4607 1448 4676 βασιλείαν
1483 4607 1650 4660 ἀΐδιον
1677 4609 1706 4660 6
1735 4604 1850 4670 νῦν,
1883 4604 1930 4656 ὦ

348 4701 510 4770 Σιὼν,
541 4701 710 4774 μόνης
739 4719 832 4754 σου
863 4701 996 4764 Θεὸς
1027 4699 1404 4771 νομιζόμενος.

615 4836 884 4891 EPMHN.
941 4835 1080 4889 ΤΟΥ
1129 4836 1304 4903 PMC."
1347 4833 1664 4888 ΨΛΛΜΟΥ.

421 4973 490 5022 α’.
544 4970 898 5036 Ἄλληλούΐα
919 4969 986 5026 ³⁸.
1025 4967 1289 5022 Ἐνταῦθα
1341 4967 1532 5038 σαφῶς
1577 4965 1933 5036 ἐδιδάχθημεν

353 5057 446 5112 τοῦ
477 5061 817 5128 άλλη.ιούὶά
848 5060 948 5132 τὴν
980 5061 1301 5133 ἑρμηνείαν.
1337 5061 1411 5114 Τὸ
1438 5060 1547 5131 γὰρ
1574 5058 1800 5114 Αἰνεῖτε
1829 5061 1936 5112 τὸν

2027 1851 2321 1902 caecorum,
2370 1846 2431 1891 ut
2486 1837 2752 1892 educeres
2787 1853 2818 1892 c
2851 1836 3208 1907 compedibus
3263 1834 3512 1898 vinctos,
3557 1838 3610 1886 e’t

2025 1943 2058 1982 e
2077 1927 2242 1983 domo
2266 1930 2509 1985 carceris
2539 1931 2795 1984 sedentes
2829 1929 2882 1983 in
2909 1929 3154 1984 tenebris
3175 1938 3226 1980 ιι.
3256 1945 3275 1980 ι
3300 1925 3366 1980 Et
3393 1923 3522 1979 alibi
3545 1938 3608 1978 ex

2027 2034 2257 2088 persona
2301 2019 2517 2075 Domini
2546 2020 2751 2077 Christi
2793 2023 2872 2076 ait
2901 2038 2916 2076 :
2949 2039 2970 2072 ι
3001 2019 3238 2090 Spiritus
3273 2017 3486 2072 Domini
3519 2030 3610 2070 suo

2027 2125 2256 2180 perme,
2285 2125 2350 2166 eo
2371 2112 2514 2181 quod
2540 2112 2696 2166 unxit
2725 2127 2832 2176 me,
2861 2113 2927 2166 ad
2953 2108 3443 2178 evangelizaudum
3474 2121 3612 2176 pau-

2027 2199 2246 2268 peribus
2294 2199 2450 2254 misit
2495 2215 2603 2264 me,
2633 2207 2692 2252 ut
2741 2198 2994 2256 mederer
3039 2197 3296 2252 contritis
3333 2196 3520 2258 corde,
3558 2203 3614 2249 ct

2027 2290 2386 2358 przedicarem
2418 2291 2651 2360 captivis
2691 2291 3113 2358 indulgentiam,
3145 2289 3308 2344 caecis
3344 2287 3497 2342 visus
3521 2301 3612 2342 re-

2029 2383 2440 2452 cuperationem
2460 2392 2508 2438 ν.
2547 2403 2567 2436 ι
2613 2383 2684 2436 Ει
2723 2385 2902 2438 alibi:
2937 2401 2958 2435 ι
2989 2381 3144 2437 Tunc
3190 2381 3416 2435 audient
3460 2380 3610 2435 surdi

2029 2473 2194 2529 verba
2238 2474 2390 2540 libri,
2428 2484 2484 2530 et
2527 2475 2620 2545 qui
2663 2483 2795 2528 sunt
2843 2475 2900 2528 in
2957 2473 3204 2529 tenebris
3249 2480 3304 2527 et
3346 2470 3401 2525 in
3445 2469 3610 2532 nube.

2032 2567 2174 2620 oculi
2205 2581 2475 2622 etecorum
2503 2566 2768 2622 videbunt
2789 2580 2837 2622 ι.
2870 2585 2889 2618 ι

2101 2683 2116 2702 ⁶
2146 2699 2165 2732 ι
2202 2679 2466 2736 Doniinus
2515 2679 2693 2750 diligit
2729 2679 2932 2750 iustos.
2981 2677 3175 2753 [Vens
3221 2677 3305 2752 9.]
3350 2676 3615 2732 Dominus

2029 2773 2272 2829 custodit
2303 2772 2564 2827 advenas.
2600 2791 2620 2825 ι
2675 2772 2819 2827 Deus
2857 2786 3040 2827 rerum
3075 2771 3322 2826 omnium
3363 2765 3616 2824 conditor

2031 2866 2255 2922 cuilibet
2287 2863 2644 2936 congruentia
2673 2863 2920 2920 exhibet.
2967 2863 3035 2920 Et
3057 2863 3222 2934 iustis
3249 2863 3494 2934 quidem,
3518 2859 3612 2931 qui

2030 2960 2208 3030 ipsum
2240 2957 2498 3028 diligunt,
2539 2957 2694 3028 paria
2726 2955 2999 3026 rependit,
3027 2965 3429 3026 paternumque
3462 2967 3614 3008 amo-

1955 3073 1999 3133 ρ
2029 3067 2142 3106 rem
2181 3049 2423 3107 ostendit
2454 3067 2468 3104 :
2501 3063 2598 3105 eos
2629 3064 2780 3116 vero,
2811 3049 2905 3120 qui
2951 3056 3238 3119 paternam
3273 3045 3609 3116 impietatem

2028 3141 2307 3214 fugerunt,
2352 3150 2406 3196 et
2436 3157 2558 3198 cum
2604 3141 2710 3196 {ide
2737 3141 2804 3196 ad
2837 3141 3016 3210 ipsum
3059 3147 3432 3206 accesserunt,
3462 3136 3614 3192 omni

2029 3235 2278 3290 custodia
2317 3241 2373 3290 et
2418 3247 2522 3302 ope
2561 3233 2840 3305 dignatur.
2873 3231 3089 3304 1569
3114 3231 3428 3304 Proselytos
3467 3231 3612 3285 enim

2027 3327 2270 3382 advnnas
2310 3333 2490 3381 vorat.
2539 3324 2632 3380 Sic
2677 3325 2846 3380 etiam
2897 3325 3088 3380 beatus
3145 3322 3324 3394 inquit
3370 3321 3612 3376 Paulus:

2035 3439 2054 3472 ι
2085 3418 2317 3475 Ειοιιιιιιιε
2339 3417 2618 3488 quondam
2645 3417 2766 3472 sine
2795 3415 3039 3482 Christo,
3063 3413 3286 3470 alienati
3321 3429 3354 3468 a
3383 3428 3614 3468 conver-

2029 3507 2244 3562 satione
2286 3507 2529 3570 lsraelis,
2579 3514 2633 3561 et
2683 3505 2927 3575 hospites
2971 3511 3452 3567 testamentorum,
3488 3516 3616 3574 pro-

2027 3597 2314 3654 missionis
2356 3613 2508 3668 spem
2555 3612 2662 3652 nou
2711 3594 3150 3652 habenteszsed
3207 3609 3330 3659 nos,
3377 3594 3474 3662 qui
3512 3591 3610 3646 ali-

2029 3692 2252 3762 quando
2281 3693 2440 3763 longe
2487 3691 2678 3747 remoti
2714 3703 2958 3754 eramus,
2993 3686 3124 3742 facti
3152 3701 3348 3742 sumus
3386 3685 3604 3755 propin-

2031 3783 2124 3854 qui
2147 3792 2198 3837 γ.
2233 3802 2252 3836 ι
2295 3813 2366 3822 -—
2389 3803 2408 3836 ι
2437 3781 2710 3854 Popilium
2734 3791 2790 3836 ct
2841 3781 3062 3835 viduam
3106 3778 3392 3848 suscipiet,
3419 3787 3473 3832 et
3501 3777 3618 3832 vias

2033 3882 2384 3942 peccatorum
2417 3873 2716 3942 disperdet.
2749 3891 2767 3924 ι
2813 3869 2897 3924 Ab
2933 3869 3236 3924 universali
3268 3867 3616 3922 Providentia

2032 3963 2098 4018 ad
2129 3961 2430 4032 singularia
2461 3977 2773 4016 sermonem
2805 3957 3092 4024 transfert,
3127 3967 3184 4013 et
3213 3959 3290 4013 ait
3339 3957 3616 4012 nemiuem

2033 4059 2102 4113 ab
2129 4055 2506 4112 universitatis
2533 4055 2882 4110 moderatore
2907 4053 3142 4122 negligi:
3165 4051 3255 4107 sed
3285 4051 3451 4108 istum
3469 4051 3618 4104 omni

2034 4149 2275 4204 humano
2297 4147 2506 4202 auxilio
2532 4147 2848 4210 destitutos,
2883 4143 3034 4198 omni
3066 4159 3203 4197 cura
3236 4142 3474 4213 dignari,
3497 4157 3618 4194 om-

2036 4256 2244 4311 nesque
2272 4240 2501 4296 insidias
2531 4239 2586 4294 in
2618 4237 2722 4294 hos
2744 4245 3096 4308 comparatas
3123 4235 3458 4290 dissolvere.

2105 4420 2271 4475 Vens.
2307 4423 2394 4478 10.
2431 4441 2451 4472 ι
2485 4411 2754 4492 Reguabit
2804 4417 3070 4473 Dominus
3119 4416 3174 4470 in
3217 4411 3440 4477 saecula,
3479 4412 3620 4468 Deus

2034 4525 2186 4577 tuus,
2226 4529 2260 4566 ο
2306 4512 2462 4578 Sion,
2513 4513 2568 4566 in
2603 4509 3012 4582 generationem
3033 4517 3088 4562 et
3121 4505 3560 4576 generationem.
3597 4522 3615 4555 ι

2034 4605 2168 4661 Nam
2211 4621 2452 4677 perenne
2485 4605 2652 4660 habet
2677 4603 2866 4669 robur,
2916 4614 3259 4672 regnumque
3293 4605 3617 4667 perpetuum

2036 4699 2104 4762 is,
2149 4700 2240 4769 qui
2279 4711 2427 4754 nunc
2457 4697 2803 4753 existimatur
2829 4693 2906 4748 tui
2951 4693 3150 4753 solius,
3199 4705 3232 4745 0
3262 4689 3418 4745 Sion.
3455 4690 3616 4744 Dens.

2405 4832 2676 4888 INTEDP.
2721 4827 2972 4886 PSALMI
3016 4825 3246 4884 CXLVI.

2109 4969 2280 5028 Vens.
2339 4969 2391 5025 l.
2446 4969 2702 5024 Alleluia.
2731 4967 2828 5022 Hic
2875 4965 3168 5020 manifesto
3215 4962 3481 5016 discimus
3539 4974 3622 5012 tn-

2031 5060 2476 5129 tet-pretationem
2515 5056 2664 5112 vocis
2692 5054 2948 5109 Alleluia.
2993 5051 3236 5109 Landate
3265 5049 3409 5106 enim
3438 5047 3621 5100 Domi-

388 5257 544 5316 ulsa.
575 5275 705 5325 χιιι,
739 5262 792 5316 G.
866 5273 888 5300 ν
916 5266 1018 5318 lsa.
1049 5279 1157 5325 ιιι,
1194 5263 1244 5316 1.
1324 5261 1474 5315 llIsa.
1514 5279 1661 5328 “is,
1707 5263 1786 5318 18.
1831 5271 1858 5309 3'
1887 5260 1924 5312 E

2045 5277 2084 5314 ς.
2123 5277 2180 5324 ιι,
2217 5259 2304 5322 ιε,
2347 5261 2428 5314 15.

1467 5455 1697 5510 γλιιιΑς
1738 5455 2119 5512 LECTIDNES
2163 5455 2246 5508 ET
2285 5453 2514 5510 NOTJS.

426 5593 472 5625 ³⁴¹
499 5593 698 5661 $0907.
733 5593 892 5648 Hebr.
949 5597 1133 5660 «peril,
1187 5614 1232 5650 ς.
1282 5596 1421 5650 v’sui
1461 5595 1713 5652 restituit.

362 5661 630 5735 βοηθείας.
709 5666 750 5696 ³³
783 5667 974 5734 Ἐπίμ.
1003 5668 1072 5720 ib.
1119 5668 1430 5738 τημελ;ίας.

1793 5597 1839 5628 ³³
1867 5599 2037 5650 ‘E.l.1:.
2097 5594 2181 5663 μὴ
2231 5595 2496 5662 ἔχοντες.
2561 5594 2680 5646 Des.
2715 5594 2764 5644 in
2799 5592 2897 5644 cmi
2932 5590 2947 5642 i

1547 5667 1590 5698 ³⁶
1617 5667 1866 5734 Ἀλλιιλ.
1899 5669 1927 5722 il

2039 5659 2130 5720 xtit
2158 5659 2352 5718 τὼνιγ
2405 5681 2560 5734 sequ.
2607 5663 2861 5730 ’.ὶγγτίου
2919 5661 3012 5713 καὶ
3069 5659 3360 5728 Ζαχαρίου.

3069 5589 3114 5620 δ’·
3149 5587 3362 5656 Κηδεμ.
3423 5591 3542 5644 cod.
3586 5591 3599 5642 l
