3974 6206
413 179 557 278 19τό

1403 219 1896 283 THEODORETI
1924 218 2266 284 EPISCOPI
2319 223 2689 285 CYRENSIS

3558 223 3704 289 1980

410 338 561 387 num,
595 320 821 377 Alleluia
853 322 1114 384 Hebraeus
1159 327 1334 388 dicit:
1365 333 1459 388 sed
1495 332 1861 406 Symmachus
1898 336 1995 392 hoc

2105 338 2345 406 Κύριον,
2382 336 2755 403 Ἀλληλούτα
2798 336 2827 389 ὁ
2871 332 3119 407 Ἐϐραῖος
3165 332 3316 404 λέγει
3345 351 3360 366 ·
3391 337 3419 389 ὁ
3450 335 3506 390 δέ
3546 336 3699 407 Σύμ-

410 414 532 469 sine
565 414 1019 484 interpretatione
1044 421 1289 493 reliquit.
1317 425 1451 480 dicit
1480 437 1663 482 autem
1689 428 1772 484 sic
1805 448 1819 484 :
1848 428 1996 485 Alle-

411 505 546 571 luia,
574 509 825 575 quoniam
867 509 1034 565 bonus
1064 524 1140 566 est
1172 514 1412 584 psalmus
1441 533 1461 571 :
1485 516 1795 575 Tltcodmio
1823 536 1950 575 vero
1978 540 1991 576 :

413 596 658 652 Laudare
707 598 792 662 Ia,
837 603 995 658 dixit.
1030 603 1100 660 Ut
1141 608 1427 665 laudemus
1477 611 1647 682 igitur
1690 614 1854 667 etiam
1908 614 1996 668 hic

411 691 657 757 psalmus
691 708 795 748 nos
836 695 1199 765 adhortatur;
1234 702 1484 771 praedicit
1530 714 1711 758 autem
1758 705 1994 759 reditum

411 793 443 830 ο
464 776 765 851 Babylone,
791 792 846 838 et
866 782 1065 841 factam
1091 799 1276 857 postea
1298 792 1695 864 llierosolymaa
1724 796 1997 850 iusmura-

412 870 639 924 tionem.
689 872 808 929 Non
863 878 1031 945 enim,
1090 890 1149 935 ut
1191 881 1366 939 Judaei
1427 896 1763 956 exspectant,
1805 904 1997 945 rursus

412 958 789 1035 Hierosolyma
830 966 1230 1026 instaurabitur
1257 990 1272 1026 :
1298 975 1393 1029 sed
1426 976 1675 1032 divinum
1707 981 1995 1035 oraculum

411 1052 558 1106 illam
596 1056 1036 1126 aediﬁcationem,
1070 1079 1195 1133 qua:
1248 1081 1279 1120 ο
1326 1064 1662 1125 Zorobabele
1697 1073 1808 1140 jam
1854 1073 1995 1130 facta

411 1158 516 1214 est,
546 1151 898 1210 vaticinatur.
931 1155 1147 1227 1570
1178 1177 1197 1210 ι
1233 1158 1473 1216 Laudatc
1505 1163 1823 1229 Dominum,
1859 1182 1997 1235 quo-

414 1241 560 1295 niam
597 1242 771 1299 bonus
817 1255 905 1302 est
946 1251 1215 1317 psalmus,
1256 1254 1367 1308 Deo
1412 1265 1600 1309 nostro
1628 1258 1874 1324 jutunda
1925 1261 1997 1314 sit

413 1333 674 1391 laudatio.
708 1355 727 1389 ι
769 1335 952 1404 Utilis,
988 1342 1187 1412 inquit,
1217 1357 1303 1400 est
1343 1348 1671 1418 hymnorum
1700 1362 1915 1417 cantus.
1942 1363 1997 1409 et

415 1425 684 1482 bonorum
715 1441 797 1486 est
829 1447 1019 1489 causa.
1050 1437 1119 1488 At
1141 1454 1246 1492 non
1274 1439 1513 1510 hymnus
1542 1444 1653 1497 Deo
1675 1457 1863 1515 gratus
1889 1457 1994 1514 est,

411 1520 504 1571 sed
541 1519 883 1578 laudantium
930 1528 1272 1596 propositum
1309 1532 1466 1600 :ipse
1516 1545 1722 1602 autem,
1772 1554 1897 1594 cum
1938 1556 1997 1596 re

412 1612 560 1665 nuila
589 1626 767 1684 egeat,
800 1618 1003 1688 gaudet
1033 1621 1318 1678 hominum
1356 1626 1556 1681 salute.

488 1706 506 1726 ‘
532 1706 692 1763 Vens.
732 1710 788 1765 Ω.
832 1729 848 1760 ι
874 1709 1186 1769 Αἰυιίϐιοιιηε
1219 1714 1654 1789 Hierosolymam
1703 1721 1992 1788 Dominus,

409 1796 786 1866 dispersiones
838 1800 1057 1859 lsraelis
1087 1808 1482 1877 congregabit.
1515 1827 1534 1860 ι
1587 1808 1653 1865 Ει
1705 1811 1847 1877 ideo,
1896 1815 1992 1882 ait,

410 1889 591 1958 ipsum
635 1891 860 1947 laudare
915 1894 1095 1962 decet,
1143 1901 1406 1969 quoniam
1453 1908 1508 1954 et
1559 1901 1995 1975 Hierosolymam

409 1992 657 2051 eversam
691 1982 1007 2050 acditicabit,
1031 1994 1085 2039 et
1119 1987 1367 2055 captivos
1406 1987 1674 2043 abductos
1706 1990 1883 2043 reditu
1913 1991 1997 2044 di-

407 2075 686 2142 gnabitur.
720 2074 877 2140 Quod
907 2077 952 2130 si
993 2092 1099 2132 non
1138 2094 1332 2133 omnes
1359 2080 1564 2134 reversi
1590 2089 1741 2146 sunt,
1774 2096 1881 2136 non
1912 2083 1997 2136 di-

407 2166 570 2219 vinus
597 2167 858 2221 mentitus
888 2176 971 2222 est
996 2184 1202 2237 sermo,
1236 2170 1331 2224 sed
1362 2171 1581 2225 illorum
1624 2174 1867 2242 pravitas
1894 2190 1994 2245 pa-

408 2257 609 2313 tefacta
667 2267 771 2314 est.
829 2258 953 2330 Ipse
999 2262 1148 2316 enim
1207 2278 1305 2333 per
1360 2263 1566 2335 Cyrum
1616 2267 1877 2322 omnibus
1935 2276 1997 2323 ut

407 2353 653 2407 redirent
703 2351 874 2422 jussit
917 2372 932 2407 :
970 2355 1059 2410 isti
1112 2370 1243 2410 vero
1287 2367 1680 2427 repugnantem
1734 2359 1994 2415 habentes

406 2455 678 2510 tuentem,
728 2446 1073 2516 peregrinam
1126 2456 1329 2503 terram
1382 2451 1572 2519 patria:
1614 2452 1990 2520 przetulerunt.

478 2618 643 2676 Vens.
681 2621 734 2675 5.
783 2642 801 2675 ι
832 2621 936 2690 Qui
975 2632 1137 2679 sanat
1174 2625 1442 2679 contuitos
1485 2627 1672 2692 corde,
1722 2638 1778 2684 et
1810 2630 1996 2700 alligat

406 2715 768 2771 cauti-itiones
822 2731 1085 2771 eorum.»
1144 2718 1439 2790 Cor-porcis
1502 2721 1812 2791 Spiritualia
1859 2739 1995 2779 cen-

401 2808 588 2879 junxit
608 2849 623 2872 ,
654 2818 703 2862 et
732 2810 973 2866 ostendit
1017 2811 1185 2866 Deum
1219 2830 1326 2867 non
1372 2814 1535 2869 modo
1563 2816 1796 2886 captivis
1826 2816 1991 2871 Iiber-

407 2909 574 2955 tatetn
614 2901 872 2970 donasse,
923 2920 1114 2960 verum
1151 2906 1319 2960 etiam
1359 2906 1448 2972 iis,
1496 2908 1592 2979 qui
1623 2909 1832 2978 peccati
1871 2910 1992 2964 vul-

409 3011 536 3050 nera
566 3006 946 3068 susceperant,
971 2998 1267 3056 sanitatem
1299 3000 1634 3057 restituisse.

479 3179 645 3237 Vsus.
687 3180 740 3236 4.
772 3202 790 3233 ι
822 3180 929 3248 Qui
959 3192 1215 3240 numerat
1247 3183 1657 3245 multitudinem
1680 3186 1988 3256 stellarum,

404 3283 460 3328 et
515 3273 774 3329 omnibus
825 3275 908 3329 eis
972 3274 1198 3331 nomina
1253 3277 1504 3348 imponit.
1538 3298 1558 3332 ι
1616 3278 1675 3333 In
1730 3281 1992 3338 omnibus

406 3366 501 3421 Dei
534 3368 837 3437 potentiam
862 3367 1144 3438 praedicat.
1182 3369 1289 3435 Qui
1321 3380 1565 3426 nunterat
1599 3370 1690 3427 hic
1721 3374 1993 3445 cognitio-

405 3476 530 3515 nem
563 3460 799 3528 vocavit,
848 3470 903 3515 et
946 3470 1221 3515 astrorum
1262 3464 1480 3517 nemina
1526 3472 1802 3520 astrorum
1833 3464 1992 3521 diﬂ'e—

403 3553 635 3613 rentias.
674 3562 729 3607 et
753 3554 950 3608 horum
980 3553 1335 3624 positionem,
1362 3564 1417 3609 et
1449 3556 1720 3623 ordinem,
1742 3565 1796 3612 et
1829 3557 1993 3612 Ιιαὺὶε-

407 3655 523 3700 tum
569 3646 712 3700 inter
744 3660 827 3701 se.
862 3645 983 3700 Non
1031 3646 1180 3701 enim
1220 3647 1537 3702 nominibus
1569 3658 1731 3705 utens
1773 3648 1997 3705 univer-

402 3754 593 3795 sorum
659 3737 805 3793 Deus
851 3738 1036 3794 stellas
1092 3751 1254 3795 vocat
1299 3741 1433 3795 :hte
1484 3740 1686 3811 quippe
1741 3741 1996 3798 inanitate

405 3841 552 3897 sunt,
598 3841 652 3886 et
688 3832 916 3886 rationis
948 3842 1222 3901 expertes.
1274 3831 1537 3887 llomines
1577 3842 1784 3899 autem,
1829 3834 1996 3903 impia

405 3931 588 3978 mente
618 3930 857 3985 utentes,
891 3936 959 3976 ex
987 3921 1187 3976 fabulis
1225 3922 1295 3976 ab
1322 3921 1459 3992 ipsis
1489 3921 1701 3993 1571
1747 3923 1996 3978 conﬁctis

405 4013 629 4070 nomina
661 4012 838 4068 stellis
871 4013 1274 4082 imposuerunt.

478 4104 645 4160 Vens.
679 4105 732 4159 5.
779 4124 798 4157 ι
828 4103 1060 4176 Magnus
1095 4115 1179 4159 est
1213 4105 1479 4160 Dominus
1522 4115 1733 4171 noster,
1777 4116 1834 4161 et
1884 4122 1998 4162 ma-

405 4214 511 4269 gna
546 4201 720 4253 virtus
757 4197 898 4268 ejus,
939 4208 993 4253 et
1027 4198 1315 4266 sapientiae
1362 4197 1484 4269 ejus
1522 4214 1632 4253 non
1680 4209 1767 4256 est
1803 4216 1997 4255 nunte-

404 4308 524 4347 rus.
554 4310 573 4342 ι
608 4291 878 4345 lmmeusa
915 4298 1043 4345 sunt
1090 4290 1297 4353 omnia,
1341 4301 1389 4346 et
1427 4291 1767 4361 magnitudo,
1812 4303 1867 4347 et
1902 4308 1995 4348 ro-

404 4385 536 4446 bur,
580 4393 636 4437 et
668 4382 789 4437 latis
817 4400 830 4434 :
861 4390 1040 4436 tamen
1070 4390 1130 4435 ut
1154 4396 1471 4451 possumus,
1505 4382 1814 4437 laudamus.

483 4475 646 4531 Vsus.
679 4474 733 4530 6.
779 4492 800 4525 ‹
836 4472 1156 4544 Suscipiens
1197 4486 1518 4531 mansuetos
1556 4475 1856 4529 Dominus:
1885 4475 1989 4530 hu-

404 4570 626 4625 milians
660 4576 842 4623 autem
870 4579 1191 4638 peccatores
1221 4582 1397 4637 usque
1422 4568 1487 4621 ad
1517 4577 1746 4622 terram.
1777 4586 1797 4620 ι
1830 4566 1991 4640 Sym-

405 4662 639 4727 machus
685 4660 930 4731 re/icieus
981 4660 1140 4714 dixit.
1186 4659 1254 4714 Et
1304 4661 1409 4715 hoc
1461 4669 1546 4715 est
1585 4661 1866 4730 proprium
1906 4660 1994 4715 (li-

406 4756 549 4810 vina:
576 4754 964 4816 Providentiae,
1002 4764 1060 4808 ut
1098 4768 1193 4808 eos
1216 4752 1460 4823 quidem,
1503 4751 1593 4823 qui
1627 4753 1699 4807 ob
1734 4768 1991 4807 mansue-

407 4848 656 4905 tudiucm
685 4862 713 4900 a
742 4846 1070 4917 quibusdam
1103 4844 1334 4899 insidias
1363 4844 1670 4913 patiuntur,
1696 4843 1997 4898 Providen-

407 4942 482 4999 tia
510 4941 765 5011 dignetur
791 4957 805 4994 :
834 4954 931 4994 eos
956 4953 1106 4999 vero.
1138 4937 1231 5006 qui
1260 4937 1462 5007 injuste
1490 4937 1640 5005 ipsos
1669 4935 1991 4999 invaserint,

407 5043 586 5091 morte
628 5032 843 5086 tuultet.
881 5029 946 5085 Et
976 5030 1117 5084 alios
1148 5029 1393 5084 illustres
1432 5043 1498 5082 ac
1528 5027 1856 5097 spectabiles
1883 5027 1995 5082 elli-

407 5129 504 5192 cit,
541 5125 774 5180 alimum
818 5123 1146 5178 memoriam
1191 5120 1453 5177 oblivioni
1487 5121 1676 5177 tradit.
1727 5121 1820 5176 Sic
1865 5136 1994 5175 san-

409 5231 622 5273 ctorum
660 5216 1037 5288 apostolorum
1074 5217 1280 5271 chorus
1329 5214 1564 5269 celebris
1607 5212 1709 5267 fuit
1743 5229 1758 5264 :
1789 5212 1874 5267 sic
1903 5226 1994 5266 ce-

409 5310 685 5367 leberrimi
726 5319 1026 5381 martyrum
1068 5320 1264 5364 cmttts.
1297 5307 1499 5362 Eorum
1533 5320 1668 5360 vero
1704 5304 1990 5369 memoria,

410 5405 504 5474 qui
536 5405 658 5460 illos
681 5413 1087 5475 oppugnarunt,
1113 5403 1390 5457 oblivione
1427 5400 1607 5455 deleta
1639 5407 1744 5454 est.

2102 448 2277 501 μαχος
2356 431 2452 484 καὶ
2526 429 2936 502 ἀνερμήνευτον
2993 427 3124 484 αὐτὸ
3189 429 3385 483 εἴασε·
3443 429 3595 499 λέγει
3641 428 3698 482 δὲ

2097 524 2292 587 οὕτως,
2353 524 2722 589 Ἀλληλούἲα
2754 563 2768 587 ,
2825 522 2914 577 ὅτι
2945 522 3167 593 ἀγαθὸς
3214 523 3481 591 ψαλμός.
3550 521 3609 575 ⁸0
3639 521 3696 575 δέ

2097 615 2412 683 Θεοδοτίων,
2437 614 2667 670 Αἰνεῖτε
2693 614 2903 669 τὸνἸά
2915 615 2960 646 ³⁷
2978 631 2994 648 ο
3019 616 3189 669 αἰνεῖν
3218 615 3313 668 καὶ
3335 606 3491 677 οὗτος
3511 614 3695 667 τοίνυν

2098 710 2127 764 ὁ
2167 708 2384 779 ψαλμὸς
2429 707 2872 782 παρακελεύεται
2908 722 2922 737 ⁸
2978 707 3339 781 προθεσπίζει
3384 706 3443 760 δέ
3495 708 3596 775 τὴν
3628 707 3693 760 ἐκ

2097 799 2421 864 Βαϐυλῶνος
2451 801 2731 864 ἐπάνοδον,
2757 800 2853 853 καὶ
2873 800 2975 871 τὴν
3012 799 3152 870 μετά
3181 799 3357 853 ταῦτα
3392 797 3689 870 γενομένην

2097 893 2200 962 τῆς
2232 891 2618 963 ,Ἰερουσαλὴμ
2669 891 3003 963 οἰκοδομίαν.
3038 891 3112 946 Οὐ
3152 891 3284 963 γὰρ,
3336 892 3413 957 ώς
3454 891 3689 945 Ἰουδαῖοι

2099 984 2500 1054 προσδοκῶσιν,
2555 981 2716 1049 αὖθις
2767 985 3131 1057 Ἰερουσαλὴμ
3179 985 3687 1055 οἰκοδομηθήσεται,

2098 1076 2234 1131 ἀλλά
2264 1077 2365 1148 τὴν
2399 1079 2500 1149 ἥδη
2545 1077 2927 1149 γεγενημένην
2979 1079 3084 1132 ὑπὸ
3128 1077 3437 1149 Ζοροϐάϐελ
3485 1076 3688 1130 οἰκοδο·

2101 1166 2250 1238 μίαν,
2274 1167 2303 1220 ὁ
2335 1169 2674 1239 προφητικδς
2700 1169 3056 1239 προθεσπίζει
3085 1169 3263 1237 λόγος.
3306 1188 3325 1221 ι
3362 1169 3571 1221 Αἰνεῖτε
3603 1165 3694 1220 τὸν

2099 1259 2328 1331 Κύριον,
2347 1260 2431 1313 ὅτι
2456 1260 2661 1328 ἀγαθὸς
2683 1260 2728 1294 ³⁸
2750 1261 2985 1332 ψαλμὸς,
3019 1259 3097 1331 τῷ
3122 1259 3241 1330 Θεῷ
3264 1261 3421 1328 ἡμῶν
3440 1256 3694 1328 ἡδυκιθείη

2098 1350 2323 1414 αἴνεσις.
2372 1371 2391 1403 ι
2434 1351 2747 1422 Ὀνήσιμος,
2781 1353 2965 1423 φησιν,
3002 1353 3037 1420 ἡ
3069 1349 3336 1420 ύμνῳδία,
3366 1349 3462 1401 καὶ
3494 1346 3695 1415 πρόξε-

2098 1462 2190 1508 νος
2219 1442 2442 1513 ἀγαθῶν
2473 1448 2505 1476 "
2524 1443 2669 1515 θυμή
2681 1461 2780 1513 ρης
2804 1444 2861 1496 δὲ
2888 1443 2967 1513 τῷ
3005 1440 3127 1512 Θεῷ
3155 1442 3254 1511 οὐχ
3275 1442 3303 1493 ὁ
3332 1439 3520 1510 ὕμνος,
3560 1436 3694 1490 ἀλλὰ

2097 1539 2207 1591 τῶν
2252 1537 2569 1609 ὑμνούντων
2599 1540 2626 1592 ὁ
2658 1537 2863 1601 σκοπός
2891 1552 2904 1566 ·
2941 1536 3105 1601 αὐτὸς
3134 1536 3190 1590 δὲ
3222 1534 3480 1604 ἀνενδεὴς
3515 1533 3693 1603 χαίρει

2099 1633 2165 1702 τῇ
2203 1630 2450 1701 σωτηρίᾳ
2479 1630 2591 1683 τῶν
2619 1627 2947 1700 ἀνθρώπων.

2174 1724 2242 1796 β’.
2284 1742 2301 1774 ι
2340 1722 2654 1793 Οἰκοδομῶν
2723 1720 3082 1794 Ἰερουσαλὴμ
3128 1721 3158 1773 ὁ
3211 1718 3458 1790 Κύριος,
3526 1715 3695 1779 τὲς³⁹

2098 1812 2395 1882 διασπορὰς
2431 1812 2524 1866 τοῦ
2560 1810 2781 1882 Ἰσραὴλ
2822 1808 3159 1874 ἐπισυνάξει.
3192 1827 3210 1860 ι
3249 1809 3358 1861 Καὶ
3389 1806 3480 1859 διὰ
3508 1803 3692 1868 τοῦτο,

2099 1903 2286 1973 φησὶν,
2317 1901 2480 1954 αὐτὸν
2500 1899 2789 1970 ὑμνεῖσθαι
2826 1899 3120 1969 προσήκει,
3154 1898 3236 1950 ὅτι
3267 1897 3363 1950 καὶ
3391 1896 3494 1963 τὴν
3517 1911 3692 1946 κατα-

2097 1990 2352 2045 λυθεῖσαν
2395 1990 2763 2064 ⁹1ερουσαλὴμ
2804 1987 3240 2061 οἰκοδομήσειδο,
3289 1985 3386 2040 καὶ
3431 1985 3562 2047 τοὺς
3605 1982 3691 2035 60-

2100 2084 2413 2153 ρυαλώτους
2444 2082 2848 2155 γεγενημένους
2896 2079 3122 2146 ἀξιώσει
3159 2080 3260 2148 τῆς
3294 2075 3585 2130 ἐπανόδου.
3630 2075 3687 2126 Εἰ

2095 2172 2154 2225 δὲ
2186 2171 2261 2243 μὴ
2294 2171 2494 2233 πάντες
2536 2168 2862 2240 ἐπανῆλθον,
2898 2169 2997 2239 οὐχ
3028 2171 3056 2221 ὁ
3077 2167 3221 2230 θεῖος
3250 2165 3579 2235 διεψεύσατο
3607 2163 3689 2215 λό-

2096 2282 2214 2334 γος,
2268 2264 2383 2317 ἀλλ’
2437 2266 2471 2336 ἡ
2511 2265 2740 2318 ἐκείνων
2784 2262 3030 2334 ἠλέγχθη
3066 2260 3322 2331 πονηρία,
3369 2258 3544 2321 Αὐτὸς
3590 2256 3685 2327 μὲν

2099 2358 2209 2427 γὰρ
2247 2356 2333 2410 διὰ
2374 2356 2468 2410 τοῦ
2513 2355 2697 2427 Κύρου
2732 2356 2902 2410 πᾶσιν
2926 2353 3247 2409 ἐπανελθεῖν
3279 2352 3681 2422 παρεγγύησεν,

2096 2450 2148 2502 οι
2194 2448 2251 2502 δὲ
2291 2448 2584 2502 ἀντίτυπον
2628 2448 2929 2518 ἐσχηκότες
2970 2446 3217 2519 γνώμην,
3265 2445 3366 2515 τὴν
3402 2442 3681 2514 ἀλλοτρίαν

2098 2540 2222 2596 ἀντὶ
2247 2541 2346 2612 τῆς
2375 2540 2640 2613 πατρίδος
2663 2539 3002 2612 προείλοντο.

2168 2634 2236 2703 γ’.
2269 2654 2286 2686 ι
2316 2634 2373 2688 '0
2398 2634 2625 2705 ἰώμενος
2643 2636 2771 2698 τοὺς
2792 2634 3295 2705 συντετριμμένους
3312 2633 3416 2692 τὴν
3439 2629 3674 2701 καρδίαν,

2098 2724 2192 2777 καί
2216 2723 2498 2794 δεσμεύων
2521 2725 2591 2778 τὰ
2625 2724 3011 2796 συντρίμματα
3044 2723 3248 2777 αὐτῶν.
3282 2741 3301 2774 ι
3337 2721 3552 2790 Συνῆψε
3577 2722 3680 2782 rei;

2099 2818 2434 2886 σωματικοῖς
2465 2815 2532 2869 τὰ
2556 2817 2924 2887 πνευματικὰ,
2960 2816 3055 2870 καὶ
3083 2814 3285 2880 ἔδειξεν
3312 2814 3475 2867 αὐτὸν
3498 2812 3560 2865 ού
3590 2812 3683 2880 μοι

2098 2927 2186 2964 νον
2207 2912 2318 2973 τοῖς
2335 2909 2701 2980 αἰχμαλώτοις
2718 2912 2814 2981 τὴν
2836 2909 3153 2979 ἐλευθερίαν
3174 2907 3538 2978 δωρούμενον,
3558 2905 3688 2959 ἀλλά

2099 2999 2195 3053 καὶ
2241 3001 2356 3064 τοῖς
2388 3001 2457 3053 τά
2489 3001 2587 3066 τῆς
2622 3000 2897 3071 ἁμαρτίας
2924 3000 3217 3072 τραύματα
3242 2999 3563 3071 δεξαμένοις
3592 2997 3686 3067 τὴν

2096 3093 2239 3146 ἴασιν
2269 3092 2651 3165 χαριζόμενον.

2160 3183 2223 3240 δ’.
2265 3203 2284 3237 ι
2335 3185 2391 3237 Ὁ
2418 3183 2670 3255 ἀριθμῶν
2702 3184 2889 3256 πλήθη
2920 3185 3159 3256 ἄστρων,
3184 3185 3281 3238 καὶ
3308 3185 3476 3238 πᾶσιν
3507 3183 3687 3245 αὐτοῖς

2090 3274 2333 3346 ὀνόματα
2363 3275 2601 3330 καλῶν.»
2638 3276 2740 3329 Διὰ
2767 3279 2990 3330 πάντων
3021 3275 3117 3330 τοῦ
3145 3275 3283 3329 Θεοῦ
3319 3274 3420 3345 τὴν
3459 3272 3689 3342 δύναμιν

2092 3367 2379 3441 κηρύττει.
2432 3369 2495 3423 '0
2544 3368 2811 3438 ἀριθμῶν
2833 3369 2877 3400 ⁸¹
2931 3370 2988 3423 δὲ
3036 3368 3271 3423 ἐνταῦθα
3327 3368 3430 3438 τὴν
3489 3366 3688 3436 γνῶσιν

2095 3461 2348 3527 ἐκάλεσε,
2376 3462 2473 3516 καὶ
2514 3462 2756 3530 ἄστρων
2782 3461 2839 3515 δὲ
2879 3462 3144 3533 ὀνόματα
3179 3460 3278 3525 τὰς
3305 3461 3415 3514 τῶν
3442 3458 3689 3529 ἀστέρων

2093 3554 2396 3626 διαφορὰς,
2432 3554 2527 3608 καὶ
2566 3554 2666 3626 τὴν
2714 3552 2921 3608 τούτων
2967 3554 3115 3609 θέσιν
3160 3567 3222 3609 τε
3287 3552 3385 3607 καὶ
3422 3550 3685 3615 διάταξιν,

2099 3647 2198 3701 καὶ
2216 3646 2317 3718 τὴν
2344 3646 2482 3718 πρὸς
2507 3645 2710 3716 ἄλληλα
2736 3645 2941 3717 σχέσιν.
2973 3646 3050 3700 Οὐ
3083 3644 3194 3717 γὰρ
3218 3644 3451 3715 ὀνόμασι
3490 3659 3687 3713 κεχρη-

2099 3738 2262 3809 μένος
2295 3739 2327 3790 ὀ
2354 3737 2464 3792 τῶν
2500 3738 2639 3792 ὅλων
2663 3737 2796 3802 Θεὸς
2826 3738 2954 3801 τοὺς
2984 3737 3222 3808 ἀστέρας
3261 3734 3424 3790 καλεῖ
3452 3752 3467 3767 ·
3499 3735 3671 3803 ἄψυχα

2095 3830 2206 3900 γὰρ
2257 3829 2457 3897 ταῦτα,
2510 3831 2605 3883 καὶ
2649 3830 2811 3898 λόγου
2856 3830 3223 3901 ἑστερημένα.
3262 3829 3573 3898 ΙἈνθριιοποι
3601 3824 3678 3885 δὲ,

2095 3924 2289 3979 ἀσεϐεῖ
2333 3923 2532 3997 γνώμῃ
2580 3923 2943 3995 χρησάμενοι,
2994 3922 3105 3976 ἀπὸ
3151 3921 3341 3993 μύθων
3386 3921 3480 3975 ὑπ’
3511 3918 3687 3973 αὐτῶν

2098 4016 2513 4081 πεπλασμένων
2544 4015 2737 4070 ἔθεσαν
2776 4017 2889 4080 τοῖς
2918 4016 3139 4085 ἄστροις
3174 4013 3438 4083 ὀνόματα.

2169 4116 2232 4163 ε’.
2272 4129 2290 4161 ι
2316 4108 2506 4178 Μέγας
2540 4111 2568 4162 ὁ
2609 4107 2819 4180 Κύριος
2850 4107 3030 4179 ἡμῶν,
3059 4106 3154 4161 καὶ
3198 4106 3415 4178 μεγάλη
3473 4108 3507 4176 ἡ
3539 4106 3691 4176 ἰσχὺς

2097 4201 2287 4268 αὐτοῦ,
2320 4203 2417 4255 καὶ
2450 4201 2552 4271 τῆς
2579 4199 2851 4265 συνέσεως
2873 4199 3041 4255 αὐτοῦ
3064 4200 3166 4254 οὑκ
3191 4199 3339 4254 ἐστιν
3368 4200 3627 4271 ἀριθμός.
3662 4216 3684 4251 ι

2112 4292 2423 4364 ’Δμέτρητα
2458 4293 2658 4356 πάντα,
2688 4292 2784 4345 καὶ
2815 4291 2876 4345 τὺ
2907 4290 3160 4362 μέγεθος,
3198 4292 3294 4346 καὶ
3322 4293 3356 4360 ἠ
3389 4291 3566 4362 ἰσχὺς,
3596 4290 3693 4347 καὶ

2026 4402 2073 4461 D
2101 4384 2134 4455 ή
2158 4382 2385 4445 αἴνεσις.
2406 4381 2498 4445 Ὠς
2531 4380 2819 4452 χωροῦμεν
2848 4380 2906 4434 δὲ
2928 4382 3079 4452 ὅμως
3113 4382 3415 4453 ὑμνοῦμεν.

2168 4482 2245 4541 ς’.
2282 4493 2302 4527 ι
2351 4473 2780 4543 ’Δναλαμϐάνων
2819 4476 3021 4547 πραεῖς
3066 4474 3095 4527 ὁ
3144 4474 3374 4546 Κύριος,
3418 4472 3695 4528 ταπεινῶν

2053 4630 2059 4638 ,
2090 4569 2147 4622 δὲ
2178 4566 2539 4642 ἁμαρτωλοὺς
2563 4568 2670 4632 ἕως
2694 4566 2820 4638 γῆς.
2862 4586 2881 4619 ι
2919 4567 2978 4621 '0
3017 4566 3319 4639 Σύμμαχος
3345 4564 3694 4635 ἀνακτώμε-

2091 4676 2199 4725 νος
2217 4660 2456 4731 εἴρηκεν.
2480 4660 2589 4713 Καὶ
2612 4659 2770 4713 τοῦτο
2787 4659 2846 4714 δὲ
2865 4659 2966 4731 τῆς
2983 4658 3135 4724 θείας
3170 4661 3303 4713 ῖδιον
3325 4658 3692 4729 προμηθείας·

2097 4751 2223 4814 τοὺς
2255 4751 2355 4819 μὲν
2382 4749 2488 4822 γὰρ
2515 4750 2903 4807 δι’ἐπιείκειαν
2933 4752 3040 4805 ὑπό
3069 4768 3233 4804 τινων
3255 4749 3688 4819 ἐπιϐουλευομέ-

2093 4861 2217 4908 νους
2248 4842 2573 4915 κηδεμονίας
2600 4842 2740 4908 ἀξιοῖ
2765 4856 2780 4872 ·
2825 4846 2952 4907 τοὺς
2977 4843 3034 4897 δὲ
3061 4843 3264 4906 ἀδίκως
3286 4844 3475 4905 αὐτοῖς
3502 4840 3691 4894 ἐπιόν-

2092 4952 2191 4997 τας
2219 4936 2585 5006 παραπέμπει
2610 4935 2845 5006 θανάτῳ.
2868 4937 2980 4989 Καὶ
3003 4937 3129 4999 τοὺς
3155 4936 3257 5005 μὲν
3281 4934 3690 5006 περιϐλέπτους

2094 5027 2240 5078 ποιεῖ
2268 5025 2362 5078 καὶ
2393 5028 2731 5096 περιφανεῖς·
2757 5025 2865 5079 τῶν
2886 5026 2942 5079 δὲ
2971 5024 3070 5096 τὴν
3096 5026 3321 5096 μνήμην
3345 5020 3687 5092 παραδίδωσι

2093 5119 2253 5192 λήθῃ.
2281 5117 2439 5174 Οὕτω
2470 5119 2576 5173 τῶν
2604 5119 2779 5188 ἁγίων
2806 5118 3125 5173 ἀποστόλων
3159 5117 3406 5186 ἀοίδιμος
3431 5117 3459 5167 ὁ
3482 5114 3643 5184 χορός
3663 5130 3679 5145 ο

2093 5212 2238 5267 οὓτω
2271 5211 2702 5283 πολυθρύλλητοι
2745 5211 2855 5265 τῶν
2883 5210 3183 5282 μαρτύρων
3200 5210 3251 5262 οἰ
3266 5208 3452 5278 δῆμοι.
3474 5204 3598 5259 τῶν
3624 5203 3683 5257 δὲ

2095 5302 2304 5367 τούτοις
2373 5302 2838 5374 πεπολεμηκότων
2920 5303 2953 5371 η
3035 5300 3228 5371 μνήμη
3313 5296 3683 5369 παραδέδοται

2093 5393 2252 5467 λήθῃ.

1509 5509 1747 5569 VARle
1789 5504 2171 5563 LECTIONES
2213 5506 2298 5559 ΕΤ
2326 5505 2566 5560 ΝΟΤίΕ.

489 5588 894 5669 ετσιά.σοα.ι
929 5616 1075 5668 εκα.
1155 5603 2070 5673 ιειιτκιυνηοιμι.ρειάγαοοι

2175 5603 2220 5635 ³³
2254 5602 2383 5669 Τάς.
2420 5604 2478 5657 In
2531 5611 2682 5658 textu
2728 5603 2836 5657 τῶν
2882 5600 2937 5658 0'
2976 5617 3162 5671 praem.
3215 5600 3328 5655 καί.
3402 5599 3447 5633 ⁸⁸
3485 5594 3611 5656 cod.
3652 5601 3672 5655 i

417 5677 842 5749 ἀνοικοδομήσω.
921 5687 960 5718 ⁸⁸
1008 5687 1067 5738 ’0
1098 5682 1377 5754 ἀριθμῶν.
1413 5682 1566 5753 .\pul
1602 5679 1763 5735 (Lord.
1801 5679 1835 5731 l.
1870 5671 1917 5730 ε.
1947 5692 1995 5745 ι).

2105 5674 2158 5727 Ο.
2193 5675 2293 5743 leg.
2329 5673 2575 5744 ἀριθμόν.
2613 5674 2661 5728 is
2694 5689 2821 5730 vero
2856 5674 2968 5728 haec
2994 5672 3208 5740 υνξεοηὶ
3241 5671 3449 5726 tribuit.
