4012 6208
365 286 476 355 1'91

1386 288 1878 351 THEODORETI
1909 286 2249 348 EPISCOPI
2285 286 2651 348 CYRENSIS

3534 277 3635 345 192

369 402 534 469 Deus,
573 414 697 456 cum
739 399 811 455 sit
843 398 1159 465 invisibilis,
1197 414 1294 471 per
1318 399 1555 470 learnem
1600 402 1751 457 visus
1789 400 1957 456 estin

2073 398 2216 470 Βήλη·
2246 398 2421 464 οὕτως
2459 400 2690 471 ἀόρατος
2732 396 2807 450 ὢν
2842 395 3038 460 bibet;
3061 394 3234 464 Λόγος
3269 392 3381 464 (GI)
3413 390 3507 447 διὰ
3532 390 3635 463 τῆς

368 505 535 561 terra,
573 503 627 551 et
656 494 1130 551 cum'bominibus
1174 506 1529 553 conversatus
1561 506 1665 562 est,
1699 505 1753 551 et
1783 511 1950 566 appa-

366 588 481 643 ruit
545 588 601 643 in
660 603 845 654 carne,
903 588 1202 644 secundum
1267 589 1514 644 divinum
1574 587 1979 658 Apostolum‘.'

366 682 725 739 Frumentum
773 691 954 737 autem
1006 692 1060 736 et
1101 683 1287 735 vinum
1321 690 1446 736 sunt
1475 680 1702 749 aenigma
1740 681 1954 735 divino-

370 791 492 830 rum
533 774 936 840 mysteriorum.
991 774 1056 828 Et
1084 773 1212 828 huic
1243 770 1675 841 interpretationi
1728 786 1952 826 consen-

2054 490 2255 561 σαρκὸς
2299 490 2392 543 ἐπὶ
2422 487 2527 560 γῆς
2571 487 2751 558 ὤφθη,
2790 486 3028 549 καὶτοῖς
3069 482 3384 556 ἀνθρώποις
3446 499 3638 535 συναν-

2055 580 2329 651 εστράφη,
2365 582 2459 634 καὶ
2510 577 2829 651 ἐφανερώθη
2870 579 2927 632 ἐν
2971 576 3157 648 σαρκὶ,
3191 575 3333 629 κατὰ
3375 574 3468 628 τὸν
3493 573 3638 627 θεῖον

2066 669 2405 726 Ἀπόστολον.
2439 670 2548 723 Kal.
2575 672 2603 723 6
2626 673 2772 734 σῖτος
2788 668 2844 721 δὲ
2872 669 2966 722 καὶ
2986 670 3014 722 ὁ
3044 663 3185 731 οἶνος
3205 666 3316 719 τῶν
3337 664 3500 719 θείων
3520 664 3639 716 ἐστὶ

2053 762 2374 835 μυστηρίων
2423 763 2655 833 αἴνιγμα
2675 780 2688 794 ⁸
2717 761 2893 832 τούτῳ
2940 763 3227 831 συμφωνεῖ
3253 759 3331 829 τῷ
3368 757 3517 828 λόγῳ
3542 756 3639 810 καὶ

374 868 534 934 tiunt,
554 882 675 937 quae
703 875 1034 936 sequuntur:
1072 882 1091 916 ι
1121 863 1187 918 Et
1216 862 1456 918 servient
1478 861 1579 916 tibi
1612 871 1800 931 gentes
1832 874 1952 917 ιι.-

2073 857 2121 911 τά
2141 857 2268 928 ἑξῆς
2289 873 2302 889 ο
2328 874 2347 908 ι
2367 857 2478 910 Καὶ
2510 854 2956 910 δουλευσάτωσάν
2990 870 3072 907 σοι
3109 851 3259 922 ἔθνη.
3310 851 3500 905 Πάντα
3528 849 3638 920 γάρ

373 955 576 1011 Omnes
620 955 764 1011 enim
813 964 1000 1025 gentes
1037 954 1277 1008 servient
1320 953 1416 1012 illi.
1459 972 1477 1005 ι
1521 961 1584 1008 ut
1627 954 1703 1007 ait
1738 954 1955 1009 divinus

2073 947 2123 1001 τὰ
2145 945 2272 1019 ἔθνη
2295 945 2676 1000 δουλεύσουσιν
2705 943 2873 1015 αὐτῷ,
2900 962 2920 996 ι
2959 943 3127 1013 φησὶν
3158 940 3272 1014 (62)
3307 942 3336 995 ὁ
3369 940 3514 1025 θεῖος
3536 941 3639 992 Δα-

373 1046 542 1101 David
565 1053 613 1111 ν,
646 1063 664 1096 ι
704 1043 767 1100 Et
795 1045 1099 1100 adorabunt
1149 1052 1201 1098 te
1247 1043 1539 1114 principes.
1584 1042 1758 1114 Reges
1787 1045 1954 1108 enim,

373 1138 571 1208 inquit,
603 1136 828 1192 Tharsis
857 1147 910 1191 et
952 1136 1141 1191 insulae
1192 1150 1417 1190 munera
1469 1135 1720 1191 offerent.
1776 1136 1947 1207 Reges

375 1231 615 1286 Arabum
644 1237 699 1284 et
736 1228 893 1282 Saba:
921 1227 1059 1282 dona
1090 1226 1380 1293 adducent,
1406 1235 1461 1281 et
1490 1225 1796 1281 adorabunt
1826 1242 1948 1282 eum

376 1335 566 1376 onmes
596 1334 750 1390 reges
786 1327 955 1373 terrm.
999 1336 1017 1369 ι
1068 1315 1218 1372 Hauc
1259 1332 1478 1388 quoque
1528 1318 1957 1373 benedictionem

338 1422 342 1467 ζ
380 1411 741 1476 conﬁrmavit,
773 1409 990 1481 quando
1038 1408 1187 1464 misit
1228 1424 1354 1464 eum
1389 1409 1442 1463 in
1484 1407 1958 1479 Mesopotamiam.

340 1498 347 1584 ξ
388 1522 409 1556 ι
440 1503 567 1584 Fias
598 1502 761 1564 enim,
794 1501 990 1570 inquit.
1041 1500 1491 1572 congregationes
1533 1501 1878 1572 populorum,
1910 1508 1964 1555 et

366 1579 472 1650 -dct
521 1594 614 1649 tibi
668 1593 931 1648 Dominus
982 1594 1414 1649 benedictionem
1471 1594 1761 1648 Abrahami
1794 1594 1964 1664 patris

382 1685 461 1738 tui
482 1678 531 1738 ί.
572 1702 590 1734 ι
624 1682 883 1749 Quaenam
932 1693 1108 1737 autem
1141 1692 1288 1739 esset
1334 1682 1657 1744 benedictio,
1691 1681 1850 1738 facile
1881 1692 1964 1738 est

2056 1037 2157 1091 δίδ.
2183 1057 2202 1090 ι
2224 1017 2335 1091 Καὶ
2356 1039 2830 1108 προσκυνήσουσιν
2849 1036 2897 1088 οί
2925 1033 3208 1106 ἄρχοντες.
3228 1017 3483 1095 Βασιλεῖς
3506 1030 3641 1102 γὰρ,

2059 1128 2214 1199 φησὶ,
2230 1126 2461 1197 Θαρσεῖς
2486 1126 2600 1198 (65)
2616 1126 2708 1178 καὶ
2723 1124 2878 1193 νῆσοι
2908 1122 3056 1193 δῶρα
3083 1120 3456 1190 προσοίσουσι.
3476 1120 3642 1173 Βασι-

2056 1221 2169 1284 λεῖς
2197 1219 2445 1290 Ἀράϐων
2477 1202 2574 1273 καῖ
2609 1216 2757 1271 Σαϐὰ
2780 1216 2929 1286 δῶρα
2963 1212 3318 1284 προσάξουσι,
3344 1211 3438 1265 καὶ
3466 1225 3641 1281 atpos-

2058 1313 2385 1384 κυνήσουσιν
2441 1308 2592 1381 αὐτῷ
2659 1308 2863 1371 πάντες
2914 1308 2964 1361 οί
3016 1306 3258 1377 βασιλεῖς
3313 1302 3416 1374 τῆς
3463 1302 3590 1373 γῆς.
3616 1319 3638 1354 ι

2060 1404 2276 1475 Ταύτην
2297 1403 2563 1475 ἐκράτυνε
2593 1401 2690 1473 τὴν
2720 1398 2993 1469 εὐλογίαν,
3037 1397 3134 1452 καὶ
3165 1396 3333 1468 ἡνίκα
3367 1393 3532 1449 αὐτὸν
3561 1394 3644 1458 είς

2059 1496 2159 1569 τὴν
2174 1493 2605 1564 Μεσοποταμίαν
2638 1491 2963 1561 ἐξέπεμψεν.
2994 1509 3012 1542 ι
3036 1489 3175 1562 "Ean
3202 1488 3333 1559 γὰρ,
3352 1485 3542 1558 φησιν,
3560 1486 3644 1548 είς

2064 1587 2385 1658 συναγωγὰς
2406 1585 2598 1651 ἐθνῶν,
2637 1586 2734 1639 καὶ
2765 1583 2878 1654 δῲη
2911 1600 2994 1637 σοι
3025 1581 3232 1651 Κύριος
3267 1580 3369 1651 τὴν
3391 1577 3645 1646 εὐλογίαν

2076 1679 2328 1752 ’Λϐραάμ
2354 1678 2451 1732 τοῦ
2499 1678 2708 1748 πατρός
2753 1693 2848 1730 σου
2878 1674 3016 1746 (64).
3048 1693 3066 1725 ι
3102 1673 3198 1737 Τίς
3229 1672 3287 1726 δέ
3321 1674 3356 1742 ή
3396 1670 3644 1736 εὐλογία,

380 1776 592 1831 discere
644 1776 867 1830 volenti.
923 1775 1237 1830 Abrahamo
1280 1776 1424 1830 enim
1476 1774 1616 1830 dixit
1657 1775 1801 1830 Deus
1845 1789 1962 1829 om-

2073 1774 2252 1847 ρᾁιον
2276 1772 2358 1843 τῷ
2393 1770 2701 1843 βουλομένῳ
2727 1768 3091 1839 καταμαθεῖν.
3116 1767 3206 1837 Τῷ
3239 1766 3350 1836 γάρ
3390 1764 3646 1836 Ἀϐραάμ

382 1867 573 1920 nium:
606 1883 624 1917 ι
666 1866 722 1919 1η
754 1864 961 1921 semine
1008 1872 1103 1919 tuo
1131 1863 1522 1919 benedicentur
1553 1877 1744 1918 omnes
1779 1871 1963 1931 gentes

386 1968 544 2015 terrae
574 1966 624 2012 7.
664 1974 688 2011 ι

874 2067 1155 2124 INTERR.
1181 2065 1471 2123 LXXXIII.

389 2189 499 2246 Cur
526 2187 694 2242 Iacob
727 2196 902 2242 tantas
937 2187 1318 2242 benedictione:
1357 2187 1598 2256 adeptus,
1632 2186 1848 2256 fratrem
1881 2183 1967 2252 [u-

457 2261 554 2331 gil,
588 2268 637 2369 ξι
694 2259 857 2325 solus,
892 2256 1041 2312 rebus
1072 2259 1379 2313 necessariis
1437 2255 1643 2325 carens,
1689 2255 1797 2311 abit
1847 2269 1968 2323 per-

456 2345 607 2384 care.

489 2345 577 2400 gre
594 2345 607 2384 ι

461 2421 803 2477 Providentia
843 2421 1027 2477 divina
1061 2421 1408 2479 manifestius
1452 2421 1765 2476 declaratur
1794 2421 1849 2475 in
1884 2436 1968 2476 re-

389 2513 537 2575 bus.
587 2528 710 2584 quze
751 2513 1004 2568 videntur
1053 2514 1316 2569 adversae.
1368 2511 1502 2567 Nam
1556 2514 1757 2583 quibus
1785 2513 1967 2567 omnia

393 2619 647 2675 prospere
670 2605 886 2667 cedunt,
919 2618 1026 2657 non
1061 2603 1169 2673 93
1200 2602 1425 2672 perinde
1458 2602 1774 2672 intelligunt
1797 2617 1971 2671 quan-

393 2698 463 2752 tis
496 2696 655 2751 bonis
686 2694 958 2750 fruantur.
992 2693 1103 2749 Hac
1133 2696 1199 2750 de
1246 2709 1407 2750 causa
1446 2692 1613 2748 Iacob
1647 2693 1878 2764 aufugit.
1918 2701 1971 2748 et

391 2790 545 2844 solus
586 2789 980 2858 peregrinatur,
1038 2796 1095 2842 ut
1140 2786 1605 2856 locupletissimus
1659 2785 1873 2840 rediens
1917 2792 1972 2839 et

393 2877 511 2945 ipse
539 2875 849 2944 experiatur
870 2882 1073 2945 quanta
1106 2874 1179 2928 sit
1206 2872 1297 2927 Dei
1331 2873 1578 2928 omnium
1611 2872 1968 2943 providentia,

391 2978 447 3023 et
480 2967 620 3023 alios
669 2966 875 3021 doceat.
909 2964 1061 3019 Hanc
1101 2964 1525 3019 sollicitudinem
1566 2979 1719 3019 suam
1756 2963 1972 3033 appari-

393 3061 539 3114 tione
567 3053 1202 3113 conl'estim‘declaravit.
1234 3055 1484 3110 Ostendit
1510 3055 1656 3110 enim
1687 3055 1736 3111 ei
1766 3056 1969 3111 scalam

395 3151 463 3206 ad
501 3151 699 3207 caelum
738 3150 916 3219 ipsum
969 3164 1142 3219 usque
1193 3148 1611 3219 pertingeutem,
1661 3158 1715 3204 ct
1755 3158 1975 3204 sanctos

397 3246 617 3317 angelos
664 3225 1019 3299 ascendentes
1075 3250 1130 3297 et
1186 3241 1602 3297 descendentes.
1676 3240 1795 3312 Ipse
1843 3256 1976 3297 vero

400 3336 662 3391 Dominus
707 3348 927 3391 sursum
985 3333 1294 3389 consistens
1331 3332 1692 3388 confirmabat
1728 3348 1874 3398 eum,
1926 3341 1982 3390 et

401 3436 605 3481 metum
652 3424 976 3496 expellebat.
1008 3424 1368 3481 Declarabant
1395 3433 1577 3479 autem
1609 3425 1785 3495 angeli
1817 3425 1981 3479 mini-

402 3518 626 3573 sterium
660 3502 924 3583 divinum,
956 3517 1024 3573 de
1067 3517 1270 3587 quibus
1304 3517 1497 3574 beatus
1526 3517 1728 3574 Paulus
1762 3517 1977 3589 inquit:

407 3627 428 3660 ι
489 3605 679 3662 Nonne
722 3617 849 3663 sunt
893 3623 1083 3663 omnes
1124 3607 1570 3664 administratorii
1625 3610 1870 3679 spiritus,
1916 3608 1984 3664 ad

404 3697 767 3753 ministerium
793 3698 944 3761 missi
974 3707 1194 3768 propter
1221 3713 1339 3765 eos,
1368 3699 1462 3769 qui
1505 3701 1869 3755 liaareditatem
1902 3714 1987 3754 ca.

405 3791 555 3863 pient
581 3789 854 3846 salutis"?
883 3809 902 3842 ι
936 3788 1142 3844 Horum
1172 3798 1351 3845 autem
1383 3791 1813 3861 unumquodque
1843 3799 1989 3860 pote-

406 3891 495 3938 rat
540 3895 794 3937 seeurum
836 3880 1067 3936 reddere
1107 3882 1496 3951 patriarcbam.
1554 3881 1793 3936 Doeetur
1838 3882 1985 3937 enim

408 3972 548 4028 nihil
576 3972 907 4044 negligenter
934 3979 989 4027 et
1033 3972 1152 4026 sine
1197 3987 1326 4027 cura
1364 3974 1434 4028 ab
1473 3973 1718 4027 omnium
1753 3972 1861 4029 Deo
1890 3974 1986 4028 ad-

408 4064 750 4120 ministrari:
794 4065 889 4121 sed
931 4062 1109 4134 ipsum
1146 4065 1329 4120 omnia
1380 4065 1722 4135 dispensare,
1767 4075 1988 4122 sancto-

409 4169 534 4210 rum
600 4155 917 4227 angelorum
970 4162 1209 4210 utentem
1259 4156 1589 4212 ministerio.
1650 4154 1714 4211 Ei
1768 4172 1989 4228 quoque

410 4247 639 4319 largitus
678 4254 764 4303 est
810 4246 1271 4313 benedictionem,
1314 4261 1478 4317 quam
1526 4256 1581 4302 et
1626 4248 1764 4317 patri
1792 4256 1847 4302 et
1886 4262 1989 4303 avo

409 4341 736 4412 praebuerat,
788 4349 902 4396 tum
949 4340 1017 4395 de
1063 4340 1474 4411 multiplicando
1519 4342 1745 4407 semine,
1775 4350 1887 4396 tum
1921 4341 1989 4397 de

2065 1867 2094 1919 ὁ
2122 1865 2231 1919 τῶν
2254 1864 2390 1919 ὅλων
2417 1862 2522 1934 ἔφη
2545 1862 2699 1926 Θεός*
2736 1880 2756 1914 ι
2798 1862 2886 1915 Ἐν
2931 1859 3010 1930 τῷ
3044 1858 3321 1930 σπέρματί
3352 1874 3448 1911 σου
3488 1856 3644 1910 εὐλο-

2065 1958 2369 2030 γηθήσεται
2409 1958 2589 2011 πάντα
2613 1955 2682 2009 τά
2714 1954 2843 2025 ἔθνη
2877 1952 2980 2024 τῆς
3005 1951 3132 2023 γῆς.
3165 1970 3185 2003 ι

2674 2071 2871 2128 ΕΡΩΤ.
2900 2070 3024 2124 III".

2072 2191 2134 2245 Τί
2176 2189 2399 2256 δήποτε
2438 2187 2740 2252 τοσαύτας
2769 2184 3076 2256 ,εὐλογίας
3107 2181 3333 2256 Δλαβὼν·
3368 2181 3403 2256 ei
3448 2178 3653 2256 Ἰέικὼς

2135 2247 2564 2327 ἀποδιδράσκει
2584 2257 2692 2311 τὸν
2711 2247 3000 2327 ἀδελφὸᾷ,
3023 2247 3123 2307 καί
3139 2253 3330 2323 μόνος
3351 2247 3650 2320 ἀποδημεῖ

2136 2330 2259 2386 τῶν
2294 2324 2636 2399 ἀὶτιγκαίων
2662 2324 3102 2395 ἐστερῆμένοω

2150 2421 2575 2494 Ἐναργέστερον
2606 2421 2663 2474 ἐν
2696 2421 2817 2484 ταῖς
2859 2416 3146 2481 δοκούσαις
3184 2414 3648 2486 κακοπραγίαιςή

2066 2516 2160 2571 τοῦ
2191 2516 2327 2569 Θεοῦ
2366 2513 2663 2586 κηδεμονία
2699 2510 2975 2584 δηλοῦται.
3030 2512 3091 2566 Οί
3133 2508 3244 2581 γὰρ
3284 2510 3343 2562 ἐν
3382 2506 3652 2579 εὐκληρίᾳ

2068 2604 2332 2677 δντεςόὐχ
2361 2604 2535 2668 οὕτως
2590 2603 2771 2673 ἴσασιν
2825 2602 2975 2657 ὅσων
3007 2599 3230 2670 ἀγαθῶν
3290 2595 3648 2652 ἀπολαύουσι.

2069 2699 2272 2753 Τούτου
2316 2698 2477 2770 χάριν
2537 2694 2950 2768 ἀποδιδράσκει,
2997 2695 3094 2749 καὶ
3141 2692 3304 2765 μόνος
3355 2690 3649 2760 ἀποδημεῖ,

2069 2791 2156 2846 ἵνα
2190 2790 2329 2862 μετά
2350 2787 2551 2859 πολλῆς
2582 2787 2694 2859 (65)
2724 2786 2823 2857 τῆς
2852 2784 3171 2858 περιουσίας
3201 2780 3538 2846 ἐπανελθὼν,
3558 2781 3653 2834 καὶ

2069 2882 2233 2944 αὐτὸς
2253 2880 2389 2952 γνῷ,
2412 2881 2509 2951 ὂση
2543 2878 2637 2933 τοῦ
2665 2877 2801 2933 Θεοῦ
2827 2877 2935 2932 τῶν
2959 2877 3099 2931 ὅλων
3126 2878 3159 2947 ή
3189 2873 3527 2945 προμήθεια,
3556 2869 3655 2925 καὶ

2069 2974 2195 3036 τοὺς
2209 2972 2401 3034 ἄλλους
2416 2968 2842 3044 διδάξῃ.Ταύτην
2858 2968 3022 3023 αὐτοῦ
3042 2965 3142 3039 τὴν
3162 2963 3492 3037 κηδεμονίαν
3512 2978 3655 3031 παρ-

2076 3063 2274 3120 αυτίκα
2325 3062 2436 3135 (66)
2491 3062 2581 3116 ae
2637 3061 2738 3132 τῆς
2793 3058 3120 3129 ἐπιφανείας
3174 3057 3466 3129 ἐδήλωσεν.
3522 3055 3656 3109 Ἐπο

2081 3156 2253 3224 ἐδειξε
2291 3157 2392 3229 μὲν
2412 3155 2524 3225 γὰρ
2556 3153 2707 3225 αὐτῷ
2735 3153 2981 3225 κλίμακα
3012 3150 3206 3222 μέχρις
3221 3148 3387 3204 αὐτοῦ
3417 3147 3656 3202 διικνου-

2085 3248 2251 3319 μένην
2276 3247 2370 3300 τοῦ
2400 3244 2634 3317 οὐρανοῦ
2659 3262 2674 3277 ·
2704 3245 2832 3307 τοὺς
2863 3244 2919 3297 δὲ
2946 3242 3137 3312 ἁγίους
3171 3240 3443 3310 ἀγγέλους
3475 3239 3658 3293 ἀνιόν-

2079 3355 2179 3403 τας
2207 3336 2302 3392 καὶ
2326 3337 2630 3400 κατιόντας.
2656 3335 2825 3400 Αὐτὸς
2864 3335 2922 3389 δὲ
2956 3334 3161 3390 ἄνωθεν
3199 3331 3448 3402 ἐφεστὼς
3513 3348 3660 3402 παρ-

2082 3430 2347 3502 εθάρρυνέ
2375 3447 2435 3483 τε
2465 3431 2559 3484 καὶ
2590 3428 2651 3483 τὸ
2686 3429 2803 3494 δέος
2826 3429 3116 3497 ἐξήλαυνεν
3143 3426 3276 3497 (67).
3313 3425 3567 3497 Ἐδήλουν
3602 3424 3661 3479 δὲ

2081 3522 2131 3576 οί
2162 3520 2384 3590 ἄγγελοι
2404 3520 2503 3592 τὴν
2541 3519 2693 3573 θείαν
2720 3519 3018 3574 διακονίαν;
3046 3519 3183 3587 Περὶ
3206 3517 3409 3571 τούτων
3430 3515 3537 3588 γάρ
3564 3516 3663 3570 καὶ

2082 3614 2111 3666 ὁ
2140 3611 2406 3682 μακάριος
2430 3609 2533 3682 ἐφη
2561 3609 2796 3674 Παῦλος,
2822 3629 2840 3661 ι
2865 3609 3001 3679 Οὐχὶ
3035 3608 3238 3672 πάντες
3282 3608 3392 3661 eici.
3416 3607 3662 3677 λειτουρ-

2083 3703 2214 3773 γικά
2241 3702 2527 3773 πνεύματα
2545 3703 2627 3765 είς
2656 3701 2931 3755 διακονίαν
2956 3699 3399 3770 ἀποστελλόμενα
3417 3699 3506 3753 διὰ
3532 3697 3664 3763 τούς

2088 3796 2384 3868 μέλλοντας
2406 3796 2761 3867 κληρονομεῖν
2787 3794 3096 3866 σωτηρίαν;
3139 3813 3158 3846 ι
3198 3793 3422 3847 Τούτων
3440 3792 3499 3846 δέ
3530 3790 3664 3845 ἐκα-

2088 3905 2212 3942 στον
2242 3889 2424 3943 ἱκανὸν
2450 3884 2518 3959 ἦν
2552 3888 2752 3958 θάρσος
2783 3887 3017 3941 ἐνθεῖναι
3048 3886 3159 3957 (68)
3191 3884 3269 3956 τῷ
3298 3883 3619 3954 πατριάρχῃ
3645 3897 3661 3913 ⁸

2086 3980 2395 4034 διδάσκεται
2425 3980 2555 4050 γὰρ,
2585 3978 2663 4042 ὡς
2702 3978 2853 4032 οὐδὲν
2887 3975 3254 4049 ἀτημέλητον,
3302 3974 3425 4029 οὐδὲ
3461 3973 3664 4043 ἀκηδε-

2090 4071 2345 4142 μὸνευτον
2370 4070 2522 4142 παρά
2542 4070 2622 4141 τῷ
2642 4071 2749 4124 τῶν
2777 4070 2913 4124 ὅλων
2934 4068 3053 4140 Θεῷ
3071 4085 3088 4102 ο
3116 4068 3232 4122 ἀλλ’
3259 4065 3420 4130 αὐτὸς
3449 4064 3666 4119 ἅπαντα

2088 4161 2437 4235 πρυτανεύει,
2473 4162 2740 4226 διακόνοις
2778 4161 3061 4233 χρώμενος
3106 4162 3220 4224 τοῖς
3258 4159 3436 4227 ἁγίοις
3493 4156 3664 4226 ἀγγέ-

2087 4256 2220 4319 λοις.
2249 4255 2461 4310 Ἔδωκε
2495 4254 2554 4308 δὲ
2592 4254 2742 4326 αὐτῷ
2781 4255 2878 4307 καὶ
2919 4254 3019 4324 τὴν
3063 4251 3336 4322 εὐλογίαν,
3367 4253 3433 4324 ἣν
3464 4248 3667 4320 καὶτῷ

2089 4347 2260 4419 πατρὶ
2286 4347 2385 4401 καὶ
2414 4345 2493 4417 τῷ
2519 4347 2826 4418 προπάτορι
2860 4345 3136 4409 ἐδεδώκει,
3169 4345 3298 4415 περί
3344 4361 3405 4398 τε
3438 4346 3537 4414 τῆς
3569 4341 3665 4398 τοῦ

410 4441 535 4489 ortu
587 4430 804 4487 Domini
841 4431 1010 4487 totius
1047 4430 1278 4487 mundi:
1320 4450 1340 4484 ι
1376 4430 1770 4488 Benedicentur
1814 4433 1976 4496 enim1

2091 4440 2407 4519 σπέρματος
2433 4438 2775 4508 πολυγονίας,
2809 4438 2905 4491 καὶ
2937 4440 3066 4510 περὶ
3093 4438 3189 4492 τοῦ
3218 4437 3318 4508 τῆς
3337 4435 3668 4507 οίκουμένης

415 4521 589 4591 inquit
609 4533 659 4586 ι,
688 4522 744 4577 in
772 4521 983 4578 semine
1009 4530 1102 4577 tuo
1130 4536 1319 4578 omnes
1342 4521 1517 4579 tribus
1548 4532 1722 4578 terrae.
1744 4542 1764 4575 ι
1795 4522 1976 4579 Postea

2090 4533 2382 4587 Δεσπότου.
2431 4549 2450 4583 t
2494 4530 3043 4602 Ἐνευλογηθήσονται
3091 4532 3223 4603 γὰρ,
3264 4530 3452 4602 φησὶν,
3508 4530 3567 4583 ἐν
3589 4527 3668 4600 τῷ

415 4610 491 4665 illi
527 4614 808 4680 pollicetur
854 4614 910 4669 in
952 4614 1310 4697 praesentibus
1352 4630 1571 4686 quoque
1601 4616 1763 4673 rebus
1795 4632 1976 4672 curam

2093 4622 2371 4693 σπέρματί
2400 4638 2493 4676 σου
2533 4622 2705 4675 πᾶσαι
2751 4621 2806 4673 αἱ
2838 4620 3005 4690 φυλαὶ
3029 4621 3131 4690 τῆς
3177 4622 3301 4692 γῆς.
3327 4640 3346 4672 ι
3388 4615 3521 4673 Εῐτα
3566 4619 3669 4672 ὑπ·-

416 4713 471 4759 ει
526 4702 812 4762 auxilium.
863 4724 882 4758 ι
920 4707 1060 4764 Ecce
1106 4708 1275 4772 enim,
1329 4704 1576 4778 inquitb,
1608 4714 1784 4763 tecum
1838 4724 1976 4777 sum,

2094 4711 2550 4784 ισχνεῖταιαύτῷ,
2583 4713 2681 4765 καὶ
2717 4712 2818 4782 τὴν
2859 4713 3049 4775 ἐντοῖς
3089 4712 3474 4783 προκειμένοις
3512 4710 3669 4781 κηδε-

417 4794 730 4850 custodiens
763 4806 814 4851 te
843 4797 899 4852 in
926 4799 1036 4865 via,
1072 4814 1181 4871 qua
1210 4797 1597 4854 ambulaveris.
1628 4798 1696 4853 Et
1727 4801 1976 4856 reducam

2095 4806 2304 4876 μονίαν.
2340 4822 2360 4857 ι
2392 4804 2524 4859 Ἰδοὺ
2565 4802 2696 4876 γὰρ,
2734 4805 2890 4875 φησὶ,
2925 4804 3065 4875 μετὰ
3094 4804 3186 4857 σοῦ
3216 4806 3334 4874 εἰμι
3374 4802 3668 4873 διαφυλάσ-

422 4898 475 4944 te
536 4887 593 4942 in
645 4895 847 4943 terram
906 4891 1082 4960 banc,
1140 4892 1270 4964 quia
1322 4905 1435 4948 non
1488 4898 1542 4947 te
1593 4890 1976 4963 derelinquam,

2097 4912 2207 4951 σων
2230 4913 2291 4949 σε
2320 4896 2379 4949 ἐν
2408 4898 2475 4967 τῇ
2505 4894 2611 4967 ὀδῷ
2635 4890 2670 4970 ᾗ
2690 4896 2787 4950 ἐὰν
2813 4896 3110 4969 πορευθῇς,
3132 4895 3226 4949 καὶ
3248 4894 3580 4966 ἀποστρέψω
3607 4909 3667 4946 σε

494 5024 566 5096 ξι
617 5023 761 5081 Tim.
798 5040 882 5093 ιιι,
956 5028 1041 5083 16.
1115 5040 1145 5070 ιι
1180 5030 1319 5085 Gen.
1377 5043 1549 5096 xxvu,
1603 5029 1695 5086 29.

1807 5039 1837 5101 Υ
1877 5028 2025 5101 Psal.
2081 5049 2233 5101 Lxxt,
2297 5034 2384 5091 10.

429 5105 453 5133 ³
492 5094 657 5151 Ilebr.
694 5113 733 5162 I,
770 5097 857 5151 M.

932 5109 959 5138 ι
995 5097 1130 5153 Gen.
1165 5115 1359 5168 xxvm,
1404 5100 1491 5155 H.
1564 5099 1595 5139 δ
1638 5099 1770 5158 ibid.
1822 5100 1912 5157 15.

1940 5231 2170 5290 ΝΟΤιΕ.

2495 5042 2525 5073 ι
2558 5033 2693 5091 Gen.
2734 5050 2926 5102 xxvm,
2954 5034 3010 5102 3,
3042 5033 3096 5089 4.
3173 5043 3203 5083 r
3231 5032 3368 5091 Gen.
3401 5048 3541 5100 ml,
3578 5031 3663 5088 l8.

502 5382 615 5450 (6|)
646 5384 861 5451 Λόγος.
894 5379 1020 5437 Des.
1054 5379 1108 5435 in
1149 5378 1273 5435 cod.
1300 5387 1353 5433 et
1386 5381 1506 5437 Pic.

504 5455 617 5522 (62)
648 5453 864 5519 Φησίν.
900 5451 1087 5515 Picus,
1120 5444 1155 5522 ᾖ
1185 5464 1368 5522 φησιν.
1398 5448 1563 5506 Bene.
1599 5520 1608 5522 _
1703 5520 1755 5522 Ἀ
1800 5521 1806 5522 ί
1900 5520 1926 5522 _

2168 5382 2283 5522 ἷϐὅ)
2318 5382 2553 5451 Πολλῆς
2609 5381 2745 5438 Cod.
2772 5389 2827 5437 et
2849 5380 2961 5438 Pic.
2997 5384 3343 5513 παμπολλῑς.

2192 5452 2279 5522 66)
2308 5457 2702 5522 Κηδεμονιαν.
2743 5451 2800 5507 In
2823 5456 2945 5509 cod.
2976 5462 3033 5509 et
3090 5457 3233 5522 apud
3309 5472 3343 5514 ιι

648 5444 872 5529 dinei}.
900 5451 1087 5529 Picus,
1185 5464 1368 5529 φησιν.
1398 5448 1631 5529 Bene.___
1701 5520 1757 5529 ω
1798 5521 1809 5529 _
1895 5520 1927 5529 _

2099 5523 2123 5529 _
2168 5444 2279 5523 (66)
2308 5444 2702 5523 Κηδεμοὶιαν.
2743 5451 2800 5507 In
2823 5456 2945 5509 cod.
2976 5462 3033 5509 et
3082 5444 3233 5526 'apud
3266 5444 3380 5515 Pic.
3419 5458 3669 5529 sequitur

505 5519 617 5591 (65)
650 5522 925 5594 Θαρσεῖς.
966 5519 1153 5594 Abest"
1183 5535 1213 5575 a
1257 5519 1379 5594 eod.
1431 5529 1485 5575 et
1527 5520 1666 5594 edit.
1701 5520 1834 5594 Pici.
1894 5520 1997 5576 Sed
2095 5523 2164 5594 ήν

433 5589 828 5675 εςεειιόιιηιόδι
857 5593 1083 5666 Θαρσίς,
1118 5589 1442 5646 auctoritate
1499 5590 1702 5645 codicis
1728 5591 1884 5647 Alex.
1948 5600 2002 5647 ct

434 5662 620 5806 “(‘63)
656 5734 796 5789 Σου.
830 5732 964 5789 Cod.
995 5742 1048 5789 et
1073 5732 1185 5788 Pic.
1217 5747 1338 5801 μου.

2166 5561 2277 5661 ί67)
2317 5592 2453 5648 Cod.
2481 5603 2534 5648 et
2572 5592 2684 5650 Pic.
2715 5592 2996 5661 ἐξήλασεν.

2167 5663 2279 5734 (68)
2308 5663 2438 5721 Cod.
2474 5673 2525 5720 et
2546 5665 2657 5721 Pic.
2697 5663 2986 5721 ἐπιθεῖναι.
