3974 6206
333 297 469 361 1993

1700 285 1782 346 IN
1833 286 2039 349 PSAL.
2082 286 2194 345 CL.

3460 287 3594 348 1935.

392 407 471 471 γ’,
511 419 528 451 ι
578 394 952 466 Εὑφρανθὴτω
988 389 1210 465 Ἰσραὴλ
1241 392 1333 446 ἐπὶ
1363 390 1440 462 τῷ
1489 392 1775 464 ποιήσαντι
1805 394 1904 446 αὖ-

2080 391 2244 446 Vens.
2275 390 2329 445 5.
2366 409 2384 442 ι
2420 390 2654 447 Laetetur
2679 392 2841 450 Israel
2873 396 2940 451 de
2968 411 3034 452 eo
3060 396 3157 467 qui
3182 395 3308 452 fecit
3335 396 3509 462 illum,
3541 407 3596 453 et

326 499 441 559 τὸν,
488 493 586 547 καὶ
627 490 736 544 υίοὶ
768 488 908 541 Σιὼν
940 485 1394 554 ἀγαλλιάσθωσαν
1441 488 1533 541 ἐπὶ
1578 485 1655 557 τῷ
1703 486 1914 557 βασιλεῖ

328 586 529 641 αὐτῶν.
573 602 592 636 ι
631 583 859 637 Πάντων
890 579 991 651 μὲν
1031 579 1164 644 Θεὸς
1209 580 1237 633 ὁ
1265 579 1373 633 τῶν
1412 579 1551 633 ὅλων
1574 577 1731 645 Θεὸς,
1769 578 1913 643 ἰδίως

327 678 383 731 δὲ
416 678 524 731 τῶν
591 673 945 747 Ἰσραηλιτῶν
991 670 1331 745 ἐχρημάτιζε
1380 671 1657 743 βασιλεύς.
1706 672 1916 728 Λύτίκα

330 768 508 822 τοίνυν
536 766 637 838 τὴν
683 764 1006 837 ἀχαριστίαν
1043 765 1437 836 νενοσηκότων,
1468 765 1565 819 καὶ
1595 763 1783 836 ἕτερον
1815 764 1916 819 αὖ·

331 862 443 923 τοῖς
473 857 817 928 αἰτησάντων
863 856 1089 928 βασιλέα
1118 855 1397 926 γενέσθαι,
1456 857 1591 928 ιρησλ⁵
1640 857 1777 929 πρὸς
1824 856 1916 913 τὸν

333 951 589 1022 Σαμουὴλ
606 953 636 1004 ὀ
653 950 808 1018 Θεὸς,
821 969 838 1003 ι
851 950 926 1003 Οὐ
945 949 1006 1005 σέ
1022 946 1461 1022 ἐξουδενήκασιν,
1474 950 1590 1005 ἀλλ’
1608 950 1656 984 ⁸⁸
1677 949 1800 1022 ἐμὲ,
1822 952 1915 1004 τοῦ

332 1042 410 1112 μὴ
442 1040 752 1112 βασιλεύειν
779 1041 978 1099 αὐτῶν.
1015 1061 1034 1096 ι

403 1137 466 1190 δ’.
517 1153 537 1188 ι
586 1136 973 1192 Αίνεσάτωσαν
1021 1138 1084 1192 τὸ
1115 1138 1289 1209 ὄνομα
1337 1137 1505 1192 αὐτοῦ
1556 1141 1617 1193 ἐν
1659 1140 1824 1212 χορῷ,
1858 1141 1918 1195 ἐν

334 1229 603 1300 τυμπάνῳ
658 1230 753 1284 καὶ
796 1227 1084 1303 ψαλτηρίῳ
1129 1230 1461 1301 ψαλάτωσαν
1511 1231 1684 1303 αὐτῷ.
1743 1250 1764 1286 ι
1816 1232 1918 1287 Διά

334 1318 536 1382 παντὸς
567 1320 826 1390 ὀργάνου,
858 1322 1014 1392 φησὶ,
1046 1321 1192 1376 κατὰ
1216 1321 1310 1377 τὸν
1345 1321 1508 1394 νόμον
1533 1321 1624 1376 τὸν
1651 1322 1916 1395 ἡμέτερον

335 1408 671 1481 ὑμνήσωμεν
701 1409 794 1465 τὸν
821 1411 1139 1485 εὐεργέτην.
1363 1440 1371 1444 -

405 1498 470 1554 ε’.
505 1518 525 1553 ι
553 1501 675 1555 Ὀτι
699 1502 914 1558 εὐδοκεῖ
938 1502 1147 1576 Κύριος
1176 1506 1235 1559 ἐν
1261 1504 1340 1577 τῷ
1362 1505 1479 1577 λαῷ
1510 1506 1698 1562 αὑτοῦ.
1729 1526 1748 1560 ι
1778 1507 1917 1562 Πολ-

334 1592 432 1663 λῆς
478 1594 649 1665 ἡμᾶς,
688 1596 823 1667 φησι
870 1596 940 1664 ⁸⁷,
991 1597 1406 1667 φιλανθρωπίας
1434 1598 1656 1670 ἠξίωσε,
1692 1599 1790 1655 καὶ
1820 1598 1921 1672 τὴν

335 1685 542 1740 οίκείαν
590 1689 727 1757 ἡμῖν
772 1687 975 1757 ἔδειξεν
1016 1689 1353 1762 ἀγαθότητα.
1401 1709 1421 1743 ι
1475 1692 1588 1746 Καὶ
1633 1690 1839 1762 ὑψώσει
1872 1691 1919 1725 ⁸⁸

2014 482 2111 539 ﬁlii
2140 481 2328 539 Sionis
2354 482 2629 540 exsultent
2657 484 2712 539 in
2736 500 2864 557 rege
2887 502 3009 543 suo.
3048 507 3067 541 ι
3096 486 3350 544 Omnium
3374 488 3593 559 quidem

2017 578 2159 634 Deus
2190 578 2576 633 universorum
2599 587 2684 634 est
2710 579 2854 636 Deus
2882 598 2896 636 :
2923 582 3146 651 proprie
3172 591 3356 637 autem
3381 581 3565 637 lsracli
3581 611 3595 622 -

2015 678 2196 726 tarum
2255 685 2353 727 rex
2423 671 2868 743 nuncupabatur.
2925 672 3114 745 Itaque
3167 690 3293 731 cum
3342 677 3361 698 ⁶
3395 675 3595 747 ingrati
3660 741 3665 746 ι

2015 762 2185 818 animi
2226 762 2418 818 morbo
2449 763 2789 830 laborarent,
2825 773 2880 822 et
2911 767 3081 822 alium
3112 783 3297 839 regem
3328 776 3592 840 peterent,

2021 854 2237 926 1582
2270 854 2410 911 dixit
2439 856 2588 914 Deus
2623 855 2866 914 Samueli
2911 876 2926 913 :
2967 878 2986 911 ι
3025 859 3144 916 Non
3175 869 3228 919 te
3264 863 3594 935 reiecerunt,

2018 948 2114 1004 sed
2146 962 2253 1015 me,
2281 962 2350 1006 ne
2380 963 2602 1021 regnem
2628 965 2793 1021 super
2824 965 2918 1007 eos
2953 950 2998 1006 ί.
3041 971 3063 1004 ι

2088 1124 2255 1183 Vens.
2301 1127 2357 1183 4.
2413 1147 2431 1181 ι
2461 1127 2708 1185 Laudent
2747 1147 2942 1188 nomen
2973 1132 3097 1204 ejus
3146 1134 3201 1190 in
3235 1135 3428 1203 choro,
3470 1153 3597 1194 cum

2019 1224 2277 1289 tympano
2303 1228 2357 1275 et
2385 1220 2644 1291 psalterio
2676 1223 2909 1292 psallant
2937 1225 3008 1281 ei.
3046 1244 3064 1278 ι
3106 1225 3210 1283 Per
3233 1243 3400 1284 omne
3424 1245 3599 1301 genus

2018 1323 2371 1379 organorum,
2397 1313 2495 1380 ait,
2524 1312 2683 1383 juxta
2712 1314 2885 1386 legem
2914 1317 3320 1379 benefactorem
3348 1332 3599 1381 nostrum

2019 1398 2276 1455 laudibus
2310 1400 2626 1459 eﬂ‘eramus.

2095 1490 2257 1547 Vens.
2289 1493 2340 1547 5.
2382 1512 2401 1546 ι
2431 1493 2570 1560 Quia
2600 1495 3007 1567 beneplacitum
3036 1509 3120 1557 est
3146 1502 3382 1562 Domino
3416 1505 3473 1561 in
3501 1522 3601 1578 po-

2019 1585 2152 1655 pulo
2187 1601 2310 1642 suo.
2343 1605 2362 1639 ι
2401 1587 2570 1643 Multa
2598 1589 2956 1662 benignitate,
2991 1593 3191 1663 inquit,
3223 1611 3324 1652 nos
3342 1598 3601 1670 dignatus

2018 1684 2125 1740 est,
2148 1685 2202 1730 et
2230 1676 2532 1733 bonitatem
2561 1693 2718 1735 suam
2745 1680 2905 1737 nobis
2934 1684 3166 1751 aperuit.
3205 1705 3224 1739 ι
3249 1686 3318 1743 Ει
3339 1689 3603 1746 exaltabit

336 1778 533 1846 πραεῖς
561 1779 619 1831 ἐν
648 1777 910 1851 σωτηρίᾳ.
948 1797 968 1830 ι
1002 1758 1142 1845 Τοὺς
1165 1780 1223 1835 δέ
1246 1758 1493 1854 ἐρήμους
1523 1758 1799 1855 βοηθείας,
1824 1782 1920 1837 καὶ

2042 1777 2337 1824 nansuetos
2364 1770 2417 1823 in
2463 1770 2660 1828 salute.
2698 1791 2716 1824 ι
2754 1772 2863 1828 Εοε
2896 1782 3100 1842 autem,
3133 1779 3226 1848 qui
3275 1782 3482 1839 auxilio
3507 1783 3603 1840 dc-

333 1867 557 1938 τρόποις
585 1868 812 1938 ἀγαθοῖς
834 1874 1231 1943 κεχρημένους,
1267 1872 1507 1944 ὑψηλοὺς
1529 1874 1801 1943 ἀποφανεῖ
1826 1876 1920 1930 καὶ

336 1957 562 2028 περιϐλέ
571 1975 757 2024 πτους.

407 2055 484 2113 ς’.
531 2068 550 2102 ι
586 2051 972 2123 Καυχήσονται
1022 2053 1161 2107 ὅσιοι
1203 2054 1263 2109 ἐν
1309 2052 1460 2126 δόξῃ,
1521 2051 1613 2107 καὶ
1659 2052 1920 2122 ἀγαλλιά·

337 2157 525 2194 σονται
573 2142 666 2195 ἐπὶ
708 2143 817 2196 τῶν
847 2144 1044 2198 κοιτῶν
1090 2144 1292 2205 αὐτῶν.
1341 2164 1362 2198 r
1396 2144 1508 2200 Καὶ
1536 2146 1585 2198 οἱ
1620 2144 1679 2199 τὸ
1709 2144 1920 2199 δίκαιον

336 2230 633 2302 τιμῶντες,
669 2232 727 2287 ἐν
757 2234 981 2306 εὐκλείᾳ
1014 2235 1361 2306 γενήσονται,
1391 2234 1592 2305 πολλῆς
1622 2235 1922 2289 ἀπολαύον-

337 2340 429 2386 τες
461 2324 799 2396 ἀναπαύλης.
832 2326 1052 2394 Κοίτην
1087 2325 1197 2397 γὰρ
1228 2324 1328 2398 τὴν
1370 2325 1691 2381 ἀνάπαυλαν
1717 2327 1763 2359 ⁸⁹
1792 2325 1921 2379 ἐκά-

337 2410 530 2467 λεσενο
558 2414 880 2486 ἀναπαύλης
908 2417 1017 2487 γὰρ
1043 2416 1077 2487 ἡ
1111 2414 1270 2486 κλίνη
1299 2415 1634 2486 σημαντική.

416 2507 484 2573 ζ’.
524 2528 543 2563 ι
577 2510 646 2565 Δί
672 2507 909 2581 ὑψώσεις
928 2507 1022 2562 τοῦ
1044 2506 1181 2561 Θεοῦ
1215 2509 1274 2562 ἐν
1299 2505 1376 2578 τῷ
1399 2505 1641 2578 λάρυγγι
1663 2506 1863 2561 αὐτῶν.
1896 2526 1915 2558 ι

340 2601 620 2675 Διηνεκῶς
651 2599 709 2654 δέ
740 2597 841 2663 τάς
885 2597 1041 2662 θείας
1075 2594 1395 2669 εὐεργεσίας
1444 2594 1795 2668 κηρύττουσι,
1832 2596 1921 2650 τὸν

336 2694 547 2751 τούτων
575 2692 751 2748 αἴτιον
797 2688 1192 2762 ἀνυμνοῦντες.

416 2804 438 2840 ι
494 2784 605 2839 Καὶ
630 2786 894 2858 ῥομφαϊαι
923 2783 1167 2856 δίστομοι
1212 2785 1272 2840 ἐν
1313 2787 1435 2850 ταῖς
1481 2785 1668 2857 χερσὶν
1719 2783 1916 2839 αὐτῶν.

344 2877 468 2951 [ut]
491 2877 598 2932 Τοῦ
621 2878 845 2949 ποιῆσαι
877 2876 1156 2948 ἐκδίκησιν
1176 2878 1235 2932 ἐν
1259 2880 1371 2943 τοῖς
1399 2877 1629 2946 ἔθνεσιν,
1654 2878 1922 2950 ἐλεγμοὺς

343 2971 403 3022 ἐν
422 2972 533 3033 τοῖς
561 2968 734 3032 λαοῖς.
768 2987 786 3021 ι
805 2968 920 3023 Οὐκ
945 2967 1187 3021 ἐναντίον
1207 2971 1273 3040 τῇ
1292 2969 1577 3041 ἀναπαύλῃ
1596 2969 1656 3024 τὸ
1679 2971 1737 3023 ἐν
1766 2969 1923 3024 πολέ-

343 3079 469 3130 μοις
494 3061 675 3133 νικᾷν.
699 3061 890 3133 Πάσης
917 3060 1027 3133 γὰρ
1052 3059 1373 3133 ἀναπαύλης
1396 3061 1456 3115 τὸ
1479 3063 1636 3133 νικᾷν
1680 3059 1922 3132 θυμηρέ-
1949 3090 1993 3149 c

348 3168 560 3224 στερον.
587 3153 854 3224 Προλέγει
883 3152 1067 3224 μέντοι
1096 3153 1185 3207 διὰ
1214 3153 1422 3208 τούτων
1449 3152 1671 3226 τὴντῶν
1691 3153 1922 3208 Μακκα-

347 3242 517 3297 ϐαίων
537 3243 779 3316 ἀνδρίαν,
862 3244 1219 3316 χρησάμενοι,
1244 3248 1340 3302 καὶ
1358 3246 1483 3310 τοὺς
1512 3244 1924 3317 πλησιοχώρους

349 3334 732 3406 ἐχειρώσαντο,
762 3335 857 3390 καὶ
888 3337 1015 3402 τοὺς
1034 3337 1352 3402 Μακεδόνας
1380 3337 1873 3408 κατηγωνίσαντο.ῗ

420 3425 484 3479 θ’.
523 3444 542 3477 ι
579 3425 686 3480 Τοῦ
737 3427 895 3498 δῆσαι
941 3427 1070 3492 τοὺς
1104 3428 1343 3499 βασιλεῖς
1391 3429 1572 3484 αὐτῶν
1604 3431 1664 3484 ἐν
1705 3428 1921 3495 πέδαις,

349 3516 443 3573 καὶ
471 3518 596 3587 τοὺς
633 3518 876 3586 ἐνδόξους
902 3519 1082 3575 αὐτῶν
1112 3520 1170 3573 ἐν
1201 3519 1555 3591 χειροπέδαις
1591 3520 1858 3592 σιδηραῖς.
1896 3539 1917 3571 ι

350 3609 529 3664 Πολλὰ
576 3610 802 3666 τοιαῦτα
835 3611 928 3666 ὑπ’
962 3611 1188 3667 ἐκείνων
1216 3611 1599 3684 κατορθῶσθαι
1629 3614 1663 3683 ἡ
1715 3610 1925 3684 ἱστορία

348 3700 611 3766 διδάσκει,
639 3702 731 3756 καὶ
780 3703 964 3775 ῥᾴδιον
1004 3705 1120 3767 τοῖς
1163 3704 1405 3773 ἐντυχεῖν
1435 3701 1778 3774 βουλομένοις
1822 3701 1924 3773 τῆς

350 3794 687 3866 προφητείας
714 3795 1056 3865 καταμαθεῖν
1082 3795 1182 3867 τὴν
1214 3794 1496 3865 ἀλήθειαν.

430 3886 477 3940 ι’.
528 3905 548 3938 «ι
590 3886 698 3940 Τοῦ
737 3888 964 3958 ποιῆσαι
998 3889 1057 3941 ἐν
1101 3888 1287 3953 αὐτοῖς
1314 3890 1491 3960 κρῖμα
1521 3886 1853 3960 ἐγγραπτον.
1900 3906 1919 3940 ι

356 3975 426 4029 ’Δ
457 3974 566 4046 γάρ
586 3977 665 4040 είς
695 3976 937 4040 ἐκείνους
967 3977 1194 4043 ἐνδίκως
1222 3979 1571 4051 εἰργάσαντο,
1599 3979 1927 4051 ἀνάγραπτα

350 4066 564 4135 γέγονε,
604 4066 697 4144 καὶ
729 4066 890 4138 μέχρι
923 4069 1162 4141 τήμερον
1190 4071 1237 4104 ⁹⁰
1275 4071 1607 4144 ἀείμνηστον
1654 4070 1837 4126 αὐτῶν
1864 4069 1927 4124 τὸ

351 4157 509 4220 κλέος
539 4142 802 4229 διέμεινε.
854 4157 1027 4213 Τοῦτο
1070 4159 1178 4232 γὰρ
1220 4142 1504 4233 ἐπήγαγε·
1542 4182 1562 4215 ι
1605 4162 1744 4228 Δόξα
1786 4161 1925 4233 αῦτη

351 4248 506 4303 ἔσται
540 4250 583 4283 ⁹¹
617 4252 752 4305 πᾶσι
779 4252 892 4317 τοῖς
939 4251 1107 4316 ὁσίοις
1154 4252 1348 4309 αὑτοῦ.
1384 4272 1404 4307 ι
1451 4256 1655 4328 Μήτηρ
1688 4255 1797 4328 γὰρ
1825 4256 1926 4326 τῆς

352 4342 604 4407 εὐκλείας
631 4345 662 4413 ἡ
695 4344 932 4415 ὁσιότης,
949 4344 1043 4397 καὶ
1063 4345 1112 4398 οί
1139 4344 1343 4417 ταύτης
1372 4347 1659 4418 ἐργάται⁹⁹
1673 4346 1740 4402 δι’
1756 4347 1927 4420 αὐτὴν

352 4432 585 4502 ἀοίδιμοι
616 4433 878 4500 γίνονται.

659 4544 923 4602 EPMHN.
964 4548 1101 4603 ΤΟΥ
1138 4547 1248 4602 PN'
1286 4548 1614 4607 ΨΑΛΜΟΥ.

425 4655 492 4711 α’.
540 4657 927 4726 Ἀλληλούτα,
951 4660 1314 4727 (tunicula.
1330 4662 1627 4728 Ἐπινίκιος
1653 4663 1751 4719 καὶ
1774 4657 1929 4730 οὗτος

352 4748 381 4801 ὁ
421 4747 589 4819 ὕμνος
615 4766 629 4780 ο
671 4748 929 4820 προλέγει
957 4749 1015 4803 δὲ
1046 4749 1144 4822 τὴν
1174 4751 1442 4825 ἐσομένην
1500 4755 1668 4809 πᾶσιν
1716 4753 1931 4828 ἀνθρώ-

353 4855 476 4902 ποις
503 4839 550 4871 ⁸³
580 4838 932 4909 θεογνωσίαν.

425 4940 491 5011 β’.
517 4958 535 4992 ι
559 4941 769 4995 Αἰνεῖτε
794 4942 886 4995 τδν
914 4940 1046 4994 Θεὸν
1074 4941 1132 4995 ἐν
1161 4941 1273 5005 τοῖς
1298 4939 1476 5009 ἁγίοις
1494 4939 1715 4994 αὐτοῦ.»
1748 4940 1931 5012 ἰκανὴ

352 5031 461 5105 γὰρ
504 5032 726 5106 ἀφορμὴ
775 5034 855 5098 εἰς
890 5033 1170 5111 ὑμνῳδίαν.
1197 5032 1337 5104 αὕτη
1369 5033 1436 5086 ⁸⁸.
1489 5050 1508 5085 ι
1554 5032 1617 5087 Ei
1666 5032 1777 5106 γὰρ
1824 5033 1933 5089 ἀπὸ

430 5205 453 5249 ι
488 5205 507 5261 1
537 5207 673 5280 Reg.
708 5222 835 5273 rm,
867 5210 925 5263 ’1.

2022 1860 2200 1915 stituti
2233 1870 2385 1927 sunt,
2421 1863 2692 1934 bonisque
2715 1865 2961 1924 moribus
2987 1877 3237 1937 utuntur,
3263 1872 3526 1931 sublimes
3548 1885 3604 1931 et

2023 1950 2263 2007 illustres
2294 1954 2501 2009 reddet.

2092 2039 2257 2097 Vens.
2297 2043 2352 2097 6.
2413 2062 2432 2095 ι
2470 2024 2837 2102 Exsultabunt
2890 2051 3066 2106 sancti
3107 2051 3162 2106 in
3201 2053 3397 2123 gloria,
3450 2056 3602 2113 laeta-

2020 2128 2227 2185 buntur
2259 2130 2313 2184 in
2348 2132 2622 2190 cubilibus
2661 2135 2801 2191 suis.
2831 2153 2851 2187 ι
2883 2135 2952 2193 Ει
2988 2139 3084 2209 qui
3111 2139 3386 2210 justitiam
3425 2145 3603 2203 hono-

2022 2230 2168 2286 rant,
2215 2222 2270 2274 in
2327 2222 2498 2292 gloria
2546 2234 2730 2292 erunt,
2782 2228 2958 2285 multa
3009 2231 3195 2301 quiete
3219 2234 3603 2304 pet-fruentes.

2022 2311 2208 2451 .Cuibile
2227 2314 2373 2367 enim
2403 2318 2639 2384 quietem
2666 2320 2977 2389 appellavit,
3002 2323 3128 2392 quia
3156 2323 3335 2383 lectus
3364 2329 3602 2399 quietem

2024 2415 2098 2451 tm
2120 2400 2248 2451 icat.

2024 2400 2248 2454 indicat.

2095 2491 2261 2549 Vens.
2297 2495 2349 2549 7.
2393 2512 2412 2547 ι
2448 2496 2827 2557 Exaltationes
2861 2501 2958 2558 Dei
2990 2502 3047 2559 in
3073 2512 3295 2576 gutture
3322 2523 3537 2567 eorum.
3581 2534 3600 2565 ι

2027 2585 2217 2642 Divina
2255 2596 2439 2644 autem
2465 2589 2726 2647 beneﬁcia
2763 2594 3025 2652 continue
3051 2598 3375 2669 praedicant,
3405 2602 3604 2659 horum

2024 2689 2303 2736 auctorem
2326 2681 2689 2740 celebrantes.

2099 2788 2118 2822 ι
2144 2769 2211 2826 Ει
2229 2771 2392 2842 gladii
2411 2773 2681 2845 ancipites
2700 2775 2753 2831 in
2782 2778 3040 2836 manibus
3058 2795 3270 2838 eorum.
3295 2782 3489 2853 [νειιε.
3521 2787 3602 2861 8.]

2024 2863 2106 2918 Ad
2153 2865 2517 2921 exercendam
2555 2867 2851 2926 vindictam
2887 2871 2942 2926 in
2975 2872 3314 2943 nationibus,
3352 2877 3606 2951 inerepa-

2026 2955 2200 3013 tiones
2228 2956 2285 3011 in
2330 2957 2570 3029 populis.
2604 2977 2625 3012 ι
2676 2959 2796 3016 Non
2841 2970 2926 3018 est
2962 2964 3135 3034 quieti
3181 2982 3517 3041 repugnans,
3548 2973 3605 3028 in

2026 3047 2182 3105 bellis
2212 3049 2454 3109 vincere.
2485 3050 2648 3107 Omni
2672 3054 2820 3109 enim
2852 3055 3038 3127 quiete
3054 3057 3353 3129 jucundius
3376 3070 3459 3118 est
3483 3063 3605 3118 vin-

2030 3154 2172 3197 cere.
2211 3139 2467 3199 Praadicit
2499 3143 2668 3215 igitur
2699 3160 2795 3218 per
2830 3147 2946 3204 haec
2976 3147 3414 3210 Machabzeorum
3446 3155 3608 3213 forti-

2030 3232 2295 3300 tudinem,
2331 3249 2439 3305 qua
2464 3234 2571 3301 usi,
2597 3245 2652 3293 et
2671 3236 2935 3297 ﬁnitimos
2968 3242 3214 3312 captivos
3240 3255 3527 3316 ceperunt,
3551 3259 3607 3305 et

2027 3324 2350 3382 Macedones
2374 3325 2740 3385 debellarunt.

2100 3412 2262 3472 Vens.
2299 3415 2354 3472 9.
2391 3433 2412 3469 ι
2439 3414 2522 3472 Ad
2542 3417 2864 3476 vinciendos
2893 3435 3051 3493 reges
3088 3438 3279 3483 eorum
3304 3427 3358 3483 in
3382 3444 3610 3503 compe-

2027 3506 2214 3574 dibus,
2241 3515 2293 3564 et
2324 3507 2536 3564 nobiles
2559 3522 2749 3565 eorum
2777 3511 2835 3566 in
2861 3513 3098 3570 manicis
3126 3516 3336 3573 terreis.
3376 3536 3397 3571 ι
3436 3520 3608 3578 Multa

2028 3598 2345 3669 hujusmodi
2384 3600 2454 3655 ab
2492 3599 2600 3656 illis
2646 3602 2906 3673 prreclare
2948 3615 3099 3675 gesta
3158 3606 3385 3666 historia
3425 3612 3605 3678 docet,

2031 3690 2245 3762 1583
2280 3700 2335 3746 et
2390 3690 2553 3752 facile
2589 3703 2671 3752 est
2724 3694 2907 3765 legere
2959 3696 3268 3756 volentibus
3310 3701 3610 3774 prophetiae

2026 3783 2310 3839 veritatem
2336 3787 2602 3843 ediscere.

2103 3874 2265 3932 Vnus.
2304 3877 2391 3932 10.
2427 3895 2444 3929 ι
2488 3878 2559 3934 Ut
2602 3877 2812 3937 faciant
2842 3882 2897 3937 in
2941 3883 3024 3939 eis
3051 3883 3321 3955 judicium
3362 3888 3609 3945 conscri-

2029 3978 2202 4038 ptum.
2242 3988 2261 4023 »
2296 3970 2428 4037 Quae
2456 3972 2602 4026 enim
2629 3972 2682 4026 in
2713 3973 2841 4029 illos
2864 3974 3015 4045 juste
3044 3984 3350 4046 gesserunt,
3389 3979 3612 4050 scriptis

2028 4064 2288 4119 mandata
2332 4072 2483 4126 sunt.
2515 4072 2570 4120 et
2613 4079 2790 4136 usque
2828 4066 2883 4120 in
2920 4067 3245 4124 hodiernum
3286 4069 3431 4128 diem
3467 4073 3610 4127 cele-

2029 4155 2267 4211 berrima
2300 4171 2491 4212 eorum
2522 4156 2697 4228 gloria
2729 4160 3054 4228 permansit.
3084 4161 3202 4215 Hoc
3231 4161 3377 4216 enim
3422 4161 3608 4218 infert.

2036 4265 2055 4300 ι
2086 4246 2273 4305 Gloria
2299 4247 2416 4306 haec
2441 4249 2547 4305 erit
2572 4250 2835 4307 omnibus
2866 4252 3072 4308 sanctis
3101 4252 3242 4324 ejus.
3281 4273 3300 4307 ι
3333 4253 3472 4309 Nam
3501 4254 3613 4326 glo-

2029 4340 2126 4397 riae
2149 4350 2324 4397 mater
2348 4349 2432 4398 est
2460 4343 2747 4408 sanctitas,
2781 4351 2836 4400 et
2861 4343 3025 4413 hujus
3048 4346 3282 4417 operarii
3308 4361 3405 4418 per
3434 4347 3608 4418 ipsam

1965 4468 2006 4524 D
2031 4434 2271 4492 celebres
2303 4434 2460 4489 ﬁunt.

2462 4545 2737 4601 INTERP.
2782 4546 3035 4604 PSALMI
3074 4546 3182 4606 CL.

2105 4657 2269 4713 Vens.
2347 4659 2399 4713 1.
2454 4657 2730 4725 Alleluia,
2784 4658 3040 4714 Alleluia.
3097 4659 3165 4714 Et
3224 4659 3315 4714 hic
3373 4659 3611 4731 hymnus

2027 4752 2377 4822 triumphalis
2396 4760 2500 4808 est.
2532 4750 2874 4829 Vaticinatur
2907 4760 3093 4810 autem
3139 4752 3397 4810 omnibus
3429 4754 3611 4810 homi-

2027 4843 2192 4899 nibus
2225 4841 2467 4900 l‘uturam
2493 4842 2591 4901 Dei
2618 4844 3010 4917 cognitionem.

2102 4936 2269 4995 Vens.
2296 4939 2353 4993 2.
2378 4940 2427 4990 ἰ
2453 4938 2698 4995 Laudate
2734 4938 3026 4996 Dominum
3068 4940 3125 4996 in
3169 4940 3374 4997 sanctis
3413 4938 3558 5009 ejus.
3584 4955 3603 4989 ι

2030 5026 2167 5083 Nam
2192 5028 2308 5085 haec
2323 5036 2410 5085 est
2436 5028 2714 5088 sufficiens
2734 5031 2954 5088 occasio
2977 5029 3350 5087 canendorum
3378 5030 3610 5100 hymno-

1447 5407 1683 5465 VARIAE
1713 5407 2101 5467 LECTIONES
2136 5408 2227 5466 ET
2263 5412 2498 5470 ΝΟΤᾸΕ.

425 5566 843 5642 '°’A.l.1’.co_d.
885 5569 934 5642 _l
994 5569 1120 5626 add.
1176 5569 1236 5642 ἦ.
1294 5568 1340 5642 εἶτ
1404 5570 1582 5638 venat.
1647 5567 1892 5642 Abest)

2042 5573 2070 5626 Ι.
2136 5574 2188 5629 1.
2274 5572 2320 5606 ⁸⁸
2374 5574 2487 5629 Kal
2540 5573 2794 5642 ὑψώσει.
2842 5570 2935 5642 Et,
2973 5569 3205 5642 ornabit.
3286 5570 3333 5602 '9
3383 5569 3504 5624 cod.
3581 5572 3600 5625 l

356 5641 680 5695 ἀνάπαυσιν.
747 5638 794 5671 ⁸⁸
822 5637 1102 5708 Τήμερον.
1138 5637 1262 5696 cod.
1298 5639 1322 5693 1
1354 5637 1542 5708 praem.
1568 5638 1685 5693 καί.
1749 5640 1793 5670 ⁸⁸
1825 5640 1920 5695 Ret

2042 5644 2156 5698 actio
2191 5645 2245 5698 lt.
2287 5645 2322 5698 1.
2353 5652 2439 5698 est
2471 5637 2608 5697 ἐστὶ.

2694 5643 2738 5673 "
2765 5641 3058 5711 Ἐργάται.
3104 5641 3229 5697 cod.
3280 5642 3306 5697 1
3352 5643 3605 5712 ἐρασταί.

358 5709 403 5743 ’³
427 5709 794 5780 Ἀνθρώποις.
819 5711 941 5764 cod.
975 5709 1002 5763 1
1041 5709 1240 5777 ἁγίοις,
1273 5711 1512 5781 ascripta
1542 5719 1724 5767 tamen
1758 5708 1919 5767 lectio

2042 5713 2211 5771 litera.
2288 5714 2336 5793 ἐκ
2361 5714 2545 5782 Αὕτη.
2577 5713 2698 5769 cod.
2734 5713 2756 5768 1
2790 5708 2975 5785 praem.
2998 5712 3114 5770 καί.

654 5807 925 5869 ΡΑτιιοι..
960 5804 1077 5867 Gn.
1102 5804 1312 5895 LXXX
1342 5893 1344 5896 ν

3171 5805 3247 5867 63
