3974 6206
385 291 523 360 1995

1092 288 1586 352 ἸἨΕΟΒΟΒΕΤΙ
1636 289 1954 351 EPISCOP

2065 286 2396 355 ZYRENSIS
2444 295 2526 356 IN
2558 297 2763 358 PSAL.
2798 296 2909 359 CL.

3517 294 3537 358 1
3550 300 3661 369 996

382 421 529 461 rum.
561 403 618 460 Si
654 402 806 459 enim
838 416 871 456 a
904 402 1126 473 plantis,
1163 411 1219 457 et
1263 401 1418 465 feris,
1468 411 1525 457 et
1558 401 1864 473 reptilibus,
1900 402 1957 456 ad

2071 406 2276 474 φυτῶν,
2309 410 2404 464 καὶ
2436 409 2662 482 θηρίων,
2705 412 2798 464 καὶ
2844 409 3111 481 ἑρπετῶν,
3148 409 3424 484 πρόφασιν
3451 414 3531 478 εἰς
3562 419 3659 469 εὖ·

379 497 681 569 gratiarnm
733 494 1011 552 actionem
1036 510 1230 551 ansam
1274 496 1519 567 arripere
1553 496 1693 567 jussi
1733 508 1959 559 sumus,

378 591 554 645 multo
582 590 762 662 magis
797 588 1008 659 justum
1055 599 1137 644 est
1170 589 1226 643 in
1257 600 1479 645 sanctos
1520 588 1746 657 intueri,
1777 597 1833 644 et
1862 588 1963 643 bo-

379 696 502 737 rum
533 682 813 739 celebrare
858 683 1049 739 Deum.
1084 680 1222 748 Quis
1261 683 1413 739 enim
1445 695 1571 738 cum
1611 694 1699 749 ea,
1729 697 1854 753 quas
1882 681 1966 737 vel

379 774 542 831 beato
570 775 744 832 Paulo
771 775 1113 841 acciderunt,
1149 775 1230 831 vel
1270 773 1459 830 divino
1488 772 1670 840 Petro,
1707 775 1791 829 vel
1826 773 1967 829 diri-

379 866 614 927 nissime
656 864 879 931 Joanni,
918 865 1003 921 vel
1050 865 1172 921 aliis
1217 864 1507 935 apostolis,
1542 863 1628 919 vel
1666 864 1965 921 victoribus

376 961 739 1033 martyribus,
787 960 874 1015 vel
910 960 1124 1016 caeteris
1165 959 1394 1024 sanctis,
1445 958 1530 1015 vel
1566 958 1654 1014 his
1692 959 1785 1029 qui
1818 973 1966 1013 nunc

375 1059 624 1114 veritatis
654 1058 873 1113 athletae
894 1069 1043 1122 sunt,
1069 1056 1347 1123 didicerit,
1376 1056 1617 1129 linguam
1650 1072 1756 1112 non
1783 1066 1967 1113 movet

377 1151 824 1208 ad‘iaudandum
870 1166 1021 1218 eum,
1064 1152 1160 1223 qui
1204 1158 1411 1207 tantam
1446 1151 1718 1207 bonorum
1750 1153 1962 1223 copiam

376 1246 697 1303 hominibus
732 1246 960 1318 largitus
989 1245 1111 1302 est?
1143 1264 1163 1298 ι
1198 1241 1440 1301 Laudate
1494 1260 1618 1301 eum
1666 1242 1721 1301 in
1777 1246 1963 1302 ilrma-

376 1349 566 1394 mento
621 1340 847 1394 virtutis
907 1339 1049 1408 ejus.
1088 1358 1108 1391 ι
1170 1336 1533 1411 Symmachus
1591 1347 1772 1395 autem
1819 1340 1898 1396 sic
1948 1359 1960 1396 :

2067 502 2358 574 χαριστίαν
2395 502 2581 557 λαϐεῖν
2610 503 3085 575 προσετάχῦημεν,
3106 504 3301 577 ’πολλῷ
3333 505 3539 578 μᾶλλον
3575 509 3661 573 εἰς

2066 595 2196 659 τοὺς
2238 595 2427 665 ἁγίους
2453 596 2685 669 ἀφορᾷν,
2739 598 2834 651 καὶ
2877 598 2969 650 τὸν
2995 597 3202 652 τούτων
3224 598 3359 653 Θεὸν
3391 599 3662 671 άνυμνεῖν

2067 688 2423 762 δικαιότερον.
2474 691 2573 755 Τίς
2600 691 2709 764 γὰρ
2754 691 2824 746 τὰ
2871 692 3015 745 κατὰ
3046 692 3139 746 τὸν
3186 686 3460 764 μακάριον
3502 693 3663 748 διδα-

2069 782 2334 854 σκόμενος
2375 783 2611 851 Παῦλον,
2662 785 2696 855 ἢ
2749 785 2841 839 τὸν
2889 784 3175 839 Θεσπέσιον
3210 787 3510 859 Πέτρον,ἢ
3565 789 3662 841 τὸν

2068 873 2347 929 θειότατον
2389 875 2664 949 Ἰωάννην,
2709 876 2743 948 ἢ
2794 878 2921 943 τοὺς
2971 876 3169 943 ἄλλους
3224 878 3587 947 ἀποστόλους,
3620 879 3657 951 ἦ

2065 969 2193 1032 τοὺς
2222 969 2553 1041 νικηφόρους
2586 969 2891 1041 μάρτυρας,
2921 970 2956 1040 ἢ
2986 969 3114 1035 τοὺς
3143 969 3338 1036 ἄλλους
3368 972 3585 1045 ἁγίους,
3620 972 3658 1042 ἦ

2067 1062 2192 1125 τοὺς
2220 1060 2314 1115 νῦν
2340 1065 2439 1134 τῆς
2465 1061 2668 1132 ἀρετῆς
2697 1061 2958 1133 ἀθλητὰς,
2990 1063 3053 1116 οὐ
3092 1065 3235 1116 κινεῖ
3257 1059 3359 1135 τὴν
3398 1062 3662 1132 γλῶτταν

2066 1156 2146 1218 εἰς
2176 1155 2452 1226 ὑμνῳδίαν
2481 1152 2573 1209 τοῦ
2603 1153 2874 1228 τοσαύτην
2900 1154 3014 1220 τοῖς
3046 1155 3354 1228 ἀνθρώποις
3378 1154 3492 1210 τῶν
3515 1156 3664 1224 ἀγα-

2066 1246 2177 1302 οῶν
2209 1246 2605 1319 δωρησαμένου
2635 1249 2845 1320 φοράν;
2899 1266 2920 1300 ι
2976 1248 3187 1304 Αἰνεῖτε
3228 1246 3392 1303 αὐτον
3420 1250 3480 1302 ὲν
3529 1265 3664 1301 στε-

2066 1340 2315 1411 ρεώματι
2347 1339 2633 1411 δυνάμεως
2659 1338 2846 1394 αὑτοῦ.
2888 1358 2907 1392 ι
2956 1341 3019 1394 ’θ
3043 1338 3098 1393 δὲ
3127 1334 3421 1411 Σύμμαχος
3452 1338 3661 1403 οὕτως’

374 1430 620 1486 Laudate
647 1447 766 1487 eum
795 1433 853 1487 in
878 1433 1216 1502 ﬁrmamento
1247 1431 1647 1503 inexpugnabili
1681 1433 1818 1504 ejus.
1862 1433 1957 1489 So-

2065 1428 2281 1484 Airei'ts
2322 1431 2368 1463 ⁸⁸
2405 1432 2594 1486 αὐτὸν
2634 1431 2706 1486 ἐν
2749 1430 3112 1502 στερεώματι
3164 1430 3245 1498 τῷ
3281 1431 3663 1501 ἀκαθαιρέτῳ

373 1527 462 1579 lus
490 1524 639 1579 enim
681 1522 923 1591 ﬁrmum,
964 1532 1019 1580 et
1060 1524 1414 1593 immortale,
1455 1533 1510 1581 et
1569 1527 1960 1598 sempiternum

373 1616 545 1672 habet
564 1614 779 1689 1m
812 1616 1125 1687 imperium.

2062 1522 2272 1578 αὐτοῦ.
2326 1521 2505 1588 Μόνος
2558 1524 2669 1596 γὰρ
2719 1524 2980 1598 στερρὸν,
3024 1525 3119 1581 καὶ
3167 1524 3499 1595 ἀνώλεθρον,
3525 1525 3665 1611 ⁷καὶ

2063 1618 2286 1672 αἰώνιον
2310 1617 2424 1688 ἔχει
2458 1617 2519 1672 ea
2542 1617 2765 1689 κράτος.

443 1706 612 1764 Vsus.
654 1708 711 1764 ὃ.
751 1726 773 1759 ι
821 1706 1071 1764 Laudato
1098 1723 1222 1763 eum
1263 1709 1315 1764 in
1346 1709 1718 1779 potentatibus
1751 1710 1891 1780 ejus.
1934 1728 1953 1764 ι

2135 1710 2206 1781 γ’.
2242 1729 2264 1764 ι
2301 1710 2515 1766 Αἰνεῖτε
2543 1710 2707 1765 αὐτὸν
2739 1710 2832 1764 ἰπὶ
2866 1711 2987 1774 ταῖς
3026 1706 3368 1775 δυναστείαις
3400 1708 3594 1767 αὐτοῦ.
3637 1730 3660 1764 ι

372 1799 671 1858 lneﬂabilia
700 1801 852 1858 enim
885 1810 1015 1859 sunt
1043 1817 1127 1870 ea,
1152 1818 1273 1872 quae
1307 1818 1401 1871 per
1426 1815 1649 1860 sanctos
1678 1804 1799 1875 ejus
1825 1818 1959 1860 con-

370 1896 527 1949 tinue
573 1902 723 1951 recte
766 1902 1057 1965 geruntur.
1114 1913 1135 1949 ι
1185 1895 1427 1952 Landate
1472 1912 1600 1952 eum
1657 1898 1958 1954 secundum

370 1985 788 2042 multitudinem
834 1986 1233 2058 magnitudinis
1265 1988 1409 2059 ejus.
1449 2008 1468 2040 ι
1512 1986 1707 2045 Simile
1745 1997 1829 2044 est
1855 1989 1960 2044 hoc

370 2074 464 2139 iis,
504 2091 627 2145 quae
671 2077 785 2145 jam
827 2090 858 2131 a
900 2077 1060 2132 nobis
1112 2077 1359 2146 exposita
1404 2077 1557 2133 fuere
1587 2097 1600 2134 :
1632 2096 1650 2130 ι
1688 2076 1957 2146 Quoniam

370 2165 772 2235 magnitudinis
793 2166 914 2235 ejus
941 2178 1051 2221 non
1074 2174 1158 2222 est
1183 2168 1305 2223 linis
1328 2177 1377 2221 ε.
1404 2187 1423 2219 ι
1460 2167 1671 2225 Inﬁnita
1702 2170 1848 2225 enim
1875 2180 1960 2227 est

370 2257 513 2326 ejus,
570 2257 668 2320 ait.
711 2257 1054 2328 magnitudo,
1093 2267 1148 2314 et
1197 2258 1470 2316 immensa
1524 2260 1768 2332 potentia
1810 2277 1826 2315 :
1863 2276 1959 2332 per

370 2350 555 2404 omnia
594 2349 760 2419 igitur
789 2351 970 2420 ipsum
1013 2361 1276 2422 perpetuo
1311 2352 1603 2412 celebrate.

440 2440 607 2498 Vsus.
642 2443 697 2497 4.
731 2461 748 2493 ι
774 2442 1019 2499 Laudate
1045 2458 1170 2499 eum
1195 2458 1332 2500 sono
1360 2446 1522 2501 tubae.
1553 2465 1573 2499 ι
1610 2444 1959 2507 Sacerdotale

370 2546 489 2593 erat
551 2537 656 2593 hoc
699 2537 1132 2594 instrumentum
1188 2556 1203 2594 :
1249 2540 1566 2597 sacerdotes
1612 2544 1758 2599 enim
1811 2545 1958 2603 tubis

312 2664 327 2671 ι
371 2632 687 2696 utebantur,
732 2631 894 2687 tubas
933 2631 1157 2700 quae-in
1198 2631 1352 2687 Sinai
1400 2642 1584 2690 monte
1630 2634 1846 2693 fuerant
1900 2637 1954 2693 in

372 2724 695 2779 memoriam
733 2732 1088 2781 revocantes.

450 2835 470 2868 ι
509 2816 753 2873 Laudate
771 2831 897 2874 cum
922 2830 1045 2872 cum
1073 2816 1333 2888 psalterio
1355 2827 1409 2874 et
1428 2817 1659 2879 cithara.
1683 2820 1870 2894 [νεεδ.
1901 2824 1956 2890 5,

374 2908 456 2982 6.]
484 2909 726 2966 Laudato
763 2926 889 2966 eum
930 2924 1056 2967 cum
1088 2916 1347 2983 tympano
1391 2918 1446 2967 et
1487 2913 1700 2971 choro:
1742 2914 1959 2974 laudate

374 3015 497 3054 cum
533 3001 753 3057 chordis
784 3009 838 3057 et
865 3015 1093 3073 organo.
1132 2996 1376 3058 Laudato
1410 3016 1537 3057 eum
1572 3019 1697 3059 cum
1736 3007 1959 3077 cymba-

2069 1806 2321 1878 Ἀῤῥητα
2349 1804 2459 1877 γὰρ
2487 1803 2555 1859 τὰ
2581 1802 2791 1859 διὰτῶν
2819 1803 2992 1873 ἀγίων
3022 1801 3190 1856 αὐτοῦ
3220 1802 3491 1873 διηνεκῶς
3514 1819 3667 1857 κατ-

2064 1899 2393 1971 ορθούμενα.
2439 1897 2653 1955 Αἰνεῖτε
2702 1898 2865 1953 αὐτὸν
2904 1898 3048 1953 κατὰ
3087 1896 3149 1950 τδ
3187 1896 3388 1969 πλῆθος
3413 1899 3517 1969 τῆς
3558 1913 3671 1967 με-

2064 1993 2387 2064 γαλωσύνης
2416 1991 2605 2047 αὐτοῦ.
2645 1993 2829 2046 Ἔοικε
2866 1990 3027 2045 τοῦτο
3046 1992 3163 2055 τοῖς
3191 1990 3290 2061 ήδη
3323 1991 3454 2061 παρ’
3485 1988 3671 2060 ἡμῶν

2063 2083 2525 2156 ἑρμηνευομένοις
2550 2084 2649 2136 κ’»
2673 2082 2796 2137 Ὅτι
2819 2080 2916 2154 τῆς
2937 2082 3332 2153 μεγαλωσύνης
3351 2080 3524 2136 αὐτοῦ
3553 2081 3670 2136 οὐκ

2062 2177 2179 2230 ἔστι
2223 2176 2421 2247 πέρας.
2461 2194 2480 2220 ι
2518 2176 2781 2247 Ἄπειρον
2815 2175 2924 2247 γὰρ
2958 2173 3150 2243 αὐτοῦ,
3200 2174 3355 2245 φησὶ,
3386 2174 3450 2228 τὸ
3485 2175 3667 2245 μέγεο

2064 2266 2175 2333 6ος,
2210 2268 2523 2341 ἀμέτρητος
2558 2268 2593 2339 ἡ
2634 2266 2897 2340 δύναμις’
2927 2265 3016 2323 διὰ
3050 2266 3231 2321 πάντα
3265 2266 3448 2322 τοίνυν
3484 2267 3666 2320 αὐτὸν

2064 2355 2363 2428 ὑμνοῦντες
2393 2356 2767 2413 διατελέσαι-ε.

2130 2446 2196 2503 δ’.
2239 2467 2259 2502 ι
2293 2449 2504 2504 Αἰνεῖτε
2535 2448 2699 2505 αὐτὸν
2728 2449 2786 2502 ὲν
2828 2450 2946 2521 ἤχῳ
2984 2448 3308 2519 σάλπιγγος.
3344 2469 3364 2503 ι
3415 2449 3655 2522 ’ῐερατι-

2064 2538 2159 2595 κδν
2200 2536 2272 2613 ἦν
2318 2541 2481 2597 τοῦτο
2522 2543 2584 2596 τδ
2625 2542 2889 2615 ὄργανον·
2935 2544 2984 2597 οἰ
3036 2542 3201 2614 ἱερεῖς
3245 2542 3356 2613 γὰρ
3406 2541 3650 2614 ἐχρῶντο

2061 2635 2180 2699 ταῖς
2217 2634 2493 2706 σάλπιγξι,
2531 2636 2641 2691 τῶν
2681 2638 2738 2690 ἐν
2770 2637 2901 2708 Σινᾷ
2927 2636 3043 2709 ὄρει
3066 2635 3383 2706 γενομένων
3415 2633 3647 2702 σαλπίγ-

2061 2743 2174 2797 γων
2201 2727 2733 2799 ἀναμιμνήσκοντες.

2136 2839 2156 2875 ι
2192 2822 2403 2875 Αἰνεῖτε
2437 2820 2600 2875 αὐτὸν
2629 2822 2687 2875 ἐν
2720 2816 3007 2892 ψαλτηρίῳ
3043 2819 3140 2875 καὶ
3168 2817 3395 2892 κιθάρᾳ.
3428 2821 3516 2886 ιε’,
3545 2813 3654 2891 ς’.]

2060 2915 2272 2968 Αἰνεῖτε
2298 2910 2457 2968 αὐτδν
2477 2913 2535 2967 ὲν
2558 2912 2828 2984 τυμπάνῳ
2858 2913 2954 2967 καὶ
2974 2912 3121 2985 χορῷ
3139 2928 3152 2942 ⁸
3181 2911 3384 2969 αἴνεῖτε
3406 2912 3571 2966 αὑτὸν
3592 2912 3657 2965 ἐν

2062 3004 2283 3077 χορδαῖς
2317 3003 2413 3058 καὶ
2435 3002 2673 3074 ὀργάνῳ.
2707 3004 2915 3057 Αἰνεῖτε
2945 3004 3106 3059 αὐτὸν
3138 3005 3196 3058 ἐν
3225 3002 3530 3073 κυμϐάλοις
3558 3003 3655 3055 εὖ-

372 3091 441 3146 lis
473 3092 610 3147 bene
653 3092 1003 3158 sonantibus,
1058 3088 1273 3149 laudate
1305 3106 1433 3148 eum
1467 3094 1732 3166 cymbalis
1757 3097 1957 3168 jubila-

2065 3100 2217 3169 ήχοις
2230 3098 2297 3163 ⁸⁷,
2311 3098 2510 3151 αἰνεῖτε
2530 3097 2691 3151 αὐτὸν
2709 3099 2767 3151 ἐν
2785 3096 3088 3168 κυμϐάλοις
3105 3094 3446 3167 ἀλαλαγμοῦ.
3464 3114 3484 3146 ι
3511 3095 3653 3147 Τού-

374 3180 562 3238 t'ronis.
608 3200 629 3236 ι
672 3181 770 3237 llis
810 3180 1194 3241 instrumentis
1233 3182 1365 3240 olim
1410 3181 1612 3243 Levita:
1640 3189 1953 3259 utebantur,

374 3272 541 3328 Deum
578 3273 633 3329 in
661 3272 850 3330 divino
888 3276 1091 3347 templo
1122 3275 1408 3335 laudantes
1438 3297 1452 3335 :
1489 3296 1599 3336 non
1635 3282 1778 3351 quod
1811 3282 1955 3341 Deus

374 3368 570 3422 horum
602 3383 742 3424 sono
773 3368 1157 3436 obiectaretur,
1191 3372 1287 3428 sed
1317 3372 1579 3443 quoniam
1611 3376 1953 3447 pr0positum

371 3474 584 3527 eorum,
637 3461 731 3531 qui
783 3462 902 3517 hinc
957 3456 1250 3530 faciebant,
1299 3465 1750 3535 amplectebatur.
1814 3464 1952 3525 Nam

377 3554 544 3607 "eum
576 3554 803 3610 minimc
831 3556 1088 3612 cantibus
1116 3567 1169 3613 et
1204 3558 1357 3614 sonis
1382 3556 1659 3627 delectari,
1700 3558 1955 3620 audimus

373 3648 554 3715 ipsum
613 3644 817 3703 Jud‘azis
864 3648 1135 3704 dicentem
1184 3671 1195 3707 :
1245 3669 1263 3702 ι
1299 3650 1498 3708 Arerte
1550 3669 1580 3708 a
1629 3668 1717 3708 me
1754 3670 1959 3712 sonum

372 3738 695 3793 cantionum
733 3746 975 3806 tuarum,
1022 3750 1076 3797 et
1106 3752 1301 3797 sonum
1351 3759 1679 3814 organorum
1732 3754 1949 3801 tuorum

372 3843 479 3882 non
519 3827 736 3883 audiam
773 3838 825 3883 ιι.
864 3847 882 3880 ι
919 3828 1047 3885 Haec
1081 3831 1246 3901 igitur
1281 3832 1394 3887 ﬁeri
1431 3833 1697 3903 permisit,
1728 3850 1852 3890 cum
1884 3836 1953 3891 ab

374 3918 645 3974 idolorum
685 3934 872 3975 errore
906 3934 1002 3976 eos
1031 3921 1266 3979 liberare
1294 3922 1472 3979 vellet.
1502 3922 1770 3990 Quoniam
1803 3924 1950 3982 enim

374 4010 627 4065 nonnulli
666 4010 920 4066 ludorum
959 4012 1195 4070 studiosi
1217 4023 1270 4069 et
1302 4015 1449 4069 rlsns
1474 4023 1747 4072 amatores
1773 4028 1949 4085 erant,

374 4103 491 4159 haec
515 4103 702 4159 omnia
733 4113 916 4161 autem
942 4106 997 4160 in
1028 4104 1298 4161 idolorum
1330 4104 1548 4176 templis
1585 4104 1806 4172 ﬁebant,
1839 4108 1954 4165 haec

371 4192 642 4264 permisit,
681 4194 787 4250 hoc
817 4204 976 4266 pacto
1008 4208 1104 4251 eos
1127 4192 1395 4261 alliciens,
1421 4205 1476 4251 et
1509 4195 1709 4252 minori
1749 4198 1953 4255 damno

373 4284 552 4354 majus
575 4285 900 4356 impediens,
929 4278 1143 4357 1535
1169 4295 1225 4342 et
1250 4298 1346 4357 per
1376 4282 1691 4358 imperfecta
1715 4290 1952 4361 perlecta

377 4382 392 4399 ‘
420 4377 651 4432 docens.
690 4395 710 4430 ι
742 4375 937 4433 Omnis
968 4377 1196 4448 spiritus
1221 4376 1413 4434 laudet
1434 4377 1747 4435 Dominum.
1780 4399 1799 4433 ι
1833 4381 1953 4439 Non

2062 3206 2176 3254 τοις
2192 3190 2243 3243 οἰ
2265 3187 2490 3244 Λευῖται
2506 3189 2673 3243 πάλαι
2688 3190 2799 3252 τοῖς
2815 3188 3069 3260 ὀργάνοις
3086 3188 3325 3258 ἐχρῶντο
3347 3188 3407 3243 ὲν
3424 3186 3508 3259 τῷ
3522 3187 3579 3240 iis
3590 3187 3657 3257 ίῳ

2063 3277 2169 3349 νεῷ
2191 3278 2284 3333 τὸν
2302 3278 2435 3334 Θεὸν
2453 3276 2823 3350 άνυμνοῦντες
2842 3297 2855 3311 ο
2885 3279 2986 3333 οὐκ
3009 3279 3203 3350 ἐπειδὴ
3231 3278 3362 3341 Θεὸς
3387 3277 3658 3349 ἐτέρπετο

2064 3374 2130 3446 τῇ
2151 3371 2357 3426 τούτων
2372 3374 2478 3445 ἠχῇ
2491 3371 2630 3437 ,ἀλλ’
2644 3372 2830 3444 ἐπειδῆ
2847 3370 2956 3426 τῶν
2980 3370 3318 3443 γιγνομὲνων
3332 3368 3423 3423 τὸν
3444 3366 3654 3422 σκοπὸν

2062 3465 2379 3538 ἀπεδέχετο.
2400 3466 2523 3518 Ὅτι
2542 3464 2648 3537 γὰρ
2669 3464 2837 3536 ᾠδαῖς
2858 3465 2951 3517 καὶ
2981 3462 3115 3534 κρού
3124 3478 3256 3533 μασι
3286 3459 3345 3515 τὸ
3364 3461 3519 3514 Θεῖον
3546 3461 3654 3514 οὐκ

2062 3556 2443 3627 ἐπιτέρπεται,
2495 3552 2765 3624 ἀκούομεν
2804 3548 2980 3605 ἀὑτοῦ
3031 3549 3285 3620 λέγοντος
3323 3547 3602 3612 Ἰουδαίοις
3632 3563 3647 3579 ·

2067 3664 2087 3698 ι
2137 3644 2473 3716 Ἀπόστησον
2516 3644 2611 3698 ἀπ’
2642 3641 2778 3715 ἐμοῦ
2808 3636 2943 3716 ἦχον
2985 3640 3140 3713 ᾠδῶν
3178 3655 3294 3705 σου,
3332 3641 3428 3695 καῖ
3463 3643 3647 3711 φωνῆς

2060 3736 2310 3809 ὀργάνων
2354 3750 2449 3789 σου
2480 3735 2580 3789 οὐκ
2614 3733 2945 3804 ἀκούσομαι.
2987 3748 3006 3786 ι
3044 3732 3231 3788 Ταῦτα
3273 3733 3456 3786 τοίνυν
3490 3733 3637 3801 γίνε-

2062 3829 2187 3884 σθαι
2233 3828 2603 3900 συνεχώρησε,
2632 3825 2733 3898 τῆς
2765 3826 2877 3880 τῶν
2919 3822 3154 3878 εἷδώλων
3201 3823 3407 3889 αὑτοὺς
3434 3823 3630 3891 πλάνης
3708 3828 3735 3839 ⁸

2059 3918 2370 3988 ἀπαλλάξαι
2403 3916 2657 3990 θελήσας.
2714 3912 2930 3988 Ἐπειδὴ
2961 3913 3071 3988 γάρ
3110 3913 3534 3987 φιλοπαίγμονές
3560 3924 3642 3963 τι-

2059 4029 2150 4078 νες
2176 4008 2341 4085 ἦσαν,
2368 4012 2464 4065 καὶ
2502 4007 2883 4080 φιλογέλωτες,
2918 4002 3097 4062 ταῦτα
3116 4006 3172 4060 δὲ
3202 4006 3424 4063 ἅπαντα
3450 4005 3508 4058 ὲν
3530 4002 3643 4064 τοῖς

2060 4099 2295 4161 εἰδώλων
2344 4100 2652 4158 ὲπετελεῖτο
2694 4101 2867 4167 ναοῖς,
2910 4099 3264 4171 συνεχώρησε
3312 4095 3509 4163 ταῦτα,
3554 4095 3645 4150 διὰ

2060 4199 2265 4254 τούτων
2297 4197 2494 4260 αὐτοὺς
2522 4193 2912 4271 ἐφελκόμενος,
2959 4192 3056 4247 καὶ
3086 4193 3151 4264 τῇ
3184 4191 3428 4247 ἐλάττονι
3469 4189 3646 4263 βλάϐῃ

2060 4292 2288 4349 κωλύων
2325 4289 2426 4363 τὴν
2469 4288 2715 4360 μείζονα,
2747 4288 2843 4342 καὶ
2884 4285 2970 4341 διὰ
3004 4285 3115 4340 τῶν
3150 4282 3360 4339 ἀτελῶν
3402 4300 3645 4356 προπαι-

2059 4384 2229 4439 δεὺων
2257 4378 2305 4417 ⁸⁸
2330 4382 2400 4437 τὰ
2434 4381 2637 4437 τέλεια.
2674 4398 2695 4433 ‹
2729 4379 2887 4433 Πᾶσα
2914 4376 3052 4450 πνοὴ
3099 4375 3370 4431 αἰνεσάτω
3402 4375 3496 4429 τὸν
3528 4373 3645 4429 K6-

373 4469 545 4526 ,ἰυόωί
591 4471 795 4539 solum,
835 4471 929 4527 sed
969 4484 1161 4527 omnes
1199 4470 1473 4529 homines.
1518 4471 1637 4529 Non
1679 4475 1823 4530 enim
1855 4474 1953 4530 Ju-

2065 4493 2196 4549 ριον.
2233 4493 2253 4527 ι
2285 4476 2400 4530 Οὐκ
2436 4473 2681 4528 Ἰουδαῖοι
2712 4473 2892 4543 μόνον,
2935 4469 3075 4525 ἀλλὰ
3109 4470 3310 4534 πάντες
3339 4468 3642 4540 ἄνθρωποι.

375 4564 619 4619 dmorum
647 4563 792 4621 Deus
825 4573 911 4621 est
942 4572 1173 4630 tantum,
1199 4565 1501 4622 secundum
1532 4566 1780 4624 divinum
1805 4568 1955 4641 Apo-

376 4657 578 4715 stolum
610 4659 655 4726 ί,
681 4662 776 4714 sed
801 4658 962 4714 etiam
982 4660 1254 4730 gentium.
1280 4659 1343 4716 In
1368 4660 1676 4717 centesimo
1710 4662 1878 4734 igitur
1901 4671 1958 4719 et

375 4750 800 4822 quadragesimo
828 4761 1033 4822 quarto
1053 4752 1379 4824 psalmo-ait
1410 4770 1425 4810 :
1461 4768 1483 4806 ι
1515 4753 1813 4811 Benedicat
1835 4770 1957 4811 om-

376 4841 462 4895 nis
493 4854 623 4897 caro
642 4841 852 4896 nomini
884 4851 1081 4901 sancto
1103 4843 1225 4916 eius
1246 4842 1261 4896 i
1282 4882 1296 4900 .
1331 4863 1351 4898 ι
1383 4843 1498 4902 Hoc
1522 4855 1705 4903 autem
1734 4848 1951 4917 inloco,

381 4951 401 4985 ι
429 4931 623 4990 Omnis
653 4934 898 5005 spiritus,
927 4935 1084 5003 dicit,
1114 4937 1297 4994 laudet
1325 4937 1640 4995 Dominum.
1672 4958 1701 4993 ι·
1721 4939 1829 4996 Sed
1852 4954 1956 4996 nec

379 5025 454 5080 ibi
486 5025 658 5081 solam
688 5040 934 5093 carnem,
959 5041 1062 5085 nec
1086 5026 1179 5084 hic
1215 5027 1473 5099 spiritum
1492 5028 1677 5085 solum
1700 5030 1918 5086 vocavit
1944 5050 1957 5085 :

378 5133 570 5172 verum
611 5126 666 5174 et
697 5134 794 5189 per
834 5120 938 5175 hoc
966 5129 1020 5176 et
1049 5136 1146 5192 per
1176 5120 1334 5188 illud,
1364 5128 1419 5178 et
1442 5135 1673 5191 corpore
1695 5130 1748 5176 et
1773 5120 1958 5176 anima

382 5207 552 5263 Deum
582 5211 968 5267 universorum
1001 5212 1210 5268 laudari
1252 5212 1523 5285 praecipit.
1559 5212 1829 5269 Caeterum
1862 5212 1959 5269 ad-

454 5406 481 5446 ι
505 5396 651 5453 Psal.
686 5412 869 5465 cxuv,
896 5398 951 5455 5.
1072 5397 1102 5439 ιι
1132 5398 1304 5456 Amos
1337 5414 1393 5468 ν,
1421 5398 1513 5456 25.

2059 4569 2133 4623 Οὐ
2160 4567 2269 4639 γὰρ
2307 4558 2579 4621 Ἰουδαίων
2603 4563 2738 4629 Θεὸς
2777 4563 2960 4635 μόνον,
2988 4561 3130 4618 κατὰ
3166 4562 3259 4617 τὸν
3294 4561 3436 4616 θεῖον
3477 4560 3643 4615 Ἀπό-

2058 4659 2267 4728 στολον,
2313 4657 2465 4714 ἀλλὰ»
2491 4657 2589 4713 καὶ
2627 4656 2821 4713 ιθνῶνι
2862 4657 2961 4711 Ἐν
2980 4657 3080 4728 μὲν
3107 4654 3205 4710 οὖν
3239 4652 3323 4726 τῷ
3358 4663 3403 4725 ρ’
3432 4655 3524 4708 καὶ
3558 4652 3643 4724 με’

2056 4751 2162 4825 ἔφη
2207 4749 2499 4822 ψαλμῷσ(
2552 4748 2861 4818 Εὐλογείτω
2907 4751 3063 4804 πᾶσα
3104 4746 3244 4818 σὰρξ
3278 4746 3341 4800 τὸ
3380 4745 3555 4814 ὄνομα
3583 4746 3631 4797 τ)

2058 4843 2214 4910 ἅγιον
2245 4838 2430 4895 αὑτοῦ.
2482 4857 2502 4892 ι
2546 4837 2814 4894 Ἐνταῦθα
2838 4837 2931 4905 δὲ,
2961 4856 2979 4890 ι
3014 4838 3173 4891 Πᾶσα
3202 4834 3347 4907 πνοὴ
3374 4834 3616 4889 αἰνεσάτι

2060 4935 2153 4990 τὸν
2190 4933 2421 5005 Κύριονδ
2455 4948 2479 4987 ι
2519 4930 2659 4988 Οὔτε
2687 4932 2890 4986 utch
2917 4930 3085 5001 μόνην
3121 4928 3222 4999 τὴν
3271 4928 3472 4999 σάρκα,
3515 4926 3631 4980 οὖν

2056 5026 2295 5082 ἐνταῦθα
2344 5025 2524 5098 μόνην.
2565 5024 2792 5080 ἐκάλεσε
2837 5022 2938 5095 τὴν
2982 5022 3154 5093 πνοήν
3178 5039 3192 5054 ο
3243 5019 3395 5074 ἀλλὰ
3431 5019 3527 5073 καὶ
3577 5019 3627 5072 δι

2058 5120 2271 5176 ἐκείνου
2298 5121 2393 5175 καὶ
2418 5119 2507 5174 διὰ
2533 5117 2745 5185 τούτου,
2783 5115 2879 5170 καὶ
2902 5114 3116 5186 σώματι
3145 5113 3244 5167 καὶ
3268 5112 3417 5183 ψυχῇ
3451 5113 3645 5182 ὑμνεῖν

2061 5212 2499 5286 παρακελεύεται
2540 5212 2635 5265 τὸν
2668 5211 2778 5265 τῶν
2810 5209 2949 5263 ὅλων
2995 5207 3146 5261 Θεὸν.
3199 5206 3560 5274 Ἀξιάταστον
3587 5204 3646 5259 δὲ

1626 5396 1648 5439 ι
1682 5397 1843 5454 Rom.
1874 5415 1969 5465 ιη,
2010 5398 2101 5456 99.
2185 5398 2201 5450 i
2245 5398 2396 5455 Pani.
2422 5413 2606 5466 cxnlv,
2642 5397 2734 5454 2i.

1449 5550 1689 5609 VARIJE
1720 5552 2104 5610 LECTIONES
2146 5553 2235 5608 ΕΤ
2263 5548 2497 5608 ΝΟΤιΕ.

383 5727 574 5784 δεύων.

447 5666 764 5761 θεν-εἴτε.
788 5668 865 5727 ib.
898 5671 1144 5742 ὑμνεῖτε.
1212 5673 1261 5708 ⁸⁸
1290 5672 1411 5730 cod.
1438 5673 1464 5731 l
1496 5673 1957 5747 ὴρμηνευμένοις.

2068 5674 2087 5706 ⁷
2113 5672 2473 5756 Εὑήχοιςμι-
2496 5673 2843 5745 κυμϐάλοις.
2875 5670 2997 5731 Des.
3035 5673 3166 5730 ibid.
3242 5670 3420 5728 “cod.
3463 5673 3487 5728 1
3522 5689 3664 5728 παι-
