4012 6208
343 247 444 318 193

1393 250 1676 322 QUIEST.
1712 250 1796 312 IN
1836 252 2106 316 GENES.
2137 255 2293 317 CAP.
2330 257 2546 320 XXIX.

3503 265 3605 334 19$

343 363 418 420 si;
436 325 680 430 siprqu
711 358 942 431 ταύτην,
980 360 1066 414 δτι
1094 359 1158 414 οὗ
1193 360 1268 431 μή
1311 377 1372 413 σε
1411 361 1792 434 ἐγκαταλείψω
1812 362 1909 428 ἕως

2021 366 2194 422 donec
2264 383 2610 439 comptevero
2684 370 2869 427 omnia
2949 389 3292 447 quaecunque
3379 377 3597 438 loculus

347 449 432 508 τοῦ
454 449 686 521 ποιῆσαί
721 469 792 523 με
821 451 999 507 πάντα
1023 452 1126 506 ὅσα
1158 452 1413 522 ἐλάλησα.
1441 471 1458 504 ι

959 565 1154 622 ΕΡΩΤ.
1178 563 1298 620 IIA'.

567 675 737 729 Διατί
759 677 869 729 τὸν
899 676 1073 731 λίθον
1099 677 1334 746 ἀλείφει
1364 679 1397 731 ό
1441 677 1648 732 Ἰακώϐ
1663 693 1682 741 ;

405 759 501 828 Οἷς
524 758 641 834 εἶχε
674 765 770 818 τὸν
806 763 1181 834 μεγαλόδωρον
1225 765 1499 836 ἠμείψατο
1536 766 1758 838 Κύριον.
1797 767 1920 838 Ὀρ-

339 856 518 919 θώσας
539 855 651 927 γὰρ
689 855 784 908 τὸν
817 855 984 922 λίθον,
1013 855 1072 909 δν
1099 855 1339 927 ὑπέθηκε
1355 858 1420 928 τῇ
1474 858 1685 930 κεφαλῇ
1703 858 1746 924 ⁷,
1777 873 1915 911 κατ-

339 950 494 1016 έχεεν
547 948 717 1001 αὐτοῦ
753 947 953 1002 ἔλαιον.
985 946 1158 1002 Τοῦτο
1199 948 1257 1002 δὲ
1293 950 1390 1002 καὶ
1417 948 1514 1002 νῦν
1547 949 1694 1002 ἐστιν
1737 951 1916 1020 εὑρεῖν

337 1041 490 1112 παρὰ
520 1040 733 1094 πολλῶν
758 1042 996 1110 γυναίων
1027 1041 1140 1113 (69)
1167 1041 1275 1096 τῶν
1305 1042 1384 1112 τῷ
1404 1043 1594 1114 Κυρίῳ
1621 1061 1916 1100 πεπιστευ-

336 1133 514 1188 κότων
541 1133 847 1204 γινόμενον.
870 1133 1109 1188 Ειώθασι
1150 1135 1259 1206 γὰρ
1283 1135 1341 1188 ὲν
1369 1137 1478 1200 τοῖς
1511 1135 1677 1200 θείοις
1727 1139 1916 1209 σηκοῖς

336 1226 504 1298 ὲλαίῳ
529 1225 707 1298 χρίειν
731 1225 830 1290 τὰς
855 1227 964 1280 τῶν
992 1227 1310 1299 ἀνακτόρων
1332 1229 1638 1298 κιγκλίδας,
1674 1233 1772 1284 καὶ
1805 1231 1916 1287 τῶν

337 1317 512 1386 ἁγίων
577 1318 874 1390 μαρτύρων
917 1318 1016 1381 τὰς
1059 1318 1255 1390 θήκας.
1309 1320 1474 1390 Δηλοῖ
1520 1320 1580 1374 δὲ
1623 1321 1784 1375 τοῦτο
1818 1322 1917 1394 τῆς

333 1409 514 1481 ψυχῆς
534 1411 632 1480 τὴν
665 1410 946 1479 εὐγένειαν
971 1409 1104 1482 (70).
1135 1413 1362 1482 Δέχεται
1397 1412 1454 1466 δὲ
1486 1414 1580 1467 καὶ
1607 1413 1673 1468 τὰ
1705 1414 1916 1486 σμικρὰ

333 1503 364 1555 ὁ
387 1501 771 1574 φιλάνθρωπος
819 1502 1044 1575 Κύριος,
1076 1503 1475 1576 ἀποδεχόμενος
1513 1505 1606 1560 τὸν
1635 1506 1731 1560 τοῦ
1765 1523 1914 1577 γινο-

336 1593 504 1665 μένου
531 1594 755 1648 σκοπόν.
1718 1630 1728 1640 -

951 1707 1151 1762 ΕΡΩΤ.
1177 1707 1304 1762 ΠΕ’.

331 1817 560 1874 Πολλοὶ
597 1819 906 1888 πρόφασιν
928 1819 1264 1885 ἀκολασίας
1281 1819 1305 1852 ⁸
1353 1819 1667 1875 ποιοῦνται
1691 1821 1759 1875 τὸ
1783 1823 1914 1877 τέτ-

489 1907 670 1960 ταρας
693 1889 1016 1959 ἐσχηκέναι
1050 1891 1340 1958 γυναῖκας
1371 1889 1481 1944 τὸν
1519 1892 1745 1948 Ἰακώϐ.

399 1979 506 2033 Τδν
562 1980 765 2035 σκοπὸν
831 1979 1062 2034 ἑκάστου
1114 1979 1224 2036 τῶν
1275 1981 1574 2054 γινομένων
1636 1983 1914 2049 ἐξετάζειν

331 2073 620 2144 προσήκει.
649 2071 808 2126 υῦτω
826 2072 936 2144 γὰρ
961 2073 1241 2142 κρίνοντες
1268 2074 1576 2144 εὑρήσομεν
1597 2077 1687 2128 καὶ
1720 2076 1912 2130 Ἰακὼὸ

328 2164 421 2217 τὸν
461 2164 844 2236 πατριάρχην,
902 2163 998 2236 τὴν
1043 2164 1143 2235 μὲν
1195 2163 1396 2235 Ῥαχὴλ
1433 2166 1913 2238 μνηστευσάμενον

331 2255 522 2327 μόνην,
553 2257 706 2326 παρά
751 2255 978 2328 γνώμην
1017 2254 1072 2308 δὲ
1121 2255 1464 2325 συναφθέντα
1510 2259 1576 2328 τῇ
1610 2257 1763 2328 Λείᾳ.
1796 2260 1913 2312 Πα-

335 2349 606 2420 ραυτίκα⁹
643 2347 772 2418 γοῦν
799 2349 901 2418 τῆς
943 2348 1160 2418 ἀπάτης
1195 2347 1516 2419 αἰσθόμενος
1552 2347 1649 2402 καὶ
1683 2349 1909 2420 ἐδυσχέ-

331 2459 400 2514 ρα
417 2438 572 2514 (the,
603 2439 806 2508 καὶ(τοῦ
825 2439 1089 2512 κηδεστοῦ
1109 2441 1515 2512 κατεὸὁησε.Ἰ“ῇ
1531 2440 1908 2513 senatum)

327 2535 388 2588 οὐ
426 2535 518 2588 διὰ
545 2535 880 2605 φιληδονίαν,
914 2531 1050 2587 ἀλλὰ
1077 2532 1166 2586 διὰ
1195 2533 1297 2604 τὴν
1319 2533 1416 2600 τῆς
1441 2533 1714 2606 ὁμοζύγου
1738 2553 1913 2608 παραυ

329 2628 526 2700 μυθίαν
578 2627 746 2699 ἐμίγη
817 2628 928 2697 Τῆς
964 2627 1074 2698 γὰρ
1125 2628 1327 2699 Ῥαχὴλ
1369 2626 1460 2680 διὰ
1508 2629 1610 2698 τὴν
1649 2628 1910 2683 ἀπαιδίαν

324 2719 660 2790 άνιωμένης,
704 2721 800 2773 καὶ
829 2717 1132 2787 ἀλογίστως
1167 2718 1279 2790 (72)
1321 2718 1605 2790 λεγούσηςο
1647 2741 1664 2772 ι
1689 2721 1788 2784 Δός
1821 2739 1911 2792 μοι

322 2812 492 2867 τέκνα
536 2813 674 2882 (75),
717 2813 766 2864 ει
807 2811 864 2866 δὲ
902 2811 976 2882 μή
1013 2827 1102 2879 γε,
1137 2810 1556 2881 ἀποθανοῦμαι·
1600 2811 1908 2884 »ἐπέπληξε

323 2905 423 2976 μὲν
461 2903 708 2968 εὐσεϐῶς
743 2903 773 2956 ὁ
815 2902 1183 2976 πατριάρχης,
1224 2903 1319 2956 καὶ
1347 2902 1514 2968 ἔδειξε
1555 2903 1644 2956 τὸν
1669 2903 1768 2974 τῆς
1807 2905 1910 2972 φύ-

324 3014 461 3059 σεως
503 2996 760 3067 ποιητὴν,
817 2999 912 3050 καὶ
957 2997 1040 3049 ὃτι
1085 2996 1185 3066 οὐχ
1229 2996 1258 3048 ὀ
1305 2996 1483 3064 γάμος
1525 2993 1646 3047 ἐστὶ
1701 2994 1908 3047 παίδων

319 3089 674 3160 δημιουργὸς,
709 3088 844 3142 ἀλλὰ
867 3088 896 3141 ὁ
923 3089 1017 3142 τοῦ
1045 3089 1224 3159 γάμου
1256 3087 1551 3161 νομοθέτης
1581 3087 1734 3152 Θεός.
1761 3089 1906 3158 Ἔφη

321 3185 429 3254 γὰρ
458 3183 601 3254 πρὸς
652 3183 850 3253 αὑτήν·
883 3201 901 3234 ι
932 3183 1024 3253 Μὴ
1065 3182 1186 3236 ἀντὶ
1223 3181 1358 3236 Θεοῦ
1409 3181 1490 3234 σοί
1537 3183 1652 3252 ειμι
1683 3177 1826 3250 μὲγὼ,
1851 3180 1910 3243 ὂς

322 3274 587 3346 ὲστέρησέ
617 3291 675 3328 σε
717 3273 929 3347 καρπὸν
965 3273 1206 3342 κοιλίας;
1235 3294 1254 3328 ι
1288 3275 1649 3350 1ιξύχαγιιιιγῶν
1670 3275 1727 3328 δὲ
1760 3277 1910 3346 ὅμως

321 3366 512 3439 αὐτὴν,
543 3367 806 3438 ἠνέσχετο
838 3366 938 3436 τῆς
971 3367 1262 3439 αίτήσεως,
1313 3367 1484 3439 ᾔτησε
1537 3367 1594 3421 δὲ
1632 3367 1796 3422 αὐτὸν
1839 3370 1906 3440 τῇ

322 3459 585 3532 παιδίσκῃ
621 3459 873 3530 μιγῆναι,
901 3459 988 3512 ἵνα
1017 3459 1078 3512 τὸ
1102 3459 1162 3526 ἐξ
1190 3459 1363 3529 αὐτῆς
1397 3458 1666 3530 φυόμενον
1709 3461 1908 3514 οἰκεῖον

321 3551 642 3623 ἁποκαλέσῃ
678 3549 908 3605 παιδίον.
945 3551 1117 3605 Τοῦτο
1164 3551 1261 3604 καὶ
1299 3551 1394 3604 ἐπὶ
1427 3552 1528 3619 τῆς
1557 3551 1768 3622 Ζέλφας
1793 3551 1904 3622 (74)

321 3645 559 3715 ἐγένετο.
587 3643 758 3698 Πάλιν
795 3642 906 3714 γὰρ
947 3643 982 3712 ή
1010 3643 1144 3697 Λεία
1183 3643 1510 3714 παυσαμένη
1541 3643 1637 3697 τοῦ
1677 3643 1904 3707 τίκτειν,

320 3738 677 3809 ἠντιϐόλησεν
708 3735 873 3790 αὐτὸν
908 3736 989 3799 είς
1013 3735 1230 3806 ἐκείνην
1268 3740 1489 3807 σπεῖραι
1509 3735 1606 3807 τὴν
1643 3735 1903 3808 ἄρουραν.

319 3831 509 3886 Ταῦτα
543 3829 656 3902 (75)
683 3827 1006 3900 φιληδονίαν
1035 3828 1134 3898 μὲν
1162 3827 1419 3896 οὐδεμίαν
1458 3828 1776 3895 αἰνίττεται,
1806 3829 1906 3900 τὴν

318 3924 376 3977 δὲ
400 3921 499 3976 τοῦ
536 3921 731 3993 ἀνδρὸς
760 3922 1061 3975 ἐπιείκειαν
1077 3921 1340 3986 δείκνυσι,
1365 3921 1460 3974 καὶ
1493 3921 1643 3986 ὅπως
1671 3923 1768 3985 τὰς
1806 3939 1906 3992 γυ·

320 4019 517 4080 ναίκας
566 4013 872 4079 ἐσπούδαζε
925 4012 1272 4085 θεραπεύειν.
1325 4013 1468 4084 Πρὸς
1497 4013 1554 4066 δὲ
1599 4014 1774 4086 τούτῳ
1806 4015 1907 4068 κὰ-

319 4112 472 4164 κεῖνο
503 4107 828 4179 σκοπητέον,
850 4109 933 4161 ὅτι
987 4107 1148 4176 νόμος
1177 4105 1351 4168 οὐδεὶς
1383 4105 1684 4176 τηνικαῦτα
1711 4101 1779 4178 ἦν
1805 4107 1907 4178 τὴν

321 4201 680 4272 πολυγαμίαν
701 4199 950 4256 κωλύων.
978 4201 1090 4254 Καὶ
1115 4199 1191 4263 ὡς
1219 4198 1558 4271 τρισολϐίους
1590 4200 1908 4272 ὑπελάμβα-

318 4312 412 4350 νον
437 4296 562 4348 τότε
589 4293 719 4357 τοὺς
772 4291 982 4345 πολλῶν
1011 4291 1217 4345 παίδων
1240 4293 1594 4362 γιγνομένους
1635 4295 1902 4366 πατέρας.

1935 3050 1982 3114 C

2434 571 2546 645 sﬁ.
2572 570 2849 628 INTERR.
2892 573 3176 630 LXXXIV.

2255 685 2609 754 Quamobrem
2635 687 2804 744 Iacob
2839 691 3046 761 inungit
3077 691 3359 761 lapidem?

2087 777 2298 845 Quibus
2344 781 2526 850 potuit
2570 781 2751 848 donis,
2806 785 3381 842 muniﬁcentissimum
3413 787 3602 846 Domi-

2015 885 2148 925 num
2181 885 2560 929 remuneratus
2586 883 2690 930 est.
2717 871 2852 930 Nam
2884 893 3006 931 cum
3043 879 3311 934 erexisset
3337 881 3596 952 lapidem,

2016 978 2178 1034 quem
2207 965 2370 1035 capiti
2401 977 2785 1036 supposuerat,
2816 970 3060 1038 perfudit
3099 985 3224 1026 eum
3268 973 3409 1029 oleo.
3443 972 3601 1042 Quod

2015 1057 2180 1112 etiam
2208 1072 2354 1112 nunc
2384 1058 2500 1113 ﬁeri
2528 1059 2703 1116 solere
2725 1063 3089 1132 comperimus
3113 1080 3142 1117 a
3170 1067 3455 1136 permultis
3478 1083 3599 1123 mu-

2018 1149 2280 1220 lierculis,
2313 1168 2436 1223 quae
2487 1151 2717 1210 Domino
2765 1156 3136 1214 crediderunt.
3176 1158 3313 1214 Nam
3365 1177 3600 1220 consue-

2015 1253 2214 1300 verunt
2257 1245 2314 1299 in
2367 1247 2584 1316 templis
2635 1247 2834 1304 divinis
2889 1250 3009 1304 oleo
3062 1267 3266 1320 ungere
3312 1255 3598 1326 adytorum

2016 1337 2312 1403 cancellos,
2339 1347 2393 1394 et
2418 1347 2734 1395 sanctorum
2790 1351 3094 1414 martyrum
3131 1349 3336 1400 thecas.
3379 1349 3435 1402 Id
3469 1363 3600 1403 vero

2015 1428 2357 1485 demonstrat
2421 1432 2589 1487 animi
2649 1433 2930 1503 pietatem.
2989 1435 3106 1492 Non
3156 1442 3364 1509 respuit
3414 1454 3598 1496 autem

2015 1521 2178 1576 etiam
2211 1522 2437 1576 minima
2459 1523 2890 1594 benignissimus
2917 1525 3206 1594 Dominus,
3244 1542 3454 1600 gratam
3495 1533 3598 1588 ha-

2014 1613 2150 1668 bens
2192 1613 2373 1685 operis
2401 1613 2782 1681 intentionem.

2505 1726 2789 1786 INTERR.
2841 1730 3107 1788 LXXXV.

2017 1837 2181 1893 Multi
2205 1839 2309 1894 sibi
2333 1851 2632 1911 prwtexuut
2662 1846 2986 1924 occasionem
3026 1847 3260 1924 (asciuiw
3297 1850 3436 1920 quod
3466 1868 3599 1924 qua-

2367 1921 2489 1966 tuor
2534 1930 2722 1970 ναῖοι-ει
2755 1915 2924 1971 Jacob
2955 1918 3220 1974 habuerit.

2097 2000 2540 2074 Uniuscujusque
2567 2006 2692 2061 lacti
2723 2023 2924 2078 scapus
2962 2009 3324 2080 inquirendus
3370 2024 3472 2067 est.
3507 2014 3602 2070 Sic

2013 2098 2158 2150 enim
2191 2098 2522 2165 jutlicautes,
2569 2100 2906 2168 reperiemus
2958 2103 3177 2172 quidem
3232 2105 3599 2172 patriarcham

2012 2183 2270 2240 Jacobum
2311 2187 2412 2242 sibi
2461 2187 2752 2244 Rachelem
2797 2206 2986 2245 amore
3017 2193 3311 2261 impulsum
3362 2195 3601 2265 despon-

2013 2292 2188 2341 sasse,
2222 2287 2276 2332 et
2307 2288 2501 2348 praeter
2530 2280 2698 2335 animi
2752 2285 3089 2338 voluntatem
3121 2283 3285 2339 Leam
3321 2287 3590 2356 attigisse.

2012 2365 2138 2422 Mox
2171 2367 2354 2438 igitur,
2403 2377 2464 2424 ut
2517 2369 2704 2425 dolum
2743 2373 2936 2434 sensit,
2985 2389 3128 2444 aegre
3173 2377 3316 2442 tulit,
3373 2387 3427 2430 ct
3469 2393 3597 2432 cum

2012 2474 2201 2514 socero
2252 2472 2485 2530 questus
2515 2471 2620 2517 est.
2671 2461 2811 2518 Baiae
2847 2480 2976 2520 vero
3012 2467 3312 2534 permistus
3344 2476 3448 2535 est,
3487 2485 3598 2525 non

2011 2549 2303 2620 voluptatis
2350 2553 2544 2623 gratia,
2586 2555 2678 2610 sed
2707 2566 2766 2611 ut
2801 2557 3088 2628 conjugem
3137 2559 3426 2614 solaretur.
3463 2559 3598 2614 Nam

2011 2657 2135 2696 cum
2167 2643 2366 2699 Rachel
2405 2648 2914 2717 angeretur,‘quod
2954 2650 3141 2706 liberis
3169 2663 3405 2714 careret,
3439 2633 3598 2708 stoli-

1999 2736 2186 2806 deque.
2241 2737 2488 2794 diceret:
2546 2757 2564 2790 ι
2600 2737 2676 2794 Da
2729 2743 2864 2795 mihi
2929 2743 3148 2808 liberos,
3219 2745 3426 2816 alioqui
3475 2763 3594 2801 mo-

2013 2827 2122 2879 riar
2150 2836 2173 2866 ο
2201 2842 2218 2894 ;
2263 2845 2279 2878 ι
2319 2827 2656 2908 pie‘quidem
2681 2830 2990 2902 objurgavit
3015 2834 3158 2888 illam
3188 2836 3517 2904 patriarcha,
3545 2845 3600 2890 et

2011 2915 2214 2984 docuit,
2272 2917 2528 2988 quisnam
2580 2929 2726 2976 esset
2783 2931 2994 2979 natura:
3024 2928 3253 2980 Greater
3298 2943 3310 2980 :
3348 2935 3404 2980 et
3449 2927 3598 2996 quod

2013 3009 2218 3079 nuptiae
2263 3025 2372 3064 non
2424 3011 2620 3066 darent
2665 3012 2887 3080 liberos,
2926 3016 3020 3070 sed
3053 3017 3148 3086 qui
3183 3017 3388 3088 nuptiis
3417 3019 3596 3089 legem

2011 3102 2176 3166 dedit,
2214 3100 2378 3157 Deus.
2409 3101 2555 3158 Dixit
2593 3104 2740 3159 enim
2768 3107 2834 3159 ad
2901 3106 3090 3162 illam:
3145 3127 3164 3160 ι
3203 3107 3458 3178 Nunquid
3493 3125 3598 3180 ego

2010 3209 2134 3249 sum
2169 3193 2262 3248 tibi
2295 3209 2392 3264 pro
2427 3193 2556 3258 Deo,
2589 3197 2681 3266 qui
2725 3207 2776 3251 te
2808 3197 2985 3252 fructu
3014 3201 3220 3255 ventris
3246 3201 3477 3270 privavit
3493 3199 3548 3254 ἀί
3571 3219 3593 3254 ι

2007 3283 2262 3341 Attamen
2315 3285 2425 3358 95
2471 3287 2620 3342 illam
2691 3289 2908 3358 placare
2970 3291 3182 3357 volens,
3241 3291 3595 3362 postulationi

2009 3377 2224 3434 annuit.
2264 3375 2501 3433 Petierat
2525 3379 2670 3433 enim
2704 3379 2774 3434 ah
2797 3395 2884 3446 eo,
2914 3388 2972 3434 ut
2996 3382 3209 3436 ancilla:
3238 3383 3594 3451 misceretur,

2008 3476 2070 3522 ut
2098 3482 2347 3538 puerum,
2404 3467 2498 3537 qui
2533 3483 2600 3524 ex
2635 3468 2724 3523 illa
2776 3481 3125 3535 nasceretur,
3157 3487 3316 3527 suum
3349 3485 3592 3529 voearet.

2008 3557 2156 3613 Idem
2181 3568 2236 3614 et
2265 3559 2319 3613 in
2349 3557 2551 3630 Zelpha
2576 3559 2823 3631 contigit.
2849 3561 3088 3616 Rursum
3127 3563 3275 3618 enim
3303 3561 3434 3629 ιω,
3465 3579 3594 3621 cum

2008 3667 2204 3722 parere
2247 3652 2519 3715 desiiSSet,
2563 3655 2770 3723 rogavit
2818 3668 2943 3708 eum
2991 3663 3053 3709 ut
3093 3655 3146 3709 in
3200 3671 3392 3726 agrum
3439 3657 3592 3713 illum

2009 3764 2194 3804 semen
2227 3748 2582 3804 immitteret:
2630 3749 2776 3820 quod
2805 3750 3025 3821 quidem
3060 3751 3263 3807 nullam
3311 3753 3593 3810 libidinem

2007 3843 2266 3910 denotat,
2309 3843 2403 3899 sed
2464 3843 2564 3898 viri
2627 3844 3128 3910 mansuetudinem,
3182 3846 3272 3914 qui
3325 3849 3596 3906 uxoribus

2009 3930 2273 3986 inservire
2323 3931 2594 3988 studebat.
2647 3931 2728 3987 Ad
2763 3931 2880 3988 haec
2919 3933 3084 3988 etiam
3137 3935 3273 3990 illud
3313 3936 3597 3992 adverteu.

2008 4023 2138 4078 dum
2170 4034 2271 4089 est,
2328 4032 2458 4079 tunc
2502 4025 2764 4094 temporis
2803 4027 3042 4080 nondum
3075 4027 3246 4083 fuisse
3295 4028 3460 4083 ullam
3519 4029 3596 4083 le-

2007 4131 2148 4184 gem,
2181 4132 2303 4186 quae
2335 4117 2662 4186 multiplices
2700 4117 2915 4187 nuptias
2965 4119 3300 4188 prohiberet,
3348 4131 3402 4176 et
3445 4122 3594 4192 quod

2009 4206 2311 4262 felicissimi
2343 4215 2473 4260 tunc
2505 4207 2980 4276 existimabantur,
3005 4211 3098 4280 qui
3133 4212 3427 4267 multorum
3461 4213 3596 4268 libe-

2008 4314 2194 4354 rorum
2229 4311 2410 4370 patres
2451 4309 2627 4355 erant.
2671 4301 2734 4357 Et
2770 4303 2914 4372 quod
2961 4303 3067 4358 hoc
3101 4319 3290 4358 verum
3327 4305 3418 4368 sit,
3453 4303 3593 4358 divi-

320 4388 436 4440 Καὶ
463 4389 548 4440 ὅτι
593 4384 755 4439 τοῦτό
810 4385 960 4438 ἐστιν
1013 4383 1230 4454 ἀληθὲς,
1261 4384 1319 4436 αἱ
1364 4384 1504 4438 θεῖαι
1543 4387 1909 4458 μαρτυροῦσιν

2019 4408 2100 4448 nae
2127 4393 2490 4448 testiﬁcantur
2516 4393 2932 4464 promissioues.
2965 4393 3100 4450 Nm
3127 4396 3438 4451 Abrahamo
3457 4395 3594 4450 dixit

319 4479 672 4549 ἐπαγγελίαι,
709 4477 800 4550 Τῷ
823 4479 930 4550 γὰρ
967 4477 1220 4549 Ἀϐραὰμ
1241 4477 1269 4528 ὁ
1297 4475 1407 4528 τῶν
1447 4477 1585 4529 ὅλων
1613 4477 1717 4549 ἔφη
1749 4479 1903 4544 Θεός·

326 4591 348 4626 σ
386 4557 718 4643 ’Δνάϐλεψον
743 4572 826 4634 είς
849 4569 940 4623 τὸν
971 4569 1220 4640 οὐρανὸν,
1271 4568 1362 4620 καὶ
1392 4568 1469 4621 ίδε
1499 4570 1625 4634 τοὺς
1648 4571 1904 4644 ἀστέρας,

415 4721 440 4750 ο
474 4711 612 4766 Gen.
649 4723 781 4774 xxx,
823 4707 876 4762 l.
962 4705 990 4746 ἀ
1029 4706 1164 4762 ibid.
1194 4721 1396 4762 comm.
1433 4707 1487 4760 2.

2009 4485 2153 4558 Deus
2199 4487 2480 4542 omnium:
2539 4505 2558 4538 ι
2591 4485 2818 4556 Respice
2877 4488 2931 4541 in
2985 4488 3224 4551 coelum,
3275 4496 3330 4542 et
3383 4488 3594 4542 intuere

2009 4578 2212 4642 stellas,
2245 4593 2375 4634 num
2420 4578 2624 4648 poteris
2652 4593 2746 4634 eas
2793 4593 3082 4634 numerare
3103 4589 3150 4632 ο.
3187 4597 3208 4632 ι
3266 4577 3330 4634 Et
3361 4579 3593 4651 subjun-

1589 4719 1612 4748 θ
1646 4707 1783 4764 Gen.
1815 4727 1907 4779 xv,
1953 4716 2006 4772 ὕ.

1222 4825 1454 4880 νΑιιιίΕ
1495 4821 1878 4887 LECTIONES
1906 4833 1998 4890 EX
2047 4833 2325 4892 CATENA
2363 4832 2715 4889 LIPSIENSI.

399 4949 418 4980 "
451 4946 573 5003 Cat.
594 4961 648 5016 p.
672 4945 797 5000 551.
823 4942 882 5020 δν
911 4941 1184 5020 ὑπέθηκεν
1207 4940 1265 5020 ἐν
1295 4942 1360 5010 τῇ
1393 4957 1516 5020 κεφ.
1583 4940 1838 5020 B‘Qttaist.
1869 4946 1909 5000 8.

2015 4956 2142 5001 icat.
2173 4963 2225 5015 p.
2261 4945 2365 5001 566
2399 4947 2618 5016 ponitur
2644 4953 2767 5016 post
2788 4961 2882 5017 qu.
2913 4945 3001 5002 86.
3072 4949 3093 4980 ³
3122 4946 3239 5003 Cat.
3275 4963 3329 5020 p.
3373 4947 3498 5004 566.
3537 4965 3586 5003 τ.

323 5037 493 5091 πατρ.
529 5009 1005 5090 μνηστευσάμενον
1039 5009 1191 5083 μίαν,
1221 5009 1571 5082 eumcena
1609 5012 1686 5066 δέ.
1722 5017 1816 5079 ’⁸ος
1847 5019 1938 5070 καὶ
1967 5009 2299 5088 παραυτίκα,
2330 5009 2435 5074 etc.

1845 5155 2070 5212 NOTAE.

403 5254 510 5325 (69)
537 5252 674 5308 Cod.
706 5260 762 5307 et
934 5247 1234 5325 γυναικῶν.

399 5318 508 5400 (ιο)
539 5326 752 5400 904-9}
777 5318 1232 5400 liis-8°6é6m3:
1339 5387 1378 5400 η
1425 5390 1436 5400 .
1495 5389 1524 5400 ..

398 5387 508 5469 (71)
537 5391 772 5462 Brulla.
799 5389 1011 5446 Nomen
1071 5390 1282 5444 ancillae
1339 5387 1582 5455 Rahelis,
1612 5403 1734 5460 quae
1765 5389 1902 5446 Gen.

325 5505 474 5557 nix,
505 5488 708 5544 dicitur

421 5553 507 5669 πε)
547 5553 937 5669 “rege,
976 5587 1110 5669 Cod.
1141 5597 1194 5642 et
1218 5586 1340 5669 me.
1367 5587 1626 5659 ἀνοήτως.

422 5657 506 5740 75)
543 5657 758 5724 Τέκνα.
787 5661 926 5719 Cod.
961 5667 1014 5715 et
1041 5658 1152 5715 Ptc.
1187 5657 1400 5713 παιδία.

2089 5251 2201 5322 (74)
2231 5251 2489 5332 Ξέλφας.
2509 5252 2658 5332 _Cod_.
2687 5251 3102 5332 665196;.mpic.
3136 5252 3365 5332 Δελφᾶς.
3393 5251 3589 5332 Minus

2013 5320 2191 5375 beueJ
2231 5320 2458 5378 Prmstat
2509 5324 2563 5378 h.
2622 5325 2659 5379 l.
2709 5320 2869 5380 lecti—0
2925 5320 3326 5377 Sirmomliana.
3379 5321 3588 5376 Ancilla

2011 5410 2154 5466 etiim
2201 5410 2348 5478 Leae,
2407 5430 2528 5484 qua:
2571 5416 2706 5470 Gen.
2752 5433 2878 5471 XXIX
2915 5401 3051 5500 ng‘gr
3083 5417 3302 5480 dicitur,
3348 5431 3377 5468 a
3425 5413 3585 5478 LXX,

2011 5516 2404 5639 izntfrpretibus
2459 5533 2720 5576 vocantur
2759 5497 2974 5592 Ζελφά.
3005 5497 3328 5592 ἰιιευιμιωιι
3373 5521 3587 5584 videtur

2056 5603 2079 5637 Ξ
2119 5603 2244 5639 ωας.

2056 5603 2244 5652 εΑφας.

2085 5655 2198 5726 (75)
2227 5659 2412 5717 Ταῦτα
2470 5659 2646 5717 Deest.
