4038 6214
475 318 576 382 799
1437 317 1932 379 THEODORE'I‘I
1999 319 2343 379 EPleDPl
2406 321 2653 381 CYREN
2662 320 2730 380 SI
2739 321 2779 379 S
3635 319 3733 384 800

470 430 561 483 dat
590 428 855 493 litteram,
891 428 1203 484 invenietur
1231 437 1287 485 et
1318 429 1407 484 ille
1449 438 1504 484 et
1524 430 1625 486 iste
1656 428 1914 485 Davidem
1954 443 2049 483 su-

2172 429 2451 498 ὶπέφηνεν.
2500 428 2624 482 Ἐἓιν
2649 428 2706 482 δέ
2737 445 2820 493 τις
2845 426 2988 498 ψιλῴ
3019 429 3261 499 προσέχῃ
3313 426 3393 499 τῷ
3423 428 3735 505 γράμματι,

470 534 720 589 perasse.
751 519 818 575 Et
841 521 908 576 de
934 521 1027 576 illo
1048 522 1193 577 enim
1217 530 1273 577 et
1305 522 1373 579 de
1408 523 1512 578 hoc
1541 523 1680 579 divit
1711 542 1724 578 :
1765 542 1784 576 ‹
1823 522 1884 577 Ei
1921 523 2068 579 simi-

474 612 542 668 lis
586 628 697 667 non
748 611 851 667 fuit
889 629 987 668 rex
1015 626 1139 669 ante
1171 614 1375 684 ipsum.
1415 632 1435 667 ι
1467 613 1575 669 Sed
1604 623 1690 671 est
1716 616 2066 687 perspicuum

475 712 620 780 quod
650 726 752 768 nec
781 712 1075 768 Ezechiam
1101 711 1290 767 Davidi
1319 712 1641 782 praetulerit,
1668 728 1844 784 neque
1862 710 2066 768 Josiam

481 803 714 860 Ezechia
739 815 792 861 et
823 807 1022 860 Davidc
1045 805 1482 876 pronuntiaverit
1505 820 1623 860 esse
1642 805 1946 869 meliorem,
1972 807 2067 862 sed

479 912 576 952 eos
594 914 716 951 cum
739 898 859 951 aliis
880 899 985 968 piis
1006 897 1319 952 contulerit.
1367 895 1570 966 Siquis
1588 906 1771 952 autem
1794 898 2071 953 existimet

478 991 801 1059 reprehendi
826 989 1137 1056 Ezechiam,
1159 989 1323 1058 utqui
1346 988 1507 1043 fuerit
1536 989 1717 1060 magni
1740 1000 1793 1045 et
1812 991 1936 1046 elati
1964 991 2072 1061 spi-

481 1082 645 1143 ritus,
686 1090 739 1135 et
762 1080 1182 1152 Babyloniorum
1208 1079 1399 1150 legatis
1437 1080 1727 1137 thesauros
1744 1083 2064 1150 ostenderit,

479 1171 869 1226 videbitetiam
884 1169 1089 1225 Josiam
1112 1186 1219 1225 non
1242 1186 1362 1226 esse
1378 1172 1610 1227 liberum
1635 1174 1704 1229 ab
1724 1175 1871 1228 omni
1895 1191 2073 1244 repre-

484 1266 760 1322 hcnsione.
786 1266 996 1322 Etenim
1016 1267 1235 1335 quando
1253 1265 1470 1321 Pharao
1484 1267 1704 1322 Nechao
1723 1267 1963 1337 suscepit
1977 1280 2072 1323 ex-

484 1359 815 1428 peditionem
856 1361 1121 1413 adversus
1149 1357 1436 1429 'Assyrios,
1476 1359 1685 1414 studuit
1723 1373 1881 1429 Opem
1928 1357 2070 1414 farre

484 1449 760 1521 Assyriis:
790 1448 950 1519 553
1001 1460 1053 1505 et
1102 1459 1162 1504 ut
1197 1450 1382 1505 docuit
1417 1450 1565 1505 libcr‘
1588 1449 2065 1518 Paralipomenon.

481 1540 618 1594 dixit
640 1540 689 1594 ei
712 1538 926 1595 Pharao
955 1560 967 1595 :
1019 1560 1039 1593 ι
1085 1542 1224 1608 Quid
1249 1542 1379 1597 mihi
1415 1553 1468 1597 et
1491 1543 1610 1609 tibi,
1632 1558 1726 1597 rex
1749 1541 1887 1597 Juda
1909 1543 1932 1596 ?
1952 1541 2067 1597 Non

2170 520 2528 593 εὑρεθήσεται
2562 523 2817 584 κάκεῖνος
2855 522 2949 575 καὶ
2978 514 3135 585 οὗτος
3163 522 3258 576 τοῦ
3301 520 3464 574 Δαϐὶδ
3493 522 3740 591 ὑπερκεί-

2173 629 2354 684 μενος.
2388 613 2500 666 Kal
2529 613 2659 683 περὶ
2706 612 2916 667 ἐκείνου
2946 613 3076 686 γὰρ,
3124 613 3220 667 καὶ
3245 613 3375 684 περὶ
3402 611 3597 666 τούτου
3644 614 3739 684 ἔφη

2169 704 2252 757 ὅτι
2291 721 2310 755 t
2344 703 2572 774 Ὅμοιος
2598 702 2746 774 αὐτῷ
2776 703 2876 757 οὐκ
2906 703 3124 773 ἐγένετο
3155 702 3410 774 βασιλεὺς
3441 704 3742 775 ἔμπροσθεν

2170 794 2360 851 αὐτοῦ.
2408 814 2426 848 ι
2494 794 2656 850 Ἀλλά
2702 795 2882 866 δῆλον,
2936 790 3013 860 ὡς
3042 796 3166 850 οὔτε
3207 797 3301 852 τὸν
3360 795 3610 861 Ἐζεκίαν
3656 796 3742 851 τοῦ

2169 889 2335 943 Δαϐὶδ
2361 889 2772 961 προύτέθεικεν,
2807 889 2931 943 οὔτε
2966 888 3060 943 τοῦ
3100 890 3349 955 Ἐζεκίου
3378 889 3470 944 τὸν
3518 889 3742 956 Ἰωσίαν,

2171 986 2265 1039 καὶ
2293 984 2386 1038 τοῦ
2417 984 2582 1038 Δαϐὶδ
2619 984 2868 1057 ἀπέφηνε
2895 984 3185 1057 κρείττονα
3205 1000 3219 1013 ο
3262 984 3399 1037 ἀλλά
3428 985 3542 1047 τοῖς
3574 983 3746 1048 ἄλλοις

2171 1075 2367 1139 αὐτοὺς
2419 1075 2669 1129 εὐσεϐέσι
2729 1074 3065 1146 συνέκρινεν.
3122 1073 3184 1127 El
3238 1073 3295 1126 δέ
3352 1091 3436 1136 τις
3489 1073 3745 1144 ύπεῦ.ηφε

2174 1168 2490 1239 μεμφθῆναι
2520 1167 2612 1221 τὸν
2660 1166 2935 1232 Ἐζεκίαν,
2961 1165 3035 1229 ὼς
3064 1166 3378 1237 φρονήματι
3407 1165 3744 1236 χρησάμενον

2171 1259 2383 1331 ὑψηλῷ,
2433 1262 2529 1314 καὶ
2581 1261 2694 1322 τοῖς
2744 1257 3090 1312 Βαϐυλωνίου
3133 1258 3177 1290 ⁸¹
3224 1256 3588 1328 πρεσϐευταῖς
3630 1258 3744 1319 τοὺς

2172 1353 2479 1424 θησαυροὺς
2516 1350 2871 1416 ύποδείξαντα
2906 1351 2976 1414 ⁸³,
3023 1349 3215 1421 ὄψεται
3266 1350 3362 1403 καὶ
3399 1348 3492 1402 τὸν
3547 1348 3745 1402 Ἰωσίαν

2170 1444 2230 1498 οὐ
2262 1445 2607 1498 παντάπασιν
2627 1442 2808 1506 αίτίας
2837 1440 3139 1514 ἐλεύθερον.
3183 1441 3377 1496 Ἡνίκα
3405 1440 3518 1512 γὰρ
3562 1439 3747 1513 Φαραῲ

2171 1534 2368 1606 Νεχαὼ
2404 1536 2545 1589 κατὰ
2575 1534 2685 1587 τῶν
2727 1532 3028 1605 ’Δσσυρίων
3071 1532 3503 1603 ἐστρατεύσατο,
3538 1533 3741 1585 ἐπικουο

2177 1627 2337 1698 ρῆσαι
2366 1626 2413 1659 ⁸³
2439 1628 2553 1689 τοῖς
2596 1626 2906 1698 Ἀσσυρίοις
2944 1623 3284 1680 ἐσπούδασε·
3335 1625 3435 1679 καὶ
3464 1627 3541 1690 ὡς
3580 1626 3613 1696 ἡ
3650 1624 3746 1678 τῶν

2172 1716 2676 1789 Παραλειπομένων
2697 1716 2901 1783 ἐδίδαξε
2932 1716 3134 1787 βίϐλος,
3161 1717 3265 1789 ἔφη
3303 1719 3443 1787 πρὸς
3469 1716 3627 1771 αὐτὸν
3651 1718 3745 1772 Φαο

2173 1809 2320 1882 patir
2360 1827 2378 1862 t
2420 1809 2486 1862 Τί
2535 1810 2659 1880 ἐμοὶ
2700 1809 2795 1863 καὶ
2841 1808 2947 1873 col,
2988 1808 3210 1880 βασιλεῦ
3254 1808 3464 1876 Ἰούδας
3511 1811 3622 1864 Οὐκ
3661 1810 3745 1862 ἐπὶ

2172 1903 2233 1956 σέ
2263 1902 2384 1974 ἥκω
2436 1902 2679 1973 σήμερον
2732 1900 2962 1971 ποιῆσαι
2996 1902 3258 1972 πόλεμον,
3309 1901 3432 1954 ἀλλ’
3478 1901 3511 1974 ἢ
3545 1901 3633 1955 ἐπὶ
3662 1902 3743 1954 τὸν

2172 1995 2335 2049 τόπον
2372 1995 2467 2049 τοῦ
2508 1995 2749 2064 πολέμου
2780 1994 2913 2065 (81),
2944 1995 3041 2048 καὶ
3074 1997 3102 2048 6
3135 1993 3270 2068 Θεὸς
3297 1990 3423 2047 εἷπε
3456 1993 3550 2048 τοῦ
3591 2011 3745 2048 κατα-

2174 2086 2411 2143 σπεῢσαί
2464 2105 2554 2158 με.
2605 2087 2845 2158 Πρόσεχε
2892 2086 2958 2141 σὺ
3005 2086 3115 2141 ἀπὸ
3158 2085 3255 2140 τοῦ
3305 2085 3444 2140 Θεοῦ
3491 2086 3583 2140 τοῦ
3636 2089 3742 2157 μετ’

2173 2181 2331 2255 ἐμοῦ,
2370 2181 2444 2253 μὴ
2473 2179 2815 2252 καταφθείρῃ
2849 2197 2930 2233 σε.
2975 2181 3087 2234 Kal
3123 2180 3224 2233 οὐκ
3258 2180 3604 2251 ἀπέστρεψεν
3645 2181 3743 2232 Ἰω-

2175 2276 2293 2338 σίας
2321 2275 2382 2329 τδ
2404 2275 2696 2345 πρόσωπον
2730 2273 2896 2328 αὐτοῦ
2919 2291 2933 2305 ’
2975 2273 3092 2328 ἀλλ’
3122 2273 3512 2346 ἐκραταιὼσθη
3539 2272 3628 2328 τοῦ
3658 2290 3743 2326 πο-

2174 2370 2362 2441 λεμεῖν
2407 2370 2599 2425 αὐτόν·
2633 2369 2728 2425 καὶ
2772 2370 2872 2425 οὐκ
2902 2372 3136 2443 ἤκουσεν
3175 2372 3388 2437 Ἰωσίας
3432 2373 3542 2426 τῶν
3586 2371 3743 2441 λόγων

2174 2462 2377 2534 Φαραὼ
2414 2461 2611 2533 Νεχαὼ
2653 2464 2719 2517 ἐκ
2766 2463 3035 2533 στόματος
3082 2464 3292 2536 Κυρίου
3318 2480 3333 2497 ο
3372 2464 3471 2518 καὶ
3497 2460 3621 2536 ἦλθε
3659 2461 3742 2517 τοῦ

2176 2555 2437 2627 πολεμεῖν
2478 2557 2535 2609 ἐν
2580 2555 2657 2626 τῷ
2704 2556 2872 2627 πεδίῳ
2921 2556 3208 2625 Μαγεδδώ.
3257 2557 3369 2612 Kal
3397 2558 3674 2625 ἐτόξευσαν
3700 2558 3742 2609 el

2176 2647 2391 2713 τοξόται
2421 2647 2621 2719 Φαραὼ
2652 2646 2747 2700 ἐπὶ
2786 2650 2877 2701 τὸν
2905 2649 3132 2720 βασιλέα
3165 2649 3402 2705 Ἰωσίαν.
3454 2650 3560 2703 Kal
3603 2642 3741 2701 εἶπεν

2177 2741 2206 2793 6
2254 2740 2507 2810 βασιλεὺς
2535 2742 2647 2804 τοῖς
2693 2742 2884 2795 παισὶν
2922 2741 3111 2809 αὑτοῦ,
3164 2742 3501 2812 Ἐξαγάγετέ
3541 2760 3624 2813 με,
3668 2742 3740 2794 ὅτι

2178 2831 2414 2883 ἐπόνεσα
2445 2829 2673 2900 σφόδρα.
2712 2849 2729 2882 t
2776 2831 2834 2883 ὐ
2863 2831 2919 2883 δὲ
2954 2832 3187 2901 Ἔσδρας
3219 2830 3366 2886 οὕτω
3396 2832 3562 2902 φησί’
3597 2852 3615 2884 ι
3647 2829 3742 2884 Καὶ

483 1634 547 1688 ad
575 1643 624 1688 te.
651 1634 807 1689 venio
830 1635 993 1689 hodie
1021 1635 1089 1690 ad
1118 1636 1319 1690 bellum
1343 1637 1667 1707 gerendum,
1686 1638 1778 1693 sed
1801 1637 1865 1691 ad
1892 1637 2067 1692 locum

482 1727 634 1794 belli,
667 1738 721 1783 et
756 1727 902 1784 Deus
930 1727 1069 1783 dixit
1120 1738 1177 1782 ut
1207 1727 1547 1784 festinarent.
1581 1727 1727 1784 Cave
1757 1729 1855 1784 tibi
1883 1746 1911 1783 a
1961 1727 2069 1783 Deo

482 1821 575 1889 qui
603 1829 691 1875 est
717 1835 960 1887 mecum,
993 1833 1058 1874 ne
1094 1831 1142 1875 te
1174 1821 1389 1891 perdat.
1419 1819 1484 1873 Et
1524 1836 1631 1875 non
1664 1824 1862 1876 avertit
1888 1819 2068 1878 Josias

482 1911 681 1967 faciem
717 1927 873 1967 suam
920 1913 989 1967 ab
1015 1928 1103 1978 eo,
1136 1914 1232 1969 sed
1270 1911 1617 1968 confortatus
1643 1922 1727 1967 est
1787 1913 1852 1967 ad
1894 1913 2072 1983 impu-

484 2001 763 2071 gnandum
800 2001 975 2068 illum,
998 2009 1053 2056 et
1087 2016 1193 2056 non
1230 2002 1436 2057 audivit
1484 1999 1662 2055 Josias
1691 2003 1709 2024 '
1761 2015 2067 2056 sermonem

483 2093 796 2148 Pharaonis
826 2092 1051 2148 Nechao
1082 2108 1149 2148 ex
1173 2108 1266 2149 ore
1302 2092 1517 2148 Domini
1550 2109 1565 2146 :
1601 2101 1657 2147 et
1688 2095 1838 2147 venit
1869 2093 1934 2147 ad
1959 2093 2072 2148 hel-

488 2183 707 2237 landum
740 2184 796 2239 in
838 2200 1033 2256 eampo
1060 2183 1347 2257 Mageddo.
1376 2186 1445 2240 Et
1468 2184 1691 2254 iaculati
1739 2196 1869 2241 sunt
1901 2186 2072 2255 sagit-

490 2277 620 2331 tarii
650 2276 951 2332 Pharaonis
975 2278 1242 2333 adversus
1289 2293 1473 2349 regem
1522 2276 1750 2334 Josiam.
1809 2276 1875 2334 Et
1932 2280 2075 2335 dixit

489 2383 581 2423 rex
610 2372 795 2439 pueris
813 2370 929 2426 suis
954 2369 1217 2425 :Educite
1243 2386 1350 2435 me,
1368 2370 1622 2441 quoniam
1635 2371 1788 2429 valde
1803 2381 2058 2446 aegroto“.
2073 2394 2091 2426 ι

493 2462 700 2517 Esdras
731 2471 913 2516 autem
973 2463 1055 2518 sic
1081 2463 1250 2518 dicit:
1287 2481 1306 2514 ‹
1351 2461 1418 2517 Ει
1450 2462 1604 2517 misit
1630 2479 1724 2518 rex
1750 2451 1971 2535 Egypti
2007 2464 2073 2518 ad

489 2549 713 2613 Josiam,
750 2550 976 2606 dicens:
1012 2552 1152 2618 Quid
1184 2552 1314 2605 mihi
1346 2560 1400 2607 et
1434 2551 1659 2618 tibi,rex
1693 2550 1931 2607 Judaaae?
1953 2552 2074 2609 Non

489 2641 555 2696 ad
593 2652 644 2696 te
689 2642 891 2697 missus
923 2657 1045 2697 sum
1078 2659 1107 2697 a
1143 2644 1375 2698 Domino
1412 2642 1525 2698 Deo
1557 2653 1672 2699 tuo.
1709 2644 1788 2699 Ad
1824 2644 2075 2716 Euphra-

490 2744 596 2788 tem
626 2734 773 2789 enim
811 2751 956 2791 nunc
986 2736 1119 2791 mihi
1154 2748 1237 2792 est
1269 2738 1469 2792 bellum
1499 2755 1515 2792 :
1543 2749 1598 2793 et
1632 2753 1781 2793 nune
1806 2736 2075 2796 Dominus

486 2835 573 2883 est
605 2828 958 2898 mecum'qui
1012 2837 1187 2897 urget.
1242 2827 1476 2896 Recede,
1542 2839 1598 2885 et
1633 2829 1744 2885 noli
1795 2830 2075 2886 adversari

489 2919 747 2976 Domino.
781 2921 844 2975 Et
877 2938 987 2977 nou
1037 2938 1293 2978 reversus
1323 2931 1410 2979 est
1465 2921 1651 2980 Josias
1718 2924 1787 2979 ad
1849 2939 2071 2980 currum

2177 2921 2515 2992 διεπέμψατο
2552 2923 2581 2975 6
2620 2920 2877 2993 βασιλεὺς
2917 2922 3198 2991 Αἰγύπτου
3242 2923 3384 2995 πρὸς
3412 2923 3638 2986 Ἰωσίαν,
3664 2920 3740 2974 λέ-

488 3027 678 3069 suum:
704 3014 799 3068 sed
828 3029 1122 3083 aggressus
1150 3022 1235 3069 est
1267 3024 1459 3068 contra
1481 3018 1608 3070 eu’m
1639 3014 1843 3070 bellum
1862 3031 2071 3087 gerere,

2179 3031 2316 3084 γων,
2345 3014 2411 3067 Τί
2447 3015 2572 3085 ἐμοὶ
2602 3017 2696 3068 καὶ
2729 3013 2835 3077 σοὶ,
2875 3012 3097 3084 βασιλεῦ
3146 3013 3248 3083 τῆς
3295 3014 3589 3081 Ἰουδαίας;
3625 3011 3738 3082 Οὐχὶ

489 3117 599 3157 non
629 3105 915 3159 attendens
964 3105 1171 3160 dictum
1219 3104 1470 3160 Jeremiae
1527 3108 1804 3175 propheta:
1857 3122 1926 3162 ex
1978 3122 2071 3162 ore

2179 3107 2318 3179 πρὸς
2355 3108 2415 3160 σὲ
2462 3105 2876 3177 ἐξαπέσταλμαι
2908 3105 3014 3158 ὑπὸ
3052 3106 3263 3177 Κυρίου
3298 3105 3397 3160 τοῦ
3442 3106 3592 3160 Θεοῦ.
3630 3102 3739 3158 Ἐπὶ

2104 1777 2141 1832 Β

491 3191 726 3259 Domini,
767 3195 863 3251 sed
902 3197 1166 3252 adversus
1220 3195 1400 3262 ipsum
1465 3196 1710 3252 conﬂixit
1773 3199 1961 3269 proelio
2018 3199 2073 3254 in

493 3300 689 3355 eampo
710 3304 836 3344 cum
875 3289 1087 3358 iniquo.
1131 3304 1150 3336 ι
1222 3286 1341 3345 Non
1373 3305 1502 3361 ergo
1527 3304 1622 3347 eos
1642 3291 1797 3346 inter
1824 3306 1883 3347 se
1921 3307 2076 3347 com-

489 3389 664 3449 parat,
702 3396 876 3449 neque
914 3383 1144 3436 alterum
1182 3382 1340 3437 alteri
1393 3383 1723 3451 anteponit;
1793 3383 1866 3437 ita
1927 3384 2071 3439 enim

487 3472 694 3527 sentire
722 3482 807 3527 est
830 3483 1093 3528 extremae
1126 3474 1389 3529 amentiae
1430 3491 1446 3528 :
1480 3474 1574 3529 sed
1618 3489 1712 3530 eos
1737 3475 2076 3545 comparavit

487 3578 611 3617 cum
647 3565 769 3620 aliis
797 3567 1036 3636 regibus.
1075 3567 1147 3621 De
1167 3564 1458 3623 Joaehimo
1487 3576 1691 3635 autem,
1720 3577 1774 3623 et
1802 3566 2071 3634 Joacimo,

486 3665 542 3711 et
577 3654 863 3721 Jecbonia,
900 3666 953 3712 et
986 3658 1235 3722 Sedccia,
1267 3658 1446 3716 fusius
1481 3661 1700 3733 scripsit
1733 3662 1952 3717 divinus
1979 3659 2068 3716 Jeo

487 3749 713 3809 remias.
749 3747 906 3802 Illum
949 3761 1131 3805 autem
1164 3751 1366 3806 librum
1410 3768 1508 3822 per
1538 3753 1779 3809 divinam
1839 3754 2073 3827 gratiam

491 3851 664 3895 totum
705 3840 1047 3910 interpretati
1078 3858 1291 3898 sumus.
1348 3842 1827 3913 Supervacaneum
1889 3845 2075 3914 itaque

488 3932 748 3989 existimo
787 3934 1010 3990 eosdem
1042 3940 1324 3991 sehuones
1351 3936 1438 3992 bis
1491 3938 1789 3994 revolvere.
1851 3936 2075 3995 Joachi-

490 4042 638 4081 mum
666 4035 871 4094 autem,
901 4027 1074 4082 lilium
1127 4026 1359 4093 Joacim,
1407 4030 1624 4087 divinus
1657 4030 1926 4088 Jeremias
1985 4048 2077 4098 ap-

488 4117 654 4188 pellat
700 4117 1059 4175 Jechoniam:
1095 4119 1257 4194 554
1285 4122 1421 4177 liber
1477 4136 1662 4179 autem
1698 4126 2075 4196 Paralipome-

488 4227 603 4266 non
632 4209 1002 4269 Joachimum.
1037 4214 1173 4269 Eum
1208 4215 1384 4271 Evilat
1432 4216 1726 4274 Merodach
1758 4234 1789 4274 e
1847 4235 2073 4276 carcere

488 4304 777 4360 liberatum
831 4308 1116 4363 convivam
1159 4308 1346 4364 habuit
1378 4319 1433 4365 et
1467 4310 1909 4367 commensalem.
1933 4309 2073 4367 Nam

483 4398 577 4470 qui
607 4399 841 4470 percutit
871 4411 925 4453 et
957 4410 1135 4468 sanat,
1163 4417 1288 4457 cum
1337 4417 1461 4457 eum
1518 4404 1833 4460 tradidisset
1899 4405 2071 4461 hosti—

484 4490 610 4553 bus,
652 4490 908 4561 dignatus
938 4501 1022 4547 est
1047 4508 1169 4547 eum
1198 4508 1395 4549 rursus
1430 4494 1686 4550 liberare.

2179 3198 2290 3269 γὰρ
2322 3197 2418 3252 τοῦ
2464 3197 2751 3268 Εὐφράτου
2782 3198 2810 3250 6
2851 3196 3089 3267 πόλεμός
3138 3199 3228 3268 μοί
3272 3199 3394 3252 ἐστι
3426 3199 3494 3255 ⁸⁸.
3532 3197 3633 3253 Kal
3658 3196 3740 3250 νῦν

2178 3293 2387 3367 Κύριος
2437 3293 2555 3363 μετ’
2596 3291 2734 3363 ἐμοῦ
2770 3290 3111 3346 ἐπισπεύδων
3159 3293 3307 3345 ἐστίν
3342 3294 3426 3326 ⁸⁵⁸
3469 3291 3737 3361 ἀπόστηϐι,

2177 3386 2274 3440 xal
2310 3384 2388 3458 μὴ
2435 3384 2680 3439 ἐναντιοῦ
2727 3382 2805 3455 τῷ
2854 3384 3064 3455 Κυρίῳ.
3121 3386 3230 3438 Kal
3272 3385 3375 3438 οὐκ
3426 3381 3738 3452 ἀπέστρεψεν

2180 3478 2374 3532 ἐαυτὸν
2401 3477 2616 3541 Ἰωσίας
2645 3477 2740 3530 ἐπὶ
2785 3476 2848 3530 τδ
2894 3476 3052 3549 ἆρμα
3092 3475 3290 3530 αὑτοῦ·
3330 3478 3467 3532 ἀλλά
3507 3476 3737 3548 πολεμεῖν

2179 3568 2341 3625 αὐτὸν
2371 3568 2648 3640 ἐπεχείρει
2674 3567 2742 3630 ⁸⁸,
2774 3567 2837 3620 ού
2878 3567 3162 3638 προσέχων
3209 3568 3451 3639 ῥήμασιν
3499 3565 3736 3639 Ἰερεμίου

2176 3658 2271 3714 τοῦ
2302 3659 2587 3731 προφήτου
2614 3659 2681 3713 ἐκ
2716 3658 2986 3730 στόματος
3033 3659 3241 3731 Κυρίου
3265 3677 3279 3691 ο
3321 3660 3461 3715 ἀλλὰ
3505 3657 3736 3727 συνεστή-

2179 3769 2311 3806 σατο
2334 3751 2469 3823 πρὸς
2500 3750 2667 3805 αὐτὸν
2688 3736 2923 3821 πόλεμον
2944 3751 3002 3803 ἐν
3031 3750 3108 3820 τῷ
3133 3750 3303 3822 πεδίῳ
3328 3751 3468 3823 μετά
3495 3750 3683 3806 ἀδίκου.
3714 3764 3730 3796 ι

2178 3832 2254 3899 Οὐ
2287 3844 2469 3899 τοίνυν
2502 3843 2698 3906 αὐτοὺς
2729 3842 2982 3915 ἀλλήλοις
3013 3843 3319 3915 συγκρίνει,
3362 3843 3483 3898 ούδέ
3514 3840 3735 3913 ἀλλήλων

2179 3935 2527 4009 ὑπερτίθησι.
2563 3936 2636 3989 Τὸ
2668 3936 2776 4006 γὰρ
2821 3935 2965 3989 οὕτω
3003 3938 3146 3989 νοεῖν
3189 3935 3378 4000 ἀνοίας
3421 3936 3564 3990 ἐστὶν
3594 3931 3735 4002 ἐσχά-

2175 4047 2275 4099 της
2295 4045 2309 4059 '
2345 4027 2483 4082 ἀλλά
2507 4029 2620 4090 τοῖς
2643 4027 2825 4091 ἄλλοις
2855 4026 3053 4090 αὐτοὺς
3078 4025 3426 4098 παρεξὴτασε
3456 4023 3734 4097 βασιλεῦσι.

2177 4124 2256 4178 Ta
2286 4122 2342 4176 δὲ
2393 4119 2537 4175 κατά
2582 4121 2677 4175 τὸν
2720 4120 2966 4191 Ἰωαχὶμ,
3000 4120 3095 4174 καὶ
3132 4119 3414 4191 Ἰωακεὶμ,
3452 4119 3543 4175 καὶ
3594 4119 3735 4186 Ἰεχο-

2175 4216 2296 4271 νίαν
2324 4215 2394 4283 ⁸³,
2425 4214 2519 4269 καὶ
2553 4214 2831 4279 Σεδεκίαν,
2868 4213 3207 4285 πλατύτερον
3240 4216 3268 4268 6
3302 4214 3448 4277 θεῖος
3489 4209 3733 4282 Ἱερεμίας

2177 4307 2507 4381 συνέγραψε.
2557 4306 2838 4378 Κάκείνην
2881 4306 3063 4378 δὲτὴν
3106 4305 3292 4377 βίϐλον
3335 4306 3423 4360 διά
3462 4306 3556 4377 τῆς
3601 4300 3732 4360 Θείας

2176 4399 2400 4471 χάριτος
2471 4398 2655 4451 πᾶσαν
2716 4395 3170 4468 ἡρμηνεύσαμεν.
3235 4397 3511 4467 Παρέλκον
3573 4390 3727 4446 τοίνυν

2098 4484 2143 4537 Ι)
2174 4489 2546 4562 ὑπολαμϐάνω
2577 4488 2660 4553 δίς
2703 4488 2831 4551 τοὺς
2874 4489 3074 4551 αὐτοὺς
3121 4487 3419 4541 ἀνελίττειν
3459 4486 3504 4519 ⁸⁸
3541 4484 3723 4550 λόγουςο

484 4585 588 4640 Τὸν
627 4586 686 4639 δὲ
726 4584 975 4657 Ἰωαχὶμ,
1002 4587 1094 4641 τὸν
1126 4588 1221 4641 τοῦ
1265 4590 1525 4661 Ἰωακεὶμ
1553 4591 1691 4656 υἱὸν,
1754 4592 1783 4644 6
1846 4589 1989 4654 θεῖος
2064 4589 2337 4661 Ἱερεμίας
2377 4584 2637 4657 Ἰεχονίαν
2707 4585 2902 4639 καλεῖ·
2952 4585 2984 4653 ἡ
3024 4584 3079 4636 δὲ
3115 4583 3226 4638 τῶν
3259 4577 3724 4655 Παραλειπομένων

492 4677 672 4770 βίϐλος
715 4679 993 4754 Ἰωακείμ.
1047 4680 1246 4736 Τοῦτον
1298 4681 1327 4734 6
1382 4682 1580 4736 Εύῖλὰτ
1631 4683 1906 4755 Μερωδὲχ
1957 4683 2056 4754 τῆς
2096 4683 2325 4753 εἱρκτῆς
2393 4677 2735 4742 ἀπαλλάξας,
2808 4676 3118 4748 ὁμοδίαιτον
3161 4672 3275 4748 εἶχε
3314 4676 3407 4731 καὶ
3446 4665 3717 4745 ὁμοτράπε-

487 4770 601 4835 ζον.
626 4773 708 4833 .‘0
750 4774 970 4830 τύπτων
996 4774 1105 4848 γὰρ
1133 4775 1228 4831 καὶ
1260 4775 1489 4848 ἰώμενος
1515 4780 1627 4843 τοῖς
1657 4779 1935 4851 πολεμίοις
1964 4776 2300 4844 ἐκδεδωκὼς,
2343 4775 2506 4830 πάλιν
2536 4774 2698 4829 αὐτὸν
2731 4772 3049 4846 ἐλευθερίας
3073 4771 3329 4843 ἡξίωσεν.

556 4948 582 4977 ιι
616 4937 658 4991 ιι
696 4936 875 4994 Paral.
916 4955 1081 5009 xxxv,
1111 4939 1291 5000 2-1-25.

1362 5084 1597 5141 VARl/E
1637 5083 2024 5142 LECTIONES
2063 5082 2155 5138 EX
2189 5081 2466 5139 (IATENA
2506 5078 2866 5136 LlPSlENSI.

558 5251 603 5284 ⁸⁸
635 5260 744 5307 cat.
801 5259 857 5308 et
900 5252 1025 5308 cod.
1060 5271 1095 5306 a
1129 5267 1186 5322 ι).
1233 5250 1340 5306 942
1374 5250 1468 5304 τοῦ
1512 5249 1882 5322 Βαϐυλωνίου.

489 5323 535 5358 ⁸*
556 5323 677 5407 cod.
698 5340 740 5407 α
766 5321 1005 5407 πρλεμρς
1033 5321 1146 5407 μού
1174 5323 1343 5407 ἐστινἒ

487 5392 747 5463 πολεμεῖν
774 5392 943 5463 αὐτῷᾲ
958 5392 1235 5463 ἐπεχειρε.

486 5460 537 5497 ⁸⁸
565 5460 691 5521 cdd.
766 5480 802 5517 α
834 5460 1099 5528 ἀνἐλίξαιζ

1982 5248 2027 5280 ⁸³
2062 5247 2183 5302 cod.
2237 5265 2272 5301 a
2313 5247 2682 5312 ἐπιδείξαντα.

1448 5322 1493 5353 ⁸⁵
1521 5321 1641 5375 cod.
1672 5337 1708 5375 α
1738 5320 1945 5389 Κύριος
1979 5318 2095 5389 μετ’
2126 5316 2262 5387 ἐμοῦ
2291 5320 2461 5383 ἐστιν,
2495 5318 2590 5372 καὶ

1330 5390 1377 5422 ⁸⁷
1403 5391 1527 5447 cod.
1560 5409 1594 5445 a
1619 5392 1689 5446 τὰ
1716 5390 1773 5445 δὲ
1801 5378 1941 5444 imi
1974 5378 2067 5442 τὸν
2113 5378 2343 5458 Ἰὼάχαζ
2390 5378 2487 5444 καὶ
2516 5378 2781 5459 Ἰωακεὶμ
2813 5378 2911 5442 καὶ
2936 5386 3168 5457 Ἰωαχὶμ
3208 5384 3301 5439 καὶ
3333 5378 3587 5451 Ἰεχονίαν
3626 5378 3729 5430 etC.

2795 5246 2842 5279 ⁸³
2880 5254 2990 5302 cat.
3040 5243 3406 5316 ἐστράτευσεν
3450 5235 3544 5316 καὶ
3584 5234 3721 5316 ἐξιτικἶ

2636 5301 2756 5388 μετ’
2787 5301 2945 5388 ἐμοῦ-
2966 5301 3161 5388 ἐπιστεό
3192 5313 3371 5388 “ﬁt:
3467 5309 3515 5388 ’ἵ
3540 5301 3724 5388 “dx.”

2005 5615 2049 5669 Ν
2055 5614 2234 5672 ΟΤᾹΞ.

562 5753 676 5822 κει)
714 5750 881 5807 Ἀλλ’
910 5753 947 5812 ἣ
988 5783 1058 5800 -
1085 5755 1372 5826 πολέμου.
1422 5756 1543 5815 lltcc
1574 5767 1780 5814 tantum
1828 5757 1880 5813 in
1925 5756 2054 5814 edit.

2172 5718 2297 5813 laet
2330 5754 2605 5827 Complut.
2641 5754 2938 5812 adduntur.
