4038 6214
321 303 413 366 8c]
557 259 564 265 ’
1352 296 1640 370 ουίεδτ.
1679 296 1760 357 IN
1804 295 1828 355 ι
1873 296 1896 355 1

1999 295 2142 356 ML.
2182 295 2341 356 CAP.
2387 294 2580 357 ιιι-ν.

1462 608 1637 695 ΕΙΣ
1691 608 1923 696 ΤΗΝ
1970 605 2432 694 ΠΡΩΤΗΝ

929 799 1272 930 ΤΩΝ
1349 791 2971 1000 ΠΑΡΑΑΕΙΠΟΜΕΝΩΝ.

735 1272 894 1399 IN
969 1273 1578 1402 LIBRUM
1657 1275 1708 1397 l
1773 1268 3167 1402 PARALIPOMENON.

384 1717 496 1787 Τῆς
539 1715 726 1787 βίδλου
764 1715 874 1769 τῶν
909 1715 1408 1788 Παραλειπομένων
1441 1719 1540 1789 τὴν
1566 1719 1820 1774 ὑπόθεσιν
1865 1723 1896 1794 ἡ

2074 1722 2475 1795 Argumentum
2509 1725 2632 1782 libri
2664 1724 3122 1795 Paralipomenon
3156 1725 3397 1782 declarat
3461 1727 3580 1798 ipsa

312 1810 664 1882 προσηγορία.
705 1807 876 1879 δηλοῖ.
908 1809 1050 1863 Ὅσα
1081 1810 1190 1880 γὰρ
1222 1809 1523 1880 παρέλιπεν
1551 1813 1578 1864 6
1603 1811 1705 1876 τὰς
1733 1815 1897 1868 Βασι-

312 1899 462 1964 λείας
495 1898 920 1970 συγγεγραφὼς,
969 1899 1143 1954 ταῦτα
1179 1903 1522 1956 συντέθεικεν
1556 1903 1586 1956 6
1621 1905 1770 1958 τόνδε
1801 1905 1896 1961 τὸν

312 1991 476 2046 πόνον
525 1991 944 2062 ἀναδεξάμενος,
991 1991 1058 2045 ὲκ
1105 1993 1316 2046 πολλῶν
1360 1992 1500 2048 αὐτὰ
1541 1996 1895 2066 προφητικῶν

314 2083 538 2154 βισλίων
574 2086 592 2116 ³
627 2085 971 2152 συναγαγών.
1013 2083 1195 2139 Πολλὰ
1221 2085 1279 2140 δὲ
1309 2086 1405 2140 καὶ
1431 2086 1540 2142 τῶν
1563 2088 1680 2141 ἐκεῖ
1699 2105 1897 2158 συγγε-

311 2175 652 2249 γραμμένων
685 2177 706 2209 ²
745 2176 958 2240 τούτοις
1010 2177 1375 2248 συνήρμοσεν,
1418 2179 1504 2234 ἵνα
1545 2180 1754 2253 φυλάξῃ
1795 2183 1896 2254 τῆς

313 2270 562 2342 ἱστορίας
595 2269 694 2341 τὴν
725 2271 994 2342 ἁρμονίαν
1019 2287 1034 2302 ο
1071 2271 1314 2326 Ἀνωθεν
1349 2273 1407 2326 δὲ
1432 2273 1540 2326 ἀπὸ
1565 2273 1663 2345 τῆς
1701 2291 1897 2344 γενεα-

310 2362 501 2430 λογίας
535 2361 763 2434 ἧρξατο,
797 2362 886 2416 ἵνα
915 2363 1066 2434 δείξῃ
1107 2364 1408 2434 συντόμως,
1447 2365 1522 2430 ὡς
1564 2365 1625 2431 ἐξ
1653 2367 1772 2431 ἑνὸς
1800 2369 1896 2422 ἀν-

313 2453 536 2524 θρώπου
577 2454 754 2508 πάντα
783 2455 854 2508 τὰ
883 2454 1028 2524 φῦλα
1055 2455 1167 2510 τῶν
1193 2456 1496 2526 ἀνθρώπων
1537 2457 1894 2528 ἒδλάστησεν.

313 2545 534 2616 Ἐπειδὴ
555 2529 614 2600 δὲ
641 2545 810 2623 μόνης
839 2547 938 2617 τῆς
964 2547 1136 2602 Ἰούδα
1161 2547 1440 2618 βασιλείας
1469 2550 1734 2618 ποιεῖτὴν
1763 2549 1898 2620 μνή-

317 2654 448 2707 μην,
488 2637 730 2692 διδάσκει
777 2638 921 2702 τίνες
969 2640 1024 2692 αἱ
1065 2639 1270 2694 τούτων
1308 2641 1494 2705 πόλεις
1539 2641 1636 2696 καὶ
1682 2641 1891 2711 κῶμαι,

313 2727 410 2780 καὶ
435 2729 501 2780 ὲκ
523 2728 686 2782 τίνων
711 2727 810 2791 τὰς
836 2727 1212 2801 προσηγορίας
1239 2733 1560 2804 ἐσχήκασιν.
1615 2733 1896 2788 Ἐντεῦθεν

316 2815 667 2886 μανθάνομεν
695 2817 770 2881 ὡς
803 2817 1018 2886 Νάθαν,
1038 2819 1098 2885 εξ
1119 2814 1178 2874 οὗ
1208 2821 1298 2876 τὸν
1322 2821 1552 2893 Σωτῆρα
1574 2821 1670 2876 καὶ
1691 2823 1896 2894 Κύριον

314 2905 473 2976 ἡμῶν
518 2907 948 2980 ὲγενεαλὸγησεν
989 2910 1018 2963 6
1079 2913 1300 2976 Λουκᾶς
1350 2914 1379 2968 6
1434 2913 1756 2986 θαυμάσιος,
1801 2917 1896 2970 καὶ

315 2997 409 3051 τοῦ
440 2999 608 3052 sum
645 2995 713 3071 ἦν
755 3001 892 3066 υίὸς,
925 3003 1020 3056 καὶ
1055 3004 1148 3057 τοῦ
1174 3005 1524 3076 Σολομῶντος
1560 3008 1895 3080 ὁμομήτριος

2000 1817 2310 1886 appellatio.
2347 1814 2482 1882 Qum
2510 1817 2655 1872 enim
2689 1816 3039 1886 praetenuis-it
3087 1819 3180 1888 qui
3239 1819 3460 1890 scripsit
3513 1820 3582 1876 li-

2003 1909 2140 1966 bros
2169 1910 2506 1981 Regnorum,
2539 1924 2602 1964 ea
2628 1908 2924 1979 congessit,
2961 1909 3058 1980 qui
3117 1910 3262 1965 hunc
3335 1911 3578 1967 laborem

1997 2003 2258 2072 suscepit,
2291 2002 2521 2058 collecta
2543 2016 2610 2056 ex
2633 1999 2827 2056 multis
2852 2000 3006 2056 libris
3029 2001 3384 2070 propheticis.
3414 2001 3580 2058 Multa

1999 2099 2181 2146 autem
2213 2093 2378 2148 etiam
2410 2108 2476 2148 ex
2507 2091 2574 2148 iis
2607 2105 2727 2163 quae
2759 2090 2836 2146 ibi
2868 2091 3072 2162 scripta
3130 2101 3286 2161 sunt,
3349 2091 3579 2160 addidit,

1999 2190 2056 2236 ut
2083 2191 2328 2238 servaret
2375 2181 2622 2239 historiae
2661 2189 3013 2238 concentum.
3040 2181 3200 2239 Alius
3255 2190 3435 2238 autem
3491 2185 3580 2240 in-

1997 2273 2141 2345 cepit
2172 2275 2568 2346 genealogiam,
2599 2282 2663 2330 ut
2693 2275 3018 2345 compendio
3047 2275 3392 2342 ostenderet,
3431 2280 3579 2348 quod

1993 2382 2062 2424 ex
2092 2383 2200 2422 uno
2228 2369 2454 2424 homine
2503 2369 2864 2438 germinarint
2907 2367 3094 2424 omnia
3149 2383 3348 2438 genera
3397 2367 3584 2424 homi-

1997 2475 2150 2516 num.
2180 2458 2451 2526 Quouiam
2483 2469 2666 2516 autem
2714 2459 2846 2517 facit
2873 2459 3210 2516 mentionem
3269 2461 3442 2519 solius
3499 2477 3582 2518 re-

1997 2553 2089 2623 gni
2122 2551 2296 2619 Judzr,
2337 2554 2499 2609 docet
2531 2569 2784 2624 quaenam
2817 2553 3137 2610 sinteorum
3170 2553 3334 2610 urbes
3372 2562 3428 2610 et
3455 2557 3578 2626 pagi

1997 2654 2052 2700 et
2083 2659 2112 2698 a
2144 2645 2343 2714 quibus
2393 2661 2492 2701 sua
2529 2646 2822 2702 habuerint
2842 2646 3089 2702 nomina.
3122 2643 3262 2700 Hinc
3314 2645 3582 2702 discimus

1997 2735 2326 2805 Nathauem,
2359 2753 2387 2791 a
2416 2752 2526 2808 quo
2552 2737 2768 2793 divinus
2813 2735 2992 2794 Lucas
3045 2737 3272 2794 deduxit
3325 2739 3580 2811 genealo-

1997 2835 2142 2904 giam
2177 2833 2488 2891 Servatoris
2510 2844 2565 2890 et
2606 2833 2822 2890 Domini
2858 2834 3053 2901 nostri,
3079 2844 3134 2890 et
3159 2835 3380 2892 Davidis
3409 2834 3579 2893 fuisse

1999 2927 2194 2994 ﬁlium,
2227 2937 2284 2985 et
2322 2928 2632 2986 Salomonis
2658 2928 2880 2984 fratrem
2914 2930 3188 2986 uterinum
3220 2947 3235 2986 :
3287 2947 3309 2984 ι
3345 2928 3458 2994 isti,
3491 2936 3570 2986 iu-

1998 3021 2140 3090 qttit,
2167 3021 2281 3076 nati
2311 3029 2442 3077 sunt
2477 3019 2668 3076 Davidi
2703 3020 2759 3076 in
2809 3018 3210 3093 Hierosolyma,
3269 3022 3492 3090 Samaa,
3525 3031 3577 3078 et

311 3088 564 3158 ἁδελφός.
600 3109 618 3142 ι
646 3084 804 3144 Οὗτοι
834 3093 964 3164 γὰρ,
1001 3094 1158 3165 φησὶ,
1185 3095 1262 3166 τῷ
1290 3095 1456 3151 Δασὶδ
1481 3097 1782 3170 ἐτέχθησαν
1825 3101 1886 3154 ὲν

2002 3084 2204 3176 έοὺοι),
2245 3110 2559 3176 etNathan,
2612 3121 2667 3169 et
2715 3111 3001 3178 Salomon,
3050 3084 3144 3168 lilii
3171 3084 3406 3184 quatuor
3446 3084 3564 3172 fier-

326 3179 707 3250 Ἰερουσαλὴμ,
737 3181 936 3250 Σαμαὸι
975 3183 1018 3249 ³,
1050 3185 1145 3236 καὶ
1180 3184 1400 3250 ἃνὸὰὸ,
1429 3186 1523 3240 καὶ
1561 3187 1775 3256 Νάθαν,
1801 3190 1897 3246 καὶ

314 3267 590 3338 Σολομὼν,
636 3271 659 3300 ⁸
702 3270 811 3322 υἱοὶ
853 3270 1120 3342 τέσσαρες
1163 3273 1262 3344 τῆς
1303 3273 1588 3344 Βηρσαὸεὲ
1628 3275 1898 3349 θυγατρὸς

329 3356 465 3409 Ἦλᾶ
484 3357 528 3411 ³.
573 3375 593 3408 ι
645 3359 756 3410 Καὶ
799 3357 893 3410 τὸν
947 3359 1154 3430 Ῥηχὰϐ
1211 3362 1268 3416 δὲ
1292 3405 1308 3430 ,
1336 3363 1430 3418 τὸν
1474 3363 1745 3437 πολλαχοῦ
1799 3369 1896 3440 τῆς

315 3449 542 3522 ι’ραςρῆς
604 3451 998 3522 ἐπαινούμενον
1026 3493 1042 3519 ,
1099 3453 1238 3527 αὕτη
1292 3457 1571 3513 δείκνυσιν
1623 3461 1658 3532 ἡ
1711 3460 1895 3532 βίϐλος

316 3545 384 3598 ἐκ
409 3545 508 3615 τῆς
549 3545 720 3599 Ἰούδα
759 3547 889 3600 δντα
931 3547 1125 3619 φυλῆς.
1173 3549 1427 3605 Διδάσκει
1455 3551 1516 3606 δὲ
1563 3553 1898 3626 σαφέστερον

313 3636 418 3708 τὴν
448 3639 652 3704 αἰτίαν,
702 3639 770 3692 δι’
819 3639 957 3710 ﬁmi)
993 3642 1092 3711 μὲν
1146 3642 1442 3714 Ῥουὸεὶμ⁸
1467 3645 1578 3698 τῶν
1621 3662 1898 3718 πρωτοτοο

315 3731 455 3786 κίων
488 3733 771 3799 ἐξέπεσεν,
802 3733 831 3786 6
863 3733 920 3787 δὲ
971 3734 1169 3804 Ἰωσὴφ
1191 3735 1398 3790 τούτων
1428 3737 1752 3810 τετύχηκεν,
1781 3741 1816 3811 ἡ
1841 3739 1897 3794 δὲ

314 3824 487 3878 Ἰούδα
522 3824 664 3896 φυλὴ
693 3826 860 3896 τιμῆς
890 3826 1180 3896 ἀπήλαυσε
1233 3827 1501 3893 πλείονος.
1536 3847 1556 3881 ι
1595 3831 1716 3886 Υἱοὶ⁸
1760 3833 1893 3905 γὰρ,

313 3917 474 3986 φησὶ,
519 3915 782 3987 Ῥουϐεὶμ
835 3918 1187 3990 πρωτοτόκου
1231 3919 1468 3991 Ἰσραὴλ,
1526 3922 1609 3976 ὅτι
1655 3922 1818 3987 αὐτὸς
1869 3923 1898 3976 6

315 4009 686 4080 πρωτότοκος.
728 4011 818 4064 Ἐν
851 4011 906 4064 δὲ
948 4011 1027 4082 τῷ
1071 4011 1384 4083 βεϐηλῶσαι
1413 4013 1516 4085 τὴν
1561 4015 1898 4086 στρωμνὴν⁷

311 4099 408 4154 τοῦ
439 4100 650 4170 πατρὸς
673 4097 860 4167 αὐτοῦ,
902 4101 1070 4155 ἔδωκε
1101 4101 1170 4155 τὰ
1204 4104 1550 4174 πρωτοτόκια
1581 4105 1750 4160 αὐτοῦ
1781 4109 1898 4172 τοῖς

313 4193 451 4256 υἱοῖς
485 4191 739 4264 Ἰωσὴφθ,
775 4193 868 4246 καὶ
893 4195 993 4248 ούκ
1021 4195 1426 4266 ὲγενεαλογήθη
1452 4198 1532 4260 είς
1551 4199 1899 4270 πρωτοτόκια

313 4285 343 4337 ὁ
383 4285 669 4354 Ῥουὸεὶμ,
697 4287 780 4340 ὃτι
823 4285 1025 4346 Ἰούδας
1051 4285 1280 4349 δυνατὸς
1314 4285 1488 4355 ἰσχύει
1513 4287 1571 4340 ὲν
1603 4290 1714 4352 τοῖς
1737 4288 1894 4342 ἀδελ-

315 4379 439 4445 φοῖς
487 4375 678 4441 αὑτοῦ,
716 4379 813 4431 καὶ
859 4379 940 4442 είς
993 4377 1296 4449 ἡγούμενον
1347 4377 1407 4444 ἐξ
1457 4376 1648 4444 αὐτοῦ,
1687 4381 1782 4434 καὶ
1821 4381 1896 4436 τὰ

313 4467 662 4537 πρωτοτόκια
687 4468 768 4538 τῷ
810 4467 1006 4540 Ἰωσήφ
1029 4471 1072 4524 ⁹.
1106 4487 1126 4521 ι
1161 4469 1324 4540 Δηλοῖ
1353 4469 1409 4522 δὲ
1451 4471 1479 4522 6
1512 4469 1690 4538 λόγος,
1719 4471 1796 4534 ῶς
1827 4471 1896 4526 τὰ
1922 4455 1965 4514 C

317 4559 416 4629 μὲν
439 4559 708 4631 πρεσϐεῖα
730 4559 842 4614 τῶν
868 4561 1252 4632 πρωτοτοκίων
1276 4563 1304 4614 6
1341 4560 1538 4634 Ἰωσὴφ
1566 4563 1886 4634 ἐκομίσατο,

314 4651 411 4724 τὴν
439 4652 499 4706 δὲ
535 4653 836 4724 ἡγεμονίαν
880 4652 1082 4716 Ἰούδας
1100 4654 1143 4685 ¹⁰
1169 4651 1386 4718 ἐδέξατο
1411 4653 1500 4707 διὰ
1527 4653 1620 4707 τὸν
1639 4653 1701 4720 ἐξ
1727 4654 1894 4708 αὐτοῦ

313 4743 459 4797 κατὰ
493 4743 674 4815 σάρκα
699 4745 1083 4817 βλαστήσαντα
1113 4744 1340 4814 Κύριον.
1375 4744 1545 4799 Τοῦτο
1587 4745 1700 4818 γὰρ
1727 4747 1898 4801 αίνίτ-

310 4850 468 4888 τεται
497 4835 564 4889 τδ
589 4838 676 4902 είς
717 4836 1056 4906 ἡγούμενον
1085 4836 1154 4898 ἐξ
1194 4837 1402 4891 αὐτοῦ.
1435 4835 1511 4889 Ού
1546 4838 1653 4908 γὰρ
1701 4837 1898 4908 μόνους

316 4923 442 4988 τοὺς
469 4923 527 4992 ἐξ
555 4924 720 4978 αὑτοῦ
755 4926 1011 4996 βασιλέας
1039 4928 1068 4980 6
1097 4927 1254 4996 λόγος
1301 4927 1473 4998 δηλοῖ,
1513 4927 1648 4982 ἀλλὰ
1677 4930 1770 4984 καὶ
1803 4928 1897 4984 τὸν

323 5012 533 5070 αἰώνιον
559 5016 812 5088 βασιλέα,
842 5019 898 5084 ὃς
925 5017 1048 5072 οὔτε
1065 5018 1240 5090 ἀρχὴν
1263 5018 1420 5090 ἔσχεν
1439 5021 1688 5091 ἡμερῶν,
1711 5021 1832 5075 οὐδὲ
1851 5021 1892 5054 “

396 5153 463 5208 Vl
511 5157 688 5214 Paral.
717 5175 800 5228 ιιι,
849 5159 902 5215 5.
979 5168 1006 5198 ι
1057 5159 1080 5216 l
1117 5159 1300 5215 Paral.
1327 5175 1382 5225 ν,
1421 5159 1474 5224 i,
1499 5159 1554 5216 2.

1999 3204 2168 3260 sabee
2201 3202 2362 3274 555
2390 3203 2514 3260 ﬁliae
2540 3203 2634 3258 Ela
2656 3212 2707 3258 ν.
2745 3223 2764 3256 ι
2808 3203 2874 3259 Ει
2937 3204 3270 3272 Rechabum,
3325 3207 3418 3277 qui
3463 3206 3578 3263 lau-

1998 3294 2241 3350 daturin
2265 3293 2453 3349 multis
2487 3294 2622 3350 locis
2673 3293 2991 3364 Scriptura,
3033 3295 3123 3350 hic
3156 3294 3300 3352 liber
3337 3299 3577 3354 ostendit

2000 3387 2173 3442 fuisse
2205 3403 2272 3442 ex
2301 3385 2447 3442 tribu
2474 3385 2634 3440 Juda.
2674 3385 2842 3441 Docet
2869 3395 3048 3442 autem
3081 3387 3429 3446 manifestius
3447 3404 3578 3446 cau-

1999 3495 2140 3544 sam,
2169 3495 2269 3535 cur
2327 3477 2520 3532 Ruben
2577 3477 2838 3533 exciderit
2885 3478 3338 3549 primogenitum,
3398 3490 3452 3536 et
3487 3479 3575 3538 Jo-

1999 3573 2132 3640 seph
2159 3585 2281 3626 eam
2321 3570 2395 3624 sit
2424 3577 2734 3636 assecutus,
2795 3570 2974 3626 tribus
3031 3579 3215 3626 autem
3254 3572 3393 3628 Juda
3453 3587 3574 3629 am-

1999 3664 2226 3734 pliorem
2255 3661 2451 3732 adepta
2485 3661 2557 3714 sit
2589 3660 2873 3716 honorem.
2920 3679 2942 3714 ι
2983 3659 3104 3716 Filii
3158 3661 3304 3717 enim
3355 3659 3572 3730 Ruben,

1999 3754 2195 3826 inquit,
2228 3755 2576 3825 primogeniti
2612 3753 2778 3809 Israel
2807 3771 2822 3808 :
2874 3756 3136 3825 quoniam
3172 3754 3288 3824 ipse
3317 3764 3434 3812 erat
3462 3756 3570 3826 pri-

2004 3845 2336 3918 mogenitus,
2367 3861 2434 3901 eo
2469 3853 2649 3900 autem
2679 3845 2824 3916 quod
2861 3843 3168 3916 profanarit
3199 3847 3378 3902 cubile
3405 3849 3571 3918 patris

2002 3939 2110 4004 sui,
2142 3939 2292 3994 dedit
2325 3953 2478 3994 suam
2513 3938 3002 4010 primogenituram
3061 3937 3189 3992 ﬁliis
3242 3937 3470 4011 Ioseph,
3521 3951 3572 3998 et

1999 4029 2054 4084 in
2086 4029 2404 4100 genealogis
2435 4043 2541 4082 non
2577 4028 2680 4083 fuit
2710 4028 2914 4083 relatus
2959 4027 3148 4082 Ruben
3184 4037 3246 4084 ut
3303 4031 3576 4102 primoge-

2003 4121 2170 4186 nitus,
2205 4121 2466 4192 quoniam
2500 4119 2638 4187 Juda
2669 4129 2788 4176 erat
2823 4128 3017 4190 potens
3051 4120 3260 4176 viribus
3290 4121 3432 4177 inter
3461 4123 3574 4180 fra-

2001 4218 2117 4266 tres
2141 4225 2294 4274 suos,
2335 4219 2388 4264 et
2421 4209 2528 4263 dux
2562 4223 2626 4262 ex
2687 4209 2808 4278 ipso
2865 4217 2920 4262 et
2976 4209 3402 4280 primogenitum
3459 4221 3571 4267 erat

1999 4299 2201 4371 Josepb
2230 4314 2280 4356 ι.
2319 4319 2338 4352 ι
2387 4299 2552 4356 Docet
2576 4308 2756 4355 autem
2788 4300 2878 4356 hic
2922 4315 3125 4367 sermo,
3171 4303 3316 4372 quod
3374 4301 3573 4371 Josepli

1999 4392 2418 4464 praerottativam
2452 4394 2470 4415 ‘
2504 4389 2952 4461 primOgeniturae
2985 4391 3212 4446 sortitus
3268 4391 3340 4445 sit
3371 4408 3386 4444 :
3421 4392 3572 4461 prin-

2001 4479 2240 4548 cipatum
2269 4493 2398 4533 vero
2445 4479 2720 4548 acceperit
2759 4476 2920 4544 Juda,
2972 4490 3195 4548 propter
3255 4477 3572 4546 Dominum,

2001 4569 2096 4640 qui
2124 4583 2192 4624 ex
2219 4568 2338 4640 ipso
2369 4581 2530 4625 natus
2559 4579 2644 4626 est
2664 4571 2967 4626 secundum
2995 4585 3238 4625 carnem.
3274 4568 3388 4625 Hoc
3427 4573 3572 4626 enim

2005 4660 2168 4716 tacite
2197 4660 2472 4732 signiﬁcat
2502 4661 2656 4727 illud,
2694 4661 2806 4716 dum
2838 4675 2904 4714 ea:
2930 4661 3068 4730 ipso.
3098 4659 3218 4714 Non
3253 4663 3397 4716 enim
3425 4662 3572 4717 solos

2001 4765 2156 4824 rcges
2181 4767 2248 4806 ex
2275 4751 2398 4822 ipso
2440 4752 2683 4808 orituros
2706 4751 2976 4822 signiﬁcat
3027 4750 3226 4816 oratio,
3276 4751 3371 4806 sed
3402 4761 3456 4808 et
3480 4751 3580 4810 Re-

2004 4857 2126 4912 gem
2164 4851 2454 4909 aeternum,
2486 4831 2577 4923 (ιζιὶ
2610 4858 2788 4912 neque
2835 4842 3048 4897 initium
3097 4843 3286 4897 habuit
3337 4843 3572 4909 dierum,

2002 4949 2180 5004 neque
2207 4933 2370 4989 ﬁnem
2403 4934 2651 5004 accipiet.
2683 4933 2850 4988 Docet
2887 4932 3072 4999 etiam,
3129 4934 3403 5004 quomodo
3453 4950 3572 5006 quae

2001 5035 2160 5082 erant
2183 5035 2336 5080 trans
2366 5023 2656 5081 Jordanem
2688 5024 2886 5092 tribus,
2916 5022 3110 5080 Ruben
3139 5032 3194 5080 et
3225 5023 3364 5091 Gad,
3401 5035 3455 5082 et
3493 5025 3570 5081 dic

1400 5277 1633 5336 VARUE
1673 5277 2052 5334 LECTIONES
2084 5277 2172 5332 ET
2211 5277 2444 5334 NOTAE.

385 5374 407 5410 ³
438 5377 562 5432 cod.
599 5377 774 5433 Coisl.
812 5377 1030 5447 βίϐλων.
1104 5379 1124 5409 ¹
1148 5379 1271 5434 cod.
1297 5377 1812 5447 Ο.’γεγραμμένων.
1890 5377 1896 5406 ³

1999 5375 2060 5428 ιιι.
2089 5373 2150 5429 C.
2185 5375 2362 5447 Σαᾲμ.

319 5455 481 5520 c_.e_st
527 5448 752 5518 Ἀμιήλ.
814 5445 853 5520 ’ξ
877 5448 1084 5520 cod._(3.
1139 5448 1373 5520 Ῥουόὴν
1401 5445 1636 5520 semper.
1717 5445 1840 5520 "_’E

2440 5373 2609 5429 "cod.
2646 5374 2709 5430 C.
2743 5375 2812 5430 οί.
2891 5375 2914 5410 ⁸
2960 5376 3130 5434 Ἦλᾶ.
3166 5377 3295 5435 Rec.
3339 5382 3502 5438 lectio
3529 5385 3570 5442 Ι.

1843 5462 1896 5520 τε
1908 5475 1979 5520 :—
2009 5445 2353 5520 στρωμνήνΪ
2380 5445 2508 5520 Ηξερ
2523 5455 2610 5500 cst
2636 5446 2796 5520 lectio
2833 5447 2920 5502 ed.
2947 5448 3160 5520 Compl.
3189 5448 3424 5520 Recepta
3459 5452 3567 5508 lec-

320 5516 391 5592 tio
419 5517 533 5592 l._c.
565 5514 756 5592 ρὲίίςν
787 5517 864 5592 τῷ
887 5518 1152 5592 αναόἧναι
1186 5521 1303 5592 ὲξξι-
1324 5514 1678 5592 τὴνηκοίτηνη
1741 5516 1764 5592 ξ
1821 5514 1896 5592 ᾜ

1999 5530 2052 5566 ιε
2077 5544 2149 5592 -_-
2191 5514 2422 5592 Ἰωσήφ.
2476 5515 2606 5592 Rep.
2645 5517 2944 5592 lectioiest.
2981 5514 3153 5592 ἔδωκε
3183 5514 3570 5592 τὴν-ἐύλογίαν

319 5585 488 5658 αὑτοῦ
519 5588 600 5658 τῷ
639 5585 745 5658 υίῷ
764 5581 929 5640 αὐτοῦ
964 5581 1183 5658 Ἰωσήφ,
1213 5581 1394 5658 Editid
1419 5581 1636 5658 Compi.
1667 5585 1829 5658 habet
1861 5583 2034 5658 ἐδόθηΔ
2053 5581 2122 5636 τὰ
2143 5581 2488 5658 πρωτοτόκια
2515 5585 2680 5658 αὑτοῦ
2716 5589 2850 5652 υίοῖς
2889 5589 3112 5658 Ἰωσήφ.

3189 5590 3209 5620 ⁸
3238 5590 3312 5644 Τὰ
3337 5621 3409 5632 υ·-
3450 5590 3569 5646 Ἰω-

319 5654 468 5727 σῄφ.
505 5641 582 5714 Ita
613 5641 783 5714 habet
802 5658 968 5714 editio
999 5641 1214 5727 Compl.
1257 5641 1388 5714 Bec.
1431 5641 1594 5714 iectio
1619 5665 1703 5713 est
1759 5657 1794 5726 ή
1853 5655 1896 5708 εί

1999 5641 2072 5721 fiat
2137 5641 2230 5706 τόύ
2279 5653 2498 5726 Ἰωσήφ.
2577 5656 2618 5688 ¹⁰
2649 5658 2775 5714 cod.
2826 5641 2890 5713 ί).
2933 5641 3122 5716 orauit.
3149 5660 3196 5714 6.
3244 5641 3319 5693 -Ῑί
3348 5641 3568 5720 (τοί-(Ξ.

324 5725 470 5784 οὔτε.
