4038 6214
449 292 554 355 807

1447 294 1937 357 THEODORETI
1982 294 2321 357 EPISCOPI
2375 294 2740 356 CYRENSIS

3605 289 3712 355 808

449 407 597 461 tibus
629 405 799 470 enim,
826 405 1026 477 inquit,
1063 410 1409 478 unguentarii
1448 411 1711 482 unguenti
1739 413 1792 464 iu
1824 425 2023 466 aroma-

2134 415 2339 483 ἐϐδομα
2396 414 2504 468 τῶν
2552 415 2766 486 καιρῶν
2788 412 2856 474 ⁸⁸,
2912 408 3008 465 τοῦ
3075 404 3504 479 εἰσπορεύεσθαι
3565 423 3707 463 κατα

446 500 594 555 tibus
632 501 678 552 ε.
717 515 737 552 ι
782 498 858 555 De
898 502 1152 573 sepulcro
1182 512 1362 557 autem
1411 500 1590 557 Saulis
1636 504 1724 558 hic
1764 504 2025 574 scriptum

445 602 531 649 est
569 595 829 663 apertius.
861 591 996 648 Nam
1027 595 1083 649 in
1117 595 1270 651 libris
1300 595 1519 666 quidem
1546 594 1859 666 Regnorum
1890 596 2026 665 legi-

446 702 573 742 mus
599 728 613 753 ,
648 688 795 756 quod
827 687 1159 756 sumpserint
1187 702 1313 743 ossa
1343 687 1461 758 ejus
1484 728 1499 753 ,
1541 695 1595 742 et
1621 688 1935 756 sepelierint
1972 690 2025 743 in

446 795 579 851 agro
614 781 668 834 in
712 779 875 835 Jahcs
913 798 928 834 :
983 781 1074 836 hic
1112 796 1242 835 vero
1265 778 1329 847 Ιι,
1370 782 1472 835 sub
1511 797 1718 852 quercu
1750 782 1803 835 in
1840 780 2024 836 Jabes.

449 876 522 928 De
566 874 906 943 ventriloqua
946 888 1163 944 quoque
1222 875 1311 929 hic
1356 876 1563 929 dictum
1604 883 1687 929 est
1726 874 1972 943 apertius
2008 891 2023 927 :

452 984 472 1016 ι
511 964 759 1019 Mortuus
797 975 918 1030 est,
962 964 1176 1034 inquit,
1206 964 1336 1019 Saul
1372 965 1426 1018 in
1464 965 1846 1034 iniquitatibus
1882 967 2023 1030 suis,

447 1057 650 1127 quibus
680 1056 865 1126 inique
897 1070 956 1111 se
993 1056 1164 1125 gessit
1192 1071 1320 1128 erga
1359 1055 1651 1111 Dominum
1676 1099 1690 1123 ,
1726 1058 2023 1111 secundum

448 1150 673 1204 verbum
720 1147 971 1215 Domini,
1016 1148 1276 1218 quoniam
1324 1164 1430 1203 non
1478 1149 1772 1204 custodivit
1813 1149 2023 1218 ipsum,

446 1253 502 1297 et
532 1244 792 1313 quoniam
824 1241 1135 1297 sciscitatus
1162 1250 1244 1296 est
1276 1241 1405 1296 Saul
1434 1259 1527 1312 per
1551 1243 1948 1313 ventriloquam
1966 1250 2028 1296 ut

447 1333 754 1403 exquireret
779 1371 793 1395 ,
831 1338 887 1384 et
922 1333 1206 1400 respondit
1245 1330 1298 1385 ei
1340 1333 1564 1387 Samuel
1609 1334 1872 1403 propheta
1914 1329 1958 1386 ί.
2000 1351 2020 1384 ι

447 1424 697 1479 Ostendit
726 1433 906 1477 autem
933 1423 1112 1477 oratio
1137 1462 1151 1487 ,
1178 1423 1323 1493 quod
1362 1440 1470 1478 non
1503 1424 1859 1495 ventriloquae
1886 1439 2027 1494 pra:-

446 1516 624 1585 stigiis
659 1514 938 1568 reduxerit
974 1514 1284 1568 Samuelem
1329 1532 1342 1570 :
1381 1515 1472 1571 sed
1505 1516 1651 1584 quod
1686 1518 1771 1571 ille
1806 1516 2022 1586 quidem

444 1607 610 1676 impie
631 1614 686 1659 et
717 1604 925 1659 nefarie
960 1606 1117 1674 petiit
1146 1614 1204 1659 ut
1230 1605 1332 1659 hoc
1362 1622 1456 1675 per
1491 1607 1637 1661 illam
1672 1608 1843 1661 fieret.
1881 1607 2023 1663 Deus

443 1709 624 1753 autem
660 1697 784 1751 tulit
816 1697 871 1750 in
904 1696 1081 1766 ipsum
1114 1698 1441 1752 sententiam
1477 1699 1748 1768 supplicii.
1781 1698 1906 1755 llaec
1932 1714 2024 1754 auo

2130 508 2272 561 ἐπτὰ
2305 508 2521 578 ἡμέρας
2558 506 2667 561 ἀπὸ
2698 502 2893 574 καιροῦ
2924 503 3006 567 είς
3028 498 3222 572 καιρὸν
3247 499 3386 571 μετὰ
3418 498 3649 554 τούτων.
3681 520 3702 553 ι

2128 598 2239 652 Καὶ
2258 598 2325 651 τὰ
2359 597 2528 668 σκεύη
2544 598 2602 651 δὲ
2622 598 2723 667 τῆς
2741 594 3085 666 λειτουργίας
3107 593 3287 663 ἐτεροι
3310 586 3455 663 ἦσαν
3481 592 3709 645 Λευῖται

2114 691 2575 761 πεπιστευμένοι.
2614 708 2632 742 ι
2666 690 2777 763 Καὶ
2811 688 2870 754 ἐξ
2900 685 3084 740 αὐτῶν
3119 686 3251 757 γὰρ,
3298 685 3491 755 φησὶν,
3525 685 3620 738 ἐπὶ
3641 684 3712 738 τὰ

2130 783 2298 854 σκεύη
2326 784 2425 854 τῆς
2459 782 2806 854 λειτουργίας
2833 798 2846 810 ·
2881 783 2964 834 ὅτι
3017 781 3074 835 ἐν
3118 778 3339 849 ἀριθμῷ
3385 779 3706 842 slacio-ovat,

2127 877 2221 928 καὶ
2242 876 2298 927 ἐν
2331 875 2551 947 ἀριθμῷ
2603 874 2902 940 ἐξοίσουσιν
2935 873 3110 927 αὐτά·
3154 872 3247 925 καὶ
3290 871 3348 938 ἐξ
3384 870 3568 925 αὐτῶν
3607 888 3711 924 κα-

2127 965 2446 1038 θιστάμενοι
2466 968 2509 1000 ⁴¹
2537 969 2630 1022 ἐπὶ
2658 968 2729 1022 τὰ
2770 967 2964 1038 σκεύη,
3002 966 3096 1019 καὶ
3115 965 3208 1018 ἐπὶ
3232 965 3414 1019 πάντα
3439 965 3509 1018 τὰ
3532 964 3709 1036 σκεύη

2125 1061 2195 1113 τὰ
2219 1058 2372 1127 ἆγια,
2401 1060 2497 1114 καὶ
2523 1062 2636 1114 ἐπίδ
2648 1061 2746 1131 τῆς
2772 1059 3129 1130 σεμιδάλεως,
3155 1057 3250 1111 καὶ
3273 1056 3370 1110 τοῦ
3406 1057 3577 1120 οἴνου,
3603 1057 3705 1110 καὶ

2124 1150 2219 1203 τοῦ
2250 1151 2455 1216 ἐλαίου,
2493 1152 2588 1205 καὶ
2615 1151 2710 1206 τοῦ
2735 1152 2978 1216 λιῦάνου,
3028 1148 3260 1203 καὶτῶν
3309 1150 3644 1219 ἀρωμάτων.
3681 1167 3702 1201 ι

2126 1245 2199 1297 Τὸ
2255 1245 2437 1314 μέντοι
2462 1245 2717 1316 θυμίαμα
2744 1244 2793 1297 οί
2822 1245 2988 1313 ἱερεῖς
3028 1239 3455 1305 κατεσκεύαζον.
3493 1260 3513 1293 ι
3563 1240 3704 1295 ’Δπδ

2125 1336 2237 1407 γὰρ
2256 1337 2364 1388 τῶν
2399 1336 2611 1406 ἱερέων,
2667 1337 2821 1408 φησὶ,
2873 1334 3109 1406 μυρεψοὶ
3158 1333 3250 1387 106
3296 1332 3471 1405 μύρου
3503 1334 3564 1386 ἐν
3592 1335 3711 1398 τοῖς

2125 1427 2468 1498 ἁρὼμασι“.
2511 1447 2529 1479 ι
2560 1429 2698 1499 Περὶ
2729 1428 2784 1481 δὲ
2814 1428 2909 1481 106
2957 1428 3131 1496 τάφου
3166 1425 3262 1479 τοῦ
3305 1425 3481 1479 Σαοὺλ
3531 1427 3709 1497 σαφέ-

2128 1535 2321 1588 στερον
2375 1517 2614 1573 ἐνταῦθα
2674 1518 3109 1588 συγγέγραπται.
3151 1517 3241 1569 Ἐν
3280 1515 3378 1585 μὲν
3429 1514 3539 1586 γὰρ
3591 1515 3711 1578 τοῖς

2127 1611 2433 1668 Βασιλείοις
2463 1611 2800 1679 ἀνέγνωμεν,
2837 1609 2920 1662 ὅτι
2968 1607 3162 1660 ἐλαϐον
3203 1605 3274 1659 τὰ
3320 1606 3457 1659 ὀστᾶ
3512 1604 3709 1672 αὐτοῦ,

2127 1700 2220 1752 καὶ
2252 1700 2458 1768 ἔθαψαν
2492 1700 2657 1753 ὑπὸ⁶³
2681 1698 2780 1770 τὴν
2817 1699 3058 1769 ἄρουραν
3091 1697 3150 1749 ἐν
3197 1694 3424 1759 Ἰαϐείς·
3467 1695 3711 1749 ἐνταῦθα

442 1799 551 1844 tem
580 1802 768 1860 aperte
802 1782 1036 1856 docent,
1069 1790 1214 1859 quod
1247 1805 1357 1844 non
1384 1789 1488 1844 fuit
1523 1766 1679 1856 falsa,
1715 1800 1774 1845 ut
1799 1793 2020 1862 quidam

2125 1790 2182 1843 δέ
2212 1791 2317 1843 ὑπὸ
2348 1766 2447 1862 τὴν
2481 1789 2613 1861 δρῦν
2638 1791 2696 1843 ἐν
2727 1766 3078 1849 "resignat
3118 1786 3187 1839 τὰ
3212 1788 3343 1857 περὶ
3392 1785 3494 1857 τῆς
3531 1786 3709 1854 ἐγγα-

443 1885 760 1952 opinautur,
787 1883 1093 1953 praedictio,
1123 1899 1142 1932 ι
1175 1881 1474 1953 Respondit
1499 1884 1642 1938 enim
1669 1884 1795 1954 ipsi,
1823 1885 2021 1954 inquit,

444 1975 667 2030 Samuel
716 1975 1002 2045 pr0pheta.
1040 1993 1060 2027 ο
1120 1973 1260 2029 Ρυιο
1303 1963 1486 2029 alitem
1544 1976 1627 2031 sic
1684 1977 2020 2031 nominatam

445 2063 615 2119 fuisse
641 2064 947 2130 visionem,
987 2064 1250 2134 quoniam
1290 2064 1617 2119 desideravit
1666 2065 1798 2121 Saul
1836 2083 1866 2122 a
1922 2067 2025 2123 Sn-

443 2158 623 2212 ntuele
646 2157 862 2211 discere
885 2155 1014 2225 quid
1047 2156 1338 2226 agendum.
1370 2156 1495 2213 Sive
1526 2168 1708 2211 autem
1733 2159 1885 2214 visus
1913 2157 2025 2213 fue-

443 2251 515 2304 rit
546 2251 803 2321 angelus,
840 2250 895 2303 in
933 2248 1104 2318 ﬁgura
1142 2247 1410 2305 Samuelis
1448 2248 1682 2304 formam
1721 2251 2023 2315 exhibens,

444 2343 558 2399 sive
586 2344 769 2398 anima
796 2342 971 2413 ipsius
997 2341 1289 2408 Samuelis,
1324 2343 1606 2397 sciendum
1635 2353 1740 2408 est,
1775 2343 1879 2397 hoc
1909 2356 2022 2397 non

444 2438 615 2495 fuisse
662 2436 825 2508 560
872 2434 1077 2512 factum
1120 2436 1413 2507 praestigiis
1475 2437 1872 2505 ventriloquaz,
1924 2434 2024 2491 sed

444 2528 540 2583 Dei
587 2528 854 2596 sapientia
898 2537 952 2582 et
1000 2529 1235 2591 virtute,
1288 2527 1383 2597 qui
1422 2527 1586 2582 etiam
1633 2543 1728 2599 per
1774 2529 2024 2585 homines

444 2616 643 2687 impios
688 2631 831 2685 saepe
864 2616 1034 2671 multa
1072 2616 1320 2687 praedixit
1345 2616 1569 2672 futura:
1606 2619 1625 2638 ’
1654 2633 1751 2688 per
1782 2616 2024 2673 Pharao-

445 2724 591 2774 nem,
626 2706 959 2761 fertilitatem
988 2719 1044 2761 et
1079 2706 1279 2763 famem
1311 2725 1325 2761 :
1363 2717 1418 2763 et
1454 2724 1551 2777 per
1581 2708 2024 2766 Nabuchodono-

444 2816 649 2865 sorem,
683 2800 919 2854 maxima
954 2816 1119 2871 regna
1149 2801 1301 2856 orbis
1328 2804 1503 2857 terrae.
1542 2801 1650 2858 Sed
1678 2805 1743 2858 de
1773 2803 1858 2860 his
1888 2806 2024 2861 satis

444 2894 648 2948 dictum
667 2900 749 2946 est
776 2892 830 2945 in
854 2892 1300 2962 interpretatione
1316 2893 1654 2962 Regnorum.
1682 2896 2022 2968 Pergendum

443 2993 527 3041 est
554 3000 683 3054 ergo
709 2984 775 3038 ad
809 2984 1038 3054 reliqua.
1068 2984 1209 3040 Dixit
1238 2984 1285 3052 i,
1315 2985 1572 3042 Davidem
1604 2986 1777 3045 fuisse
1799 2999 2021 3045 unctum

2126 1881 2430 1952 στριμύθου
2470 1882 2804 1952 σαφέστερον
2858 1879 3098 1935 ἐνταῦθα
3129 1877 3447 1948 δεδήλωται.
3506 1895 3527 1928 ‹
3572 1877 3711 1930 Ἀπ-

2125 1975 2285 2030 έθανε
2312 1975 2444 2046 γὰρ,
2479 1974 2639 2044 φησὶ,
2668 1972 2844 2026 Σαοὺλ
2878 1974 2936 2025 ἐν
2963 1974 3083 2035 ταῖς
3109 1972 3365 2041 ἀνομίαις
3389 1967 3582 2032 αὐτοῦ,
3614 1964 3710 2033 αἷς

2122 2067 2370 2139 ὴνόμησε
2383 2065 2427 2097 ⁵⁵
2452 2066 2664 2138 Κυρίῳ,
2700 2064 2842 2119 κατὰ
2868 2064 2960 2117 τὸν
2984 2061 3417 2133 λόγονΚυρίου,
3442 2061 3579 2116 διότι
3602 2064 3710 2116 οὐκ

2123 2158 2392 2227 ἐφύλαξεν
2434 2159 2634 2222 αὑτὸν,
2682 2158 2777 2212 καὶ
2822 2158 2904 2211 ὅτι
2952 2155 3281 2228 ἐπηρώτησε
3335 2156 3510 2210 Σαοὺλ
3550 2158 3610 2210 ἐν
3635 2159 3708 2229 τῇ

2123 2249 2552 2322 ἐγγαστριμύθῳ
2623 2250 2720 2303 τοῦ
2788 2248 3131 2320 ἐκζητῆσαιο
3194 2248 3291 2302 καὶ
3362 2251 3710 2320 ἁπεκρίνατο

2123 2342 2271 2414 αὐτῷ
2303 2342 2559 2414 Σαμουὴλ
2591 2343 2620 2395 6
2659 2342 2966 2412 προφήτης.
3009 2360 3029 2392 t
3067 2342 3231 2414 Δηλοῖ
3259 2339 3317 2394 δέ
3343 2342 3372 2394 6
3399 2339 3581 2410 λόγος,
3627 2341 3711 2406 ὡς

2096 2436 2248 2506 οὐχὶ
2288 2434 2568 2505 γοητείαις
2586 2431 2634 2465 ⁸⁸
2685 2434 2786 2503 τῆς
2818 2432 3271 2505 ἐγγαστριμύθου
3324 2432 3416 2487 τὸν
3447 2434 3711 2504 Σαμουὴλ

2123 2528 2403 2599 ἀνήγαγεν
2421 2542 2436 2558 ο
2467 2525 2583 2579 ἀλλ’
2611 2525 2693 2578 ὅτι
2724 2525 2823 2595 μὲν
2855 2525 3061 2588 ἐκεῖνος
3086 2523 3365 2588 δυσσεδῶς
3386 2524 3482 2578 καὶ
3512 2541 3708 2596 παρα-

2121 2625 2303 2694 νόμως
2335 2624 2403 2677 δι’
2430 2623 2646 2694 ἐκείνης
2679 2622 2853 2694 ᾔτησε
2888 2619 3049 2674 τοῦτο
3077 2621 3334 2689 γενέσθαι
3357 2635 3372 2651 ⁸
3406 2623 3436 2674 6
3472 2621 3531 2674 δὲ
3572 2621 3710 2685 Θεὸς

2122 2719 2243 2772 κατ’
2272 2716 2438 2772 αὐτοῦ
2468 2717 2568 2788 τῆς
2595 2714 2864 2787 τιμωρίας
2893 2712 2993 2784 τὴν
3012 2712 3195 2784 ψῆφον
3228 2715 3511 2785 ἐξήνεγκε.
3543 2714 3708 2768 Διδά-

2125 2827 2244 2864 σκει
2278 2809 2335 2862 δὲ
2376 2807 2552 2879 ταῦτα
2600 2806 2808 2876 σαφῶς,
2840 2805 2916 2868 ὡς
2952 2804 3015 2858 οὐ
3064 2804 3292 2875 ψευδὴς,
3319 2803 3443 2856 καθ’
3484 2802 3711 2866 ἆ’τινες

2123 2897 2275 2974 εἷπον
2295 2901 2360 2967 ⁸⁸,
2390 2900 2423 2970 ἡ
2453 2897 2721 2970 γενομένη
2739 2897 2784 2929 ⁸⁷
2822 2896 3150 2975 πρόρρησις.
3188 2913 3207 2948 t
3263 2894 3565 2966 ’Δπεκρίθη
3597 2894 3710 2965 γὰρ

2123 2994 2294 3064 αὐτῷ,
2328 2994 2484 3063 φησὶ,
2513 2990 2769 3060 Σαμουὴλ
2796 2989 2824 3041 6
2846 2989 3155 3060 προφήτης.
3189 3005 3209 3038 ι
3246 2981 3417 3058 Οἶμαι
3437 2986 3494 3041 δέ
3527 2985 3713 3052 οὕτως

444 3075 497 3129 in
520 3076 793 3141 Chebron,
827 3076 1129 3130 secundum
1153 3077 1377 3131 verbum
1403 3076 1645 3147 Domini,
1672 3095 1766 3149 per
1798 3096 2022 3136 manum

2127 3084 2443 3155 ὠνομάσθαι
2469 3084 2570 3154 τὴν
2613 3083 2759 3151 ὄψιν,
2811 3082 3000 3152 ἐπειδὴ
3049 3080 3204 3153 παρὰ
3250 3081 3347 3134 106
3385 3080 3649 3152 Σαμουὴλ
3682 3081 3711 3134 6

443 3166 739 3232 Samuelis,
768 3167 1030 3237 quoniam
1056 3168 1200 3224 Deus
1233 3168 1515 3224 mandavit
1544 3168 1786 3226 Samueli
1816 3182 1875 3228 ut
1899 3189 2023 3228 eum

2129 3177 2302 3231 Σαοὺλ
2339 3175 2530 3246 μαθεῖν
2564 3174 2625 3227 τὸ
2660 3173 2938 3245 πρακτέον
2976 3173 3266 3243 ἐπόθησεν.
3303 3172 3431 3226 Είτε
3455 3172 3514 3228 δὲ
3537 3173 3711 3241 ἄγγε-

444 3267 693 3330 ungeret.
737 3259 873 3314 Illud
922 3268 1105 3314 autem
1139 3278 1153 3315 :
1200 3279 1219 3312 ι
1260 3260 1601 3317 Procedebat
1637 3263 1802 3319 David
1831 3279 2027 3335 proce-

441 3349 578 3405 dens
613 3356 667 3402 et
703 3349 1092 3419 magnificatus
1112 3388 1128 3414 ,
1159 3356 1215 3403 et
1236 3348 1504 3405 Dominus
1536 3352 1885 3422 omnipotens
1907 3361 2021 3408 erat

441 3455 568 3497 cum
620 3438 739 3494 θοι
765 3481 781 3506 ,
807 3459 826 3492 ι
877 3441 1122 3496 ostendit
1163 3442 1487 3513 dignitatem
1537 3445 1872 3502 sanctissimi
1897 3447 2024 3517 Spi-

441 3534 601 3585 ritus.
624 3530 908 3584 Dominum
930 3531 1074 3586 enim
1100 3533 1531 3602 omnipotentem,
1556 3535 1773 3590 vocavit
1794 3538 2029 3593 sanctis-

443 3624 646 3677 simum
667 3622 954 3691 Spiritum.
986 3621 1239 3693 Quinque
1269 3633 1451 3679 autem
1482 3626 1792 3682 cubitorum
1844 3625 2021 3683 diuitl

446 3714 622 3769 fuisse
651 3712 965 3785 Egyptiunt
987 3753 1004 3779 ,
1036 3730 1199 3784 quem
1245 3717 1445 3771 occidit
1476 3717 1707 3775 Baneas.
1739 3719 2025 3786 Quomodo

444 3820 575 3875 ergo
619 3805 809 3860 dicunt
850 3805 1019 3875 aliqui
1063 3822 1172 3862 non
1216 3806 1388 3863 fuisse
1434 3809 1650 3880 aliquos
1687 3811 1783 3882 qui
1826 3828 2024 3884 magna

446 3897 713 3952 haberent
741 3897 1009 3966 corpora?
1048 3897 1228 3953 Gedur
1266 3915 1396 3955 vero
1425 3903 1730 3959 nominavit
1758 3914 2025 3960 catervam

444 3990 894 4044 Amalecitarum.
930 3988 1096 4045 Liber
1120 4000 1300 4047 autem
1337 3992 1651 4065 Regnorum
1680 4011 1803 4053 eam
1843 3997 2025 4068 ppel-

446 4082 578 4138 lavit
601 4080 834 4152 globum.
865 4079 1179 4139 Rccensens
1207 4098 1371 4155 porro
1403 4090 1637 4158 scriptor
1659 4103 1754 4144 eos
1775 4090 1869 4159 qui
1889 4105 2024 4145 con-

444 4182 711 4232 venerunt
743 4175 798 4229 in
831 4175 1121 4242 Chebron,
1165 4178 1281 4234 haec
1323 4194 1544 4251 quoque
1587 4181 1722 4238 dicit
1751 4200 1765 4236 :
1805 4201 1824 4235 ι
1856 4182 1922 4237 Et
1949 4198 2023 4249 ex

443 4274 572 4329 ﬁliis
602 4273 781 4339 lsaar,
804 4281 1198 4341 cognoscentes
1222 4275 1567 4344 prudentiam
1604 4278 1659 4331 in
1688 4277 2023 4348 temporibus

444 4367 587 4431 suis,
623 4373 1027 4436 cognoscentes
1063 4366 1194 4436 quid
1229 4365 1431 4422 faceret
1458 4367 1623 4424 Israel
1659 4370 1712 4422 in
1749 4369 2023 4441 principa-

2124 3269 2215 3334 λος
2240 3264 2309 3340 ἦν
2338 3271 2366 3322 6
2421 3268 2626 3337 ὀφθεὶς,
2664 3268 2723 3320 ὲν
2770 3267 2928 3337 τύπῳ
2962 3265 3059 3320 106
3119 3265 3374 3337 Σαμουὴλ
3402 3265 3466 3318 τὸ
3513 3265 3709 3336 σχῆμα

2125 3359 2421 3413 δεικνύων·
2481 3360 2591 3411 εἴτε
2647 3354 2814 3410 αὐτοῦ
2841 3356 2886 3387 ⁸⁸
2937 3353 3031 3409 τοῦ
3084 3355 3340 3426 Σαμουὴλ
3393 3357 3428 3425 ἡ
3461 3355 3614 3426 ψυχὴ
3649 3357 3711 3410 ἐν

2125 3448 2299 3521 ταύτῃ
2344 3451 2412 3519 τῇ
2446 3446 2608 3517 ὄψει’
2669 3445 2847 3499 ἰστέον
2900 3444 2976 3508 ὡς
3028 3446 3091 3498 οὐ
3142 3448 3207 3515 τῇ
3243 3444 3558 3515 μαγγανεία
3603 3446 3712 3514 τῆς

2125 3539 2572 3613 ἐγγαστριμύθου
2619 3538 2778 3592 τοῦτο
2821 3536 3144 3607 γεγένηται’
3185 3535 3318 3590 ἀλλὰ
3345 3538 3412 3607 τῇ
3445 3535 3542 3589 106
3565 3534 3708 3590 Θεοῦ

2129 3634 2290 3705 σοφίᾳ
2324 3649 2384 3685 τε
2415 3632 2509 3686 καὶ
2538 3631 2802 3701 δυνάμει·
2857 3629 2917 3692 ὃς
2967 3629 3062 3682 καὶ
3095 3627 3184 3681 διὰ
3234 3627 3710 3683 δυσσεὸούντωνδο

2125 3724 2297 3778 πολλὰ
2321 3722 2430 3775 τῶν
2474 3723 2752 3791 ἐσομένων
2770 3720 3032 3784 πολλάκις
3055 3719 3358 3791 προείρηκε
3378 3737 3393 3752 ·
3420 3721 3515 3775 διὰ
3537 3721 3635 3775 106
3660 3722 3709 3755 ⁵⁸

2123 3814 2347 3886 Φαραὼ,
2402 3814 2503 3886 τὴν
2553 3812 2809 3885 εὐθηνίαν
2845 3813 2941 3867 καὶ
2982 3811 3073 3865 τὸν
3113 3811 3306 3882 λιμόν·
3341 3813 3439 3866 καὶ
3479 3814 3573 3869 διὰ
3610 3816 3709 3870 106

2124 3901 2617 3975 Ναϐουχοδονόσορ,
2649 3901 2748 3964 τὰς
2785 3901 3050 3971 μεγίστας
3084 3900 3365 3972 βασιλείας
3394 3903 3496 3974 τῆς
3521 3905 3707 3959 οίκου-

2126 3995 2317 4067 μένης.
2361 3993 2522 4046 Ἀλλὰ
2552 3993 2663 4065 γὰρ
2692 3993 2787 4047 καὶ
2830 3992 3199 4065 ἀποχρώντως
3231 3996 3358 4067 περὶ
3404 3997 3618 4051 τούτων
3649 4000 3708 4055 ἐν

2122 4092 2190 4160 τῇ
2237 4087 2345 4141 τῶν
2393 4086 2689 4141 Βασιλειῶν
2739 4086 3045 4160 εἰρήκαμεν
3099 4086 3390 4160 ἑρμηνείᾳ.
3463 4089 3591 4143 Ἐπὶ
3637 4090 3703 4143 τά

2123 4179 2286 4234 λοιπὰ
2321 4178 2502 4233 τοίνυν
2539 4178 2700 4231 ἰτέον.
2732 4177 2838 4231 Τὸν
2870 4176 3035 4231 Δαϐὶδ
3064 4176 3168 4249 ἔφη
3204 4177 3500 4250 κεκρίσθαι
3548 4181 3608 4235 ἐν
3638 4184 3704 4252 τῇ

2123 4270 2353 4341 Χεϐρὼν
2383 4270 2528 4324 κατὰ
2552 4269 2647 4322 τὸν
2667 4268 2824 4337 λόγον
2853 4268 3085 4339 Κυρίου,
3106 4269 3195 4322 διὰ.
3216 4271 3400 4340 χειρὸς
3428 4270 3702 4343 Σαμουὴλ,

2123 4359 2315 4431 ἐπειδὴ
2361 4357 2441 4430 τῷ
2492 4357 2749 4429 Σαμουὴλ
2798 4358 3104 4412 ἐνετείλατο
3125 4359 3170 4392 ⁸⁸
3237 4361 3267 4413 6
3340 4360 3476 4426 Θεὸς
3518 4363 3701 4433 χρίσαι

441 4462 585 4516 tibus
634 4460 750 4516 suis
774 4500 788 4525 ,
834 4457 1057 4513 ducenti
1086 4475 1101 4511 :
1134 4465 1189 4512 et
1219 4472 1412 4512 omnes
1444 4457 1641 4513 fratres
1674 4475 1863 4515 eorum
1895 4476 2018 4516 cum

2125 4451 2307 4506 αὐτόν.
2340 4450 2414 4505 Τὸ
2434 4450 2515 4515 δὲ,
2557 4470 2574 4502 ι
2631 4450 2961 4521 Ἐπορεύετο
2991 4452 3178 4519 Δαϐὶδ,
3213 4455 3582 4523 πορευόμενος
3612 4454 3695 4508 καῖ

444 4552 580 4621 ipsis
604 4563 667 4605 ω.
694 4570 714 4603 ι
750 4550 864 4605 llos
899 4559 1082 4604 autem
1115 4550 1166 4603 in
1200 4549 1558 4605 admiratione
1583 4551 1772 4607 habuit
1802 4563 2027 4623 propter

443 4643 765 4712 sapientiam
788 4681 804 4708 ,
836 4651 896 4696 ut
926 4640 1019 4711 qui
1053 4640 1236 4695 idonei
1269 4650 1455 4695 essent
1498 4649 1553 4696 et
1582 4641 1807 4698 solertes
1834 4644 1902 4698 ad
1939 4644 2022 4697 vi-

443 4734 677 4789 dendum
736 4735 864 4804 quid
902 4734 976 4789 sit
1014 4732 1323 4804 agendum,
1370 4742 1425 4789 et
1467 4733 1536 4787 ad
1578 4734 1981 4804 praevidendum
2007 4776 2023 4802 ,

446 4840 555 4879 non
585 4828 927 4894 prophetice,
962 4826 1054 4880 sed
1091 4826 1417 4895 prudenter,
1455 4826 1636 4881 futura
1659 4866 1675 4892 ,
1715 4835 1769 4881 et
1800 4826 1868 4881 ad
1904 4842 2027 4898 sug-

444 4916 741 4988 gerendum
772 4917 1159 4973 conducibilia.
1187 4918 1323 4972 Cum
1361 4926 1543 4972 autem
1583 4932 1714 4972 arca
1754 4917 2020 4972 transfer-

444 5011 631 5068 retur,
661 5000 773 5057 Oza
803 5003 994 5058 videns
1023 5019 1143 5058 eam
1181 5007 1383 5074 everti,
1419 5008 1664 5062 admovit
1694 5022 1917 5062 manum
1951 5006 2018 5062 ad

2130 4541 2593 4614 μεγαλυνόμενος,
2621 4539 2717 4594 καὶ
2745 4540 2949 4612 Κύριος
2977 4542 3377 4613 παντοκράτωρ
3403 4538 3473 4613 ἦν
3493 4544 3541 4576 ⁸³
3582 4541 3698 4613 μετ’

2127 4632 2318 4699 αὐτοῦ,
2355 4651 2375 4683 ι
2412 4632 2568 4702 δηλοῖ
2595 4629 2691 4683 106
2725 4630 2996 4698 παναγίου
3030 4630 3351 4700 Πνεύματος
3381 4631 3483 4701 τὴν
3518 4629 3690 4694 ἀξίαν.

2127 4728 2346 4795 Κύριον
2383 4724 2493 4795 γὰρ
2532 4722 2991 4791 παντοκράτορα
3033 4723 3096 4775 τὸ
3153 4722 3422 4790 πανάγιον
3470 4719 3688 4773 ἐκάλεσε

2127 4818 2373 4888 Πνεῦμα.
2435 4815 2803 4886 Πεντάπηχυν
2861 4815 2920 4868 δὲ
2974 4815 3069 4869 τὸν
3119 4815 3416 4883 Αἰγύπτιον
3467 4811 3593 4880 ἔφη,
3629 4809 3688 4862 ὃν

2128 4908 2334 4969 Βανέας
2365 4906 2565 4962 ἀνεῖλε.
2593 4906 2716 4969 Πῶς
2738 4900 2831 4960 οὖν
2856 4905 3064 4975 ἔφασάν
3094 4923 3240 4969 τινες
3271 4906 3347 4978 μὴ
3373 4898 3686 4971 γεγενῆσθαί

2126 5017 2279 5064 τινας
2341 4997 2553 5070 μεγάλα
2627 4996 2857 5069 σώματα
2918 4998 3254 5070 ἐσχηκότας;
3304 4993 3595 5065 Γεδοὺρ⁸⁸
3642 4990 3698 5046 δὲ

518 5156 608 5232 εξ]
647 5156 829 5232 Paral.
871 5172 981 5232 ιι,
1004 5158 1093 5214 50.
1168 5162 1196 5203 ιι
1236 5162 1257 5217 ι
1299 5161 1476 5218 Paral.
1514 5179 1583 5232 χ,
1620 5115 1709 5218 12.
1790 5164 1808 5204 ί
1863 5161 1994 5217 ibid.

2205 5158 2293 5213 il
2362 5147 2540 5211 Paral.
2588 5168 2681 5221 xl,
2757 5154 2812 5220 '5,
2890 5153 3085 5210 liihid.
3154 5153 3209 5208 9.
3291 5151 3476 5209 libid.
3542 5149 3637 5206 23o

443 5236 485 5267 ω
527 5227 750 5284 lParal.
795 5241 892 5290 xu,
920 5227 1012 5283 52.

1529 5315 1766 5374 ΥΑΒΙιΕ
1806 5315 2181 5373 LECTIONES
2216 5314 2304 5368 ET
2343 5314 2570 5371 NO'UE.

515 5438 561 5473 “
591 5440 892 5506 Ἥρχογτο
915 5463 983 5506 e-
1007 5433 1248 5503 καιρῶν.
1292 5433 1416 5491 Haec
1437 5435 1636 5491 desunt
1668 5435 1720 5489 in
1761 5434 1883 5489 cod.
1924 5433 2096 5506 Alex._
2120 5444 2176 5487 et
2205 5433 2378 5506 Vatic.
2413 5434 2591 5506 Editio
2625 5441 2807 5506 autem
2833 5430 3052 5506 C_on_ipl.
3084 5438 3141 5506 et
3175 5430 3298 5484 Ald.
3322 5444 3472 5506 _cum
3523 5441 3701 5506 nostra

448 5500 681 5567 lectione
704 5500 1081 5569 consentiunt,
1106 5500 1476 5575 praeterquam
1510 5508 1654 5575 quod
1686 5521 1784 5574 pro
1812 5505 2023 5575 ῇρχοντε

2126 5506 2327 5575 abeant
2348 5503 2632 5575 ἔρχεσθαι..
2708 5503 2752 5575 εξ
2782 5503 2903 5575 cod.
3021 5500 3442 5575 καθεσταμένοι.

3523 5502 3570 5534 ⁸³
3605 5502 3706 5555 Ἐν

445 5580 568 5645 τοῖς
590 5579 915 5646 ἀρώμασιν.
940 5576 1068 5630 Hec.
1108 5569 1268 5647 lectio
1289 5569 1390 5647 est,
1412 5569 1610 5647 καὶλεῐς
1629 5569 1701 5629 τᾶ
1729 5569 2021 5647 ἁρῶμξατα.

2151 5576 2277 5647 cod.
2305 5569 2504 5631 Ο.’ἐ’πί.
2555 5573 2621 5647 ,ξι
2651 5573 2775 5647 cod.
2904 5573 3180 5647 ὴνᾴμησεν
3200 5569 3312 5647 ἐν..-
3358 5569 3405 5602 ⁸⁸
3437 5571 3545 5647 ξος
3568 5570 3703 5639 οὐχί

444 5667 499 5704 κ.
534 5640 588 5702 τ.
706 5640 788 5703 λά
819 5646 1147 5727 tontum_h.ll.
1178 5645 1327 5727 conf.
1350 5645 1533 5727 (μμθζι
1567 5640 2023 5727 ἱη-Πὴςύηιίιῖρε

2130 5685 2144 5701 .
2185 5646 2477 5727 59ξῆδείιᾳ.
2511 5642 2765 5727 ῆδθκοοιιζ
2788 5644 2867 5724 (3ζ
2883 5640 3189 5727 εῐρῄκαίιν.
3346 5643 3473 5727 ςόά.
3506 5644 3574 5696 c.
3611 5658 3706 5727 γετ

444 5717 741 5786 γενημὲνη.
843 5715 888 5748 ⁸⁸
918 5717 1040 5771 cod.
1085 5716 1148 5771 C.
1184 5716 1379 5786 αὐτήν.

1478 5715 1523 5746 ⁸³
1547 5717 1671 5785 cod.
1699 5716 1760 5771 C.
1794 5731 1982 5785 praem.
2023 5716 2151 5769 τῶν.

2265 5715 2314 5748 ⁵⁰
2350 5709 2475 5769 cod.
2508 5712 2673 5781 C.r6t’
2705 5714 2870 5766 αὐτοῦ
2896 5709 3012 5765 τοῦ.
3106 5712 3165 5781 ’ξ
3187 5709 3408 5781 εοάαϐ.
3450 5709 3644 5781 prum.
3671 5713 3700 5767 ὁ

448 5778 747 5856 Δεσπότης.
812 5787 868 5843 .⁸³
906 5786 1072 5843 Abest
1108 5801 1139 5840 a
1182 5778 1395 5842 codfC.
1473 5786 1519 5818 ⁵³
1546 5778 1935 5853 Γεδούρ.Ῥι-ο
1965 5801 2023 5853 γε

2128 5786 2178 5851 δ,
2227 5795 2288 5841 ut
2319 5786 2548 5840 videtur.
2580 5780 2701 5837 Vid.
2725 5800 2779 5854 p.
2816 5783 2940 5849 405,
2972 5783 3094 5837 cod.
3128 5780 3188 5835 C.
3214 5778 3466 5850 Γεδδούρ.
