4038 6214
448 228 549 293 811
1452 223 1942 286 ΠΙΕΟΒΟΒΕΤΙ
1983 228 2325 290 EPISCOPI
2357 231 2726 292 CYRENSIS
3618 237 3714 301 δίε

445 345 673 416 usserit
719 342 1060 397 sacerdotem
1100 338 1281 393 Sadoc
1310 338 1510 393 oderre
1552 340 1821 395 sacriﬁcia
1847 382 1862 406 ,
1901 356 2039 410 quo-

2142 344 2248 396 ὐπὸ
2276 344 2454 413 Μωσῆ
2509 344 3027 413 κατασκευασθεῖσα
3062 346 3234 416 σκηνή
3274 347 3329 399 ἐν
3363 348 3545 421 ἐκείνῃ
3591 353 3709 406 ἐπε-

450 442 595 494 niam
628 434 1035 491 tabernaculum
1068 449 1098 488 a
1131 432 1280 488 Mose
1311 442 1686 488 constructum
1723 435 1778 488 in
1810 451 1870 488 ea
1903 434 2036 489 civi-

2144 434 2316 504 πήγει
2343 437 2410 506 τῇ
2445 436 2621 487 πόλει.
2667 434 2864 490 Ἠνίκα
2896 436 2953 490 δὲ
2985 440 3012 491 6
3042 438 3305 508 θεήλατος
3341 439 3569 503 θάνατος
3620 445 3709 498 ὲπ-

449 542 558 586 tate
593 528 774 584 fuerat
805 527 997 583 fixum.
1031 525 1266 592 Quando
1314 535 1498 580 autem
1539 542 1686 581 mors
1736 541 1765 579 a
1811 525 1921 581 Deo
1952 527 2036 580 in-

2142 525 2345 596 ηνέχθη
2410 526 2489 597 τῷ
2545 527 2678 598 λαῷ,
2740 528 2837 581 καί¹
2891 529 2984 582 τὸν
3036 529 3271 599 ἄγγελον
3329 532 3597 600 ἐπάγοντα
3631 538 3712 591 τὸν

449 619 591 674 ilicta
632 615 735 673 fuit.
776 614 976 686 populo
999 653 1014 678 ,
1063 624 1117 668 et
1153 615 1436 685 conspexit
1465 612 1716 684 angelum
1746 613 2029 669 interitum

2138 617 2363 688 ὄλεθρον
2410 619 2698 685 ἐθεάσατο,
2749 621 2808 672 ὲν
2849 624 2916 692 τῇ
2966 620 3080 692 ἁλῷ
3126 623 3289 692 Ὀρνᾶ
3343 623 3715 696 θυσιαστήριον

449 711 808 773 inferentem,
849 709 905 763 in
942 722 1068 762 area
1098 704 1259 761 Ornze
1285 707 1591 762 construxit
1628 708 1831 771 altare,
1856 716 1911 761 et
1936 721 2032 775 pro

2138 710 2511 781 ᾠκοδόμησεν,
2553 712 2649 763 καὶ
2669 710 2766 781 τὴν
2802 711 2946 781 ὑπὲρ
2988 711 3082 764 τοῦ
3119 711 3252 766 λαοῦ
3306 712 3500 766 θυσίαν
3548 732 3714 786 προσ-

448 804 651 875 populo
687 801 886 857 obtulit
924 799 1261 857 sacrificium
1304 817 1316 852 :
1351 816 1460 854 non
1495 807 1755 870 tanquam
1788 799 2030 854 divinam

2139 801 2370 871 ήνεγκεν
2390 816 2403 830 '
2436 801 2537 870 οὐχ
2561 800 2636 863 ὡς
2665 799 2758 853 τὸν
2785 799 2928 854 θεῖον
2959 801 3319 873 παραϐαίνων
3369 804 3552 873 νόμον,
3599 806 3653 870 ὃς
3674 808 3717 839 τε

449 900 620 969 legem
668 894 1112 966 transgrediens,
1156 907 1278 963 qua:
1315 891 1483 964 jussit
1522 890 1722 947 oﬂerre
1758 892 2029 947 sacriﬁcia

2138 892 2425 945 ἐκέλευσεν
2455 894 2511 946 ὲν
2536 891 2614 963 τῷ
2649 893 2756 963 πρὸ
2802 893 2902 964 τῆς
2952 894 3159 964 σκηνῆς
3209 894 3585 967 θυσιαστηρίῳ
3625 898 3716 961 τὰς

448 992 503 1044 in
535 989 694 1045 altari
726 986 870 1059 quod
901 993 1019 1041 erat
1045 994 1171 1039 ante
1203 983 1615 1038 tabernaculum
1645 1001 1657 1036 :
1691 983 1783 1038 sed
1810 994 2031 1053 prepter

2138 982 2329 1047 θυσίας
2349 984 2687 1056 προσφέρειν
2718 1001 2731 1013 ·
2761 986 2899 1040 ἀλλὰ
2919 986 3010 1040 διὰ
3038 986 3139 1057 τὴν
3156 986 3250 1041 τοῦ
3281 987 3413 1040 λαοῦ
3450 993 3714 1062 τιμωρίαν

446 1082 771 1154 supplicium
795 1094 904 1151 quo
925 1078 1260 1133 afﬁciebatur
1281 1076 1537 1147 populus,
1559 1074 1836 1130 festinavit
1855 1074 2022 1130 Deum

2136 1077 2373 1147 ὴπείχθη
2394 1078 2486 1152 τὸν
2508 1076 2641 1132 Θεὸν
2670 1078 3025 1135 ἱλεώσασθαι.
3051 1080 3226 1133 Τοῦτο
3248 1081 3360 1151 γάρ
3393 1082 3489 1134 καὶ
3510 1084 3545 1152 ή
3578 1084 3712 1136 ἱστο-

449 1172 687 1242 placare.
718 1167 867 1240 ,Nam
914 1168 1018 1222 hoc
1051 1165 1217 1220 etiam
1260 1165 1447 1220 docuit
1488 1164 1740 1220 historia.
1777 1184 1797 1214 ι
1827 1163 2030 1219 Taber-

2139 1169 2230 1239 ρία
2254 1170 2481 1235 ἐδίδαξε.
2526 1190 2544 1224 ι
2607 1171 2710 1226 Καὶ
2748 1175 2781 1242 ή
2831 1173 3008 1243 σκηνή
3054 1172 3186 1244 γὰρ,
3226 1175 3452 1245 φησ“ι⁷⁷,
3495 1176 3713 1246 Κυρίου,

449 1262 703 1316 naculum
735 1258 907 1320 enim,
940 1255 1139 1327 inquit,
1168 1253 1413 1322 Domini,
1446 1256 1592 1325 quod
1620 1254 1823 1310 fecerat
1851 1254 2028 1309 Moses

2133 1262 2200 1333 ἢν
2225 1264 2451 1334 ἐποίησε
2472 1266 2674 1333 Μωσῆς
2691 1266 2751 1317 ὲν
2772 1268 2838 1335 τῇ
2867 1266 3084 1336 ἐρήμῳ,
3115 1266 3211 1319 καὶ
3248 1266 3309 1319 τὸ
3336 1266 3717 1338 θυσιαστήριον

448 1357 501 1409 in
536 1355 781 1417 deserto,
815 1359 869 1405 et
909 1349 1076 1403 altare
1124 1348 1600 1415 holocaustorum,
1651 1348 1706 1403 in
1746 1348 1839 1402 illo
1887 1357 2026 1403 tem-

2133 1353 2241 1407 τῶν
2271 1355 2760 1426 ὁλοκαυτωμάτων,
2791 1358 2849 1409 ὲν
2879 1355 2956 1428 τῷ
3009 1359 3189 1429 καιρῷ
3245 1360 3442 1428 ἐκείνῳ
3500 1354 3628 1429 ἦν⁷⁸
3665 1365 3717 1414 ἐν

445 1460 577 1515 pore
606 1453 761 1498 erant
788 1440 996 1505 Dama},
1028 1455 1152 1510 quae
1179 1448 1264 1495 est
1298 1439 1350 1493 in
1386 1437 1613 1494 Gabaon
1655 1456 1668 1493 :
1710 1448 1763 1495 et
1790 1456 1895 1494 non
1925 1454 2025 1509 po-

2134 1446 2293 1517 Βαμᾷ
2325 1450 2391 1518 τῇ
2420 1450 2477 1501 ἐν
2512 1448 2551 1500 Γ
2556 1447 2743 1502 αὸαών
2766 1465 2780 1479 ·
2815 1450 2911 1501 καὶ
2945 1449 3046 1502 οὐκ
3073 1449 3320 1519 ἠδυνήθη
3345 1451 3388 1483 ⁷³
3431 1451 3599 1522 Δαίῇδ
3630 1452 3715 1504 τοῦ

446 1547 583 1595 terat
614 1535 785 1592 David
813 1536 891 1591 ire
922 1543 1047 1590 ante
1075 1535 1237 1601 illud,
1272 1535 1341 1591 ad
1377 1535 1773 1606 exquirendum
1814 1535 1981 1591 Deum
2008 1576 2022 1600 ,

2134 1537 2469 1608 πορευθῆναι
2496 1539 2811 1610 ἔμπροσθεν
2850 1540 3024 1611 αὐτῆς
3044 1538 3091 1571 ⁸ο
3149 1538 3244 1592 τοῦ
3297 1540 3603 1612 ὲκζητῆσαι
3630 1544 3716 1597 τὸν

442 1634 699 1704 quoniam
729 1646 838 1686 non
870 1630 1061 1684 habuit
1085 1629 1322 1699 spatium
1345 1629 1722 1699 requiescendi
1751 1629 1912 1702 563
1943 1645 2027 1685 co-

2133 1632 2289 1698 Θεον,
2347 1634 2431 1686 ὅτι
2489 1633 2550 1685 οὐ
2569 1632 2613 1664 ⁸¹
2682 1633 3034 1688 κατέπαυσεν
3092 1634 3201 1688 ἀπὸ
3263 1637 3566 1705 προσώπου
3626 1638 3716 1706 τῆς

445 1743 558 1781 ram
590 1724 770 1796 gladio
803 1722 982 1795 angeli
1013 1720 1232 1775 Domini
1258 1730 1303 1772 ι.
1329 1739 1350 1774 ι
1384 1721 1585 1777 Deinde
1615 1722 1794 1777 locum
1832 1723 1885 1777 in
1916 1739 2026 1793 quo

2129 1722 2403 1793 ῥομφαίας
2428 1723 2522 1777 τοῦ
2556 1724 2790 1793 ἀγγέλου
2826 1724 3056 1795 Κυρίου.
3093 1744 3112 1777 ι
3153 1721 3286 1780 Εἶτα
3314 1728 3406 1780 τὸν
3434 1728 3630 1793 τόπον,
3662 1729 3716 1780 ἐν

445 1818 615 1874 Deum
646 1816 901 1888 placavit,
938 1813 1211 1871 sacrificio
1249 1813 1434 1869 oblato
1466 1816 1843 1880 consecravit,
1881 1825 1939 1870 ut
1970 1816 2023 1869 in

2126 1809 2171 1882 ᾧ
2197 1816 2287 1868 τὸν
2322 1816 2454 1869 Θεὸν
2485 1816 2749 1871 ίλεὼσατο
2775 1818 2874 1887 τὴν
2903 1818 3095 1872 θυσίαν
3122 1821 3535 1891 προσενεγκὼν,
3560 1822 3712 1891 ἀφιέ-

444 1927 506 1967 co
536 1910 899 1963 :edilicarctur
925 1909 940 1928 ⁵
973 1907 1236 1976 templum
1263 1905 1377 1961 Dei.
1409 1923 1428 1957 ι
1454 1904 1597 1959 Dixit
1617 1906 1784 1970 enim,
1813 1906 1984 1976 inquit
2009 1924 2022 1961 :

2130 1925 2327 1977 ρωσεν,
2357 1909 2498 1962 ὥστε
2541 1911 2598 1964 ἐν
2628 1909 2779 1981 αὐτῷ
2807 1910 2900 1964 τὸν
2932 1913 3073 1964 θεῖον
3103 1912 3531 1983 οἰκοδομηθῆναι
3571 1915 3709 1969 ναόν.

448 2002 571 2057 ΙΙωο
600 2009 716 2066 est,
750 2000 946 2054 domus
977 1998 1110 2063 Dei,
1158 2006 1214 2052 et
1244 1998 1348 2053 hoc
1373 1998 1547 2052 altare
1570 1998 1649 2053 'ad
1682 1998 2022 2054 offerendum

2133 2018 2150 2051 ι
2188 1997 2323 2054 Eine
2369 2001 2500 2072 γάρ,
2537 2001 2692 2072 φησὶ,
2738 2002 2923 2069 Δαϐὶδ,
2973 1995 3142 2067 Οὗτός
3191 2005 3340 2058 ἐστιν
3374 2008 3403 2059 6
3446 2001 3597 2071 οἶκος
3624 2007 3711 2060 τοῦ

444 2094 827 2151 holocaustum
861 2090 1026 2147 Israel
1061 2098 1106 2144 ⁸.
1146 2110 1164 2141 ι
1201 2089 1356 2156 Quod
1392 2103 1574 2145 autem
1602 2107 1709 2145 non
1746 2093 1817 2146 sit
1847 2108 2027 2162 repre-

2126 2092 2263 2145 Θεοῦ
2283 2094 2348 2158 ⁸1,
2396 2094 2491 2149 καὶ
2522 2094 2682 2147 τοῦτο
2711 2094 2772 2147 τὸ
2806 2095 3197 2167 θυσιαστήριον
3225 2100 3306 2161 είς
3344 2099 3714 2156 ὁλοκαύτωσιν

442 2192 652 2242 hensus
691 2184 882 2255 procul
915 2199 944 2238 a
970 2184 1339 2247 jtahernaculo
1370 2183 1607 2238 oﬂcrens
1649 2184 1980 2239 sacrificium
2008 2224 2022 2249 ,

2126 2185 2204 2257 τῷ
2263 2186 2499 2258 Ἰσραήλ.
2533 2205 2552 2238 1
2611 2187 2734 2240 Ὅτι
2786 2185 2902 2242 δὲ⁸³
2946 2189 3047 2243 οὐκ
3084 2190 3345 2261 ἐμέμφθη
3387 2195 3578 2265 πόρρω
3620 2195 3714 2265 τῆς

443 2282 606 2335 docet
636 2277 886 2332 historia.
939 2274 1156 2331 Hostias
1191 2274 1337 2330 enim
1385 2276 1687 2331 combussit
1726 2292 1836 2331 non
1885 2276 2026 2346 ignis

2129 2280 2340 2350 σκηνῆς
2366 2280 2467 2348 τὴν
2493 2279 2682 2333 θυσίαν
2711 2280 3171 2354 προσενεγκὼν,ή
3207 2285 3424 2354 ἱστορία
3453 2287 3707 2343 διδάσκει.

447 2387 610 2426 manu
651 2369 867 2433 factus,
919 2369 1012 2423 sed
1065 2386 1096 2422 e
1147 2367 1287 2422 caelo
1328 2369 1600 2423 demissus
1644 2387 1656 2421 :
1705 2386 1724 2419 ι
1758 2367 2026 2424 Clamavit

2128 2372 2209 2425 Τὰ
2257 2370 2366 2443 γάρ
2414 2373 2584 2442 ἱερεῖα
2632 2374 2971 2427 κατέκαυσεν
3015 2376 3075 2427 οὐ
3122 2379 3508 2448 χειροποίητον
3567 2386 3710 2451 πῦρ,

443 2464 588 2518 cutim
611 2505 625 2530 ,
672 2463 888 2534 inquit,
936 2462 1103 2518 David
1135 2464 1202 2518 ad
1229 2462 1541 2529 Dominum,
1570 2472 1623 2515 et
1650 2461 1859 2516 audivit
1896 2475 2022 2514 eum

2123 2466 2239 2520 ἀλλ’
2271 2466 2565 2536 οὐρανόθεν
2622 2467 3041 2537 καταπεμφθέν.
3083 2487 3102 2520 ι
3143 2470 3369 2541 Ἐϐὁησε
3405 2474 3537 2543 γάρ,
3566 2475 3709 2544 φησὶ,

446 2558 708 2613 Dominus
743 2558 795 2611 in
829 2557 956 2628 igne
997 2573 1028 2611 θ
1071 2556 1212 2612 caelo
1256 2557 1322 2611 ad
1366 2556 1537 2610 altare
1586 2551 1888 2609 ltolocattsti
1926 2552 1969 2604 ‘.
1998 2570 2017 2603 1

2123 2557 2291 2611 Δαδὶδ
2320 2558 2456 2631 πρὸς
2496 2558 2724 2629 Κύριον,
2771 2560 2865 2613 καὶ
2898 2562 3131 2630 ἤκουσεν
3149 2561 3197 2594 ’δ
3223 2564 3393 2617 αὑτοῦ
3428 2567 3630 2638 Κύριος
3658 2570 3709 2619 ὲν

442 2649 617 2703 Jussit
644 2648 806 2702 etiam
845 2646 1122 2701 numerari
1168 2662 1361 2703 omnes
1394 2647 1701 2716 proselytos
1737 2663 1749 2698 :
1793 2652 1848 2698 et
1886 2642 2023 2698 alios

2127 2653 2260 2725 πυρὶ
2278 2654 2325 2685 ⁸⁸
2376 2654 2441 2706 ἐκ
2489 2651 2580 2707 τοῦ
2630 2653 2860 2725 οὐρανοῦ
2923 2655 3017 2708 ἐπὶ
3064 2655 3127 2709 τὸ
3179 2655 3577 2731 θυσιαστήριον
3620 2660 3710 2729 τῆς

439 2742 659 2811 quidem
683 2739 811 2795 fecit
834 2739 1122 2809 lapicidas,
1154 2738 1478 2808 aliosjussit
1511 2746 1729 2808 portare
1757 2752 1851 2790 cos
1882 2734 2022 2804 lapi-

2122 2745 2561 2809 όλοκαυτώσεως.
2613 2764 2631 2797 ι
2692 2746 2980 2801 Ἐκέλευσε
3009 2748 3065 2801 δὲ
3111 2750 3206 2802 καὶ
3241 2750 3454 2815 πάντας
3482 2751 3711 2821 ἀριθμη-

439 2835 537 2887 ιέυε
568 2833 661 2902 qui
697 2831 1044 2887 secabantur.
1062 2829 1332 2884 Blandavit
1362 2835 1542 2884 autem
1580 2837 1639 2883 ut
1687 2828 1741 2881 in
1773 2826 2021 2896 lapicidi-

2124 2836 2283 2906 θῆναι
2316 2838 2441 2901 τοὺς
2480 2837 2860 2909 προσηλύτους
2890 2857 2903 2871 ’
2958 2841 3052 2894 καὶ⁵
3095 2842 3221 2905 τοὺς
3258 2844 3357 2912 μὲν
3404 2844 3712 2914 λιθοτόμους

442 2925 527 2978 nis
555 2923 764 2994 lapides
800 2923 1136 2977 mederentur
1166 2919 1585 2991 et-polirentur,
1614 2929 1778 2988 atque
1814 2918 1886 2972 ita
1918 2916 2022 2971 de-

2122 2928 2390 2999 ἀπέφηνε,
2451 2930 2580 2993 τοὺς
2631 2930 2689 2983 δὲ
2744 2931 3136 3002 μετακομίζειν
3169 2933 3297 2997 τοὺς
3345 2936 3710 3006 τεμνομένους

440 3019 566 3073 inde
607 3026 1044 3086 asportarentur.
1086 3014 1223 3069 Illud
1269 3028 1437 3084 porro
1471 3031 1483 3066 :
1527 3030 1546 3064 ι
1584 3010 1665 3066 Tu
1699 3025 1807 3067 non
1851 3009 2020 3065 aediﬁ-

2122 3018 2366 3083 λίθους⁸⁶
2404 3020 2757 3091 προσέταξεν.
2818 3023 3156 3078 Ἐνετείλατο
3190 3025 3248 3078 δὲ
3282 3026 3412 3091 τοὺς
3444 3027 3622 3090 λίθους
3658 3030 3710 3080 ἐν

440 3110 592 3163 cultis
625 3109 847 3163 domum
877 3105 1082 3160 nomini
1118 3118 1272 3168 meo,
1313 3102 1574 3172 quoniam
1624 3100 1858 3155 multum
1896 3113 2022 3154 san-

2219 3070 2232 3072 _
2253 3070 2304 3083 -,
2410 3070 2470 3091 ,τ
2490 3070 2501 3073 -
2521 3070 2569 3074 --
2835 3070 3153 3078 -.-η--.κη
3193 3070 3248 3078 ν-
3290 3070 3409 3091 .--ν
3445 3070 3621 3090 ...πη
3659 3070 3707 3080 -.

2125 3114 2318 3175 αὐταῖς
2337 3115 2457 3176 ταῖς
2476 3113 2813 3184 λιθοτομίαις
2836 3116 3224 3188 καθαιρεῖσθαι
3245 3120 3342 3172 καὶ
3363 3121 3707 3188 ἀποξέεσθαι,

441 3201 658 3267 guinem
696 3199 935 3255 etIndisti
966 3211 1132 3266 super
1163 3205 1363 3251 terram
1393 3209 1578 3249 coram
1611 3208 1701 3247 me
1730 3202 1789 3257 ιι,
1829 3210 1848 3242 ι
1890 3198 2021 3260 puto

2127 3198 2229 3258 εἴθ’
2257 3204 2401 3258 οὕτω
2438 3207 2926 3276 μετακομίζεσθαι.
2961 3209 3033 3261 Τὸ
3063 3209 3139 3276 δὲ,
3178 3228 3197 3262 ι
3229 3213 3299 3265 Σὺ
3319 3213 3365 3245 ⁸⁷
3397 3216 3499 3269 οὐκ
3529 3214 3711 3268 οἰκοδο-

439 3309 558 3349 esse
585 3293 787 3348 dictum
810 3291 874 3346 ad
900 3290 1186 3346 utilitatem
1216 3301 1408 3342 eorum
1463 3286 1555 3356 qui
1583 3283 1823 3341 nefarias
1846 3283 2020 3338 caedes

2131 3298 2328 3368 μήσεις
2354 3293 2503 3351 οἷκον
2532 3299 2610 3368 τῷ
2635 3299 2862 3369 ὀνόματί
2893 3318 3016 3371 μου,
3062 3302 3145 3357 ὅτι
3178 3305 3392 3373 αἵματα
3425 3307 3597 3360 πολλὰ
3627 3308 3708 3372 ἐξα

439 3385 809 3441 ρυιιιιιιῐιιιιιιι.
839 3383 961 3437 Non
990 3382 1137 3435 enim
1167 3380 1234 3435 de
1257 3379 1404 3450 jnsta
1437 3376 1587 3432 caede
1620 3391 1800 3445 regem
1830 3388 2019 3443 repre-

2127 3389 2287 3459 ἐχεας
2316 3391 2408 3442 ἐπὶ
2435 3389 2537 3459 τῆς
2555 3391 2659 3460 γῆς
2680 3391 2922 3445 ἐναντίον
2953 3410 3076 3464 μου,
3112 3413 3131 3445 ›
3166 3396 3425 3467 εἰρῆσθαι
3455 3394 3606 3468 οἶμαι
3634 3399 3706 3463 εἰς

442 3478 756 3542 hendisset,
790 3475 885 3545 qui
914 3474 1118 3544 justam
1148 3472 1350 3527 caadem
1373 3512 1388 3536 ,
1436 3484 1600 3540 quam
1643 3468 1845 3523 fecerat
1890 3465 2019 3520 Phi-

2130 3480 2398 3549 ὠφέλειαν
2429 3481 2537 3533 τῶν
2565 3481 2665 3543 τὰς
2699 3483 3011 3553 μιαιφονίας
3040 3465 3449 3558 ἐργαζομένων.
3611 3490 3709 3556 γὰρ

440 3586 588 3637 necs,
612 3568 902 3639 appellavit
921 3564 1275 3621 sacrificium.
1299 3562 1365 3616 Et
1388 3562 1606 3631 quidem
1638 3560 1869 3615 Phinecs
1899 3560 2019 3613 latt-

2125 3572 2193 3626 ἂν
2226 3573 2436 3627 δίκαιον
2466 3573 2626 3643 φόνον
2661 3575 3021 3646 ὲπεμέμψατο
3066 3578 3294 3648 βασιλεῖ,
3326 3581 3357 3633 6
3411 3582 3506 3634 τοῦ
3539 3580 3710 3640 Φινεὲς

440 3665 741 3725 datuserat
769 3658 1046 3714 sacerdos.
1089 3675 1108 3708 ι
1142 3653 1374 3708 Phinoes
1396 3654 1539 3709 enim
1569 3695 1583 3721 ,
1622 3652 1834 3721 inquit,
1874 3651 2018 3706 ﬁlius

2124 3665 2217 3719 τὸν
2248 3666 2456 3721 δίκαιον
2494 3669 2652 3736 φόνον
2700 3667 2891 3722 θυσίαν
2940 3670 3416 3742 προσαγορεύσας.
3451 3671 3705 3729 Καίτοι⁸⁶

440 3751 694 3815 Eleazar,
722 3747 986 3818 repressit
1014 3746 1152 3801 iram
1186 3760 1358 3799 meam
1377 3786 1394 3809 ,
1430 3758 1496 3798 eo
1526 3742 1670 3813 quod
1702 3743 1820 3812 ipse
1847 3758 2019 3797 temu-

2125 3758 2312 3822 Φινεὲς
2339 3759 2519 3829 ἱερεὺς
2543 3755 2612 3830 ἦν
2641 3761 3051 3831 ἐπαινούμενος.
3100 3781 3117 3813 ι
3147 3763 3331 3826 Φινεὲς
3365 3763 3498 3836 γάρ,
3530 3764 3705 3834 φησὶν,

443 3844 583 3899 latus
633 3850 715 3896 est
759 3839 937 3895 zelum
986 3853 1163 3892 meum
1194 3844 1245 3890 τ.
1276 3854 1295 3887 ι
1331 3833 1451 3904 ipse
1492 3848 1710 3904 quoque
1750 3833 2017 3903 propheta

2126 3851 2241 3916 υἱὸς
2276 3851 2541 3923 Ἐλεάζαρ
2584 3851 2779 3921 ἔστησε
2803 3851 2850 3885 ⁸³
2888 3854 2980 3907 τὸν
3017 3853 3186 3923 θυμόν
3223 3871 3326 3924 μου
3368 3833 3456 3909 ὲν-
3486 3855 3563 3924 τῷ
3594 3833 3705 3921 ζη-

443 3932 614 3986 David
641 3930 772 3985 dixit
806 3937 930 3999 post
957 3928 1156 3982 multas
1187 3927 1568 3998 generationes
1598 3945 1610 3982 :
1645 3945 1665 3979 ‹
1702 3926 1865 3982 Stetit
1887 3925 2017 3981 Phi-

2126 3943 2298 3998 λῶσαι
2347 3942 2510 3997 αὐτὸν
2540 3942 2632 3996 τὸν
2662 3943 2827 4013 ζῆλόν
2861 3962 2982 4015 μου.
3020 3965 3039 3996 ι
3101 3944 3209 3998 Καὶ
3238 3945 3404 4010 αὐτὸς
3434 3947 3492 4000 δὲ
3524 3949 3552 4000 6
3584 3960 3705 4016 προ-

434 4038 600 4087 nees,
625 4031 678 4078 et
704 4021 974 4092 placavit,
1005 4028 1060 4074 et
1091 4020 1324 4075 cessavit
1353 4019 1634 4089 quassatio
1667 4037 1680 4073 :
1711 4029 1766 4075 et
1794 4028 2018 4088 reputa-

2126 4036 2305 4106 φήτης
2350 4033 2517 4087 Δασὶδ
2551 4034 2688 4104 μετὰ
2722 4034 2925 4097 πολλὰς
2954 4035 3059 4105 ἔφη
3091 4037 3285 4105 γενεάς
3311 4045 3332 4069 ὀ
3391 4054 3408 4084 ι
3444 4037 3556 4090 Καὶ
3588 4037 3707 4103 ἔστη

441 4128 554 4173 “1m
580 4124 664 4174 εει
696 4114 746 4170 εί
787 4129 886 4184 1)νο
914 4113 1129 4185 Ῐαεῑῖιίθ
1167 4113 1221 4168 in
1259 4113 1665 4205 Βοηθῗὲιίθηθιη
1704 4123 1759 4169 ει
1792 4129 2019 4185 genera‘
2125 4127 2333 4191 Φινεὲς,
2371 4128 2466 4181 καὶ
2497 4126 2803 4195 ἄξιλάσατο,
2840 4130 2935 4185 καὶ
2968 4132 3293 4205 ὲκόπασενή
3328 4132 3582 4202 θραῦσις,
3621 4132 3708 4184 καὶ

441 4209 640 4265 tionem
677 4221 848 4277 usque
881 4205 934 4261 in
968 4206 1229 4261 saeculum
1256 4214 1306 4261 ι.
1343 4224 1362 4257 ι
1396 4204 1578 4262 Moses
1604 4219 1822 4275 quoque
1853 4205 2016 4276 legis-

2125 4217 2381 4285 ἐλογίσθη
2402 4218 2551 4287 αὐτῷ
2583 4220 2663 4282 είς
2682 4219 3052 4291 δικαιοσύνην,
3077 4223 3156 4284 εἰς
3180 4204 3379 4289 γενεὰν
3402 4223 3499 4276 καὶ
3525 4219 3709 4290 γενεάν

437 4303 576 4358 lator
607 4298 882 4356 interfecit
904 4307 934 4349 ῖ
967 4306 1049 4354 ter
1079 4298 1249 4364 mille,
1279 4298 1373 4368 qui
1405 4298 1580 4352 vitulo
1610 4313 1669 4353 se
1697 4297 1861 4370 564
1888 4313 2019 4355 con-

2127 4311 2231 4374 ἕως
2260 4309 2354 4363 τοῦ
2386 4310 2603 4374 αἰῶνος.
2637 4330 2656 4363 ›
2693 4314 2803 4366 Καὶ
2829 4314 3036 4383 Μωσῆς
3059 4315 3114 4366 δὲ
3141 4315 3169 4366 6
3189 4314 3496 4386 νομοθέτης
3518 4327 3706 4383 τρισχι-

435 4402 823 4462 sacraverant,
857 4391 1065 4447 Levitis
1099 4408 1235 4447 usus
1270 4392 1644 4458 administris;
1686 4402 1742 4448 et
1784 4409 2017 4464 magnus

2126 4395 2272 4460 λίους
2306 4397 2484 4450 ἀνεῖλε
2532 4399 2891 4464 τελεσθέντας
2925 4401 3002 4472 τῷ
3040 4402 3226 4473 μόσχῳ
3247 4444 3262 4469 ,
3312 4406 3431 4467 τοῖς
3462 4403 3705 4461 Λευῖταις

438 4488 661 4544 Samuel
689 4502 789 4542 sua
818 4502 981 4541 manu
1015 4485 1217 4541 occidit
1246 4486 1492 4554 Agagum
1519 4494 1576 4553 z;
1614 4500 1844 4553 magnus
1876 4503 2015 4550 quo-

2122 4489 2468 4561 χρησάμενος
2516 4491 2845 4561 ὑπουργοτςο
2888 4495 2985 4547 καὶ
3020 4494 3277 4565 Σαμουὴλ
3322 4495 3382 4548 δὲ
3403 4496 3451 4527 ⁹⁶
3479 4495 3508 4546 6
3544 4491 3704 4563 μέγας

435 4594 539 4647 que
564 4578 725 4634 'Elias
759 4575 1034 4634 interfecit
1064 4589 1091 4618 ει
1138 4576 1481 4646 octingentos
1525 4584 1579 4631 et
1620 4577 2015 4648 quinquaginta

2123 4582 2379 4654 αὐτόχειρ
2406 4583 2622 4651 ἐγένετο
2646 4584 2742 4638 τοῦ
2785 4587 3002 4655 Ἀγαγ·
3052 4588 3148 4640 καὶ
3193 4587 3381 4651 Ἠλίας
3415 4590 3445 4641 6
3481 4581 3700 4657 μέγας⁹¹

438 4672 729 4742 prOphetas
756 4679 810 4727 et
834 4672 1148 4729 sacerdotes
1167 4669 1368 4725 Baalis.
1400 4669 1590 4739 Itaque
1611 4669 1682 4724 ob
1703 4670 1864 4725 aliam
1885 4686 2017 4726 cau-

2124 4673 2461 4740 πεντήκοντα
2513 4673 2649 4744 πρὸς
2701 4676 2815 4737 τοῖς
2870 4677 3214 4740 ὀκτακοσίοις
3247 4677 3562 4731 κατέκτεινε
3607 4667 3695 4721 τοῦ

512 4813 535 4841 τ
568 4802 590 4855 l
625 4804 810 4877 gara].
839 4804 1107 4877 “1,29,
1142 4803 1234 4859 50.
1282 4814 1338 4877 __'
1377 4803 1608 4877 I_Paral.
1640 4817 1786 4877 χχιι)
1823 4803 1871 4856 l.
1933 4803 2028 4877 A'_l
2067 4804 2105 4858 P

2095 4808 2243 4859 ’aral.
2287 4822 2375 4859 ut
2402 4847 2416 4871 ,
2451 4804 2538 4859 ‘26.
2614 4816 2642 4845 τι
2679 4807 2694 4860 Ι
2727 4808 2905 4863 Paral.
2972 4827 3085 4865 xxn
3112 4852 3125 4877 ,
3168 4812 3220 4866 8.
3301 4823 3329 4851 ν
3358 4811 3513 4865 Num.
3556 4818 3690 4865 xxv,

443 4873 529 4927 H.
563 4886 590 4914 ι
624 4872 767 4929 Psal.
806 4888 907 4940 cv,
940 4875 1131 4940 30,51.
1210 4883 1239 4922 Υ
1282 4873 1454 4927 Exod.
1489 4889 1636 4926 xxxii
1662 4914 1677 4937 ,
1706 4873 1796 4927 28.
1878 4884 1899 4909 ι
1933 4875 1949 4927 l
1980 4872 2038 4928 Βι

1489 4889 1636 4926 xxxu
1662 4914 1677 4937 ,
1706 4873 1796 4927 28.
1878 4884 1899 4909 ι
1933 4875 1949 4927 l
1980 4872 2111 4945 Reg.
2147 4893 2250 4944 xv,
2284 4878 2373 4930 55.
2456 4891 2481 4916 υ
2521 4877 2585 4930 lll
2618 4878 2749 4949 Reg.
2785 4896 2938 4946 xvm,
2972 4882 3058 4936 ιΙΟ.

1531 5053 1764 5108 VARUE
1805 5054 2189 5111 LECTlONlﬂS
2232 5055 2319 5110 ET
2359 5056 2592 5113 ΝΟΤίῈ.

510 5185 555 5218 ⁷⁸
582 5188 703 5263 cod.
828 5188 1196 5263 6_vap-v6po;.
1271 5192 1315 5263 ’Τ
1348 5191 1471 5259 Γὰρ
1493 5234 1506 5257 ,
1534 5190 1709 5263 φησι.
1741 5189 1861 5245 Des.
1894 5192 1945 5244 in
1974 5192 2094 5246 cod.

2122 5194 2183 5247 C.
2261 5195 2306 5225 ⁷⁸
2328 5190 2437 5245 Ἦν
2458 5204 2509 5247 et
2530 5194 2592 5263 τῇ
2617 5194 2734 5247 des.
2762 5193 2816 5247 in
2846 5194 2968 5247 cod.
3002 5190 3064 5248 C.
3144 5193 3190 5224 τ’
3220 5193 3346 5258 cod,
3375 5193 3438 5247 C.
3460 5190 3710 5261 ἐδυνήθη,

444 5259 484 5290 ⁸⁸
501 5258 621 5312 cod.
642 5258 705 5311 Ο.
724 5257 910 5332 αὑτοῦ.
934 5256 967 5332 _'
988 5256 1032 5288 ⁸¹
1050 5260 1144 5332 pi:
1166 5256 1570 5332 κατέπαυονεή
1599 5260 1726 5315 nec.
1742 5263 1924 5325 lectio,
1950 5278 2039 5331 qu:

2112 5264 2294 5317 .ctiam
2317 5256 2713 5332 editioCdinpl.
2752 5264 2784 5318 l.
2804 5279 2853 5317 e.
2883 5280 2934 5321 v.
2957 5264 3046 5329 ⁸50,
3070 5263 3312 5324 exhibet,
3334 5256 3458 5328 est,
3494 5265 3554 5316 οὐ
3583 5256 3707 5314 κατ-

436 5330 827 5402 Εσπευσεν.ε(τ11
847 5328 1015 5383 codex
1040 5328 1322 5393 Cantahr.,
1341 5341 1476 5387 teste
1493 5332 1678 5392 Bosio,
1699 5340 1751 5385 et
1770 5334 1893 5385 cod.
1914 5328 1979 5385 (ἒξ
1996 5333 2027 5385 11

2116 5343 2181 5399 et,
2206 5336 2572 5395 κατέπαυσεν,
2592 5328 2795 5387 omissa
2823 5328 3107 5402 partimin).
3127 5335 3207 5387 Ad
3235 5334 3404 5386 aliam
3428 5333 3711 5387 lectionem

441 5399 731 5469 respiciant
760 5412 979 5469 necesse
1003 5408 1106 5462 est,
1128 5416 1256 5469 quae
1298 5403 1490 5458 Bosius
1516 5406 1568 5456 in
1604 5403 1742 5456 notis
1768 5403 1834 5456 ad
1859 5404 1894 5455 Ι.
1926 5419 1973 5457 c.
2006 5406 2262 5458 observat
2289 5423 2303 5458 :
2346 5428 2361 5455 ι
2405 5404 2599 5457 Varius
2642 5405 2743 5457 hoc
2774 5399 2896 5457 loco
2922 5406 3133 5458 videtur
3162 5403 3338 5457 fuisse
3399 5402 3690 5457 Theodore

441 5468 550 5543 tus,
589 5485 714 5543 nam
749 5468 804 5543 in
832 5468 1461 5543 recitatione’verbnrum
1503 5474 1715 5526 videtur
1742 5475 2085 5541 negationem
2128 5475 2187 5526 οὐ
2229 5476 2499 5543 posuisse,
2538 5490 2646 5527 non
2680 5474 2929 5543 posuisse
2963 5475 3017 5527 in
3058 5472 3435 5543 explicatione
3492 5481 3709 5543 senten-

444 5540 549 5591 tiae.
577 5558 595 5589 ι
632 5539 677 5570 ⁸³
705 5537 829 5591 cod.
950 5554 1136 5612 praept.
1178 5542 1403 5611 Κυρίου.
1480 5544 1525 5575 ⁸³
1560 5542 1650 5596 Δέ.
1696 5537 1862 5597 Abest
1898 5560 1926 5596 a
1965 5559 2039 5597 eoi

2117 5546 2171 5597 [Σ.
2199 5537 2245 5573 εί
2273 5548 2389 5599 cod.
2423 5537 2492 5598 (3.
2525 5537 2850 5612 ἐπήκουσεν.
2929 5546 2974 5576 ⁸⁸
3041 5537 3146 5597 Ἐκ
3176 5542 3344 5608 πυρί.
3383 5543 3440 5595 In
3485 5543 3610 5596 end.
3649 5540 3712 5596 C.

442 5611 659 5678 ponitur
691 5616 820 5678 post,
850 5608 1103 5677 οὐρανοῦ.
1180 5612 1225 5642 ⁸⁸
1261 5608 1643 5678 Προσέταξεν
1673 5645 1739 5653 -—
1763 5616 1998 5678 λίθους.

2137 5632 2182 5670 s.
2212 5617 2264 5669 in
2308 5618 2429 5669 eod.
2465 5616 2526 5669 C.
2608 5608 2654 5645 ‘7
2679 5616 2782 5667 Σύ.
2816 5615 2940 5668 Des.
2977 5614 3029 5667 in
3075 5613 3197 5668 eod.
3231 5615 3294 5664 υ.
3401 5613 3452 5643 ⁸⁸
3483 5613 3729 5666 Καίτοι..

441 5675 563 5732 cod.
593 5676 653 5733 C.
685 5677 732 5729 6.
806 5677 851 5712 δ’
884 5675 1167 5744 Ἔστησε.
1204 5675 1318 5735 Pro
1334 5675 1671 5752 κατέπαυσε,
1702 5694 1760 5738 ιιι
1796 5685 1829 5736 1.
1868 5700 1915 5739 c.
1949 5675 2030 5756 leg

1971 5686 2164 5756 egitur.
2243 5688 2288 5716 νο
2329 5688 2419 5740 Δέ.
2453 5686 2621 5741 Abest
2663 5700 2691 5737 a
2729 5686 2850 5739 cod.
2882 5685 2942 5738 C.
3021 5684 3063 5716 "
3094 5683 3215 5738 cod.
3238 5679 3304 5735 C.
3328 5681 3359 5733 6
3393 5682 3566 5740 πάνυ.
