4038 6214
451 222 556 292 815

1443 230 1937 294 THEODORETI
2009 235 2127 294 EPI
2137 236 2346 295 SCOPI
2399 237 2766 298 CYRENSIS

3595 257 3713 321 ’816

451 352 505 392 et
532 337 782 406 citharis,
818 339 1122 396 servientes
1159 341 1346 398 domui
1382 341 1494 411 Dei,
1531 347 1869 402 adluerentes
1897 347 2027 416 regi,

2135 364 2217 400 τοι
2253 348 2358 402 υἱοὶ
2391 349 2486 402 τοῦ
2517 351 2698 421 Αίμάν
2725 351 2816 404 τοῦ
2851 352 3084 424 ὁρῶντος
3115 355 3190 427 τῷ
3221 357 3434 430 βασιλεί
3463 361 3520 414 ὲν
3545 361 3707 433 λόγοις

451 442 504 488 et
524 434 731 504 Asapb,
763 445 817 491 et
847 436 1112 501 Itiilhllm,
1147 447 1202 492 et
1231 436 1430 492 IEmau
1467 440 1512 493 ἰ.
1556 459 1575 492 ι
1609 439 1785 511 Magni
1819 457 2034 509 quoque

452 523 619 582 Hosis
645 534 868 597 nepotes
896 529 1184 583 constituit
1215 529 1469 585 custodes
1495 545 1774 586 Sacrorum
1813 532 2034 587 thesau-

452 634 662 673 rorum.
700 618 757 674 In
790 619 862 676 iis
896 630 1077 677 autem
1118 623 1522 692 reponebantur
1554 631 1610 677 et
1637 639 1758 693 qua:
1784 641 1848 679 ex
1877 626 2032 682 bellis

450 719 610 782 capta
642 721 799 767 erant
829 714 1024 784 spolia,
1057 722 1113 769 et
1143 714 1286 770 dona
1319 732 1440 786 quae
1479 715 1590 771 Deo
1621 718 2028 774 oll‘erebantur:

456 821 475 856 ι
517 805 907 874 Quaecunque,
962 807 1163 876 inquit,
1213 809 1575 864 sanctiﬁcavit
1612 811 1778 865 David
1827 829 1943 879 rex,
1979 824 2033 870 et

450 898 730 968 principes
766 897 931 970 566
955 898 1307 965 familiarum,
1342 902 1563 968 tribuni,
1581 912 1634 959 et
1657 905 2028 971 centuriones,

451 995 506 1042 et
533 988 813 1058 principes
843 989 1142 1055 exercitus,
1177 1005 1294 1059 quae
1324 1002 1654 1062 acceperunt
1688 1010 1754 1049 ex
1801 997 1954 1052 bellis
1980 1007 2034 1053 ct

452 1095 516 1135 ex
553 1080 764 1147 spoliis,
795 1090 850 1136 et
881 1082 1206 1138 santiﬁcavit
1255 1083 1323 1138 de
1350 1085 1506 1155 ipsis,
1538 1096 1596 1142 ut
1627 1103 1732 1142 non
1777 1090 2034 1146 deﬁceret

449 1169 739 1227 aediﬁcatio
785 1172 986 1228 domus
1029 1172 1242 1228 Domini
1277 1194 1290 1229 :
1321 1185 1375 1230 et
1414 1193 1580 1247 super
1625 1180 1807 1233 omnia
1843 1189 2032 1237 sancta

451 1262 922 1334 Dei,quazcunque
957 1267 1396 1324 sanctiﬁcaverat
1422 1275 1439 1291 ‘
1474 1271 1693 1328 Samuel
1726 1276 1936 1340 videns,
1977 1284 2034 1330 et

452 1352 586 1407 Saul
640 1355 777 1435 ﬁlius
818 1355 933 1421 Cis,
988 1366 1042 1412 et
1079 1357 1264 1414 Abner
1294 1361 1440 1417 ﬁlius
1473 1361 1600 1429 Ner,
1649 1375 1700 1419 et
1723 1363 1860 1420 Joab
1893 1367 2032 1422 ﬁlius

2135 427 2315 496 Θεοῦ³
2343 444 2438 497 τοῦ
2487 444 2702 514 ὑψῶσαι
2757 447 2946 518 κέρας.
2993 448 3107 501 Καὶ
3150 427 3352 506 ἔδωκεν
3397 454 3426 506 6
3472 427 3706 532 BEDC'CIE;

2134 535 2312 606 Αίμάν
2365 537 2516 600 υἱοὺς
2567 537 2836 610 τέσσαρας
2899 541 2994 594 καὶ
3047 542 3204 609 δέκα,
3264 546 3362 599 καὶ
3417 546 3710 621 θυγατέρας

2136 631 2307 699 τρεῖς.
2337 629 2545 693 Πάντες
2569 629 2713 684 οὗτοι
2753 634 2893 702 μετά
2923 634 3015 687 τοῦ
3048 635 3256 706 πατρὸς
3287 639 3466 711 αὐτῶν
3493 641 3711 711 ὑμνοῦν-

2132 739 2222 785 τες
2253 723 2311 775 ὲν
2343 723 2477 793 οἴκῳ
2507 724 2715 794 Κυρίου
2749 726 2807 778 ὲν
2851 725 3174 796 κυμϐάλοις,
3228 707 3330 784 καῗ
3350 732 3444 784 ὲνδ
3477 707 3709 804 νάϐλαις,

2133 816 2230 869 καὶ
2265 815 2534 886 κινύραις,
2568 817 2650 880 εἰς
2675 815 2774 888 τὴν
2806 817 3057 872 δουλείαν
3100 820 3251 874 οῖκου
3283 822 3380 876 τοῦ
3413 824 3568 893 Θεοῦ,
3601 827 3712 899 ἑχό-

2135 923 2288 974 μενοι
2332 905 2428 960 τοῦ
2461 906 2751 976 βασιλέως,
2804 910 2900 962 καὶ
2931 909 3133 979 ’Δσάφ,
3183 913 3278 966 καὶ
3321 914 3581 986 Ἰδιθοὺμ,
3623 920 3711 974 καὶ

2132 997 2336 1068 Αἰμάν.
2371 1017 2390 1051 ›
2449 1000 2596 1052 Kal.“
2628 1001 2874 1066 Μωσέως
2916 1002 2971 1056 δὲ
3001 1001 3095 1056 τοῦ
3137 1004 3376 1074 μεγάλου
3426 1009 3554 1071 τοὺς
3581 1011 3712 1064 ἁπο-

2130 1089 2325 1157 γόνους
2376 1089 2487 1144 τῶν
2557 1091 2720 1162 ἱερῶν
2791 1092 3084 1166 θησαυρῶν
3140 1096 3394 1166 ἀπέφηνε
3451 1099 3708 1167 φύλακας.

2147 1183 2468 1237 Ἀπέκειντο
2498 1184 2556 1237 δὲ
2595 1186 2652 1237 ἐν
2683 1183 2917 1251 τούτοις,
2971 1186 3068 1240 καὶ
3113 1187 3182 1242 τά
3213 1189 3278 1242 ἐκ
3326 1189 3436 1243 τῶν
3467 1191 3714 1262 πολέμων

2130 1274 2441 1343 ἀκροθίνια,
2487 1276 2581 1329 καὶ
2632 1276 2700 1329 τὰ
2739 1277 2889 1346 δῶρα
2916 1277 2986 1331 τὰ
3020 1280 3446 1351 προσφερόμενα
3469 1283 3550 1354 τῷ
3579 1284 3712 1356 Θεῷ.

2140 1383 2158 1417 ι
2181 1366 2323 1420 Ὅσα
2348 1366 2480 1438 γὰρ,
2513 1368 2700 1438 φησὶν,
2734 1359 2932 1436 ήγίασε
2974 1368 3141 1423 Δαὸὶδ
3174 1370 3202 1422 ὁ
3237 1369 3515 1440 βασιλεὺς,
3547 1373 3639 1426 καὶ
3667 1375 3716 1427 οἱ

451 1445 676 1509 Sarviae,
707 1455 762 1500 et
792 1447 974 1504 enmis
1005 1449 1357 1506 sanctilicans
1389 1467 1486 1521 per
1525 1470 1716 1510 manus
1749 1455 2027 1510 Salomctb

2133 1458 2392 1529 ἄρχοντες
2422 1459 2532 1512 τῶν
2566 1459 2830 1530 πατριῶν.
2858 1459 3152 1532 χιλίαρχοι,
3183 1463 3279 1515 καὶ
3308 1464 3712 1537 ἑκατόνταρχοι,

447 1548 499 1592 et
538 1537 766 1594 fratrum
823 1539 943 1608 ejus
975 1539 1021 1596 i.
1062 1560 1082 1594 ›
1126 1541 1300 1598 Nemo
1348 1558 1530 1600 aurem
1588 1549 1864 1603 existimet
1910 1564 2027 1605 csse

2133 1550 2230 1603 καὶ
2255 1551 2304 1603 oi.
2334 1550 2594 1620 ἄρχοντες
2625 1553 2723 1622 τῆς
2751 1553 3058 1623 δυνάμεως,
3103 1553 3138 1608 δι
3169 1555 3360 1608 ἔλαϐον
3387 1559 3453 1611 ὲκ
3478 1557 3590 1611 τῶν
3620 1575 3714 1611 πο-

446 1629 894 1702 discrepantiam,
947 1636 1094 1703 quod
1150 1639 1202 1690 in
1255 1638 1412 1695 libris
1457 1641 1678 1709 quidem
1719 1641 2027 1712 Regnorum

2133 1638 2336 1710 λέμων,
2390 1644 2484 1695 καὶ
2535 1644 2600 1696 ἐκ
2630 1642 2740 1696 τῶν
2776 1643 3056 1716 λαφύρων,
3099 1648 3192 1698 καὶ
3224 1647 3452 1718 ἡγίασεν
3492 1650 3589 1703 ἀπ’
3621 1651 3715 1704 αύ-

446 1721 658 1780 Baneas
689 1725 869 1782 dictus
901 1727 974 1782 sit
1005 1729 1132 1783 atrii
1165 1728 1478 1799 praefactus,
1528 1743 1583 1787 et
1631 1734 1775 1805 regis
1807 1747 2027 1804 patrue-

2134 1707 2242 1786 τῶν
2266 1733 2364 1788 τοῦ
2399 1735 2474 1808 μὴ
2506 1707 2938 1809 καθυστερῆσαί
2959 1707 3061 1810 τὴν
3111 1707 3402 1812 οἰκοδομὴν
3434 1741 3533 1796 τοῦ
3571 1744 3716 1798 οίκου

448 1813 535 1878 lis,
575 1815 662 1870 hic
694 1827 876 1871 autem
915 1821 1195 1874 sacerdos.
1241 1821 1411 1877 Erant
1452 1825 1597 1878 enim
1637 1824 1880 1892 ejusdem
1933 1842 2027 1882 no-

2135 1827 2366 1898 Κυρίου,
2419 1830 2516 1883 καὶ
2567 1829 2660 1883 ἐπὶ
2710 1832 2929 1885 πάντων
2980 1832 3191 1900 ἀγίων⁶
3244 1833 3340 1887 τοῦ
3393 1833 3570 1903 Θεοῦ,
3622 1838 3719 1892 ὅσα

453 1905 626 1960 minis
659 1923 673 1958 :
708 1906 803 1960 scd
841 1908 945 1962 iste
983 1909 1202 1978 quidem
1236 1922 1354 1966 erat
1396 1926 1464 1967 ex
1500 1914 1638 1968 tribu
1673 1918 2027 1984 sacerdotali,

2133 1919 2331 1988 ἡγίασε
2362 1921 2620 1992 Σαμουὴλ
2651 1924 2678 1976 6
2708 1924 2873 1994 δρῶν,
2902 1926 2998 1979 καὶ
3031 1925 3210 1981 Σαοὺλ
3239 1929 3268 1982 6
3295 1927 3388 1982 τοῦ
3419 1930 3531 1994 Κὶς
3551 1931 3592 1996 ν,
3627 1933 3718 1985 καὶ

454 2011 558 2049 non
610 2005 794 2052 autem
832 2012 896 2053 ex
939 1999 1082 2054 tribu
1138 2002 1307 2073 regia.
1343 2003 1696 2063 Admirabilis
1734 2016 1913 2062 autem
1949 2019 2027 2066 est

2147 2010 2407 2083 Ἀϐεννὴρ
2437 2016 2463 2065 ὁ
2489 2012 2582 2066 τοῦ
2614 2014 2756 2086 Νὴρ,
2794 2017 2889 2070 καὶ
2931 2017 3092 2071 Ἰωάὁ
3118 2019 3145 2072 6
3175 2018 3271 2073 τοῦ
3319 2022 3581 2092 Σαρουτα,
3627 2023 3718 2078 καὶ

457 2084 676 2141 Davidis
711 2088 1035 2158 admonitio,
1070 2107 1236 2160 quam
1271 2093 1405 2151 iacit
1436 2095 1548 2152 ﬁlio
1583 2114 1705 2154 suo.
1759 2120 1778 2152 ι
1817 2100 2027 2172 Cogno-

2135 2105 2243 2166 πᾶς
2272 2106 2300 2156 ὁ
2329 2105 2574 2172 ἁγιάζων
2605 2084 2907 2178 διά-χειρὸς
2939 2109 3207 2182 Σαλωμὴθ
3228 2112 3271 2179 ⁸,
3304 2084 3410 2166 καὶ.
3427 2115 3541 2169 τῶν
3568 2084 3715 2170 ἀδελ-

452 2192 543 2232 sce
564 2218 580 2243 ,
614 2179 813 2250 inquit,
839 2181 1009 2238 Deum
1039 2195 1254 2254 patrum
1292 2197 1604 2256 tuorum,et
1626 2195 1766 2248 servi
1793 2195 1840 2248 ei
1871 2197 2027 2253 corde

2133 2195 2250 2265 φῶν
2279 2196 2465 2250 αὐτοῦ.
2501 2217 2520 2250 ›
2569 2200 2774 2264 Μηδεὶς
2802 2201 2859 2254 δὲ
2885 2179 3490 2274 νομιζέτω-διαφωνίαν
3520 2204 3713 2276 εῐναι⁹,

454 2269 724 2339 perfecto,
767 2283 822 2329 et
855 2275 1035 2331 anima
1075 2278 1308 2346 volente,
1357 2283 1618 2351 quoniam
1651 2287 1832 2340 omnia
1867 2290 2027 2343 coxda

2136 2285 2214 2357 τῷ
2259 2287 2352 2340 τὸν
2398 2287 2604 2341 Βανέαν
2632 2292 2690 2342 ὲν
2723 2293 2844 2351 ταῖς
2893 2269 3205 2358 Βασιλείαις
3249 2269 3536 2368 αύλάρχην
3571 2269 3715 2370 είρῆλ

450 2363 689 2434 exquirit
717 2364 1006 2435 Dominus,
1026 2378 1079 2422 cl
1102 2385 1321 2427 omnem
1350 2377 1611 2430 mentium
1643 2381 2027 2450 cogitationem

2134 2378 2277 2442 σθαι,
2303 2379 2394 2433 καὶ
2424 2379 2517 2433 τοῦ
2542 2379 2810 2450 βασιλέως
2828 2382 3166 2452 ἀδελφιδοῦν,
3198 2363 3528 2443 ἐνταῦθα-δὲ
3552 2363 3713 2461 ἱερέα.

450 2459 734 2528 cognoscit
759 2459 810 2515 Ιε.
850 2479 868 2512 ›
903 2461 1182 2531 Coactam,
1217 2467 1414 2538 inquit,
1447 2471 1766 2527 servitutem
1793 2490 1902 2529 non
1934 2474 2027 2528 ad-

2145 2472 2460 2543 Ὁμώνυμοι
2510 2474 2617 2545 γάρ
2653 2476 2795 2530 εἰσιν
2819 2493 2831 2506 ·
2881 2477 2999 2531 ἀλλ’
3034 2472 3254 2542 οἶῦτοςίο
3286 2481 3385 2549 μὲν
3421 2483 3492 2536 ὲκ
3517 2459 3613 2554 τῆς
3645 2484 3714 2536 ie-

450 2550 637 2618 mittit,
687 2552 1050 2610 Voluntariam
1091 2565 1270 2612 autem
1316 2559 1518 2626 laudat,
1565 2574 1618 2619 et
1649 2563 1824 2636 diligit
1855 2565 2027 2636 perfe-

2135 2567 2386 2635 ρατικῆς,
2429 2565 2522 2618 καὶ
2566 2567 2724 2619 οὐκ¹¹
2759 2570 2822 2619 ὲκ
2879 2569 2977 2638 τῆς
3025 2571 3314 2641 βασιλικῆς
3361 2568 3495 2645 ἦνη
3529 2550 3710 2646 φυλῆς.

447 2652 588 2698 ctam
613 2644 781 2699 animi
801 2645 1137 2704 alacritatem
1167 2668 1179 2705 :
1206 2669 1224 2702 ‹
1251 2651 1306 2706 Si
1331 2671 1452 2708 eum
1475 2658 2027 2725 qua:ras,im-cnietur

2144 2655 2500 2724 Ἀξιάγαστος
2527 2656 2580 2710 δὲ
2615 2657 2707 2710 τοῦ
2736 2659 2900 2712 Δαϐὶδ
2925 2662 2957 2731 ἡ
2992 2662 3334 2733 παραίνεσις,
3367 2644 3435 2736 ἣν
3470 2644 3606 2738 πρὸς
3628 2644 3712 2721 τὸν

446 2752 476 2789 a
511 2747 562 2790 te
592 2754 606 2790 :
636 2745 690 2792 et
718 2739 764 2793 si
794 2755 918 2795 eum
950 2743 1206 2811 deseras,
1260 2752 1312 2799 te
1343 2748 1680 2818 derelinquet
1724 2751 1960 2806 tandem.
2003 2771 2021 2803 ι

2131 2750 2247 2803 υἱὸν
2275 2752 2591 2821 ἐποιήσατο.
2634 2771 2651 2802 ι
2681 2752 2853 2806 Γνῶθι
2881 2754 3012 2826 γὰρ,
3045 2756 3175 2827 ἔφη,
3203 2758 3294 2811 τὸν
3319 2759 3457 2814 Θεὸν
3488 2760 3594 2814 τῶν
3620 2777 3714 2814 παι

425 2826 772 2902 Evangeliea
807 2832 1105 2900 promissio
1145 2854 1158 2890 :
1201 2854 1220 2887 ‹
1262 2834 1502 2902 Quaerite
1535 2842 1703 2904 enim,
1744 2843 1940 2912 inquit,
1976 2852 2027 2899 et

2131 2843 2303 2913 τέρων
2334 2859 2448 2910 σου,
2501 2843 2599 2896 καὶ
2644 2843 2863 2898 δούλευε
2907 2847 3057 2917 αύτῷ
3089 2826 3146 2902 ὲν
3182 2851 3380 2923 καρδίᾳ
3408 2852 3597 2924 τελείᾳ
3625 2851 3713 2905 καὶ

449 2921 765 2989 invenietis,
797 2923 1016 2994 pulsate
1043 2935 1097 2980 et
1127 2929 1402 2998 aperietur
1427 2927 1638 2986 vobisl.
1661 2946 1680 2981 ι
1702 2933 1767 2988 Ει
1796 2954 1810 2989 :
1845 2954 1863 2987 ι
1894 2934 2027 2990 Vide

2131 2935 2273 3005 ψυχῇ
2309 2936 2558 3008 θελούσῃ,
2586 2938 2668 2991 ὅτι
2684 2937 2871 3002 πάσας
2892 2940 3122 3011 καρδίας
3150 2921 3398 3008 ἐξετάζει
3417 2945 3468 2978 ¹³
3499 2921 3708 3016 Κύριος,

447 3027 596 3084 ergo,
633 3013 835 3084 inquit,
886 3017 1036 3086 quod
1085 3026 1137 3071 te
1170 3021 1506 3092 praeelegerit
1539 3022 1606 3076 ad
1651 3024 2023 3080 aediﬁcandam

2131 3029 2224 3081 καὶ
2254 3031 2361 3082 πᾶν
2403 3029 2698 3100 ἐνθύμημα
2746 3031 2999 3086 διανοιῶν
3027 3033 3307 3101 γινώσκει.
3342 3056 3361 3088 ι
3407 3037 3527 3109 Τὴν
3555 3013 3710 3104 ἀναγ-

446 3106 494 3160 ei
553 3107 781 3162 domum
827 3108 884 3162 in
938 3110 1430 3167 sanctiﬁcationem
1487 3132 1502 3168 :
1555 3113 1907 3182 confer-tare,
1971 3127 2026 3172 et

451 3200 558 3252 t'ac.
627 3216 644 3250 ι
702 3197 800 3266 Te,
833 3202 1033 3273 inquit,
1067 3204 1201 3258 mihi
1231 3205 1470 3273 praetulit
1501 3225 1514 3261 :
1547 3222 1649 3278 ego
1678 3207 1824 3263 volui
1861 3210 2027 3264 aediﬁ-

447 3302 595 3354 care,
627 3298 681 3344 et
717 3290 813 3345 tibi
858 3308 999 3362 opus
1031 3296 1328 3351 mandavit.
1361 3295 1522 3352 Omni
1559 3315 1688 3367 ergo
1719 3301 1887 3355 animi
1913 3302 2027 3356 ala-

447 3380 640 3436 critate
690 3382 854 3454 imple
905 3387 1052 3456 quod
1080 3387 1296 3458 jussum
1344 3401 1449 3446 est.
1504 3391 1709 3447 Deinde
1764 3403 2024 3465 tanquam

445 3471 803 3542 adolescenti,
854 3485 908 3530 et
957 3477 1233 3547 ignoranti
1283 3483 1505 3536 modum
1542 3490 1596 3538 et
1633 3481 1866 3537 formam
1900 3485 2026 3539 aedi-

447 3565 577 3630 licii,
618 3566 669 3620 id
703 3566 854 3622 dedit
897 3569 1282 3629 adumbratum
1321 3583 1377 3627 et
1414 3573 1768 3629 delineatum.
1813 3593 1831 3626 ι
1870 3575 2027 3630 Dedit

446 3655 615 3722 enim,
649 3655 850 3727 inquit,
897 3657 1176 3716 Salomoni
1213 3662 1327 3718 ﬁlio
1363 3679 1466 3719 suo
1495 3666 1774 3737 exemplar
1808 3666 2020 3735 templi,

447 3745 608 3818 567
644 3757 697 3803 et
725 3750 1015 3806 domorum
1044 3762 1100 3807 et
1130 3755 1476 3810 conclavium
1508 3757 1647 3827 ejus,
1677 3767 1728 3812 et
1768 3773 2026 3814 caenacu-

450 3843 651 3905 torum,
700 3850 756 3896 et
788 3845 1150 3913 penetralium
1182 3846 1506 3903 interiorum
1531 3889 1544 3914 ,
1587 3859 1642 3906 et
1673 3850 1870 3906 domus
1901 3865 2028 3920 pro-

451 3932 714 4000 pitiatorii
738 3943 789 3988 ιι.
829 3953 849 3988 ι
886 3935 953 3991 Ει
981 3937 1196 3997 docens
1215 3942 1359 4010 quod
1405 3955 1469 3997 ea
1508 3957 1618 3998 non
1666 3943 1901 3998 humana
1929 3945 2028 4000 de-

451 4031 736 4101 scripserit
777 4033 954 4099 ratio,
1005 4034 1101 4090 sed
1153 4036 1326 4106 gratia
1367 4037 1629 4108 spiritus,
1697 4039 2022 4110 subjunxit:

457 4143 476 4177 ι
524 4124 814 4195 Exemplar
847 4126 1092 4182 omnium
1129 4145 1251 4199 quae
1275 4131 1460 4186 animo
1489 4133 1746 4202 agitabat,
1777 4143 1829 4188 et
1859 4135 2028 4188 atrio-

445 4233 567 4276 rum
600 4219 796 4275 domus
818 4217 1056 4287 Domini,
1087 4228 1142 4276 et
1170 4222 1413 4276 onmium
1444 4225 1703 4279 cellarum
1754 4241 1876 4295 quae
1902 4234 2029 4281 sunt

446 4310 500 4364 in
534 4311 793 4379 circuitu,
849 4327 973 4382 quae
1012 4314 1358 4382 pertinebant
1399 4316 1465 4370 ad
1509 4317 1793 4372 conclavia
1833 4317 2027 4372 domus

2128 3120 2355 3192 καστὴν,
2389 3122 2542 3191 φησὶ,
2572 3121 2816 3177 δουλείαν
2847 3126 2947 3179 οὐκ
2978 3127 3345 3197 ἀποδέχεται·
3387 3130 3496 3202 τὴν
3523 3130 3577 3184 δὲ
3603 3129 3711 3183 ἐθε-

2125 3211 2339 3266 λούσιον
2371 3214 2602 3279 ἐπαινεῖ,
2645 3216 2742 3268 καὶ
2770 3217 2868 3288 τὴν
2895 3218 3108 3272 τελείαν
3141 3220 3333 3291 ἀγαπᾷ
3379 3221 3706 3292 προθυμίαν.

2133 3305 2302 3358 «Ἐὰν
2341 3306 2584 3380 ζητήσῃς
2633 3307 2818 3372 αὑτὸν,
2871 3310 3230 3382 εὑρεθήσεταί
3279 3329 3385 3380 σοι,
3433 3316 3535 3368 καὶ
3580 3312 3707 3368 av“

2127 3397 2529 3469 ἐγκαταλείψῃς
2575 3399 2759 3466 αὐτὸν,
2816 3403 3191 3476 ὲγκαταλείψῃ
3239 3421 3299 3457 σε
3345 3407 3431 3469 είς
3483 3407 3650 3470 τέλος.
3685 3424 3704 3458 ι

2126 3489 2476 3560 Εὐαγγελικὴ
2512 3492 2846 3561 ὑπόσχεσις·
2910 3513 2928 3544 ε
2965 3497 3188 3564 Ζητεῖτε
3238 3495 3368 3567 γὰρ,
3413 3500 3576 3570 φησὶ,
3625 3497 3709 3550 καὶ

2127 3581 2388 3652 εὑρήσετε
2408 3597 2422 3610 ·
2452 3582 2679 3652 κρούετε
2707 3585 2803 3637 καὶ
2832 3585 3182 3656 ἀνοιγήσεται
3212 3586 3362 3656 ὑμῖν.
3399 3605 3418 3639 ι
3463 3617 3531 3629 —
3566 3605 3585 3640 ι
3613 3586 3708 3640 Ἴδε

2125 3674 2308 3726 τοίνυν
2338 3674 2485 3727 δτι¹⁸
2520 3660 2802 3744 προείλετό
2834 3693 2915 3740 σε,
2953 3678 3140 3746 φησὶν,
3180 3679 3315 3749 ἐμοῦ
3351 3680 3708 3751 οίκοδομῆσαι

2128 3765 2278 3837 αὐτῷ
2336 3763 2485 3820 οἷκον
2541 3767 2623 3831 είς
2673 3767 2961 3838 ἀγίασμα·
3030 3771 3285 3842 ἀνδρίζου
3339 3775 3444 3825 καὶ
3493 3773 3650 3827 ποίει.
3687 3789 3703 3822 ι

2128 3857 2426 3928 Προέκρινέ
2454 3874 2536 3922 σε,
2557 3859 2748 3927 φησὶν,
2775 3857 2910 3928 ἐμοῦ
2933 3861 2978 3891 ¹⁶
2996 3875 3010 3889 ο
3037 3861 3148 3928 ἐγὼ
3175 3861 3496 3934 ἠϐουλήθην
3523 3863 3710 3917 οἰκοδο-

2132 3946 2329 4017 μῆσαι,
2381 3948 2476 3999 καὶ
2517 3946 2600 3998 σοὶ
2629 3946 2691 3998 τὸ
2721 3946 2884 4018 ἔργον
2916 3947 3206 4019 ἐπέτρεψε.
3264 3951 3371 4005 Σὺν
3413 3953 3565 4024 πάσῃ
3605 3968 3706 4004 τοι·

2129 4037 2334 4109 γαροῦν
2364 4038 2644 4108 προθυμίᾳ
2672 4039 2735 4090 τὸ
2784 4039 3076 4093 κελευσθὲν
3120 4041 3548 4114 ἀποπλήρωσον.
3584 4039 3706 4097 Εἶτα
3767 4109 3770 4112 ,

2127 4130 2204 4192 ὡς
2232 4130 2358 4200 νέῳ,
2392 4130 2484 4182 καὶ
2517 4129 2802 4198 ἀγνοοῦντι
2846 4131 2941 4183 καὶ
2972 4132 3039 4185 τὰ
3074 4132 3247 4203 μέτρα
3291 4134 3389 4187 καὶ.
3433 4135 3498 4189 τὸ
3531 4135 3704 4208 σχῆμα

2128 4221 2229 4291 τῆς
2250 4219 2584 4290 οἰκοδομίας,
2619 4220 2998 4295 σκαριφεύσας
3033 4221 3254 4277 ἔδωκεν.
3293 4241 3312 4275 ι
3337 4225 3548 4280 Ἔδωκε
3581 4225 3701 4296 γὰρ,

2130 4316 2286 4386 φησὶ,
2313 4314 2478 4368 Δαϐὶδ
2505 4315 2810 4385 Σολομῶντι
2842 4314 2918 4386 τῷ
2949 4315 3050 4386 υίῷ
3077 4316 3244 4370 αὑτοῦ
3273 4317 3335 4370 τὸ
3362 4319 3702 4391 παράδειγμα

444 4402 665 4460 Domini
691 4422 771 4463 ο.»
807 4405 1049 4461 Docebat
1076 4407 1238 4461 etiam
1275 4409 1463 4477 quanti
1503 4409 1760 4478 ponderis
1779 4417 2026 4479 oporteat

2131 4407 2224 4461 τοῦ
2255 4406 2408 4471 ναοῦ,
2444 4406 2538 4459 καὶ
2580 4406 2688 4459 τῶν
2719 4407 2881 4460 οἴκων
2912 4407 3100 4473 αὑτοῦ,
3151 4409 3242 4462 καὶ
3280 4409 3392 4464 τῶν
3422 4408 3702 4482 ἀποθηκῶν

445 4514 565 4554 esse
588 4500 914 4555 candelabra
947 4515 1133 4565 aurea,
1166 4511 1218 4556 et
1250 4502 1438 4571 quanti
1485 4517 1726 4557 mensas.
1763 4501 2026 4557 Similiter

445 4601 500 4644 et
533 4591 834 4658 tlmribula,
881 4603 937 4647 et
984 4591 1248 4658 fuscinas,
1291 4602 1345 4648 et
1381 4602 1640 4659 crateres,
1662 4602 1718 4649 et
1761 4594 1974 4664 phialas
2007 4611 2022 4660 ;

447 4684 717 4753 καφφωρὲ
760 4693 940 4740 autem
971 4695 1130 4741 vocat
1167 4701 1298 4742 vasa
1333 4688 1584 4756 quaedam
1632 4701 1796 4740 aurea
1829 4697 1884 4741 et
1935 4701 2025 4740 ar-

437 4784 664 4842 gentea,
700 4775 755 4828 in
789 4777 994 4846 quibus
1027 4779 1467 4849 conspergebant
1491 4777 1732 4833 similam
1767 4779 1907 4833 oleo.
1955 4778 2024 4832 Et

446 4865 550 4920 alia
586 4866 772 4921 omnia
801 4882 923 4924 cum
953 4871 1374 4939 percensuisset,
1403 4870 1688 4940 subiunxit
1720 4889 1732 4926 :
1771 4889 1790 4922 ε
1827 4869 2020 4924 Omnia

448 4957 502 5012 in
529 4958 801 5028 scriptura
828 4959 896 5015 de
917 4976 1080 5017 manu
1105 4962 1320 5018 Domini
1345 4964 1491 5018 dedit
1523 4962 1691 5020 David
1721 4962 2021 5028 Salomoni,

527 5077 541 5114 i
589 5069 805 5128 IParal.
848 5092 970 5142 xxv,
1009 5078 1062 5144 5,
1096 5078 1148 5134 6.
1256 5091 1270 5128 1
1322 5081 1448 5136 ibid.
1483 5080 1666 5136 26-28.

445 5159 475 5182 ⁸
512 5145 642 5200 ibid.
685 5145 768 5198 Η.
841 5155 860 5176 ⁶
903 5149 1032 5202 ibid.
1069 5149 1154 5202 12.

2132 4500 2335 4568 αὑτοῦ,
2355 4501 2450 4554 καὶ
2480 4501 2588 4556 τῶν
2639 4499 2934 4569 ὑπερῴων,
2989 4501 3083 4553 καὶ
3117 4500 3224 4554 τῶν
3255 4503 3519 4572 ταμιείων
3545 4497 3696 4555 αὐτοῦ

2129 4597 2237 4650 τῶν
2265 4595 2569 4667 ὲσωτέρων,
2603 4594 2698 4647 καὶ¹
2727 4590 2820 4645 τοῦ
2851 4592 3000 4644 οίκου
3039 4592 3131 4646 τοῦ
3167 4592 3503 4666 ίλαστηριου.
3535 4611 3555 4645 ι
3594 4589 3698 4644 Καὶ

2129 4687 2418 4754 διδάσκων,
2477 4686 2553 4750 ὡς
2603 4685 2664 4738 οὐ
2713 4682 2973 4754 λογισμὸς
3029 4682 3370 4754 ἀνθρώπινος
3418 4681 3580 4736 ταῦτα
3615 4677 3690 4730 δι-

2128 4780 2389 4850 ἔγραψεν,
2413 4778 2528 4832 ἀλλ’
2580 4779 2614 4848 ἡ
2661 4775 2821 4848 χάρις
2867 4774 2961 4828 τοῦ
3019 4774 3374 4847 Πνεύματος,
3416 4773 3644 4842 ἐπήγαγε
3670 4780 3684 4795 ⁸

2138 4891 2156 4924 t
2184 4871 2294 4924 Καὶ
2319 4870 2380 4923 τὸ
2403 4870 2751 4940 παράδειγμα
2783 4868 3003 4921 πάντων
3023 4859 3096 4919 ὧν
3121 4862 3189 4936 ἦν
3214 4869 3273 4920 ὲν
3302 4863 3553 4934 πνεύματι
3579 4857 3686 4928 μετ’

2133 4962 2320 5031 αὐτοῦ,
2372 4963 2469 5016 καὶ
2517 4962 2628 5014 τῶν
2677 4961 2856 5015 αὐλῶν
2903 4961 3052 5012 οἴκου
3087 4959 3320 5030 Κυρίου.
3367 4957 3458 5012 καὶ
3487 4953 3692 5008 πάντων

1776 5080 1803 5119 ι
1841 5079 1863 5133 ι
1895 5079 2076 5136 Paral.
2113 5093 2308 5143 xxun,
2340 5076 2391 5130 9.
2476 5074 2495 5114 ι
2536 5075 2732 5129 Matth.
2775 5091 2877 5141 vn,
2921 5074 2971 5127 7.
3047 5084 3088 5112 ω
3123 5070 3143 5125 l
3174 5070 3578 5131 Paral.xxvtn,
3617 5061 3701 5118 10·

1562 5237 1796 5294 VARIE
1839 5235 2229 5294 LECTIONLS
2284 5231 2371 5286 ET
2413 5229 2646 5286 NOTIE.

518 5397 725 5452 ³Θεοῦ.
753 5395 888 5451 Cod.
930 5399 993 5454 C.

482 5482 630 5535 ιτιζιη.
658 5469 787 5520 τῶν.
868 5468 887 5496 ⁷
912 5472 1038 5534 Κίς.
1067 5469 1198 5522 Cod.
1227 5470 1288 5524 C.
1319 5470 1468 5535 Κείς.

491 5533 678 5591 Εἵναι.
708 5539 873 5592 Abest
911 5554 940 5592 a
969 5533 1092 5594 cod.
1117 5538 1181 5593 C.
1265 5541 1307 5572 ¹⁰
1332 5533 1453 5596 cod.
1503 5541 1562 5596 C.
1615 5533 1798 5603 αὑτός.

512 5608 631 5660 cod.
658 5608 721 5659 C.
754 5607 997 5678 ὲκζητεῖ.

447 5677 571 5731 Des.
599 5678 653 5730 in
680 5678 800 5730 cod.
821 5677 883 5732 C.

1026 5413 1210 5468 prtem.
1243 5400 1358 5454 τοῦ.
1425 5400 1447 5432 ⁸
1481 5399 1602 5454 Ἐν.
1634 5401 1798 5455 Abest
1827 5415 1853 5450 a
1883 5400 2000 5454 cod.

1067 5469 1175 5502 ρηΑ
1227 5470 1266 5502 Ρ
1319 5470 1447 5502 Ιίρῖρ
1547 5471 1570 5502 ι
1604 5473 1676 5502 τιη
1698 5470 1888 5502 1,...ηια
1941 5469 2027 5502 Ιηι

2162 5399 2335 5454 ⁵Καί.
2373 5399 2495 5452 Des.
2529 5395 2662 5450 ibid.
2698 5405 2823 5451 ante
2845 5398 3110 5461 Μωσέως.
3189 5400 3211 5429 ⁸
3249 5397 3477 5467 Ἀτίων.
3497 5395 3654 5451 Cod.1

2141 5487 2171 5502 ..
2195 5469 2385 5502 (χω-...η
2411 5467 2518 5502 ...τω
2543 5467 2842 5502 Nam“...
2859 5469 3137 5502 v--.......:.A
3177 5467 3289 5502 nm:
3335 5468 3374 5502 r.
3425 5464 3654 5502 una":

1547 5471 1570 5503 ⁸
1593 5470 1906 5538 summa.
1941 5469 1996 5523 In
2024 5479 2171 5526 textu
2195 5469 2386 5524 Graeco
2411 5467 2518 5520 τῶν
2543 5467 2599 5520 0’
2617 5480 2842 5522 vocatur
2859 5462 3394 5540 Σαλωμώθβοάίϐ.
3424 5462 3708 5545 Σαλωμέθ.

1551 5584 1562 5595 .
1615 5541 1798 5595 αὑτός.
1883 5543 1924 5580 ἰ
1959 5541 2071 5595 Kal
2125 5543 2256 5595 οὐκ.
2312 5539 2438 5595 cod.
2501 5539 2698 5590 ἐκεῖνοι
2747 5537 2823 5590 δέ.
2905 5540 2946 5570 ¹²
2989 5534 3132 5595 Ἦν.
3188 5540 3353 5594 Αὺεει
3397 5553 3426 5587 a
3475 5537 3603 5590 cod.
3646 5537 3708 5586 (ι.

1083 5581 1273 5666 ἱὸνέοά.
1304 5581 1562 5667 diae.“
1591 5581 2027 5680 εἶἬβὸειλεὶἕ

2131 5581 2464 5681 ἓξίίέῡδιῖἒὸ.
2497 5581 2802 5673 Ῐὲὲίἷυέεἶξ
2813 5581 3060 5681 Inpia:qu
3188 5581 3710 5674 ’Ἲονὲηῖγιῗέῥοεζ

3189 5400 3211 5429 ι
3249 5397 3306 5452 Ἀ
3316 5397 3477 5467 τίων.
3497 5395 3631 5451 Cod.

2905 5540 2946 5570 “
2989 5534 3152 5595 Ἦν(
3188 5540 3353 5594 Αὺθει
3397 5553 3426 5587 a
3475 5537 3603 5590 cod.
3646 5534 3708 5586 (Σ.
