4038 6214
378 352 483 415 823

1362 353 1856 416 THEODORETI
1894 352 2241 417 EPISCOPI
2283 354 2659 418 CYRENSIS

3542 352 3640 418 εει

377 460 668 529 agendum,
690 461 851 518 aDeo
870 459 1147 518 instrueti.
1184 459 1289 529 Qui
1311 476 1376 517 ea
1404 472 1587 518 autem
1614 463 1810 533 privati
1833 472 1947 518 sum

2066 464 2341 535 πρακτέον
2382 465 2487 519 ὑπὺ
2518 462 2613 517 τοῦ
2665 463 2804 517 Θεοῦ
2859 459 3229 534 σοφιζόμενοι.
3258 463 3324 516 Οἱ
3352 462 3410 517 δὲ
3440 462 3644 534 ταύτης

375 555 572 623 gratia,
590 565 793 611 temere
808 553 1081 612 feruntur.
1099 552 1214 609 Hoc
1223 558 1366 608 enim
1383 556 1472 610 blc
1487 570 1631 625 quoq
1640 570 1706 608 ue
1719 554 1959 611 declara-

381 648 664 714 vitoratio,
697 648 841 717 quod
877 646 1056 703 visum
1078 645 1148 701 sit
1169 643 1403 701 Domino
1437 646 1548 701 Deo
1580 646 1833 701 bifariam
1870 662 1958 700 re-

376 755 540 803 gnum
557 740 804 795 scindere
817 749 1040 811 prepter
1052 740 1258 795 scelera
1274 737 1603 809 patris.Cum
1617 754 1684 793 au
1693 747 1799 793 tem
1821 737 1960 795 facta

374 826 571 886 fuisset
584 830 806 897 divisio,
819 840 871 886 et
886 830 1178 887 Jeroboam
1199 831 1494 886 fabricatus
1524 839 1670 885 esset
1693 829 1960 900 juvcneas

375 939 596 989 aureas,
618 925 711 994 qui
733 926 787 981 in
813 926 1001 982 decem
1027 926 1277 980 tribubus
1301 923 1623 981 habitabant
1644 925 1958 980 sacerdotes

373 1024 429 1069 et
446 1013 666 1081 Levitae,
691 1018 994 1088 migrat-unt
1012 1019 1081 1074 ad
1105 1032 1328 1088 regnum
1372 1014 1737 1072 Davidicum:
1776 1018 1830 1072 in
1865 1018 1960 1072 illo

370 1106 517 1162 enim
542 1116 661 1163 erat
679 1110 936 1180 templum
962 1110 1073 1164 Dei.
1113 1107 1211 1165 Hic
1240 1115 1426 1164 autem
1456 1109 1621 1164 docet
1673 1108 1901 1164 historia
1928 1108 1957 1148 ιι

371 1200 519 1269 quod
541 1215 636 1257 eos
653 1201 847 1257 invitos
863 1201 1084 1272 eiecerit
1099 1199 1415 1266 Jeroboam,
1432 1210 1488 1254 et
1505 1200 1599 1255 lilii
1619 1200 1762 1271 ejus,
1785 1210 1844 1256 ut
1856 1200 1959 1254 Do-

369 1291 523 1346 mino
551 1306 659 1347 non
696 1291 1074 1348 ministrarent
1105 1310 1118 1346 :
1156 1292 1429 1362 siquidem
1462 1292 1826 1349 constituerat
1851 1292 1955 1348 sibi

366 1381 680 1437 sacerdotes
693 1383 1057 1450 excelsorum,
1079 1392 1135 1441 et
1151 1383 1310 1439 idolis
1326 1423 1341 1448 ,
1364 1393 1421 1441 et
1434 1385 1610 1447 vanis,
1635 1394 1690 1440 et
1703 1384 1956 1456 iuvencis

366 1489 501 1542 quas
522 1473 726 1529 fecerat
741 1474 1053 1555 det-obeam.
1076 1476 1259 1533 Secuti
1282 1488 1411 1534 sunt
1433 1488 1615 1534 autem
1638 1481 1954 1537 sacerdotes

363 1579 416 1619 ct
438 1565 656 1621 Levites
673 1567 838 1621 etiam
865 1583 929 1623 ex
959 1569 1084 1623 aliis
1105 1570 1359 1626 tribubus
1373 1571 1570 1642 piiviri
1594 1588 1607 1626 :
1632 1590 1651 1625 ι
1681 1572 1952 1628 Abierunt

361 1657 530 1718 enim.
547 1657 742 1728 inquit,
760 1668 885 1729 post
906 1675 1080 1716 eosex
1097 1663 1354 1718 omnibus
1368 1663 1620 1721 tribubus
1639 1663 1826 1731 Israel,
1855 1666 1951 1737 qui

2063 555 2423 627 ἐστερημένοι
2455 557 2555 626 τῆς
2583 556 2827 626 χάριτος,
2859 554 3132 633 ὡςιέτυχε
3163 554 3448 625 φέρονται.
3472 556 3644 612 Τοῦτο

2062 647 2172 716 γὰρ
2195 645 2428 700 ἐνταῦθα
2449 649 2477 700 ὁ
2496 646 2655 715 λόγος
2691 646 3019 716 δεδήλωκεν,
3058 645 3141 698 ὅτι
3166 643 3312 710 εδοξε
3340 645 3414 717 τῷ
3446 648 3644 702 Δεσπό-

2060 756 2131 812 τῃ
2158 739 2277 809 Θεῷ
2309 739 2471 810 ῥῆξαι
2500 739 2622 808 διχῆ
2643 736 2743 808 τὴν
2776 737 3058 807 βασιλείαν
3079 738 3170 792 διὰ
3185 737 3285 802 τὰς
3304 738 3400 791 τοῦ
3433 740 3643 812 πατρὸς

2061 832 2430 903 παρανομίας.
2468 831 2581 901 Τῆς
2614 831 2797 901 μέντοι
2826 831 3152 897 διαιρέσεως
3189 830 3515 902 γενομένης,
3549 833 3643 885 καὶ

2058 924 2153 977 τοῦ
2189 921 2472 993 Ἱεροὸοὰμ
2506 923 2605 987 τὰς
2634 923 2845 993 χρυσᾶς
2888 923 3152 994 δαμάλεις
3187 925 3641 978 κατασκευάσαν-

2056 1030 2170 1078 τος,
2192 1015 2241 1067 οἱ
2271 1015 2328 1067 ὲν
2346 1015 2465 1075 ταῖς
2492 1012 2624 1066 δέκα
2647 1012 2841 1082 φυλαῖς
2861 1009 3142 1077 οἰκοῦντες
3162 1013 3328 1085 ἱερεῖς
3355 1014 3450 1067 καί
3478 1015 3642 1069 Λευῖ-

2058 1120 2148 1157 ται
2185 1104 2323 1175 πρὸς
2354 1103 2453 1175 τὴν
2482 1103 2774 1175 Δα6ιδικὴν
2806 1105 3150 1175 μετέστησαν
3202 1104 3514 1176 βασιλείανο
3579 1108 3642 1161 ἑν

2056 1197 2243 1270 ἐκείνῃ
2280 1195 2390 1268 γὰρ
2437 1199 2465 1251 ὁ
2495 1197 2636 1259 θεῖος
2666 1195 2792 1259 ναός
2836 1195 2902 1250 ³³.
2960 1195 3229 1251 Ἐνταῦθα
3272 1197 3330 1252 δὲ
3365 1198 3397 1268 ἡ
3427 1198 3643 1269 ἱστορία

2056 1288 2321 1351 διδάσκει,
2360 1288 2445 1341 ὅτι
2502 1288 2599 1341 καὶ
2652 1287 2889 1350 ἄκοντας
2938 1286 3139 1352 αὐτοὺς
3174 1286 3433 1354 ἐξέϐαλεν
3475 1288 3645 1360 Ἱερο-

2056 1381 2223 1451 ϐοὰμ,
2253 1381 2350 1435 καὶ
2378 1381 2427 1434 oi
2480 1378 2585 1433 υἱοὶ
2639 1377 2827 1445 αὐτοῦ,
2877 1378 2973 1431 τοῦ
2997 1379 3044 1411 ⁵⁸
3077 1379 3152 1450 μὴ
3186 1380 3525 1452 λειτουργεῖν
3562 1379 3644 1450 τῷ

2055 1474 2247 1545 Κυρίῳ
2272 1491 2287 1505 ⁸
2320 1474 2417 1526 καὶ
2464 1470 2803 1540 κατέστησεν
2836 1471 2986 1542 αὐτῷ
3034 1473 3203 1543 ἱερεῖς
3241 1470 3351 1525 τῶν
3389 1469 3641 1542 ὑψηλῶν,

2053 1568 2151 1623 καὶ
2183 1568 2295 1629 τοῖς
2341 1564 2603 1629 εἰδώλοις,
2648 1563 2745 1618 καὶ
2782 1566 2898 1628 τοῖς
2940 1565 3214 1634 ματαίοις,
3259 1565 3357 1617 καλ⁵
3398 1565 3521 1626 ταῖς
3548 1562 3645 1617 δα-

2057 1659 2282 1731 μάλεσιν
2331 1652 2420 1718 αἷς
2470 1655 2726 1724 εποίησεν
2770 1652 3076 1724 Ἱεροϐοάμ.
3126 1650 3537 1723 Ἦκολούθησαν
3582 1651 3644 1705 δὲ

361 1745 625 1803 dederant
655 1764 751 1803 cor
778 1765 940 1805 suum
972 1750 1042 1806 ad
1064 1754 1420 1822 quaerendum
1445 1753 1741 1811 Dominum
1774 1754 1945 1813 Deum

2054 1755 2168 1816 τοῖς
2196 1750 2427 1821 ἱερεῦσι,
2447 1749 2542 1805 καὶ
2571 1749 2685 1810 τοῖς
2708 1747 2990 1812 Λευίταις,
3016 1747 3112 1803 καὶ
3142 1747 3207 1800 ὲκ
3232 1745 3344 1799 τῶν
3384 1744 3563 1799 ἄλλων
3591 1744 3641 1777 ⁸⁸

360 1836 547 1892 lsracl.
575 1858 592 1890 ι
617 1838 680 1894 Ει
704 1857 717 1892 :
744 1860 762 1893 ι
792 1818 1532 1915 Venerunt'llierosolymam
1548 1846 1614 1900 ad
1632 1847 1947 1903 sacriﬁcan-

2055 1818 2537 1916 tpulévvst’meGsiv
2580 1862 2599 1897 ι
2660 1842 2933 1914 Ἀπῆλθον
2957 1842 3091 1912 γὰρ,
3123 1839 3311 1910 φησὶν,
3329 1836 3507 1890 ὀπίσω
3537 1837 3645 1891 αὑ-

359 1929 490 1983 dutu
512 1928 623 1984 Deo
646 1940 861 2000 patrum
891 1948 1146 1998 suorum,
1180 1936 1681 1991 etconlirmandum
1717 1952 1947 2008 regnum

360 2018 515 2076 Judze
538 2018 582 2076 ί.
612 2042 633 2074 ι
663 2022 943 2097 Benignus
963 2037 1144 2083 autem
1165 2041 1219 2085 et
1239 2030 1479 2086 clemens
1501 2031 1665 2099 Deus,
1685 2030 1950 2088 Jeroboa-

363 2130 513 2169 mum
533 2117 776 2185 quidem,
803 2121 896 2189 qui
918 2135 977 2175 se
998 2122 1163 2191 impie
1188 2132 1454 2192 gesserat,
1475 2126 1698 2179 tradidit
1720 2127 1825 2198 regi
1852 2126 1952 2182 Sn-

362 2206 559 2261 sacim.
575 2208 712 2263 Cum
732 2221 912 2266 autem
931 2215 1359 2284 perpropbetam
1381 2217 1646 2271 Sammam
1666 2219 1769 2287 ipsi
1784 2219 1950 2275 dixis-

363 2307 468 2363 set,
493 2308 545 2353 et
563 2301 933 2373 principibus:
960 2324 978 2355 ι
1012 2304 1120 2361 Vos
1139 2321 1225 2361 me
1242 2308 1565 2378 reliquistis,
1586 2318 1641 2364 et
1659 2324 1757 2382 ego
1781 2311 1947 2365 relin-

359 2406 526 2458 quam
550 2410 644 2449 vos
668 2396 720 2449 in
747 2412 909 2451 manu
933 2397 1184 2453 Susacim
1216 2398 1262 2465 i,
1295 2420 1312 2452 ι
1356 2410 1642 2472 postquam
1679 2417 1776 2458 eos
1814 2404 1949 2458 vidit

360 2482 568 2550 pudore
590 2485 835 2552 affectos,
858 2497 911 2543 et
932 2490 1216 2546 confessos
1241 2508 1397 2546 suam
1422 2494 1779 2563 impietatem,
1811 2495 1949 2550 dixit

358 2569 726 2643 preplictacku
741 2576 956 2634 Pudore
975 2587 1105 2635 sunt
1127 2581 1326 2647 affecti,
1358 2598 1464 2638 non
1499 2583 1810 2652 disperdam
1829 2603 1944 2654 eos,

359 2673 525 2734 elcgo
537 2680 634 2720 eos
647 2674 904 2736 tanquam
921 2671 987 2725 ad
1004 2670 1166 2727 breve
1183 2682 1396 2744 tempus
1412 2675 1555 2729 dabo
1570 2675 1634 2729 ad
1654 2676 1908 2741 salutem;
1924 2696 1940 2728 ι

357 2768 458 2826 pro
475 2772 540 2811 eo
555 2757 700 2826 quod
717 2762 1121 2823 est,scintillam
1136 2765 1533 2821 benedictionis
1550 2767 1702 2823 orbis
1715 2776 1871 2822 terra:
1891 2770 1944 2823 in

355 2847 437 2901 eis
460 2849 833 2906 conservabo:
857 2851 1017 2924 573
1043 2872 1060 2905 ι
1088 2853 1153 2909 Ει
1170 2872 1280 2911 non
1301 2857 1527 2913 stillabit
1547 2858 1626 2913 ira
1650 2875 1767 2918 mea
1782 2876 1948 2930 super

356 2935 791 3012 Hierosolymam
813 2958 910 3014 per
932 2946 1411 3004 manumSusat-im
1431 2946 1476 3004 ι.
1493 2970 1509 3000 ι
1531 2950 1651 3006 Νοιι
1674 2968 1841 3019 nunc,
1866 2956 1948 3008 in-

355 3033 712 3103 quit,tradam
727 3051 821 3092 cos
832 3038 1024 3105 exitio,
1040 3041 1132 3095 sed
1152 3041 1206 3094 in
1222 3053 1501 3112 p'isterum
1522 3046 1812 3100 reservabo
1826 3063 1949 3117 sup-

2049 1940 2158 1992 τῶν
2182 1939 2293 1992 ἀπὸ
2310 1938 2501 1992 πασῶν
2517 1936 2701 2007 φυλῶν
2724 1935 2965 2007 Ἰσραὴλ,
2989 1934 3038 1987 οἳ
3064 1931 3276 1985 ἔδωκαν
3293 1927 3524 2001 καρδίαν
3541 1929 3646 1982 αὐ·
3712 1971 3716 1975 .

2049 2031 2157 2085 τῶν
2170 2030 2403 2102 ζητῆσαι
2426 2029 2627 2099 Κύριον
2645 2028 2735 2082 τὸν
2758 2027 2891 2082 Θεὸν
2912 2023 3156 2097 Ἰσραήλ.
3185 2040 3204 2074 ι
3227 2023 3363 2087 Καὶ,
3386 2038 3407 2072 ι
3430 2015 3644 2074 *Ηλθον

2051 2126 2131 2187 είς
2194 2121 2552 2194 Ἰερουσαλὴμ
2587 2120 2751 2174 θῦσαι
2798 2117 2988 2190 Κυρίῳ
3031 2116 3109 2187 τῷ
3178 2113 3301 2184 Θεῷ
3344 2110 3527 2168 αὐτῶν
3567 2111 3642 2178 ⁸⁸,

2051 2216 2145 2270 καὶ
2176 2213 2507 2282 κατισχῦσαι
2534 2211 2635 2282 τὴν
2663 2210 2945 2282 βασιλείαν
2975 2207 3167 2262 Ἰούδα.
3197 2224 3217 2258 ι
3259 2205 3320 2259 '0
3357 2203 3414 2258 δὲ
3450 2202 3647 2273 φιλάν-

2051 2306 2163 2378 θρω
2175 2323 2270 2370 πος
2286 2305 2560 2375 Δεσπότης
2580 2305 2991 2374 δυσσεδήσαντα
3028 2299 3127 2371 μὲν
3147 2298 3239 2351 τὸν
3275 2296 3567 2367 ἰεροὸοάμ
3594 2296 3651 2329 ειη

2048 2400 2128 2470 τῷ
2162 2399 2474 2467 Σουσακεὶμ
2513 2397 2868 2468 παραδέδωκε
2885 2396 2957 2448 ⁸⁸.
3006 2392 3106 2446 Διὰ
3158 2391 3406 2462 Σαμαίου
3454 2389 3511 2443 δὲ
3540 2388 3642 2442 τοῦ

2050 2493 2332 2563 προφήτου
2386 2490 2481 2542 καὶ
2537 2489 2688 2557 αὐτῷ
2738 2487 2835 2542 καὶ
2893 2488 3007 2549 τοῖς
3047 2485 3310 2556 ἄρχουσιν
3368 2481 3641 2547 simitu”,

2055 2603 2074 2636 ι
2123 2584 2311 2654 Ὑμεῖς
2346 2580 2741 2650 ἐγκατελίπετε
2762 2580 2806 2611 ⁶⁰
2848 2596 2938 2650 με,
2977 2580 3071 2631 καὶ¹
3099 2575 3210 2646 ἐγὼ
3248 2574 3643 2653 ἐγκαταλείψω

2050 2677 2196 2748 ὑμᾶς
2230 2678 2289 2728 ἐν
2319 2673 2465 2744 χειρὶ
2492 2671 2829 2742 Σουσκκείμ.⁸
2875 2690 2893 2721 ι
2935 2671 3012 2734 ὼς
3047 2665 3188 2723 εἶδεν
3218 2666 3601 2737 ὲντραπὲντας
3623 2707 3639 2732 ,

2048 2771 2146 2826 καὶ
2173 2770 2272 2841 τὴν
2307 2768 2560 2824 ἀσέϐειαν
2589 2766 3056 2837 ὁμολογήσαντας,
3086 2762 3191 2832 ἔφη
3219 2762 3299 2832 τῷ
3333 2762 3594 2831 προφήτῃ
3624 2778 3639 2791 ·

2055 2881 2074 2915 ι
2106 2860 2538 2931 Ἔιθετράπησαν,
2592 2858 2653 2910 οὺ
2701 2853 3035 2925 καταφθερῶ
3085 2854 3305 2917 αὐτοὺς,
3339 2853 3436 2907 καὶ
3472 2852 3641 2906 δώσω

2049 2954 2344 3017 αὐτοὺςὼς
2372 2954 2452 3014 εἰς
2506 2949 2740 3020 σμικρὸν
2787 2950 2866 3011 είς
2913 2946 3191 3017 σωτηρίαν
3218 2963 3231 2976 '
3277 2964 3296 2996 ι
3345 2944 3468 2999 ἀντὶ
3511 2943 3638 3008 τοῦ,

2048 3050 2154 3103 Τὸν
2177 3046 2457 3116 σπινθῆρα
2481 3045 2581 3113 τῆς
2600 3042 2852 3109 εὐλογίας
2882 3042 2981 3107 τῆς
3005 3038 3332 3108 οἰκουμένης
3362 3039 3419 3089 ὲν
3450 3036 3641 3100 αὐτοῖς

356 3126 615 3196 plicium:
654 3128 1019 3198 inpraesentia
1053 3143 1233 3187 autem
1282 3133 1559 3204 imponam
1600 3137 1942 3209 ipsisjugum

2049 3137 2363 3209 διαφυλὰξω
2391 3152 2404 3165 ·
2440 3158 2455 3185 ι
2491 3136 2585 3187 καὶ
2627 3134 2687 3186 οὗ
2727 3133 2802 3204 μὴ
2858 3132 3029 3202 στάξῃ
3060 3133 3089 3184 ὁ
3141 3130 3314 3200 θυμός
3369 3145 3477 3198 μου
3534 3128 3639 3181 ἐπὶ

353 3221 365 3238 ‘
392 3219 688 3275 servitutis.
710 3239 729 3272 ι
756 3220 929 3277 Erunt
945 3224 1115 3289 cnim,
1134 3225 1332 3295 inquit,
1353 3227 1401 3282 ei
1428 3243 1525 3298 pro
1558 3230 1821 3294 servis,et
1850 3247 1944 3287 cn-

357 3320 628 3379 gnoscent
655 3315 968 3370 servitutem
1001 3332 1204 3386 meant,
1236 3331 1290 3374 et
1319 3321 1641 3375 servitutem
1665 3326 1815 3393 regni
1836 3332 1944 3376 ter-

358 3412 502 3456 nem.
527 3424 546 3455 ι
585 3404 631 3459 A
665 3410 1102 3478 comparatione,
1137 3411 1335 3482 inquit,
1370 3427 1465 3468 eos
1505 3414 1716 3468 docebo
1777 3432 1942 3484 quam

356 3511 522 3549 suave
538 3495 606 3550 sit
625 3513 803 3553 meum
817 3503 1032 3570 jugum,
1051 3510 1106 3555 et
1121 3519 1285 3571 quam
1302 3519 1463 3573 grave
1480 3505 1551 3559 sit
1566 3505 1757 3575 jugum
1776 3507 1947 3560 homi-

356 3603 509 3641 num.
535 3589 747 3646 Bursus
765 3605 947 3647 autem
970 3594 1115 3648 docti
1136 3611 1347 3661 sumus,
1372 3597 1511 3652 alios
1535 3614 1754 3668 quoque
1773 3599 1944 3654 fuisse

355 3679 525 3735 libros
560 3683 943 3751 propheticos:
971 3705 987 3735 ι
1013 3684 1191 3742 Verba
1214 3689 1383 3751 enim,
1432 3689 1632 3761 inquit,
1671 3690 1941 3755 Rolmam,

356 3771 532 3837 prima
550 3781 605 3827 et
618 3774 938 3841 novissima,
955 3794 1021 3832 an
1042 3793 1150 3832 non
1177 3796 1304 3834 ecce
1322 3781 1524 3853 scripta
1541 3784 1739 3840 suntin
1762 3786 1942 3841 verbis

355 3862 580 3918 Saintes:
622 3865 922 3935 prepltctzc,
969 3879 1021 3922 et
1049 3867 1219 3924 Jadoc
1265 3872 1500 3928 videntis
1545 3875 1612 3929 ad
1651 3891 1943 3931 recensen-

355 3953 480 4007 dam
513 3957 882 4026 genealogiam
902 3971 953 4014 ct
987 3958 1126 4015 facta
1144 3963 1263 4032 ejus
1289 3965 1352 4017 ﬂ?
1370 3984 1387 4015 ι
1409 3964 1540 4021 Jure
1553 3980 1733 4023 autem
1754 3980 1838 4025 est
1853 3970 1943 4025 ad-

355 4044 603 4100 ntiranda
630 4049 826 4105 cuttcio
850 4050 1023 4106 Abite.
1070 4050 1203 4107 Nam
1236 4070 1360 4109 cum
1394 4056 1618 4113 vidisset
1652 4075 1717 4114 ex
1749 4059 1937 4115 decem

356 4136 612 4193 tribubus
643 4139 960 4211 octingenta
985 4143 1153 4201 millia
1179 4145 1443 4203 adversus
1473 4164 1532 4203 se
1558 4161 1704 4208 stare
1741 4151 1792 4204 in
1820 4151 1938 4206 acie

351 4229 1249 4305 (ilucebatatttemillaJeroboant),
1269 4238 1938 4312 istecuutquadringentis
1982 4294 1985 4297 ,

351 4322 591 4379 millibus
614 4323 666 4378 in
682 4326 853 4381 aciem
867 4327 1080 4384 eductis
1098 4329 1235 4384 dixit
1251 4330 1580 4388 adversariis
1597 4351 1609 4386 :
1625 4334 1736 4388 «An
1752 4350 1859 4390 non
1876 4335 1937 4389 li-

349 4427 432 4469 cut
453 4418 605 4473 vobis
621 4433 956 4489 cognoscere
995 4423 1138 4491 quod
1154 4423 1416 4481 Dmninus
1436 4424 1580 4481 Deus
1593 4423 1757 4481 Israel
1774 4428 1935 4483 dede.

2058 3230 2417 3305 Ίερουσαλὴμ
2446 3230 2502 3281 ὲν
2527 3227 2668 3297 χειρὶ
2693 3224 3004 3293 Σουσακείμ
3036 3224 3101 3275 ⁵⁸.
3133 3242 3153 3274 ι
3187 3222 3261 3275 Οὐ
3291 3221 3386 3275 νῦν
3405 3220 3635 3283 αὐτοὺς,

2046 3326 2198 3400 φησὶ,
2249 3321 2559 3391 παραδώσω
2621 3318 2994 3388 πανωλεθρία,
3055 3315 3173 3368 ἀλλ’
3239 3317 3319 3376 εἰς
3397 3311 3642 3381 ὕστερον

2044 3417 2265 3487 φυλάξω
2296 3414 2394 3484 τὴν
2433 3412 2734 3483 τιμωρίαν·
2774 3409 2866 3464 ἐπὶ
2903 3409 2958 3462 δὲ
3007 3407 3102 3460 τοῦ
3151 3405 3420 3477 παρόντος
3440 3402 3636 3466 αὐτοῖς

2041 3511 2134 3564 τὸν
2163 3511 2262 3580 τῆς
2321 3507 2564 3569 δουλείας
2616 3504 2864 3574 ἐπιθήσω
2918 3502 3105 3569 ζυγόν.
3140 3519 3159 3552 ι
3210 3500 3468 3552 Ἔσονται
3516 3499 3635 3567 γὰρ

2044 3602 2214 3674 αὐτῷ,
2245 3600 2431 3670 φησὶν,
2489 3601 2567 3662 εἰς
2601 3596 2842 3659 δούλους,
2880 3596 2976 3648 καὶ
3011 3592 3315 3661 γνώσονται
3369 3590 3473 3658 τὴν
3500 3588 3632 3642 δου-

2042 3695 2193 3749 λείαν
2219 3711 2345 3764 μου,
2370 3691 2464 3746 καὶ
2490 3693 2587 3760 τὴν
2604 3688 2851 3743 δουλείαν
2877 3688 2976 3756 τῆς
2997 3684 3274 3756 βασιλείας
3305 3682 3409 3752 τῆς
3438 3681 3570 3752 γῆς.
3602 3699 3627 3734 s

2043 3786 2176 3840 ’Λπὸ
2207 3785 2566 3855 συγκρίσεως,
2595 3784 2783 3852 φησὶν,
2817 3781 3014 3844 αὐτοὺς
3053 3778 3269 3845 διδάξω,
3310 3778 3462 3838 ὅπως
3491 3791 3633 3845 χρη-

2044 3880 2168 3943 στδς
2191 3880 2219 3932 ὁ
2251 3877 2383 3947 ἐμὸς
2412 3876 2597 3945 ζυγὸς,
2629 3875 2724 3953 καὶ
2745 3875 2893 3936 ὅπως
2927 3872 3096 3942 βαρὺς
3122 3872 3149 3923 ὁ
3178 3870 3288 3923 τῶν
3318 3865 3633 3938 ἀνθρώπων

2043 3971 2230 4040 ζυγός.
2257 3970 2429 4024 Πάλιν
2459 3969 2517 4021 δὲ
2549 3969 2644 4021 καὶ
2671 3967 2866 4036 ἑτέρας
2897 3963 3260 4034 ἐδιδάχθημεν
3286 3957 3632 4030 γεγενῆσθαι

2044 4063 2262 4134 βίϐλους
2299 4059 2641 4131 προφητικάς
2675 4060 2751 4090 ⁸⁸·
2790 4076 2809 4108 ι
2853 4059 2917 4111 Oi
2943 4056 3093 4123 λόγοι
3128 4054 3260 4124 γὰρ,
3298 4052 3457 4123 φησὶ,
3500 4051 3629 4103 Ῥο-

2040 4156 2205 4228 6οὰμ,
2234 4156 2285 4210 οἱ
2315 4154 2524 4224 πρῶτοι
2558 4152 2653 4206 καὶ
2685 4153 2735 4205 οί
2781 4151 3023 4223 ἔσχατοι,
3081 4149 3183 4202 οὐκ
3216 4145 3327 4200 ἰδού
3370 4147 3483 4199 εισι
3533 4161 3631 4214 γε·

2039 4247 2350 4319 γραμμένοι
2389 4246 2448 4298 ὲν
2479 4248 2595 4307 τοῖς
2639 4242 2822 4311 λόγοις
2877 4239 3120 4311 Σαμαίου
3166 4236 3263 4291 τοῦ
3304 4235 3625 4308 προφήτου,

2039 4341 2135 4395 καὶ
2160 4338 2354 4394 Ἰαδὼκ
2387 4339 2433 4371 ⁸³
2465 4337 2558 4391 τοῦ
2586 4334 2822 4406 ὁρῶντος
2872 4332 2968 4387 τοῦ
3016 4329 3441 4401 γενεαλογῆσαι,
3461 4328 3509 4360 α
3529 4328 3625 4380 καὶ

2038 4435 2094 4486 αί
2126 4430 2354 4503 πράξεις
2376 4428 2574 4493 αὐτοῦ;
2616 4448 2635 4480 ι
2668 4426 2851 4492 Ἄξιον
2884 4423 2941 4478 δὲ
2971 4424 3018 4456 ⁸⁸
3053 4422 3337 4493 θαυμάσαι
3384 4420 3485 4490 τὴν
3526 4417 3621 4471 τοῦ

345 4510 415 4562 rit
442 4528 668 4581 rrgttunn
694 4510 884 4568 Davidi
909 4530 1073 4584 super
1096 4515 1527 4589 Hierosolymam
1553 4517 1606 4572 in
1640 4528 1930 4585 aeternum,

2053 4523 2195 4577 Αδιᾶ
2226 4522 2274 4554 ⁸⁸
2302 4518 2668 4592 δημηγορίαν.
2702 4515 2825 4569 Τῶν
2862 4513 2970 4586 γὰρ
3002 4513 3133 4566 δέκα
3167 4508 3353 4581 φυλῶν
3383 4508 3618 4563 ὀκτακο·

349 4615 400 4653 et
417 4603 540 4657 liliis
568 4603 712 4671 ejus,
732 4614 1117 4661 testamentum
1137 4608 1270 4662 salis
1293 4618 1556 4664 aeternum
1571 4610 1633 4663 °?
1668 4629 1687 4665 ι
1708 4612 1930 4676 Annon,

352 4694 548 4761 inquit,
580 4711 675 4750 vos
704 4698 844 4754 scire
868 4700 1153 4768 oportebat
1192 4701 1336 4770 quod
1361 4716 1391 4755 a
1414 4700 1523 4755 Deo
1546 4701 1736 4757 datum
1758 4703 1829 4758 sit
1847 4720 1932 4757 re-

348 4798 513 4851 gnum
548 4787 753 4856 Davidi,
779 4799 832 4844 et
858 4791 1020 4848 linem
1045 4808 1151 4847 non
1176 4804 1524 4863 accepturum
1558 4794 1650 4858 sit,
1674 4795 1831 4864 juxta
1857 4797 1932 4851 di-

348 4878 531 4931 vinam
552 4880 1014 4947 promissionem?
1038 4884 1330 4953 Quomodo
1361 4885 1527 4957 igitur
1557 4887 1929 4946 constituistis

417 5054 445 5094 1³
485 5055 525 5109 ll
560 5055 738 5111 Paral.
768 5072 847 5121 XI,
885 5060 971 5116 Η.

1050 5064 1067 5102 ί
1111 5061 1243 5118 ibid.
1296 5062 1381 5131 te,
1442 5064 1529 5118 ιι.

346 5138 366 5156 °
397 5127 434 5180 ll
484 5127 657 5181 Paral.
690 5144 807 5193 xm,
839 5129 894 5182 5.

2011 4617 2161 4682 ,σίας
2199 4613 2442 4686 χιλιάδας
2496 4610 2617 4666 κατ’
2666 4607 2834 4663 αὐτοῦ
2888 4604 3335 4678 στρατευομένας
3356 4602 3405 4635 ⁸⁷
3451 4601 3613 4656 ἱδώνο

2036 4710 2220 4780 ἠγεῖτο
2247 4706 2304 4761 δὲ
2333 4703 2513 4759 αὐτῶν
2553 4701 2840 4773 Ἰεροδοάμ
2859 4717 2875 4731 ⁸
2903 4694 3060 4761 οὗτος
3079 4695 3221 4769 μετά
3248 4692 3608 4765 τετρακοσίων

2035 4794 2289 4871 ᾑιλιὰδων
2319 4794 2824 4865 παραταττόμενος,
2873 4788 3012 4861 πρὸς
3034 4789 3164 4851 τοὺς
3197 4787 3600 4871 ἀντιπαρατασέ

2034 4868 2299 4962 σομένθυς
2350 4887 2454 4958 ἔφη
2480 4903 2494 4917 ·
2542 4903 2561 4936 ι
2600 4886 2713 4955 Οὐχ
2769 4884 2899 4954 ὑμῖν
2939 4880 3164 4949 γνῶναι,
3214 4880 3301 4933 ὅτι
3343 4874 3539 4945 Κύριος
3572 4868 3600 4921 ὁ

1644 5064 1659 5116 ί
1704 5064 1746 5123 ΙΙ
1788 5066 1944 5121 Ι².ι1“;ιΙ

2048 5082 2120 5131 :tl,
2181 5066 2233 5119 5.
2310 5064 2336 5103 ι
2378 5060 2505 5116 ibid.
2535 5060 2587 5114 7.
2667 5055 2851 5114 libid.
2916 5066 2964 5096 π
2998 5053 3131 5111 ibid.
3176 5055 3231 5110 8.
3301 5063 3334 5093 ³
3363 5051 3493 5110 ibid.
3522 5047 3605 5105 15.

1460 5220 1693 5278 VARUS
1735 5220 2121 5295 LEQTIONES
2159 5219 2244 5275 ET
2280 5217 2515 5273 NOTAE.

418 5334 463 5365 ⁵³
487 5332 610 5386 cod.
659 5328 720 5384 C.
770 5329 933 5392 νεώς.
1006 5333 1053 5367 ⁸⁸
1077 5335 1208 5389 Τοῦ.
1236 5306 1403 5391 λῑιρει
1432 5352 1463 5391 a
1501 5335 1566 5390 C.
1642 5336 1690 5369 ⁸⁸
1730 5335 1839 5389 Καὶ
1872 5336 1942 5388 ἐκ

2048 5335 2102 5387 ir
2129 5334 2356 5388 ἄλλων.
2389 5332 2523 5387 Cod.
2559 5332 2621 5386 C.
2666 5332 2759 5384 καὶ
2793 5331 2844 5382 οἱ
2882 5331 2933 5382 τ’
2954 5330 3151 5385 ἄλλων.
3230 5331 3276 5363 ⁵⁸
3294 5331 3490 5398 Κυρίῳ
3536 5327 3612 5394 τῷ

347 5402 468 5467 Θεῷ
491 5401 709 5456 αὐτῶν.
742 5402 861 5457 cod.
912 5401 973 5457 C.
1004 5405 1192 5474 Κυρίῳ
1220 5404 1334 5459 τῶν
1361 5408 1583 5477 πατρῶν
1623 5405 1746 5476 (sic)
1792 5405 1947 5459 αὐτῶ

347 5474 491 5526 mor.
515 5473 647 5526 Cod.
680 5472 1004 5526 C.ei'onxev.
1085 5475 1130 5506 ⁶⁰
1146 5476 1268 5526 eod.
1293 5476 1355 5526 C.
1385 5476 1831 5526 ὲνκατελείπατε.
1907 5475 1947 5507 ⁶¹

2070 5404 2114 5436 ⁸⁷
2147 5405 2270 5459 cod.
2311 5404 2375 5458 C.
2418 5402 2677 5471 Ῥοδοάμ.
2754 5402 2802 5434 ’³
2822 5402 2943 5456 cod.
2974 5401 3037 5455 C.
3082 5401 3375 5472 παρέδωκε

2048 5479 2102 5526 ἵν
2122 5475 2265 5526 arsz
2291 5473 2650 5526 Σουσακείιι.
2678 5470 2802 5526 Haec
2836 5471 2889 5525 in
2921 5471 3054 5526 edit.
3085 5471 3298 5526 (Sorani.
3334 5469 3440 5524 add

1146 5476 1268 5529 cod.
1293 5476 1355 5529 C.
1385 5475 1831 5545 ἐγκατελείπατε.
1907 5475 1947 5507 ⁶¹

1172 5547 1216 5574 ’⁸⁸
1242 5546 1433 5599 Πάλιν
1456 5576 1525 5585 -—
1546 5544 1938 5614 προφητικάς.

2048 5479 2102 5529 ἵν
2118 5475 2265 5543 χειρί
2290 5475 2650 5541 Σουσακείμ.
2678 5475 2802 5526 Haec
2836 5475 2889 5525 in
2921 5475 3054 5527 edit.
3085 5475 3298 5539 (iompl.
3334 5475 3610 5525 adduntur

2048 5545 2098 5598 d.
2130 5562 2181 5613 p.
2213 5544 2317 5597 477
2342 5544 2552 5614 «ξι-568.
2581 5543 2675 5614 ﬁ“
2711 5540 2929 5614 Ὶιιδώκ.
2971 5540 3027 5594 In
3083 5550 3232 5614 textu
3282 5540 3601 5614 llebr._l._c.

344 5474 491 5528 πών.
515 5473 647 5528 Cod.
680 5473 742 5526 (Σ.
759 5472 1004 5543 εἴρηκεν.

348 5546 674 5617 auctoritate
709 5542 891 5617 textus
923 5542 1089 5617 Hebr.

2754 5402 2802 5434 ’³
2822 5402 2943 5472 cod.
3082 5400 3397 5472 παρέδωκε
3427 5402 3497 5472 ,⁸⁸
3520 5401 3612 5456 ει-

348 5623 572 5667 wcatut‘
608 5609 719 5677 ‘rm,
763 5606 817 5668 in
849 5630 988 5671 vers.
1029 5614 1217 5670 Graeca
1249 5615 1416 5668 Ἀδδὼ
1438 5617 1541 5682 vel,
1584 5606 1781 5669 ἶΔόδώ.
1859 5606 1909 5649 ⁸(

2048 5618 2058 5663 ῡ
2088 5606 2543 5685 γενεαλογῆσαι.
2577 5611 2705 5667 Hac
2727 5612 2925 5667 absunt
2947 5628 2977 5666 a
3005 5610 3126 5665 cod.
3160 5610 3318 5664 Alex.
3349 5621 3406 5665 et
3432 5609 3603 5664 Vatic.

344 5719 482 5772 bene
513 5725 691 5791 autem
725 5720 1049 5789 supplentur
1077 5721 1130 5774 in
1158 5720 1291 5775 edit.
1329 5720 1539 5791 Compl.
1577 5722 1622 5755 "
1660 5721 1858 5787 Ἄξιον
1890 5720 1947 5775 δὲ

2048 5761 2053 5775 ,
2092 5737 2143 5774 τ.
2175 5720 2224 5775 λ.
2252 5718 2372 5776 Vid.
2406 5736 2459 5790 ρ.
2492 5718 2616 5784 495.
2667 5724 2861 5788 quaest.
2899 5718 2983 5772 ιτ.
3064 5717 3108 5749 ι·
3142 5715 3357 5771 ωας.
3399 5712 3602 5769 usus.

347 5791 387 5815 "
427 5787 549 5843 cod.
583 5789 641 5842 C.
672 5787 1173 5862 στρατευσαμένας.
