4038 6214
321 366 424 434 835

1339 378 1621 450 QUzEST.
1663 381 1744 443 IN
1785 382 1845 442 II
1899 382 2167 444 PARAL.
2205 383 2365 446 CAP.
2404 356 2589 447 xxv.‘

3476 385 3586 452 826

320 488 451 552 θεὸς
479 486 699 560 Ἰσραὴλ
726 486 892 544 ἔδωκε
923 488 1199 560 βασιλείαν
1237 491 1313 564 τῷ
1347 495 1512 548 Δαϐὶδ
1550 497 1644 550 ἐπὶ
1694 497 1890 571 'Ispou-

2001 511 2287 569 tyrannum
2318 498 2488 569 patris
2525 496 2655 553 mihi
2684 498 2943 554 servum?
2963 495 3375 556 Testamentum
3400 511 3583 559 autem

296 581 503 654 νσαλὴμ
532 582 612 645 εἰς
648 582 738 636 τὸν
757 581 951 650 αἰῶνα,
984 583 1079 638 καί⁸
1118 586 1230 648 τοίς
1269 586 1407 651 υἰοῖς
1431 588 1598 642 αὑτοῦ
1627 588 1895 661 διαθήκην

318 673 445 738 άλὸς
473 672 703 728 αἰωνίαν
737 675 821 741 ⁶⁸;
853 675 965 746 Οὐχ
993 675 1157 745 ὑμᾶς,
1205 679 1392 748 φησὶν,
1425 679 1531 733 ἔδει
1559 681 1786 749 γνῶναι,
1822 682 1894 746 ὡς

320 765 597 829 θεόσδοτος
626 769 658 837 ἠ
691 766 784 820 τοῦ
819 767 985 821 Δαϐἰδ
1009 766 1279 839 βασιλεία,
1317 772 1412 825 καὶ
1454 772 1606 837 τέλος
1655 774 1718 827 οὐ
1751 774 1899 844 δεχο-

322 857 459 928 μένη
490 857 635 910 κατὰ
665 858 766 929 τὴν
824 857 979 911 θείαν
1016 858 1349 930 ὑπόσχεσιν;
1386 862 1511 927 Πῶς
1542 857 1634 917 οὖν
1671 864 1899 934 ἀνεστήο

321 962 450 1002 σατε
473 947 740 1019 τύραννον
772 947 867 1001 τοῦ
898 948 1104 1020 πατρός
1126 967 1227 1020 μου
1256 951 1345 1004 τὸν
1368 952 1554 1007 δοῦλον
1575 971 1589 1020 ;
1613 954 1897 1026 Διαθήκην

317 1039 375 1091 δὲ
406 1037 533 1101 ἁλὸς
553 1037 783 1091 αἰωνίαν
810 1038 873 1091 τὸ
916 1037 1136 1108 βέϐαιον
1161 1043 1261 1112 τῆς
1291 1042 1570 1113 βασιλείας
1596 1043 1856 1100 ἐκάλεσεν
1879 1063 1892 1077 ο

317 1130 506 1202 ἐπειδὴ
551 1131 647 1184 καὶ
687 1127 957 1201 βάρϐαροι
1009 1130 1271 1195 πολλάκις
1315 1135 1693 1200 συνεσθίοντες
1734 1136 1893 1190 πολε-

288 1226 468 1300 ξμῖοις
487 1221 716 1293 βεϐαίαν
745 1223 973 1294 εἰρήνην
995 1222 1348 1291 φυλάττουσι,
1374 1226 1483 1280 τῶν
1514 1227 1657 1281 ἁλῶν
1681 1246 1747 1299 με
1757 1247 1895 1300 μνηο

312 1408 523 1462 δειλίαν
581 1407 950 1480 παρεχώρησε
1007 1412 1074 1480 τῇ
1109 1409 1388 1482 τυραννίδι
1424 1425 1438 1440 ⁶
1498 1409 1610 1481 ἐγὼ
1642 1411 1700 1466 δὲ
1762 1413 1895 1484 ὑμῖν

154 1454 223 1599 Δί
312 1454 1024 1599 ἑπιμέβφμάιίὃέὶᾯατά
1179 1454 1372 1599 ⁵ἰθείας
1410 1454 1891 1599 -βασίλείας-θρτα-

132 1886 189 1941 /

314 1588 565 1669 stiva/1'05,
605 1589 673 1661 ἢν
698 1588 776 1663 τῷ
798 1591 943 1659 γένει
977 1590 1072 1645 τοῦ
1101 1592 1270 1647 Δαϐὶδ
1307 1594 1336 1647 ὀ
1368 1593 1476 1646 τῶν
1514 1595 1653 1649 ὅλων
1681 1596 1893 1669 ἐδωρή-

313 1676 448 1756 σατο
501 1680 750 1752 Κύριοςθ
801 1683 895 1735 καὶ
936 1682 1194 1754 θαρρεῖτε
1234 1682 1312 1754 τῷ
1365 1684 1582 1756 πλήθει,
1635 1686 1731 1739 καὶ
1771 1689 1894 1750 ταῖς

264 1746 544 1844 ἤρυσαϊς
586 1746 872 1844 δαμάλεσι,
905 1774 973 1827 δι’
1118 1746 1335 1831 καὶτοῦ
1370 1746 1508 1832 Θεοῦ
1548 1746 1676 1842 τοὺς
1709 1746 1890 1850 ἱερέας

202 1830 251 1881 ’/
309 1830 671 1930 ἐξελάσαντες
692 1867 761 1933 ⁸⁸,
819 1868 1044 1940 ἐτέρους
1090 1868 1206 1922 ἀντ’
1257 1869 1440 1924 αὐτῶν
1488 1830 1889 1941 κατεστήσατε,
1921 1841 1965 1898 Β

310 1959 673 2030 παραπλήσια
708 1958 948 2031 δρῶντες
989 1962 1125 2029 τοῖς
1151 1959 1353 2016 ἔθνεσι.
1381 1962 1492 2015 Καὶ
1528 1961 1640 2033 γὰρ
1693 1964 1893 2017 ἐκεῖνοι

307 2053 439 2113 τοὺς
478 2050 741 2120 τυχόντας
791 2053 972 2125 ἱερέας
1023 2052 1394 2125 χειροτονοῦσι
1442 2057 1554 2119 τοῖς
1608 2055 1712 2109 οὐκ
1773 2050 1891 2109 οὖσι

309 2143 476 2208 θεοῖς.
542 2141 737 2212 Ἡμεῖς
790 2143 848 2195 δὲ
880 2146 958 2214 τῷ
1000 2143 1242 2215 ἀληθινῷ
1295 2144 1614 2220 θαρροῦμεν
1656 2147 1793 2219 Θεῷ,
1830 2139 1891 2201 οὗ

308 2239 406 2293 καὶ
440 2239 568 2302 τοὺς
597 2238 802 2308 ἰερέαζ,
846 2236 939 2291 καὶ
986 2238 1113 2302 τοὺς
1147 2238 1382 2302 Λευίτας
1410 2240 1770 2311 γεραίρομεν,
1797 2241 1892 2296 καὶ

307 2332 455 2386 κατὰ
484 2333 577 2385 τὸν
599 2331 742 2384 θεῖον
772 2331 941 2402 νόμον
981 2330 1083 2395 τὰς
1119 2330 1312 2396 θυσίας
1346 2333 1760 2404 προσφέρομεν,
1796 2334 1892 2388 καὶ

307 2426 455 2478 κατὰ
509 2426 609 2488 τὰς
668 2423 861 2478 τούτου
924 2425 1202 2491 διατάξεις
1248 2425 1745 2496 παρατασσόμεθα,
1771 2429 1892 2491 ταῖς

306 2517 487 2582 θείαις
538 2517 797 2586 σάλπιγξι
828 2518 922 2569 τὸν
964 2517 1203 2588 πόλεμον
1252 2517 1742 2589 προσημαίνοντες.
1800 2518 1893 2571 Διὸ

306 2610 612 2682 παρεγγυῶ
640 2611 739 2680 μὲν
765 2590 892 2680 ὑμῖν
918 2609 995 2681 μὴ
1016 2608 1561 2679 ἀντιπαρατάξασθαι
1592 2609 1668 2679 τῷ
1688 2609 1892 2661 Δεσπό-

304 2720 375 2777 τῃ
422 2702 565 2774 Θεῷ,
617 2703 676 2767 ὃς
732 2704 831 2774 τῆς
876 2703 1161 2774 ἡμετέρας
1226 2702 1511 2772 φάλαγγος
1567 2703 1885 2774 στρατηγεῖ.

303 2795 746 2865 Μεταγνώσεσθε
785 2796 895 2867 γὰρ
923 2796 1083 2848 τοῦτο
1116 2797 1462 2866 ποιήσαντες.
1486 2794 1706 2848 Τούτων
1737 2796 1889 2865 εἰρη-

308 2888 511 2956 μένων,
546 2886 870 2938 ἐκύκλωσαν
922 2886 1022 2955 μὲν
1053 2886 1142 2938 τὸν
1189 2885 1392 2939 Ἰούδαν
1426 2885 1483 2937 αἰ
1520 2885 1651 2937 δέκα
1682 2884 1849 2953 φυλαί
1872 2900 1886 2914 ’

303 2980 586 3050 ἠλάλαξαν
616 2979 673 3033 δὲ
696 2970 863 3039 οὗτοι,
906 2978 1001 3031 καὶ
1024 2979 1123 3048 τὴν
1160 2978 1312 3031 θείαν
1339 2978 1513 3050 ῥοπὴν
1547 2980 1628 3043 εἰς
1662 2980 1890 3032 ἐπικου-

305 3072 435 3143 ρίαν
481 3069 773 3123 ἐκάλεσαν.
824 3068 883 3121 Ὀ
921 3070 978 3121 δὲ
1018 3067 1239 3137 κληθεὶς
1282 3069 1363 3128 είς
1406 3069 1728 3139 συμμαχίαν
1754 3068 1889 3133 Θεὸς

1999 593 2129 647 salis
2150 598 2414 647 aeternum
2439 591 2733 662 appellavit
2783 590 2936 664 regni
2960 591 3299 661 ﬁrmitatem,
3321 595 3583 663 quoniam

1997 686 2159 737 etiam
2176 682 2397 738 Barbari
2413 682 2579 738 simul
2591 681 2757 756 574
2766 682 3055 739 vescentes
3067 698 3192 737 cum
3207 684 3480 750 hostibus,
3496 701 3589 757 pa-

1994 780 2114 827 cem
2141 782 2366 829 servant
2396 774 2612 830 ﬁrmam
2637 789 2702 831 ac
2724 774 3002 841 stabilem,
3038 773 3173 831 salis
3203 776 3583 833 recordantes.

1998 867 2101 922 Sed
2123 877 2276 938 pater
2295 883 2468 934 meus,
2489 868 2690 939 inquit,
2714 868 3291 940 propterjuventutem
3311 878 3365 925 et
3382 870 3589 926 timidi-

1998 973 2164 1021 tatem
2194 966 2361 1024 cessit
2385 967 2665 1039 tyrannidi
2697 987 2711 1022 :
2747 982 2848 1038 ego
2879 977 3061 1023 autem
3089 983 3186 1024 vos
3208 982 3405 1041 arguo,
3436 968 3586 1039 quod

1996 1058 2260 1116 adversus
2304 1076 2537 1131 regnum
2584 1060 2832 1116 divinum
2876 1061 3129 1116 audeatis
3153 1076 3309 1117 arma
3343 1077 3581 1127 movere,

1995 1153 2141 1222 quod
2173 1152 2440 1210 Dominus
2470 1153 2696 1208 donavit
2721 1154 2907 1224 generi
2939 1151 3187 1216 Davidis.
3215 1162 3270 1209 et
3297 1152 3584 1209 conﬁdatis

1996 1245 2049 1299 in
2071 1244 2419 1300 multitudine
2437 1252 2491 1298 et
2507 1245 2690 1301 aureis
2701 1244 2981 1315 juvencis,
3001 1252 3225 1315 propter
3245 1259 3383 1314 quas
3411 1253 3465 1298 et
3485 1243 3583 1297 ad-

262 1286 299 1371 ,λ
546 1315 686 1369 Ἀλλ’
715 1317 743 1368 ὀ
777 1286 1163 1387 ὲ-μὸς’πατὴρ,
1203 1286 1357 1386 φησί,
1401 1317 1492 1371 διὰ
1531 1286 1769 1389 νεότητα
1799 1286 1890 1373 καὶ

1997 1286 2049 1299 ...
2072 1286 2419 1300 ..................
2437 1286 2491 1298 ...
2507 1286 2763 1315 -......ηυ
2778 1286 2981 1311 ......ηη
3001 1286 3054 1315 ...
3070 1286 3213 1314 ...,..η
3245 1286 3383 1314 νη...
3413 1286 3465 1298 ν,
3485 1286 3551 1297 ....

1993 1334 2151 1406 iectis
2176 1336 2268 1392 Dei
2295 1336 2698 1404 sacerdotibus,
2735 1337 2875 1393 alios
2917 1352 3017 1407 pro
3043 1337 3124 1393 eis
3153 1335 3471 1402 suffecistis,
3502 1334 3585 1411 fa-

1994 1431 2200 1486 cientes
2222 1430 2425 1487 similia
2449 1429 2727 1500 gentibus.
2758 1430 2898 1484 Nam
2917 1439 2974 1485 et
2995 1429 3072 1484 illi
3093 1428 3320 1500 quosvis
3337 1427 3585 1483 sacerdo-

1994 1532 2077 1580 tes
2091 1531 2281 1579 creant
2310 1524 2378 1579 iis
2393 1524 2489 1594 qui
2507 1523 2581 1578 dii
2606 1538 2715 1578 non
2739 1532 2888 1579 sunt.
2909 1521 3023 1579 Nos
3040 1531 3224 1578 autem
3244 1521 3297 1576 in
3319 1536 3450 1576 vero
3474 1520 3583 1574 Deo

1993 1617 2508 1686 conﬁdimus,cujus
2522 1625 2578 1671 et
2596 1617 2909 1671 sacerdotes
2922 1623 2974 1670 et
2993 1614 3429 1671 Levitashonora
3438 1626 3579 1676 mus,

1994 1716 2122 1764 etex
2142 1709 2258 1777 lege
2273 1709 2457 1763 divina
2478 1707 2745 1763 sacriﬁcia
2764 1707 3048 1762 n‘ﬂ'erimus
3066 1725 3081 1760 :
3098 1716 3229 1761 etes
3246 1706 3364 1776 ejus
3380 1705 3583 1760 consti-

1994 1801 2302 1854 tutionibus
2335 1800 2508 1854 aciem
2541 1800 2896 1863 instruimus,
2952 1799 3157 1855 divinis
3191 1799 3338 1853 tubis
3373 1797 3579 1853 bellum

1995 1899 2153 1947 antea
2179 1890 2574 1961 signiﬁcantes.
2606 1889 2975 1955 Quamobrem
3007 1890 3163 1945 vobis
3196 1887 3461 1944 denuntio
3510 1903 3582 1942 ne

1993 1983 2163 2040 aciem
2181 1983 2431 2053 dirigatis
2447 1984 2714 2039 adversus
2734 1982 3029 2037 Dominum
3050 1981 3246 2045 Deum,
3270 1981 3364 2051 qui
3381 1980 3580 2035 estim-

1992 2087 2210 2147 perator
2232 2076 2405 2132 nostri
2428 2075 2725 2131 exercitus.
2744 2073 3211 2142 Pmnitebitjenim
3241 2088 3339 2128 vos
3364 2072 3410 2127 si
3438 2072 3581 2127 fece-

1995 2168 2133 2224 ritis.
2157 2168 2255 2224 His
2279 2169 2460 2229 dictis.
2491 2165 2691 2222 Judam
2728 2166 2947 2236 quidem
2978 2163 3462 2221 circumdederunt
3481 2163 3578 2219 de‘

1993 2277 2109 2316 cem
2143 2261 2338 2316 tribus.
2364 2260 2470 2331 Ipsi
2491 2275 2620 2315 vero
2636 2258 2920 2315 vociferati
2948 2266 3100 2324 sunt,
3120 2265 3175 2312 et
3201 2256 3448 2311 divinum
3481 2270 3580 2310 au-

1992 2351 2181 2406 xilium
2198 2351 2580 2421 implorarunt.
2602 2349 2744 2406 Deus
2762 2358 2943 2404 autem
2962 2348 3031 2402 ad
3050 2348 3176 2402 belli
3197 2347 3462 2401 auxilium
3487 2361 3581 2401 vo-

1993 2452 2167 2502 catus.
2211 2441 2451 2496 hostium
2488 2440 2776 2495 audaciam
2812 2438 3084 2494 convertit
3125 2438 3181 2492 in
3215 2438 3493 2504 timorem,
3523 2447 3579 2493 et

1992 2532 2240 2587 conversi
2259 2531 2592 2601 aufugerunt
2617 2546 2833 2596 omnes,
2856 2540 2910 2585 et
2926 2544 3068 2585 caesa
3095 2535 3113 2550 '
3133 2538 3260 2584 sunt
3277 2531 3577 2599 quingenta

1992 2622 2157 2676 millia
2202 2621 2256 2676 in
2300 2620 2481 2692 fugam
2508 2636 2687 2676 versa.
2729 2620 2872 2675 Dicit
2910 2619 3077 2675 etiam
3114 2617 3254 2689 fugae
3294 2632 3519 2673 causam
3559 2636 3571 2671 :

1997 2736 2017 2767 ι
2061 2714 2125 2769 Ει
2170 2715 2519 2769 invaluerunt
2571 2715 2665 2768 ﬁlii
2716 2712 2879 2778 Iuda,
2926 2712 3074 2782 quod
3123 2720 3483 2780 speraverunt
3516 2711 3572 2765 in

1990 2802 2222 2857 Domino
2277 2803 2384 2855 Deo
2418 2812 2636 2872 patrum
2668 2816 2896 2857 suorum
2918 2812 2965 2855 ι).
3010 2819 3028 2851 ι
3084 2801 3363 2870 Ceperunt
3408 2801 3574 2861 etiam

1989 2893 2238 2947 civitates
2290 2894 2398 2946 illis
2446 2893 2744 2960 subiectas.
2791 2890 3183 2947 Jeroboamum
3228 2901 3408 2948 autem
3459 2893 3577 2961 ipse

1992 2986 2374 3041 universorum
2422 2984 2569 3039 Deus
2625 2986 2787 3039 morti
2836 2984 3077 3040 tradidit.
3130 2984 3341 3040 Laudat
3391 2993 3571 3040 autem

1991 3078 2155 3133 etiam
2196 3079 2319 3133 Asze
2369 3079 2610 3147 priorem
2659 3078 2914 3147 pietatem
2953 3095 2967 3132 :
3011 3097 3029 3129 ι
3069 3076 3220 3133 Fecit
3257 3077 3428 3146 enim,
3480 3079 3566 3131 in-

303 3166 388 3227 εξς
418 3162 624 3216 δειλίαν
660 3162 770 3215 τῶν
802 3160 1082 3231 πολεμίων
1125 3160 1186 3212 τὸ
1217 3159 1422 3231 θράσος
1454 3159 1719 3231 μετέϐαλε
1791 3162 1886 3213 καὶ

1993 3170 2129 3239 quit,
2161 3167 2271 3223 Asa
2298 3178 2512 3223 rectum
2555 3182 2745 3224 coram
2780 3167 3014 3223 Domino
3039 3167 3150 3222 Deo
3176 3183 3300 3235 suo,
3330 3178 3383 3224 et
3419 3183 3576 3223 amo-

302 3253 617 3324 τραπέντες
659 3251 979 3324 ἀπέδρασαν
1023 3252 1244 3312 πάντες,
1284 3251 1379 3305 καὶ
1411 3252 1754 3320 πεντήκοντα
1788 3268 1889 3319 μυ-

304 3344 497 3416 ριάδες
518 3340 879 3413 ἀνηλώθησαν
895 3343 942 3374 "
992 3342 1316 3411 φεύγουσαι.
1369 3341 1535 3411 Λέγει
1566 3341 1625 3394 δὲ
1665 3341 1760 3395 καὶ
1790 3340 1889 3410 τῆς

303 3437 488 3507 φυγῆς
512 3436 611 3505 τὴν
644 3434 829 3488 αἰτίαν
852 3449 866 3463 ⁸
899 3453 918 3486 ι
956 3436 1069 3489 Καὶ
1090 3435 1428 3505 κατίσχυσαν
1456 3435 1507 3488 οἰ
1535 3434 1579 3465 τι
1618 3434 1726 3488 υἱοὶ
1755 3433 1891 3489 Ἰού-

301 3531 390 3596 δα,
426 3530 510 3583 ὅτι
537 3529 776 3601 ήλπισαν
805 3527 900 3581 ἐπὶ
925 3526 1130 3600 Κύριον
1150 3527 1243 3580 τὸν
1267 3528 1400 3581 Θεὸν
1430 3526 1542 3581 τῶν
1567 3526 1827 3601 πατέρων
1842 3528 1890 3560 ⁷⁸

301 3623 508 3678 αὐτῶν.
553 3641 572 3675 ι
615 3620 850 3676 Ἐλαϐον
884 3621 941 3675 δὲ
976 3620 1073 3677 καὶ
1111 3619 1298 3685 πόλεις
1331 3621 1701 3692 ὑποκειμένας
1741 3620 1890 3675 ὲκεί-

301 3736 440 3782 νοις.
486 3718 593 3771 Τὸν
631 3717 690 3771 δὲ
735 3717 1020 3787 Ἱεροϐοάμ
1067 3717 1231 3781 αὐτὸς
1262 3718 1290 3770 ὁ
1334 3716 1447 3769 τῶν
1474 3716 1612 3771 ὅλων
1642 3717 1775 3782 Θεὸς
1810 3717 1892 3788 τῷ

301 3805 529 3876 θανάτῳ
570 3803 906 3875 παρέδωκεν.
952 3804 1199 3858 Ἐπαινεῖ
1244 3804 1426 3859 δὲκαὶ
1474 3805 1570 3859 τοῦ
1628 3805 1762 3859 Ἀσά
1791 3805 1890 3878 τὴν

303 3898 587 3968 προτέραν
620 3896 905 3951 εὐσέϐειαν
937 3912 952 3925 '
1004 3916 1023 3949 ‹
1073 3896 1332 3969 Ἐποίησε
1367 3899 1497 3970 γὰρ,
1531 3900 1718 3972 φησὶν,
1757 3901 1891 3955 Ἀσὰ

298 3989 369 4042 τὸ
415 3988 572 4053 εὐθὲς
620 3989 850 4042 ἐνώπιον
896 3989 1106 4060 Κυρίου
1134 3989 1228 4043 τοῦ
1259 3991 1394 4043 Θεοῦ
1428 3991 1619 4057 αὑτοῦ,
1658 3994 1752 4046 καὶ
1785 3995 1891 4047 άπ-

300 4082 506 4152 έστησε
536 4081 606 4135 τὰ
642 4080 1009 4151 θυσιαστήρια
1035 4080 1104 4134 τὰ
1141 4082 1425 4154 ἀλλότρια,
1460 4103 1479 4136 ι
1516 4084 1792 4150 τουτέστι,
1820 4085 1889 4140 τά

299 4175 414 4227 τῶν
453 4171 711 4225 εἰδώλων.
770 4169 902 4225 Εἶτα
940 4173 1212 4243 ἐπήγαγε,
1274 4193 1293 4224 ι
1346 4176 1442 4228 καὶ
1492 4178 1564 4229 τὰ
1616 4176 1819 4247 ὑψηλά.
1865 4196 1883 4229 ι

313 4261 461 4332 Ἐγὼ
495 4262 553 4315 δὲ
573 4257 728 4331 οἶμαι
746 4261 835 4314 διὰ
862 4261 1068 4314 τούτων
1093 4257 1430 4316 αἰνίττεσθαι
1459 4264 1528 4317 τὰ
1556 4268 1891 4337 παρανόμως

301 4356 382 4428 τῷ
409 4353 534 4423 Θεῷ
556 4355 614 4405 ἐν
636 4356 749 4416 τοῖς
770 4352 977 4422 βουνοῖς
1005 4353 1368 4423 ἀνακείμενα.
1416 4374 1434 4406 ‹
1465 4357 1576 4409 Καὶ
1597 4358 1889 4428 συνέτριψε

299 4447 402 4510 τὰς
436 4443 656 4515 στήλας,
683 4442 779 4498 καὶ
796 4443 1021 4512 ἐξέκοψε
1049 4445 1118 4497 τὰ
1139 4445 1299 4516 ἄλση.
1338 4465 1356 4497 ι
1382 4447 1491 4500 Καὶ
1527 4450 1584 4500 ὲν
1612 4452 1727 4512 τοῖς
1760 4450 1889 4521 ἑξῆς

1989 3264 2068 3315 vit
2114 3261 2305 3316 altaria
2352 3262 2530 3317 aliena
2553 3271 2603 3327 ιι,
2637 3280 2655 3312 ι
2714 3265 2821 3315 hoc
2869 3268 2976 3324 est,
3026 3260 3225 3314 altaria
3276 3258 3572 3315 idolorum.

1992 3352 2196 3407 Deinde
2235 3351 2562 3422 subiunxit:
2600 3369 2619 3403 ι
2662 3351 2729 3405 Ει
2770 3351 3007 3405 excelsa.
3045 3369 3065 3403 ι
3098 3349 3212 3421 Ego
3239 3359 3420 3406 autem
3455 3351 3577 3405 exi--

1991 3446 2154 3500 etimo
2183 3458 2278 3514 per
2310 3458 2374 3499 ea
2408 3443 2572 3498 tacite
2595 3442 2895 3515 signiﬁcari
2920 3443 3026 3499 ista
3058 3457 3180 3515 qua:
3204 3451 3402 3514 praeter
3427 3442 3574 3515 leges

1990 3535 2151 3607 575
2181 3537 2291 3591 Deo
2316 3544 2476 3592 erant
2498 3535 2746 3591 dedicata
2776 3535 2833 3589 in
2860 3535 3098 3592 collibus
3126 3553 3140 3590 :
3175 3555 3196 3589 ι
3228 3535 3295 3591 Ει
3314 3535 3574 3592 contrivit

1991 3638 2223 3695 statuas,
2266 3636 2321 3684 et
2367 3628 2606 3684 exscidit
2638 3626 2817 3684 lucos.
2859 3645 2879 3679 ι
2921 3624 2979 3682 In
3011 3628 3099 3683 his
3132 3642 3302 3698 porro
3329 3643 3453 3699 qua:
3486 3642 3574 3683 se-

1989 3727 2255 3789 quuntur,
2286 3719 2639 3790 persequitur
2670 3719 2793 3791 ejus
2836 3719 3046 3775 laudes.
3080 3718 3219 3775 Cum
3254 3719 3358 3774 hac
3386 3727 3571 3773 autem

1991 3811 2191 3881 pietate
2228 3811 2403 3866 aciem
2430 3811 2730 3876 instruens,
2767 3809 2906 3866 fudit
2934 3817 2990 3866 et
3022 3808 3232 3881 fugavit
3261 3807 3570 3878 Ethiopes,

1989 3909 2045 3956 et
2075 3917 2410 3971 persequens
2450 3916 2645 3957 omnes
2675 3900 3044 3971 consumpsit.
3080 3899 3223 3955 Dicit
3259 3910 3440 3955 autem
3477 3913 3573 3954 eos

1991 3995 2164 4051 fuisse
2216 3995 2459 4065 ipsorum
2509 3995 2823 4051 ﬁnitimos:
2867 4012 2886 4046 ι
2923 3994 3094 4048 Multa
3146 3993 3330 4058 enim,
3370 3992 3570 4061 inquit,

1989 4096 2255 4157 ceperunt
2299 4086 2495 4157 spolia,
2552 4093 2608 4140 et
2659 4087 3016 4142 exsciderunt
3064 4099 3257 4140 eorum
3303 4098 3472 4155 pagos
3516 4083 3573 4137 in

1991 4180 2224 4234 circuitu
2264 4177 2596 4233 Gerarorum
2631 4195 2644 4231 :
2700 4177 2960 4246 quoniam
3000 4175 3103 4230 fuit
3149 4189 3325 4245 pavor
3354 4172 3573 4228 Domini

1991 4287 2156 4341 Super
2185 4285 2300 4336 eos,
2332 4278 2386 4324 et
2413 4269 2758 4339 diripuerunt
2777 4283 2970 4322 eorum
3003 4266 3253 4323 civitates
3271 4306 3287 4331 ,
3311 4265 3572 4335 quoniam

1992 4361 2215 4417 fuerunt
2237 4361 2321 4416 eis
2351 4360 2521 4416 multa
2554 4359 2751 4430 spolia.
2782 4358 3122 4413 Exciderunt
3151 4357 3317 4413 etiam
3342 4356 3573 4412 tentoria
3658 4417 3664 4422 t

1992 4470 2250 4526 pecorum
2277 4461 2331 4507 et
2369 4451 2717 4515 Amazonim,
2748 4459 2803 4506 et
2832 4456 3165 4520 acceperunt
3191 4451 3393 4503 multas
3419 4462 3572 4511 oves,

300 4541 362 4594 δὲ
406 4538 545 4603 τοὺς
584 4538 844 4600 ἐπαίνους
865 4537 911 4567 ⁷³
963 4536 1205 4604 διέξεισι.
1260 4538 1416 4592 Μετὰ
1454 4539 1556 4609 τῆς
1605 4541 1887 4606 εὐσεϐείας

1994 4559 2046 4604 et
2074 4549 2334 4615 camelos,
2361 4555 2416 4603 et
2442 4545 2645 4601 reversi
2671 4553 2799 4600 sunt
2821 4543 3255 4614 Hierosolymam
3283 4550 3327 4594 ι.
3368 4559 3386 4592 ι
3417 4539 3574 4607 Quod

301 4632 362 4686 δὲ
386 4630 437 4663 ⁷⁸
464 4629 668 4700 ταύτης
692 4626 1147 4699 παραταξάμενος
1166 4628 1432 4698 ἐτρέψατο
1448 4632 1576 4695 τοὺς
1594 4632 1884 4698 Αἰθίοπας,

303 4727 400 4779 καὶ
441 4722 655 4778 διώκων
706 4722 951 4784 ἅπαντας
998 4720 1383 4789 κατηνάλωσεν
1406 4724 1474 4777 ⁷⁵.
1532 4724 1800 4796 ὐμόρους
1830 4726 1891 4780 δὲ

302 4818 456 4887 λέγει
496 4815 722 4877 τούτους
777 4813 957 4868 αὐτῶν
1015 4812 1371 4883 γεγενῆσθαι.
1425 4835 1444 4867 ‹
1517 4817 1888 4871 Ἐσκύλευσαν

281 4913 437 4982 ⁸γὰρ,
466 4911 625 4982 φησὶ,
660 4907 835 4961 σκῦλα
872 4905 1060 4967 πολλὰ,
1116 4907 1211 4958 καὶ
1243 4906 1510 4977 ἐξέκοψαν
1553 4907 1653 4973 τὰς
1690 4909 1885 4980 κώμας

313 5003 488 5057 αὐτῶν
513 5003 701 5073 κύκλῳ
733 5001 992 5073 Γεράρων
1014 5000 1080 5063 ⁷⁸,
1112 5003 1193 5054 ὅτι
1223 5000 1441 5068 ἐγένετο
1486 5000 1749 5064 ἔκστασις
1777 5002 1889 5055 Κυ-

315 5096 432 5167 ρίου
459 5097 548 5150 ὲπ’
576 5096 778 5159 αὐτούς
807 5112 819 5126 ·
864 5098 958 5149 καὶ
989 5098 1300 5168 διήρπασαν
1330 5094 1428 5157 τὰς
1463 5094 1647 5158 πόλεις
1683 5094 1888 5158 αύτῶν,

379 5285 410 5326 ι
435 5274 683 5333 ilParal.
718 5291 839 5342 xm,
885 5274 970 5328 l8.
1047 5282 1077 5324 ιι
1103 5273 1143 5328 ll
1175 5273 1354 5328 Paral.
1388 5289 1498 5335 xw,
1528 5272 1583 5336 2,
1625 5273 1679 5327 5.

1995 4653 2173 4696 autem
2204 4640 2404 4696 Gerara
2435 4639 2506 4695 sit
2530 4637 2854 4698 Palaestinae.
2889 4636 3163 4691 neminem
3193 4643 3326 4705 puto
3357 4639 3576 4688 contra-

1993 4731 2291 4785 dicturnm.
2336 4728 2471 4784 Nam
2508 4730 2655 4785 circa
2685 4727 3128 4796 Eleutheropolin
3172 4739 3295 4795 qua:
3328 4732 3571 4789 vocatur,

1993 4819 2420 4881 Gerarenorum,
2460 4819 2649 4875 Salton
2676 4819 2729 4872 in
2767 4824 3089 4887 praesentem
3117 4829 3290 4885 usque
3318 4814 3460 4869 diem
3493 4820 3577 4868 est

1994 4913 2357 4968 nominatum.
2382 4910 2479 4967 Est
2501 4926 2631 4983 ergo
2645 4907 3245 4972 verisimile,coloniam
3270 4906 3338 4961 ah
3359 4904 3575 4960 [Ethio-

1996 5007 2154 5076 pibus
2183 5004 2471 5059 deductam
2496 5004 2643 5057 illam
2677 5001 2955 5055 habitasse
2983 4999 3288 5070 regionem,
3322 5007 3377 5053 et
3404 5014 3575 5069 quos-

1995 5096 2122 5151 dam
2154 5097 2320 5152 etiam
2354 5096 2498 5151 alios
2532 5093 2847 5149 nominatos
2884 5092 3228 5159 Amazonim,
3274 5105 3416 5163 quos
3449 5090 3573 5161 quia

1756 5282 1778 5310 ι’
1807 5272 1939 5328 ibid.
1971 5272 2155 5327 13-15.

1446 5469 1673 5525 VAPJA‘J
1723 5469 2106 5525 LECTIONES
2147 5470 2232 5529 ΕΤ
2267 5469 2503 5525 NOTAE.

384 5619 433 5652 ⁸⁸
464 5617 768 5685 Διαθήκην
794 5616 943 5681 ἁλὸς
969 5617 1236 5685 αἰωνίαν.
1267 5615 1394 5669 Hec.
1428 5613 1588 5668 lectio
1610 5612 1711 5667 Le.
1734 5614 1890 5685 esto:

1993 5615 2082 5685 jxn
2118 5613 2264 5685 ἁλός.
2287 5683 2296 5685 _
2322 5615 2391 5685 κδ’
2436 5613 2878 5680 Ἐξελάσαντες
2902 5613 3070 5685 (quod
3098 5614 3153 5685 in
3178 5610 3573 5685 Aioeumleetio-

316 5690 401 5747 nis
439 5680 790 5756 ὲξελάζοντες
816 5680 1222 5756 substituimus)
1246 5693 1426 5739 exstat
1447 5685 1510 5756 in
1541 5684 1763 5756 _cod.f_‘..
1825 5683 1873 5756 7A°

1994 5680 2017 5736 ⁷.
2130 5683 2509 5756 ἀναλώθησαν.
2587 5684 2632 5756 '"_
2654 5688 2739 5756 0t.
2769 5680 2993 5756 Abest—tt
3016 5684 3141 5756 eqd.
3166 5683 3228 5736 Ο.
3292 5681 3338 5712 τ’
3358 5681 3478 5756 cod.
3510 5680 3570 5733 (3.

318 5828 365 5864 "
386 5823 847 5902 Γὲράρωνίιῖθε.
883 5825 1045 5881 lectio
1070 5824 1104 5878 Ι.
1133 5840 1183 5879 c.
1212 5834 1296 5880 est
1320 5823 1521 5896 Γεδώρ.

200 5782 207 5801 ε
319 5751 541 5832 πατρῶν
569 5751 808 5832 semper.
884 5755 934 5832 _"
977 5755 1477 5832 ‘Erfat'rovc._c9d.
1529 5753 1590 5809 C.
1624 5752 1751 5809 add.
1800 5754 1890 5806 αὐτ

2065 5755 2112 5786 ⁷⁸
2142 5755 2235 5807 Δέ.
2272 5751 2440 5810 Abest
2467 5771 2498 5810 a
2536 5754 2658 5811 cod.
2686 5754 2749 5811 ϐ.
2829 5756 2873 5788 ⁷³
2905 5755 3024 5811 cod.
3056 5754 3119 5809 Ο.
3167 5751 3570 5807 κατανάλωσεν.
