4038 6214
401 363 500 435 εει)

1282 321 1565 437 ρυίεδτ.
1605 367 1687 427 IN
1730 369 1789 428 II
1819 371 2086 431 PARAL.
2119 373 2276 434 CAP.
2320 373 2472 434 XVI.
2512 373 2698 435 xm.

3550 379 3659 445 830

397 474 606 538 οἰκείας
635 473 926 528 κατέλιπον
956 474 1268 541 πόλεις,·είς
1291 475 1350 530 δὲ
1369 479 1472 542 τὰς
1495 479 1706 532 τούτων
1733 482 1965 551 κατέφυι

2077 483 2178 539 fuit
2218 484 2492 554 perfectus
2537 487 2592 540 in
2640 484 2919 541 omnibus.
2961 483 3095 541 Nam
3145 487 3380 558 primum
3431 494 3651 561 quidem

395 584 512 636 γον,
547 567 643 621 καὶ
675 567 738 622 τὸ
770 569 1056 638 παροικεῖν
1082 567 1141 622 ἐν
1169 568 1482 640 ἀλλοτρίαις
1513 570 1608 625 τοῦ
1646 573 1747 633 τὰς
1773 574 1977 638 οἰκείας

395 659 566 714 οἰκεῖν
592 657 991 729 προετίμησαν.
1041 657 1280 725 Τούτους
1333 661 1473 728 μετά
1497 661 1607 716 τῶν
1649 663 1744 716 δύο
1792 663 1975 730 φυλῶν

398 747 723 817 συναγαγὼν
750 747 780 800 ὁ
811 748 968 815 Ἀσά,
992 749 1188 822 ἑορτὴν
1232 752 1502 806 ἐπινίκιον
1523 753 1810 808 ἐπετέλεσε
1829 771 1842 784 ·
1879 755 1974 808 καὶ

399 838 695 909 πάμπολλα
753 839 972 910 θύματα
1017 840 1407 912 προσενεγκὼν
1440 843 1522 913 τῷ
1579 843 1723 909 Θεῷ,
1775 845 1971 915 ὀμόσαι

350 983 359 988 ,
397 930 819 1000 παρεσκεύασεν
870 931 1139 997 ἅπαντας,
1173 933 1248 996 ὡς
1291 936 1392 1004 τῆς
1418 935 1652 1004 ἐννόμου
1693 935 1974 1000 πολιτείας

397 1022 497 1076 οὐκ
525 1022 956 1092 ἀποστήσονται,
983 1021 1122 1076 ἀλλά
1155 1023 1685 1096 μόνῳςλατρεύσουσι
1706 1025 1784 1095 τῷ
1804 1043 1974 1080 σεσω-

397 1115 513 1168 κότι
546 1112 684 1183 Θεῷ.
718 1111 875 1167 Οὕτω
918 1113 974 1167 δέ
1027 1113 1247 1184 θερμῶς
1283 1115 1412 1178 τοὺς
1459 1114 1635 1180 θείους
1685 1119 1972 1186 ἠσπάσατο

397 1203 616 1273 νόμους,
647 1204 731 1258 ὅτι
753 1203 849 1258 καὶ
872 1201 970 1274 τὴν
1006 1204 1223 1275 μητέρα
1263 1204 1432 1258 αὐτοῦ
1468 1207 1536 1272 ⁸⁸,
1591 1211 1657 1278 τῇ
1695 1209 1968 1280 Ἀστάρτη

395 1293 695 1365 λατρεῦσαι
723 1294 1143 1366 προειλομένην,
1185 1296 1284 1366 τῆς
1323 1298 1604 1368 βασιλείας
1651 1301 1968 1371 ἐγύμνωσε·

398 1386 494 1440 καὶ
517 1385 580 1440 τὸ
614 1386 832 1440 εἴδωλον
871 1386 1150 1455 συγκόψας
1181 1389 1522 1444 κατέκαυσεν
1548 1393 1606 1445 ἐν
1633 1392 1712 1462 τῷ
1736 1395 1970 1466 χειμάρο

401 1479 478 1548 ρῳ
510 1477 754 1548 Κέδρων.
788 1476 932 1530 Ἀλλ’
957 1477 1056 1531 οὐκ
1081 1477 1128 1509 ⁸⁸
1149 1481 1204 1532 ἐν
1237 1479 1410 1534 ἅπασι
1441 1482 1648 1546 τέλειος
1687 1479 1774 1554 ἦν.
1811 1485 1969 1554 Πρῶ-

397 1585 489 1622 τον
513 1568 615 1636 μὲν
647 1567 758 1639 γὰρ
801 1567 901 1638 ούχ
932 1567 1148 1622 ἅπαντα
1175 1568 1338 1639 ἐξῆρε
1365 1571 1436 1623 τὰ
1471 1570 1672 1640 ὑψηλὰ,
1721 1575 1971 1626 τουτέστι

397 1663 520 1726 τοὺς
547 1665 606 1716 ἐν
643 1665 754 1725 τοῖς
785 1661 1010 1732 ὑψηλοῖς
1040 1661 1262 1734 χωρίοις
1305 1664 1702 1734 ἀνακειμένους
1725 1665 1804 1731 τῷ
1853 1667 1971 1738 Θεῷ

397 1754 504 1808 τῶν
537 1755 674 1808 ὅλων
703 1753 940 1824 βωμούς.
981 1754 1356 1825 ’Δπηγόρευτο
1384 1755 1493 1828 γὰρ
1513 1757 1752 1830 ἑτέρωσε
1781 1758 1930 1812 θύειν
1952 1776 1965 1790 ο

2079 591 2186 630 non
2236 579 2418 631 omnia
2471 577 2690 632 abstulit
2743 577 2974 642 excelsa,
3028 579 3130 634 lioc
3161 592 3245 635 est
3289 581 3484 638 altaria
3533 604 3654 656 qua:

2081 662 2194 718 Deo
2233 665 2624 720 universorum
2660 675 2818 721 erant
2840 667 3085 723 dedicata
3127 669 3181 723 in
3219 670 3357 726 locis
3392 675 3648 732 excelsis.

2077 751 2422 811 Probibitum
2462 759 2606 810 enim
2639 767 2760 813 erat
2809 758 2935 813 alibi
2975 757 3309 828 sacrificare,
3357 765 3504 834 quod
3541 783 3652 822 uno

2077 845 2198 902 loco
2223 848 2676 918 circumscriptus
2711 857 2854 904 esset
2873 852 3177 906 secundum
3205 853 3376 923 legem
3407 855 3497 910 Dei
3531 857 3648 912 cul-

2075 947 2184 994 tus.
2227 939 2432 994 Deinde
2464 955 2586 995 cum
2622 939 2794 997 Bassa
2835 942 3097 998 adversus
3127 959 3251 998 eum
3299 944 3520 1002 fecisset
3553 963 3649 1002 ex-

2075 1030 2433 1100 peditionem,
2475 1040 2528 1086 et
2557 1033 2843 1090 muniisset
2873 1032 3046 1088 Rama
3093 1035 3362 1092 adversus
3395 1035 3652 1093 Hieroso-

2074 1122 2298 1194 lymam,
2327 1135 2381 1178 et
2403 1123 2738 1191 oportuisset
2769 1139 2966 1179 vocare
2993 1125 3048 1178 in
3090 1126 3355 1180 auxilium
3407 1144 3531 1182 eum
3559 1129 3650 1198 qui

2075 1223 2153 1269 tot
2179 1215 2324 1270 bona
2347 1215 2396 1269 ei
2433 1217 2893 1285 suppeditaverat,
2929 1233 3112 1288 regem
3144 1218 3314 1290 Syriae
3355 1221 3564 1276 vocavit
3593 1223 3648 1276 in

2075 1306 2363 1369 auxilium,
2413 1321 2610 1376 magno
2647 1307 2764 1361 auri
2809 1323 3040 1363 numero
3085 1311 3152 1364 ad
3197 1325 3321 1364 eum
3371 1314 3543 1368 misso
3582 1327 3649 1368 ex

2073 1399 2350 1454 thesauris
2368 1399 2534 1470 regiis
2557 1408 2614 1454 et
2640 1401 2864 1454 divinis.
2915 1399 3019 1456 sed
3057 1417 3181 1457 eum
3227 1419 3356 1459 cura
3400 1420 3496 1460 sua
3538 1421 3650 1460 non

2073 1487 2321 1544 destituit
2345 1487 2612 1557 benignus
2647 1496 2702 1542 et
2730 1487 2971 1542 clemens
3005 1487 3270 1544 Dominus
3305 1507 3317 1543 τ
3352 1491 3445 1544 sed
3479 1491 3648 1544 misso

2073 1579 2334 1649 propheta
2365 1577 2608 1644 Anauia,
2642 1579 2819 1648 arguit
2859 1580 2982 1650 ejus
3025 1580 3487 1645 incredulitatem,
3532 1582 3648 1636 haec

2073 1671 2264 1725 dicens
2289 1687 2302 1722 :
2334 1688 2354 1721 ι
2385 1671 2464 1724 Eo
2487 1671 2630 1739 quod
2657 1670 2912 1724 ﬁduciam
2939 1671 3196 1727 habueris
3225 1672 3278 1726 in
3303 1688 3427 1741 rege
3455 1672 3645 1742 Syrizc,

2075 1775 2181 1813 non
2215 1763 2439 1815 autem‘
2471 1761 2524 1812 in
2571 1759 2803 1813 Domino
2834 1760 2944 1814 Deo
2980 1767 3096 1826 tuo,
3137 1770 3426 1830 propterea
3464 1763 3648 1818 salvus

399 1845 480 1900 ἐνὶ
511 1846 619 1916 γὰρ
653 1848 688 1916 ἡ
719 1845 862 1900 κατά
915 1846 1082 1916 νόμον
1121 1846 1347 1917 λατρεία
1404 1827 1741 1920 περιώριστο
1795 1851 1965 1921 τόπῳ.

2071 1850 2174 1906 fuit
2195 1851 2466 1906 exercitus
2491 1850 2634 1920 regis
2657 1850 2822 1905 Israel
2846 1864 2892 1905 ι.
2930 1870 2948 1902 ι
2973 1849 3110 1914 Tua,
3137 1827 3332 1920 inquit,
3359 1854 3646 1908 increduli-

403 1939 630 1990 Ἔπειτα
662 1937 720 1990 δὲ
767 1935 863 1990 τοῦ
889 1936 1078 1990 Βαασᾶ
1111 1937 1545 2008 στρατεύσαντος
1599 1939 1721 1993 κατ’
1779 1941 1964 2007 αὐτοῦ,

399 2028 488 2082 καὶ
515 2027 613 2098 τὴν
674 2027 854 2098 Ῥαμὰ
883 2031 997 2092 τοῖς
1059 2029 1452 2102 Ἱεροσολύμοις
1507 2033 1964 2102 ἐπιτειχίσαντος,

395 2117 510 2171 δέον
535 2121 616 2180 είς
647 2120 967 2191 συμμαχίαν
1003 2119 1230 2174 καλέσαι
1258 2121 1349 2175 τὸν
1378 2123 1649 2177 τοσούτων
1680 2124 1901 2194 ἀγαθῶν
1921 2127 1969 2157 ⁹⁶

398 2209 544 2280 αύτῷ
596 2211 888 2281 γενόμενον
940 2212 1199 2282 χορηγὸν,
1247 2212 1338 2266 τὸν
1384 2213 1607 2284 βασιλέα
1638 2217 1735 2287 τῆς
1771 2217 1968 2287 Συρίας

396 2301 472 2364 είς
497 2301 820 2371 συμμαχίαν
871 2301 1132 2354 ἐκάλεσεν
1159 2318 1173 2332 ο
1203 2303 1266 2355 ἐκ
1295 2303 1404 2357 τῶν
1434 2304 1728 2374 βασιλικῶν
1761 2309 1966 2375 Θησαυ-

399 2391 528 2461 ρὼν,
555 2393 648 2445 καὶ
669 2394 853 2462 μέντοι
875 2395 968 2447 καὶ
996 2393 1106 2447 τῶν
1129 2393 1310 2462 θείων,
1341 2398 1543 2468 χρυσὸν
1568 2398 1718 2469 αὐτῷ
1743 2401 1968 2470 πέμψας

393 2481 472 2534 ὅτι
523 2481 759 2551 μάλιστα
789 2483 1064 2538 πλεῖστον.
1099 2483 1242 2537 Ἀλλ’
1271 2487 1370 2539 οὐκ
1405 2488 1588 2542 εἴασεν
1616 2489 1776 2542 αὐτὸν
1812 2491 1964 2543 ἀνία-

394 2590 482 2627 τον
515 2577 544 2628 ὁ
594 2575 982 2648 φιλάνθρωπος
1020 2579 1254 2650 Κύριος·
1299 2580 1483 2634 Ἀνανὶ
1521 2581 1576 2634 δὲ
1633 2581 1726 2636 τὸν
1755 2585 1966 2652 προφή-

392 2683 488 2735 την
518 2667 867 2730 ἀποστείλας.
895 2669 994 2740 τὴν
1024 2671 1284 2726 ἀπιστίαν
1315 2672 1586 2743 διήλεγξε,
1611 2674 1738 2726 τάδε
1763 2675 1930 2727 εἰπών
1949 2693 1960 2702 ·

400 2776 416 2807 ι
456 2758 545 2810 Ἐν
580 2758 658 2827 τῷ
704 2760 1134 2831 πεποιθέναιισε
1184 2765 1279 2816 ἐπὶ
1321 2763 1553 2834 βασιλέα
1599 2766 1822 2835 Συρίας,
1872 2767 1966 2818 καὶ

395 2847 468 2918 μὴ
501 2848 827 2904 πεποιθέναι
869 2852 960 2904 ἐπὶ
988 2851 1196 2924 Κύριον
1231 2853 1322 2908 τὸν
1362 2854 1494 2907 Θεόν
1532 2872 1650 2920 σου,
1697 2855 1780 2909 διὰ
1809 2855 1967 2908 τοῦτο

391 2940 619 3012 διεσώθη
665 2945 697 3013 ἠ
753 2944 984 3016 δυνάμις
1036 2945 1306 3015 βασιλέως
1356 2947 1576 3018 Ἰσραήλ
1599 2949 1666 3000 ⁸⁷.
1701 2966 1720 2998 ι
1769 2948 1832 3000 Ἠ
1871 2949 1962 3018 σὴ,

392 3033 574 3103 φησὶν,
617 3035 846 3090 ἀπιστία
899 3037 1269 3108 προύξένησεν
1293 3039 1338 3071 ³⁸
1383 3039 1613 3102 ἐκείνοις
1651 3040 1749 3108 τὴν
1786 3056 1964 3110 σωτη-

394 3125 532 3196 ρίαν.
563 3127 627 3180 Εί
659 3129 767 3199 γὰρ
795 3129 1042 3201 συνήθως
1073 3131 1424 3195 ἐπίστευσας,
1453 3132 1624 3204 ἄρδην
1657 3131 1722 3185 ἂν
1753 3134 1962 3196 πάντας
1991 3155 2033 3214 C

390 3219 762 3284 κατίκτεινας.
794 3221 1230 3294 ’Δναμιμνήσκει
1257 3223 1314 3277 δὲ
1346 3225 1506 3278 αὑτὸν
1527 3225 1752 3280 καὶτῶν
1781 3227 1961 3280 Αἰθιό-

391 3327 531 3376 πων,
583 3310 678 3364 καὶ
708 3311 816 3364 τῶν
876 3313 1113 3380 Λιϐύων,
1153 3315 1246 3368 καὶ
1288 3315 1394 3368 τῶν
1445 3317 1650 3379 ἵππων,
1710 3317 1804 3370 καὶ
1853 3319 1960 3372 τῶν

394 3403 680 3472 ἁρμάτων,
731 3405 830 3457 καὶ
889 3407 988 3476 τῆς
1039 3406 1206 3460 αὐτοῦ
1240 3407 1496 3472 πίστεως,
1554 3409 1624 3460 δι’
1665 3409 1730 3478 ἢν
1761 3406 1963 3472 αὐτοὺς

391 3495 772 3566 κατηνάλωσεν
803 3499 848 3530 ³³
893 3498 1172 3563 ἅπαντας·
1207 3499 1286 3552 ὅτι
1317 3518 1334 3550 ι
1370 3499 1671 3570 Ὀφθαλμοὶ
1728 3503 1957 3572 Κυρίου,

391 3586 578 3655 φησὶν,
613 3585 1005 3640 ὲπιὸλέπουσιν
1029 3589 1124 3640 ἐπὶ
1170 3589 1352 3642 πᾶσαν
1404 3588 1502 3657 τὴν
1531 3591 1656 3659 γῆν,
1699 3589 1960 3660 κατισχῦ-

391 3691 478 3728 σαι
509 3677 568 3729 ἐν
599 3675 748 3746 πάσῃ
777 3677 974 3748 καρδίᾳ
1001 3677 1016 3708 ¹
1071 3677 1269 3748 πλήρει
1298 3679 1319 3709 ’
1375 3679 1512 3750 πρὸς
1565 3681 1748 3734 αὐτόν.
1784 3701 1803 3732 ι
1851 3684 1962 3744 lli;

389 3765 516 3835 γὰρ,
549 3765 705 3835 φησὶ,
745 3765 984 3836 γνησίως
1013 3767 1176 3820 αὐτὸν
1203 3767 1408 3832 καλῶν,
1445 3769 1694 3836 τεύξεται
1725 3771 1826 3841 τῆς
1854 3789 1960 3824 σω-

387 3857 606 3926 τηρίας.
645 3851 781 3910 Εἶτα
812 3858 1150 3928 σαφέστερον
1184 3859 1436 3930 ἐλέγχει·
1475 3879 1493 3912 ι
1531 3861 1838 3932 Ἣγνόησας
1869 3864 1962 3916 ἐπὶ

386 3949 592 4020 τούτῳο
637 3970 659 4001 ι
711 3951 904 4004 ἔπειτα
941 3951 1200 4023 προλέγει
1228 3953 1297 4006 τὰ
1345 3953 1582 4023 ἐσόμενα
1611 3955 1914 4025 σκυθρωπά
1946 3973 1958 3986 ·

391 4059 412 4092 ι
447 4043 584 4096 Ἀπὸ
606 4041 705 4096 τοῦ
738 4041 832 4096 νῦν
858 4043 990 4114 γὰρ,
1034 4045 1218 4113 φησὶν,
1260 4045 1281 4076 ³
1315 4044 1465 4098 ἔσται
1511 4063 1595 4098 σοι
1637 4046 1892 4116 πόλεμος.
1938 4067 1956 4098 ι

389 4134 672 4190 Ἐντεῦθεν
699 4136 720 4168 ⁸
751 4136 867 4190 ἔστι
894 4137 1088 4206 μαθεῖν
1115 4138 1157 4200 ⁵,
1193 4137 1267 4196 ὡς
1289 4140 1338 4191 οἱ
1365 4138 1704 4208 Ἀμαζονεὶμ
1729 4141 1963 4194 Λιϐυκόν

388 4227 532 4282 ἐστιν
579 4227 756 4292 ἔθνος.
789 4227 896 4290 Οὓς
953 4229 1062 4298 γὰρ
1109 4228 1221 4282 ἄνω
1255 4229 1594 4299 ’Δμαζονεὶμ
1651 4230 1960 4300 ὠνόμασεν,

387 4317 620 4372 ἐνταῦθα
667 4318 873 4383 Λίϐυας
924 4319 1216 4389 κέκληκεν.
1272 4321 1331 4372 'O
1363 4320 1420 4372 δὲ
1443 4321 1599 4383 ’Δσά,
1628 4321 1746 4375 δέον
1787 4323 1960 4394 ἀλγῆ-

393 4425 503 4474 σαι,
536 4411 634 4463 καὶ
663 4410 954 4480 θρηνῆσαι,
1005 4410 1099 4464 καὶ
1147 4409 1244 4480 τὴν
1301 4409 1450 4462 θείαν
1487 4411 1710 4464 καλέσαι
1763 4413 1959 4480 φιλαν-

2071 1952 2154 1998 tas
2167 1943 2270 1996 illis
2289 1942 2597 2011 procuravit
2613 1941 3002 1996 salutem.Nam
3023 1941 3068 1996 si
3088 1942 3428 2006 credidisses,
3445 1951 3504 1996 ut
3521 1959 3648 1998 con-

2069 2046 2342 2096 sueveras,
2365 2029 2611 2088 funditus
2629 2045 2726 2086 eos
2743 2030 3061 2086 occidisses.
3080 2031 3141 2086 Ei
3161 2041 3340 2086 autem
3365 2032 3417 2086 in
3437 2049 3646 2087 memo-

2068 2123 2205 2178 riam
2229 2125 2504 2178 revocavit
2522 2122 2982 2194 578Etliiopcs
2999 2123 3284 2197 etLibyes,
3303 2133 3358 2180 et
3379 2140 3569 2196 equos,
3595 2135 3647 2180 et

2067 2229 2131 2270 cu
2143 2224 2341 2280 rrus,et
2359 2213 2530 2282 ipsius
2547 2214 2729 2276 Iidem,
2749 2229 2844 2283 per
2870 2229 3036 2283 quam
3055 2229 3247 2270 omnes
3269 2216 3608 2285 consumpsit
3629 2219 3648 2270 ε’

2073 2319 2095 2358 ι.
2115 2304 2267 2359 Oculi
2291 2306 2436 2359 enim
2475 2303 2712 2369 Domini,
2737 2305 2934 2374 inquit,
2959 2305 3240 2360 intuentur
3259 2306 3312 2360 in
3335 2307 3642 2362 universam

2067 2402 2289 2456 terram,
2309 2393 2372 2447 ad
2393 2409 2488 2447 eos
2508 2393 3102 2462 roboramlos,quorum
3127 2402 3296 2448 totum
3319 2410 3414 2450 cor
3434 2397 3534 2465 ipsi
3551 2396 3646 2450 ad-

2068 2483 2296 2538 luerctt’.
2322 2501 2339 2534 ι
2367 2483 2558 2537 Omnis
2576 2483 2742 2547 enim,
2769 2483 2970 2553 inquit,
2989 2484 3083 2552 qui
3107 2499 3232 2539 vere
3252 2495 3303 2538 et
3323 2485 3534 2541 sincere
3565 2487 3645 2556 ip-

2069 2590 2188 2629 sum
2222 2575 2458 2640 invocat,
2484 2585 2854 2643 consequetur
2885 2575 3140 2630 salutem.
3181 2574 3384 2630 Deinde
3403 2577 3646 2646 apertius

2067 2667 2281 2736 arguit:
2316 2685 2334 2717 ι
2366 2666 2702 2737 lgnorastiin
2724 2668 2846 2730 hoc,
2874 2685 2893 2717 ι
2929 2675 2983 2722 et
3007 2667 3262 2736 deinceps
3287 2669 3524 2736 praedicit
3545 2669 3638 2722 tri-

2067 2761 2170 2815 Stia
2188 2769 2241 2813 et
2261 2760 2442 2830 gravia
2467 2775 2585 2827 qure
2623 2758 2732 2814 sint
2749 2759 2935 2814 futura
2965 2777 2976 2812 :
3013 2777 3032 2810 ι
3057 2759 3190 2814 Nam
3211 2760 3276 2814 ab
3298 2761 3419 2824 hoc,
3443 2759 3639 2830 inquit,

2069 2861 2308 2922 tempore
2337 2854 2441 2907 erit
2477 2852 2573 2906 tibi
2598 2853 2796 2908 bellum
2820 2863 2862 2906 τ.
2896 2872 2914 2904 ι
2960 2851 3099 2907 Hinc
3125 2853 3472 2907 licctdiscerc
3495 2853 3640 2922 quod

2067 2944 2387 2999 Amazonim
2423 2952 2506 2998 est
2545 2959 2677 3013 gens
2698 2943 2918 3013 Libyca.
2951 2941 3088 2998 Nam
3112 2957 3250 3012 quos
3268 2942 3517 3010 superius
3543 2958 3642 2995 nn-

2067 3037 2662 3099 tuinaritAmazmiim,
2703 3036 2792 3090 hic
2829 3035 3121 3105 appellavit
3149 3033 3363 3106 Libyes.
3402 3039 3506 3090 Asa
3541 3050 3640 3088 au-

2069 3135 2200 3194 tem,
2223 3143 2348 3182 cum
2372 3136 2650 3198 oporteret
2676 3127 2863 3182 dolere
2901 3134 2955 3180 et
2995 3125 3142 3189 (lere,
3171 3133 3225 3179 et
3259 3124 3498 3179 divinam
3538 3126 3643 3177 im-

2066 3219 2280 3288 plorare
2302 3218 2666 3283 clcmentiam,
2692 3235 2799 3273 non
2823 3217 2998 3272 solum
3024 3216 3125 3272 fuit
3147 3216 3340 3282 iratus,
3367 3217 3460 3270 sed
3478 3217 3639 3271 etiam

2063 3309 2116 3364 in
2140 3325 2415 3366 carcerem
2448 3309 2684 3379 conjerit
2704 3309 3048 3378 prephetam.
3079 3305 3322 3376 Populus
3361 3316 3541 3360 autem
3575 3322 3642 3360 ex

2063 3402 2184 3472 ejus
2208 3417 2424 3471 quoque
2453 3411 2676 3470 peccato
2706 3400 2878 3456 sensit
2907 3399 3113 3470 aliquid
3142 3414 3156 3452 :
3195 3418 3214 3450 ι
3245 3400 3446 3454 Nocuit
3471 3398 3635 3462 enim,

2064 3495 2258 3565 inquit,
2282 3495 2382 3548 Asa
2405 3494 2602 3564 populo
2622 3504 2865 3562 tempore
2887 3493 2980 3548 illo
2999 3504 3079 3546 ε.)
3106 3491 3241 3546 Eum
3263 3503 3444 3547 autem
3465 3505 3644 3561 repre-

2066 3587 2252 3642 hendit
2281 3587 2426 3656 quod
2456 3586 2644 3652 etiam,
2678 3601 2802 3640 cum
2833 3593 3141 3656 aegrotaret,
3189 3599 3296 3639 non
3332 3584 3644 3654 quaesiverit

2067 3677 2382 3745 Dominum,
2407 3680 2500 3734 sed
2524 3679 2785 3734 medicos.
2807 3676 2913 3732 Sed
2947 3692 3072 3733 cum
3111 3677 3274 3747 hujus
3298 3678 3372 3731 rei
3401 3677 3642 3746 explica-

2064 3775 2262 3829 tionem
2285 3774 2560 3843 posuerim
2586 3774 2638 3828 in
2661 3774 2810 3829 libro
2832 3785 3030 3844 quarto
3051 3771 3387 3842 Regnorum.
3423 3785 3640 3840 pergam

2065 3864 2130 3918 ad
2167 3864 2221 3919 id
2244 3864 2389 3932 quod
2412 3872 2583 3919 restat
2621 3865 2760 3920 inter
2773 3863 3114 3931 pretandum.
3137 3861 3348 3917 Laudat
3373 3859 3642 3930 Josapha-

2065 3966 2177 4008 tum
2203 3955 2642 4026 historia,utqui
2680 3957 2734 4010 in
2771 3955 2927 4010 initio
2946 3955 3235 4010 aemulatus
3275 3953 3348 4009 sit
3382 3955 3638 4007 virtutem

2065 4046 2284 4102 Davidis
2307 4064 2320 4099 :
2340 4048 2443 4102 hoc
2464 4048 2608 4102 enim
2635 4048 2914 4103 dicitillud
2941 4063 2956 4102 :
2986 4067 3004 4100 ι
3031 4047 3086 4102 In
3109 4047 3300 4118 primis
3319 4049 3370 4100 ι).
3405 4065 3422 4098 ι
3450 4046 3645 4101 Narrat

2065 4140 2228 4194 etiam
2247 4141 2506 4210 prteclara
2524 4139 2644 4209 ejus
2663 4139 2801 4194 facta
2819 4139 3048 4194 etlaude
3069 4139 3231 4208 digna
3262 4156 3275 4192 :
3306 4156 3323 4190 ι
3349 4137 3642 4192 Dominum

2064 4235 2230 4298 enim,
2255 4231 2453 4302 inquit,
2475 4231 2570 4287 Dei
2596 4233 2769 4304 patris
2789 4233 2873 4288 sui
2897 4231 3169 4302 quaesivit,
3195 4240 3250 4286 et
3269 4231 3322 4284 in
3351 4229 3622 4284 mandatis

2064 4322 2182 4391 ejus
2201 4323 2519 4384 ambulavit,
2542 4337 2648 4376 non
2675 4331 2854 4376 autem
2872 4322 3175 4376 secundum
3191 4337 3358 4390 Opera
3379 4319 3540 4374 Israel
3558 4330 3603 4371 ο.
3621 4337 3638 4368 ι

2066 4413 2314 4468 Ostendit
2333 4424 2514 4470 autem
2543 4415 2737 4470 horum
2763 4429 2982 4483 quoque
3005 4413 3239 4467 fructum
3276 4429 3288 4464 :
3315 4430 3332 4461 ι
3361 4411 3645 4465 Etdirexit

393 4501 654 4572 θρωπίαν,
685 4503 746 4555 ού
786 4502 945 4570 μόνον
976 4501 1244 4572 ὠργίσθη,
1285 4501 1420 4554 ἀλλὰ
1473 4502 1567 4554 καὶ
1595 4501 1959 4574 δεσμωτηρίῳ

2069 4505 2328 4559 Dominus
2353 4521 2578 4575 regnum
2600 4507 2652 4559 in
2685 4521 2850 4560 manu
2873 4506 2992 4574 ejus
3014 4547 3028 4570 ,
3052 4515 3106 4558 et
3127 4504 3349 4558 fuerunt
3377 4505 3424 4558 ei
3445 4503 3646 4557 divitia:

388 4595 476 4648 τὸν
508 4595 831 4667 τεροφπέλτισιν⁶
889 4595 1196 4664 παρέδωκε.
1261 4593 1652 4663 Συναπήλαυσε
1681 4596 1736 4648 δὲ
1789 4598 1883 4650 καὶ
1931 4599 1959 4648 ὁ

387 4686 509 4750 λαὸς
535 4689 634 4758 τῆς
668 4685 861 4739 τούτου
898 4684 1299 4754 πλημμελείας.
1349 4703 1368 4736 ι
1428 4685 1770 4754 Ἐλυμήνατο
1818 4688 1948 4760 γὰρ,

389 4781 572 4850 φησὶν,
622 4779 758 4832 Ἀσά
789 4777 846 4830 ἐν
891 4777 969 4848 τῷ
998 4776 1134 4846 λαῷ,
1202 4778 1260 4829 ἐν
1308 4774 1384 4845 τῷ
1425 4776 1604 4847 καιρῷ
1639 4777 1890 4847 ἐκείνῳτ.
1934 4798 1951 4828 ι

386 4869 788 4938 Ἑπιμέμφεται
849 4865 907 4919 δὲ
957 4863 1131 4934 αὐτῷ,
1181 4866 1262 4917 ὅτι
1315 4867 1802 4936 ἀρῤωστήσαςθού
1861 4869 1954 4921 τὸν

387 4962 587 5034 Κύριον
616 4959 901 5028 ἐζήτησεν,
933 4957 1047 5012 ἀλλ’
1077 4959 1096 4988 ⁰
1127 4957 1365 5027 ἰατρούς.
1385 4957 1548 5010 Ἀ).λά
1569 4959 1609 4988 ¹⁰
1645 4961 1836 5012 τούτου
1859 4959 1956 5030 τὴν

452 5109 480 5136 λ
507 5099 551 5154 ll
579 5099 758 5153 Paral.
804 5113 912 5162 xVI,
945 5097 996 5150 7.
1107 5103 1137 5143 Υ
1183 5093 1224 5147 ll
1255 5095 1432 5150 Paral.
1496 5113 1580 5152 xvx
1610 5137 1626 5162 ,
1677 5099 1728 5150 ί).

385 5171 409 5210 ἀ
449 5171 574 5226 ibid.
627 5171 680 5224 5.
762 5180 783 5207 ε
811 5169 942 5222 ibid.
977 5167 1028 5221 6.

1847 5107 1868 5132 ³⁵
1906 5098 2036 5152 ibid.

2066 4605 2120 4652 et
2149 4597 2314 4666 gloria
2336 4595 2566 4652 multad.
2595 4615 2612 4648 ι
2646 4595 2779 4651 Illud
2801 4605 2980 4651 autem
3007 4614 3020 4650 :
3048 4595 3160 4663 ¢_Et
3187 4596 3390 4650 elatum
3421 4595 3522 4649 fuit
3547 4609 3644 4648 cor

2066 4685 2182 4753 ejus
2205 4697 2282 4750 6,)
2313 4701 2420 4739 non
2442 4686 2579 4739 dixit
2605 4687 2658 4739 in
2687 4685 3168 4754 vituperationem,
3197 4685 3290 4740 sed
3318 4685 3370 4738 in
3403 4684 3638 4738 laudent.

2065 4775 2356 4844 Sulijuuxit
2383 4778 2530 4831 enim
2567 4795 2580 4830 :
2621 4795 2638 4828 ι
2677 4777 2732 4830 In
2765 4776 2872 4829 viis
2909 4776 3162 4843 Domini;
3211 4784 3265 4829 ct
3293 4774 3520 4831 abstulit
3560 4773 3644 4826 lu-

2065 4885 2158 4924 cos
2191 4886 2223 4923 a
2245 4881 2387 4925 terra
2418 4868 2576 4924 Juda.
2618 4888 2636 4920 ι
2672 4869 2980 4938 Prwposuit
3008 4869 3174 4924 etiam
3201 4869 3364 4940 579
3389 4869 3644 4922 universo

2067 4961 2264 5030 populo
2292 4961 2548 5015 doctores
2577 4959 2774 5016 divinae
2807 4960 2962 5030 legis,
2993 4968 3048 5014 et
3078 4959 3412 5024 sacerdotes,
3458 4967 3510 5012 et
3536 4956 3638 5012 Le-

2143 5111 2170 5138 ει
2207 5099 2336 5152 ibid.
2397 5097 2482 5150 10.
2601 5097 2699 5150 ιἸΙ
2754 5097 2931 5152 Paral.
2989 5097 3217 5162 xvn,5.
3325 5107 3346 5135 ο
3389 5095 3516 5149 ibid.
3579 5094 3633 5148 Δί.

1472 5259 1707 5314 VARle
1751 5258 2134 5314 LEG'I‘IONES
2176 5257 2259 5311 ET
2310 5257 2540 5313 NOTJE.

453 5381 497 5414 ³⁵
555 5377 773 5434 Αὑτοῦ.
808 5375 1022 5430 Abesta
1047 5377 1179 5430 cod.
1225 5377 1286 5430 C.

1365 5377 1410 5408 θα
1441 5379 1579 5428 Οὐκ.
1609 5375 1722 5430 vm.
1750 5392 1802 5444 p.
1845 5377 1965 5430 tot.

2073 5379 2113 5408 θ’
2151 5376 2609 5442 Τὸν-χορηγόν.
2643 5376 2766 5429 cod.
2805 5375 2865 5430 C.
2899 5376 2991 5428 τὸν
3039 5375 3308 5428 τοσούτων
3349 5373 3632 5442 γενόμενον

385 5451 620 5521 χορηγὸν
653 5445 915 5530 ἀγταθιῖξν..
934 5515 945 5528 ⁹
971 5449 1012 5478 ³⁷
1043 5445 1304 5530 Aeacidum
1330 5479 1400 5486 —
1431 5449 1548 5530 "let;
1565 5447 1704 5527 alii.
1738 5449 1861 5530 liter,
1905 5449 1955 5499 in

2069 5448 2280 5530 irﬁlﬂliq
2323 5445 2758 5530 pltltl'i'Cl'tilldpa’GSl
2793 5446 3011 5530 lectioni
3040 5457 3286 5530 rectqme,
3320 5445 3540 5526 qualita
3574 5459 3633 5496 se

386 5515 565 5585 liabet,
597 5517 776 5586 ἐσώθη
819 5520 850 5586 ἡ
889 5515 1143 5588 δζύναμις-
1172 5517 1368 5588 Συρίας
1419 5517 1662 5588 ἁπὺγτῆς
1701 5517 1848 5588 χειρὸ

388 5590 404 5620 ¹
444 5591 548 5642 Ἕν
575 5588 743 5654 πάσῃ
769 5585 1014 5650 καρδίᾳ.
1047 5585 1168 5657 cod.
1198 5585 1258 5639 (ἐζ
1307 5589 1444 5656 μετά
1485 5585 1659 5652 πάσης
1701 5585 1947 5657 καρδίας.

385 5657 408 5690 ι
436 5653 821 5714 3,185.08...—
844 5656 1035 5720 ἔθνος.
1075 5653 1190 5706 Vid.
1237 5671 1286 5722 ρ.
1307 5653 1319 5656 “
1337 5659 1461 5712 575.

387 5800 508 5855 cod.
540 5799 601 5854 C.
643 5793 777 5852 ἀλλὰ
806 5793 949 5856 τούς.

1861 5535 1881 5569 1'
1914 5533 2028 5569 σου.

1857 5559 1947 5639 ἒις.
2027 5588 2046 5616 α
2079 5585 2317 5654 ηλιξρει.
2355 5567 2522 5638 Αυρδί
2549 5601 2577 5638 a
2603 5559 2724 5640 Emi.
2750 5586 2809 5641 C.

1541 5660 1560 5689 ⁵
1584 5657 1758 5710 ’Ἐστι
1783 5656 2030 5723 λμαύεῖν.
2073 5658 2193 5711 cod.
2226 5659 2286 5710 (Ι.
2330 5656 2504 5724 δῆλον.
2585 5657 2606 5685 ⁸
2637 5656 2914 5746 [Diriguit-‘7}

1591 5745 1603 5746 κ
1666 5729 1676 5746 1
1729 5729 1763 5746 Δ*
1819 5745 1840 5746 η
1967 5745 1974 5746 κ
2043 5745 2070 5746 ,,
2121 5729 2130 5742 ν
2230 5728 2248 5746 ο
2307 5728 2343 5746 9|
2387 5727 2478 5746 11!,
2558 5731 2672 5746 _,,,.l_
2717 5745 2722 5746 γ
2769 5727 2776 5736 ¹

386 5729 540 5785 7cod.
567 5731 628 5783 C.
655 5742 843 5796 prtem.
875 5725 986 5798 καί.
1065 5728 1084 5754 ⁸
1123 5725 1552 5796 Ἀρρωστήσιις.
1581 5729 1700 5790 Cud,
1726 5729 1786 5782 (ὲ.
1817 5745 1960 5798 ρι’έυιι

2069 5729 2151 5780 ιαί.
2230 5728 2248 5758 °
2307 5727 2841 5792 ’AJJc‘z—rsdsmcbg.
2876 5725 2992 5781 Viti.
3034 5742 3083 5794 ι).
3131 5727 3223 5778 iii-Ci

2107 5517 2150 5546 9⁸
2179 5517 2301 5569 cod.
2349 5517 2410 5568 (Σ.
2466 5515 2836 5576 προυξένισεν.
2913 5519 2958 5548 99
2982 5519 3102 5569 (30d.
3137 5519 3198 5569 (Σ.
3226 5515 3628 5576 κατανάλωσεν,

2466 5515 2836 5569 ποουξένισεν.

2511 5567 2522 5638 ἶ
2549 5601 2577 5638 a
2603 5555 2724 5640 (ξοδ.
2750 5586 2809 5641 C.
2887 5588 2908 5618 ³
2927 5587 3074 5652 Γὰρ,
3105 5586 3314 5653 φησίν.
3343 5583 3464 5638 Des.
3497 5585 3604 5647 ibid

2585 5657 2606 5685 ⁸
2637 5655 2978 5724 ΙΙέ,τ-(“ριξτηι⁴.
3027 5660 3146 5708 cod.
3173 5656 3232 5707 ll.
3270 5655 3603 5724 προφητικῶν

3355 5727 3396 5754 ¹⁰
3450 5723 3620 5775 Ἀλλ’.
