4038 6214
394 385 496 454 821

1440 395 1704 466 QUEST
1738 395 1820 456 IN
1867 393 1928 454 ΙΙ
1966 391 2236 452 PARAL.
2289 391 2447 451 CAP.
2489 389 2592 450 IX.
2628 387 2696 447 X.

3561 368 3667 435 822

399 499 608 561 πάντας
640 497 766 562 τοὺς
796 498 1204 572 πρεσϐυτέρους
1228 498 1472 573 Ἰσραὴλ,
1505 501 1598 556 καὶ
1626 503 1836 566 πάντας
1860 499 1990 563 τοὺς

2102 500 2148 553 in
2187 499 2449 554 concione
2481 507 2673 551 omnes
2704 488 2949 548 seniores
2981 485 3170 553 Israel,
3203 493 3258 540 et
3283 496 3480 539 omnes
3517 496 3669 552 prm-

397 589 663 662 ἄρχοντας
693 591 805 645 τῶν
843 591 1050 662 φυλῶν,
1081 594 1174 647 καὶ
1204 592 1331 660 τοὺς
1365 593 1702 665 ἡγουμένους
1739 592 1849 648 τῶν
1882 607 1985 646 πα-

395 679 564 749 τριῶν
593 680 702 735 τῶν
727 681 860 736 υἱῶν
883 681 1122 755 Ἰσραὴλ,
1156 683 1251 737 τοῦ
1287 687 1602 754 ἀνενεγκεῖν
1627 683 1726 754 τὴν
1754 681 1985 737 κιϐωτὸν

395 771 662 843 διαθήκης
687 772 895 845 Κυρίου
918 775 983 829 ὲκ
1005 775 1214 838 πόλεως
1241 775 1406 829 Δαϐίδ
1423 795 1436 808 ο
1471 775 1610 846 αὕτη
1633 776 1690 829 δὲ
1713 775 1932 827 Σιώνη.
1962 792 1980 824 ι

396 861 557 916 Οὕτω
581 864 638 918 δὲ
665 865 828 919 καλεῖ
851 865 950 938 τὴν
979 867 1261 938 ἀνωτέραν
1291 868 1466 923 πόλιν.
1515 868 1605 931 Ὠς
1637 865 1986 938 ὀχυρωτέραν

397 956 506 1028 γὰρ
537 956 801 1027 τειχίσας,
830 959 887 1012 ὲν
915 959 1053 1030 αὐτῇ
1081 958 1146 1013 τὰ
1171 958 1416 1030 βασίλτια
1448 958 1761 1028 ᾠκοδόμησε
1785 972 1800 985 ·
1832 975 1857 1029 ι,
1877 956 1986 1010 Καὶ

399 1048 834 1122 έξεκκλησιάσθη
859 1051 994 1122 πρὸς
1016 1051 1108 1106 τὸν
1131 1051 1352 1122 βασιλέα
1375 1050 1695 1120 Σολομῶντα
1719 1051 1824 1112 πᾶς
1849 1047 1986 1120 ἀνὴρ

410 1139 628 1210 Ἰσραὴλ
656 1141 715 1194 ὲν
748 1142 813 1211 τῇ
846 1142 1008 1212 ἑορτῇ
1029 1155 1044 1170 '
1077 1134 1234 1204 οὗτος
1265 1140 1370 1212 μὴν
1395 1140 1647 1211 ἕϐδομος.
1689 1157 1708 1190 ›
1761 1137 1986 1209 Ἐορτὴν

397 1231 454 1286 δὲ
507 1231 608 1305 τὴν
668 1233 1050 1304 σκηνοπηγίαν
1105 1233 1306 1287 καλείο
1357 1230 1496 1302 αὕτη
1553 1230 1663 1303 γὰρ
1711 1227 1872 1301 τρίτη
1919 1223 1988 1298 ἦν

399 1324 581 1395 ἑορτή.
629 1343 649 1378 ι
690 1323 801 1377 Καὶ
829 1324 1156 1394 εἰσήνεγκαν
1182 1324 1229 1376 οἱ
1268 1323 1438 1394 ἱερεῖς
1465 1320 1566 1392 τὴν
1603 1319 1839 1374 κιϐωτὸν
1872 1319 1987 1372 δια-

401 1412 576 1483 θήκης
626 1413 834 1485 Κυρίου
888 1413 970 1478 εἱς
1019 1413 1112 1466 τὸν
1167 1414 1335 1466 τόπον
1387 1412 1589 1483 αὐτῆς,
1649 1412 1727 1474 εἰς
1774 1413 1837 1464 τὸ
1881 1412 1986 1464 Δα-

401 1507 522 1576 ϐεὶρ
561 1505 656 1560 τοῦ
693 1508 865 1573 οἴκου,
918 1508 1000 1571 εἱς
1045 1507 1114 1561 τὰ
1157 1509 1323 1576 ’Ἅγια
1351 1507 1461 1562 τῶν
1493 1507 1685 1574 ἁγίων,
1732 1507 1988 1560 ὑποκάτω

400 1599 508 1651 τῶν
546 1598 940 1670 Χερουϐεἱμυ.
981 1617 1000 1650 ι
1065 1600 1178 1654 Καὶ
1224 1598 1476 1652 ἐντεῦθεν
1512 1597 1606 1652 οὖν
1624 1599 1669 1630 ⁸⁵
1697 1597 1876 1668 δῆλον,
1912 1599 1988 1661 ὡς

403 1689 602 1762 Δαϐεὶρ
659 1691 723 1744 τὺ
774 1691 988 1757 ἄδυτον,
1044 1693 1138 1746 καὶ
1193 1692 1494 1761 ἄψαυστον,
1547 1692 1642 1745 καὶ
1689 1691 1988 1762 ἀνάκτορον

401 1781 628 1835 ἐκάλεσε
671 1783 766 1837 τοῦ
811 1782 964 1850 ναοῦ,
1010 1785 1150 1854 ὅπερ
1179 1785 1348 1851 ’Ἅγια
1377 1783 1549 1851 ἁγίων
1581 1783 1870 1848 ὀνομάζειν
1898 1783 1987 1850 φί-

401 1873 492 1928 λον
519 1876 584 1946 τῇ
619 1873 740 1946 θεία
780 1876 994 1949 Γραφῇ.
1047 1875 1156 1928 Τοῦ
1205 1874 1388 1946 μέντοι
1434 1874 1779 1944 Σολομῶντος
1823 1888 1991 1943 προσ·
2027 1866 2070 1922 Β

323 1981 328 1987 ‘
404 1964 739 2036 ευξαμένου,
807 1967 906 2020 καὶ
967 1967 1144 2036 πέρας
1209 1963 1611 2027 ὲπιτεθεικότος
1681 1965 1746 2034 τῇ
1820 1979 1992 2033 προσ-

404 2059 560 2128 ευχῇ,
603 2057 716 2128 πῦρ
761 2056 1088 2128 κατενεχθὲν
1129 2055 1425 2128 οὐρανόθεν
1467 2056 1569 2120 τὰς
1606 2053 1992 2126 προσενεχθει-

405 2167 506 2214 σας
545 2151 738 2216 Θυσίας
781 2151 1048 2207 ἀνάλωσε.
1088 2149 1259 2204 Πάλιν
1297 2148 1542 2218 μέντοιή
1585 2147 1798 2218 ἱστορία
1843 2145 1992 2200 διδά-

407 2261 554 2311 σκει,
589 2243 664 2309 ὡς
713 2245 808 2298 τοῦ
853 2245 1212 2314 πανευφήμου
1262 2241 1425 2294 Δαϐἱδ
1469 2242 1608 2294 εἰσιν
1669 2243 1717 2293 οἱ
1762 2239 1990 2310 ψαλμοί.

405 2336 568 2404 Λέγει
590 2335 647 2390 δὲ
673 2335 849 2400 οὕτως
880 2353 894 2368 ·
925 2355 944 2388 ι
978 2337 1088 2388 Καὶ
1113 2335 1163 2388 οἱ
1203 2335 1428 2386 Λευῖται
1469 2335 1524 2385 ὲν
1549 2332 1804 2404 ὀργάνοις
1842 2329 1994 2401 ᾠδῶν

403 2425 612 2497 Κυρίου
633 2469 646 2492 ,
676 2421 750 2480 ῶν
784 2427 1010 2498 ὲποὶησε
1045 2425 1210 2480 Δαϐὶδ
1239 2425 1267 2477 ὀ
1312 2423 1586 2495 βασιλεὺς,
1619 2423 1712 2476 τοῦ
1745 2421 1994 2492 ἐξομολο⁴

403 2517 618 2584 γεῖσθαι
642 2517 822 2571 ἔναντι
854 2518 1087 2588 Κυρίου,
1121 2519 1203 2570 ὅτι
1231 2514 1459 2584 ἀγαθὸς,
1484 2513 1568 2567 ὃτι
1588 2515 1668 2578 εἱς
1693 2513 1786 2566 τὸν
1821 2511 1996 2566 αἰῶνα

403 2611 465 2663 τὸ
493 2611 641 2674 ἔλεος
671 2611 860 2675 αὑτοῦ,
902 2613 959 2664 ὲν
985 2610 1178 2680 ὕμνοις
1211 2610 1378 2663 Δαϐ“ιδ
1402 2609 1491 2662 διὰ
1524 2605 1710 2678 χειρὸς
1741 2601 1928 2658 αὑτοῦ.
1971 2622 1990 2654 ι

405 2700 657 2771 Τοσαύτη
691 2700 748 2754 δὲ
781 2697 851 2772 ἦν
875 2702 909 2771 ὴ
954 2700 1050 2753 τοῦ
1084 2701 1437 2772 Σολομῶντος
1469 2697 1747 2760 εὐσέϐεια,
1789 2695 1872 2748 ὅτι
1898 2693 1993 2746 τοῦ

405 2792 608 2864 Φαραὼ
660 2793 761 2862 τὴν
805 2792 1082 2864 θυγατέρα
1139 2793 1220 2856 εἱς
1249 2791 1320 2846 τὰ
1381 2790 1653 2859 νεόδμητα
1693 2787 1995 2858 μετέστησε

411 2885 676 2956 βασίλεια,
712 2884 887 2952 λέγων
917 2900 930 2914 °
991 2903 1010 2936 ι
1068 2885 1143 2938 Οὐ
1194 2885 1514 2954 κατοικήσει
1540 2885 1574 2952 ὴ
1621 2881 1760 2950 γυνή
1799 2897 1899 2950 μου
1939 2881 1996 2931 ὲν

405 2977 540 3048 οἴκῳ
589 2975 755 3030 Δαϐὶδ
805 2974 1071 3045 βασιλέως
1117 2973 1357 3046 Ἰσραὴλ,
1389 2973 1474 3026 ὃτι
1504 2972 1661 3040 ἅγιος
1713 2963 1894 3032 οὗτος,
1929 2962 1990 3022 οὗ

408 3069 658 3139 εἰσῆλθεν
688 3069 864 3138 ὲκεῖή
915 3067 1150 3130 κιϐωτὸς
1199 3066 1408 3138 Κυρίου
1423 3065 1491 3120 ⁵⁸.
1527 3084 1545 3115 ι
1580 3063 1902 3132 Κατέστησε
1941 3061 1999 3114 δὲ

2093 593 2244 662 cipes
2278 591 2542 654 tribuum,
2565 599 2618 643 et
2642 598 2834 641 omnes
2860 582 3029 636 duces
3061 578 3393 634 familiarum
3430 577 3668 630 liliorum

2095 679 2297 744 Israel,
2357 688 2418 734 ut
2461 679 2795 733 adducerent
2845 685 3028 727 aream
3075 666 3303 722 {te-deris
3341 665 3562 720 Domini
3601 678 3671 718 ex

2094 775 2313 828 civitate
2347 771 2518 828 David
2548 787 2561 825 :
2597 785 2660 824 ea
2693 775 2776 823 est
2807 766 3000 820 Siou'.
3035 782 3056 816 ι
3099 761 3192 816 Sic
3229 765 3411 814 autem
3437 757 3674 826 appellat

2095 865 2436 935 superiorem
2461 863 2756 917 civitatem.
2779 857 3065 927 Tanquam
3091 853 3348 908 tutiorem
3377 849 3523 903 enim
3547 859 3670 900 eum

2095 956 2440 1019 munivisset,
2485 953 2540 1008 in
2586 953 2706 1024 ipsa
2755 947 3044 1006 aediﬁcavit
3085 943 3290 1016 regiam
3327 961 3340 996 :
3377 959 3396 992 ι
3437 939 3503 994 Et
3541 953 3674 994 eon-

2096 1055 2352 1118 gregatus
2379 1055 2463 1100 est
2489 1045 2555 1098 ad
2585 1057 2768 1114 regem
2802 1039 3154 1094 Salomonem
3186 1032 3368 1090 omnis
3392 1031 3474 1084 vir
3504 1028 3674 1084 Israel

2095 1143 2151 1195 in
2191 1140 2330 1195 festo
2380 1157 2394 1194 :
2448 1139 2496 1193 is
2553 1142 2738 1191 autem
2801 1140 2920 1188 erat
2980 1129 3188 1185 mensis
3251 1125 3524 1196 septimus
3554 1123 3606 1176 ιι.
3647 1139 3666 1173 ο

2093 1231 2316 1288 Festum
2350 1241 2532 1286 autem
2570 1235 2731 1284 vocat
2773 1224 3180 1296 σκηνοπηγίαν,
3221 1221 3272 1276 id
3324 1225 3446 1282 est,
3480 1217 3675 1288 festum

2097 1323 2586 1382 tabernaculorum.
2639 1319 2754 1376 Hoc
2801 1319 2949 1372 enim
2991 1323 3114 1372 erat
3159 1313 3382 1370 tertium
3430 1311 3673 1365 festum:

2101 1437 2120 1472 ι
2165 1417 2232 1472 Et
2273 1416 2582 1472 intulerunt
2624 1411 2941 1468 sacerdotes
2981 1422 3167 1463 arcam
3208 1403 3432 1460 hederis
3457 1399 3672 1455 Domini

2094 1510 2151 1564 in
2180 1510 2359 1564 locum
2387 1519 2570 1569 suum,
2609 1503 2662 1556 in
2695 1501 2918 1572 adytum
2947 1497 3168 1562 domus,
3201 1495 3256 1548 in
3290 1491 3489 1546 Sancta
3543 1501 3672 1542 san-

2098 1615 2308 1661 ctorum
2333 1603 2435 1657 sub
2455 1597 2868 1655 Cherubiuosc.
2902 1611 2920 1644 ι
2959 1591 3096 1646 Hinc
3145 1601 3275 1658 ergo
3304 1585 3471 1640 etiam
3502 1581 3674 1648 liquet.

2097 1697 2241 1770 quod
2271 1695 2438 1750 Dabir
2463 1691 2742 1749 vocaverit
2774 1689 2996 1759 adytum
3022 1694 3076 1739 et
3101 1679 3401 1754 penetrale,
3437 1690 3502 1730 ac
3531 1674 3676 1727 velut

2097 1765 2301 1860 regiam
2335 1786 2541 1857 templi,
2592 1783 2737 1854 quod
2765 1781 2904 1837 solet
2936 1777 3122 1832 divina
3162 1773 3444 1842 Scriptura
3493 1765 3677 1822 nomi-

2099 1899 2229 1938 nare
2265 1881 2464 1935 Sancta
2497 1885 2836 1934 sanctorum.
2870 1871 3010 1928 Cum
3041 1877 3224 1924 autem
3250 1872 3505 1936 precatus
3533 1866 3679 1914 esset

2097 1975 2354 2038 Salomo,
2405 1980 2460 2027 et
2506 1966 2812 2041 precationi
2858 1965 3020 2020 ﬁnem
3061 1958 3436 2030 imposuisset.
3473 1953 3617 2024 ignis
3649 1964 3680 2004 e

2097 2071 2237 2124 cmlo
2260 2067 2536 2123 demissus
2559 2059 2906 2130 consumpsit
2927 2057 3110 2113 oblata
3139 2051 3433 2110 sacriﬁcia.
3463 2045 3680 2102 Rursus

2097 2173 2276 2218 autem
2313 2161 2472 2214 docet
2506 2155 2733 2212 historia
2775 2153 2949 2224 5'71.
2976 2148 3122 2222 quod
3169 2143 3365 2218 psalmi
3399 2141 3510 2197 sint
3539 2139 3680 2194 cele-

2095 2257 2320 2312 berrimi
2354 2252 2594 2308 Davidis.
2633 2249 2723 2305 Sic
2745 2256 2928 2303 autem
2958 2244 3131 2300 dicit:
3170 2261 3188 2294 ι
3231 2239 3298 2294 Et
3327 2236 3531 2292 Levita:
3555 2247 3676 2288 cum

2098 2347 2484 2405 instrumentis
2518 2343 2858 2400 canticorum
2896 2336 3138 2400 Domini,
3170 2347 3294 2404 qua:
3341 2331 3545 2385 fecerat
3583 2340 3676 2380 rex

2097 2441 2292 2502 David,
2333 2439 2399 2493 ad
2453 2433 2829 2492 conﬁtendum
2871 2442 3058 2484 coram
3111 2423 3368 2488 Domino,
3419 2417 3678 2489 quoniam

2098 2534 2296 2596 bonus,
2356 2527 2618 2598 quoniam
2679 2525 2732 2577 in
2781 2531 3047 2576 aeternum
3095 2511 3476 2568 misericordia
3521 2508 3678 2576 ejus.

2097 2640 2224 2681 cum
2275 2620 2492 2694 hymnis
2530 2616 2750 2671 Davidis
2784 2613 2852 2667 ab
2895 2626 2960 2665 eo
2994 2603 3313 2676 compositis
3335 2601 3387 2652 ἀ.
3427 2619 3446 2652 ι
3501 2599 3680 2652 Tanta

2099 2725 2281 2772 autem
2316 2691 2438 2768 erat
2465 2706 2780 2765 Salomonis
2815 2704 3023 2774 pietas,
3077 2708 3132 2753 ut
3174 2693 3480 2750 Pharaonis
3513 2691 3678 2743 ﬁlium

2099 2806 2402 2864 traduxerit
2449 2804 2502 2858 in
2553 2800 2758 2871 regiam
2812 2809 3007 2850 recens
3059 2789 3407 2850 aediﬁcatam,
3441 2784 3679 2838 dicens:

2105 2921 2124 2956 ι
2165 2899 2286 2956 Νοη
2336 2895 2605 2954 habitabit
2657 2905 2798 2948 uxor
2847 2902 2972 2943 mea
3014 2885 3068 2940 in
3105 2885 3269 2938 domo
3317 2877 3488 2934 David
3541 2877 3682 2942 regis

2095 2993 2288 3058 Israel,
2338 2991 2599 3060 quoniam
2635 2999 2698 3041 ea
2739 2992 2824 3038 est
2861 2987 3072 3044 sancta,
3109 2978 3164 3032 in
3217 2987 3382 3045 quam
3433 2971 3683 3040 ingressa

2100 3096 2186 3143 est
2216 3099 2343 3140 arca
2378 3079 2594 3136 Domini
2627 3089 2670 3132 ε.
2713 3094 2730 3128 ι
2772 3071 3070 3130 Constituit
3099 3079 3282 3125 autem
3317 3073 3372 3121 et
3394 3065 3682 3136 ianitores,

409 3160 506 3214 καὶ
555 3161 686 3223 τοὺς
731 3159 1041 3230 πυλωροὺς,
1085 3159 1181 3212 καὶ
1231 3158 1361 3220 τοὺς
1418 3155 1620 3226 ᾠδοὺς,
1684 3153 1830 3208 κατά
1896 3153 1996 3214 τὰς

2102 3187 2155 3232 et
2182 3185 2456 3239 cantores,
2497 3186 2560 3226 ex
2595 3167 2820 3225 Davidis
2851 3159 3362 3219 constitutionibus.
3413 3155 3545 3221 Quae
3587 3153 3684 3206 ad-

410 3250 506 3305 τοῦ
545 3221 708 3306 Δαϐἱδ
737 3221 1037 3316 διατάξεις.⁷
1067 3251 1148 3304 Τά
1169 3250 1224 3303 δὲ
1275 3221 1537 3320 ἀγώγιμα
1568 3246 1702 3312 ξύλα
1755 3244 1990 3298 πεύκινα
2023 3221 2065 3278 C

411 3345 441 3397 ὀ
508 3342 776 3414 Ἰώσηπος
830 3343 1068 3416 κέκληκε
1086 3341 1154 3396 δτ.
1233 3341 1416 3396 Ταῦτα
1493 3340 1606 3392 τῶν
1664 3339 1762 3410 μὲν
1828 3339 1994 3390 Βασι-

414 3443 575 3497 λειῶν
632 3446 664 3515 ή
729 3443 911 3514 βίϐλος
975 3443 1440 3515 ὑποστηρίγματα
1497 3438 1601 3510 ἔφη
1663 3436 1996 3508 γεγενῆσθαι

416 3545 511 3598 τοῦ
546 3546 694 3599 οἱκου
734 3544 966 3616 Κυρίου,
1027 3544 1124 3598 καὶ
1180 3544 1273 3596 τοῦ
1324 3543 1474 3596 οἱκου
1529 3539 1624 3593 τοῦ
1687 3537 1994 3610 βασιλέως·

419 3636 452 3706 ὴ
517 3635 574 3690 δὲ
659 3635 1000 3708 προκειμένη
1070 3634 1320 3704 ἱστορία,
1389 3630 1688 3693 ἀναϐάσεις
1735 3627 1814 3700 τῷ
1866 3629 2001 3697 οἴκῳ

418 3727 652 3797 Κυρίου,
705 3727 800 3781 καὶ
851 3727 930 3798 τῷ
964 3727 1099 3797 οἴκῳ
1140 3725 1236 3779 τοῦ
1270 3725 1558 3795 βασιλέως.
1605 3721 1778 3776 Πάλιν
1817 3721 2003 3790 μέντοι

422 3818 770 3888 μανθάνομεν
828 3816 1103 3882 ἐντεῦθεν,
1158 3815 1234 3880 ὡς
1272 3815 1462 3870 Νάθαν
1489 3814 1517 3865 ὀ
1557 3813 1866 3884 προφήτης,
1908 3812 2004 3865 καὶ

421 3913 578 3982 Ἀχιά
615 3913 644 3964 ὀ
681 3911 976 3981 Σιλωνίτης
1002 3911 1068 3974 ⁸⁸,
1114 3911 1211 3965 καὶ
1255 3909 1415 3980 ’ἰωὴλ
1439 3911 1470 3962 ὀ
1509 3907 1653 3962 κατὰ
1689 3906 1783 3960 τοῦ
1843 3907 2005 3978 Ἰερο-

421 4003 565 4075 ϐοὰμ
583 4003 684 4076 τήν
705 4003 885 4074 ψῆφον
901 4002 1226 4071 ἐξενεγκὼν,
1249 4001 1467 4072 βίϐλους
1484 3998 1628 4072 εἶχον
1649 4015 2004 4070 συγγεγραμ-

426 4095 614 4167 μένας.
654 4113 672 4146 ι
721 4095 831 4149 Καὶ
873 4097 922 4148 οἱ
973 4094 1298 4148 κατάλοιποι
1331 4095 1462 4164 γὰρ,
1505 4095 1663 4164 φησῖ,
1691 4091 1802 4144 τῶν
1830 4091 2007 4159 λόγων

422 4185 790 4258 Σολομῶντος,
813 4189 864 4241 οἱ
885 4186 1094 4259 πρῶτοι
1123 4185 1218 4240 καὶ
1249 4187 1298 4238 οἱ
1324 4185 1567 4256 ἔσχατοι,
1599 4187 1699 4238 οὐκ
1725 4185 1836 4238 ἰδοὺ
1861 4177 2008 4237 οὗτοι

425 4278 806 4350 γεγραμμένοι
846 4279 940 4332 ἐπὶ
991 4277 1100 4332 τῶν
1147 4277 1322 4347 λόγων
1355 4276 1542 4332 Νάθαν
1569 4277 1663 4331 τοῦ
1701 4277 2004 4347 προφήτου,

427 4378 520 4431 καὶ
555 4372 646 4430 ἐπὶ
672 4375 780 4430 τῶν
805 4375 981 4446 λόγων
1013 4374 1173 4446 ’Λχιά
1199 4372 1294 4428 τοῦ
1320 4373 1632 4439 Σιλωνὶτου,
1668 4374 1764 4428 καὶ
1799 4375 1856 4427 ὲν
1889 4375 2010 4438 ταῖς

2101 3267 2446 3323 vehebantur
2479 3269 2662 3317 autem
2698 3257 2845 3330 ligna
2868 3297 2882 3320 ,
2936 3255 3086 3326 picea
3126 3250 3344 3307 vocavit
3389 3247 3682 3316 Josephus.

2101 3362 2175 3417 Ea
2207 3362 2346 3416 liber
2393 3356 2616 3429 quidem
2651 3352 2964 3422 Regnorum
2997 3347 3130 3402 dicit
3155 3345 3327 3401 fuisse
3369 3343 3541 3398 fulcra
3584 3339 3685 3393 do-

2101 3472 2226 3512 mus
2281 3451 2500 3509 Domini
2529 3491 2544 3516 ,
2613 3455 2669 3502 et
2718 3445 2915 3500 domus
2964 3439 3110 3510 regis
3155 3457 3170 3494 :
3217 3449 3457 3508 praesens
3503 3441 3684 3486 autem

2103 3546 2352 3611 historia,
2400 3557 2667 3598 ascensus
2703 3539 2972 3594 ducentes
3006 3532 3074 3586 ad
3105 3531 3329 3585 domum
3367 3524 3584 3582 Domini
3632 3532 3686 3575 et

2103 3639 2326 3694 domum
2365 3636 2530 3707 regis.
2589 3631 2726 3688 lliuc
2762 3639 2945 3687 autem
3007 3639 3206 3680 rursus
3243 3621 3509 3677 discimus
3540 3615 3685 3688 quod

2106 3731 2320 3788 Nathan
2355 3730 2618 3801 propheta
2642 3769 2657 3794 ,
2710 3735 2764 3781 et
2813 3725 2988 3780 Achia
3025 3720 3310 3782 Silonites,
3351 3723 3406 3768 et
3435 3710 3552 3767 Ioel
3593 3708 3687 3778 qui

2107 3825 2229 3882 tulit
2259 3822 2584 3879 sententiam
2619 3823 2884 3874 adversus
2912 3817 3322 3875 .lerohoamum,
3351 3806 3524 3862 libros
3555 3817 3690 3856 eon-

2109 3915 2474 3986 εοτίβδθτίιιιε
2516 3932 2534 3964 ‹
2577 3911 2828 3983 Reliqua,
2883 3911 3028 3966 enim
3065 3905 3263 3978 inquit,
3316 3899 3482 3956 verba
3531 3894 3692 3949 Salo—

2111 4007 2313 4073 monis,
2351 4005 2611 4076 etprima
2651 4014 2705 4061 et
2743 4005 3070 4071 ultima,~an
3105 4015 3214 4056 non
3249 4001 3266 4019 ⁶
3297 4009 3424 4050 ecce
3463 4006 3526 4046 ea
3563 3995 3694 4043 sunt

2109 4099 2313 4170 scripta
2343 4097 2398 4152 in
2424 4095 2608 4150 verbis
2627 4093 2844 4148 Nathan
2877 4093 3178 4163 prophetae,
3211 4089 3264 4142 in
3297 4082 3482 4140 verbis
3508 4077 3694 4134 Achim

2118 4191 2397 4255 Silonitte,
2439 4196 2494 4243 et
2537 4186 2590 4240 in
2634 4185 2944 4240 visionibus
2991 4182 3106 4236 Joel
3155 4179 3394 4234 videntis
3427 4177 3494 4232 de
3539 4172 3694 4230 Jeru-

2112 4279 2313 4336 boamo
2336 4279 2448 4334 ﬁlio
2468 4275 2642 4331 Nabal
2677 4273 2780 4328 εἳ»
2812 4273 2953 4328 llinc
2975 4281 3154 4328 autem
3182 4268 3476 4324 didicimus
3527 4265 3692 4319 etiam

2125 4373 2270 4442 quod
2303 4373 2472 4426 homo
2527 4369 2619 4424 Dei
2661 4367 2754 4439 qui
2783 4365 2953 4437 jussit
2994 4363 3171 4433 frangi
3203 4362 3374 4416 altare
3401 4357 3544 4428 quod
3579 4367 3698 4411 erat

428 4469 681 4539 ὀρὰσεσιν
742 4468 900 4538 Ἰωὴλ
955 4467 1048 4521 τοῦ
1125 4465 1363 4538 ὁρῶντος
1440 4465 1570 4536 περὶ¹
1604 4465 1648 4498 ’δ’
1722 4464 1998 4536 Ἱεροϐοάμ

2115 4467 2170 4521 in
2200 4463 2410 4529 Bethel,
2447 4478 2608 4534 quem
2643 4464 2730 4517 leo
2757 4457 3020 4516 contrivit
3053 4455 3198 4526 quod
3255 4452 3348 4505 Dei
3375 4449 3694 4504 mandatum

433 4560 540 4614 υἱοῦ
578 4559 802 4627 Ναϐἀτ;
833 4580 852 4612 ι
890 4559 1310 4630 Μεμαθήκαμεν
1331 4557 1388 4612 δὲ
1427 4557 1698 4623 ἐντεῦθεν,
1729 4557 1825 4610 καὶ
1848 4558 1930 4610 ὅτι
1961 4559 2010 4589 ⁵ο

2121 4567 2265 4614 esset
2300 4566 2699 4628 transgressus,
2729 4551 3104 4622 appellabatur
3131 4545 3272 4600 Joel.

426 4651 455 4703 ὀ
485 4652 771 4724 ἄνθρωπος
813 4651 909 4706 τοῦ
941 4651 1100 4721 Θεοῦ,
1133 4653 1162 4705 ό
1211 4651 1273 4704 τὸ
1317 4652 1374 4705 έν
1418 4650 1622 4723 Βαιθὴλ
1659 4651 1703 4684 ⁸¹
1753 4651 2138 4724 θυσιαστήριον
2181 4653 2416 4724 ῥαγῆναι
2455 4651 2738 4714 κελεύσας,
2771 4647 2828 4700 ὃν
2863 4647 2892 4699 ὀ
2922 4645 3060 4701 λέων
3108 4639 3394 4712 συνέτριψε
3443 4635 3536 4690 τοῦ
3561 4633 3697 4690 Θεοῦ

426 4745 848 4818 παραϐεϐηκότα
900 4746 998 4817 τὴν
1058 4746 1298 4818 ἐντολὴν,
1348 4744 1507 4815 ’ῐωὴλ
1537 4745 1996 4818 προσηγορεύετο.

1049 4837 1248 4890 ΕΡΩΤ.
1289 4838 1371 4892 A'.

429 4930 830 4998 chc'rontéor
862 4929 950 4998 τὸ,
991 4947 1010 4981 ι
1043 4931 1166 4982 Οὐκ
1198 4927 1471 4995 ἤκουσεν
1496 4932 1530 4982 ὁ
1563 4927 1870 4993 βασιλεὺς
1901 4927 2008 4982 τοῦ

495 4997 679 5066 λαοῦ,
706 5001 796 5054 ὅτι
845 4997 925 5068 ἦν
961 4999 1351 5070 μεταστροφὴ
1397 4999 1517 5052 ἀπὸ
1545 4999 1650 5052 τοῦ
1692 4999 1869 5070 Θεοῦ,
1909 4999 2012 5052 ἵνα

495 5071 700 5140 στήσῃ
723 5072 770 5104 ⁸¹
805 5067 1020 5136 Κύριος
1051 5070 1159 5140 τὸν
1189 5070 1376 5140 ,λόγον
1417 5071 1634 5132 αὑτοῦ,
1675 5068 1748 5122 ὃν
1784 5067 2007 5134 ἐλάλη-

495 5157 612 5196 σεν
648 5143 720 5196 ἐν
757 5141 908 5210 χειρὶ
943 5139 1108 5210 Ἀχιὰ
1135 5139 1244 5193 τοῦ
1278 5141 1644 5204 Σιλωνίτου;
1687 5158 1702 5190 ι

499 5236 565 5290 θὶ
589 5235 687 5307 τῆς
716 5233 868 5296 θείας
891 5231 1220 5302 κηδεμονίας
1255 5231 1622 5295 ἀπολαύοντες
1651 5233 1922 5303 συνορῶσι
1951 5234 2012 5286 τὸ

495 5361 523 5392 ι
565 5349 608 5403 ll
645 5345 822 5402 Paral.
867 5361 920 5408 v,
959 5343 1014 5396 9..

431 5421 518 5480 29.
598 5423 623 5462 8
656 5419 700 5472 ΙΙ
739 5415 914 5472 Pural.
947 5431 1000 5480 x,
1052 5413 1136 5466 15.

2719 4832 2996 4889 INTERR.
3049 4832 3092 4886 1.

2116 4927 2392 4993 Quomodo
2446 4935 2522 4981 est
2566 4923 2971 4993 intelligendum
3036 4919 3176 4975 illud
3207 4935 3226 4974 :
3264 4936 3283 4972 ι
3329 4916 3453 4993 Non
3499 4915 3699 4993 audivit

2186 5015 2278 5052 rex
2314 4999 2589 5066 pupulum,
2624 4985 2877 5066 quautam
2914 4991 3075 5066 5‘72
3113 5000 3229 5046 erat
3263 4989 3468 5066 aversio
3499 5003 3530 5066 ςι
3563 4985 3696 5042 Deo.

2186 5079 2242 5121 ut
2273 5057 2539 5122 stabiliret
2579 5057 2837 5118 Dominus
2863 5057 3076 5116 verb—urit
3106 5078 3285 5128 suum,
3325 5059 3464 5130 quod
3492 5057 3700 5110 locutus

2181 5149 2296 5191 erat
2327 5155 2418 5208 per
2447 5138 2672 5192 Aciliam
2705 5133 2992 5189 Silonitam
3025 5133 3094 5186 εἳ
3131 5153 3152 5186 ι

2187 5230 2431 5296 Quorum
2464 5230 2606 5283 Deus
2630 5241 2817 5282 curam
2853 5223 3024 5294 gerit,
3045 5223 3078 5278 ii
3107 5211 3447 5294 perspiciunt
3469 5217 3600 5290 quid
3633 5219 3703 5272 sit

1087 5343 1115 5382 ιι
1155 5342 1282 5398 ibid.
1323 5345 1376 5398 ὅ.
1457 5354 1478 5382 ο
1525 5345 1655 5398 ibid.
1695 5344 1744 5398 7.
1823 5343 1850 5383 ά
1893 5343 1932 5397 Il
1973 5343 1998 5396 ι

2102 5343 2148 5396 d.
2189 5357 2218 5392 ν
2284 5341 2475 5394 lit-l5.
2558 5352 2581 5380 θ
2622 5337 2662 5392 11
2703 5334 2880 5392 Paral.
2917 5350 3036 5402 vm,
3077 5337 3161 5400 ιι.
3246 5331 3284 5405 ί,
3313 5333 3358 5388 II
3393 5331 3574 5388 Paral.
3617 5347 3696 5393 Ix,

1519 5518 1754 5574 VARUE
1795 5516 2180 5574 LECTIONES
2223 5515 2312 5571 ET
2345 5515 2574 5570 NOT/E.

491 5649 539 5682 ’δ’
585 5649 747 5712 Αῠτη
787 5643 873 5712 δὲ,
929 5638 1105 5712 Σιών·ἶ
1169 5637 1302 5692 Cod.
1329 5635 1648 5712 ..Οἴηὲστὶν
1718 5633 1874 5688 Σιών.

1999 5636 2044 5667 ⁸³
2101 5633 2222 5688 Τῶν
2283 5635 2620 5701 Χερουϐείμ.
2687 5632 2740 5686 In
2809 5648 2946 5688 vers.

3204 5635 3259 5686 θ’
3325 5639 3380 5685 et
3445 5630 3499 5684 in
3575 5630 3698 5683 cod.

3029 5633 3138 5686 τῶν

435 5723 495 5778 C.
522 5701 777 5788 praecedit
809 5711 918 5792 τῶν
939 5708 1248 5792 πτερύγων.
1327 5708 1374 5738 ⁸⁸
1407 5703 1550 5792 Οξῖον.
1580 5705 1998 5792 Αὺιξξιξιιοιις

2102 5705 2351 5792 ξδὨΞέῖ
2376 5703 2756 5792 ‘Vid'.
2784 5719 2838 5774 p.
2867 5703 2992 5757 470.
3021 5705 3147 5757 475.
3197 5701 3698 5792 ιξδῒξίυρίῇυηευέ.

938 5779 981 5809 ⁸⁸⁷
1008 5775 1267 5830 Πεύκινα
1301 5809 1370 5818 --
1405 5779 1683 5844 κέκληκε.
1710 5775 1830 5829 Vill.

437 5793 496 5847 (ἶ.
531 5805 717 5860 prtem.
744 5801 862 5860 του.

1341 5849 1381 5880 ει
1413 5849 1532 5902 end.
1565 5849 1624 5900 «ι.
1661 5846 1854 5918 Βεθήλ.

437 5847 578 5919 κατ’.
659 5858 702 5889 ⁸⁰
744 5855 894 5906 "0n.
926 5847 1059 5902 COtI.
1086 5847 1147 5905 Ο,
1173 5847 1263 5908 ὡς.

1863 5793 1916 5844 p.
1942 5775 2067 5837 ιτς),
2093 5775 2146 5828 5.

1935 5849 1978 5876 θ’
2013 5848 2131 5900 cod.
2169 5845 2230 5900 C.
2263 5845 2564 5917 ἀναστήσῃ.

2223 5775 2267 5804 ⁸⁵
2298 5769 2420 5829 cod.
2451 5769 2513 5826 (ἶ.
2540 5769 2856 5845 Σηλωνίτῖης
2888 5788 3122 5844 seraper.
3197 5772 3242 5806 δ’
3275 5771 3438 5840 Περι.
3465 5770 3600 5826 Cod.
3633 5769 3696 5822 C.
