4038 6214
381 350 486 414 833

1364 352 1860 415 THEODORETI
1899 352 2244 417 EPISCOPI
2286 355 2663 418 CYRENSIS

3545 352 3646 418 826

379 459 672 528 agendum,
693 460 854 516 aDeo
872 458 1149 516 instrueti.
1187 458 1292 529 Qui
1315 475 1380 516 ea
1408 471 1591 517 autem
1619 462 1814 534 privati
1836 473 1950 518 sunt

2070 465 2346 535 πρακτέον
2386 465 2491 519 ὑπὸ
2522 462 2617 518 τοῦ
2669 463 2807 518 Θεοῦ
2863 448 3231 535 σοψξόμενοι.
3262 463 3327 516 Οἱ
3355 462 3414 518 δὲ
3443 463 3648 534 ταύτης

378 554 574 621 gratia,
593 562 796 610 temere
812 552 1084 610 feruntur.
1102 550 1370 608 Ilocenim
1387 554 1475 610 hic
1490 570 1710 625 quoque
1723 554 1963 611 declara-

383 646 667 713 vitoratio,
701 647 845 716 quod
879 645 1058 702 visum
1081 645 1151 700 sit
1172 642 1407 701 Domino
1440 645 1552 701 Deo
1584 646 1837 701 bifariam
1874 662 1962 700 re-

379 753 543 802 gnum
560 738 807 793 scindere
819 746 1043 810 propter
1055 739 1261 795 scelera
1278 737 1606 808 patris.Cum
1622 754 1688 793 an
1697 747 1803 793 tem
1825 737 1964 795 facta

377 824 874 896 fuissetdivisio,et
889 829 1181 885 Jeroboam
1202 830 1498 885 fabricatus
1528 838 1675 885 esset
1697 830 1964 901 juveneas

378 938 599 988 aureas,
621 924 715 993 qui
736 924 789 979 in
817 924 1004 981 decem
1029 925 1281 979 tribubus
1305 923 1627 978 habitabant
1648 925 1962 980 sacerdotes

376 1022 432 1067 et
449 1012 670 1079 Levitaa,
694 1017 1083 1087 migraruntad
1109 1031 1333 1087 regnum
1376 1015 1741 1072 Davidicum:
1780 1018 1835 1072 in
1869 1018 1964 1072 illo

373 1105 520 1160 enim
546 1115 664 1162 erat
681 1109 939 1179 templum
965 1109 1076 1164 Dei.
1117 1106 1215 1163 Hic
1244 1115 1430 1164 autem
1461 1108 1624 1163 docet
1677 1108 1905 1164 historia
1932 1108 1960 1149 ιι

374 1199 523 1268 quod
544 1214 638 1256 eos
655 1200 851 1256 invitos
867 1200 1088 1271 ejecerit
1102 1199 1418 1266 Jeroboam,
1436 1210 1492 1255 et
1509 1200 1603 1255 ﬁlii
1623 1200 1765 1271 ejus,
1788 1210 1847 1256 ut
1859 1201 1963 1253 Dn-

372 1289 526 1345 mino
555 1305 662 1345 non
700 1290 1078 1347 ministrarent
1109 1310 1122 1346 :
1160 1291 1434 1361 siquidem
1467 1293 1829 1349 constituerat
1855 1292 1959 1349 sibi

370 1379 683 1436 sacerdotes
696 1382 1061 1449 excelsorum,
1083 1391 1139 1440 et
1156 1383 1314 1439 idolis
1330 1423 1346 1448 ,
1368 1393 1424 1441 et
1438 1385 1613 1448 vanis,
1638 1385 1959 1456 etjnvencis

369 1488 506 1540 quas
526 1472 1057 1555 feceratJeroboarn.
1081 1475 1263 1533 Secuti
1286 1487 1415 1534 sunt
1437 1487 1617 1534 autem
1641 1481 1958 1537 sacerdotes

367 1577 421 1617 et
442 1563 660 1620 Levitas
678 1565 845 1623 etiam
870 1582 934 1622 ex
964 1569 1088 1623 aliis
1109 1570 1363 1625 tribubus
1377 1571 1453 1641 pii
1472 1571 1572 1627 viri
1597 1588 1610 1626 :
1636 1590 1655 1625 ι
1685 1573 1956 1628 Abierunt

364 1656 534 1716 enim.
551 1656 746 1726 inquit,
763 1666 889 1729 post
910 1675 1083 1716 eosex
1101 1662 1623 1720 omnibustribubus
1642 1664 1830 1731 Israel,
1859 1666 1954 1738 qui

365 1744 629 1803 dederant
659 1763 755 1802 eor
781 1764 944 1804 suum
977 1750 1046 1805 ad
1068 1754 1424 1821 quaerendum
1448 1753 1745 1810 Dominum
1777 1755 1948 1813 Deum

2067 556 2426 627 ἐστερημένοι
2458 557 2559 626 τῆς
2586 556 2830 626 χάριτος,
2863 555 3135 634 ὼςιέτυχε
3166 555 3450 626 φέρονται.
3475 556 3649 612 Τοῦτο

2065 647 2175 717 γὰρ
2198 645 2431 700 ἐνταῦθα
2453 649 2480 700 6
2500 647 2658 715 λόγος
2695 646 3021 717 δεδήλωκεν,
3062 646 3145 699 ὅτι
3170 644 3316 711 εδοξε
3343 645 3417 717 τῷ
3448 648 3648 702 Δεσπό-

2064 756 2134 812 τῃ
2162 740 2280 810 Θεῷ
2312 740 2474 810 ῥῆξαι
2505 740 2626 809 διχῆ
2646 738 2747 810 τὴν
2779 738 3061 809 βασιλείαν
3083 739 3173 793 διὰ
3189 738 3288 802 τὰς
3307 738 3402 792 τοῦ
3436 740 3647 812 πατρὸς

2065 832 2433 903 παρανομίας.
2472 832 2584 901 Τῆς
2617 831 2800 901 μέντοι
2829 832 3155 899 διαιρέσεως
3192 831 3516 903 γενομένης,
3553 834 3646 886 καὶ

2062 924 2157 977 τοῦ
2193 922 2476 994 Ἱεροὸοὰμ
2510 923 2609 987 τὰς
2638 924 2848 994 χρυσᾶς
2891 924 3155 995 δαμάλεις
3190 926 3644 978 κατασκευάσαν-

2060 1030 2174 1078 τος,
2196 1015 2245 1067 οἱ
2275 1015 2331 1067 ὲν
2350 1016 2469 1076 ταῖς
2496 1013 2627 1066 δέκα
2650 1013 2845 1081 φυλαῖς
2864 1010 3145 1078 οἰκοῦντες
3165 1014 3331 1085 ἱερεῖς
3358 1015 3453 1067 καὶ
3480 1015 3644 1068 Λευῖ-

2062 1121 2151 1157 ται
2188 1104 2326 1176 πρὸς
2357 1103 2456 1175 τὴν
2486 1103 2778 1176 Δαϐιδικὴν
2810 1105 3153 1177 μετέστησαν
3205 1104 3516 1176 βασιλείανο
3582 1109 3644 1162 ἑν

2060 1197 2246 1271 ἐκείνῃ
2283 1196 2393 1269 γὰρ
2439 1200 2468 1250 6
2498 1197 2639 1260 θεῖος
2669 1195 2796 1259 ναός
2840 1196 2906 1251 ³³.
2962 1196 3232 1251 Ἐνταῦθα
3275 1197 3333 1251 δὲ
3368 1199 3400 1269 ἡ
3430 1198 3645 1270 ἱστορία

2059 1289 2324 1352 διδάσκει,
2364 1289 2448 1342 ὅτι
2506 1288 2602 1341 καὶ
2656 1287 2893 1351 ἄκοντας
2942 1286 3142 1352 αὐτοὺς
3176 1287 3437 1354 ἐξέϐαλεν
3478 1289 3646 1360 Ἱεροο

2059 1381 2227 1452 ϐοὰμ,
2256 1382 2354 1435 καὶ
2381 1382 2430 1435 οἱ
2484 1379 2588 1433 υἱοὶ
2642 1378 2830 1445 αὑτοῦ,
2880 1378 2976 1432 τοῦ
3001 1379 3047 1412 δ”
3080 1379 3155 1451 μὴ
3189 1379 3528 1452 λειτουργεῖν
3565 1379 3645 1451 τῷ

2058 1474 2251 1546 Κυρίῳ
2276 1491 2290 1505 ο
2323 1475 2420 1527 καὶ
2467 1470 2807 1541 κατέστησεν
2839 1471 2989 1542 αὑτῷ
3038 1473 3207 1543 ἱερεῖς
3243 1471 3353 1525 τῶν
3392 1471 3643 1543 ὑψηλῶν,

2056 1568 2154 1623 καὶ
2186 1568 2298 1629 τοῖς
2345 1564 2606 1629 εἰδώλοις,
2652 1564 2749 1618 καὶ
2786 1566 2902 1628 τοῖς
2943 1565 3218 1634 ματαίοις,
3262 1564 3360 1617 καὶ
3401 1565 3522 1629 ταῖς
3551 1563 3646 1618 δα-

2060 1659 2285 1731 μάλεσιν
2334 1652 2423 1719 αἷς
2474 1655 2730 1725 εποίησεν
2775 1652 3079 1724 Ἱεροϐοάμ.
3129 1650 3540 1724 Ἦκολούθησαν
3584 1652 3645 1705 δὲ

2057 1755 2171 1815 τοῖς
2199 1751 2430 1820 ἱερεῦσι,
2450 1750 2546 1804 καὶ
2575 1750 2688 1810 τοῖς
2711 1746 2993 1812 Δευῒταις,
3020 1747 3115 1802 καὶ
3145 1747 3211 1800 ὲκ
3236 1745 3347 1799 τῶν
3388 1745 3566 1800 ἄλλων
3592 1745 3641 1777 ⁸⁵

364 1835 551 1892 Israel.
578 1856 596 1889 ι
622 1837 721 1893 Et:
748 1860 766 1892 ι
795 1818 1535 1915 Venerunt—Hierosolymam
1551 1847 1616 1901 ad
1635 1847 1950 1903 sacriﬁcan-

2058 1818 2541 1916 φυλῶν-εὐσεϐεῖς·
2583 1862 2603 1896 ε
2663 1842 2936 1914 Ἀπῆλθον
2960 1842 3094 1912 γὰρ,
3126 1837 3510 1910 φησὶν,ρπίσω
3539 1838 3645 1891 αὺ-

363 1928 493 1982 dnm
517 1927 627 1983 Deo
650 1939 865 1999 patrum
894 1948 1150 1998 suorum,
1183 1936 1684 1991 etcontirmandum
1719 1952 1950 2007 regnum

363 2017 519 2076 Judte
542 2017 585 2075 ί.
616 2041 637 2074 ι
667 2021 946 2096 Benignus
966 2037 1147 2083 autem
1169 2040 1222 2085 et
1243 2030 1482 2086 clemens
1504 2031 1667 2099 Deus,
1688 2030 1953 2088 Jeroboa-

366 2129 516 2168 mum
536 2116 780 2185 quidem,
806 2120 900 2188 qui
921 2135 980 2174 se
1001 2120 1167 2191 impie
1191 2132 1456 2192 gesserat,
1478 2125 1701 2180 tradidit
1723 2127 1828 2198 regi
1855 2126 1954 2181 Sn-

365 2205 562 2260 sacim.
577 2207 715 2262 Cum
735 2220 915 2265 autem
935 2215 1362 2284 perprOpbetam
1383 2217 1649 2271 Sammam
1669 2219 1772 2287 ipsi
1788 2219 1953 2275 dixis-

366 2306 471 2361 set,
495 2307 548 2352 et
565 2300 937 2372 principibus:
964 2324 981 2355 ι
1016 2303 1123 2360 Vos
1142 2321 1228 2360 me
1246 2308 1568 2377 reliquistis,
1589 2317 1643 2364 et
1662 2324 1760 2381 ego
1784 2311 1950 2364 relin-

362 2406 528 2458 quam
552 2409 646 2448 vos
670 2394 723 2448 in
750 2412 913 2451 manu
937 2397 1187 2452 Susacim
1219 2397 1265 2465 i,
1298 2421 1316 2451 ι
1359 2409 1645 2472 postquam
1682 2417 1778 2458 eos
1817 2403 1951 2457 vidit

362 2481 571 2549 pudore
593 2484 838 2552 atl‘ectos,
861 2496 915 2542 et
935 2489 1219 2545 confessos
1243 2507 1399 2547 suam
1424 2493 1781 2563 impietatem,
1814 2495 1951 2550 dixit

361 2568 729 2642 propheta-iu
745 2575 959 2633 Pudore
979 2587 1108 2635 sunt
1130 2580 1330 2646 aﬂ‘eeti,
1360 2598 1467 2638 non
1502 2582 1812 2652 disperdam
1831 2602 1947 2655 eos,

361 2672 528 2733 etego
540 2679 637 2720 eos
650 2673 907 2735 tanquam
924 2671 990 2724 ad
1007 2670 1171 2726 breve
1186 2682 1399 2743 tempus
1416 2674 1558 2728 dabo
1572 2674 1637 2729 ad
1657 2675 1911 2741 salutem;
1927 2696 1942 2727 ι

360 2770 461 2825 pro
478 2771 543 2810 eo
558 2756 703 2825 quod
719 2761 1124 2823 est,scintillam
1139 2763 1536 2820 benedictionis
1553 2766 1704 2822 orbis
1717 2775 1874 2822 terra:
1894 2769 1946 2822 in

358 2846 440 2900 eis
463 2849 836 2905 conservabo:
860 2850 1020 2922 573
1045 2870 1063 2904 ι
1090 2852 1156 2907 Ει
1174 2870 1284 2910 ιιοιι
1304 2856 1529 2911 stillabit
1550 2857 1629 2912 ira
1653 2874 1770 2917 mea
1785 2875 1950 2930 super

358 2934 794 3010 Hierosolymam
816 2958 913 3013 per
935 2945 1414 3003 manumSusaeim
1434 2945 1479 3003 ι.
1495 2969 1512 3001 ι
1533 2949 1653 3005 Νοιι
1677 2967 1843 3018 nunc,
1868 2955 1950 3007 in-

357 3033 714 3101 quit,tradam
730 3037 1026 3103 eoscxitio,
1043 3039 1136 3094 sed
1155 3039 1208 3093 in
1224 3052 1505 3111 posterum
1524 3046 1815 3100 reservabo
1829 3062 1951 3116 sup-

2052 1940 2161 1993 τῶν
2186 1938 2295 1993 ἀπὸ
2313 1938 2505 1992 πασῶν
2521 1936 2705 2007 φυλῶν
2727 1935 2968 2007 Ἰσραὴλ,
2991 1934 3042 1988 οἳ
3067 1931 3279 1985 ἔδωκαν
3296 1928 3527 2001 καρδίαν
3542 1929 3645 1982 αὖ·

2052 2030 2160 2085 τῶν
2173 2030 2406 2102 ζητῆσαι
2429 2029 2630 2099 Κύριον
2649 2029 2739 2083 τὸν
2762 2027 2894 2081 Θεδν
2914 2023 3159 2096 Ἰσραήλ.
3188 2041 3207 2076 ι
3230 2023 3367 2087 Καὶ,
3390 2038 3409 2073 ι
3433 2017 3644 2074 Ἦλθον

2054 2126 2134 2187 εἰς
2197 2120 2556 2193 Ἰερουσαλὴμ
2590 2120 2754 2173 οὖσαι
2800 2118 2992 2190 Κυρίῳ
3035 2116 3112 2188 τῷ
3181 2114 3304 2184 Θεῷ
3347 2112 3529 2168 αὐτῶν
3570 2113 3641 2178 ³⁸,

2054 2216 2147 2270 καὶ
2179 2213 2509 2283 κατισχῦσαι
2538 2210 2638 2282 τὴν
2666 2210 2948 2282 βασιλείαν
2978 2207 3170 2262 Ἰούδα.
3200 2224 3220 2258 ι
3263 2205 3323 2260 '0
3360 2203 3417 2258 δὲ
3453 2202 3646 2273 φιλάν-

2054 2306 2273 2378 θρωπος
2289 2305 2563 2376 Δεσπότης
2584 2305 2994 2374 δυσσεϐήσαντα
3031 2300 3131 2371 μὲν
3150 2298 3242 2352 τὸν
3278 2296 3569 2368 Ἱεροϐοάμ
3592 2296 3638 2329 ⁸⁷

2051 2399 2131 2469 τῷ
2164 2398 2477 2468 Σουσαιιεὶμ
2516 2396 2871 2468 παραδέδωκε
2888 2395 2959 2449 ⁸⁸.
3009 2393 3109 2447 Διὰ
3161 2392 3409 2462 Σαμαίου
3456 2389 3512 2444 δὲ
3541 2389 3639 2443 τοῦ

2053 2492 2335 2563 προφήτου
2389 2490 2483 2543 καὶ
2539 2488 2690 2556 αὐτῷ
2742 2487 2839 2541 καλ⁸
2896 2488 3010 2550 τοῖς
3050 2486 3313 2556 ἄρχουσιν
3371 2481 3637 2547 είπὼν⁸⁹,

2057 2603 2076 2635 ι
2125 2584 2313 2654 Ὑμεῖς
2348 2580 2743 2650 ὲγκατελίπετέ
2766 2580 2809 2611 ⁶⁰
2851 2596 2940 2651 με,
2980 2579 3074 2631 καὶ¹
3102 2575 3212 2646 ἐγὼ
3251 2575 3640 2645 ἐγκαταλείψω

2053 2677 2199 2747 ὑμᾶς
2232 2677 2292 2728 ἐν
2321 2673 2468 2743 χειρὶ
2494 2671 2831 2742 Σουσακείμ·
2878 2690 2895 2721 ι
2937 2671 3014 2734 ὡς
3050 2665 3191 2723 εἶδεν
3221 2667 3635 2737 ὲντραπέντας,

2050 2772 2148 2825 καὶ
2175 2770 2274 2841 τὴν
2309 2768 2562 2823 ἀσέϐειαν
2593 2766 3058 2838 ὁμολογήσαντας,
3089 2763 3194 2833 ἔφη
3223 2762 3301 2832 τῷ
3335 2762 3592 2832 προφήτῃ
3617 2777 3635 2791 ο

2056 2882 2076 2914 ι
2109 2860 2541 2930 Ἕνετράπησαν,
2595 2857 2655 2909 οὐ
2704 2854 3038 2925 καταφθερῶ
3087 2854 3307 2918 αὐτοὺς.
3340 2853 3437 2907 καὶ
3474 2852 3637 2906 δώσω

2051 2954 2346 3017 αὑτοὺςὼς
2375 2954 2454 3014 εἰς
2509 2949 2743 3019 σμικρὸν
2789 2950 2869 3011 εἱς
2916 2947 3194 3017 σωτηρίαν
3221 2964 3234 2977 ·
3279 2964 3299 2995 ι
3347 2945 3470 2999 ἀντὶ
3513 2943 3632 3008 τοῦ,

2051 3049 2156 3102 Τὸν
2179 3046 2459 3116 σπινθῆρα
2483 3044 2582 3112 τῆς
2602 3041 2855 3109 εὐλογίας
2884 3041 2984 3107 τῆς
3007 3038 3335 3109 οἰκουμένης
3364 3039 3421 3091 ὲν
3451 3037 3636 3099 αὐτοῖς

358 3125 618 3194 plicium:
656 3128 709 3181 in
731 3131 1021 3197 praesentia
1055 3142 1235 3186 autem
1284 3132 1561 3203 imponam
1602 3136 1944 3208 ipsisjugum

2051 3137 2365 3208 ὃιαφυλάξω
2393 3151 2405 3164 ⁶
2442 3158 2457 3185 ι
2493 3136 2587 3187 καὶ
2629 3134 2689 3185 οὗ
2729 3133 2804 3204 μὴ
2860 3131 3031 3202 στάξῃ
3062 3133 3090 3184 ὁ
3144 3130 3317 3200 θυμός
3371 3145 3476 3200 μου
3535 3128 3631 3180 ἐπὶ

355 3220 368 3236 ‘
394 3218 690 3273 servitutis.
712 3237 731 3271 ι
759 3219 1118 3287 Eruntenim,
1136 3224 1334 3294 inquit,
1356 3226 1404 3281 ei
1431 3242 1528 3296 pro
1561 3230 1823 3293 servis,et
1853 3246 1946 3285 cn-

359 3319 630 3379 gnoscent
657 3315 970 3370 servitutem
1004 3331 1206 3385 meam,
1239 3328 1292 3373 et
1322 3319 1643 3374 servitutem
1667 3325 1818 3392 regni
1838 3331 1947 3376 ter-

360 3411 504 3455 rzem.
529 3423 548 3454 ι
588 3404 632 3458 Α
667 3409 1104 3477 comparatione,
1139 3409 1337 3480 inquit,
1373 3426 1468 3467 eos
1507 3413 1719 3468 docebo
1779 3430 1945 3483 quam

357 3510 524 3548 suave
540 3494 608 3549 sit
627 3501 1034 3569 meumjugum,
1054 3508 1109 3554 et
1123 3517 1288 3570 quam
1304 3518 1466 3572 grave
1483 3503 1553 3558 sit
1568 3503 1760 3574 jugum
1778 3506 1949 3559 homi-

358 3602 511 3640 num.
537 3588 748 3645 Rursus
767 3603 948 3645 autem
973 3592 1117 3647 docti
1138 3610 1350 3660 sumus,
1375 3596 1514 3652 alios
1537 3613 1757 3667 quoque
1775 3598 1947 3653 fuisse

356 3677 526 3734 libros
561 3682 944 3751 proplieticos:
973 3704 990 3734 ι
1015 3683 1195 3741 Verba
1216 3688 1386 3750 enim,
1434 3688 1634 3760 inquit,
1676 3689 1943 3754 Rolmatn,

357 3770 534 3837 prima
552 3773 941 3840 etnovissima,
957 3792 1153 3831 annon
1179 3794 1306 3833 ecce
1325 3781 1527 3851 scripta
1544 3792 1671 3838 sunt
1690 3783 1742 3837 in
1764 3784 1944 3839 verbis

357 3861 582 3917 Samaea:
624 3864 923 3933 prephetze,
970 3877 1023 3921 et
1051 3866 1221 3922 Jadoc
1267 3870 1502 3926 videntis
1547 3874 1614 3928 ad
1654 3890 1946 3930 recensen-

356 3953 482 4006 dam
515 3955 884 4026 genealogiam
904 3970 955 4013 et
989 3957 1129 4014 laeta
1146 3962 1265 4030 ejus
1291 3963 1353 4017 οἳ
1372 3984 1390 4014 ι
1412 3962 1736 4021 Jureantem
1756 3979 1840 4023 est
1856 3969 1944 4023 ad-

356 4044 605 4099 miranda
632 4048 827 4102 cnucio
852 4048 1025 4105 Abite.
1072 4049 1205 4106 Nam
1238 4069 1362 4107 cum
1396 4055 1620 4111 vidisset
1654 4074 1720 4112 ex
1752 4058 1940 4114 decem

357 4135 613 4197 tribubus
645 4139 961 4211 octingenta
987 4142 1155 4199 millia
1181 4144 1444 4201 adversus
1475 4163 1535 4202 se
1560 4160 1706 4205 stare
1743 4149 1794 4203 in
1822 4150 1941 4205 acie

353 4228 1251 4304 (dncebatautemillaJeroboam),
1271 4237 1375 4292 iste
1387 4254 1509 4295 cum
1523 4239 1940 4311 quadringentis
1986 4294 1989 4295 ,

353 4321 593 4378 millibus
617 4322 668 4378 in
683 4324 854 4379 aciem
868 4326 1082 4383 eductis
1099 4329 1237 4383 dixit
1253 4330 1582 4387 adversariis
1599 4350 1611 4385 :
1626 4332 1739 4387 «An
1754 4349 1861 4388 non
1878 4334 1940 4388 li-

351 4426 435 4468 cet
455 4417 606 4472 vobis
624 4432 958 4487 cognoscere
997 4422 1139 4490 quod
1156 4421 1419 4480 Dominus
1438 4422 1582 4480 Deus
1594 4423 1759 4480 Israel
1777 4426 1938 4482 dede-

2060 3230 2419 3304 Ἱερουσαλὴμ
2449 3230 2504 3280 ὲν
2529 3228 2670 3297 χειρὶ
2695 3224 3006 3293 Σουσακείμ
3038 3224 3103 3275 ⁶¹.
3136 3242 3155 3274 ι
3190 3223 3263 3274 Οὐ
3294 3222 3389 3275 νῦν
3408 3220 3627 3283 αὐτοὺς,

2048 3326 2200 3399 φησὶ,
2251 3321 2561 3390 παραδώσω
2623 3318 2997 3389 πανωλεθρίᾳ,
3057 3315 3176 3368 ἀλλ’
3241 3316 3322 3377 εἱς
3401 3312 3635 3382 ὕστερον

2047 3415 2266 3486 φυλάξω
2298 3414 2396 3484 τὴν
2436 3412 2735 3482 τιμωρίαν·
2775 3409 2868 3464 ἐπὶ
2905 3410 2961 3462 δὲ
3009 3407 3104 3460 τοῦ
3154 3407 3422 3476 παρόντος
3443 3403 3629 3466 αὐτοῖς

2044 3510 2136 3564 τὸν
2165 3510 2264 3579 τῆς
2323 3507 2566 3569 δουλείας
2617 3504 2866 3574 ἐπιθήσω
2919 3502 3107 3570 ζυγόν.
3143 3520 3161 3553 ι
3213 3500 3470 3552 Ἔσονται
3517 3499 3627 3566 γάρ

2046 3601 2216 3672 αὐτῷ,
2246 3599 2432 3670 φησὶν,
2490 3601 2569 3662 εἱς
2602 3596 2843 3659 δούλους,
2882 3596 2978 3648 καὶ
3012 3592 3318 3661 γνώσονται
3372 3591 3473 3659 τὴν
3502 3589 3626 3642 δου-

2045 3694 2194 3748 λείαν
2221 3711 2346 3763 μου,
2371 3692 2465 3745 καὶ
2492 3693 2589 3759 τὴν
2605 3688 2853 3743 δουλείαν
2878 3688 2979 3756 τῆς
2999 3685 3276 3756 βασιλείας
3308 3683 3412 3753 τῆς
3440 3682 3570 3752 γῆς.
3600 3699 3621 3734 ι

2044 3786 2179 3840 ’Λπὸ
2208 3785 2567 3855 συγκρίσεως,
2597 3784 2784 3852 φησιν,
2819 3781 3016 3844 αὐτοὺς
3054 3779 3272 3846 διδάξω,
3312 3778 3463 3838 ὅπως
3492 3791 3627 3846 χρη·

2045 3879 2170 3942 στὸς
2193 3880 2220 3932 6
2252 3876 2384 3947 ὲμδς
2413 3877 2599 3945 ζυγὸς,
2631 3875 2725 3955 καὶ
2747 3875 2895 3936 ὅπως
2929 3873 3098 3943 βαρὺς
3123 3873 3152 3924 6
3179 3871 3291 3924 τῶν
3320 3866 3628 3939 ἀνθρώπων

2045 3971 2232 4039 ζυγός.
2258 3969 2431 4023 Πάλιν
2460 3969 2518 4021 δὲ
2551 3969 2645 4020 καὶ
2672 3967 2868 4036 ἐτέρας
2898 3964 3262 4035 ἐδιδάχθημεν
3288 3957 3630 4031 γεγενῆσθαι

2046 4062 2264 4133 βίόλους
2301 4059 2643 4131 προφητικάς
2677 4061 2753 4089 ⁶¹·
2792 4077 2810 4109 ι
2855 4059 2918 4111 Οἱ
2945 4056 3095 4124 λόγοι
3130 4054 3262 4125 γὰρ,
3299 4053 3457 4124 φησὶ,
3500 4051 3630 4104 'Po-

2043 4155 2207 4226 6οὰμ,
2236 4156 2287 4209 οἱ
2316 4154 2526 4224 πρῶτοι
2560 4152 2655 4206 καὶ
2686 4152 2736 4205 οἱ
2782 4151 3024 4223 ἔσχατοι,
3082 4150 3185 4203 οὐκ
3218 4146 3328 4201 ἱδού
3371 4148 3483 4200 είσι
3534 4162 3631 4214 γε·

2041 4246 2352 4318 γραμμένοι
2390 4246 2449 4297 ἐν
2480 4247 2596 4307 τοῖς
2641 4242 2824 4311 λόγοις
2878 4240 3122 4311 Σαμαίου
3168 4237 3265 4293 τοῦ
3306 4235 3627 4309 προφήτου,

2040 4340 2138 4394 καὶ
2162 4338 2355 4393 Ἰαδὼκ
2389 4338 2435 4371 ⁸³
2467 4337 2559 4391 τοῦ
2588 4335 2824 4407 ὁρῶντος
2874 4333 2970 4387 τοῦ
3017 4330 3442 4401 γενεαλογῆσαι,
3462 4328 3508 4361 ⁸⁸
3530 4329 3627 4382 καὶ

2041 4434 2096 4485 αἱ
2128 4429 2355 4502 πράξεις
2378 4428 2576 4493 αὐτοῦς
2617 4448 2636 4480 ι
2669 4426 2853 4493 ’Δξιον
2885 4424 2942 4477 δὲ
2972 4425 3019 4456 ⁸⁸
3054 4422 3338 4493 θαυμάσαι
3384 4421 3485 4491 τὴν
3528 4419 3623 4473 τοῦ

347 4509 417 4561 rit
444 4526 669 4580 regnum
697 4509 886 4566 Davidi
911 4529 1075 4583 super
1098 4513 1529 4587 Hierosolymam
1554 4516 1609 4572 in
1642 4526 1932 4583 atternum,

2055 4522 2197 4577 Αϐιᾶ
2227 4521 2275 4554 ⁵⁸
2303 4518 2670 4591 δημηγορίαν.
2704 4514 2826 4568 Τῶν
2863 4513 2972 4586 γὰρ
3003 4513 3135 4566 δέκα
3169 4509 3354 4582 φυλῶν
3384 4509 3621 4564 ὀκτακο·

351 4614 403 4652 et
418 4602 542 4656 (iliis
570 4602 714 4671 ejus,
734 4613 1119 4660 testamentum
1138 4607 1272 4661 salis
1295 4610 1635 4664 aeternum“!
1670 4629 1689 4662 ι
1710 4612 1932 4676 Annon,

354 4693 550 4760 inquit,
581 4710 677 4748 vos
705 4697 847 4752 scire
869 4699 1154 4767 oportebat
1194 4699 1339 4769 quod
1362 4716 1392 4754 a
1416 4700 1524 4755 Deo
1548 4700 1737 4757 datum
1759 4703 1830 4757 sit
1849 4719 1933 4757 re-

349 4798 515 4849 gnum
549 4785 754 4855 Dzividi,
780 4797 834 4842 et
859 4789 1021 4846 (intem
1046 4807 1153 4846 non
1178 4803 1526 4862 accepturum
1559 4793 1651 4857 sit,
1675 4794 1831 4864 juxta
1858 4797 1933 4851 di-

2012 4616 2162 4681 ,σίας
2200 4613 2443 4685 χιλιάδας
2498 4610 2618 4666 κατ’
2667 4607 2835 4663 αὐτοῦ
2889 4604 3335 4677 στρατευομένας
3357 4602 3404 4635 ⁸⁷
3451 4602 3616 4656 ἰδώνο

2038 4709 2221 4779 ἠγεῖτο
2248 4705 2305 4761 δὲ
2335 4703 2514 4760 αὐτῶν
2554 4701 2842 4773 ἰεροὸοάμ
2860 4716 2875 4730 ·
2904 4694 3061 4761 οὗτος
3081 4697 3223 4768 μετὰ
3249 4692 3613 4766 τετρακοσίων

2037 4794 2291 4870 λελιάδων
2321 4795 2825 4865 παραταττόμενος,
2874 4789 3013 4861 πρὸς
3035 4789 3165 4852 τοὺς
3198 4787 3606 4854 ἀντιπαρατασ-

349 4877 533 4929 rinam
552 4878 1015 4945 promissionem?
1040 4882 1332 4951 Quomodo
1362 4884 1528 4955 igitur
1559 4886 1930 4945 constituistis

2051 4892 2300 4962 ιομένους
2351 4887 2455 4959 ἔφη
2481 4903 2495 4918 ο
2543 4902 2562 4936 ‹
2601 4886 2713 4955 Οὐχ
2769 4884 2900 4955 ὑμῖν
2940 4880 3166 4950 γνῶναι,
3216 4880 3301 4933 ὅτι
3343 4874 3544 4946 Κύριος
3578 4871 3606 4923 6

418 5052 445 5092 ίι
486 5053 526 5106 II
562 5052 738 5108 Paral.
769 5070 847 5119 Il,
886 5058 973 5115 Η.

1050 5061 1068 5100 ί
1113 5060 1245 5116 ibid.
1297 5061 1382 5129 I6,
1444 5062 1530 5116 17.

347 5136 366 5154 °
396 5125 435 5178 II
485 5125 658 5179 Paral.
691 5142 808 5191 xm,
840 5126 895 5180 5.

1646 5062 1660 5114 i
1706 5063 1748 5120 II
1789 5065 1966 5120 νάπει.
2025 5082 2122 5131 ιιι,
2182 5066 2234 5119 5.
2311 5064 2336 5103 ι
2379 5060 2506 5117 ibid.
2536 5060 2588 5114 7.
2669 5056 2851 5114 1ibid.
2917 5066 2966 5097 πι
3000 5054 3132 5112 ibid.
3177 5056 3231 5111 8.
3302 5064 3334 5094 ³
3363 5053 3492 5111 ibid.
3523 5050 3609 5107 I5.

1461 5220 1695 5277 νΑιιιᾹε
1736 5219 2122 5293 ιΕοΤιοΝΕε.
2161 5220 2245 5274 ET
2281 5217 2516 5274 ΝΟΤᾸΕ.

419 5333 464 5364 ⁸³
487 5330 611 5386 (30(1-
659 5326 722 5384 C.
770 5328 933 5390 νεώς.
1006 5332 1054 5366 ⁸⁵
1078 5334 1211 5389 Τοῦ.
1236 5304 1404 5389 λὶιοει
1434 5351 1463 5391 a
1503 5334 1567 5389 C.
1644 5336 1691 5368 ⁵⁸
1730 5335 1840 5389 Καὶ
1874 5335 1944 5388 ἐκ
1983 5333 2103 5387 τῶν
2131 5333 2357 5388 ἄλλων.
2389 5333 2524 5388 Cod.
2560 5332 2622 5387 C.
2667 5333 2760 5385 καὶ
2794 5332 2846 5383 οἱ
2883 5330 3152 5385 τ’ἇλλων.
3231 5332 3277 5364 ³⁸
3294 5332 3489 5399 Κυρίῳ
3535 5330 3614 5395 τῷ

347 5402 468 5477 Θεῷ
491 5400 719 5477 αρτῷγυἒ
742 5400 863 5477 eod.
912 5400 974 5456 C.
1004 5404 1194 5477 Κυρίῳ
1221 5403 1335 5477 τῶν
1363 5408 1597 5477 πατρῶν
1624 5405 1746 5476 (sic)
1793 5404 1950 5477 αὐτῷ’

2071 5404 2115 5435 ιτ
2148 5405 2271 5477 cod.
2312 5404 2376 5459 ο.
2420 5403 2721 5477 Ῥοϐοάμ.-
2754 5402 2944 5477 "cod.
2974 5400 3037 5477 ς.
3083 5401 3399 5477 παρέδωκε-
3426 5403 3614 5477 ἐθει-

343 5474 491 5528 may.
515 5474 647 5528 Cod.
680 5472 742 5526 Ω.
760 5471 1005 5542 εἴρηκεν,

348 5547 673 5618 auctoritate
709 5541 892 5618 textus
924 5541 1091 5618 Hebr.

1085 5470 1131 5505 ‘°
1147 5470 1269 5528 eod.
1294 5476 1355 5529 Ο.
1386 5470 1832 5544 ἐγκατελείπατε.
1908 5475 1950 5507 ⁸⁸

2051 5479 2103 5528 .‘r
2120 5476 2266 5543 χειρὶ
2292 5470 2650 5544 Σουσακείμ.
2678 5470 2889 5544 Haecin
2922 5473 3055 5544 edit.
3086 5470 3612 5544 CoianLadduntnr

1173 5546 1217 5574 “'
1244 5541 1438 5599 Πάλιν
1457 5575 1526 5585 -
1546 5544 1938 5614 προφητικάς.

2051 5545 2099 5599 d.
2210 5541 2318 5598 1677
2343 5544 2553 5614 εει-568.
2582 5543 2676 5614 ῌ⁶³
2711 5541 2929 5614 Ὶᾳδὼκ.
2971 5542 3027 5595 In
3084 5551 3231 5614 textu
3282 5541 3602 5614 IIebr._l._c.

348 5624 571 5667 \Ocalut‘
608 5610 719 5677 ἱππ,
763 5607 817 5668 in
849 5629 989 5671 vers.
1030 5614 1218 5669 Grai-ea
1250 5616 1416 5669 Ἀδδὼ
1439 5617 1543 5682 vel,
1584 5607 1782 5669 Ἃϐδώ.
1860 5607 1908 5649 σί

2051 5617 2059 5662 i
2088 5607 2543 5685 γενεαλογῆσαι.
2577 5612 2705 5668 Haec
2728 5612 2925 5667 absunt
2948 5629 2978 5667 a
3006 5612 3127 5668 cod.
3161 5612 3316 5666 Alex.
3349 5622 3404 5666 et
3431 5610 3604 5664 Vatie.

344 5718 482 5791 bene
512 5725 691 5791 autem
725 5719 1049 5791 supplentur
1078 5721 1131 5774 in
1159 5719 1292 5775 edit.
1330 5719 1539 5791 Compl.
1578 5721 1623 5755 “
1660 5721 1858 5787 Ἄξιον
1891 5720 1950 5775 δὲ

2051 5762 2053 5773 ,
2092 5737 2143 5775 τ.
2176 5720 2225 5775 λ.
2252 5718 2373 5776 Vid.
2406 5736 2459 5791 p.
2493 5718 2617 5785 493,
2668 5725 2861 5789 qurest.
2900 5719 2984 5772 Π.
3064 5718 3109 5751 ⁸⁸
3144 5717 3267 5772 cod.
3294 5716 3357 5770 (Σ.
3399 5713 3603 5769 Ἀσιάδ.

346 5790 387 5815 "
426 5788 549 5842 cod.
582 5789 641 5842 C.
673 5790 1173 5861 στρατευσαμένας.
