4038 6214
297 356 403 439 825'

1318 380 1601 453 QUIEST.
1641 383 1724 445 IN
1764 382 1824 443 II
1878 383 2146 445 PARAL.
2185 383 2344 445 CAP.
2382 355 2567 445 le.‘

3454 379 3564 446 89.6

298 493 430 557 Θεὸς
458 490 677 565 Ἰσραὴλ
704 490 871 548 ἔδωκε
900 492 1177 565 βασιλείαν
1215 493 1292 566 τῷ
1326 498 1491 551 Δαϐὶδ
1530 498 1623 551 ἐπὶ
1673 499 1874 572 ’Ῑερουο

1980 512 2266 570 tyrannum
2297 497 2468 568 patris
2504 494 2633 551 mibi
2663 495 2922 552 servum?
2942 491 3353 551 Testamentum
3378 507 3562 554 autem

274 586 483 659 ’σαλὴμ
511 587 592 651 είς
626 586 717 640 τὸν
736 585 930 653 αἰῶνα,
963 587 1058 641 καὶ
1096 589 1209 651 τοῖς
1248 589 1386 653 υίοῖς
1410 590 1577 643 αὐτοῦ
1607 590 1875 662 διαθήκην

297 678 425 743 ἁλὸς
454 677 682 733 αἰωνίαν
716 679 800 745 ⁶⁹;
833 679 945 749 Οὐχ
972 678 1137 749 ὑμᾶς,
1184 681 1371 751 φησὶν,
1404 680 1511 734 ἔδει
1540 682 1766 750 γνῶναι,
1801 683 1874 747 ὼς

299 771 576 834 θεόσδοτος
606 772 638 842 ή
670 769 763 824 τοῦ
799 771 964 825 Δαϐἰδ
988 770 1259 842 βασιλεία,
1296 774 1392 827 καὶ
1434 774 1586 840 τέλος
1635 775 1697 829 ού
1731 775 1879 845 δεχο-

303 862 440 934 μένη
471 862 615 915 κατὰ
644 863 746 933 τὴν
804 860 959 914 θείαν
996 861 1329 932 ὑπόσχεσιν;
1365 864 1491 929 Πῶς
1522 860 1615 919 οὖν
1651 866 1879 936 ἀνεστή-

302 968 431 1007 σατε
454 952 721 1024 τύραννον
752 951 847 1005 τοῦ
878 951 1084 1023 πατρός
1105 970 1207 1022 μου
1236 954 1326 1007 τὸν
1348 954 1534 1009 δοῦλον
1555 973 1569 1022 ;
1594 956 1877 1027 Διαθήκην

299 1044 356 1098 δὲ
387 1042 513 1106 άλδς
533 1041 763 1096 αἰωνίαν
790 1041 853 1095 τὺ
897 1041 1116 1112 βέϐαιον
1142 1046 1242 1114 τῆς
1272 1043 1551 1115 βασιλείας
1577 1045 1837 1101 ἐκάλεσεν
1860 1064 1873 1078 ·

300 1135 487 1207 ἐπειδὴ
532 1136 628 1189 καὶ
668 1132 938 1206 βάρϐαροι
990 1133 1252 1197 πολλάκις
1296 1136 1675 1201 συνεσθίοντες
1715 1138 1874 1191 πολε-

303 1230 450 1300 μίοις
468 1226 697 1299 βεϐαίαν
726 1228 954 1298 εἰρήνην
976 1226 1329 1295 φυλάττουσι,
1355 1228 1463 1283 τῶν
1495 1229 1638 1283 ἁλῶν
1663 1247 1877 1301 μεμνηο

304 1322 474 1375 ιιένοι.
527 1319 668 1374 Ἀλλ’
696 1321 724 1373 ὁ
758 1319 895 1392 ἐμὸς
939 1317 1145 1390 πατὴρ,
1184 1318 1339 1389 φησὶ,
1382 1320 1473 1373 διὰ
1512 1320 1746 1390 νεότητα
1781 1321 1877 1374 καὶ

299 1414 506 1467 δειλίαν
562 1412 932 1484 παρεχώρησε
989 1415 1056 1484 τῇ
1091 1411 1370 1485 τυραννίδι
1406 1427 1420 1443 ο
1480 1412 1593 1483 ἐγὼ
1624 1413 1682 1467 δὲ
1745 1414 1877 1484 ὑμῖν

299 1503 710 1574 ἐπιμέμφομαι,
752 1504 835 1558 ὅτι
862 1503 1006 1558 κατά
1040 1504 1142 1573 τῆς
1198 1505 1353 1569 θείας
1410 1505 1697 1577 βασιλείας
1728 1506 1874 1578 θρα-

301 1592 547 1659 σύνεσθε,
588 1594 655 1666 ἢν
681 1593 759 1667 τῷ
780 1596 927 1664 γένει
960 1594 1055 1649 τοῦ
1084 1595 1253 1650 Δαϐὶδ
1289 1598 1319 1649 ὁ
1350 1596 1459 1650 τῶν
1497 1596 1635 1651 ὅλων
1663 1597 1876 1670 ἐδωρή-

302 1702 432 1738 σατο
484 1684 732 1757 Κύριος·
783 1687 879 1740 καὶ
919 1686 1178 1758 θαρρεῖτε
1216 1686 1294 1758 τῷ
1348 1686 1565 1758 πλήθει,
1617 1688 1714 1741 καὶ
1753 1689 1877 1751 ταῖς

299 1780 526 1849 χρυσαῖς
569 1778 856 1848 δαμάλεσι,
888 1778 957 1832 δι’
987 1779 1054 1843 ἃς
1101 1779 1318 1834 καὶτοῦ
1352 1780 1491 1834 Θεοῦ
1531 1782 1659 1844 τοὺς
1692 1781 1873 1852 ἰερέας

299 1871 653 1935 ἐξελάσαντες
675 1872 744 1936 ⁶⁹,
803 1872 1028 1945 ἑτέρους
1074 1872 1189 1926 ἀντ’
1240 1872 1423 1927 αὐτῶν
1470 1873 1873 1943 κατεστήσατε,

300 1964 656 2035 παραπλήσια
691 1962 931 2035 δρῶντες
973 1965 1088 2027 τοίς
1135 1963 1336 2019 ἔθνεσι.
1364 1965 1476 2018 Καὶ
1511 1963 1623 2035 γὰρ
1677 1966 1877 2018 ἐκεῖνοι

298 2058 421 2119 τοὺς
462 2055 724 2125 τυχόντας
774 2056 955 2129 ἱερέας
1007 2055 1378 2129 χειροτονοῦσι
1425 2059 1538 2122 τοῖς
1592 2058 1695 2111 οὐκ
1756 2052 1875 2111 οὖσι

300 2148 458 2214 θεοίς.
526 2147 721 2217 Ἡμεῖς
773 2147 831 2200 δὲ
864 2150 942 2219 τῷ
983 2147 1226 2219 ἀληθινῷ
1279 2148 1598 2223 θαρροῦμεν
1639 2149 1777 2222 Θεῷ,
1814 2141 1875 2204 οῦ

300 2245 389 2299 καὶ
423 2244 551 2307 τοὺς
581 2243 786 2313 ἱερέας,
829 2241 923 2296 καὶ
970 2242 1097 2307 τοὺς
1131 2242 1366 2305 Λευϊτας
1394 2243 1753 2314 γεραίρομεν,
1781 2244 1877 2298 καὶ

299 2337 438 2391 κατὰ
467 2338 561 2390 τὸν
583 2336 726 2389 θεῖον
757 2336 925 2406 νόμον
966 2335 1067 2399 τὰς
1104 2333 1297 2400 θυσίας
1331 2336 1743 2407 προσφέρομεν,
1780 2336 1877 2390 καὶ

299 2432 438 2484 κατὰ
492 2430 593 2493 τὰς
652 2428 845 2482 τούτου
908 2428 1187 2495 διατάξεις
1232 2428 1729 2499 παρατασσόμεθα,
1755 2432 1876 2494 ταῖς

299 2523 471 2588 θείαις
522 2521 781 2590 σάλπιγξι
812 2522 906 2574 τὸν
948 2521 1188 2591 πόλεμον
1237 2520 1727 2592 προσημαίνοντες.
1784 2521 1877 2574 Διὸ

299 2615 597 2687 παρεγγυῶ
624 2616 724 2685 μὲν
749 2594 877 2685 ὑμῖν
904 2613 979 2686 μὴ
1001 2611 1546 2683 ἀντιπαρατάξασθαι
1577 2612 1653 2681 τῷ
1673 2611 1877 2663 Δεσπό-

298 2725 363 2782 τῃ
406 2708 549 2779 Θεῷ,
602 2708 661 2771 ὃς
716 2709 816 2779 τῆς
861 2707 1146 2778 ἡμετέρας
1211 2705 1495 2775 φάλαγγος
1552 2705 1870 2776 στρατηγεῖ.

298 2800 731 2870 Μεταγνώσεσθε
770 2800 879 2870 γάρ
908 2800 1068 2852 τοῦτο
1101 2800 1448 2869 ποιήσαντες.
1471 2796 1691 2849 Τούτων
1722 2798 1874 2866 εἰρη-

302 2893 495 2961 μένων,
532 2890 855 2944 ἐκύκλωσαν
908 2889 1007 2959 μὲν
1039 2889 1127 2942 τὸν
1174 2888 1377 2942 Ἰούδαν
1411 2887 1469 2939 αἰ
1506 2887 1637 2939 δέκα
1668 2885 1835 2954 φυλαί
1857 2901 1871 2915 ⁸

298 2985 571 3055 ἠλάλαξαν
601 2984 658 3037 δὲ
680 2975 849 3043 οὗτοι,
892 2982 986 3035 καὶ
1010 2982 1109 3052 τὴν
1145 2982 1298 3034 θείαν
1325 2980 1499 3052 ῥοπὴν
1533 2982 1614 3044 εἰς
1648 2981 1875 3033 ἐπικου-

300 3077 420 3147 ρίαν
467 3073 759 3128 ἐκάλεσαν.
810 3073 868 3126 Ὀ
907 3073 964 3126 δὲ
1004 3071 1225 3140 κληθεὶς
1268 3071 1348 3131 εἰς
1392 3070 1715 3141 συμμαχίαν
1740 3069 1875 3134 Θεὸς

1978 594 2109 647 salis
2130 598 2393 647 aeternum
2419 588 2712 660 appellavit
2762 588 2916 661 regni
2940 587 3278 656 ﬁrmitatem,
3300 591 3562 660 quoniam

1977 686 2139 738 etiam
2157 682 2377 738 Barbari
2393 681 2558 737 simul
2570 678 2736 754 574
2746 690 3035 736 vescentes
3047 695 3172 734 cum
3187 679 3459 744 bostibus,
3475 697 3567 753 pa-

1973 779 2095 828 ccm
2122 782 2346 829 servant
2376 773 2592 828 ﬁrmam
2617 787 2682 828 ac
2705 771 2982 837 stabilem,
3019 769 3153 826 salis
3182 772 3563 828 recordantes.

1979 868 2082 923 Sed
2103 878 2257 938 pater
2274 882 2448 934 meus,
2471 867 2670 938 inquit.
2694 873 2916 937 propter
2927 864 3272 935 iuventutem
3291 874 3345 920 et
3362 866 3568 922 timidi-

1979 974 2145 1022 tatem
2174 966 2342 1024 cessit
2365 966 2646 1038 tyrannidi
2678 984 2691 1020 :
2728 980 2830 1035 ego
2859 974 3042 1019 autem
3071 978 3167 1019 vos
3189 977 3385 1035 arguo,
3416 963 3567 1033 quod

1977 1059 2241 1116 adversus
2284 1075 2518 1131 regnum
2564 1058 2813 1114 divinum
2858 1056 3110 1112 audeatis
3134 1072 3290 1112 arma
3325 1072 3562 1122 movere,

1977 1152 2122 1222 quod
2154 1152 2421 1208 Dominus
2451 1151 2677 1206 donavit
2702 1150 2888 1221 generi
2921 1148 3168 1211 Davidis.
3196 1156 3252 1204 et
3279 1146 3565 1204 confidatis

1978 1245 2031 1300 in
2053 1243 2400 1299 multitudine
2416 1251 2472 1297 et
2489 1242 2672 1299 aureis
2682 1240 2963 1313 juvencis,
2983 1248 3207 1311 propter
3226 1253 3365 1309 quas
3393 1248 3447 1293 et
3468 1239 3566 1293 ad-

1971 1335 2133 1406 jectis
2157 1335 2249 1392 Dei
2275 1334 2681 1401 sacerdotibus,
2717 1334 2857 1389 alios
2899 1348 2999 1403 pro
3023 1333 3105 1389 eis
3134 1330 3453 1397 sun‘ecistis,
3485 1328 3568 1384 fa-

1977 1431 2182 1486 cientes
2203 1428 2407 1485 similia
2431 1426 2709 1498 gentibus.
2740 1426 2881 1481 Nam
2899 1435 2956 1481 et
2978 1425 3053 1480 illi
3075 1423 3303 1495 quosvis
3320 1422 3568 1478 sacerdo-

1976 1532 2059 1579 tes
2073 1530 2263 1579 creant
2292 1523 2361 1577 iis
2375 1522 2471 1591 qui
2489 1521 2564 1576 dii
2588 1535 2698 1574 non
2722 1528 2870 1575 sunt.
2892 1517 3004 1574 Nos
3023 1526 3207 1573 autem
3226 1517 3279 1571 in
3303 1531 3432 1571 vero
3456 1514 3566 1569 Deo

1976 1615 2492 1684 confidimus,cujus
2506 1622 2561 1670 et
2578 1613 2891 1668 sacerdotes
2905 1620 2958 1667 et
2976 1610 3562 1671 Levitasltonoramus,

1976 1717 2031 1764 et
2041 1723 2105 1764 ex
2125 1708 2242 1777 lege
2256 1708 2440 1762 divina
2461 1705 2728 1762 sacriﬁcia
2747 1704 3031 1759 oﬂ'erimus
3049 1722 3064 1757 :
3081 1712 3137 1758 et
3149 1717 3213 1757 ex
3228 1702 3347 1772 ejus
3363 1701 3565 1755 consti-

1978 1801 2286 1855 tutionibus
2318 1800 2491 1854 aciem
2525 1797 2880 1861 instruimus,
2935 1796 3141 1852 divinis
3174 1795 3321 1850 tubis
3356 1793 3561 1849 bellum

1978 1900 2137 1948 antea
2163 1891 2558 1961 signiﬁcantes.
2589 1887 2958 1955 Quamobrem
2991 1887 3146 1943 vobis
3180 1883 3444 1941 denuntio
3493 1898 3565 1938 ne

1977 1984 2147 2041 aciem
2165 1984 2415 2054 dirigatis
2430 1984 2699 2038 adversus
2718 1981 3012 2036 Dominum
3034 1979 3230 2042 Deum,
3253 1977 3347 2049 qui
3364 1976 3564 2032 estint—

1976 2087 2194 2148 perator
2217 2077 2389 2132 nostri
2412 2075 2710 2131 exercitus.
2728 2072 3195 2141 Ptenitebitjenim
3224 2085 3324 2125 vos
3348 2069 3394 2124 si
3421 2069 3565 2124 fece-

1978 2170 2117 2225 ritis.
2142 2169 2239 2224 His
2263 2168 2445 2229 dictis,
2476 2165 2675 2222 Judam
2712 2165 2931 2235 quidem
2962 2162 3446 2220 circumdederunt
3465 2160 3562 2216 de-

1977 2279 2093 2318 cem
2127 2263 2323 2318 tribus.
2348 2260 2455 2330 lpsi
2475 2275 2605 2316 vero
2621 2257 2905 2314 vociferati
2933 2263 3159 2322 sunt,et
3186 2254 3432 2310 divinum
3466 2268 3563 2307 au-

1977 2353 2166 2408 xilium
2182 2352 2565 2421 implorarunt.
2586 2349 2729 2405 Deus
2746 2357 2928 2403 autem
2947 2346 3015 2401 ad
3035 2346 3161 2401 belli
3181 2345 3446 2399 auxilium
3471 2358 3564 2398 vo-

1976 2453 2152 2504 catus,
2196 2442 2437 2497 hostium
2472 2439 2762 2495 audaciam
2797 2436 3069 2492 convertit
3110 2436 3165 2490 in
3200 2437 3478 2501 timorem,
3508 2443 3564 2490 et

1976 2533 2225 2589 conversi
2244 2532 2578 2601 aufugerunt
2602 2545 2818 2595 omnes,
2841 2539 2895 2584 et
2912 2543 3055 2583 caesa
3081 2533 3098 2547 '
3119 2536 3245 2582 sunt
3262 2528 3561 2596 quingenta

1977 2624 2142 2677 millia
2187 2622 2241 2677 in
2285 2621 2466 2692 fugam
2493 2635 2672 2675 versa.
2714 2619 2858 2674 Dicit
2896 2618 3063 2673 etiam
3100 2616 3240 2688 fuga:
3280 2630 3504 2671 causam
3544 2634 3557 2668 :

1982 2738 2000 2767 ι
2045 2715 2109 2770 Ει
2155 2716 2504 2769 invaluerunt
2556 2714 2650 2767 filii
2703 2710 2865 2777 Juda,
2913 2711 3061 2781 quod
3109 2717 3468 2779 speraverunt
3501 2708 3558 2763 in

1975 2804 2207 2858 Domino
2262 2803 2369 2856 Deo
2403 2812 2621 2872 patrum
2654 2816 2883 2856 suorum
2906 2811 2952 2855 P.
2997 2818 3014 2851 ι
3070 2799 3348 2869 Ceperunt
3394 2798 3559 2852 etiam

1974 2894 2223 2948 civitates
2276 2894 2384 2946 illis
2432 2893 2730 2960 subiectas.
2777 2890 3169 2946 Jeroboamum
3214 2899 3394 2946 autem
3444 2890 3562 2958 ipse

1977 2986 2360 3041 universorum
2409 2984 2555 3039 Deus
2611 2985 2774 3039 morti
2823 2984 3064 3039 tradidit.
3117 2982 3328 3037 Laudat
3377 2991 3558 3037 autem

1976 3079 2141 3134 etiam
2181 3080 2305 3134 Asaa
2354 3078 2596 3148 priorem
2646 3078 2901 3148 pietatem
2940 3095 2954 3132 :
2997 3097 3015 3129 ι
3056 3074 3206 3132 Fecit
3243 3075 3414 3143 enim,
3466 3076 3552 3129 in-

298 3171 376 3233 εξς
404 3168 610 3221 δειλίαν
646 3167 756 3219 τῶν
788 3165 1068 3234 πολεμίων
1111 3164 1172 3216 τὸ
1203 3162 1409 3234 θράσος
1440 3161 1706 3233 μετέϐαλε
1777 3163 1872 3214 καὶ

1976 3171 2115 3240 quit,
2147 3168 2257 3224 Asa
2284 3178 2499 3224 rectum
2542 3182 2732 3223 coram
2766 3167 3002 3223 Domino
3026 3167 3137 3222 Deo
3163 3182 3287 3233 suo,
3316 3176 3370 3223 et
3406 3181 3562 3221 amo-

296 3259 603 3329 τραπέντες
646 3256 965 3329 ἀπέδρασαν
1009 3256 1230 3316 πάντες,
1270 3255 1365 3308 καὶ
1398 3255 1740 3324 πεντήκοντα
1774 3270 1875 3321 μυ-

300 3349 483 3420 ριάδες
504 3345 865 3419 ἀνηλώθησαν
881 3347 928 3379 τ’
978 3346 1302 3415 φεύγουσαι.
1355 3345 1521 3415 Λέγει
1553 3344 1611 3397 δὲ
1651 3344 1747 3397 καὶ
1776 3343 1875 3412 τῆς

300 3441 476 3513 φυγῆς
499 3441 598 3511 τὴν
631 3438 816 3493 αἰτίαν
838 3454 852 3467 ·
886 3457 904 3490 ι
943 3440 1055 3493 Καὶ
1078 3438 1415 3509 κατίσχυσαν
1443 3439 1493 3491 οἰ
1522 3437 1565 3469 τί
1604 3436 1712 3491 υἱοί
1741 3435 1877 3491 Ἰού·-

298 3536 380 3601 δα,
415 3535 497 3588 ὅτι
524 3533 763 3606 ἤλπισαν
793 3532 887 3585 ἐπὶ
911 3530 1117 3603 Κύριον
1138 3531 1230 3584 τὸν
1254 3532 1387 3584 Θεὸν
1417 3529 1529 3585 τῶν
1555 3529 1813 3603 πατέρων
1829 3530 1876 3563 ⁷⁸

298 3628 496 3682 αὐτῶν.
540 3647 559 3680 ›
602 3626 838 3682 Ἔλαϐον
871 3626 928 3679 δὲ
963 3624 1061 3681 καὶ
1099 3624 1285 3689 πόλεις
1318 3625 1687 3695 ὑποκειμένας
1728 3622 1877 3677 ὲκεί-

298 3741 429 3788 νοις.
474 3724 580 3777 Τὸν
618 3722 677 3776 δὲ
722 3721 1008 3791 Ὶεροϐοάμ
1054 3721 1219 3784 αὐτὸς
1249 3722 1278 3774 ὁ
1321 3720 1433 3773 τῶν
1462 3720 1600 3775 ὅλων
1630 3719 1762 3785 Θεὸς
1798 3719 1879 3790 τῷ

297 3810 517 3881 θανάτῳ
557 3808 894 3880 παρέδωκεν.
940 3808 1187 3863 Ἐπαινεῖ
1232 3808 1413 3862 δὲκαὶ
1461 3808 1557 3862 τοῦ
1615 3809 1749 3862 Ἀσά
1778 3808 1877 3881 τὴν

301 3903 575 3974 προτέραν
608 3901 893 3955 εὐσέϐειαν
925 3917 940 3929 ·
993 3920 1011 3953 ι
1061 3900 1320 3971 Ἐποίησε
1355 3902 1485 3972 γὰρ,
1519 3903 1706 3974 φησὶν,
1745 3903 1879 3957 Ἀσὰ

299 3995 359 4047 τὸ
404 3994 561 4058 εύθὲς
608 3994 839 4047 ἐνώπιον
885 3993 1094 4064 Κυρίου
1122 3992 1217 4046 τοῦ
1247 3993 1383 4046 Θεοῦ
1416 3994 1607 4059 αὐτοῦ,
1647 3996 1740 4048 καὶ
1773 3997 1879 4049 ὰπ-

300 4087 494 4157 έστησε
524 4086 594 4140 τά
630 4086 998 4156 θυσιαστήρια
1023 4084 1093 4137 τὰ
1130 4085 1413 4157 ἀλλότρια,
1449 4106 1469 4138 ι
1505 4087 1781 4151 τουτέστι,
1809 4087 1877 4142 τά

298 4180 403 4235 τῶν
442 4176 700 4231 εἰδώλων.
758 4174 890 4229 Εἶτα
928 4177 1201 4247 ἐπήγαγε,
1264 4196 1282 4228 ι
1335 4179 1431 4231 καὶ
1482 4181 1553 4232 τὰ
1605 4178 1808 4249 ὑψηλά.
1853 4198 1872 4231 ι

1975 3265 2055 3317 vit
2100 3262 2293 3317 altaria
2338 3262 2590 3327 alienas,
2624 3280 2642 3313 ι
2701 3266 2809 3315 hoc
2856 3268 2963 3324 est,
3014 3259 3211 3314 altaria
3263 3257 3558 3313 idolorum.

1978 3353 2182 3408 Deinde
2222 3352 2506 3423 subiunxit
2537 3370 2549 3406 :
2586 3369 2606 3403 ι
2649 3350 2716 3404 Et
2758 3351 2995 3406 excelsa.
3033 3368 3052 3402 ι
3086 3348 3199 3420 Ego
3227 3358 3407 3404 autem
3441 3349 3563 3403 exi--

1976 3447 2141 3502 Stimo
2169 3460 2265 3516 per
2297 3459 2362 3499 ea
2395 3443 2559 3499 tacite
2583 3442 2883 3516 signifieari
2908 3443 3014 3499 ista
3045 3456 3168 3514 quae
3191 3449 3389 3512 praeter
3413 3439 3560 3512 leges

1977 3537 2138 3609 575
2168 3539 2278 3593 Deo
2303 3544 2463 3592 erant
2486 3534 2735 3591 dedicata
2764 3535 2821 3589 in
2849 3534 3086 3590 collibus
3113 3552 3127 3588 :
3163 3553 3183 3587 ι
3215 3532 3283 3589 Et
3301 3532 3562 3589 contrivit

1977 3640 2210 3696 statuas,
2253 3638 2308 3686 et
2355 3628 2594 3684 exscidit
2626 3627 2805 3683 lucos.
2848 3645 2867 3679 ι
2909 3623 2966 3681 In
2999 3626 3086 3682 his
3120 3639 3290 3696 porro
3317 3641 3441 3697 qua:
3473 3640 3562 3680 se-

1976 3729 2244 3792 quuntur,
2274 3720 2627 3791 persequitur
2658 3719 2781 3790 ejus
2824 3719 3035 3774 laudes.
3068 3716 3206 3773 Cum
3242 3717 3346 3772 bac
3375 3724 3559 3771 autem

1978 3813 2179 3883 pietate
2216 3812 2391 3867 aciem
2418 3812 2718 3876 instruens,
2755 3808 2895 3866 fudit
2923 3815 2979 3865 et
3011 3807 3220 3880 fugavit
3248 3805 3558 3876 Ethiopes,

1976 3912 2033 3958 et
2064 3918 2398 3973 persequens
2438 3916 2633 3956 omnes
2664 3899 3032 3970 consumpsit.
3069 3898 3211 3953 Dicit
3247 3909 3428 3953 autem
3465 3911 3562 3952 eos

1979 3997 2151 4053 fuisse
2204 3997 2447 4066 ipsorum
2497 3995 2763 4050 ﬁnitimos
2798 4012 2812 4050 :
2856 4011 2874 4046 ι
2912 3993 3083 4047 Multa
3134 3991 3318 4056 enim,
3358 3990 3558 4059 inquit,

1978 4097 2243 4159 ceperunt
2287 4087 2483 4157 spolia,
2540 4094 2597 4141 et
2648 4086 3005 4142 exsciderunt
3053 4098 3246 4138 eorum
3292 4096 3461 4152 pagos
3505 4080 3562 4134 in

1979 4181 2213 4236 circuitu
2252 4178 2584 4234 Gerarorum
2620 4195 2634 4232 :
2688 4177 2949 4246 quoniam
2989 4174 3093 4229 fuit
3139 4188 3314 4244 pavor
3344 4169 3560 4226 Domini

310 4267 449 4338 Ἐγὼ
482 4267 541 4321 δὲ
562 4263 717 4337 οἶμαι
734 4267 824 4319 διὰ
851 4265 1057 4318 τούτων
1082 4262 1418 4320 αἰνίττεσθαι
1449 4266 1518 4320 τὰ
1545 4270 1875 4340 παρανόμως

1979 4289 2144 4342 Super
2173 4286 2289 4337 eos,
2320 4279 2374 4325 et
2402 4270 2747 4339 diripuerunt
2766 4281 2959 4322 eorum
2992 4265 3275 4330 civitates,
3300 4262 3560 4333 quoniam

298 4361 374 4433 τῷ
399 4359 523 4429 Θεῷ
544 4361 602 4411 ἐν
626 4361 738 4421 τοῖς
759 4359 966 4427 βουνοῖς
994 4358 1358 4427 ἀνακείμενα.
1406 4378 1424 4409 ι
1454 4360 1565 4413 Καὶ
1586 4360 1875 4431 συνέτριψε

1981 4363 2204 4419 fuerunt
2226 4362 2310 4417 cis
2340 4361 2509 4416 multa
2543 4359 2740 4430 spolia.
2771 4357 3111 4413 Exciderunt
3141 4356 3306 4412 etiam
3331 4353 3562 4410 tentoria
3648 4414 3653 4419 δ

297 4452 392 4516 τὰς
424 4450 645 4522 στήλας,
672 4448 767 4503 καὶ
785 4448 1009 4517 ἐξέκοψε
1038 4448 1107 4501 τὰ
1128 4449 1289 4520 άλση.
1327 4469 1345 4501 ι
1371 4450 1481 4503 Καὶ
1517 4453 1573 4503 ὲν
1602 4454 1715 4515 τοῖς
1750 4452 1875 4523 ἑξῆς

1981 4471 2240 4527 pecorum
2267 4462 2321 4508 et
2358 4452 2707 4516 Amazonim,
2737 4460 2792 4506 et
2821 4455 3154 4519 acceperunt
3179 4449 3382 4501 multas
3408 4460 3561 4508 oves,

298 4546 354 4598 δὲ
396 4545 524 4609 τοὺς
574 4544 833 4605 ἐπαίνους
854 4542 900 4572 ⁷³
952 4541 1195 4608 διέξεισι.
1249 4542 1405 4596 Μετὰ
1444 4543 1546 4611 τῆς
1595 4544 1875 4609 εὐσεϐείας

1984 4561 2035 4606 et
2064 4550 2325 4616 camelos,
2351 4556 2405 4604 et
2431 4546 2634 4602 reversi
2660 4553 2788 4601 sunt
2811 4542 3244 4613 Hierosolymam
3272 4548 3316 4593 ι.
3357 4557 3375 4589 ι
3406 4536 3565 4605 Quod

299 4636 356 4690 δὲ
379 4636 425 4669 ⁷⁸
452 4635 658 4705 ταύτης
682 4631 1137 4704 παραταξάμενος
1156 4632 1421 4702 ἐτρέψατο
1439 4635 1565 4697 τοὺς
1585 4634 1874 4700 Αἰθίοπας,

1984 4653 2163 4697 autem
2195 4641 2394 4697 Gerara
2425 4640 2495 4695 sit
2519 4638 2843 4698 Palaestinae,
2878 4634 3152 4690 neminem
3182 4641 3315 4703 puto
3346 4637 3567 4685 contra-

302 4731 392 4784 καὶ
430 4728 644 4783 διώκων
695 4727 940 4788 ἅπαντας
988 4724 1373 4792 κατηνάλωσεν
1396 4727 1464 4779 ⁷³.
1522 4727 1789 4798 ὐμόρους
1820 4728 1875 4781 δὲ

1983 4733 2282 4787 dicturum.
2326 4728 2461 4784 Nam
2498 4730 2644 4784 circa
2674 4725 3117 4794 Eleutheropolin
3162 4737 3285 4793 qua:
3318 4729 3562 4785 vocatur,

302 4821 444 4891 λέγει
485 4821 713 4881 τούτους
767 4818 947 4873 αὐτῶν
1006 4815 1361 4886 γεγενῆσθαι.
1415 4837 1435 4869 ι
1508 4818 1875 4873 Ἐσκύλευσαν

1984 4821 2411 4881 Gerarcnorum,
2450 4819 2639 4875 Salton
2667 4819 2720 4872 in
2756 4823 3078 4886 prresentem
3106 4828 3279 4883 usque
3307 4812 3451 4866 diem
3484 4818 3568 4866 est

283 4917 427 4987 γὰρ,
455 4916 615 4987 φησι,
651 4912 825 4966 σκῦλα
863 4908 1051 4970 πολλὰ,
1108 4911 1201 4961 καὶ
1233 4909 1500 4979 ἐξέκοψαν
1544 4910 1644 4975 τὰς
1681 4910 1875 4981 κώμας

1986 4914 2347 4969 nominatum.
2372 4911 2469 4967 Est
2492 4927 2621 4982 ergo
2636 4905 3235 4971 verisimile,coloniam
3260 4905 3329 4959 ab
3349 4902 3566 4959 Ethio-

311 5008 478 5062 αὐτῶν
503 5008 691 5078 κύκλῳ
723 5005 983 5077 Γεράρων
1005 5003 1071 5067 ⁷⁵,
1104 5005 1184 5057 ὅτι
1214 5003 1431 5071 ἐγένετο
1477 5002 1740 5066 ἔκστασις
1768 5004 1875 5056 Κυ-

1987 5009 2144 5077 pibus
2174 5005 2461 5060 deductam
2486 5004 2633 5057 illam
2668 5000 2946 5055 habitasse
2974 4998 3278 5069 regionem,
3312 5005 3368 5051 et
3394 5011 3566 5067 quos-

312 5101 419 5171 ρίου
447 5102 539 5156 ἐπ’
567 5100 768 5164 αὐτούς
796 5116 810 5131 ο
855 5102 948 5153 za‘t
980 5102 1291 5171 διήρπασαν
1320 5096 1419 5160 τὰς
1453 5097 1637 5160 πόλεις
1674 5096 1875 5161 αὐτῶν,

1987 5097 2113 5152 dam
2145 5097 2310 5153 etiam
2345 5097 2488 5151 alios
2523 5094 2837 5150 nominatos
2875 5091 3219 5157 Amazonim,
3265 5104 3407 5161 quos
3439 5088 3564 5158 quia

375 5290 403 5331 Ι
426 5281 469 5336 ιι
491 5281 675 5340 Paral.
709 5295 831 5346 xm,
877 5277 960 5333 18.
1039 5287 1067 5328 1
1096 5276 1135 5331 ll
1166 5276 1345 5332 Paral.
1379 5292 1489 5338 XIV,
1519 5275 1574 5339 2,
1616 5276 1670 5329 5.
1748 5284 1771 5312 τ
1799 5274 1932 5329 ibid.
1963 5273 2147 5328 13-15.

1437 5471 1664 5527 VARIAS
1715 5469 2098 5525 LECTIONES
2139 5470 2224 5528 ET
2259 5467 2494 5525 ΝΟΤίΕ.

379 5624 426 5657 ⁸⁸
455 5622 759 5690 Διαθήκην
786 5620 935 5685 ἁλὸς
962 5622 1227 5690 αἰωνίαν.
1259 5618 1387 5672 Rec.
1420 5616 1579 5690 lectio
1602 5615 1875 5690 [εὕδει-ᾇ

1976 5615 2075 5690 ήκῃ
2110 5612 2257 5690 άλός.
2277 5682 2287 5690 _
2310 5614 2383 5690 ,θ’
2429 5612 2870 5690 ’Βεροίᾳ-αντη
2894 5612 3062 5684 (quod
3089 5612 3145 5690 i_n
3164 5609 3356 5690 locum
3376 5607 3565 5690 lectio-

314 5694 394 5752 nis
432 5677 781 5761 ὲξέλάξοντες
808 5677 1213 5761 substituimus)
1238 5687 1503 5761 exstatin
1530 5686 1754 5761 _cntl._f_‘..
1817 5684 1865 5761 "_°

1976 5677 2009 5736 l'.
2122 5682 2501 5761 dtvgtltbflncav.
2579 5684 2626 5761 ’ξ
2646 5687 2731 5761 Οέ.
2761 5677 3133 5761 Abest'acotl.
3158 5682 3221 5734 Ο.
3285 5679 3329 5710 τ’
3351 5678 3472 5761 cod.
3502 5677 3563 5730 (λ.

212 5786 217 5801 ·
315 5749 533 5837 grumaim
562 5749 799 5837 semper.
877 5759 927 5837 _"
967 5749 1470 5837 ν’βσζαίνὸυςᾏςριί.
1522 5756 1582 5811 C.
1616 5755 1743 5812 add.
1792 5756 1875 5808 αύ·

1976 5794 1980 5806 ,
2058 5755 2104 5788 ⁷⁸
2135 5754 2228 5808 Δέ.
2264 5749 2433 5810 Abest
2459 5771 2490 5810 a
2528 5753 2649 5811 cod.
2679 5754 2741 5810 C.
2821 5756 2865 5787 ⁷³
2896 5754 3016 5810 cod.
3048 5752 3111 5807 Ο.
3159 5749 3563 5805 κατανάλωσεν.

314 5833 359 5869 ⁷⁸
378 5826 838 5907 Γῖεράρωνίιῖεε.
876 5828 1037 5884 lectio
1062 5827 1095 5882 Ι.
1125 5844 1174 5882 c.
1204 5837 1288 5882 est
1311 5826 1513 5898 Γεδώρ.
