4038 6214
404 371 506 443 εει)

1288 329 1571 445 ουὶεετ.
1612 375 1692 434 1N
1737 377 1797 436 II
1827 377 2094 438 PARAL.
2127 379 2284 440 CAP.
2327 380 2478 440 xvx.
2519 379 2705 441 xm.

3555 383 3664 448 830

401 483 612 546 οἰκείας
640 482 933 538 κατέλιπον
963 483 1274 549 πόλεις,ἐίς
1298 484 1357 538 δὲ
1376 485 1478 550 τὰς
1501 486 1712 540 τούτων
1740 489 1972 558 κατέφυ-

2083 489 2185 546 l'uit
2225 491 2499 561 perfectus
2544 493 2600 546 in
2647 490 2925 546 erunibus.
2967 489 3101 546 Nam
3151 493 3386 562 primum
3437 499 3657 566 quidem

401 592 520 645 γον,
553 575 650 628 καὶ
681 576 746 630 τὸ
775 577 1062 647 παροικεῖν
1088 577 1148 630 ἐν
1175 575 1488 648 ἀλλοτρίαις
1519 578 1616 632 τοῦ
1653 579 1754 640 τὰς
1779 581 1983 644 οἰκείας

402 667 573 722 οἰκεῖν
598 667 997 738 προετίμησεν.
1049 665 1287 733 Τούτους
1339 669 1480 737 μετὰ
1502 669 1614 723 τῶν
1655 670 1750 724 δύο
1799 671 1982 738 φυλῶν

405 755 730 825 συναγαγὼν
756 755 786 808 ὁ
817 756 976 823 Ἀσά,
999 757 1194 830 ἑορτὴν
1239 759 1509 814 ἐπινίκιον
1529 760 1816 814 ἐπετέλεσε
1835 778 1848 791 ·
1887 762 1980 816 καὶ

405 847 702 918 πάμπολλα
759 847 977 918 θύματα
1023 847 1412 920 προσενεγκὼν
1447 851 1528 922 τῷ
1586 851 1730 916 Θεῷ,
1781 852 1978 922 ὀμόσαι

359 992 367 997 ,
403 939 826 1010 παρεσκεύασεν
877 939 1146 1006 ἅπαντας,
1179 940 1255 1004 ὡς
1298 943 1398 1012 τῆς
1425 942 1658 1012 ἐννόμου
1700 943 1980 1006 πολιτείας

404 1031 504 1084 οὐκ
532 1030 963 1101 ἀποστήσονται,
991 1029 1129 1085 ἀλλὰ
1162 1031 1690 1104 μόνῳςλατρεύσουσι
1713 1033 1790 1102 τῷ
1811 1051 1980 1088 σεσω‹

405 1123 520 1176 πότι
553 1120 691 1190 Θεῷ.
725 1119 881 1174 Οὖτω
925 1121 981 1175 δὲ
1034 1121 1254 1192 θερμῶς
1290 1123 1420 1185 τοὺς
1467 1123 1642 1188 θείους
1691 1125 1978 1194 ἠσπάσατο

403 1212 624 1281 νόμους,
655 1212 738 1266 ὅτι
761 1211 856 1264 καὶ
879 1209 977 1282 τὴν
1013 1212 1230 1282 μητέρα
1271 1212 1440 1266 αύτοῦ
1475 1215 1543 1279 ’⁸,
1599 1218 1664 1286 τῇ
1701 1216 1974 1288 Ἀστάρτῃ

403 1300 702 1372 λατρεῦσαι
731 1302 1150 1374 προειλομένην,
1191 1304 1292 1374 τῆς
1331 1305 1610 1376 βασιλείας
1658 1307 1976 1378 ἐγύμνωσε·

406 1394 500 1448 καὶ
524 1393 586 1447 τὸ
621 1394 839 1448 εἴδωλον
877 1394 1158 1463 συγκόψας
1188 1397 1529 1452 κατέκαυσεν
1555 1400 1614 1452 ἐν
1641 1400 1719 1469 τῷ
1743 1402 1978 1472 χειμάρ-

409 1487 487 1556 ρῳ
517 1485 762 1556 Κέδρων.
795 1484 940 1538 Ἀλλ’
965 1485 1064 1540 οὐκ
1089 1485 1136 1516 ³⁸
1156 1489 1212 1540 ἐν
1245 1487 1417 1542 ἆπασι
1449 1490 1656 1553 τέλειος
1695 1487 1782 1562 ἦν.
1819 1492 1976 1562 Πρῶ-

406 1593 497 1630 τον
521 1575 622 1644 μὲν
655 1575 766 1648 γὰρ
809 1575 910 1647 ούχ
939 1575 1156 1630 ἅπαντα
1183 1576 1347 1647 ἐξῆρε
1373 1578 1444 1631 τὰ
1479 1577 1680 1647 ὑψηλὰ,
1728 1581 1978 1633 τουτέστι

405 1671 528 1733 τοὺς
555 1673 614 1724 ἐν
649 1673 762 1733 τοῖς
793 1669 1018 1740 ὑψηλοῖς
1048 1669 1270 1742 χωρίοις
1313 1673 1708 1742 ἀνακειμένους
1733 1673 1812 1739 τῷ
1860 1674 1978 1744 Θεῷ

406 1763 512 1816 τῶν
545 1763 683 1816 ὅλων
711 1761 948 1832 βωμούς.
989 1762 1364 1833 Ἀπηγόρευτο
1392 1763 1500 1835 γὰρ
1521 1765 1758 1838 ἐτέρωσε
1789 1765 1937 1819 θύειν
1959 1783 1972 1796 ·

2085 597 2192 637 non
2242 585 2427 638 omnia
2479 583 2696 638 abstulit
2750 582 2981 648 excelsa,
3035 584 3136 639 hoc
3167 596 3250 640 est
3295 586 3490 644 altaria
3538 609 3660 662 qua}

2087 669 2201 724 lico
2240 671 2632 727 universorum
2667 680 2824 726 erant
2847 671 3092 728 dedicata
3135 673 3187 728 in
3225 675 3364 731 locis
3398 680 3655 738 excelsis.

2084 758 2428 817 Probihitum
2469 765 2613 816 enim
2647 772 2767 818 erat
2815 763 2942 817 alibi
2981 762 3315 833 sacrificare,
3364 770 3510 838 quod
3548 787 3658 826 uno

2083 852 2205 908 loco
2229 855 2683 925 circumscriptus
2717 862 2862 910 esset
2881 856 3184 910 secundum
3211 857 3382 927 legem
3414 859 3504 915 Dei
3537 861 3656 916 eul-

2083 953 2190 1000 tus.
2234 945 2438 1000 Deinde
2471 961 2593 1000 cum
2629 945 2802 1002 Baasa
2841 946 3104 1002 adversus
3134 963 3258 1002 eum
3307 949 3527 1006 fecisset
3561 967 3656 1007 ex-

2081 1037 2440 1107 peditionem,
2482 1045 2536 1091 et
2565 1039 2850 1094 muniisset
2881 1037 3054 1092 Rama
3101 1038 3369 1095 adversus
3402 1040 3659 1098 llieroso-

2080 1129 2304 1200 lymam,
2333 1141 2388 1184 et
2410 1129 2744 1198 oportuisset
2775 1143 2972 1184 vocare
3001 1129 3055 1182 in
3098 1129 3362 1184 auxilium
3414 1147 3539 1186 eum
3566 1134 3656 1202 qui

2081 1229 2160 1276 tot
2187 1221 2331 1276 bona
2353 1221 2402 1275 ei
2439 1221 2900 1290 suppeditaverat,
2936 1235 3118 1292 regem
3151 1222 3322 1294 Syria-3
3363 1226 3571 1280 vocavit
3601 1226 3654 1280 in

2082 1313 2370 1375 auxilium,
2420 1327 2618 1382 magno
2653 1311 2772 1366 auri
2815 1327 3046 1368 numero
3092 1314 3159 1368 ad
3205 1329 3328 1368 eum
3379 1317 3550 1372 misso
3589 1332 3657 1373 ex

2081 1405 2356 1460 thesauris
2375 1405 2540 1476 regiis
2564 1413 2620 1458 et
2647 1405 2872 1459 divinis.
2923 1404 3026 1461 Sed
3065 1421 3188 1461 eum
3234 1423 3364 1463 cura
3407 1423 3503 1464 sua
3545 1426 3657 1465 non

2079 1493 2328 1550 destituit
2353 1493 2618 1563 benignus
2655 1501 2709 1547 et
2737 1492 2978 1547 clemens
3013 1491 3277 1548 Dominus
3312 1511 3325 1548 τ
3359 1495 3452 1549 sed
3487 1495 3655 1549 misso

2080 1585 2342 1655 propheta
2372 1582 2614 1648 Anania,
2649 1584 2827 1654 arguit
2866 1585 2990 1654 ejus
3032 1585 3494 1650 incredulitatem,
3540 1587 3656 1642 haec

2079 1677 2271 1731 dicens
2296 1695 2308 1728 :
2342 1694 2362 1727 ι
2393 1677 2472 1730 Eo
2495 1676 2638 1744 quod
2664 1675 2920 1730 ﬁduciam
2947 1675 3203 1731 habueris
3232 1677 3284 1730 in
3311 1693 3434 1747 rege
3462 1677 3652 1748 Syr-im,

2081 1781 2188 1820 non
2223 1775 2405 1821 autem
2429 1770 2445 1786 ‘
2479 1767 2530 1820 in
2577 1765 2810 1819 Domino
2843 1765 2951 1819 Deo
2987 1772 3104 1831 tuo,
3145 1775 3432 1836 propterea
3471 1768 3655 1823 salvus

407 1853 486 1908 ἐνὶ
518 1855 626 1924 γὰρ
661 1855 694 1923 ἡ
725 1854 869 1907 κατὰ
922 1854 1090 1924 νόμον
1129 1854 1355 1924 λατρεία
1411 1833 1748 1928 περιώριστο
1802 1859 1972 1928 τόπῳ.

2078 1857 2181 1913 fuit
2201 1857 2474 1913 exercitus
2499 1856 2642 1927 regis
2665 1857 2830 1912 Israel
2853 1870 2900 1912 ι.
2937 1877 2956 1909 ι
2981 1855 3118 1920 Tua,
3144 1833 3340 1926 inquit,
3366 1859 3654 1913 increduli-

411 1946 638 1998 Ἔπειτα
670 1945 728 1998 δὲ
775 1943 870 1998 τοῦ
896 1943 1086 1998 Βαασᾶ
1121 1945 1552 2016 στρατεύσαντος
1606 1947 1728 2000 κατ’
1785 1947 1971 2014 αὑτοῦ,

407 2036 498 2088 καὶ⁵
523 2035 621 2105 τὴν
681 2035 862 2106 Ῥαμὰ
890 2039 1005 2100 τοῖς
1067 2036 1460 2108 Ἱεροσολύμοις
1515 2040 1972 2110 ἐπιτειχίσαντος,

403 2125 518 2179 δέον
543 2129 623 2189 είς
654 2127 975 2198 συμμαχίαν
1011 2127 1238 2182 καλέσαι
1265 2129 1358 2182 τὸν
1385 2129 1656 2184 τοσούτων
1688 2131 1909 2200 ἀγαθῶν
1929 2133 1976 2164 ³⁸

405 2217 552 2288 αὐτῷ
603 2219 897 2288 γενόμενον
948 2220 1206 2290 χορηγὸν,
1255 2219 1346 2274 τὸν
1392 2221 1615 2291 βασιλέα
1645 2225 1744 2295 τῆς
1778 2225 1976 2294 Συρίας

403 2309 480 2370 είς
505 2310 828 2378 συμμαχίαν
879 2309 1140 2363 ἐκάλεσεν
1167 2325 1182 2340 ’
1211 2311 1274 2362 ἐκ
1303 2310 1412 2364 τῶν
1443 2311 1736 2380 βασιλικῶν
1768 2316 1974 2382 θησαυ-

407 2400 535 2469 ρῶν,
563 2402 656 2454 καὶ
677 2401 861 2470 μέντοι
883 2403 977 2455 καὶ
1004 2401 1114 2456 τῶν
1137 2401 1318 2469 θείων,
1349 2405 1550 2474 χρυσὸν
1575 2405 1725 2476 αὐτῷ
1752 2407 1975 2476 πέμψας

400 2489 480 2540 ὅτι
530 2490 766 2559 μάλιστα
797 2491 1072 2546 πλεῖστον.
1107 2490 1250 2544 Ἀλλ’
1279 2495 1378 2546 οὐκ
1413 2495 1596 2549 είασεν
1624 2497 1784 2550 αὑτὸν
1820 2499 1972 2551 ἀνία-

403 2597 490 2635 τον
523 2585 551 2636 ὁ
601 2583 990 2656 φιλάνθρωπος
1029 2585 1262 2658 Κύριοςο
1307 2587 1491 2641 Ἀνανὶ
1529 2589 1584 2641 δὲ
1641 2589 1734 2642 τὸν
1762 2591 1975 2659 προφή-

400 2691 495 2743 την
525 2675 876 2739 ἀποστείλας,
903 2677 1002 2748 τὴν
1031 2679 1292 2733 ἀπιστίαν
1324 2680 1594 2750 διήλεγξε,
1619 2681 1747 2734 τάδε
1770 2683 1938 2735 εἰπών
1957 2700 1968 2710 ·

408 2783 424 2816 ι
463 2765 553 2818 Ἐν
587 2765 665 2836 τῷ
712 2768 1141 2839 πεποιθέναιίσε
1191 2773 1288 2824 ἐπὶ
1329 2771 1561 2841 βασιλέα
1607 2773 1830 2844 Συρίας,
1881 2774 1974 2826 καὶ

402 2855 476 2926 μὴ
508 2856 836 2912 πεποιθέναι
877 2859 968 2912 ἐπὶ
997 2859 1204 2932 Κύριον
1239 2861 1330 2916 τὸν
1370 2861 1502 2914 Θεόν
1541 2880 1657 2927 σου,
1705 2863 1788 2916 διὰ
1817 2863 1974 2916 τοῦτο

399 2948 627 3020 διεσώθη
673 2952 705 3020 ἡ
761 2951 992 3023 δύναμις
1045 2953 1314 3024 βασιλέως
1364 2955 1584 3025 Ἰσραήλ
1607 2957 1674 3008 ⁸⁷.
1710 2974 1727 3006 ι
1777 2956 1840 3008 Ἠ
1879 2956 1970 3026 σὴ,

399 3041 581 3112 φησὶν,
625 3043 854 3097 ἀπιστία
907 3045 1277 3115 προύξένησεν
1300 3047 1346 3078 ⁸⁸
1391 3047 1621 3110 ἐκείνοις
1659 3047 1757 3115 τὴν
1794 3063 1972 3118 σωτη-

2079 1949 2278 2005 tasillis
2296 1949 2604 2019 procuravit
2620 1947 3010 2003 salutem.Nam
3031 1948 3075 2002 si
3095 1948 3436 2014 credidisses,
3452 1957 3512 2002 ut
3527 1965 3656 2004 con-

2076 2054 2350 2104 sueveras,
2373 2037 2619 2094 funditus
2636 2053 2734 2093 eos
2749 2037 3069 2093 occidisses.
3088 2039 3149 2092 Ei
3169 2047 3348 2092 autem
3371 2039 3424 2092 in
3444 2055 3654 2094 memn-

2075 2131 2212 2186 riam
2236 2131 2512 2187 revocavit
2529 2129 2990 2201 578ᾹΞι1ιίοροε
3007 2140 3059 2185 et
3075 2131 3290 2204 Libyes,
3311 2140 3366 2186 et
3385 2147 3576 2202 equos,
3601 2142 3654 2186 et

2075 2232 2348 2287 currus,ct
2366 2221 2537 2290 ipsius
2554 2221 2737 2283 Iidem,
2757 2237 2851 2290 per
2878 2236 3042 2290 quam
3063 2236 3254 2276 omnes
3276 2223 3615 2292 consumpsit
3637 2226 3655 2276 ε’

2080 2327 2104 2366 ι
2123 2311 2275 2367 Oculi
2299 2313 2444 2366 enim
2480 2311 2719 2376 Domini,
2743 2312 2941 2380 inquit,
2967 2312 3248 2366 intuenlur
3266 2313 3318 2366 in
3343 2314 3650 2370 universam

2075 2409 2296 2463 terram,
2317 2401 2379 2454 ad
2401 2416 2495 2454 cos
2515 2401 3110 2468 roborandos,quorum
3134 2409 3304 2455 totum
3327 2417 3422 2456 cor
3441 2403 3541 2472 ipsi
3559 2403 3654 2457 ad-

2076 2491 2304 2545 lneretY.
2330 2509 2347 2542 ι
2375 2490 2566 2544 Omnis
2583 2491 2749 2553 enim,
2776 2490 2978 2560 inquit,
2997 2490 3090 2560 qui
3114 2506 3240 2546 vere
3260 2502 3311 2545 et
3330 2493 3542 2546 sincere
3573 2493 3652 2563 ip-

2076 2597 2196 2636 sum
2229 2581 2466 2646 invocat,
2491 2593 2860 2650 consequetur
2893 2582 3148 2637 salutem.
3188 2581 3392 2636 Deinde
3411 2585 3653 2653 apertius

2075 2675 2288 2743 arguit:
2325 2692 2342 2723 ι
2375 2673 2637 2744 lgnorasti
2657 2673 2709 2727 in
2733 2675 2854 2736 hoc,
2882 2693 2901 2724 ι
2936 2683 2992 2728 et
3015 2674 3270 2744 deinceps
3294 2675 3532 2744 prmdicit
3553 2675 3645 2728 tri-

2076 2767 2178 2822 stia
2196 2776 2248 2820 et
2269 2767 2450 2837 gravia
2474 2781 2594 2835 qua:
2631 2765 2943 2821 sintfutura
2971 2785 2985 2820 :
3021 2784 3040 2817 ι
3064 2765 3198 2820 Nam
3217 2767 3284 2821 ab
3305 2768 3426 2832 hoc,
3452 2767 3647 2836 inquit,

2077 2869 2316 2930 tempore
2345 2861 2448 2914 erit
2485 2859 2581 2914 tibi
2607 2860 2804 2914 bellum
2827 2869 2870 2913 ι.
2904 2879 2922 2912 ι
2968 2859 3106 2914 lline
3133 2860 3479 2914 licetdiseere
3503 2859 3648 2928 quod

2074 2951 2396 3006 Amazonim
2432 2959 2514 3005 cst
2553 2965 2685 3020 gens
2707 2951 2926 3020 Libyca.
2959 2947 3095 3005 Nam
3120 2965 3258 3020 quos
3276 2949 3524 3016 superius
3550 2965 3650 3002 no-

2076 3043 2670 3106 minavitAmazonim,
2711 3043 2800 3098 hic
2837 3042 3129 3112 appellavit
3157 3040 3371 3112 Libyes.
3410 3045 3514 3096 Asa
3549 3057 3648 3094 au-

402 3134 540 3203 ρίαν.
572 3136 636 3188 Ei
667 3137 776 3207 γὰρ
803 3137 1050 3209 συνήθως
1083 3138 1433 3202 ἐπίστευσας,
1461 3139 1632 3212 ἄρδην
1665 3139 1730 3193 ἂν
1760 3141 1970 3204 πάντας

2077 3143 2208 3200 tem,
2232 3151 2356 3189 cum
2380 3143 2658 3205 oporteret
2684 3133 2871 3189 dolere
2909 3141 2963 3187 et
3003 3132 3150 3196 llcrc,
3179 3139 3232 3186 et
3267 3131 3505 3186 divinam
3545 3133 3651 3184 im-

398 3227 770 3292 κατέκτεινκ.
803 3229 1238 3302 Ἀναμιμνήσκει
1264 3231 1321 3284 δὲ
1353 3233 1514 3286 αὐτὸν
1536 3233 1632 3285 καὶ
1651 3233 1760 3287 τῶν
1789 3234 1970 3287 Αἰθιό-

400 3335 538 3384 πων,
590 3318 826 3374 καὶτῶν
885 3321 1121 3388 Λιϐύων,
1161 3323 1254 3375 καὶ
1295 3322 1402 3376 τῶν
1453 3324 1659 3387 ἵππων,
1718 3325 1812 3378 καὶ
1861 3325 1968 3378 τῶν

403 3413 690 3480 ἁρμάτων,
740 3413 838 3466 καὶ
897 3415 996 3484 τῆς
1047 3414 1214 3467 αὐτοῦ
1248 3415 1504 3478 πίστεως,
1562 3415 1632 3468 δι’
1673 3416 1738 3486 ἢν
1769 3417 1970 3480 αὐτοὺς

400 3503 781 3575 κατηνάλωσεν
812 3507 858 3538 ⁹⁹
902 3507 1180 3570 ἅπαντας·
1216 3507 1294 3560 ὅτι
1325 3526 1342 3558 ι
1378 3506 1680 3576 Ὀφθαλμοὶ
1736 3509 1966 3580 Κυρίου,

400 3595 585 3664 φησὶν,
623 3593 1014 3648 ἐπιϐλέπουσιν
1038 3597 1132 3648 ἐπὶ
1177 3597 1360 3650 πᾶσαν
1412 3595 1510 3664 τὴν
1539 3597 1664 3666 γῆν,
1707 3597 1968 3668 κατισχῦ-

399 3699 486 3736 σαι
517 3685 576 3737 ἐν
608 3683 757 3754 πάσῃ
787 3683 984 3756 καρδίᾳ
1011 3686 1024 3716 ¹
1080 3685 1278 3756 πλήρει
1307 3687 1326 3716 ¹
1383 3686 1519 3758 πρὸς
1575 3689 1756 3742 αὐτόν.
1792 3709 1810 3739 ι
1859 3691 1971 3752 Πᾶς

397 3773 524 3843 γὰρ,
557 3773 714 3843 φησὶ,
755 3773 994 3844 γνησίως
1023 3774 1184 3828 αὑτὸν
1211 3775 1416 3839 καλῶν,
1453 3776 1702 3843 τεύξεται
1733 3778 1834 3848 τῆς
1862 3797 1969 3832 σω-

396 3865 614 3934 τηρίας.
654 3859 790 3918 Εἶτα
821 3866 1158 3936 σαφέστερον
1192 3867 1407 3936 ἐλέγχει
1429 3883 1444 3898 '
1483 3887 1502 3920 ι
1539 3869 1848 3939 Ἢγνόησας
1879 3872 1971 3923 ἐπὶ

395 3957 600 4030 τούτῳ·
647 3979 668 4009 ι
721 3959 912 4012 ἔπειτα
949 3959 1208 4032 προλέγει
1237 3960 1306 4014 τὰ
1353 3961 1590 4030 ἐσόμενα
1619 3963 1923 4032 σκυθρωπά
1954 3981 1967 3993 ·

400 4067 420 4101 ι
455 4051 592 4105 ’Λπὸ
614 4049 714 4104 τοῦ
747 4049 842 4106 νῦν
867 4049 999 4122 γὰρ,
1043 4054 1227 4120 φησὶν,
1269 4053 1290 4083 ³
1323 4051 1474 4106 ἔσται
1521 4069 1604 4106 σοι
1646 4053 1901 4122 πόλεμος.
1947 4075 1964 4105 ι

397 4142 680 4198 Ἐντεῦθεν
707 4143 730 4176 ⁴
761 4143 876 4197 ἔστι
903 4145 1096 4214 μαθεῖν
1124 4145 1165 4209 ⁸,
1201 4144 1276 4202 ὡς
1297 4147 1346 4198 οἱ
1374 4145 1713 4216 Ἀμαζονεὶμ
1739 4148 1972 4201 Λιϐυκόν

396 4236 541 4291 ἐστιν
588 4235 766 4300 ἔθνος.
799 4235 905 4298 Οὒς
962 4237 1071 4306 γὰρ
1117 4236 1229 4290 ἅνω
1263 4237 1602 4307 ’Λμαζονεὶμ
1659 4238 1968 4308 ὠνόμασεν,

395 4326 629 4380 ἐνταῦθα
675 4327 883 4391 Λίϐυας
933 4327 1225 4397 κέκληκεν.
1281 4329 1340 4380 '0
1372 4328 1608 4392 ὃὲἈσὰ,
1637 4329 1755 4382 δέον
1795 4330 1968 4400 ἀλγῆ-

401 4435 508 4484 σαι,
544 4419 643 4472 καὶ
673 4419 962 4488 θρηνῆσαι,
1014 4418 1108 4472 καὶ
1155 4417 1252 4488 τὴν
1309 4417 1458 4470 θείαν
1495 4418 1718 4472 καλέσαι
1772 4421 1968 4487 φιλαν-

2073 3226 2287 3296 plorare
2311 3225 2674 3291 clementiam,
2699 3241 2808 3280 non
2831 3224 3006 3280 solum
3032 3223 3132 3279 fuit
3155 3223 3348 3288 iratus,
3375 3223 3468 3277 sed
3486 3223 3646 3278 etiam

2071 3316 2126 3372 in
2149 3333 2423 3373 carcerem
2456 3317 2692 3386 conjerit
2712 3316 3056 3386 prophetam.
3087 3313 3330 3382 Populus
3369 3321 3549 3366 autem
3583 3328 3651 3366 ex

2071 3409 2192 3479 ejus
2216 3425 2432 3478 quoque
2461 3417 2684 3477 peccato
2715 3407 2886 3463 sensit
2915 3405 3122 3476 aliquid
3150 3420 3165 3458 :
3203 3424 3222 3457 ι
3253 3406 3454 3460 Nocuit
3479 3404 3643 3468 enim,

2073 3502 2267 3572 inquit,
2290 3502 2391 3556 Asa
2412 3502 2611 3571 populo
2630 3511 2873 3570 tempore
2895 3500 2988 3554 illo
3007 3511 3088 3552 ε.»
3113 3498 3249 3552 Eum
3271 3508 3452 3552 autem
3473 3511 3652 3566 repre-

2074 3594 2260 3648 hendit
2289 3595 2435 3664 quod
2463 3594 2652 3658 etiam,
2685 3609 2810 3646 eum
2841 3601 3149 3662 aegrotaret,
3196 3605 3304 3645 non
3341 3590 3652 3660 quaesiverit

2076 3685 2391 3752 Dominum,
2414 3687 2507 3741 sed
2532 3686 2794 3742 medicos.
2815 3683 2922 3739 Sed
2955 3699 3080 3739 cum
3119 3683 3282 3754 hujus
3306 3684 3380 3737 rei
3409 3683 3650 3752 explica-

2073 3782 2271 3836 tionem
2294 3781 2568 3850 posuerim
2595 3781 2647 3834 in
2670 3781 2819 3834 libro
2841 3791 3038 3850 quarto
3059 3777 3396 3848 Regnorum,
3431 3791 3648 3847 pergam

2073 3871 2139 3926 ad
2176 3871 2229 3925 id
2252 3871 2396 3939 quod
2421 3880 2591 3926 restat
2629 3869 3122 3937 interpretandum.
3145 3867 3356 3923 Laudat
3381 3865 3650 3936 Josapha-

2073 3974 2185 4016 tum
2211 3963 2650 4032 historia,utqui
2688 3963 2742 4017 in
2779 3962 2935 4017 initio
2955 3961 3244 4016 aemulatus
3283 3959 3356 4014 sit
3390 3960 3646 4014 virtutem

2074 4053 2293 4109 Davidis
2315 4071 2328 4106 :
2347 4055 2451 4109 hoc
2472 4055 2617 4109 enim
2644 4055 2922 4110 dicitillud
2949 4069 2964 4108 :
2994 4074 3012 4107 ι
3039 4053 3095 4108 ln
3117 4053 3308 4124 primis
3327 4054 3379 4106 ι).
3414 4072 3432 4104 ι
3459 4052 3654 4107 Narrat

2073 4147 2236 4200 etiam
2257 4147 2514 4217 praeclara
2533 4147 2652 4216 ejus
2672 4145 2809 4202 facta
2827 4155 2881 4201 et
2896 4145 3056 4200 laude
3077 4145 3240 4215 digna
3271 4162 3284 4198 ι
3314 4161 3332 4196 ι
3357 4144 3650 4198 Dominum

2073 4241 2238 4304 enim,
2263 4239 2461 4310 inquit,
2484 4238 2579 4294 Dei
2604 4239 2777 4310 patris
2797 4239 2882 4294 sui
2905 4238 3177 4308 quaesivit,
3203 4247 3258 4292 et
3278 4237 3330 4290 in
3360 4237 3630 4290 mandatis

2073 4329 2190 4397 ejus
2209 4329 2528 4392 ambulavit,
2551 4344 2657 4383 non
2684 4338 2862 4382 autem
2881 4328 3184 4384 secundum
3201 4343 3367 4397 opera
3387 4327 3549 4380 lsrael
3566 4336 3612 4378 ο.
3629 4343 3646 4375 ι

2075 4420 2322 4475 Ostendit
2342 4431 2523 4476 autem
2551 4421 2745 4476 horum
2771 4435 2990 4490 quoque
3013 4419 3248 4473 fructum
3285 4436 3296 4471 :
3323 4437 3340 4468 ι
3369 4417 3653 4471 Etdircxit

399 4509 664 4582 θρωπίαν,
694 4511 754 4564 ού
795 4511 954 4578 μόνον
985 4509 1253 4580 ὠργίσθη,
1293 4508 1430 4562 ἀλλὰ
1481 4509 1576 4562 καὶ
1605 4509 1967 4582 δεσμωτηρίῳ

2076 4513 2337 4566 Dominus
2361 4528 2586 4582 regnum
2608 4513 2660 4566 in
2693 4528 2857 4566 manu
2881 4513 3000 4581 ejus
3022 4553 3036 4577 ,
3061 4521 3114 4566 et
3135 4511 3358 4565 fuerunt
3385 4511 3432 4564 ci
3454 4509 3654 4563 divitiae

396 4605 483 4658 τὸν
516 4604 840 4676 προφήτην⁶
899 4603 1205 4672 παρέδωκε.
1269 4601 1662 4671 Συναπήλαυσε
1689 4604 1745 4655 δὲ
1798 4605 1892 4657 καὶ
1939 4607 1967 4656 ὁ

395 4695 518 4759 λαὸς
543 4699 644 4767 τῆς
677 4693 870 4748 τούτου
907 4693 1307 4762 πλημμελείας.
1357 4712 1376 4744 ι
1437 4693 1778 4762 Ἑλυμήνατο
1827 4695 1957 4767 γὰρ,

397 4790 580 4860 φησὶν,
631 4787 767 4840 Ἀσὰ
798 4787 856 4839 ἐν
900 4785 978 4856 τῷ
1007 4784 1144 4856 λαῷ,
1211 4786 1268 4837 ἐν
1317 4783 1393 4853 τῷ
1434 4783 1612 4855 καιρῷ
1648 4785 1899 4855 ἐκείνῳτ.
1942 4805 1960 4835 ι

395 4878 798 4947 Ἐπιμέμφεται
859 4874 916 4927 δὲ
967 4873 1140 4942 αὐτῷ,
1190 4874 1270 4926 ὅτι
1324 4875 1811 4944 ἁρῥωστήσαςδού
1870 4875 1962 4929 τὸν

397 4971 596 5042 Κύριον
625 4967 911 5037 ἐζήτησεν,
943 4965 1056 5020 ἀλλ’
1085 4967 1104 4996 9
1135 4965 1373 5036 ἰατρούς.
1394 4965 1557 5018 Ἀλλὰ
1578 4967 1618 4997 ¹⁰
1654 4969 1845 5020 τούτου
1867 4967 1964 5038 τὴν

461 5117 488 5145 λ
515 5108 559 5162 ll
588 5107 766 5161 Paral.
814 5121 922 5170 XVI,
955 5106 1006 5157 7.
1116 5113 1146 5152 Υ
1193 5102 1232 5156 ll
1263 5104 1441 5158 Paral.
1505 5121 1588 5160 xv:
1619 5145 1635 5170 ,
1687 5107 1736 5159 9.

395 5179 419 5219 ἀ
458 5181 584 5234 ibid.
637 5179 689 5233 5.
771 5188 793 5215 ε
821 5177 952 5230 ibid.
987 5176 1037 5229 6.

1856 5114 1877 5140 κ
1915 5107 2044 5158 ibid.

2073 4611 2127 4659 et
2157 4603 2322 4673 gloria
2344 4605 2511 4657 multa
2527 4603 2574 4660 ἀ.
2603 4621 2621 4654 ι
2654 4602 2788 4658 Illud
2809 4612 2989 4658 autem
3017 4621 3028 4656 :
3057 4601 3169 4670 ῃΕι
3195 4603 3399 4656 elatum
3431 4601 3532 4655 fuit
3555 4615 3653 4654 cor

2073 4693 2190 4760 ejus
2213 4704 2291 4758 8,»
2322 4709 2429 4747 non
2451 4693 2588 4746 dixit
2614 4693 2667 4746 in
2695 4691 3176 4760 vituperationem,
3205 4692 3298 4746 sed
3327 4691 3380 4745 in
3411 4690 3647 4744 laudem.

2074 4783 2366 4852 Subiunxit
2392 4785 2538 4840 enim
2576 4803 2589 4838 :
2629 4803 2646 4836 ι
2686 4784 2742 4838 ln
2773 4785 2880 4837 viis
2917 4782 3172 4850 Domini;
3219 4791 3273 4836 et
3302 4780 3529 4837 abstulit
3569 4779 3653 4832 lu-

2073 4893 2166 4932 cos
2200 4894 2230 4930 a
2253 4889 2396 4932 terra
2426 4876 2585 4932 Juda.
2627 4895 2644 4927 ι
2681 4877 2989 4946 Pricposuit
3017 4876 3182 4930 etiam
3211 4875 3374 4946 579
3397 4875 3652 4928 universo

2075 4968 2272 5038 populo
2300 4969 2557 5022 doctores
2585 4967 2782 5024 divinae
2815 4967 2972 5036 legis,
3003 4974 3058 5021 et
3087 4967 3422 5030 sacerdotes,
3467 4973 3520 5018 et
3545 4963 3648 5018 Lc-

2152 5119 2178 5146 ιι
2215 5106 2345 5160 ibid.
2405 5105 2491 5158 lO.
2608 5104 2707 5157 bll
2764 5105 2940 5158 Paral.
2997 5103 3226 5168 xvn,5.
3335 5113 3356 5142 ο
3399 5101 3526 5156 ibid.
3589 5101 3642 5154 4.

1482 5267 1715 5323 VIN-{LE
1759 5265 2142 5322 LECTlONES
2184 5265 2268 5320 ET
2318 5265 2548 5320 NOTAE.

462 5391 506 5423 ³⁵
565 5385 782 5442 Αὑτοῦ.
819 5384 1031 5438 Abesta
1055 5384 1188 5437 cod.
1233 5384 1296 5438 (3.

395 5459 629 5530 χορηγὸν
663 5454 902 5530 ἀγαθῶν.

396 5522 574 5593 habet,
607 5525 787 5594 ἐσώθη
830 5528 860 5593 ἡ
900 5522 1151 5595 δύναμις
1181 5525 1377 5594 Συρίας
1429 5525 1534 5577 ἀπὸ
1574 5527 1670 5594 τῆς
1709 5525 1889 5595 χειρός
1923 5543 2036 5578 σου.

2035 5596 2054 5623 ’τ
2087 5593 2325 5660 Πλήθει.
2363 5593 2524 5646 Abest
2557 5609 2586 5646 a
2613 5594 2734 5646 cod.
2759 5595 2818 5648 C.

397 5599 413 5628 ¹
453 5600 556 5652 Ἑν
583 5597 754 5662 πάσῃ
779 5593 1024 5659 καρδίᾳ.
1057 5593 1176 5665 cod.
1207 5593 1266 5646 (Σ.
1315 5596 1453 5664 μετὰ
1494 5593 1666 5659 πάσης
1709 5593 1955 5665 καρδίας.

1375 5385 1418 5416 ⁸ο
1450 5388 1588 5436 Οὐκ.
1619 5383 1730 5438 Vini.
1757 5401 1810 5452 ι).
1853 5385 1977 5438 494.
2054 5387 2122 5416 ⁸⁸⁵
2159 5383 2618 5450 Τὸν-χορηγόν.
2652 5383 2775 5436 cod.
2814 5381 2874 5437 C.
2909 5383 3000 5434 τὸν
3048 5382 3318 5434 τοσούτων
3359 5380 3642 5452 γενόμενον

980 5455 1022 5486 ⁸⁷
1053 5453 1312 5520 Διεσώθη
1337 5485 1408 5494 --
1447 5455 1712 5519 Ἰσραήλ.
1746 5450 1870 5509 [huc
1915 5457 1964 5507 in

2076 5455 2288 5507 ll‘f‘lﬂliO
2332 5453 2658 5520 pratfercuda
2683 5462 2767 5507 est
2803 5453 3021 5506 lectioni
3049 5465 3295 5519 reci-pun,
3329 5466 3454 5522 (μιξιῄ
3478 5450 3549 5502 ita
3584 5465 3642 5502 se

2923 5525 2968 5555 99
2992 5525 3111 5576 cod.
3146 5526 3208 5576 (Σ.
3235 5520 3638 5581 κατανάλωσεν,

2115 5526 2158 5554 9⁸
2188 5525 2308 5577 cod.
2357 5523 2418 5576 (Σ.
2475 5523 2845 5591 προυξένισεν.
2923 5525 2968 5555 99
2992 5525 3111 5576 cod.
3146 5526 3208 5576 (Σ.
3235 5523 3614 5572 κατανάλωσεν

2115 5593 2325 5646 Utinm.
2363 5593 2524 5646 Abest
2557 5609 2586 5646 a
2613 5594 2734 5646 cod.
2759 5595 2818 5646 C.
2897 5595 3084 5646 ³Γὰρ.
3117 5592 3322 5646 uno-ir.
3353 5590 3474 5643 lies.
3507 5591 3614 5641 ἱιμίιι

2989 5606 3084 5658 (rp.
3115 5608 3322 5660 μησίν.
3353 5606 3474 5643 υυδ.
3507 5606 3593 5652 [sui

395 5666 416 5700 δ
443 5661 747 5722 Εντεῦθενν
765 5695 832 5703 --
855 5665 1044 5742 ἔθνος.
1075 5661 1216 5742 “vid.-
1243 5679 1296 5742 ρ.
1317 5661 1328 5664 “
1346 5665 1470 5742 5ἹΔ5.
1549 5667 1569 5696 ⁵
1593 5665 1771 5742 "Eget
1790 5661 1972 5731 "(im/ei

2081 5665 2201 5717 cod.
2233 5665 2294 5717 (ὲ.
2338 5663 2513 5731 δῆλον.
2594 5665 2612 5692 ⁶
2645 5667 2714 5730 1!;
2734 5663 2986 5742 ορήτηιο.
3037 5666 3155 5715 rod.
3181 5663 3240 5713 (ἒ.
3278 5661 3612 5742 regnum?

395 5738 548 5792 'cod.
575 5739 637 5792 (Σ.
663 5749 854 5804 praem.
887 5733 997 5804 καί.

396 5809 515 5864 cod.
547 5809 610 5862 (J.
651 5802 790 5860 ἀλλὰ
818 5802 958 5864 τούς.

1075 5736 1094 5763 ⁸
1132 5733 1560 5804 Ἁιὶρωστήσιις.
1590 5736 1709 5798 Cod,
1734 5736 1796 5789 (ὲ.
1826 5752 2011 5804 prium.
2049 5735 2159 5787 καί.

2237 5735 2256 5764 θ
2315 5719 2850 5800 Ἀλλὰ-τεθάκῶςί
2885 5719 3002 5788 λ’ἱιι.
3043 5749 3091 5800 p.
3139 5733 3232 5785 i155
3324 5719 3406 5761 ’⁸⁵
3448 5719 3630 5781 ".iJJi'.
