4038 6214
335 344 434 410 831
1298 357 1789 421 THEODORETI
1842 359 2186 423 EPISCOPI
2230 362 2603 426 CYRENSIS
3492 357 3601 422 832

337 460 502 524 vitas,
533 467 585 514 et
625 447 920 531 principes.
973 463 1198 534 Accepit
1241 475 1423 522 autem
1463 484 1494 522 a
1539 467 1773 524 Domino
1808 469 1918 526 Deo

2038 474 2323 544 ταφήνειαν
2359 475 2418 526 ὲν
2449 477 2516 545 τῇ
2549 472 2785 544 τετάρτῃ
2824 471 2935 527 τῶν
2987 468 3286 526 Βασιλειῶν
3314 468 3598 536 τεθεικὼς,

337 551 565 618 praemia
597 551 816 621 pietatis
848 571 861 608 :
903 573 922 608 ι
951 553 1077 610 Fuit
1107 557 1276 620 enim,
1310 558 1512 628 inquit,
1548 568 1724 616 terror
1752 576 1920 633 super

2038 566 2114 618 ml.
2144 565 2214 619 τὰ
2239 566 2367 638 ἑξῆς
2393 566 2689 638 βαδιοῦμαι
2721 566 2821 636 τῆς
2856 565 3178 636 ἑρμηνείας.
3216 564 3468 618 Ἐπαινεῐ
3507 564 3599 617 τὸν

340 641 526 698 omnia
576 659 743 714 regna
795 653 975 713 terrai,
1024 663 1147 718 qua:
1186 657 1316 704 sunt
1366 651 1511 706 circa
1560 649 1818 717 Iudam:
1866 662 1921 710 et

341 739 546 793 bellum
587 757 695 794 non
744 753 1035 812 gesserunt
1075 760 1198 800 cum
1243 744 1543 816 Josaphato
1567 746 1614 802 ί.
1653 767 1673 801 ι
1713 748 1922 807 Tantus

344 843 527 888 autem
575 837 739 890 timor
775 836 1037 894 incussus
1065 849 1150 894 est
1184 841 1464 907 omnibus,
1497 852 1560 897 ut
1589 844 1755 898 etiam
1787 846 1924 901 alie.

343 925 556 994 nigenae
582 933 636 980 et
668 927 871 984 Arabes
915 929 967 984 ei
999 930 1262 985 tributum
1309 932 1589 990 afferrent.
1641 935 1796 993 Hanc
1824 939 1924 993 ha-

347 1017 482 1072 liens
504 1034 688 1073 rerum
735 1020 971 1089 copiam.
1013 1029 1066 1075 et
1096 1022 1260 1076 urbes
1289 1024 1599 1092 :ediﬁcavit,
1645 1036 1700 1082 et
1727 1027 1925 1086 domos

345 1113 678 1177 construxit,
715 1121 771 1166 et
801 1111 950 1168 vicos
992 1128 1099 1167 non
1143 1116 1390 1170 munitos
1418 1119 1634 1174 muniit.
1667 1119 1926 1176 Volunta-

347 1201 430 1254 rie
454 1204 472 1222 '
503 1210 681 1257 autem
711 1202 1028 1259 oﬂ‘erentem
1070 1206 1304 1261 Domino
1339 1208 1473 1264 dicit
1510 1225 1634 1264 eum
1669 1213 1761 1281 qui
1816 1228 1926 1267 non

348 1293 511 1349 oﬂ‘ert
555 1309 652 1365 pro
691 1296 952 1366 peccatis,
1004 1297 1096 1352 sed
1126 1299 1219 1368 qui
1250 1299 1394 1355 dona
1439 1301 1596 1357 aﬂ‘ert
1637 1303 1706 1358 ad
1732 1305 1925 1361 Deum.

359 1390 499 1444 Eum
557 1395 736 1442 autem
765 1390 1117 1458 reprehendit
1157 1393 1302 1463 quod
1326 1396 1783 1452 matrimoniaiem
1815 1398 1929 1453 afﬁ-

349 1477 576 1530 nitatem
629 1481 966 1534 contraxerit
1026 1497 1152 1537 cum
1199 1484 1426 1541 Achabo
1468 1493 1516 1546 8.
1613 1486 1925 1545 GOtholiam

351 1565 496 1618 enim
555 1567 722 1620 ﬁliam
773 1567 960 1624 Achab
1017 1571 1312 1642 despondit
1371 1574 1488 1631 ﬁlio
1553 1591 1676 1632 suo.
1741 1579 1931 1636 Posuit

349 1660 514 1714 etiam
545 1661 614 1717 de
645 1661 871 1718 Michaza
901 1666 1298 1733 narrationem,
1330 1677 1386 1723 et
1408 1669 1477 1724 de
1503 1668 1662 1726 falsis
1691 1674 1932 1743 prophe-

351 1752 442 1814 tis,
469 1768 638 1822 quam
676 1755 1022 1826 interpretati
1061 1773 1255 1815 sumus
1300 1760 1354 1814 in
1397 1761 1551 1818 libris
1591 1763 1927 1835 Regnorum.

2021 654 2293 725 Ἰωσαφὰτ
2351 657 2385 725 ἠ
2461 655 2694 726 ἱστορία,
2757 654 2835 717 ὡς
2888 655 3010 707 κατ’
3059 653 3236 724 ἀρχὰς
3289 651 3386 706 τοῦ
3434 651 3603 706 dum

2022 745 2409 818 ζηλώσαντα¹¹
2453 747 2553 819 τὴν
2607 748 2848 818 ἀρετήν’
2888 745 3053 800 τοῦτο
3104 746 3214 816 γὰρ
3265 745 3418 813 λέγει
3467 744 3602 798 τὺ¹³

2028 859 2046 892 ι
2087 840 2176 893 Ἐν
2208 842 2328 904 ταῖς
2355 839 2624 910 πρώταις.
2668 859 2688 893 ι
2732 842 3016 911 Διηγεῖται
3060 839 3117 892 δὲ
3143 838 3310 892 αὐτοῦ
3337 838 3381 870 ¹³
3412 838 3508 891 καὶ
3535 837 3606 891 τὰ

2023 933 2317 999 ἀξιέπαινα
2354 933 2778 1003 κατορθώματα.
2840 951 2859 983 ι
2890 932 3097 1003 Κύριον
3136 932 3266 1002 γὰρ,
3319 932 3476 1002 φησὶ,
3512 929 3605 983 τὸν

2025 1025 2158 1078 Θεὸν
2191 1025 2286 1080 τοῦ
2316 1028 2522 1096 πατρὸς
2553 1025 2721 1081 αὑτοῦ
2758 1024 3079 1094 ὲξεζὴτησε,
3105 1023 3200 1078 καὶ
3228 1027 3286 1076 ὲν
3311 1025 3431 1085 ταῖς
3455 1023 3608 1076 ἐντο-

2024 1117 2144 1179 λαῖς
2169 1115 2336 1170 αὐτοῦ
2365 1116 2638 1188 ἐπορεύθη
2658 1155 2674 1182 ,
2697 1117 2791 1170 καὶ
2818 1116 2879 1169 οὐ
2898 1115 3039 1168 κατὰ
3058 1113 3281 1184 τὰέργα
3305 1113 3546 1184 Ἰσραήλ.
3581 1146 3600 1164 .

2025 1209 2277 1264 Δείκνυσι
2332 1209 2390 1262 δὲ
2424 1210 2518 1263 καὶ¹
2551 1208 2642 1262 τὸν
2671 1207 2878 1262 τούτων
2919 1206 3162 1277 καρπόνο
3213 1225 3232 1257 ι
3270 1206 3382 1258 Καὶ
3406 1204 3607 1258 κατεύ-

2028 1302 2152 1356 θυνε
2182 1301 2388 1372 Κύριος
2415 1301 2516 1373 τὴν
2544 1299 2823 1372 βασιλείαν
2853 1301 2912 1354 ὲν
2941 1299 3086 1370 χειρὶ
3116 1297 3310 1361 αὑτοῦ,
3345 1297 3442 1350 καὶ
3480 1295 3609 1365 ἐγέ-

2028 1409 2149 1446 νετο
2172 1391 2321 1463 αὐτῷ
2341 1391 2572 1456 πλοῦτος
2587 1391 2684 1445 καὶ
2699 1391 2827 1457 δόξα
2849 1389 3043 1461 πολλή.
3069 1409 3089 1442 ι
3113 1389 3188 1442 Τὸ
3208 1389 3288 1450 δὲ,
3319 1406 3339 1440 ι
3383 1386 3610 1458 ’Υψώθη

2029 1485 2061 1553 ὴ
2103 1482 2304 1554 καρδία
2342 1481 2532 1546 αὑτοῦ,
2569 1501 2587 1534 ι
2634 1482 2736 1535 οὐκ
2769 1482 2861 1535 ἐπὶ
2890 1480 3253 1554 κατηγορίας,
3291 1479 3409 1534 ἀλλ’
3435 1481 3610 1550 εὐφη-

2035 1575 2163 1646 μίας
2198 1577 2242 1607 ⁸⁵
2270 1574 2466 1646 ἔθηκεν
2499 1574 2563 1629 ³⁸.
2624 1575 2912 1645 Ἐπήγαγε
2949 1573 3080 1646 γὰρ,
3117 1591 3136 1624 ι
3189 1573 3278 1628 Ἐν
3317 1573 3460 1636 ὁδοῖς
3493 1574 3613 1626 Κυ-

2034 1665 2171 1738 ρίου,
2209 1668 2304 1720 καὶ
2362 1666 2524 1737 ἐξῆρε
2556 1665 2626 1720 τὰ
2675 1665 2882 1736 ἄλσηη
2911 1664 3022 1718 ἀπὸ
3049 1667 3150 1734 τῆς
3187 1663 3293 1734 γῆς
3346 1661 3543 1716 Ἰούδα.
3587 1680 3605 1713 ι

2045 1760 2343 1826 Ἐπέστησε
2379 1758 2437 1811 δὲ
2483 1758 2578 1812 καὶ
2610 1758 2775 1811 παντὶ
2817 1755 2896 1827 τῷ
2945 1755 3060 1826 λαῷ
3103 1753 3464 1818 διδασκάλους
3511 1752 3613 1806 τοῦ

354 1841 510 1908 Quod
551 1852 734 1898 autem
780 1847 849 1901 ab
895 1846 988 1901 illo
1036 1849 1303 1918 scriptore
1343 1855 1792 1921 praetermissum,
1843 1857 1932 1912 hic

2038 1850 2178 1904 θείου
2212 1850 2377 1921 νόμου
2398 1849 2472 1916 ιτ,
2505 1849 2600 1902 καὶ
2643 1848 2843 1919 ἱερέας,
2871 1848 2963 1902 καὶ
2985 1847 3215 1909 Λευϊτας
3233 1887 3249 1912 ,
3291 1847 3388 1901 καὶ
3415 1846 3616 1918 ἄρχον-

355 1950 484 1988 vero
520 1945 606 1991 cst
647 1938 913 2008 positum,
964 1955 1190 1996 necesse
1228 1943 1408 1999 dicere
1450 1945 1727 2002 existimo.
1777 1947 1936 2004 Josa-

357 2028 522 2096 phato
577 2032 722 2084 enim
771 2035 1064 2088 revertenti
1117 2035 1186 2089 ab
1232 2035 1328 2090 illo
1388 2039 1643 2094 conﬂictu
1695 2044 1936 2098 occurrit

357 2118 495 2174 Jehu
527 2121 814 2190 propheta,
861 2123 1005 2179 ﬁlius
1033 2125 1234 2192 Anani,
1267 2138 1320 2182 et
1348 2127 1487 2184 dixit
1515 2131 1562 2184 ei
1593 2148 1607 2186 :
1642 2151 1660 2183 ι
1697 2131 1808 2188 Rex
1840 2132 1938 2190 Jo-

359 2211 576 2278 saphat,
611 2213 820 2268 siccine
851 2219 1128 2284 pcecatori
1173 2227 1229 2272 tu
1259 2218 1369 2274 fers
1405 2223 1692 2289 auxilium,
1725 2234 1779 2280 et
1812 2242 1934 2282 cum

359 2318 427 2357 co
456 2305 560 2359 inis
589 2306 883 2361 amicitiam
909 2308 1000 2379 qui
1032 2309 1160 2364 odio
1192 2312 1420 2367 habetur
1444 2329 1473 2368 a
1507 2313 1740 2372 Domino
1765 2320 1784 2372 ?
1812 2335 1938 2389 pro-

365 2406 551 2466 pterea
585 2413 712 2470 erga
755 2408 807 2454 te
843 2415 1077 2457 accensa
1109 2412 1193 2458 est
1234 2405 1315 2460 ira
1351 2407 1580 2475 domini,
1613 2419 1849 2468 attamen
1881 2413 1938 2469 in

366 2501 414 2546 te
442 2491 658 2545 inventa
681 2502 810 2547 sunt
844 2493 985 2548 bona
1014 2496 1285 2564 quaedam,
1315 2500 1447 2569 quia
1482 2501 1759 2559 abstulisti
1786 2505 1939 2562 lucos

363 2597 392 2634 a
421 2591 565 2636 terra
590 2581 751 2650 Juda,
793 2592 848 2637 et
877 2586 1125 2641 direxisti
1166 2603 1260 2644 cor
1289 2598 1442 2645 tuum
1480 2593 1547 2647 ad
1580 2597 1938 2664 quaerendum

363 2672 654 2728 Dominum
671 2675 724 2729 ιι.
760 2693 778 2727 ι
815 2673 952 2732 Hinc
981 2677 1247 2735 discimus
1299 2684 1445 2751 quod
1479 2685 1942 2756 minuuntpecca-

363 2774 546 2821 torum
573 2781 784 2835 poenas,
808 2783 930 2837 quae
955 2769 1106 2838 prius
1132 2769 1352 2828 fuerunt
1384 2785 1534 2831 recte
1555 2777 1720 2833 facta.
1749 2778 1940 2836 Justus

361 2856 507 2911 enim
547 2857 718 2927 judex
745 2869 801 2913 et
841 2861 956 2915 haec
991 2870 1045 2915 et
1074 2861 1164 2916 illa
1195 2880 1262 2919 cx
1303 2865 1535 2923 adverso
1579 2873 1810 2929 metiens
1838 2872 1943 2930 l‘ert

362 2955 715 3009 sententiam.
743 2953 860 3011 Hoc
886 2957 1050 3012 etiam
1083 2959 1210 3014 fecit
1237 2960 1292 3014 in
1317 2961 1440 3017 isto.
1474 2962 1538 3018 Et
1562 2966 1781 3034 quidem
1814 2982 1942 3022 suc-

361 3045 622 3100 censebat
647 3056 866 3117 propter
888 3047 1053 3119 580
1077 3051 1454 3120 cognationem
1485 3071 1499 3106 :
1528 3065 1748 3124 propter
1775 3059 1940 3113 aliam

2034 1960 2152 2006 τας.
2198 1943 2522 2014 Ἐκομίζετο
2549 1941 2607 1996 δὲ
2649 1941 2805 2011 παρὰ
2857 1941 2955 1995 τοῦ
3005 1939 3279 1994 Δεσπότου
3333 1937 3470 1994 Θεοῦ
3509 1939 3617 2009 τῆς

2037 2033 2320 2098 εὐσεϐείας
2337 2035 2407 2087 τὰ
2427 2033 2700 2104 ἐπίχειρα.
2732 2051 2751 2084 ι
2783 2032 3034 2100 Ἐγένετο
3050 2031 3181 2104 γὰρ,
3204 2030 3394 2102 φησὶν,
3417 2030 3618 2084 ἔκστα-

2039 2145 2122 2190 σις
2157 2129 2249 2180 ἐπὶ
2274 2128 2456 2190 πάσας
2511 2125 2612 2189 τὰς
2665 2124 2946 2197 βασιλείας
2971 2124 3071 2196 τῆς
3118 2123 3221 2194 γῆς
3269 2123 3370 2193 τῆς
3428 2121 3620 2193 κύκλῳ

2037 2219 2212 2273 Ἰούδα
2236 2237 2249 2250 ·
2279 2218 2375 2272 καὶ
2411 2219 2511 2271 οὐκ
2544 2218 2849 2288 ἐπολέμουν
2876 2218 2955 2289 τῷ
2992 2215 3284 2285 Ἰωσαφάτ.
3332 2234 3350 2268 ι
3379 2214 3622 2268 Τοσοῦτο

2037 2311 2094 2364 δὲ
2109 2312 2275 2364 πᾶσιν
2295 2311 2533 2363 ἐπέπεσε
2550 2309 2688 2372 δέος,
2707 2309 2789 2362 ὅτι
2815 2308 2911 2361 καὶ
2935 2305 3224 2374 ἀλλόφυλοι
3254 2306 3348 2358 καὶ
3371 2305 3421 2356 ot
3445 2304 3620 2374 ’Δρα-

2039 2404 2133 2470 ϐες
2164 2402 2372 2474 δασμὸν
2416 2401 2563 2471 αὐτῷ
2606 2399 3030 2470 προσεκόμιζον.
3079 2398 3297 2468 Ταύτην
3327 2396 3465 2467 έχων
3517 2394 3620 2466 τὴν

2038 2493 2318 2563 ἀφθονίαν,
2347 2493 2441 2545 καὶ
2465 2492 2650 2554 πόλεις
2669 2490 3010 2563 ᾠκοδόμησε,
3033 2490 3128 2542 καὶ
3151 2488 3329 2550 οίκίας
3343 2485 3618 2555 ἐδείματο,

2040 2588 2135 2642 καὶ
2161 2588 2258 2650 τὰς
2276 2586 2617 2655 ἀτειχίστους
2645 2583 2909 2656 ὠχύρωσε
2941 2582 3154 2653 κώμας.
3193 2579 3624 2648 Ἐκουσιαζόμε-

2041 2698 2128 2736 νον
2151 2681 2206 2733 δὲ
2232 2679 2310 2749 τῷ
2343 2680 2534 2749 Κυρίῳ
2581 2677 2728 2745 λέγει
2765 2677 2855 2728 τὸν
2889 2677 2986 2746 οὐχ
3020 2675 3160 2746 ὑπὲρ
3201 2673 3624 2746 ἁμαρτημάτων

2043 2774 2446 2845 προσφέροντα,
2485 2771 2621 2824 ἀλλὰ
2673 2770 2824 2840 δῶρα
2856 2766 3302 2839 προσκομίζοντα
3362 2766 3440 2836 τῷ
3477 2765 3622 2835 Θεῷ.

2048 2883 2066 2916 ι
2105 2865 2511 2935 Ἐπιμέμφεται
2543 2863 2598 2916 δὲ
2627 2862 2774 2932 αὐτῴ
2807 2861 2903 2932 τὴν
2929 2861 3174 2930 γαμικὴν
3227 2858 3532 2929 ἐπιμιξίαν,
3556 2859 3626 2928 ἢν

2043 2958 2178 3028 πρὸς
2201 2957 2290 3009 τὸν
2305 2955 2509 3027 Ἀχαὰϐ
2533 2956 2876 3025 ἐποιήσατο.»
2900 2951 3151 3006 Γοθολίαν
3174 2950 3283 3020 γὰρ
3305 2952 3399 3004 τοῦ
3417 2949 3626 3021 Ἀχαὰίὶ

2041 3050 2141 3121 τὴν
2165 3048 2437 3118 θυγατέρα
2463 3046 2819 3117 κατηγγύησε
2844 3046 2920 3116 τῷ
2949 3045 3121 3099 παιδί.
3171 3044 3398 3097 Τέθεικε
3440 3043 3497 3095 δὲ
3528 3041 3630 3096 xui.

363 3145 545 3191 autem
593 3139 882 3206 virtutem,
927 3156 1051 3195 eum
1099 3143 1351 3197 liberavit
1393 3145 1461 3198 ab
1511 3146 1845 3204 irruentibus
1889 3160 1936 3204 et

2044 3143 2106 3195 τὸ
2132 3142 2272 3195 κατὰ
2301 3143 2388 3195 τὸν
2411 3141 2650 3209 Μιχαίαν
2670 3139 2938 3210 διήγημα,
2965 3139 3060 3191 καὶ
3082 3138 3207 3200 τοὺς
3247 3134 3630 3242 ψευδοπροφή-

362 3229 836 3286 circumeuntibus
880 3232 1155 3288 hostibus.
1200 3232 1425 3305 Oportet
1473 3253 1604 3307 ergo
1646 3253 1769 3305 nos,
1815 3256 1938 3294 cum

364 3319 479 3374 haec
501 3319 880 3386 didicerimus,
918 3323 1106 3393 fugere
1139 3326 1436 3381 amicitiam
1470 3337 1525 3383 et
1559 3332 1942 3399 cognationem

362 3427 555 3466 eorum
589 3415 680 3482 qui
720 3415 834 3470 Deo
868 3424 1000 3471 sunt
1029 3418 1214 3474 invisi.
1251 3419 1502 3490 Scriptor
1531 3433 1712 3478 autem
1757 3426 1942 3481 relicta

362 3502 766 3572 vituperatione
821 3508 1039 3562 transiit
1094 3509 1161 3564 ad
1221 3510 1442 3566 laudum
1499 3515 1828 3586 catalogum,
1890 3529 1947 3574 et

363 3594 525 3649 docet
559 3593 788 3651 lectores
815 3597 981 3660 quod,
1017 3612 1140 3652 cum
1172 3615 1266 3657 rex
1303 3601 1607 3668 accepisset
1650 3605 1946 3674 reprehen-

365 3690 601 3753 sionem,
643 3690 914 3746 studuerit
955 3693 1061 3762 piis
1113 3695 1398 3752 laboribus
1439 3698 1620 3754 delere
1672 3702 1944 3756 maculam

367 3782 712 3852 cognationis
754 3802 768 3837 :
814 3802 832 3834 ι
866 3782 1081 3842 Rursus
1125 3788 1289 3852 enim,
1338 3789 1534 3860 inquit,
1577 3808 1830 3864 egressus
1862 3803 1947 3850 est

365 3866 630 3938 Josapliat
659 3870 722 3924 ad
754 3873 1039 3941 populum,
1076 3889 1104 3928 a
1133 3874 1399 3934 Bersabee
1421 3896 1595 3951 usque
1618 3884 1682 3938 ad
1708 3892 1947 3939 montem

368 3962 625 4033 Ephraim
671 3985 684 4021 :
733 3975 788 4022 et
846 3972 1121 4025 convertit
1170 3987 1270 4027 eos
1319 3975 1383 4027 ad
1430 3974 1722 4029 Dominum
1773 3977 1945 4032 Deum

369 4073 532 4112 suum
561 4061 604 4113 ί.
640 4079 658 4111 ›
703 4059 891 4132 Neque
927 4063 1102 4118 solum
1138 4080 1324 4119 curam
1370 4068 1538 4136 gessit
1578 4069 1816 4138 pictatis,
1851 4072 1946 4125 sed

368 4150 534 4203 etiam
570 4151 798 4206 alterius
835 4152 1101 4222 iustitiae:
1141 4172 1159 4205 ι
1191 4154 1491 4211 Constituit
1529 4159 1698 4224 enim,
1747 4159 1945 4229 inquit,

363 4240 578 4309 judiccs
610 4243 662 4296 in
716 4244 974 4298 omnibus
1021 4245 1338 4302 civitatibus
1381 4245 1533 4302 Iudae
1586 4247 1878 4303 munitisi.
1922 4269 1942 4301 ι

2043 3235 2219 3300 ταςίδ,
2235 3235 2441 3307 ὅπερέν
2455 3235 2574 3296 ταῖς
2588 3231 2694 3284 Βασ
2707 3231 2896 3295 ιλείαις
2910 3229 3259 3301 ἡρμήνευται
3288 3227 3419 3297 παρ’
3439 3225 3622 3298 ἡμῶν.

2045 3326 2119 3379 Τδ
2143 3325 2201 3378 δὲ
2249 3325 2380 3396 παρ’
2436 3325 2648 3378 ἐκείνου
2682 3322 2776 3376 τοῦ
2823 3322 3192 3393 συγγραφέως
3223 3317 3628 3391 παραλειφθὲν,

2045 3418 2280 3472 ἐνταῦθα
2301 3418 2358 3471 δὲ
2388 3418 2562 3484 τεθὲν,
2583 3418 2879 3485 ἀναγκαῖον
2901 3411 3057 3486 οἶμαι
3089 3414 3288 3467 εἰπεῖν.
3311 3409 3630 3466 Ἐπανιόντι

2044 3513 2152 3582 γὰρ
2178 3511 2271 3566 ἀπ’
2294 3510 2509 3580 ἐκείνης
2550 3510 2650 3578 τῆς
2699 3506 3066 3580 παρατάξεως
3098 3505 3177 3576 τῷ
3197 3501 3472 3572 Ἰωσαφὰτ
3518 3501 3630 3554 ἀπ-

2047 3604 2278 3675 ήντησεν
2295 3601 2436 3671 Ἰηοῦ
2463 3603 2491 3654 6
2515 3600 2611 3653 τοῦ
2637 3599 2824 3653 Ἀνανὶ
2846 3601 2874 3652 6
2907 3597 3327 3668 προφήτης,καὶ
3349 3588 3506 3648 εἶπεν
3531 3591 3633 3646 αὑ-

2048 3692 2124 3764 τῷ
2149 3709 2164 3722 ο
2208 3711 2226 3744 ι
2266 3689 2498 3746 Βασιλεῦ
2535 3688 2826 3758 Ἰωσαφὰτ,
2852 3689 2900 3740 εἰ
2933 3682 3246 3756 ἁμαρτωλῷ
3284 3684 3349 3736 σὺ
3377 3679 3622 3753 βοηθεῖς,

2049 3787 2096 3839 εί
2131 3784 2446 3856 μισουμένῳ
2481 3783 2587 3836 ὑπὸ
2636 3781 2843 3853 Κυρίου
2878 3780 2944 3832 σὺ
2981 3776 3288 3848 φιλιάζειςς
3346 3774 3438 3828 διὰ
3467 3772 3632 3826 τοῦτο

2049 3878 2269 3948 ἐγένετο
2303 3875 2396 3928 ὲπὶ
2438 3874 2500 3927 σὲ
2545 3873 2684 3944 ὀργὴ
2725 3872 2876 3943 παρὰ
2937 3870 3182 3940 Κυρίου’
3242 3866 3360 3920 ἀλλ’
3409 3865 3444 3935 ἢ
3485 3864 3638 3932 λόγοι

2050 3969 2244 4039 ἀγαθολἔ
2273 3966 2578 4039 εὑρέθησαν
2627 3965 2684 4018 ὲν
2751 3965 2856 4028 σοὶ,
2886 3964 2968 4016 ὅτι
3008 3961 3208 4033 ὲξῆρας
3234 3959 3302 4013 τὰ
3354 3959 3494 4028 ἄλση
3526 3956 3637 4012 ἀπὺ

2049 4065 2147 4132 τῆς
2202 4061 2307 4130 γῆς
2353 4057 2545 4119 Ἰούδα,
2595 4058 2690 4110 καὶ
2737 4055 3081 4125 κατηύθυνας
3118 4052 3218 4121 τὴν
3275 4050 3507 4122 καρδίαν
3541 4066 3636 4103 σου

2051 4155 2351 4225 ἐκζητῆσαι
2386 4152 2476 4204 τὸν
2525 4149 2750 4221 Κύριον.
2786 4167 2805 4200 t
2841 4145 3127 4200 Ἐντεῦθεν
3161 4142 3532 4214 μανθάνομεν,
3562 4141 3639 4206 ὼς

2052 4246 2265 4300 ἐλαττοῖ
2296 4247 2394 4308 τὰς
2419 4244 2512 4297 ὲπὶ
2542 4244 2652 4304 τοῖς
2691 4241 3058 4312 ἁμαρτήμασι
3089 4237 3368 4308 τιμωρίας
3397 4237 3468 4288 τὰ
3501 4251 3638 4304 προσ

366 4335 706 4390 Admiranda
743 4346 872 4391 sunt
907 4346 1088 4391 autem
1118 4339 1283 4392 etiam
1309 4341 1428 4408 ejus
1451 4341 1634 4407 verba,
1665 4357 1788 4411 quae
1815 4342 1936 4396 dixit

2052 4336 2322 4408 γενόμενα
2353 4335 2395 4368 ¹⁹
2454 4331 2879 4404 κατορθώματα.
2931 4329 3041 4383 Καὶ
3101 4327 3212 4398 γὰρ
3235 4326 3282 4358 ’θ
3343 4327 3372 4379 6
3409 4323 3640 4438 ιδίκαιος

367 4428 688 4497 judicibus:
727 4446 748 4480 ι
784 4428 972 4486 Videte
993 4431 1163 4498 enim,
1199 4431 1398 4501 inquit,
1431 4433 1563 4503 quid
1598 4449 1693 4490 vos
1722 4433 1899 4489 facitis
1932 4452 1936 4487 :

2054 4430 2247 4498 κριτὴς
2276 4425 2448 4481 ταῦτα
2499 4426 2730 4487 ἐκείνοις
2784 4419 3131 4494 ἀντιμετρῶν
3173 4418 3354 4483 οὕτως
3406 4417 3637 4486 ἐκφέρει
3701 4449 3704 4452 -

2089 4522 2099 4527 -
2202 4519 2257 4527 ._
2421 4516 2526 4527 _-
2697 4515 2709 4527 .
2766 4515 2779 4527 .
2833 4514 2846 4527 .
2958 4512 2970 4527 .
3265 4509 3277 4527 .
3471 4507 3602 4527 m.--

367 4521 627 4587 quoniam
663 4535 774 4574 non
807 4520 1020 4574 homini
1053 4535 1149 4575 vos
1175 4519 1459 4589 iudicatis,
1492 4522 1585 4576 sed
1614 4523 1862 4587 Domino,
1899 4534 1936 4577 Cl

2051 4522 2148 4593 τὴν
2187 4519 2385 4590 ψῆφον.
2421 4516 2592 4571 Τοῦτο
2622 4515 2720 4570 καὶ
2763 4514 2856 4567 ἐπὶ
2878 4512 3073 4567 τούτου
3112 4509 3443 4616 πεποίηκενἰ
3471 4507 3634 4616 Ἕκα-ἱ

370 4611 654 4666 vobiscum
688 4612 854 4668 verba
884 4613 1102 4684 iudicii.
1135 4613 1293 4668 Nunc
1330 4614 1516 4683 itaque
1555 4614 1627 4669 sit
1656 4614 1820 4668 timor
1851 4613 1936 4668 Do-

2051 4622 2274 4675 λέπαινε
2291 4616 2337 4647 ⁸⁸
2371 4613 2469 4686 μὲν
2497 4611 2605 4682 γὰρ
2657 4609 2779 4663 κατ’
2810 4607 2974 4662 αὐτοῦ
3005 4605 3094 4659 διὰ
3135 4605 3238 4663 τὴν
3275 4599 3626 4723 συγγένειανζ

2057 4714 2080 4723 λ
2115 4713 2126 4723 .
2182 4711 2224 4723 ιιι
2325 4707 2337 4723 ι
2446 4704 2523 4723 οιΑ
2552 4721 2563 4723 -
2598 4720 2606 4723 -
2662 4701 2859 4723 1.--_1_-.
2914 4699 3023 4723 -3.-.
3081 4694 3501 4723 _---R_\l..-.-nn
3537 4703 3604 4723 νη

375 4701 508 4754 mini
537 4718 702 4771 super
742 4719 861 4760 vos.
909 4705 975 4760 Et
1017 4706 1305 4761 observate
1337 4714 1391 4761 et
1426 4706 1589 4762 facite
1635 4727 1648 4762 :
1691 4708 1936 4778 quonian

2052 4713 2142 4766 διὰ
2177 4711 2235 4764 δὲ
2285 4707 2385 4778 τὴν
2437 4704 2607 4774 ἄλλην
2654 4701 2881 4772 ἀρετὴν,
2912 4699 3024 4752 τῶν
3080 4694 3501 4767 προσϐαλόντων
3537 4694 3632 4739 καὶ

372 4807 479 4845 non
521 4803 605 4847 est
647 4795 791 4862 apud
835 4795 1128 4852 Dominum
1174 4797 1345 4854 Deum
1380 4808 1621 4856 vestrum
1663 4798 1930 4869 injustitia

2056 4801 2456 4858 κυκλωσάντων
2484 4795 2831 4867 ἠλευθέρωσε
2872 4790 3170 4888 πολεμίων.
3209 4785 3484 4888 Προῖήκει
3516 4778 3626 4831 τοί·

373 4897 475 4935 nec
520 4883 662 4938 solet
699 4886 961 4942 admirari
996 4887 1214 4952 faciem,
1250 4898 1346 4944 aut
1389 4889 1639 4960 accipere
1667 4891 1811 4946 dona
1831 4890 1881 4948 κ.
1932 4910 1936 4944 ι

2056 4913 2151 4948 νυν
2177 4893 2344 4965 ἡμᾶς,
2382 4889 2554 4943 ταῦτα
2590 4885 3006 4958 μεμαθηκότας,
3044 4875 3411 4990 φὶεύγεινιτῶν
3440 4871 3639 4990 0:39;;

373 4971 742 5043 lnspectorem
772 4978 1156 5035 universorum
1199 4982 1280 5036 eis
1320 4983 1579 5050 ostendit,
1609 4983 1841 5056 ejusque
1864 4984 1936 5038 in-

2065 4983 2174 5037 σῶν
2199 4960 2305 5036 ⁷καὶ
2345 4980 2443 5050 τὴν
2499 4978 2843 5048 συγγένειαν,
2892 4976 2987 5029 καὶ
3036 4972 3136 5044 τὴν
3193 4969 3403 5040 φιλίαν.
3467 4963 3528 5016 '0
3578 4960 3641 5014 δὲ

451 5223 472 5264 ί
505 5223 551 5280 ll
589 5221 773 5278 Paral.
814 5237 951 5290 xvn,
995 5223 1082 5279 i0.
1159 5234 1184 5274 ι
1224 5225 1266 5280 ll
1297 5229 1478 5284 Paral.
1517 5243 1671 5292 xvm,
1718 5227 1766 5282 ί.
1842 5227 1872 5267 ῑι
1907 5226 1949 5282 ll
1979 5225 2290 5293 Paral.xtx,
2321 5225 2451 5292 2,5.
2536 5226 2552 5265 ί
2599 5223 2730 5281 ibid.
2766 5223 2822 5277 4.
2901 5217 2916 5270 i
2959 5217 3090 5274 ibid.
3130 5215 3184 5272 ὅ.
3257 5209 3287 5256 κ
3320 5209 3464 5269 ibid.
3492 5209 3558 5274 6,
3591 5207 3642 5264 Ἰ·

1514 5400 1752 5458 νΑιιιΑῑ
1793 5397 2176 5456 LECTIONES
2215 5399 2302 5453 ET
2345 5397 2581 5455 NOTAE.

448 5576 491 5608 ¹¹
528 5575 648 5631 cod.
707 5573 770 5630 C.
809 5568 1208 5660 ιὲςιηλὶωκὸτα.η
1254 5569 1318 5660 Δ¹¹
1341 5569 1446 5660 [ὁ.
1490 5569 1667 5660 ,ἒὺθει
1697 5584 1726 5622 a
1758 5569 1936 5660 cﬁdg‘l

2038 5644 2044 5660 .
2093 5569 2135 5601 "
2166 5568 2240 5621 Αέ
2280 5560 3368 5660 9°£°5:.9°5:_§"_“1'-..le"’°’2£‘€‘§${
3399 5557 3523 5660 αρ’·

416 5628 734 5700 ταξιιινίὲπί.-
785 5646 828 5677 ¹¹¹
863 5628 1136 5708 ὅέθηκεν.
1169 5638 1302 5694 Cod.
1444 5638 1730 5709 τέθεικεν.
1791 5641 1835 5672 ¹⁶
1865 5641 1936 5694 Τὰ

2038 5644 2152 5707 ίση.
2195 5640 2319 5695 eod.
2363 5639 2426 5694 C.
2457 5638 2584 5709 add.
2629 5638 2720 5690 καὶ
2751 5637 2819 5690 τὰ
2866 5634 3092 5709 εἴδωλα.-
3123 5628 3135 5630 “
3182 5630 3232 5709 ξ’
3262 5628 3386 5709 (ξοςΓ
3421 5629 3484 5680 t3.
3507 5696 3517 5709 Ι
3542 5628 3656 5709 τοῦ,

378 5663 564 5716 praem.
594 5663 706 5698 επε.
787 5663 828 5677 "'
864 5663 1136 5708 ισηκεν.
1169 5663 1302 5694 υυυ.
1341 5663 1404 5691 υ.
1444 5663 1710 5693 τευεικεν.
1792 5663 1835 5672 ’⁷
1867 5663 1936 5694 ιιι

379 5715 765 5785 ἡρμήνευται.
804 5713 926 5768 Vid.
956 5728 1011 5785 p_.
1036 5710 1160 5785 ξξίῦ,
1190 5725 1285 5778 qu.
1312 5708 1400 5785 68.
1456 5709 1519 5785 _'_’
1550 5709 1671 5761 cod.
1703 5708 1763 5764 C.
1790 5728 1936 5783 προγη

2038 5663 2152 5707 tan.
2195 5663 2319 5695 uuu.
2363 5663 2426 5694 υ.
2457 5663 2584 5692 atuu.
2630 5663 2720 5690 και
2751 5663 2819 5690 τοι
2866 5663 3082 5689 stutum.
3262 5663 3386 5682 cu...
3423 5663 3484 5680 υ.
3554 5663 3647 5709 ηε..

2038 5711 2260 5782 νημένα.
2337 5711 2384 5742 ’θ
2425 5708 2530 5763 Καὶ
2561 5709 2672 5778 γὰρ
2723 5710 2777 5762 o’.
2833 5706 2955 5762 cod.
2983 5705 3046 5760 C.
3073 5706 3100 5757 6
3133 5700 3262 5771 γάρ.
3339 5698 3380 5728 ²¹
3417 5696 3543 5751 cod.
3580 5698 3648 5750 (ι.

383 5776 548 5864 ιῖὂμου
588 5784 680 5838 τοῦ
716 5783 882 5837 θείου.
959 5776 1005 5814 ῖθ
1036 5776 1222 5850 ’⁷οπερ
1254 5809 1322 5821 ——
1354 5776 1705 5847 ἐχαλέπηνεν.
