4038 6214
413 237 519 302 833

1433 244 1718 317 Q-UxEST.
1759 245 1839 307 IN
1873 245 1935 305 ΙΙ
1973 246 2245 308 PABAL.
2281 247 2441 307 CAP.
2472 248 2632 308 XIX.

3577 255 3681 320 8734

417 371 777 442 συγγραφεὺς
801 369 890 424 τὸν
913 369 1080 440 ψόγον
1113 370 1452 438 καταλιπὼν,
1485 372 1564 434 είς
1589 370 1681 425 τὸν
1701 371 1803 440 τῆς
1827 371 1989 442 εὐφη-

2108 349 2248 404 didit
2284 350 2564 416 timorem,
2611 365 2679 405 ne
2723 350 2906 418 donis,
2953 369 3128 424 neque
3159 355 3397 412 amicitia
3413 359 3507 429 jus
3545 376 3681 418 ven-

417 466 545 534 μίας
573 464 776 535 μετέϐη
807 461 1131 531 κατάλογον,
1162 463 1257 516 καὶ
1297 462 1542 516 διδάσκει
1569 462 1698 524 τοὺς
1729 461 1993 529 ἐντυγχά-

413 574 625 622 νοντας,
653 557 728 619 ὡς
749 556 843 609 τὸν
864 555 1089 625 ἔλεγχον
1107 557 1135 608 ὁ
1159 554 1414 626 βασιλεὺς
1449 554 1764 624 δεξάμενος,
1793 550 1995 604 ἐσπού-

410 647 573 700 δασεν
603 648 662 700 ὲν
710 649 824 710 τοῖς
873 645 1128 700 εὐσεϐέσι
1177 647 1361 709 πόνοις
1390 645 1490 716 τὴν
1528 644 1630 713 τῆς
1671 642 1994 710 συγγενείας

410 736 696 807 ἐξαλεῖψαι
759 739 979 811 κηλῖδα.
1047 757 1067 790 ι
1114 737 1285 792 Πάλιν
1341 736 1475 806 γὰρ,
1529 735 1719 806 φησὶν,
1769 733 1993 804 ἐξῆλθεν

411 829 684 897 Ἰωσαφάτ
731 831 811 893 εὶς
870 829 964 883 τὸν
1019 830 1152 884 λαὸν
1203 829 1312 885 άπὸ
1358 829 1634 900 Βερσαόεὲ
1679 827 1785 890 ἕως
1830 827 1993 897 δρους

409 917 672 990 Ἐφραῖμ,
726 921 823 973 καὶ
867 920 1204 992 ἐπέστρεψεν
1258 919 1459 982 αὐτοὺς
1502 919 1596 972 ἐπὶ
1635 917 1844 988 Κύριον
1899 917 1993 970 τὸν

409 1011 543 1063 Θεὸν
577 1012 778 1066 αὐτῶν.
823 1031 842 1064 ι
907 1014 1019 1067 Καὶ
1052 1013 1114 1066 οὑ
1155 1013 1315 1082 μόνον
1354 1012 1453 1081 τῆς
1511 1010 1816 1074 εὑσεσείας,
1857 1009 1992 1062 ἀλλὰ

411 1102 505 1153 καὶ
535 1101 636 1172 τῆς
677 1101 848 1172 ἄλλης
884 1103 1206 1175 ἐφρόντισεν
1257 1104 1540 1172 εὐνομίας.
1575 1118 1595 1153 ι
1662 1101 1990 1171 Κατέστησε

409 1191 538 1262 γὰρ,
564 1193 720 1263 φησὶ,
756 1194 950 1264 κριτὰς
976 1197 1034 1248 ὲν
1055 1194 1257 1256 πάσαις
1277 1197 1395 1256 ταῖς
1419 1193 1638 1246 πόλεσιν
1665 1195 1840 1247 Ἰούδα
1870 1196 1991 1258 ταῖς

408 1285 654 1356 ὀχυραῖς.
707 1306 726 1338 ι
771 1287 1110 1356 Ἀξιάγαστα
1149 1287 1208 1340 δὲ
1242 1287 1409 1342 αὑτοῦ
1451 1287 1547 1340 καὶ
1591 1287 1662 1341 τὰ
1699 1287 1839 1358 πρὸς
1865 1289 1990 1351 τοὺς

410 1379 608 1449 κριτάς
638 1381 890 1450 ῥήματα·
917 1399 936 1432 ι
966 1382 1136 1434 Ἴδετε
1169 1382 1298 1453 γάρ,
1327 1383 1481 1452 φησὶ,
1505 1381 1557 1433 τί
1589 1381 1744 1451 ὑμεῖς
1763 1385 1990 1462 ποιεῖτε,

409 1471 490 1523 ὃτι
515 1471 615 1524 οὑκ
647 1472 920 1544 ἀνθρώπῳ
966 1474 1126 1544 ὑμεῖς
1177 1475 1416 1544 κρίνετε,
1451 1473 1567 1526 ἀλλ’
1595 1474 1629 1542 ἢ
1663 1472 1741 1544 τῷ
1776 1475 1988 1545 Κυρίῳ,

411 1566 502 1616 καὶ
531 1562 656 1632 μεθ’
703 1565 856 1634 ὑμῶν
894 1565 1046 1633 λόγοι
1092 1569 1348 1638 κρίσεως.
1385 1567 1497 1619 Καὶ
1549 1566 1644 1619 νῦν
1684 1567 1926 1635 γενέσθω
1963 1571 1992 1621 ὁ

410 1656 573 1725 φόὸος
595 1659 805 1729 Κυρίου
842 1661 926 1727 ἐφ’
958 1661 1126 1730 ὑμᾶς,
1147 1662 1242 1714 καὶ
1271 1661 1602 1730 φυλάσσετε,
1631 1661 1726 1713 καὶ
1758 1664 1985 1728 ποιεῖτε,

2096 439 2309 496 derent.
2353 439 2622 496 Similiter
2661 442 2827 496 etiam
2892 447 3170 502 mandavit
3214 447 3493 518 judicibus
3555 451 3684 507 Hie-

2094 532 2414 604 rosolyma,
2479 540 2539 587 ut
2588 549 2696 588 non
2749 535 2928 590 solum
2983 537 3078 606 jus
3131 539 3377 595 dicerent
3429 544 3678 610 civibus,

2095 624 2187 679 sed
2243 625 2410 678 etiam
2463 640 2655 680 eorum
2709 627 2801 697 qui
2851 630 2868 648 ‘
2915 628 3136 684 aliunde
3191 632 3472 700 venirent,
3529 637 3682 707 juste

2093 728 2483 786 componerent
2537 717 2982 784 controversias,
3036 730 3093 775 et
3143 721 3223 776 eis
3275 738 3339 778 ea
3387 727 3682 782 suaderent

2093 824 2217 878 quae
2269 809 2446 863 decet.
2501 828 2520 861 ι
2576 809 2950 880 Praecipietis,
3007 813 3155 866 enim
3213 815 3410 884 inquit,
3468 818 3570 883 eis,
3627 828 3684 875 et

2095 915 2204 954 non
2259 901 2562 969 peccabunt
2616 901 2890 969 Domino,
2947 912 3001 957 et
3059 919 3166 959 non
3223 907 3331 960 erit
3383 907 3463 961 ira
3517 924 3681 980 super

2093 1007 2231 1055 vos,
2286 1005 2341 1046 et
2395 1009 2562 1062 super
2622 993 2822 1049 fratres
2871 1005 3108 1051 vestros.
3167 996 3258 1053 Sic
3307 997 3560 1062 facietis,
3628 1007 3682 1055 et

2096 1098 2204 1138 non
2257 1085 2622 1153 peccabitisl.
2676 1106 2695 1140 ι
2741 1086 2996 1143 Praafecit
3038 1099 3220 1144 autem
3268 1093 3349 1146 eis
3401 1091 3677 1148 Amariam

2096 1176 2254 1248 581
2293 1180 2656 1246 sacerdotem,
2689 1189 2749 1235 ut
2775 1181 2823 1236 si
2857 1181 3176 1251 ignorarent
3195 1185 3512 1253 judicantes
3540 1201 3679 1256 quo-

2095 1273 2259 1325 modo
2292 1271 2472 1327 ferant
2502 1274 2855 1340 sententiam,
2889 1291 2920 1330 a
2943 1275 3054 1332 Deo
3072 1292 3167 1346 per
3188 1276 3338 1331 illum
3365 1279 3676 1334 discerent:

2099 1379 2117 1411 ι
2155 1359 2295 1416 Ecce
2325 1362 2497 1430 enim,
2530 1364 2730 1434 inquit,
2763 1365 3017 1422 Amarias
3050 1367 3309 1423 sacerdos
3341 1369 3553 1423 estdux
3582 1386 3671 1424 su-

2094 1471 2189 1524 per
2228 1471 2326 1511 vos
2353 1459 2421 1512 ad
2459 1472 2624 1513 omne
2656 1459 2886 1514 verbum
2927 1459 3064 1514 Dei:
3106 1470 3160 1515 et
3217 1460 3483 1517 Zabadias
3533 1463 3679 1522 ﬁlius

2095 1547 2286 1604 lsmael
2321 1551 2430 1605 dux
2483 1551 2670 1606 domui
2703 1550 2876 1618 Judaa,
2914 1553 2981 1608 ad
3007 1569 3223 1609 onmem
3257 1572 3569 1611 sermonem
3596 1573 3680 1613 re-

2094 1643 2208 1713 gis:
2243 1654 2298 1699 et
2338 1645 2534 1699 scribae
2569 1653 2624 1699 et
2659 1644 2856 1699 Levita:
2887 1661 3071 1701 coram
3108 1648 3267 1703 vobis
3303 1661 3362 1704 ιη.
3408 1669 3426 1700 ι
3459 1650 3514 1703 Si
3545 1651 3677 1720 quid

407 1749 487 1801 ὅτι
514 1749 614 1801 οὑκ
636 1749 750 1802 ἐστι
783 1751 924 1820 μετὰ
947 1753 1154 1822 Κυρίου
1195 1752 1328 1805 Θεοῦ
1367 1750 1522 1820 ὑμῶν
1545 1753 1590 1782 ¹²
1621 1751 1829 1815 ἀδικία,
1862 1753 1985 1806 οὑδὲ

2092 1750 2224 1805 ergo
2257 1737 2422 1792 vultis
2465 1737 2632 1792 Deum
2667 1754 2881 1809 rogare,
2910 1739 3012 1794 hoc
3037 1740 3131 1794 ﬁat
3166 1756 3261 1810 per
3294 1743 3675 1796 sacerdotem:

408 1839 690 1912 θαυμάσαι
723 1842 770 1873 ³³
799 1843 1116 1913 πρόσωπον,
1149 1843 1274 1897 οὑδὲ
1322 1842 1510 1896 λαϐεῖν
1539 1843 1710 1913 δῶρα.
1742 1861 1760 1896 ι
1811 1843 1986 1897 Ἔδει-

408 1931 497 1999 ξεν
531 1933 719 1996 αὑτοῖς
775 1934 867 1988 τὸν
923 1935 1029 1989 τῶν
1069 1935 1206 1989 ὅλων
1245 1935 1488 2004 ὀπτῆρα,
1561 1935 1654 1988 καὶ
1683 1934 1744 1988 τὸ
1795 1937 1987 1990 τούτου

405 2025 521 2084 δέος
546 2024 880 2087 ἐντέθεικεν,
908 2028 995 2082 ἵνα
1025 2029 1100 2099 μὴ
1121 2027 1166 2059 ³⁸
1189 2027 1402 2098 δώροις,
1433 2026 1568 2096 μηδὲ
1595 2024 1750 2098 φιλίᾳ
1764 2028 1986 2082 πωλῶσι

406 2115 465 2169 τὸ
485 2115 716 2170 δίκαιον.
743 2119 1153 2188 Παραπλησίως
1171 2120 1228 2174 δὲ
1249 2120 1474 2181 καὶτοῖς
1499 2117 1598 2186 τῆς
1631 2117 1988 2192 Ἰερουσαλὴμ

407 2216 623 2284 κριταῖς
645 2214 974 2273 ἐνετείλατο,
992 2213 1132 2266 ὥστε
1155 2213 1232 2284 μὴ
1262 2215 1422 2284 μόνον
1439 2212 1550 2272 τοῖς
1576 2209 1824 2274 πολίταις
1835 2212 1986 2269 δικά-

407 2311 542 2374 ζειν,
561 2311 698 2366 άλλὰ
718 2311 814 2364 καὶ¹
830 2310 937 2364 τῶν
949 2308 1215 2379 ἑτέρωθεν
1238 2309 1654 2378 ἀφικνουμένων
1682 2310 1780 2374 τὰς
1811 2315 1984 2382 ἀμφι-

405 2402 588 2464 ϐολίας
616 2403 858 2455 διαλύειν
879 2401 1131 2464 ἐνδίκως,
1156 2403 1250 2453 καὶ
1272 2403 1562 2471 παραινεῖν
1585 2405 1653 2460 τὰ
1678 2411 1985 2480 προσήκον-

403 2511 490 2548 τα.
534 2513 552 2545 ι
588 2494 934 2550 Διαστελεῖτε
955 2493 1063 2562 γάρ
1084 2493 1289 2558 αὑτοῖς,
1325 2495 1478 2563 φησὶ,
1502 2499 1595 2550 καὶ
1623 2503 1720 2573 οὐχ
1741 2503 1986 2574 ἁμαρτῆ.

407 2601 592 2638 σονται
613 2585 690 2655 τῷ
725 2586 950 2655 Κυρίῳ·
987 2585 1082 2638 καὶ
1109 2587 1210 2638 οὑκ
1236 2586 1389 2642 ἔσται
1419 2590 1557 2662 ὀργὴ
1587 2593 1672 2663 ἐφ’
1697 2595 1860 2664 ὑμᾶς,
1891 2596 1985 2646 καὶ

405 2674 496 2725 ἐπὶ
526 2675 651 2734 τοὺς
679 2673 944 2740 ἀδελφοὺς
993 2673 1168 2740 ὑμῶν.
1199 2673 1354 2726 Οὕτω
1381 2680 1640 2750 ποιήσετε
1663 2683 1732 2744 ’⁵,
1761 2683 1855 2734 καὶ
1886 2681 1984 2750 οὑχ

405 2764 814 2832 ἁμαρτήσεσοε.
851 2762 1202 2830 ›,Ἐπέστησε
1227 2763 1272 2794 ³⁸
1295 2763 1351 2816 δὲ
1376 2766 1561 2831 αὑτοῖς
1602 2770 1872 2840 ’Λμαρίαν
1894 2770 1984 2825 τὸν

407 2856 579 2924 ίερέα,
616 2853 756 2905 ὥστε
799 2854 846 2904 εί
881 2855 1124 2920 άγνοοίεν
1156 2854 1198 2883 ³⁷
1235 2855 1282 2908 oi
1336 2856 1670 2924 δικάζοντες,
1707 2862 1854 2923 ὅπως
1895 2860 1982 2924 ἐξ·

404 2949 652 3014 ενεγκεῖν
703 2947 750 2978 ⁸⁸
793 2946 890 3017 τὴν
923 2947 1121 3016 ψῆφον,
1153 2947 1306 3018 παρὰ
1347 2949 1440 3002 τοῦ
1476 2951 1610 3005 Θεοῦ
1664 2953 1882 3024 μάθοιεν
1915 2953 1983 3007 δι’

406 3041 638 3093 ἐκείνου.
678 3059 696 3091 t
746 3040 877 3092 Ἰδοὺ
909 3041 1040 3111 γὰρ,
1067 3041 1192 3113 ἔφη,
1242 3045 1511 3117 Ἀμαρὲας
1537 3049 1565 3099 ὁ
1602 3047 1782 3118 ἱερεὺς
1819 3047 1986 3116 ήγού-
2015 3085 2058 3142 C

408 3146 567 3200 μενος
596 3132 682 3200 ἐφ’
715 3131 854 3200 ὑμᾶς
888 3133 970 3194 εἰς
1001 3134 1179 3186 πάντα
1213 3133 1369 3202 λόγον
1414 3137 1622 3205 Κυρίου
1643 3155 1656 3169 ·
1690 3139 1784 3191 καὶ
1809 3140 1989 3192 Ζαϐα-

405 3221 522 3284 δίας
572 3223 686 3284 υἱὸς
736 3223 978 3293 Ἰσμαὴλ,
1032 3225 1334 3295 ἡγούμενος
1379 3226 1456 3296 τῷ
1501 3227 1637 3299 οἴκῳ
1693 3229 1865 3283 Ἰούδα
1909 3233 1988 3293 εἰς

409 3314 585 3367 πάντα
617 3313 773 3382 λόγον
817 3315 909 3367 τοῦ
943 3314 1240 3385 βασιλέως·
1277 3319 1372 3370 καὶ
1403 3325 1773 3390 γραμματεῖς,
1813 3324 1907 3374 καὶ
1939 3323 1990 3375 οἱ

407 3405 630 3464 Λευῖται
683 3403 915 3457 ἐνώπιον
962 3405 1139 3476 ὑμῶν.
1197 3424 1216 3455 ι
1253 3406 1319 3458 EE
1354 3425 1406 3459 τι
1439 3404 1534 3461 οῦν
1564 3409 1785 3481 ἔρεσθαι
1824 3413 1866 3442 ²⁹
1898 3411 1989 3463 τὸν

406 3493 537 3546 Θεὸν
592 3493 876 3564 βούλεσθε,
921 3493 1013 3546 διὰ
1061 3494 1154 3546 τοῦ
1192 3495 1380 3566 ἱερέως
1418 3497 1578 3550 τοῦτο
1609 3500 1885 3567 γινέσθω’
1938 3501 1988 3552 εί

407 3587 462 3640 δὲ
491 3587 583 3639 τὸν
613 3585 861 3656 βασιλέα,
893 3585 984 3638 διὰ
1011 3585 1104 3639 τοῦ
1131 3584 1393 3655 ἄρχοντος
1415 3603 1427 3616 ·
1459 3589 1509 3640 εί
1539 3589 1596 3641 δὲ
1625 3589 1693 3641 τά
1725 3588 1988 3642 δοκοῦντα

406 3679 481 3749 τῷ
535 3679 689 3749 νόμῳ
737 3677 932 3749 μαθεῖν
960 3677 1189 3748 Ιθέλετε,
1238 3679 1392 3750 παρὰ
1437 3681 1548 3734 τῶν
1587 3682 1828 3735 Λευῖτῶν
1880 3683 1988 3734 τῶν

406 3771 768 3824 διδασκόντων
812 3770 902 3823 τὸν
950 3772 1114 3841 νόμον
1147 3771 1371 3840 μάθετε.
1410 3774 1548 3836 Τοὺς
1594 3774 1704 3845 γὰρ
1735 3774 1990 3829 διδασκά-

406 3864 527 3928 λους
555 3864 921 3935 γραμματέας
954 3865 1235 3919 ἐκάλεσεν.
1278 3861 1410 3918 Εἶτα
1443 3866 1759 3936 ἐπήγαγενο
1797 3885 1815 3918 ι
1867 3869 1986 3920 Ἀν-

318 3993 326 3999 -
407 3956 681 4026 δρίζεσθε,
731 3957 825 4008 καὶ
861 3957 1091 4021 ποιεῖτε,
1140 3957 1237 4011 καὶ
1267 3957 1420 4010 ἔσται
1472 3957 1677 4027 Κύριος
1725 3958 1864 4028 μετὰ
1891 3957 1986 4012 τοῦ

407 4043 640 4114 ἀγαθοῦ.
673 4063 692 4097 ι
719 4046 832 4115 Οὑχ
861 4045 1048 4109 ἁπλῶς
1076 4041 1220 4112 εἷπε,
1253 4049 1376 4116 μεθ’
1403 4047 1592 4116 ὑμῶν,
1626 4049 1763 4104 ἀλλὰ
1790 4069 1809 4102 ι
1848 4051 1989 4120 μετὰ

407 4138 498 4191 τοῦ
529 4137 762 4205 ἀγαθοῦ,
805 4158 823 4190 ι
857 4140 1127 4202 τουτέστι,
1159 4139 1254 4192 τοῦ
1283 4143 1484 4194 σκοπὸν
1509 4141 1713 4209 ἀγαθὸν
1748 4142 1984 4212 ἔχοντος,

407 4232 498 4283 καὶ
531 4231 671 4300 πρὸς
704 4229 865 4282 τοῦτο
896 4231 940 4262 ⁸⁰
976 4230 1254 4300 ῥέποντος.
1291 4233 1398 4284 Καὶ
1428 4231 1536 4286 τῶν
1565 4235 1899 4302 παμπόλλων
1930 4235 1986 4288 δὲ

408 4324 684 4394 πολεμίων
715 4323 837 4376 κατ’
873 4319 1036 4375 αὑτοῦ
1074 4321 1546 4390 στρατευσάντων,
1583 4323 1706 4376 οὑτε
1740 4324 1817 4394 τῷ
1845 4326 1986 4396 πλή-

2090 1832 2178 1887 sin
2209 1843 2391 1887 autem
2448 1849 2651 1902 regem,
2695 1849 2793 1902 per
2851 1835 3174 1904 principem.
3228 1835 3325 1890 Sin
3373 1845 3555 1891 autem
3610 1851 3676 1891 ea

2091 1941 2214 1996 quae
2243 1927 2498 1981 videntur
2535 1927 2635 1995 legi
2673 1927 2837 1982 vultis
2867 1928 3100 1994 discere,
3146 1945 3178 1983 a
3226 1928 3431 1985 Levitis
3463 1931 3558 2000 qui
3594 1931 3676 1984 le-

2091 2033 2213 2089 gem
2243 2019 2443 2072 docent
2477 2018 2696 2072 discite.
2735 2017 2997 2073 Doctores
3027 2019 3173 2075 enim
3203 2022 3496 2093 appellavit
3533 2021 3673 2076 scri-

2091 2110 2208 2166 bus.
2242 2112 2455 2166 Deinde
2493 2113 2824 2182 subjunxit:
2857 2133 2876 2166 ι
2908 2114 3097 2168 Estote
3149 2113 3338 2180 fortes,
3390 2127 3441 2169 et
3491 2113 3673 2181 facite,

2088 2211 2146 2257 et
2174 2203 2280 2257 erit
2335 2202 2606 2257 Dominus
2639 2217 2764 2258 cum
2795 2203 2961 2259 bono.
3003 2223 3023 2256 ι
3055 2201 3177 2258 Non
3221 2203 3357 2258 dixit
3409 2204 3675 2274 simplici-

2046 2334 2049 2338 -
2093 2304 2173 2350 ter
2203 2293 2493 2360 vobiscum,
2527 2295 2623 2350 sed
2665 2315 2684 2347 ι
2721 2309 2846 2349 cum
2881 2296 3044 2361 bono,
3073 2316 3094 2348 ι
3133 2296 3187 2351 id
3205 2304 3310 2362 est,
3341 2297 3435 2366 qui
3470 2296 3673 2350 bonum

2090 2385 2255 2440 habet
2301 2401 2555 2455 scopum,
2605 2395 2662 2442 et
2714 2388 2780 2442 ad
2825 2402 2947 2441 eum
2991 2386 3182 2442 tendit.
3244 2386 3416 2440 Porro
3463 2396 3670 2452 autem,

2088 2493 2213 2531 cum
2251 2477 2473 2547 plurimi
2509 2478 2692 2533 hostes
2731 2478 2996 2533 adversus
3022 2491 3146 2532 eum
3179 2478 3554 2547 suscepissent
3577 2493 3674 2532 ex-

2089 2569 2446 2638 peditionem,
2485 2586 2662 2639 neque
2703 2571 2756 2623 in
2796 2569 3149 2624 mult.tudine
3179 2568 3546 2634 subditorum,
3575 2585 3674 2623 ne-

2090 2676 2196 2728 que
2229 2661 2281 2714 in
2316 2662 2484 2716 armis
2511 2661 2763 2716 ﬁduciam
2817 2661 3024 2715 habuit.
3077 2661 3181 2716 Sed
3221 2681 3240 2713 ι
3274 2661 3443 2726 dedit,
3476 2661 3670 2732 inquit,

2090 2753 2284 2807 tat-iem
2326 2769 2480 2808 suam
2524 2755 2590 2808 ad
2646 2756 3001 2823 quaerendum
3052 2755 3384 2810 Dominum:
3421 2767 3476 2809 et
3536 2770 3673 2824 prat-

2089 2847 2295 2900 dicavit
2321 2847 2590 2915 jejunium
2619 2848 2672 2900 in
2703 2850 2852 2901 omni
2880 2846 3014 2902 Juda
3050 2857 3097 2902 ιι.
3136 2867 3155 2900 ι
3179 2847 3384 2902 Deinde
3413 2849 3673 2903 omnibus

2090 2941 2336 2995 collectis
2363 2951 2415 2993 et
2458 2939 2626 2994 Deum
2663 2941 3031 3010 placantibus,
3081 2941 3196 3012 ipse
3243 2957 3343 3011 pro
3409 2942 3668 2996 omnibus

2091 3049 2280 3103 preces
2309 3034 2527 3100 ohtulit,
2564 3034 2738 3104 ipsum
2760 3036 3052 3090 nominans
3083 3033 3374 3089 Dominum
3407 3044 3462 3090 et
3501 3034 3672 3089 Deum

2095 3138 2338 3195 patrum,
2367 3126 2630 3181 factorem
2667 3129 2794 3183 caeli
2835 3139 2889 3182 et
2935 3137 3114 3191 terra},
3140 3139 3194 3182 et
3230 3126 3522 3182 Dominum
3556 3143 3676 3183 om-

2093 3217 2244 3270 nium
2281 3218 2549 3286 gentium.
2589 3216 2790 3271 Deinde
2813 3224 3213 3271 commemorat
3249 3215 3480 3285 pristina
3512 3214 3676 3270 bene-

2092 3310 2234 3373 ﬁcia,
2286 3321 2341 3363 et
2366 3311 2627 3363 miracula
2659 3327 2672 3362 :
2713 3328 2730 3360 ι
2769 3308 2848 3361 Tu
2877 3309 3049 3373 enim,
3082 3308 3281 3377 inquit,
3319 3323 3378 3362 es
3413 3307 3675 3362 Dominus

2095 3406 2235 3459 Deus
2277 3415 2484 3468 noster,
2523 3403 2886 3472 quifunditus
2925 3401 3305 3456 exterminasti
3341 3417 3438 3456 eos
3461 3401 3554 3470 qui
3574 3399 3674 3454 ha.

2092 3495 2340 3548 hitahant
2369 3495 2508 3548 hanc
2547 3505 2747 3548 terram
2792 3509 2822 3547 a
2856 3492 2993 3546 facie
3025 3495 3210 3562 populi
3258 3493 3333 3546 tui
3379 3491 3580 3546 Israel:
3621 3501 3676 3546 et

2089 3604 2211 3643 eam
2240 3588 2436 3643 dedisti
2472 3587 2668 3643 semini
2699 3587 2935 3641 Ahraha:
2957 3587 3117 3641 amici
3154 3587 3230 3640 tui
3263 3595 3338 3642 ο.»
3370 3586 3426 3640 1η
3462 3601 3673 3640 memo-

2091 3681 2231 3735 riam
2274 3689 2454 3734 autem
2507 3681 2784 3735 revocavit
2850 3680 3276 3749 progenitorem,
3347 3690 3409 3736 ut
3455 3689 3676 3751 propter

2091 3773 2513 3841 promissionem
2564 3771 2641 3825 illi
2689 3771 2890 3826 factam
2943 3782 3333 3841 assequcretur
3385 3773 3671 3827 auxilium.

2090 3862 2238 3917 Dixit
2267 3873 2447 3917 autem
2479 3871 2534 3917 et
2563 3862 3026 3932 quemadmodum
3061 3861 3224 3933 582
3261 3864 3524 3934 templum
3553 3863 3672 3918 fue-

2089 3956 2161 4010 rit
2197 3955 2547 4020 aedilicatum,
2575 3964 2629 4009 et
2666 3955 2942 4026 quomodo
2978 3954 3198 4011 Salonio
3245 3971 3408 4010 orans
3453 3955 3671 4025 petierit

2088 4057 2170 4112 ut,
2201 4048 2245 4102 si
2266 4047 2578 4102 incursione
2603 4045 2744 4102 facta
2775 4047 2854 4123 ab»
2874 4047 3123 4104 hostibus
3151 4048 3387 4117 populus
3415 4062 3671 4102 accurre-

2091 4150 2171 4194 ret
2197 4140 2264 4192 ad
2300 4139 2583 4207 templum,
2616 4149 2671 4193 et
2697 4139 2819 4210 ejus
2845 4140 3127 4195 invocaret
3158 4139 3350 4206 Deum,
3373 4153 3669 4208 supernum

2088 4232 2522 4299 adipiscerentur
2549 4231 2838 4286 auxilium.
2869 4232 3051 4297 Nosti,
3078 4231 3277 4300 inquit,
3310 4231 3457 4300 quod
3491 4240 3669 4300 patres

2089 4322 2261 4375 nostri
2293 4321 2651 4392 pervadentes
2697 4322 2974 4376 desertum
3009 4332 3062 4376 et
3100 4323 3381 4376 venientes
3431 4322 3484 4374 in
3531 4320 3671 4374 hanc

408 4416 487 4468 θει
545 4413 654 4467 τῶν
703 4412 1001 4483 ὑπηκόων,
1053 4410 1178 4465 οὑτε
1231 4414 1345 4476 τοῖς
1406 4413 1595 4476 ὅπλοις
1657 4413 1983 4486 ἐθάρρησεν.

2094 4424 2315 4478 terram,
2357 4430 2534 4484 neque
2560 4413 2834 4478 ldumaeis,
2871 4429 3048 4483 neque
3072 4412 3425 4477 Ammanitis,
3491 4425 3670 4480 neque

423 4507 557 4561 Ἀλλ’
596 4525 614 4557 ι
657 4506 850 4570 ἔδωκε,
887 4505 1048 4574 φησὶ,
1079 4504 1140 4557 τὸ
1183 4505 1477 4574 πρόσωπον
1519 4506 1705 4570 αὑτοῦ,
1750 4507 1986 4578 ἐκζητῆ-

411 4615 496 4650 σαι
545 4599 639 4652 τὸν
689 4596 931 4666 Κύριον·
982 4596 1079 4648 καὶ
1126 4596 1361 4668 ἐκήρυξε
1414 4598 1672 4666 νηστείαν
1717 4602 1773 4652 ὲν
1819 4603 1985 4654 παντὶ

420 4690 604 4744 Ἰούδα.
646 4708 665 4740 ι
700 4684 832 4741 Εἶτα
860 4689 1078 4742 πάντων
1122 4688 1576 4758 συνειλεγμένων,
1607 4691 1703 4744 καὶ
1729 4689 1818 4744 τὸν
1849 4692 1984 4744 Θεὸν

412 4779 756 4848 ἱλεουμένων,
807 4777 969 4840 αὑτὸς
1017 4776 1114 4846 τὴν
1150 4777 1289 4847 ὑπὲρ
1323 4778 1580 4832 ἁπάντων
1618 4782 1984 4852 προσενήνοχε

411 4871 755 4940 προσευχὴν,
800 4866 1006 4937 Κύριον
1058 4867 1155 4936 μὲν
1186 4868 1350 4920 αὑτὸν
1388 4872 1480 4921 καὶ
1511 4869 1646 4922 Θεὸν
1685 4871 1793 4926 τῶν
1825 4873 1986 4925 πατέ-

415 4980 520 5033 ρων
551 4964 850 5033 ὀνομάσας,
877 4961 1108 5034 οὑρανοῦ
1139 4961 1196 5014 δὲ
1224 4962 1316 5014 καὶ
1343 4963 1445 5031 γῆς
1475 4963 1722 5036 ποιητὴν,
1759 4968 1850 5018 κοιλ¹
1881 4967 1988 5019 τῶν

419 5053 581 5108 ἐθνῶν
609 5055 868 5108 ἁπάντων
916 5053 1215 5121 Δεσπόττδν.
1269 5048 1402 5106 Εἶτα
1429 5055 1841 5125 ἀναμιμνήσκει
1890 5057 1990 5125 τῆς

486 5197 504 5237 ι
539 5199 583 5255 ll
624 5199 806 5254 Paral.
848 5214 960 5263 xtx,
998 5199 1083 5255 10.
1162 5211 1200 5237 ω
1229 5199 1358 5253 ibid.
1395 5198 1480 5251 ll.

1561 5207 1588 5234 ιι
1619 5197 1658 5251 ll
1690 5197 1868 5253 Paral.
1905 5217 1997 5266 xx,
2025 5201 2077 5254 3.

2091 4507 2342 4562 Moabitis
2363 4508 2622 4562 damnum
2657 4509 2939 4562 attulerint
2973 4515 3342 4570 transeuntes,
3367 4504 3670 4559 secundum

2093 4601 2352 4655 mandata
2387 4610 2501 4655 tua.
2546 4601 2650 4656 Sed
2686 4601 2776 4656 isti
2802 4601 3023 4671 quidem
3062 4614 3209 4653 nunc
3239 4597 3551 4668 congregati
3572 4610 3670 4650 co-

2093 4703 2295 4746 nantur
2323 4709 2424 4748 nos
2454 4695 2730 4763 expellere
2760 4709 2788 4747 a
2831 4701 2885 4747 te
2937 4693 3097 4746 nobis
3153 4691 3278 4745 data
3335 4689 3670 4748 haereditate.

2095 4783 2300 4840 Deinde
2327 4803 2423 4857 per
2453 4788 2942 4859 interrogationem
2997 4784 3240 4841 addidit:
3285 4801 3304 4836 ι
3351 4783 3544 4839 Nonne
3581 4783 3674 4852 ju—

2095 4877 2308 4933 dicabis
2334 4884 2352 4899 ‘
2386 4880 2438 4933 in
2476 4880 2558 4934 eis
2587 4880 2656 4934 P?
2684 4898 2704 4931 ι
2748 4879 3053 4934 Conﬁtetur
3089 4885 3268 4932 autem
3297 4876 3461 4931 etiam
3516 4890 3673 4930 suam

2099 4970 2532 5026 imbecillitatem
2559 4991 2573 5027 :
2618 4991 2635 5024 ι
2672 4972 2794 5026 Non
2825 4980 2958 5028 sunt
2989 4970 3172 5036 nobis,
3210 4969 3406 5039 inquit,
3434 4968 3580 5023 vires
3607 4966 3674 5020 ad

2099 5061 2468 5117 resistendum
2502 5063 2632 5118 huic
2667 5075 2774 5119 tam
2803 5079 3014 5135 magnae
3044 5061 3404 5126 multitudini,
3434 5075 3554 5131 quae
3582 5059 3671 5115 ad~

2153 5210 2175 5231 °
2212 5203 2343 5257 ibid.
2379 5203 2431 5256 'l.
2512 5215 2538 5252 P
2567 5203 2700 5259 ibid.
2729 5204 2816 5261 12.

1504 5337 1739 5392 νΑιιιΑῑ
1791 5338 2182 5396 LECTIONES
2225 5342 2312 5397 ET
2343 5343 2576 5399 NOTAE.

484 5475 530 5505 “
572 5473 788 5551 ’Υιέῷη
843 5473 921 5528 lta
973 5472 1174 5551 leg.nln
1227 5471 1374 5551 Acad.
1416 5473 1591 5551 Alex_.,
1631 5475 1722 5551 sed
1776 5486 1997 5544 praestat
2047 5476 2219 5551 lectio
2263 5478 2386 5551 cod.
2429 5479 2546 5533 Vat.
2601 5482 2632 5551 ἡ

421 5559 601 5618 ωπον.
637 5542 822 5618 Ἀιιςδι
858 5542 1050 5618 ιιμευά.
1082 5542 1145 5618 C_.
1226 5544 1270 5572 "
1294 5542 1428 5618 Μὴζ
1459 5547 1582 5597 cod.
1629 5546 1688 5598 (ὲ.
1720 5542 1844 5600 add.
1880 5565 1960 5600 τε.

2122 5549 2246 5602 cod.
2287 5550 2348 5602 Ο.
2376 5542 2664 5618 ποιήσατέ.

2641 5480 2777 5552 μῶν.
2854 5482 2900 5512 ²⁸
2955 5478 3109 5535 Οὐδὲ
3143 5477 3446 5552 θαυμάσρι
3485 5476 3675 5552 πρόφ

2755 5553 2801 5584 ²⁶
2833 5553 2954 5606 cod.
2987 5553 3052 5606 C.
3079 5551 3300 5618 ἔστησε.
3329 5617 3336 5618 7
3380 5548 3422 5578 "
3458 5547 3579 5618 cod.
3610 5547 3652 5600 (Β

420 5613 687 5693 ὰγνσῖεν.Δ
728 5616 774 5645 ³⁸
806 5613 1197 5693 Ἓξξενεγκεῖν.
1235 5613 1356 5693 cod.
1487 5619 1875 5693 προσενεγκεῖν
1907 5619 2194 5689 προσήκει.
2274 5621 2319 5652 ²⁰
2351 5621 2425 5674 El
2453 5613 2507 5674 τι
2538 5617 2652 5677 οὖν
2676 5622 2936 5692 ἔρεσθαι.
2965 5623 3089 5679 cod.
3124 5613 3262 5676 Cfsi
3293 5617 3384 5673 τὸν
3409 5617 3542 5672 Θεόν
3571 5635 3674 5689 φη-

427 5698 507 5738 σιν
533 5684 776 5757 ἔρεσθαι.
854 5685 898 5716 ³⁸
929 5687 1050 5741 cod.
1084 5683 1146 5739 C.
1173 5685 1268 5738 καὶ
1289 5686 1416 5755 περὶ
1452 5683 1630 5739 τοῦτο.
