4038 6214
427 247 534 312 839

1391 234 1888 295 THEODORETI
1951 229 2296 294 EPISCOPI
2371 229 2738 291 CYRENSIS

3585 228 3687 292 840

425 353 628 426 populo
686 361 802 418 tuo,
849 357 904 406 et
931 350 986 403 in
1023 347 1148 402 ﬁliis
1209 344 1340 410 tuis,
1383 353 1437 399 et
1469 344 1523 398 in
1559 343 1824 396 uxoribus
1873 343 2004 408 tuis,

2110 344 2177 412 τῇ
2246 339 2350 411 ὁδῷ
2409 340 2676 410 βασιλέων
2729 337 2775 370 ⁵⁸
2823 335 3058 407 Ἰσραὴλ,
3117 336 3191 400 ὡς
3244 334 3498 406 ἐποίησεν
3541 334 3688 399 οἶκος

421 459 473 503 et
511 450 565 503 in
597 447 748 503 omni
784 455 876 500 tua
908 440 1273 514 supellectile.
1310 439 1376 492 Et
1411 446 1470 492 tu
1522 437 1798 492 labet-abis
1851 437 2004 491 inﬁr-

423 539 708 595 mitatibus
775 537 960 603 malis,
1009 533 1327 591 inﬁrmitate
1381 530 1590 585 ventris
1637 530 1760 584 tui:
1832 528 2009 584 donec

423 630 590 701 583
618 628 853 684 exierint
900 627 1159 681 intestina
1218 635 1309 678 tua
1353 630 1576 691 propter
1633 620 2004 674 inﬁrmitatem

423 739 519 792 per
567 723 772 776 multos
791 720 911 775 dies
947 720 997 772 ι).
1039 737 1058 769 ι
1100 717 1241 771 llinc
1290 715 1553 769 discimus
1607 713 1752 782 quod
1803 715 1910 768 Asa
1952 721 2010 768 et

421 813 688 884 Josapbat
718 828 826 867 non
868 811 1074 866 fuerint
1106 809 1331 864 omnino
1365 807 1616 878 reprobi,
1674 808 1767 862 sed
1804 808 1904 861 etsi
1951 806 2006 859 in

424 907 705 975 aliquibus
739 903 1092 973 deliquerint,
1131 902 1183 954 in
1231 899 1484 970 pluribus
1517 899 1688 953 Deum
1713 899 2005 954 coluerint.

422 997 557 1052 Nam
606 1006 660 1052 et
689 997 780 1052 isti
821 993 1040 1051 crimini
1065 994 1254 1048 datum
1304 1002 1390 1045 est
1441 991 1586 1060 quod
1651 991 1756 1045 iter
1791 992 2008 1045 illorum

422 1089 730 1158 reliquerit.
788 1086 974 1140 Finem
1033 1095 1213 1138 autem
1289 1082 1500 1153 accepit
1544 1083 1842 1153 praedictio.
1890 1079 2006 1133 Non

423 1182 600 1236 solum
655 1179 801 1234 enim
828 1177 1148 1246 alienigenae
1189 1173 1503 1230 militarunt
1538 1184 1804 1228 adversus
1852 1172 2012 1226 Jora-

421 1287 572 1326 mum
605 1311 620 1336 ,
673 1272 766 1326 sed
824 1270 991 1325 etiam
1032 1268 1262 1332 Arabes,
1318 1276 1374 1322 et
1418 1268 1617 1320 accolae
1664 1267 2008 1336 Ethiopum,

420 1375 475 1419 et
511 1366 786 1418 irruentes
819 1362 1158 1425 devicerunt,
1213 1368 1266 1414 et
1311 1361 1586 1415 civitatem
1634 1368 1919 1429 ceperunt,
1959 1369 2014 1413 et

421 1455 828 1510 multitudinem
864 1455 1217 1506 abduxerunt
1273 1453 1327 1506 in
1363 1453 1763 1522 captivitatem,
1793 1460 1846 1504 et
1874 1450 2017 1505 ﬁlios

417 1549 538 1616 ejus
566 1559 620 1600 et
653 1546 795 1601 ﬁlias
831 1546 1177 1613 occiderunt,
1205 1555 1260 1601 et
1287 1560 1420 1615 Opes
1449 1546 1625 1616 regias
1655 1553 2011 1614 usurparunt.

418 1636 583 1694 Solus
615 1647 797 1692 autem
814 1637 1006 1708 effugit
1025 1635 1296 1693 Ochozias
1314 1638 1552 1692 ﬁliorum
1573 1647 1702 1691 natu
1725 1635 2006 1688 n‘tinimus.

416 1729 591 1784 Porro
621 1737 806 1784 autem
841 1729 892 1784 ei
911 1745 1156 1799 quoque,
1191 1728 1668 1798 sicutprmdictum
1696 1726 1893 1792 fuerat,
1927 1727 2010 1780 itt-

417 1821 609 1876 Cubuit
639 1820 866 1875 morbus
900 1819 1106 1873 ventris
1137 1837 1149 1871 :
1187 1835 1363 1888 neque
1391 1826 1515 1887 post
1539 1826 1766 1872 mortem
1803 1817 2010 1887 regiam

417 1921 707 1969 assecutus
739 1921 824 1966 est
849 1913 1226 1981 sepulturam:
1275 1930 1292 1962 ι
1329 1911 1446 1964 Non
1479 1910 1688 1980 paravit
1719 1909 1888 1973 enim,
1924 1911 2010 1963 in-

418 2005 562 2076 quit,
594 2005 643 2059 ei
674 2003 907 2074 populus
939 2002 1105 2058 funus
1137 2012 1192 2057 et
1227 2003 1657 2058 combustiunem
1710 2001 2008 2057 secundum

420 2095 856 2151 combustionem
890 2105 1104 2165 patrum
1136 2094 1276 2164 ejus,
1305 2104 1358 2149 et
1387 2095 1717 2165 sepelierunt
1744 2110 1868 2150 eum
1900 2108 2008 2150 non

421 2185 478 2240 in
509 2185 779 2255 sepulcris
837 2186 1046 2255 Regum
1081 2196 1128 2239 ε.
1168 2205 1186 2237 ι
1226 2185 1435 2240 ιίενειτι
1487 2205 1505 2237 ι
1555 2185 1890 2240 horrendum
1921 2194 2010 2241 est

424 2275 670 2331 incidere
705 2276 762 2330 in
814 2291 1012 2330 manus
1051 2275 1141 2331 Dei
1174 2276 1408 2330 viventis
1445 2275 1496 2332 ιι.
1529 2295 1547 2327 ›
1581 2275 1732 2331 Sicut
1755 2275 1899 2331 enim
1927 2285 2009 2332 est

425 2364 804 2420 misericordia
845 2365 964 2434 ejus
996 2364 1310 2432 ineﬁabilis,
1345 2367 1419 2420 ita
1451 2366 1614 2421 etiam
1657 2382 1820 2436 poma
1860 2369 2007 2423 into-

424 2455 690 2509 lerabilis.
724 2453 802 2509 Ex
849 2455 950 2510 bac
981 2455 1212 2510 historia
1255 2457 1522 2513 discimus
1584 2459 1732 2528 quod
1766 2459 2006 2514 Amazo-

424 2547 560 2602 niim
600 2556 731 2602 sunt
763 2549 965 2604 accolae
995 2547 1343 2619 IEtliiopum.
1394 2550 1661 2620 Superius
1715 2552 1862 2605 enim
1909 2553 2007 2607 ho-

423 2649 536 2693 stes
571 2639 666 2708 qui
703 2639 1026 2692 invaserunt
1059 2638 1369 2705 Joramum,
1401 2641 1636 2709 scriptor
1673 2643 1858 2695 docuit
1887 2657 2006 2697 esse

425 2729 687 2783 ﬁnitimos
714 2729 1058 2798 Aithiopum.
1082 2729 1182 2783 llic
1209 2741 1416 2796 autem,
1453 2747 1576 2785 cum
1603 2731 1829 2786 dixisset
1859 2734 2005 2803 quod

423 2819 725 2876 Ocltoziam
756 2821 928 2874 ﬁlium
954 2821 1073 2890 ejus
1106 2822 1394 2875 minimum
1426 2835 1527 2891 pro
1567 2838 1632 2878 eo
1657 2839 1839 2894 regem
1874 2840 2005 2879 con-

423 2913 724 2979 stituerint,
766 2914 1051 2982 subiunxit
1093 2924 1117 2951 θ
1149 2914 1296 2982 quod
1332 2928 1526 2970 omnes
1581 2925 1716 2970 natu
1765 2916 2004 2986 majores

2107 432 2338 504 Ἀχαὰδ,
2386 433 2470 486 ὃτι
2530 431 2780 501 θυγάτηρ
2831 427 3042 498 Ἀχαὰὕ
3074 424 3140 500 ἦν
3193 428 3341 499 αὐτῷ
3379 431 3516 500 γυνή
3548 447 3562 459 ·
3599 430 3691 482 καὶ

2107 524 2335 595 ἐποίησε
2381 524 2444 576 τὸ
2476 520 2715 591 πονηρὸν
2759 519 2992 572 ἐνώπιον
3021 519 3250 589 Κυρίου,
3287 518 3380 571 καὶ
3402 519 3504 571 οὐκ
3529 517 3692 587 ἠϐού-

2107 617 2231 671 λετο
2281 617 2488 688 Κύριος
2543 612 2927 684 ὲξολοθρεῦσαι
2968 612 3060 665 τὸν
3091 607 3241 665 οἷκον
3285 610 3453 664 Δαϐιδ
3485 610 3573 664 διὰ
3594 610 3694 678 τὴν

2107 709 2401 779 διαθήκην,
2427 708 2492 780 ἣν
2516 706 2726 760 διέθετο
2760 705 2836 775 τῷ
2867 703 3056 768 Δαϐὶδ,
3085 703 3142 756 ὃν
3187 703 3392 774 τρόπον
3413 700 3536 756 εῐπε
3568 703 3692 756 δοῦ-

2109 816 2201 852 ναι
2243 796 2396 868 αὑτῷ
2427 796 2643 866 λύχνον,
2698 795 2792 847 καὶ
2825 796 2943 857 τοῖς
2974 795 3113 857 υἱοῖς
3148 793 3342 857 αὐτοῦ,
3375 795 3559 856 πάσας
3597 793 3695 856 τὰς

2109 892 2347 962 ἡμέρας.
2385 909 2404 941 ›
2441 889 2725 943 Ἐντεῦθεν
2793 887 3152 959 ἐδιδάχθημεν
3211 886 3334 938 ὅσον
3385 885 3625 956 ὀνίνησιν
3661 886 3695 954 ἡ

2109 983 2222 1036 τῶν
2263 981 2548 1053 προγόνων
2598 979 2877 1035 εὐσέϐεια.
2915 978 3197 1048 Ἀνέχεται
3231 977 3340 1049 γάρ
3379 978 3475 1030 xai.
3523 992 3696 1047 πονη-

2113 1075 2226 1145 ρῶν
2255 1075 2282 1126 6
2311 1074 2722 1143 φιλάνθρωπος,
2759 1073 2860 1141 τῆς
2895 1070 3007 1124 τῶν
3055 1070 3466 1140 κατοιχομένων
3491 1069 3696 1138 ἀρετῆς

2117 1164 2484 1237 μεμνημένος.
2517 1165 2816 1236 Ἐδρέψατο
2841 1164 2896 1217 δὲ
2919 1163 3015 1216 καὶ
3048 1161 3177 1224 τοὺς
3215 1163 3315 1232 τῆς
3335 1157 3617 1223 εὐσεϐείας
3648 1161 3697 1192 ⁸⁸

2114 1257 2384 1330 καρπούς.
2411 1257 2700 1310 ’Λπὼσατο
2731 1257 2831 1326 μὲν
2875 1255 2984 1325 γὰρ
3013 1253 3287 1325 Ἰδουμαία
3319 1253 3411 1306 τὸν
3445 1253 3544 1322 τῆς
3573 1251 3695 1304 δου-

2114 1350 2264 1415 λείας
2292 1349 2457 1418 ζυγόν
2483 1367 2497 1380 ·
2539 1350 2752 1419 ἀπέστη
2795 1349 2850 1402 δὲ
2901 1347 2996 1401 καὶ
3037 1348 3226 1416 Λομνὰ
3257 1346 3326 1412 ⁸⁸,
3377 1344 3531 1408 πόλις
3561 1339 3697 1398 οὖσα

2114 1446 2215 1515 τῆς
2248 1442 2535 1505 Ἰουδαίας.
2581 1442 2637 1494 Ὀ
2667 1440 2725 1494 δὲ
2759 1440 3043 1510 Δεσπότης
3095 1438 3184 1491 διὰ
3209 1436 3394 1490 Ἥλιοῢ
3426 1435 3519 1490 τοῦ
3552 1437 3697 1490 πάνυ

2117 1536 2216 1605 τὴν
2248 1534 2432 1604 ψῆφον
2469 1533 2593 1586 κατ’
2630 1530 2800 1584 αὑτοῦ
2854 1531 3193 1601 ἐξενήνοχεν.
3226 1529 3363 1582 Ἀλλ’
3387 1529 3485 1580 οὐκ
3532 1525 3698 1593 αὐτὸς

2117 1630 2146 1682 ὁ
2175 1628 2462 1700 προφήτης
2509 1627 2761 1695 ἀφίκετο,
2815 1625 2902 1677 διὰ
2935 1624 3280 1695 γραμμάτων
3320 1621 3376 1676 δὲ
3409 1623 3697 1692 μεμήνυκε

2113 1720 2212 1791 τὴν
2237 1720 2390 1773 θείαν
2415 1718 2696 1788 ἀπόφασιν
2717 1758 2732 1772 .
2763 1737 2780 1770 ι
2802 1713 2978 1771 Ἦλθε
3002 1716 3133 1788 γὰρ,
3154 1717 3339 1787 φησὶν,
3361 1715 3622 1786 ὲγγραφὴ
3652 1715 3694 1746 ⁶¹

2113 1813 2268 1884 παρὰ
2295 1813 2481 1865 Ἠλίου
2505 1810 2598 1864 τοῦ
2623 1812 2906 1882 προφήτου
2930 1811 3182 1879 λέγοντος
3207 1826 3220 1839 ο
3251 1809 3392 1862 Τάδε
3422 1809 3571 1877 λέγει
3595 1809 3703 1861 K6-

2081 1968 2084 1970 π
2115 1921 2231 1976 ριος
2255 1905 2282 1956 6
2315 1905 2446 1966 Θεὸς
2477 1903 2570 1956 τοῦ
2601 1904 2810 1975 πατρός
2842 1920 2958 1955 σου·
2986 1901 3128 1956 ’Λνθ’
3159 1895 3234 1955 ὧν
3267 1902 3367 1954 οὐκ
3391 1900 3701 1972 ὲπορεύθης

2112 1999 2170 2050 ἐν
2205 1996 2309 2068 ὁδῷ
2339 1997 2613 2064 Ἰωσαφάτ
2649 1994 2744 2048 τοῦ
2789 1995 2997 2066 πατρός
3037 2013 3154 2058 σου,
3183 1996 3279 2048 καὶ
3306 1995 3362 2048 ἐν
3389 1995 3528 2060 ὁδοῖς
3560 1996 3700 2057 Ἀρὰ

2113 2089 2380 2161 βασιλέως
2416 2090 2610 2154 Ἰούδα,
2641 2089 2736 2143 καὶ
2759 2089 3064 2161 ὲπορεύθης
3099 2091 3156 2142 ὲν
3183 2089 3323 2149 ὁδοῖς
3350 2087 3624 2158 βασιλέων
3651 2090 3698 2120 ⁸³

2066 2248 2068 2250 _
2111 2186 2352 2256 Ἰσραὴλ,
2387 2185 2484 2238 καὶ
2525 2184 2929 2256 ὲξεπόρνευσας
2957 2185 3002 2216 ⁸³
3035 2184 3126 2237 τὸν
3158 2183 3386 2247 Ἰούδαν,
3428 2183 3524 2237 καὶ
3567 2183 3698 2248 τοὺς

2109 2277 2512 2340 κατοικοῦντας
2543 2279 2599 2331 ἐν
2637 2276 3020 2348 Ἰερουσαλὴμ,
3052 2276 3111 2329 ὃν
3135 2277 3338 2348 τρόπον
3365 2275 3696 2349 ὲ“ξεπὸρνευ-

2111 2386 2204 2424 σεν
2234 2370 2262 2421 ὁ
2291 2365 2440 2431 οἶκος
2464 2366 2675 2440 Ἀχαὰὀ
2701 2385 2713 2398 ·
2741 2367 2982 2430 καὶτοὺς
3006 2363 3274 2434 ἀδελφούς
3307 2382 3422 2429 σου,
3448 2364 3544 2418 καὶ
3569 2365 3697 2429 τοὺς

2110 2463 2263 2526 υἱοὺς
2294 2461 2341 2494 ⁸⁸
2366 2461 2461 2515 τοῦ
2495 2459 2704 2531 πατρός
2738 2477 2832 2512 σου
2864 2460 2989 2522 τοὺς
3022 2457 3265 2527 ἀγαθοὺς
3307 2458 3446 2530 ὑπὲρ
3477 2458 3535 2511 σὲ
3581 2460 3695 2512 ἀπ-

2109 2555 2394 2617 έκτειναςο
2429 2553 2517 2607 διὰ
2559 2553 2716 2606 τοῦτο
2749 2552 2858 2605 ἰδοὺ
2906 2551 3114 2623 Κύριος
3165 2550 3438 2605 πατάσσει
3473 2550 3696 2622 πληγὴν

2112 2646 2356 2718 μεγάλην
2384 2648 2441 2699 ὲν
2475 2646 2551 2717 τῷ
2589 2645 2705 2716 λαῷ
2746 2662 2864 2709 σου,
2903 2646 2997 2697 καὶ
3040 2645 3098 2696 ὲν
3137 2648 3248 2708 τοῖς
3280 2645 3415 2706 υἱοῖς
3447 2661 3563 2708 σου,
3597 2644 3696 2697 καὶ

2107 2742 2165 2792 ὲν
2189 2743 2307 2803 ταῖς
2345 2739 2563 2808 γυναιξί
2591 2757 2706 2802 σου,
2743 2740 2838 2791 καὶ
2860 2739 2916 2789 ὲν
2946 2738 3095 2810 πάσῃ
3116 2740 3181 2808 τῇ
3216 2735 3363 2807 οἰκίᾳ
3383 2736 3426 2768 ⁸⁵
3447 2737 3692 2790 σου.Κσὶ

2109 2833 2172 2885 σὺ
2202 2831 2302 2904 ἔσῃ
2330 2832 2387 2884 ἐν
2418 2831 2753 2901 ἀρρωστίαις
2773 2833 3062 2900 πονηραῖς,
3085 2831 3142 2881 ἐν
3169 2829 3454 2901 ἀρρωστίᾳ
3477 2827 3695 2893 κοιλίας

2109 2938 2226 2986 σου,
2268 2922 2373 2984 ἓως
2401 2916 2460 2975 οὗ
2487 2919 2679 2991 ἐξέλθῃ
2702 2923 2769 2972 τά
2801 2921 2845 2950 ⁸⁸
2885 2919 3080 2988 ἔντερά
3116 2937 3210 2971 σου
3246 2919 3352 2971 ἀπὸ
3380 2922 3479 2990 τῆς
3503 2920 3693 2990 cppe-

423 3006 688 3061 occiderit
729 3005 887 3060 turba
928 3007 1245 3074 praadonum
1283 3006 1339 3059 in
1371 3022 1468 3061 eos
1500 3007 1711 3064 irruens
1742 3025 1772 3064 a
1796 3008 2002 3065 Barba-

2109 3012 2261 3075 στίας
2285 3011 2342 3077 ἐξ
2373 3011 2597 3082 ἡμερῶν
2645 3012 2727 3075 είς
2757 3012 2995 3082 ἡμέρας.
3029 3030 3046 3061 ι
3101 3011 3384 3063 Ἐντεῦθεν
3415 3011 3688 3081 μανθάνο-

425 3097 501 3152 ris
529 3106 584 3151 ct
626 3097 694 3150 ab
745 3097 1110 3164 Amazoniim,
1157 3098 1212 3150 in
1258 3098 1477 3152 castris.
1519 3100 1587 3153 Et
1633 3101 1732 3155 iste
1779 3117 2001 3172 quoque

424 3188 713 3242 annulatus
766 3187 869 3243 fuit
928 3189 1268 3258 impietatem
1333 3192 1525 3261 patris.
1587 3191 1748 3262 587
1803 3192 2002 3250 Habuit

425 3279 568 3331 enim
617 3278 935 3347 magistram
999 3280 1480 3336 sceleratissimam
1542 3294 1793 3338 matrem.
1863 3285 2000 3340 Eum

427 3366 700 3422 interfecit
731 3366 868 3422 Jeliu
889 3385 1012 3422 cum
1040 3368 1263 3424 .loramo
1285 3387 1407 3441 rege
1439 3371 1620 3426 Israel.
1648 3375 1890 3446 Adeptus
1920 3386 2004 3431 cst

425 3467 610 3512 autem
680 3459 1041 3527 sepulturam,
1104 3471 1328 3530 propter
1377 3466 1460 3516 avi
1516 3463 1812 3533 pietatem:
1876 3483 2000 3522 eum

425 3552 573 3604 enim
622 3551 816 3618 sepelit
861 3549 1042 3604 Jebu:
1103 3571 1122 3602 ι
1177 3553 1470 3619 Quoniam,
1507 3559 1523 3576 '
1554 3559 1851 3629 inquiebat,
1919 3568 2005 3617 cst

427 3646 577 3698 titius
606 3643 913 3712 Josaphati,
946 3646 1041 3714 qui
1070 3648 1322 3716 quaesivit
1347 3648 1637 3706 Dominum
1669 3663 1782 3709 toto
1837 3657 2004 3712 corde

429 3751 535 3790 suo
571 3735 614 3788 ῖ.
649 3754 668 3785 ι
706 3735 910 3790 Deinde
935 3738 1160 3806 exponit
1190 3740 1256 3794 de
1279 3741 1444 3797 Joaso
1479 3758 1540 3798 ea
1571 3761 1694 3814 quae
1724 3747 1778 3800 in
1806 3759 2003 3818 quarto

430 3824 571 3879 libro
603 3824 916 3896 Regnorum
940 3828 1278 3898 interpretati
1308 3849 1522 3889 sumus.
1549 3836 1798 3893 Dicemus
1819 3850 2002 3894 autem

433 3932 772 3986 qnaccunque
803 3933 908 3972 non
941 3920 1248 3978 invenimus
1279 3925 1453 3993 posita
1485 3927 1538 3980 in
1570 3928 1662 3982 illo
1680 3929 1840 3984 libro.
1867 3929 2003 3985 Nam

431 4010 524 4078 qui
557 4009 780 4077 scripsit
812 4010 1249 4080 Paralipomena,
1305 4015 1494 4072 docuit
1535 4021 1560 4059 ε
1621 4021 1765 4089 quod
1818 4022 1888 4077 ab
1912 4025 2004 4078 ad-

431 4102 665 4156 mirabili
692 4103 948 4172 pontiﬁce
979 4105 1031 4159 in
1055 4108 1229 4162 zelum
1261 4108 1627 4168 inﬂammatus
1665 4116 1901 4184 populus
1923 4117 2006 4171 di-

430 4195 600 4249 rucrit
629 4206 868 4250 statuam
890 4197 1089 4267 Baalis,
1117 4209 1169 4255 et
1187 4216 1307 4256 eam
1337 4206 1670 4274 contriverit,
1689 4217 1741 4262 et
1761 4224 1790 4262 a
1814 4208 2007 4264 funda-

2109 3121 2230 3173 μεν,
2288 3103 2362 3164 ὼς
2409 3103 2504 3156 καὶ
2543 3101 2677 3154 Ἀσὰ
2736 3102 2832 3153 καὶ
2882 3100 3152 3169 Ἰωσαφὰτ
3202 3101 3264 3152 οὑ
3332 3099 3688 3153 παντάπασιν

2103 3189 2245 3265 ἦσαν
2276 3193 2528 3263 ἀδόκιμοι
2552 3209 2564 3222 ·
2605 3193 2718 3245 ἀλλ’
2749 3195 2797 3245 εἰ
2844 3192 2937 3246 καί
2975 3210 3099 3244 τινα
3135 3173 3594 3262 ἐπλημμέλησαν,
3633 3193 3690 3244 ὲν

2103 3289 2215 3349 τοῖς
2250 3285 2460 3338 πλείοσι
2488 3285 2578 3339 τὸν
2613 3284 2744 3338 Θεὸν
2788 3285 3186 3354 ἐθεράπευσαν.
3230 3283 3342 3336 Καὶ
3392 3283 3502 3354 γὰρ
3531 3277 3693 3347 οὗτος

2105 3377 2396 3448 ἐνεκλήθη,
2432 3378 2506 3441 ὡς
2530 3376 2628 3448 τὴν
2659 3378 2885 3430 ἐκείνων
2909 3376 3138 3447 πορείαν
3165 3375 3503 3430 καταλιπών.
3523 3377 3694 3431 Ἐλα-

2107 3471 2167 3524 ϐε
2195 3472 2251 3526 δὲ
2280 3474 2456 3543 πέρας
2487 3473 2518 3542 ἠ
2551 3473 2877 3543 πρόρρησις.
2929 3472 3004 3523 Οὐ
3038 3471 3147 3541 γὰρ
3189 3469 3352 3539 μόνον
3396 3469 3692 3539 ἀλλόφυλοι

2105 3565 2184 3634 τῷ
2221 3565 2423 3635 Ἰωρὰμ
2477 3565 2909 3636 ἐπεσρὰτευσαν,
2965 3563 3104 3618 ἀλλὰ
3145 3565 3238 3618 καὶ
3277 3562 3558 3634 Ἀραόες,
3601 3564 3692 3618 καὶ

2105 3659 2214 3712 τῶν
2241 3659 2517 3713 Αἰθιόπων
2548 3662 2596 3713 oi.
2614 3660 2924 3730 πρόσοικοι,
2946 3659 3040 3712 καὶ
3092 3657 3494 3728 προσϐαλόντες
3517 3675 3691 3714 καταο

2107 3753 2308 3823 κράτος
2338 3753 2620 3824 ἐνίκησαν,
2650 3753 2743 3807 καὶ
2768 3753 2865 3822 τὴν
2896 3753 3051 3804 πόλιν
3080 3752 3313 3817 ἀνεῖλον,
3350 3752 3528 3805 καὶτὸ
3554 3752 3692 3823 πλῆ-

2107 3846 2199 3908 θος
2244 3846 2706 3918 ὲξηνδραπόδισαν
2734 3887 2748 3912 ,
2780 3847 2873 3900 καὶ
2922 3848 3048 3909 τοὺς
3091 3848 3245 3910 υἱοὺς
3269 3844 3437 3899 αὑτοῦ
3467 3846 3569 3900 καὶ
3599 3846 3692 3909 τὰς

2108 3938 2419 4012 θυγατέρας
2458 3941 2837 4005 κατέκτειναν,
2868 3940 2964 3994 καὶ
3007 3940 3097 3992 τὸν
3150 3939 3431 4010 βασιλικὸν
3465 3940 3693 4011 ἐσφετε-

2110 4037 2334 4108 ρίσαντο
2387 4037 2639 4090 πλοῦτον.
2693 4038 2871 4099 Μόνος
2912 4037 2968 4088 δὲ
3011 4035 3259 4107 Ὀχοζίας
3297 4036 3548 4106 διέφυγε,
3584 4038 3693 4090 τῶν

2108 4127 2313 4178 παίδων
2347 4126 2375 4178 6
2421 4125 2710 4190 νεώτατος.
2758 4127 3071 4196 Ἐπέσκηψε
3129 4128 3185 4182 δὲ
3235 4128 3385 4199 αὑτῷ
3434 4127 3532 4185 καὶ
3594 4129 3692 4200 τῆς

2107 4214 2351 4285 γαστρὸς
2393 4215 2454 4268 τὸ
2492 4216 2685 4280 πάθος,
2725 4217 2865 4270 κατὰ
2910 4217 3011 4288 τὴν
3052 4217 3398 4291 πρόρρησιν,
3432 4220 3531 4273 καὶ
3571 4218 3691 4274 οὐδὲ

428 4288 628 4343 mentis
644 4287 979 4345 destruxerit
995 4292 1206 4358 altaria,
1223 4305 1278 4349 et
1292 4297 1596 4351 dwmonum
1624 4299 2006 4356 comminuerit

2115 4307 2254 4378 μετὰ
2309 4307 2537 4363 θάνατον
2592 4307 2880 4381 βασιλικῆς
2931 4287 3174 4380 ἠξιώθη⁷
3201 4287 3382 4381 ταφῆς
3415 4312 3483 4367 ⁸⁷.
3517 4329 3537 4363 ι
3578 4312 3689 4366 οὐκ

426 4379 746 4434 simulacra.
781 4380 1114 4438 Matthanem
1140 4396 1320 4440 autem
1347 4387 1528 4443 Baalis
1553 4391 1888 4445 sacerdotem
1918 4407 2006 4447 oe-

2113 4399 2343 4470 ἐποίησε
2375 4399 2487 4470 γὰρ
2518 4399 2689 4471 αὐτῷ,
2711 4378 2899 4472 φησιν,
2928 4403 2955 4455 6
2982 4401 3108 4466 λαὸς
3131 4378 3380 4474 Ῠὲκφορᾶν
3420 4403 3520 4457 καὶ
3551 4400 3684 4455 καῦ-

427 4469 580 4524 cidit.
617 4466 974 4524 Sacerdotum
1010 4487 1139 4526 vero
1166 4475 1311 4529 vices
1340 4477 1703 4543 conﬁrmavit,
1727 4479 2008 4536 etLevita-

427 4576 548 4614 rum
568 4562 839 4628 ordinem,
854 4572 909 4617 et
927 4563 1055 4630 alia,
1078 4576 1136 4619 ut
1155 4569 1345 4634 paucis
1361 4569 1561 4636 dicam,
1581 4587 1702 4640 qua:
1719 4588 1810 4628 rex
1838 4575 2007 4631 David

423 4653 711 4708 censtituit
731 4653 801 4708 ad
829 4656 1040 4710 cultum
1077 4655 1194 4712 Dei.
1225 4657 1296 4712 lis
1334 4668 1514 4715 autem
1547 4678 1670 4732 quae
1694 4679 1725 4718 a
1753 4667 2008 4734 pontiﬁce

428 4741 759 4815 gerebantur
789 4761 949 4817 opem
980 4761 1074 4802 rex
1106 4748 1425 4806 conferebat
1457 4753 1526 4807 ab
1555 4755 1674 4824 ipso
1727 4756 2000 4813 illumina-

500 4960 527 5000 δ
555 4962 598 5017 ιι
629 4961 810 5048 Remi.
845 4985 958 5037 xxi,
994 4971 1175 5030 1245.
1255 4987 1278 5017 ο
1307 4977 1441 5034 ibid.
1473 4977 1559 5048 i9,
1591 4979 1682 5036 20.

426 5046 588 5101 mu,
623 5035 689 5090 17
717 5051 870 5112 seqq.

1784 4981 1812 5022 (ι
1841 4982 2010 5038 Hebr.
2043 5000 2098 5050 x,
2127 4984 2215 5038 5|.

2115 4509 2198 4546 σιν
2227 4489 2296 4558 ⁸⁸,
2337 4491 2478 4547 κατά
2514 4493 2615 4564 τὴν
2661 4492 2859 4546 καῦσιν
2908 4494 3015 4547 τῶν
3060 4495 3312 4563 πατέρων
3358 4493 3546 4558 αὐτοῦ,
3591 4490 3686 4546 καὶ

2112 4584 2323 4654 ἔθαψαν
2359 4585 2522 4638 αὑτὸν
2558 4585 2659 4637 οὐκ
2704 4588 2763 4638 ὲν
2807 4587 3000 4654 τάφοις
3051 4585 3336 4655 βασιλέων.
3379 4605 3399 4638 ι
3446 4583 3682 4654 Ἀληθῶς

2113 4677 2345 4748 φοϐερὸν
2365 4677 2427 4730 τὸ
2457 4678 2722 4746 ἐμπεσεῖν
2751 4680 2829 4740 είς
2857 4680 3043 4750 χεῖρας
3085 4679 3218 4734 Θεοῦ
3245 4679 3464 4742 ζῶντος.
3494 4694 3512 4726 ι
3551 4674 3677 4725 ’Ὠσ-

2113 4784 2219 4839 περ
2242 4769 2350 4839 γὰρ
2383 4769 2411 4820 ὁ
2440 4767 2586 4830 ἔλεος
2617 4767 2784 4822 αὑτοῦ
2811 4769 2855 4800 ⁸³
2891 4769 3150 4840 ἄῤῥητος,
3186 4769 3329 4823 οὕτω
3354 4767 3442 4820 καὶ
3465 4767 3508 4796 ⁷⁸
3531 4765 3560 4834 ή
3583 4761 3671 4815 κό-

2324 4993 2347 5024 ο
2376 4983 2420 5038 ll
2455 4982 2634 5040 Parat.
2672 5000 2807 5049 xxii,
2869 4985 2920 5041 1.
3003 4986 3021 5024 τ
3057 4987 3191 5043 ibid.
3226 4987 3281 5043 9.
3360 4990 3384 5028 Β
3433 4983 3478 5039 ιι
3501 4983 3679 5040 l‘aral.

1526 5221 1761 5280 VARIIE
1806 5225 2198 5284 LECTIONES
2233 5229 2322 5284 ΕΤ
2359 5229 2590 5288 ΝΟΤΛΕ.

493 5384 541 5418 ⁸⁸
580 5387 700 5460 cod.
748 5388 812 5444 C.
853 5387 1144 5460 βασιλέως.

425 5451 655 5554 tris-tat
681 5451 1158 5554 latitiglrecepta'l.
1198 5483 1247 5520 e.
1290 5451 1622 5554 ἐν

2107 5451 2248 5554 at“:
2290 5451 2618 5554 Iram.
2662 5451 2950 5554 iam:
2998 5451 3070 5518 ηπ

424 5539 642 5598 νευσαν.
718 5530 767 5564 ⁸⁵
808 5530 1196 5598 Hauc-{Abest
1221 5553 1250 5591 a
1281 5530 1493 5593 cod."G.

1223 5398 1269 5429 δ’
1294 5401 1650 5475 acassam.
1692 5401 2007 5473 Legendum
2043 5408 2259 5462 videtur
2290 5409 2565 5475 ἀσεϐείας.

426 5543 642 5582 νευσαν.
718 5543 767 5564 ὀ
809 5543 1003 5598 Hon.
1030 5543 1196 5591 Abest
1221 5553 1250 5591 a
1281 5543 1404 5592 cod.
1432 5543 1493 5593 C.
1575 5543 1618 5573 εδ
1645 5545 1833 5608 Οἰκία.
1860 5546 1989 5600 Rec.

426 5592 734 5684 ᾖπεξξευῇ.
811 5603 856 5633 ⁶⁶
883 5603 1042 5684 Td;—
1064 5605 1580 5684 ἀρρωστίας-,μηρὼ
1616 5613 1775 5684 lectio
1810 5616 1844 5667 Ι.
1871 5631 1920 5670 c.
1953 5633 2006 5671 es

2108 5543 2388 5619 umquam
2410 5543 2677 5608 Hervetus
2701 5543 2974 5625 sequitur,
2993 5567 3097 5625 est,
3124 5561 3372 5614 ἀποσκευ

2107 5621 2123 5684 ιι
2157 5621 2334 5673 κοιλία
2371 5637 2464 5674 σου
2508 5625 2646 5684 μετὰ
2679 5626 2777 5684 τῆς
2807 5627 3098 5684 μαλακίας.
3176 5630 3220 5662 ⁶⁷
3249 5628 3370 5684 cod.

2647 5412 2692 5487 ‘f
2727 5415 2848 5487 cod.
2886 5413 2950 5474 C.
2998 5418 3206 5487 Λεμνά.
3283 5418 3328 5449 ⁸³
3368 5417 3685 5487 Ἐτῃοαςρή.

3123 5489 3244 5542 cod.
3283 5487 3345 5541 ϐ.
3375 5489 3427 5540 οἱ
3457 5486 3689 5558 6551:69-

3377 5560 3434 5628 ᾗ.
3474 5557 3686 5628 cod.C.

2090 5621 2464 5700 ﬁnxeriiafoti
2508 5625 2646 5700 μετὰ
2679 5621 3098 5700 τῆξμαλαιιίας.
3176 5630 3220 5662 ⁶⁷
3494 5627 3687 5700 τιμῆς.

431 5661 757 5734 ⁸⁸,Καῦσὶὶπ
795 5674 920 5731 cod.
950 5674 1026 5749 _C.
1081 5661 1325 5734 έίαὖσιν.
1373 5661 2006 5743 ’δνίέῦὲὸῦἶλδέεῐῖὀ

2111 5661 2464 5748 ’ς’ςνπέτιξοῑίῑ
2495 5661 2660 5750 ιἰςέξι
2689 5661 2956 5753 atrata“.
