4038 6214
468 355 572 422 845

1449 345 1734 420 QUIEST.
1763 345 1843 407 IN
1894 345 1956 405 II
1993 343 2264 404 PARAL.
2314 342 2474 403 CAP.
2513 342 2722 407 XXVI.

3645 344 3750 408 846

469 479 591 548 ρίας
609 472 813 545 τυχὼν,
842 471 941 527 οὐκ
964 471 1108 541 ἔγνω
1144 469 1234 524 τὸν
1262 469 1580 540 εὐεργέτην.
1610 468 1733 521 Τῶν
1767 467 1875 538 γὰρ
1903 467 2060 536 ἡττη-

2169 462 2366 518 Isaiam
2390 482 2402 518 :
2439 483 2457 516 ι
2485 464 2694 520 Adhibe
2714 462 2843 519 mihi
2866 471 3032 520 testes
3058 464 3241 519 ﬁdeles
3264 463 3532 532 homines,
3564 461 3750 519 Utinm

467 569 668 621 θέντων
694 566 820 630 τοὺς
853 564 1032 630 θεοὺς,
1057 563 1152 627 οὓς
1185 562 1324 632 μετά
1353 560 1460 614 τῶν
1491 559 1751 628 λαφύρων
1779 558 2060 626 ἐκόμισεν,

466 661 540 722 ὡς
571 657 855 728 ⁸δοτῆρας
909 657 1013 723 τῆς
1061 655 1218 724 νίκης
1269 652 1519 722 ἐτίμησε,
1571 649 1666 703 καὶ
1725 646 2063 719 ἱερουργίαις

467 748 778 819 ἐγέραιρεν.
822 745 963 799 Ἀλλ’
986 743 1217 817 ἤλεγξεν
1246 741 1266 774 ⁸
1287 741 1450 796 αὐτοῦ
1478 741 1574 812 τὴν
1596 739 1851 793 ἀσέϐειαν
1877 738 1906 790 ό
1928 737 2062 800 θεὸς

466 837 554 892 διὰ
603 836 697 890 τοῦ
735 837 1041 908 προφήτου.
1080 831 1219 888 Eine
1259 832 1369 904 γὰρ
1414 830 1583 902 αὐτῷ,
1629 849 1647 882 r
1685 829 1750 883 Τί
1784 828 2064 900 ἐζήτησας

466 933 593 993 τοὺς
628 929 785 993 θεοὺς
815 929 908 982 τοῦ
939 927 1097 993 λαοῦ,
1132 927 1182 982 οἳ
1207 928 1308 981 οὐκ
1347 926 1613 991 ἐξείλοντο
1647 925 1669 957 ³
1699 926 1790 978 τὸν
1815 923 1941 976 λαὸν
1968 923 2065 976 αὐ-

467 1021 573 1076 τῶν
596 1024 658 1074 ἐκ
685 1021 868 1092 χειρός
895 1037 989 1073 σου
1015 1038 1029 1088 ;
1059 1038 1078 1072 ι
1129 1020 1252 1073 Ἐπὶ
1274 1018 1464 1084 πολὺν,
1486 1016 1864 1089 φησὶ,”χρόνον
1893 1015 1914 1045 ⁸
1938 1014 2064 1067 τού-

468 1132 589 1177 τους
615 1111 1000 1183 ἐθεραπευσαν
1033 1113 1344 1184 Ἰδουμαῖοι,
1374 1111 1490 1165 ἀλλ’
1518 1112 1618 1164 οὐκ
1647 1109 1940 1163 ἀπώσαντο
1962 1107 2063 1178 τῆς

469 1205 799 1274 θεραπείας·
864 1205 1126 1276 οὐδεμιᾶς
1183 1205 1292 1274 γὰρ
1332 1204 1462 1275 παρ’
1513 1202 1694 1257 αὐτῶν
1739 1203 2063 1273 ἐπικουρίας

469 1297 813 1368 ἀπήλαυσαν.
847 1298 920 1351 Σὺ
950 1297 1006 1350 δέ
1027 1297 1126 1366 τῆς
1156 1298 1297 1368 ἐμῆς
1319 1295 1638 1360 ἀπολαύσας
1665 1296 1858 1369 ῥοπῆς,
1880 1297 1940 1349 οὐ
1967 1295 2062 1366 μό-

467 1407 558 1445 νον
617 1390 972 1454 κατέκτεινας
1035 1391 1305 1454 ἐκείνους,
1355 1389 1492 1446 ἀλλά
1547 1391 1641 1444 xa‘t
1690 1390 1913 1452 τούτους
1978 1391 2065 1455 ἐξ-

469 1480 893 1552 ηνδραπόδισας.
942 1479 1164 1534 Τούτων
1211 1480 1368 1534 οὐδὲν
1423 1480 1601 1551 ὢνησε
1659 1481 1750 1535 τὸν
1812 1480 2059 1551 ἀνόητον.

473 1573 620 1643 Ἔφη
658 1575 767 1644 γὰρ
798 1572 936 1643 πρὸς
964 1572 1055 1626 τὸν
1085 1574 1398 1644 προφήτην,
1443 1591 1461 1624 ι
1501 1573 1594 1643 Μὴ
1625 1572 1933 1642 σύμϐουλον
1964 1573 2061 1626 τοῦ

473 1664 741 1735 βασιλέως
785 1664 997 1718 δέδωκὰ
1028 1681 1128 1732 σε;
1177 1665 1414 1736 πρόσεχε
1449 1664 1682 1736 σεαυτῷ,
1716 1666 1804 1719 ἵνα
1840 1665 1918 1737 μὴ
1955 1683 2063 1720 παο

471 1761 619 1825 τάξω
647 1761 667 1792 '
700 1777 781 1815 σε.
822 1776 844 1812 ι
900 1760 958 1812 '0
987 1759 1043 1813 δέ
1076 1759 1362 1831 προφήτης
1396 1754 1519 1813 εἷπε
1559 1758 1581 1789 ⁸
1615 1761 1712 1814 σὺν
1743 1761 2058 1832 παρρησίᾳ·

477 1868 497 1902 ι
522 1852 739 1919 Ἔγνων
769 1851 852 1905 ὅτι
883 1849 1244 1904 ἐϐουλεύσατο
1269 1849 1478 1922 Κύριος
1506 1850 1602 1906 τοῦ
1632 1851 1944 1923 διαφθεῖραί
1980 1869 2060 1918 σε,

470 1941 552 1996 ὅτι
577 1941 845 2012 ἐποίησας
871 1941 1054 2009 τοῦτο,
1086 1943 1182 1995 καὶ
1213 1941 1313 1995 οὐκ
1338 1943 1578 2014 ἤκουσας
1605 1942 1705 2012 τῆς
1733 1942 2065 2014 συμϐουλίας

471 2051 598 2105 μου.
643 2051 662 2086 ι
729 2032 890 2088 Οὕτω
946 2034 1048 2104 τῆς
1106 2033 1258 2098 θείας
1322 2035 1636 2105 γυμνωθεὶς
1693 2035 2060 2108 προμηθείας,

472 2124 870 2195 προσκαλεῖται
900 2123 1000 2196 μέν
1031 2127 1111 2189 είς
1140 2125 1378 2198 πόλεμον
1407 2126 1502 2180 τοῦ
1542 2127 1757 2198 Ἰσραὴλ
1784 2127 1875 2180 τὸν
1905 2127 2063 2198 βασι-

473 2214 571 2268 λέα
591 2231 606 2246 ⁸
643 2213 882 2269 πέπονθε
926 2215 983 2268 δέ
1015 2214 1160 2286 ἀπερ
1190 2218 1212 2250 ⁸
1241 2218 1300 2270 ἐν
1344 2220 1464 2282 ταῖς
1499 2218 1810 2282 Βασιλείαις
1838 2219 2063 2290 εἰρήκα-

476 2325 602 2377 μεν.
643 2305 876 2377 Ὁμοίως
904 2307 961 2360 δὲ
991 2307 1070 2378 τῷ
1109 2311 1282 2378 πατρὶ
1312 2309 1406 2362 καὶ
1440 2309 1501 2361 τὸ
1537 2309 1712 2380 πέρας
1742 2310 1784 2342 ’⁸
1819 2309 2060 2375 ἐδέξατο.

489 2397 732 2450 Ἐπαινεῖ
755 2397 795 2428 ¹¹
825 2397 884 2452 δὲ
915 2399 956 2430 ³⁸
979 2399 1072 2453 τὸν
1098 2399 1286 2454 Ὀσίαν
1314 2403 1346 2470 ὴ
1379 2399 1499 2454 θεία
1529 2400 1738 2470 Γραφή.
1765 2397 1902 2454 «Ἦν
1931 2401 2061 2472 γὰρ,

473 2490 662 2560 φησὶν,
699 2490 944 2560 ἐκζητῶν
965 2489 1056 2544 τὸν
1090 2490 1298 2562 Κύριον
1331 2494 1388 2545 ἐν
1420 2492 1572 2563 φόϐῳ
1597 2493 1826 2562 Κυρίου,
1857 2494 1914 2547 ἐν
1940 2496 2063 2557 ταῖς

471 2581 710 2652 ἡμέραις
751 2583 1028 2654 Ζαχαρίου
1072 2584 1167 2638 τοῦ
1203 2585 1476 2648 συνιόντος
1531 2587 1588 2638 ἐν
1617 2587 1804 2659 ὁράσει
1835 2585 1994 2640 Θεοῦ.
2040 2606 2058 2637 ι

471 2671 636 2741 Λέγει
661 2671 718 2725 δὲ
749 2673 846 2726 καί⁵
872 2674 998 2736 τοὺς
1025 2674 1128 2743 τῆς
1158 2673 1444 2740 εὐσεϐείας
1470 2675 1718 2745 καρπούς
1737 2695 1753 2710 ο
1801 2694 1819 2726 ι
1862 2677 1974 2730 Καὶ
2006 2678 2064 2728 ἐν

471 2765 598 2824 ταῖς
630 2762 865 2834 ἡμέραις
927 2763 1092 2817 αὐτοῦ
1149 2764 1444 2836 ἐξεζήτησε
1487 2766 1582 2821 τὸν
1629 2765 1856 2838 Κύριον,
1900 2767 2063 2820 mi."

473 2854 814 2924 κατηύθυνεν
839 2855 884 2887 ’⁸
907 2857 1072 2910 αὐτὸν
1096 2858 1300 2928 Κύριος
1326 2862 1354 2913 ό
1372 2859 1524 2923 Θεός.
1563 2877 1582 2912 ι
1621 2859 1901 2914 Ἐντεῦθεν
1926 2878 2064 2932 μαν-

474 2943 732 3016 θάνομεν,
763 2945 838 3010 ὡς
870 2947 1056 3002 πολλοὶ
1085 2951 1354 3020 Ζαχαρίαι
1379 2951 1728 3023 γεγένηνται.
1761 2953 1873 3005 Καὶ
1900 2953 2007 3024 γὰρ
2038 2956 2065 3007 ό

474 3035 568 3088 τοῦ
611 3036 796 3090 Ἰωδαέ
831 3037 969 3102 υίὸς,
1000 3037 1060 3092 ὃν
1101 3039 1252 3103 Ἱωάς
1285 3041 1573 3106 κατέλυσε,
1622 3041 1901 3112 Ζαχαρίας
1925 3042 2060 3096 ὠνό-

2165 557 2530 622 sacerdotem,
2581 566 2637 613 et
2687 556 3012 612 Zachariam
3073 557 3244 611 lilium
3291 557 3568 611 Barachiae
3607 559 3678 611 ι’.
3725 577 3743 609 ι

2165 649 2334 706 Isaias
2361 649 2508 706 enim
2535 650 2879 721 prophetavit
2905 650 2998 705 illo
3037 659 3313 720 tempore:
3346 670 3363 701 ι
3407 650 3558 706 Visio
3579 650 3749 710 enim.

2166 743 2365 814 inquit,
2408 759 2572 814 quam
2613 743 2746 799 vidit
2780 743 2948 800 Isaias
2986 744 3131 798 [ilius
3161 744 3351 809 Amos,
3403 759 3569 813 quam
3616 743 3752 798 ridit

2164 846 2354 891 contra
2378 835 2650 902 Judaeam,
2682 845 2737 891 et
2770 844 2961 892 contra
2987 834 3444 906 Hierosolymam,
3480 837 3533 888 in
3558 835 3752 893 diebus

2165 925 2331 993 Oziae,
2361 934 2416 980 et
2438 926 2735 990 Joathami,
2765 935 2820 981 et
2850 914 3074 992 Kchasi,
3108 935 3163 982 et
3194 924 3465 992 Ezechiae,
3504 925 3597 996 qui
3634 923 3754 980 fue-

2167 1028 2296 1074 runt
2344 1033 2502 1089 reges
2523 1018 2728 1074 Judaem
2755 1027 2804 1073 υ.
2851 1037 2870 1071 ι
2909 1017 3050 1075 Dicit
3089 1028 3270 1075 autem
3313 1020 3488 1088 ipsum
3535 1033 3754 1088 quoque

2166 1109 2218 1162 in
2247 1109 2404 1164 bellis
2448 1109 2666 1174 fortem,
2693 1121 2741 1165 et
2792 1109 2845 1164 in
2877 1109 3127 1166 aediliciis
3167 1108 3541 1180 magniﬁcum,
3591 1117 3646 1164 et
3696 1108 3750 1162 in

2165 1203 2313 1271 agris
2350 1202 2594 1257 colendis
2625 1218 2860 1272 gnavum
2901 1219 2965 1258 ac
2993 1203 3328 1273 diligentem.
3364 1201 3536 1256 Petra:
3568 1209 3750 1255 autem

2169 1294 2410 1349 civitatis
2469 1293 2814 1352 habitatores
2853 1294 3099 1350 nominat
3144 1294 3356 1349 Arabes
3386 1302 3433 1348 ν.
3471 1292 3576 1348 Sed
3639 1307 3753 1346 non

2165 1383 2377 1439 audivit
2405 1393 2686 1455 parentem
2738 1400 2899 1440 suum
2936 1383 3195 1438 Davidem
3245 1383 3565 1440 dicentem:
3609 1403 3626 1434 ι
3673 1379 3755 1435 Ne

2165 1489 2490 1546 corrumpas
2519 1476 2739 1546 penitus
2774 1483 2822 1528 ι.
2867 1493 2885 1527 ι
2925 1475 3172 1544 Superbo
3195 1475 3342 1530 enim
3378 1483 3432 1530 et
3467 1475 3748 1544 arroganti

2165 1569 2366 1626 ductus
2384 1571 2603 1640 spiritu,
2631 1585 2802 1625 ausus
2823 1576 2907 1624 est
2937 1567 3089 1639 [tingi
3122 1583 3352 1625 munere
3380 1568 3706 1626 sacerdotali
3733 1585 3748 1622 :

2172 1682 2190 1709 ι
2230 1663 2526 1734 Postquam
2557 1671 2741 1718 autem
2767 1661 3000 1725 validus,
3031 1660 3229 1731 inquit,
3266 1670 3320 1714 et
3355 1670 3543 1730 potens
3573 1660 3752 1716 Iactus

2165 1764 2284 1810 erat.
2311 1754 2494 1820 Ozias,
2529 1755 2731 1809 elatum
2763 1763 2848 1808 est
2875 1768 2973 1808 cor
3001 1752 3125 1822 ejus
3153 1761 3218 1808 ut
3251 1753 3499 1823 perderet
3530 1767 3671 1818 sese,
3697 1761 3753 1807 et

2168 1845 2376 1915 injuste
2406 1859 2466 1900 se
2498 1845 2667 1914 gessit
2691 1859 2825 1914 erga
2849 1843 3143 1898 Dominum
3169 1843 3346 1898 Deum
3372 1858 3555 1910 suum,
3583 1852 3638 1898 et
3666 1843 3752 1898 in-

2166 1948 2390 2004 gressus
2423 1942 2508 1989 est
2543 1933 2597 1987 in
2629 1934 2888 2002 templum
2922 1932 3140 1988 Domini
3177 1933 3248 1987 ad
3287 1933 3642 2000 adolendum,
3676 1934 3746 1986 ad

2167 2024 2346 2078 altare
2371 2024 2588 2080 suﬂitus
2624 2033 2675 2079 r.
2721 2043 2740 2076 ι
2776 2023 2895 2079 Non
2935 2023 3083 2080 enim
3114 2039 3282 2094 super
3306 2023 3472 2079 altari
3495 2024 3752 2079 holocau-

2167 2124 2380 2171 storum
2442 2115 2496 2171 id
2535 2131 2703 2187 agere
2753 2131 2927 2172 ausus
2959 2124 3064 2180 est,
3103 2115 3199 2172 sed
3253 2115 3401 2170 intus
3430 2114 3484 2169 in
3524 2114 3750 2184 templo.

2167 2205 2290 2264 Non
2327 2219 2510 2264 tamen
2545 2211 2710 2265 cessit
2745 2218 3004 2279 tanquam
3043 2207 3155 2278 regi
3187 2206 3458 2278 pontifex,
3491 2207 3585 2262 sed
3621 2223 3748 2262 etnn

2167 2301 2335 2358 libere
2381 2303 2586 2373 arguit.
2632 2323 2650 2353 ι
2702 2303 2986 2374 Ingressus
3020 2311 3124 2370 est,
3179 2303 3352 2370 enim,
3399 2302 3580 2371 inquit
3625 2309 3752 2372 post

2165 2395 2348 2465 ipsum
2388 2395 2634 2465 pontifex
2667 2394 2988 2458 Zacharias,
3032 2402 3088 2448 et
3127 2409 3254 2448 cum
3292 2394 3412 2464 ipso
3463 2393 3747 2464 octoginta

2165 2489 2481 2544 sacerdotes
2531 2488 2624 2543 lilii
2678 2487 2909 2551 strenui,
2961 2493 3018 2541 et
3064 2495 3340 2542 steterunt
3387 2486 3533 2542 circa
3565 2502 3749 2558 regem

2165 2578 2389 2642 Oziam,
2411 2588 2465 2634 et
2495 2579 2752 2634 dixerunt
2780 2579 2828 2635 ei
2867 2597 2879 2632 :
2905 2578 3023 2632 Non
3052 2586 3134 2632 est
3171 2587 3351 2643 tuum,
3381 2593 3414 2631 ο
3440 2576 3594 2644 Ozia,
3619 2579 3750 2633 ado-

2167 2671 2278 2727 lere
2300 2671 2555 2738 Domino,
2583 2674 2601 2692 ⁶
2625 2673 2718 2728 sed
2745 2672 3092 2727 sacerdotum
3124 2669 3361 2725 ﬁliorum
3382 2669 3546 2741 592
3563 2670 3744 2726 Aaron

2167 2763 2653 2818 sanctiﬁcatorum.
2695 2763 2907 2818 Recede
2935 2778 2966 2818 a
3001 2763 3337 2828 sanctuario,
3365 2761 3624 2833 quoniam
3653 2761 3748 2816 de-

2166 2854 2341 2909 fecisti
2371 2869 2404 2908 a
2451 2853 2701 2918 Domino,
2737 2860 2788 2907 et
2823 2867 2930 2908 non
2957 2852 3111 2907 cedet
3149 2851 3252 2907 tibi
3293 2852 3346 2906 in
3383 2851 3614 2921 gloriam
3651 2865 3748 2906 eo-

2167 2960 2284 3001 ram
2318 2943 2548 3000 Domino
2577 2945 2687 2999 Deo
2729 2953 2774 2998 ι.
2822 2962 2841 2996 ι
2885 2944 3115 2999 Deﬁnita
3153 2953 3301 3008 sunt,
3350 2943 3549 3014 inquit,
3574 2958 3605 2998 a
3636 2942 3748 2999 Deo

2166 3051 2288 3106 qua:
2317 3036 2540 3106 regibus
2566 3037 2924 3101 conveniunt,
2961 3045 3014 3092 et
3045 3052 3167 3107 quae
3192 3035 3572 3092 sacerdotibus
3615 3050 3748 3091 con-

478 3145 680 3200 μασται
705 3144 716 3157 ·
755 3131 846 3182 καὶ
867 3123 1021 3194 οὗτος
1051 3133 1079 3184 6
1104 3133 1197 3184 ἐπὶ
1225 3131 1322 3184 τοῦ
1361 3131 1536 3196 Ὀζίου
1567 3134 1846 3204 Ζαχαρίας
1870 3134 2060 3204 κέκλη-

2171 3137 2394 3200 grunnt.
2423 3129 2761 3184 Gentilitium
2799 3145 3001 3184 manus
3023 3129 3226 3184 habent
3256 3127 3590 3193 sacerdotes,
3615 3128 3748 3197 quid

474 3239 586 3276 ται.
613 3217 782 3291 Οἶμαι
803 3222 859 3276 δέ
889 3221 1077 3276 τοῦτον
1104 3220 1264 3289 εῖναι,
1297 3225 1426 3295 περὶ
1451 3217 1511 3276 οὗ
1541 3225 1678 3295 πρὸς
1700 3225 1793 3278 τὸν
1831 3226 2061 3283 Ἡσαΐαν

475 3310 581 3382 ἔφη
615 3313 658 3343 ⁸⁸
692 3313 858 3374 Θεόςο
898 3331 917 3364 ι
949 3313 1182 3383 Ποίησόν
1219 3332 1310 3384 μοι
1365 3315 1654 3387 μάρτυρας
1701 3319 1928 3382 πιστοὺς
1968 3319 2064 3373 ἀν-

475 3399 754 3470 θρώπους,
790 3400 885 3454 τὸν
926 3401 1127 3473 Οὐρίαν
1169 3403 1262 3456 τὸν
1297 3405 1470 3474 ἱερέα,
1503 3405 1599 3457 καὶ
1632 3407 1910 3476 Ζαχαρίαν
1945 3409 2062 3463 υἱὸν

477 3493 774 3564 Βαραχίου.
815 3513 834 3546 ι
888 3495 1000 3547 Καὶ
1031 3496 1140 3566 γὰρ
1174 3499 1202 3550 ό
1243 3497 1470 3562 Ἡσαΐας
1517 3498 1639 3552 κατ’
1672 3503 1880 3555 ἐκεῖνον
1927 3520 2063 3575 προ-

479 3587 750 3657 εφήτευσε
771 3588 862 3641 τδν
889 3589 1108 3660 καιρόν·
1150 3607 1172 3641 ‹
1193 3590 1425 3662 Ὀρασις
1454 3593 1583 3665 γὰρ,
1617 3594 1802 3666 φησὶν,
1832 3597 1902 3665 ἢν
1924 3591 2062 3650 εἶδεν

490 3679 724 3744 Ἡσαΐας
779 3681 892 3745 υίὸς
927 3681 1129 3753 Ἀμὼς,
1173 3684 1238 3756 ἢν
1287 3681 1397 3738 εἶδε
1449 3689 1591 3742 κατὰ
1637 3690 1736 3760 τῆς
1776 3689 2060 3758 Ἰουδαίας,

478 3769 573 3821 καὶ
603 3770 747 3824 κατά
783 3771 1161 3844 Ἰερουσαλὴμ,
1194 3776 1251 3827 ἐν
1280 3775 1518 3847 ἡμέραις
1559 3779 1758 3845 Ὀζίου,
1791 3782 1884 3834 καὶ
1914 3781 2063 3835 ’1ωά-

477 3859 590 3930 ea“
619 3863 682 3926 to,
726 3863 820 3915 καὶ
846 3863 1045 3933 Ἄχας,
1077 3867 1171 3918 καὶ
1203 3865 1471 3936 Ἐζεκίου,
1504 3869 1554 3921 οἳ
1577 3870 1933 3926 ἐϐασίλευσαν
1961 3873 2062 3943 τῆς

489 3953 772 4018 Ἰουδαίας.
802 3974 820 4007 ι
858 3957 1022 4024 Λέγει
1042 3956 1098 4010 δὲ
1124 3957 1283 4013 αὐτὸν
1312 3962 1405 4014 καὶ
1431 3963 1491 4014 ἐν
1515 3961 1772 4034 πολέμοις
1795 3965 2056 4037 ἀνδρεῖον,

477 4044 571 4096 καὶ
594 4046 652 4098 ἐν
686 4047 998 4118 οἰκοδομαῖς
1035 4049 1075 4079 ¹⁷
1106 4050 1405 4122 φιλότιμον,
1437 4051 1534 4105 καὶ
1565 4057 1622 4106 ἐν
1643 4055 1940 4126 γεωργίαις
1969 4073 2058 4126 φι-

476 4133 721 4191 λόκαλον.
763 4139 975 4210 Πέτρας
1007 4141 1048 4173 ¹⁸
1079 4141 1134 4194 δὲ
1185 4143 1282 4213 τῆς
1336 4144 1544 4209 πόλεως
1595 4147 1721 4210 τούς
1764 4149 2058 4220 οἰκήτορας

478 4227 727 4298 ’Δραϐας
763 4230 1041 4301 ὀνομάζει.
1095 4232 1236 4285 Ἀλλ’
1270 4227 1376 4287 οὐκ¹
1407 4235 1608 4305 ⁸ἢκουσε
1645 4236 1740 4290 τοῦ
1790 4241 2056 4309 προγόνου

473 4319 662 4384 Δαϐὶδ,
697 4321 971 4388 λέγοντος,
1007 4341 1027 4374 ι
1069 4324 1163 4386 Εἰς
1197 4324 1257 4378 τὸ
1283 4325 1432 4388 τέλος
1467 4327 1543 4398 μὴ
1581 4328 1904 4402 διαφθείρης
1938 4332 2000 4387 ¹⁹.
2030 4351 2049 4384 ι

488 4407 817 4481 ’Δλαζονικῷ
859 4412 969 4482 γὰρ
1010 4414 1320 4483 φρονήματι
1357 4415 1734 4486 χρησάμενος,
1764 4417 1926 4490 ἔργον
1955 4423 2056 4492 ᾴρ-

2165 3219 2457 3275 conculcas
2500 3219 2671 3290 legem
2707 3235 2738 3274 a
2767 3218 2876 3273 Deo
2925 3216 3144 3272 datam?
3181 3232 3280 3272 cur
3329 3215 3750 3287 transgredieris

2165 3311 2427 3368 terminos
2451 3312 2474 3364 ?
2505 3311 2739 3382 Itapiens
2765 3326 2831 3366 ea
2858 3324 2979 3381 qua:
3010 3309 3106 3364 tibi
3129 3326 3236 3365 non
3268 3309 3623 3374 conveniunt,
3652 3316 3747 3363 tua

2163 3404 2328 3457 etiam
2370 3403 2585 3471 perdes.
2621 3402 2691 3456 At
2715 3416 2821 3455 non
2849 3402 3027 3456 solum
3056 3415 3163 3456 non
3193 3401 3380 3466 cessit,
3436 3399 3536 3456 sed
3580 3402 3746 3454 etiam

2166 3495 2329 3551 verba
2364 3509 2508 3565 aegre
2554 3495 2698 3560 tulit,
2742 3501 2797 3548 et
2831 3492 3068 3563 perstitit
3117 3493 3170 3546 in
3219 3507 3380 3547 sacro
3437 3490 3747 3546 ministerio

2165 3588 2526 3644 insolescens.
2570 3585 2676 3641 Sed
2735 3601 2834 3656 pro
2885 3585 3059 3656 gloria
3105 3585 3325 3654 collegit
3366 3585 3744 3655 ignominiam.

2167 3699 2190 3732 ς
2242 3681 2440 3736 Exorta
2469 3689 2557 3734 est
2577 3679 2750 3745 enim,
2781 3678 2978 3748 inquit,
3019 3678 3167 3748 lepra
3201 3678 3255 3732 in
3299 3677 3477 3733 fronte
3510 3678 3651 3749 ejus,
3690 3678 3746 3732 in

2161 3773 2327 3828 domo
2354 3772 2568 3827 Domini
2601 3787 2782 3827 coram
2807 3773 3211 3840 sacerdotibus,
3239 3788 3403 3842 super
3423 3773 3593 3827 altare
3626 3773 3746 3845 thy-

2164 3868 2483 3920 miamatum
2514 3877 2563 3919 ι.
2605 3883 2625 3919 ι
2663 3864 2924 3922 Protinus
2958 3875 3140 3921 autem
3182 3867 3495 3922 sacerdotes
3541 3868 3680 3921 iram
3709 3883 3742 3922 a

2162 3958 2273 4014 Deo
2305 3959 2610 4015 immissam
2648 3959 2976 4029 conspicati,
3011 3959 3174 4015 etiam
3213 3959 3445 4015 invitum
3479 3979 3510 4016 e
3538 3961 3741 4030 templo

2159 4052 2518 4122 expulerunt,
2583 4061 2639 4107 et
2683 4052 2876 4107 eadem
2928 4053 2976 4107 ei
3025 4053 3346 4108 acciderunt
3397 4069 3518 4122 quae
3565 4056 3744 4124 primo

2159 4141 2370 4212 parenti
2410 4141 2642 4196 Adamo.
2706 4141 2800 4196 Ille
2839 4142 2985 4196 enim
3022 4157 3148 4198 cum
3207 4142 3576 4198 desiderasset
3624 4144 3744 4198 ﬁeri

2161 4231 2322 4296 Deus,
2356 4233 2447 4288 Dei
2478 4248 2694 4303 quoque
2723 4233 3015 4304 imaginem
3058 4233 3264 4288 referre
3290 4235 3453 4288 desiit
3505 4254 3517 4289 :
3555 4244 3610 4290 et
3655 4237 3743 4290 hic

2158 4336 2391 4383 conatus
2422 4341 2615 4396 rapere
2639 4325 3030 4391 sacerdmium,
3059 4326 3226 4380 etiam
3261 4342 3490 4394 regnum
3531 4326 3739 4380 amisit.

2159 4419 2315 4476 Intus
2339 4420 2484 4476 enim
2515 4419 2653 4474 sedit
2695 4418 2751 4473 in
2807 4417 3070 4483 thalamo,
3121 4419 3288 4487 lepra,
3343 4434 3488 4486 quat,
3526 4428 3646 4472 erat
3685 4419 3739 4472 in

473 4477 800 4571 χιερατικδν⁷
818 4477 1131 4559 ἐπιτελέσαι
1167 4477 1497 4577 τετόλμηκεν
1520 4477 1593 4560 ’.ι
1918 4477 2052 4568 κάτ-

2164 4512 2364 4579 Ironte,
2427 4520 2649 4568 arcente
2690 4526 2760 4566 ne
2798 4525 2924 4567 eum
2960 4510 3161 4580 popqu
3203 4520 3538 4575 versaretur,
3587 4519 3642 4566 et
3675 4511 3738 4565 li-

481 4589 687 4664 ίσχυσε,
733 4596 917 4667 φησὶν,
967 4595 1167 4665 Ὀζίας,
1200 4597 1388 4670 ὑψώθη
1438 4599 1471 4670 ἠ
1512 4601 1706 4672 καρδία
1747 4602 1914 4658 αὐτοῦ
1955 4605 2050 4659 τοῦ

558 4753 602 4830 _"_
623 4752 994 4830 lsa.__vm,72.
1095 4768 1128 4800 τι
1182 4761 1290 4818 Isa.
1339 4779 1380 4830 ι,
1437 4767 1490 4822 I.

479 4822 665 4880 'ibid.
725 4827 814 4896 17,
867 4829 954 4885 18.
1032 4843 1060 4873 ι
1099 4831 1233 4890 ibid.
1272 4834 1361 4890 I9.

1601 4775 1633 4808 τ
1666 4766 1709 4823 II
1757 4768 1934 4824 Paral.
1998 4785 2147 4838 xxvr,
2199 4773 2252 4827 ’1.

2159 4607 2287 4663 bere
2322 4607 2662 4676 loqueretur.
2698 4603 2928 4660 Ferehat
2966 4604 3114 4657 enim
3145 4602 3202 4657 in
3232 4601 3414 4658 fronte
3444 4618 3738 4672 argumen-

2357 4781 2384 4809 ι
2423 4770 2568 4829 Psal.
2619 4787 2771 4838 mu,
2815 4770 2906 4828 23.
3020 4779 3050 4818 1
3090 4767 3134 4823 Il
3185 4767 3363 4862 I’aral.
3431 4784 3580 4836 xxvi,
3646 4770 3713 4825 I6

1570 4965 1806 5024 VARIE
1843 4967 2229 5027 LECTIONES
2268 4968 2357 5024 ET
2395 4969 2628 5027 NOTAE.

546 5099 568 5132 ⁸
604 5099 724 5182 Ὧς.
771 5101 894 5158 cod.
924 5099 1151 5183 eam
1192 5102 1286 5183 ὡς.

478 5185 617 5232 τινος
640 5188 746 5224 των
776 5188 1069 5293 προφτζιων

478 5240 599 5293 eod.
631 5239 691 5293 G.
721 5243 814 5293 ἐπὶ
845 5242 946 5293 πολ
975 5241 1046 5293 ὦ.

477 5240 599 5310 god.
631 5239 691 5295 G.
721 5239 1046 5310 ἐπ“ι“πολλῴ,
1075 5257 1112 5309 φ

1383 5100 1406 5132 ⁴
1447 5101 1599 5155 Ἀλλ’

480 5305 599 5382 Υἰᾴ.
628 5325 680 5378 p.
713 5312 839 5376 558,
871 5305 1061 5382 quaest.
1088 5305 1176 5365 l3.

1390 5103 1910 5192 ἔμἰξγξξὲῆλεηξεν
1936 5136 2006 5192 :—
2038 5107 2370 5192 ﬂp'oyrjtov.
2391 5105 2701 5192 καθὰ-ἀλλά
2747 5110 2910 5192 πάλιν
2929 5110 3370 5192 φιλάνθρωπος
3401 5113 3608 5192 κύριος
3643 5115 3733 5170 διὰ

1098 5170 1321 5260 ἤλεγξεν
1480 5170 2060 5260 ἀσηέϐειαγέδθρυίίυς.

2164 5170 2200 5228 is
2225 5170 2291 5260 ’κζ
2307 5194 2357 5230 τ.
2391 5177 2438 5228 λ.
2527 5178 2700 5260 ξοοᾳ.
2837 5170 3135 5260 ἐξείλαντο.

1115 5241 1233 5309 ησὶ,
1267 5241 1464 5311 χρόνῳ.
1543 5243 1563 5273 ⁷
1593 5244 1838 5308 πατάξω.
1870 5241 1992 5299 eod.
2023 5245 2084 5300 C.
2114 5246 2448 5326 πατᾲξωσιν.
2525 5247 2547 5278 ⁸
2569 5249 2692 5303 cod.
2745 5250 2804 5304 C.
2835 5241 2960 5324 ἐῴη.
3037 5253 3058 5284 ⁹
3091 5254 3266 5321 Ἀπερ
3297 5278 3364 5292 --
3387 5241 3729 5326 ειρῆἶιαμεν.

1115 5313 1176 5365 μδ.
1265 5312 1478 5383 ,ιζ-Καὶ
1520 5311 1723 5379 πέρας.
1761 5314 1882 5368 cod.
1913 5316 1974 5370 C.
2028 5316 2122 5368 καὶ
2163 5334 2258 5368 του
2302 5316 2418 5383 βίου
2452 5316 2511 5368 τὸ
2557 5319 2753 5383 πέρας.
2831 5321 2870 5352 ¹¹
2902 5323 3178 5383 Ἐπαινεῖ,
3202 5342 3255 5377 κ.
3279 5343 3329 5378 τ.
3357 5323 3408 5378 λ.
3427 5325 3729 5380 Historiam

3233 5183 3254 5214 ⁸
3284 5183 3728 5255 Ἐπὶ-χρόνον.

2831 5321 2870 5352 ¹¹
2902 5321 3178 5387 Ἐπαινεῖ,
3202 5342 3255 5377 κ.
3279 5343 3329 5378 τ.
3357 5323 3408 5378 λ.
3427 5321 3730 5380 Historiam

475 5377 785 5454 Ozia’nuttc
813 5377 1061 5454 pluribus
1082 5380 1303 5454 exponit
1328 5377 1618 5454 N051er,u_t
1637 5385 1978 5454 promiserat.
2007 5385 2128 5454 Vid.
2160 5402 2213 5454 p.
2243 5377 2362 5449 559,
2391 5396 2584 5454 quaest.
2618 5377 2725 5442 Ᾱιϐ.⁷
2787 5390 2829 5422 ¹¹
2850 5391 2940 5445 Δέ.
2972 5392 3139 5446 Abest
3166 5377 3198 5445 ο
3231 5377 3354 5447 cod.
3385 5377 3728 5451 (ἐξ-Ἶλᾞᾶιῖ

473 5447 640 5504 Abest
668 5464 697 5503 a
742 5447 864 5506 eod.
887 5451 951 5506 C.
1027 5450 1072 5481 “
1090 5447 1478 5514 Κὰτηύθυνεν
1499 5447 1705 5507 αὐτόν.
1738 5451 1865 5508 Rec.
1896 5453 2056 5509 lectio

470 5587 631 5642 ὅλων.
747 5591 792 5621 ⁸⁸
852 5587 1060 5643 Ἰωὰθα

533 5456 640 5529 best
668 5464 697 5503 a
742 5456 951 5534 eod.nC.
1027 5456 1072 5534 '_‘
1090 5456 1478 5534 Κατηρρυνεν
1499 5456 1705 5534 αὺτόγ.
1738 5456 1865 5534 ἔξεο.
1890 5456 2060 5534 lectio

2197 5471 2244 5534 ς.
2282 5466 2377 5534 _est
2415 5456 2694 5534 εὐώδωσεν
2731 5460 2900 5534 αὐτῷ.
2935 5460 3133 5517 Nostra
3188 5465 3458 5534 consentit
3489 5479 3613 5520 cum
3648 5467 3728 5521 le—

474 5519 656 5596 ctione
697 5516 826 5596 edit.
853 5519 1101 5596 ⁸(ξοῐειριη
1131 5531 1184 5575 et
1213 5521 1577 5596 videtur_esse
1627 5521 1855 5591 Aquilae.
1890 5523 2012 5577 Vid.
2056 5525 2247 5596 Montl‘.
2281 5526 2317 5579 Ι.
2344 5595 2348 5596 ί
2373 5541 2422 5581 c.
2459 5543 2492 5596 p
2541 5529 2664 5583 590.

2774 5532 2815 5564 ’⁵
2851 5533 3023 5601 Ἔφη.
3055 5534 3177 5587 cod.
3226 5533 3285 5587 C.
3318 5549 3480 5601 praem
3552 5537 3580 5588 ό
3619 5536 3730 5588 τῶν

1317 5590 1378 5646 C.
1411 5592 1625 5672 ’Ῑάθᾳμ
1653 5590 1887 5672 ξέῐηρφι,
1920 5665 1930 5672 ι
1967 5596 2008 5626 tr
2041 5600 2060 5647 ί

2164 5595 2414 5663 >δομαῖς.
2459 5590 2583 5672 cod.
2611 5600 2674 5655 C.
2721 5590 3079 5671 οἰκοδομίαις.
3159 5604 3201 5634 ³⁸
3233 5590 3463 5672 Πέτρας
3495 5637 3564 5646 -—
3591 5607 3729 5658 ὀνο-

468 5656 653 5725 μάζει.
685 5656 830 5714 Nihil
887 5660 958 5713 de
1009 5656 1142 5714 urbe
1173 5660 1334 5730 hujus
1391 5656 1631 5717 nominis
1664 5663 1698 5716 Ι.
1730 5656 1786 5721 οξ
1832 5664 2060 5733 legimus

2164 5656 2464 5720 unfautem
2517 5671 2565 5721 οἱ
2605 5673 2658 5723 0'
2687 5688 2871 5728 vocem
2905 5656 3130 5750 lt.
3172 5673 3207 5726 l.
3232 5656 3492 5730 verterint
3513 5656 3611 5730 snt
3629 5656 3728 5746 τῆς

473 5762 699 5836 πέτρας,
730 5765 818 5822 vix
850 5763 1205 5821 dubitandum
1239 5777 1319 5824 est
1344 5770 1472 5838 quin
1510 5787 1607 5842 pro
1637 5784 1725 5832 ’πυ
1757 5772 1981 5842 legerint
2003 5785 2042 5830 Ἴ

2204 5773 2244 5806 ¹⁹
2271 5775 2637 5844 Διαρθείρῃς.
2674 5779 2798 5834 nec.
2839 5780 2996 5836 lectio
3012 5755 3055 5835 ’1.
3089 5795 3136 5836 ς.
3166 5788 3248 5836 est
3278 5781 3488 5853 ἀπὼσῃ.
