4038 6214
452 345 522 412 53
1396 344 1686 420 QUIEST.
1728 346 1813 409 IN
1844 347 1904 408 ΙΙ
1949 346 2219 409 PARAL.
2253 347 2414 410 CAP.
2455 346 2737 408 XXXIII.

3593 346 3702 410 εδι

410 463 506 518 καὶ
535 463 650 525 τοῖς
700 459 908 531 ἱερεῦσι
953 460 1014 516 16
1046 457 1186 535 αἷμα
1213 463 1560 536 προσέφερον
1595 481 1610 496 ·
1652 464 1704 518 οἱ
1750 463 1809 518 δὲ
1843 462 1936 519 τοῦ
1957 462 2004 494 ⁸⁵

2129 474 2343 532 juartus
2366 462 2506 518 liber
2536 460 2880 534 Regnorum.
2931 460 3072 516 Eum
3120 465 3305 516 autem
3351 457 3702 529 repreliendit

412 553 806 626 θυσιαστηρίου
859 555 1160 626 προσέχεον
1206 555 1384 628 βάσει.
1433 555 1731 629 Ἐξαπίνης
1771 556 1827 610 δέ
1866 556 2004 628 κλη-

415 647 599 711 θέντες
652 648 785 717 πρὶν
850 649 1175 719 άγνισθῆναι
1229 649 1341 704 τῶν
1397 650 1614 722 ἱερείων
1681 649 2002 720 μετέλαϐον.

417 739 586 793 Τοῦτο
631 738 726 793 καὶ
773 741 807 811 ἡ
859 743 1075 812 ἱστορία
1108 742 1375 809 διδάσκει,
1412 743 1585 798 ὅτιτὸ
1624 743 1880 797 πλεῖστον
1907 741 2006 796 τοῦ

415 829 568 894 λαοῦ,
599 831 708 885 ἀπὸ
748 831 1015 905 Ἐφραῒμ,
1047 834 1141 889 καὶ
1179 835 1478 907 Μανασσῆ,
1507 836 1602 891 κα)⁸
1628 837 1873 907 Ἰσάχαρ,
1910 836 2008 890 κει)⁸

418 921 726 989 Ζαϐουλὼν,
780 923 879 995 ούχ
924 925 1290 996 ήγιάσθησαν,
1331 927 1444 982 ἀλλ’
1482 927 1687 998 ἔφαγον
1715 928 1776 982 16
1821 928 2008 982 Φασὲκ

417 1010 575 1064 τοῦτο
621 1012 775 1083 παρά
821 1014 924 1084 τὴν
963 1015 1174 1069 θείειν⁸⁸
1218 1017 1470 1089 Γραφήν.
1524 1017 1758 1089 Ἔτυχον
1788 1019 1844 1072 δὲ
1877 1035 2010 1086 συγ-

415 1104 644 1174 γνώμης
676 1106 764 1159 διά
798 1106 902 1176 τὴν
929 1107 1024 1161 τοῦ
1055 1107 1326 1179 βασιλέως
1356 1109 1661 1166 εὐσέϐειαν.
1696 1110 2009 1184 Προέθεσαν

416 1196 474 1250 δὲ
510 1199 576 1268 τῇ
617 1198 777 1268 ἑορτῇ
807 1198 1001 1270 ἐτέρας
1032 1201 1354 1272 ἰσαρίθμους
1383 1202 1621 1274 ἡμέρας,
1653 1201 1765 1258 τῶν
1807 1203 2009 1275 άρχόντ

415 1303 526 1339 των
573 1289 1004 1358 παρεσχηκότων
1044 1291 1343 1363 φιλοτίμως
1374 1293 1442 1347 τὰ
1484 1293 1720 1366 θύματα.
1763 1295 1908 1365 Ἔφη
1953 1293 2010 1346 δὲ

418 1377 677 1448 τοιαύτην
705 1379 901 1450 ἐορτὴν
929 1381 996 1435 ἐκ
1027 1380 1136 1435 τῶν
1170 1383 1400 1456 ἡμερῶν
1429 1384 1777 1457 Σολομῶντος
1811 1385 1887 1457 μὴ
1921 1402 2014 1454 γε-

419 1469 705 1538 γενῆσθαι.
737 1469 1024 1525 ’Ἐντεῦθεν
1046 1474 1416 1544 ὁρμήσαντες,
1452 1476 1542 1531 καὶ
1567 1477 1637 1531 τὰ
1669 1477 1876 1548 τεμένη
1902 1475 2012 1530 τῶν

422 1555 661 1611 εἰδώλων
716 1560 1058 1626 κατέλυσαν,
1107 1563 1205 1619 καὶ
1252 1565 1321 1619 τὰ
1376 1565 1516 1637 ἄλση
1571 1567 1867 1638 ἐξέτεμον,
1915 1565 2013 1620 καὶ

426 1649 565 1719 μετὰ
597 1649 874 1706 τούτων’*
907 1653 975 1708 τά
1024 1655 1083 1710 ἐν
1130 1657 1246 1721 τοῖς
1281 1657 1511 1729 ὑψηλοῖς
1556 1661 1889 1715 ἀνατεθέντα
1935 1658 2012 1731 τῷ

423 1741 544 1812 Θεῷ
587 1741 953 1817 θυσιαστήρια
997 1747 1062 1802 ἐκ
1117 1747 1334 1822 βάθρων
1380 1752 1722 1808 ἀνέσπασαν.
1783 1754 2009 1824 Ἐφρόν-

423 1848 541 1884 τισε
569 1830 625 1885 δὲ
663 1835 758 1888 καὶ
799 1837 900 1906 τῆς
931 1837 1218 1909 ἱερατικῆς
1245 1839 1478 1908 τάξεως,
1510 1845 1606 1897 καὶ
1639 1843 1739 1916 τὴν
1780 1844 1886 1898 ὑπὸ
1916 1843 2010 1899 τού

425 1924 694 1992 προγόνου
727 1929 1105 2000 γεγενημένην
1140 1932 1428 2004 ἐκράτυνε,
1459 1936 1666 1990 καὶτὸν
1703 1934 1835 1991 λαὸν
1868 1953 2014 2009 παρ-

425 2015 694 2070 εσκεύασε
736 2018 835 2083 τὰς
864 2021 1007 2075 κατὰ
1051 2022 1217 2094 νόμον
1248 2025 1508 2098 ἀπαρχὰς
1551 2027 1853 2083 ἀποδοῦναι
1896 2031 2015 2093 τοῖς

427 2108 691 2179 ἱερεῦσιν.
736 2107 870 2166 Εἶτα
919 2115 948 2168 6
999 2118 1360 2188 συγγραφεὺς
1389 2119 1706 2190 ἐπήγαγεν,
1744 2121 1821 2184 ὡς
1875 2120 2019 2192 μετὰ

427 2202 556 2264 τοὺς
608 2202 804 2272 λόγους
859 2205 1119 2275 τούτουςξ,
1175 2211 1268 2262 καὶ
1317 2211 1421 2283 τὴν
1467 2211 1729 2284 ἀλήθειαν
1777 2212 2016 2284 ταύτην,

429 2285 564 2364 ἦλθε
598 2295 949 2369 Σεναχηρελμ
970 2299 1014 2331 ³⁷
1057 2301 1086 2352 6
1116 2300 1371 2370 βασιλεὺς
1417 2304 1742 2376 Ἀσσυρίων.
1774 2305 1938 2377 Δηλοῖ
1963 2305 2022 2360 δὲ

429 2387 458 2438 6
486 2385 670 2454 λόγος,
703 2388 786 2441 ὅτι
826 2389 920 2442 καὶ
945 2391 1077 2454 τοὺς
1106 2390 1385 2452 θεοσεϐεῖς
1414 2393 1614 2464 ἄνδρας
1648 2394 1964 2465 δοκιμάζων
1993 2397 2021 2450 6

430 2477 541 2530 τῶν
577 2477 715 2531 ὅλων
739 2477 897 2545 Θεὸς,
931 2485 1243 2552 συμφοραῖς
1279 2487 1628 2556 παραπεσεῖν
1649 2485 1696 2518 ⁸⁸
1726 2488 2020 2557 συγχωρεῖ,

435 2566 556 2624 εἶτα
589 2573 901 2644 ἐπικουρῶν
943 2573 1154 2629 διαλύει
1199 2577 1266 2629 τὰ
1301 2577 1626 2648 σκυθρωπά.
1685 2577 1746 2632 ὐ
1779 2578 1836 2632 δὲ
1871 2578 2023 2649 βασι-

433 2663 559 2727 λεὺς
589 2663 669 2735 τῷ
711 2665 833 2735 Θεῷ
873 2665 1116 2738 θαρρῶν,
1160 2669 1255 2721 καὶ
1279 2669 1348 2721 τὰ
1384 2671 1516 2740 παρ’
1553 2669 1785 2723 αὐτού⁵⁹
1806 2686 2024 2725 συνεισ-

438 2755 622 2826 φέρων
645 2799 659 2822 ,
705 2755 922 2827 πρῶτον
945 2759 990 2789 ⁸⁸
1031 2757 1132 2820 τὰς
1190 2759 1297 2828 πρὸ
1324 2761 1424 2830 τῆς
1481 2760 1691 2824 πόλεως
1723 2761 1906 2832 πηγὰς
1942 2763 2029 2817 ἐν·

443 2847 678 2919 ἐφραξεν
704 2865 718 2880 ο
756 2849 844 2903 ἵνα
897 2849 969 2921 μὴ
1016 2851 1399 2922 προσεδρεύων
1450 2852 1715 2924 πολιορκῇ
1754 2853 1895 2924 ἔχων
1927 2854 2029 2925 τὴν

444 2939 706 3008 ἀφθονίαν
733 2939 826 2994 106
854 2941 1068 3005 ὓδατος.
1108 2943 1344 2996 Ἔπειτα
1374 2943 1502 3008 τοὺς
1532 2945 1856 3014 περιϐόλους
1887 2945 2031 3017 ὠχύ-

450 3048 612 3102 ρωσε,
645 3033 888 3095 καὶτοὺς
917 3033 1163 3105 πύργους
1187 3036 1268 3098 είς
1299 3033 1432 3104 ὕψος
1465 3035 1753 3107 ἀνέστησε,
1783 3037 1876 3090 καὶ
1901 3055 2032 3109 προ-

2107 555 2336 612 historia
2398 556 2568 627 quod,
2626 556 2791 610 etiam
2818 563 3026 610 tantam
3069 562 3357 609 assecutus
3390 549 3700 612 victoriam,

2106 659 2162 704 et
2212 647 2284 703 ab
2321 646 2644 704 inﬁrmitate
2675 647 2941 702 liberatus
2989 643 3410 707 admirabiliter,
3463 656 3574 696 non
3609 655 3700 695 se-

2108 737 2351 794 cundum
2384 737 2807 792 retributionem
2841 751 3010 807 quam
3043 735 3192 790 dedit
3212 733 3262 788 ei
3295 732 3581 796 Dominus,
3620 744 3703 784 re-

2111 829 2368 884 tribuerit
2400 829 2450 884 ei
2482 827 2772 895 Ezechias,
2804 846 2823 882 ι
2857 829 2951 884 sed
2989 826 3195 882 elatum
3224 824 3328 880 fuit
3355 839 3450 881 cor
3473 823 3613 890 ejus,
3643 829 3699 875 et

2108 935 2272 992 super
2301 921 2482 992 ipsum
2519 921 2662 976 facta
2691 928 2777 977 est
2805 921 2908 986 ira,
2937 929 2992 976 et
3024 934 3190 991 super
3222 916 3418 974 Judam
3451 915 3618 992 598
3645 921 3702 969 et

2113 1013 2581 1088 Hierosolymam.
2621 1014 2687 1069 Et
2717 1014 3037 1070 humiliatus
3067 1022 3151 1069 est
3180 1011 3442 1067 Ezechias
3475 1010 3543 1064 ah
3586 1008 3701 1062 ela-

2113 1108 2264 1165 tione
2296 1109 2482 1165 cordis
2513 1109 2621 1174 sui,
2654 1109 2790 1180 ipse,
2831 1117 2886 1164 et
2918 1109 3013 1180 qui
3055 1107 3374 1167 habitabant
3413 1105 3468 1158 in
3505 1101 3699 1156 lliero-

2110 1199 2344 1271 solyma.
2393 1197 2461 1254 Et
2493 1215 2602 1254 non
2656 1199 2808 1254 venit
2843 1215 3010 1270 super
3043 1198 3194 1269 ipsos
3246 1197 3328 1252 ira
3376 1193 3592 1250 Domini
3643 1190 3702 1246 in

2111 1289 2307 1345 diebus
2357 1288 2628 1346 Ezechiae.
2689 1309 2708 1342 ›
2753 1289 2897 1346 Vera
2949 1298 3034 1346 est
3066 1304 3197 1360 ergo
3248 1288 3338 1341 illa
3384 1282 3709 1343 sententia:

2124 1401 2142 1435 ι
2178 1379 2283 1448 Qui
2311 1381 2555 1452 seipsum
2579 1382 2804 1446 exaltat,
2824 1379 3229 1443 humiliabitur,
3255 1386 3309 1433 et
3337 1376 3430 1447 qui
3456 1375 3701 1444 seipsum

2109 1474 2392 1542 humiliat,
2429 1476 2448 1496 ¹
2478 1474 2808 1529 exaltabitur
2837 1483 2884 1528 ⁸.
2929 1492 2948 1526 ›
2981 1473 3083 1528 Hic
3127 1471 3293 1542 igitur
3328 1471 3399 1524 ob
3443 1469 3701 1538 pietatem

2116 1581 2277 1623 suam
2326 1567 2502 1622 tristia
2553 1583 2661 1623 non
2693 1566 2981 1638 spectavit,
3015 1565 3112 1621 sed
3136 1572 3265 1619 ante
3289 1563 3572 1618 incursum
3598 1559 3704 1612 bo-

2115 1659 2281 1713 stium
2311 1658 2550 1714 excessit
2574 1672 2604 1714 e
2632 1658 2765 1712 vita.
2807 1655 2958 1712 Geon
2989 1665 3199 1722 autem,
3233 1666 3292 1709 ut
3329 1661 3457 1708 ante
3491 1651 3704 1707 dictum

2116 1760 2222 1813 cst,
2255 1749 2443 1806 Siloen
2491 1758 2672 1805 vocat.
2727 1747 2886 1816 Quod
2929 1763 3060 1803 vero
3091 1746 3305 1802 miserit
3331 1745 3398 1800 ad
3427 1759 3552 1799 eum
3605 1757 3704 1796 rex

2115 1843 2570 1916 Babyloniorum,
2599 1851 2824 1913 propter
2845 1841 3042 1905 solem,
3075 1840 3169 1910 qui
3217 1840 3404 1895 decem
3443 1836 3721 1907 gradibus-

2119 1943 2532 2000 retrocesserat,
2580 1933 2812 1989 historia
2855 1933 3036 1988 docet.
3089 1929 3228 1987 Cum
3265 1931 3413 1986 enim
3447 1943 3705 1998 comme-

2119 2038 2389 2086 morasset
2429 2030 2497 2084 de
2530 2028 2738 2084 divitiis
2786 2043 2926 2097 quas
2972 2033 3350 2096 congregarat,
3385 2033 3438 2078 et
3482 2024 3549 2078 de
3591 2023 3708 2077 the-

2079 2136 2081 2138 ·
2123 2124 2304 2178 sauris
2352 2135 2495 2192 quos
2530 2127 2903 2191 congesserat,
2935 2118 3191 2188 subjecit
3229 2134 3243 2172 :
3280 2136 3298 2169 ι
3346 2115 3413 2172 Et
3449 2115 3727 2186 prospe‘rc-

2120 2214 2229 2284 egil
2257 2212 2526 2268 Ezechias
2549 2212 2602 2266 in
2633 2211 2891 2266 omnibus
2914 2211 3174 2282 operibus
3195 2209 3332 2266 suis.
3362 2210 3619 2261 Attamen
3654 2207 3710 2259 in

2115 2304 2317 2376 legatis
2350 2304 2661 2374 principum
2697 2303 3013 2376 Babylonis,
3055 2303 3148 2372 qui
3195 2299 3352 2356 missi
3389 2297 3610 2354 fuerant
3640 2295 3710 2350 ad

2122 2413 2271 2464 eum,
2309 2405 2370 2452 ut
2399 2397 2797 2467 interrogarent
2825 2396 2893 2450 de
2936 2402 3194 2465 portento
3230 2392 3380 2464 quod
3431 2392 3717 2447 acciderat

2126 2503 2293 2559 super
2329 2495 2554 2553 terram,
2584 2487 2878 2557 dereliquit
2907 2501 3034 2542 eum
3065 2483 3354 2550 Dominus,
3387 2493 3447 2538 ut
3479 2492 3721 2538 tentaret

2125 2594 2275 2643 eum,
2308 2588 2361 2632 et
2405 2588 2533 2632 nota
2572 2577 2767 2632 ﬁerent
2807 2593 2930 2647 quze
2971 2587 3126 2631 erant
3153 2576 3208 2632 in
3254 2571 3420 2632 corde
3446 2575 3640 2645 ejus‘.
3685 2593 3720 2626 )-

2128 2670 2385 2726 Declarat
2415 2679 2599 2725 autem
2635 2670 2722 2725 hic
2754 2685 2960 2734 sermo,
2993 2669 3192 2724 melius
3221 2683 3343 2722 esse
3374 2666 3429 2720 in
3474 2665 3712 2718 Domino

2131 2761 2374 2832 gloriari.
2408 2760 2548 2816 Nam
2578 2777 2703 2816 cum
2735 2746 3014 2832 oporteret
3055 2776 3182 2816 eum
3221 2759 3421 2814 divina:
3457 2757 3731 2828 potentiae-

2131 2867 2296 2923 opera
2347 2868 2630 2920 enarrare,
2671 2853 2970 2909 thesauros
3008 2852 3338 2916 ostentavit,
3383 2850 3476 2921 qui
3522 2847 3716 2912 stabile

2132 2944 2266 3000 nihil
2296 2943 2668 2999 habent.lllud
2697 2960 2881 3014 porro,
2913 2965 2932 2998 ι
2966 2954 3272 3001 uttentaret
3303 2959 3451 3008 eum,
3483 2951 3537 2997 et
3587 2952 3729 2996 ncta~

2134 3039 2327 3092 lierent
2364 3051 2484 3108 qua:
2521 3047 2678 3093 erant
2699 3037 2754 3092 in
2772 3039 2937 3094 corde
2962 3039 3134 3110 ejus,»
3167 3033 3602 3107 signiﬁcatquod
3621 3048 3718 3088 vo-

447 3122 707 3192 τείχισμα
754 3125 1255 3195 προσῳκοδόμησεν
1303 3126 1513 3195 ἕτερον.
1562 3127 1704 3179 Ἀλλ’
1739 3126 1862 3181 οὕτε
1910 3128 2023 3182 τού·

2133 3129 2296 3184 luerit
2317 3129 2623 3199 patefacere
2639 3129 2996 3201 cogitationes
3015 3129 3155 3201 ejus.
3181 3128 3304 3182 Non
3333 3129 3479 3182 enim
3503 3127 3720 3194 ignorat

448 3229 596 3280 τοις,
646 3211 770 3266 οὔτε
820 3217 934 3278 τοῖς
984 3215 1168 3277 ὅπλοις
1218 3215 1555 3287 ἐθάρρησεν,
1606 3217 1739 3270 ἀλλὰ
1791 3217 1930 3290 πρὸς
1972 3218 2032 3271 16

450 3305 653 3374 πλῆθος
681 3305 809 3376 ἔφη·
844 3324 865 3357 ‹
915 3306 1282 3378 ’Δνδρίςεσθε,
1317 3309 1410 3361 καὶ
1443 3308 1701 3378 ἰσχύσατε
1721 3325 1736 3340 ο
1763 3309 1838 3380 μὴ
1862 3309 2033 3379 φοϐηο

452 3395 608 3465 θῆτε,
655 3397 789 3469 μηδέ
831 3398 1107 3469 πτοηθῆτε
1149 3399 1258 3452 άπὸ
1289 3399 1585 3471 προσώπου
1632 3399 1730 3454 τοῦ
1767 3401 2034 3472 βασιλέως

462 3488 772 3560 Ἀσσυρίων
798 3529 813 3554 ,
850 3490 946 3543 καὶ
986 3491 1094 3544 άπὸ
1127 3491 1423 3562 προσώπου
1470 3493 1672 3556 παντὸς
1709 3492 1896 3556 ἔθνους
1937 3493 2032 3548 106

455 3581 573 3652 μετ’
607 3582 800 3648 αὑτοῦ,
841 3583 924 3636 δτι
954 3584 1076 3654 μεθ’
1111 3583 1270 3654 ἡμῶν
1313 3584 1536 3649 πλείους
1579 3585 1720 3658 ὑπὲρ
1753 3587 1880 3651 τοὺς
1917 3589 2033 3659 μετ’

450 3673 638 3731 αὑτοῦ.
707 3676 846 3730 Μετ’
913 3675 1079 3729 αὑτοῦ
1107 3676 1150 3708 ⁸⁸
1220 3675 1506 3748 βραχίονες
1575 3679 1853 3750 σάρκινοι,
1913 3680 2034 3751 μεθ’

452 3767 608 3837 ἡμῶν
629 3768 674 3800 ⁸¹
713 3767 919 3838 Κύριος
948 3771 975 3821 6
1014 3768 1146 3832 Θεὸς
1173 3768 1356 3839 ἡμῶν,
1383 3769 1478 3822 τοῦ
1513 3769 1685 3824 σῶσαι
1719 3771 1892 3842 ἡμᾶς,
1937 3772 2035 3826 καὶ

450 3859 541 3912 106
578 3859 838 3930 πολεμεῖν
881 3860 975 3913 τδν
1022 3861 1260 3932 πόλεμον
1293 3862 1471 3934 ἡμῶν.
1519 3881 1538 3914 ›
1587 3864 1688 3916 Διὰ
1729 3863 1786 3917 δὲ
1827 3865 2036 3920 τούτων

454 3950 654 4016 ἐδίδαξε
670 3950 714 3982 ⁸³
757 3951 851 4005 καὶ
882 3954 980 4023 τῆς
1020 3951 1167 4016 θείας
1211 3955 1540 4024 ἐπικουρίας
1563 3955 1627 4007 16
1657 3955 1894 4026 ἄμαχον.
1941 3959 2037 4011 καὶ

450 4038 548 4109 τῆς
583 4038 932 4107 ἀνθρωπείας
979 4039 1196 4110 φύσεως
1239 4041 1303 4094 16
1333 4041 1673 4113 πρόσκαιρον
1716 4045 1808 4097 καὶ
1839 4045 2038 4117 ἐπίκη-

454 4149 563 4186 nov.
589 4132 671 4185 Τά
700 4132 758 4186 δὲ
784 4133 946 4186 λοιπὰ
981 4133 1075 4187 καί
1105 4134 1137 4205 ὴ
1163 4135 1401 4206 τετάρτη
1435 4135 1546 4188 τῶν
1569 4135 1870 4190 Βασιλειῶν
1899 4139 2034 4209 ἔχει.

464 4228 871 4298 Ἐπιμὲμφεται
908 4227 965 4281 δέ
1011 4228 1161 4299 αὐτῷ
1209 4230 1242 4300 ἡ
1279 4229 1531 4301 ἱστορία,
1575 4230 1656 4284 δτι
1703 4233 1796 4284 καὶ
1839 4231 2036 4286 τοσαύ-

453 4336 547 4390 την
560 4319 605 4353 ⁸³
629 4319 788 4390 νίκην
828 4321 1138 4390 νενικηκὼς
1161 4361 1177 4386 ,
1204 4322 1299 4376 καὶ
1323 4321 1424 4391 τῆς
1455 4322 1770 4393 ἀρρωστίας
1793 4324 2038 4378 ἀπαλλα-

455 4411 570 4480 γεὶς
615 4409 959 4482 παραδόξως,
993 4413 1056 4467 ού
1087 4412 1233 4468 κατά
1282 4413 1342 4467 16
1393 4415 1746 4485 ἀνταπόδομα
1773 4415 1801 4468 ὃ
1835 4417 2037 4470 ἀνταπ-

2135 3220 2254 3291 ipse
2274 3219 2633 3291 cogitationes
2675 3221 2983 3286 hominum,
3013 3221 3106 3290 qui
3141 3217 3385 3275 omnium
3417 3219 3569 3273 solus
3598 3232 3721 3272 cor-

2135 3317 2202 3368 da
2226 3313 2407 3368 novit:
2433 3312 2524 3368 sed
2550 3310 2672 3366 aliis
2687 3327 2749 3366 ea
2773 3311 3110 3382 revelatquae
3133 3310 3348 3366 occulta
3368 3317 3516 3364 sunt.
3545 3307 3721 3362 (Stete-

2135 3419 2258 3458 rum
2285 3404 2624 3474 sepulturam
2660 3401 2890 3472 adcptus
2930 3412 3013 3458 est
3037 3401 3396 3472 splendidam.
3438 3399 3720 3469 Deposue-

2134 3505 2264 3550 runt
2279 3494 2423 3550 enim
2445 3509 2570 3549 eum
2593 3509 2788 3564 magno
2807 3509 2930 3548 cum
2947 3493 3163 3548 honore
3183 3492 3437 3562 etgloria.
3455 3489 3574 3545 Jam
3591 3503 3736 3544 vero.

2137 3586 2402 3641 Manassae
2433 3585 2767 3655 impietatem
2809 3583 3120 3654 Regnorum
3164 3599 3383 3655 quoque
3413 3583 3550 3640 liber
3588 3579 3724 3636 edo-

2137 3681 2269 3732 ruil.
2297 3677 2510 3748 Quippe
2543 3678 2636 3748 qui
2667 3693 2774 3733 non
2800 3677 2976 3732 solum
3003 3676 3201 3747 impios
3233 3690 3386 3745 rcges
3419 3671 3721 3743 superavit,

2138 3769 2302 3841 599
2335 3770 2430 3825 sed
2485 3769 2647 3824 etiam
2701 3781 2914 3839 gentes,
2959 3768 3162 3839 inquit,
3202 3778 3255 3832 ιι,
3302 3780 3442 3838 quas
3497 3763 3727 3824 sustulit

2139 3863 2407 3919 Dominus
2456 3878 2487 3917 a
2531 3862 2668 3917 facie
2695 3861 2931 3916 ﬁliorum
2965 3860 3154 3917 Israel.
3187 3858 3314 3914 Luit
3336 3867 3522 3914 autem
3554 3855 3721 3911 etiam

2139 3973 2330 4030 pmnas
2381 3955 2699 4028 impietatis.
2731 3953 2990 4008 Traditus
3023 3952 3169 4007 enim
3206 3958 3289 4005 est
3320 3947 3433 4018 regi
3466 3945 3734 4017 Assyrio-—

2140 4068 2284 4116 rum,
2315 4051 2639 4118 vinctusque
2669 4047 2723 4102 in
2763 4045 3095 4118 Babylonem
3137 4041 3426 4098 adductus.
3454 4037 3559 4093 Sed
3595 4037 3725 4092 huic

2139 4149 2320 4197 tamen
2349 4137 2738 4195 misericordiae
2767 4134 2946 4190 fontes
2981 4134 3218 4205 abyssus
3239 4128 3594 4200 benignitatis
3620 4127 3725 4180 im-

2140 4233 2370 4303 pertiit:
2430 4249 2449 4283 ‹
2511 4231 2813 4298 Postquam
2865 4226 3033 4293 enim,
3084 4225 3180 4288 ait,
3220 4227 3610 4290 coangustatus
3641 4227 3726 4270 est

2139 4324 2440 4389 Manasses,
2491 4321 2669 4377 oravit
2716 4318 3007 4374 Dominum
3039 4317 3211 4371 Deum
3237 4328 3420 4378 suum,
3449 4319 3502 4365 et
3535 4309 3726 4364 humi-

2140 4417 2306 4473 liatus
2336 4423 2423 4471 est
2457 4413 2614 4470 valde
2649 4425 2834 4469 coram
2865 4409 2976 4466 Deo
3009 4417 3228 4479 patrum
3258 4415 3509 4460 suorum.
3536 4401 3602 4455 Et
3635 4402 3722 4455 de-

456 4497 657 4554 ἐδωκεν
681 4475 1082 4574 αύτῷριος,
1119 4505 1502 4560 άνταπέδωκεν
1524 4506 1569 4538 ⁵⁸
1592 4475 1738 4577 αὐτῷ
1769 4507 2017 4572 Ἐζεκία-ς

2143 4519 2399 4582 precatus
2440 4515 2524 4562 est
2569 4520 2722 4570 eum,
2772 4513 2824 4560 et
2857 4501 3138 4559 exaudivit
3168 4513 3355 4557 vocem
3387 4495 3526 4565 ejus,
3563 4495 3738 4548 redu-

463 4610 482 4644 ι
520 4593 639 4648 ἀλλ’
673 4595 860 4668 ὑψώθη
892 4597 926 4668 ἡ
954 4597 1155 4668 καρδία
1183 4596 1369 4664 αὐτοῦ,
1399 4598 1495 4652 καὶ
1526 4599 1742 4667 ἐγένετο
1773 4599 1912 4672 ὀργὴ
1945 4600 2038 4653 ἐπὶ

469 4684 662 4752 Ἰούδα,
714 4689 810 4742 καὶ
839 4691 935 4743 ἐπὶ
996 4689 1378 4762 Ἰερουσαλὴμ,
1429 4691 1522 4744 καὶ
1565 4689 1652 4744 ἐπ’
1695 4691 1878 4744 αὐτόν.
1927 4692 2037 4744 Καὶ

453 4773 796 4848 ’ἐταπεινώθη
863 4777 1114 4843 Ἐζεκίας
1149 4779 1255 4831 άπὸ
1289 4778 1384 4833 106
1436 4779 1606 4850 ὕψους
1657 4781 1759 4851 τῆς
1809 4779 2036 4850 καρδίας

457 4867 623 4922 αὑτοῦ
643 4908 660 4932 ,
695 4869 860 4933 αὐτὸς
894 4871 986 4924 καλ
1009 4873 1059 4924 οἱ
1092 4872 1477 4936 κατοικοῦντες
1513 4873 1892 4945 Ἰερουσαλήμ.
1925 4872 2037 4925 Καὶ

462 4959 558 5011 ούκ
584 4954 749 5030 ἦλθεν
779 4961 868 5012 ἐπ’
904 4962 1104 5025 αὐτοὺς
1137 4962 1276 5035 ὀργὴ
1310 4963 1519 5035 Κυρίου
1555 4964 1613 5016 ἐν
1647 4965 1769 5025 ταῖς
1801 4963 2040 5034 ἡμέραις

477 5050 738 5115 Ἐζεκίου.
787 5071 806 5106 ι
853 5054 1083 5127 Ἀληθὴς
1129 5056 1237 5128 ἄρα
1273 5057 1302 5111 6
1346 5057 1506 5126 λόγος
1536 5059 1766 5122 ἐκεῖνος,
1795 5055 1876 5110 ὅτι
1916 5073 1934 5107 ‹
1981 5053 2040 5107 ὐ

2146 4603 2330 4672 xitquc
2369 4615 2495 4654 eum
2529 4597 2964 4667 Hierosolymam
2999 4593 3053 4647 in
3084 4605 3311 4662 regnum
3331 4601 3491 4644 suum
3520 4602 3533 4640 :
3559 4595 3612 4642 et
3634 4600 3731 4639 co-

2144 4692 2331 4762 gnovit
2355 4689 2635 4744 Manasses
2675 4689 2819 4758 quod
2846 4683 3247 4753 Dominusipse
3280 4688 3423 4736 esset
3443 4678 3590 4732 Deus
3614 4684 3662 4731 '.
3702 4693 3723 4726 ›

2144 4780 2330 4852 Usque
2354 4782 2490 4835 adeo
2519 4779 2823 4836 volentibus
2845 4775 3066 4847 prodest
3094 4772 3402 4841 castigatio.
3427 4769 3558 4836 Quae
3579 4767 3728 4821 enim

2140 4888 2378 4943 regnans
2426 4887 2536 4926 non
2579 4871 2790 4935 habuit,
2843 4869 2959 4923 haec
2998 4866 3245 4922 serviens
3277 4861 3530 4919 obtinuit.
3565 4861 3728 4913 Post-

2147 4982 2310 5036 quam
2341 4964 2598 5018 nimirum
2635 4962 2897 5016 liberatus
2923 4957 3027 5013 fuit
3048 4957 3380 5020 aservitutc,
3411 4971 3441 5005 ι
3470 4949 3728 5014 Abstulit,

2149 5058 2348 5131 inquit,
2369 5057 2500 5113 deos
2524 5056 2754 5122 alienos,
2778 5067 2834 5110 et
2846 5051 3204 5109 simulacrum
3221 5049 3288 5106 de
3309 5048 3470 5105 domo
3493 5043 3732 5106 Domini,

550 5238 573 5268 '
595 5229 724 5290 Luc.
777 5235 984 5304 xm“.
1064 5237 1084 5273 ⁸
1121 5234 1168 5291 ll
1202 5235 1382 5294 Paral.
1429 5253 1604 5302 xxxii,
1629 5236 1723 5304 50,
1753 5236 1844 5292 51.
1920 5247 1950 5276 ιι
1983 5234 2023 5290 11

2126 5251 2182 5290 .r.
2217 5249 2415 5302 xxx-ut,
2448 5235 2506 5290 9.
2579 5239 2610 5273 ν
2643 5232 2779 5289 ibid.
2819 5231 2918 5300 12,
2957 5233 3047 5289 15ι

1551 5415 1788 5471 νΑιιιιΕ
1828 5413 2222 5472 LECTIO‘NES
2249 5415 2338 5470 ET
2378 5413 2613 5472 ΝΟΤΕ.

530 5566 581 5642 ξ*
611 5567 748 5642 Τοῦ)
782 5569 904 5624 cod.
949 5567 1011 5624 ϐ.
1046 5584 1229 5642 praem.
1259 5575 1346 5642 τῇ.
1380 5570 1468 5642 4⁵³
1506 5571 1702 5628 Θείαν.
1745 5571 1912 5627 Abest
1937 5589 1965 5626 a
1993 5589 2022 5628 c

2151 5571 2215 5628 C.
2292 5573 2338 5604 "
2376 5572 2626 5625 Τούτων.
2659 5569 2784 5625 cod.
2820 5569 2882 5642 C.
2910 5568 3070 5642 τούτο
3145 5567 3188 5598 ⁵⁷
3213 5562 3431 5642 cod.nC.
3466 5562 3734 5642 stvzxe-

466 5637 617 5736 ρείμ.
694 5637 741 5669 ⁵⁸
776 5627 1177 5708 Παραπεσίεῒν.
1213 5627 1331 5696 ουδ’.
1366 5639 1428 5696 C.
1459 5644 1802 5713 περιπεσεῖν.

496 5705 510 5734 ι
549 5707 682 5736 υ..-’
709 5709 893 5736 ..Δηλπ
949 5709 1050 5736 ηιμ.
1101 5709 1152 5736 ε..
1183 5713 1278 5736 nn;
1323 5711 1362 5736 ρ
1424 5724 1545 5736 -..ιη
1582 5713 1802 5736 c.___.:_..

473 5773 537 5831 Β.
561 5777 839 5849 τοιαύτην.
937 5781 980 5811 ⁸⁵
1006 5777 1130 5833 cod.
1155 5777 1215 5834 C.
1244 5780 1460 5836 ἐδωκεν.

496 5637 617 5704 eiu.
694 5637 741 5669 ⁵⁸
776 5629 1177 5708 Παραπεσίεῒν.
1213 5629 1331 5696 ουδ’.
1366 5639 1428 5696 C.
1459 5644 1802 5713 περιπεσεῖν.
1910 5644 1955 5674 ⁵³
1991 5651 2023 5696 Α

496 5705 510 5734 ι
549 5707 682 5734 υ,.-’
711 5709 893 5734 ..Α-..ε
949 5709 1050 5734 n...
1101 5709 1152 5734 ς...
1184 5713 1278 5734 -..Α
1324 5711 1362 5734 n
1424 5724 1543 5734 --.η
1582 5713 1867 5734 c.___.!_.___
1964 5713 2008 5734 ιι-

2126 5642 2209 5721 06:
2243 5642 2744 5734 COli.'C:‘é1\I)‘EOS:'
2799 5641 2843 5672 ⁸ο
2879 5641 3143 5734 Ωρῶτιονέζ
3174 5633 3398 5734 (ἔριζε.
3425 5629 3734 5734 μεεὶρ.

541 5707 914 5783 Mariam-06.
943 5709 1301 5783 _l_)es._in_cot_i_.
1323 5711 1385 5766 (Ζ.
1423 5707 1547 5768 ante
1582 5713 1886 5783 βραχίονες.
1964 5713 2008 5745 ⁶²

2126 5712 2269 5782 μῶν.
2291 5714 2409 5769 col.
2439 5712 2498 5765 (3.
2535 5713 2657 5769 add.
2690 5711 2766 5766 δέ.

2879 5699 3076 5767 δίρυύ.
3105 5708 3166 5763 C.
3193 5699 3443 5772 ἓδειξενί
3531 5703 3577 5735 ⁸⁸
3607 5699 3736 5755 cod.
